4158 6280
289 360 363 413 60
1351 362 1448 413 DE
1483 360 1855 413 MICHAELE
1893 360 2334 415 PMOLOGO
2372 362 2504 413 LIB.
2548 362 2644 413 III.

3586 361 3693 416 610

1922 536 2054 630 Γ’.

295 682 365 736 α’.
396 682 587 741 ’Ὁπως
616 677 831 732 ἐσκόπει
864 680 891 733 ὁ
927 676 1179 751 βασιλεὺς
1204 678 1270 731 τὰ
1298 678 1435 731 κατά
1470 678 1561 731 τὸν
1592 678 1938 753 πατριάρχην
1968 681 2022 747 Α
2050 677 2084 745 ἢ
2145 679 2220 748 μὴ
2258 675 2719 750 μετελευσομένου
2748 679 2838 733 τὸν
2872 681 3275 752 ἁμαρτήσαντα.
3307 683 3387 737 Τὰ
3419 679 3466 735 δ’
3493 682 3566 743 εἰς
3601 705 3697 755 με·

978 767 1277 840 Ἀρσένιον.

373 861 460 929 [Ρ.
496 856 621 929 113]
672 856 732 911 Ὁ
792 852 849 909 δέ
909 852 1163 929 βασιλεὺς
1219 854 1635 928 στοιχιζόμενος
1687 860 1806 919 ταῖς
1864 853 1944 908 έν-

295 946 496 1014 νοίαις,
557 945 633 1006 ὼς
688 941 873 1003 ἄλλως
930 941 1028 997 οὐκ
1083 943 1141 995 ’ὸν
1200 942 1543 1017 πατριάρχου
1594 940 1817 1017 δίχατὰ
1845 950 1945 1012 τῆς

295 1031 626 1102 Ἐχκλησίας
682 1030 974 1100 ἰθύνεσθαι,
1032 1030 1247 1084 ἐσκόπει
1305 1033 1423 1093 καθ’
1482 1032 1665 1085 ἑαυτίν
1715 1036 1833 1091 πῶς
1881 1031 1940 1084 ’ἀν

299 1122 393 1176 καὶ
471 1123 536 1175 τά
609 1119 745 1174 κατά
819 1119 908 1173 τὸν
980 1120 1325 1192 πατριάρχην
1386 1139 1678 1189 κατασταιη
1734 1120 1821 1173 καὶ
1878 1122 1945 1174 τὰ

297 1210 437 1265 κατά
462 1210 683 1284 γνώμην
736 1203 947 1277 ἐκϐαίη,
1004 1208 1226 1282 θατέρου
1270 1205 1315 1260 δ’
1345 1205 1704 1277 εὖοδήσαντος
1754 1208 1797 1262 εἷ
1849 1209 1943 1271 θά-

299 1321 457 1373 τερον
517 1295 891 1365 ἀπολείποιτο,
949 1297 1010 1350 τὸ
1058 1302 1160 1349 πᾶν
1224 1295 1284 1349 ἂν
1341 1295 1607 1369 χωλεύειν
1651 1297 1940 1370 ἀναγκαῖον

294 1391 505 1461 ἡγεῖτο.
556 1384 682 1442 Εἴτε
730 1385 833 1460 γάρ
884 1384 1242 1446 καταστάντος
1288 1389 1384 1438 τοῦ
1414 1386 1757 1460 πατριάρχου
1785 1385 1944 1447 αὐτὸς

296 1475 654 1548 ἐμποδίζοιτο
697 1480 816 1535 ταῖς
870 1474 1216 1548 βουλήσεσιν,
1249 1472 1336 1528 ἐπὶ
1374 1475 1651 1547 μεγίστοις
1699 1475 1941 1548 ἀτυχεῖν

295 1564 402 1619 εἴτ’
456 1563 695 1624 ἀπόντος
753 1561 955 1617 ἐκείνου
1014 1562 1175 1625 αὐτὸς
1201 1563 1270 1616 τὰ
1297 1564 1433 1616 κατὰ
1474 1562 1738 1637 βούλησιν
1771 1564 1941 1636 πράτ-

292 1674 403 1720 τοι,
435 1656 543 1706 τῶν
576 1652 713 1725 πρὸς
736 1652 902 1705 αὐτοῦ
937 1650 1028 1721 μὲν
1062 1650 1261 1718 ἥκιστα
1301 1651 1648 1722 ἁμαρτάνειν,
1698 1650 1943 1713 πολλοὺς

297 1739 357 1795 δὶ
411 1738 826 1811 συμπλέκοντας
897 1742 1065 1792 ταῦτα
1136 1741 1215 1809 τῷ
1271 1739 1391 1811 περὶ
1445 1738 1534 1792 τὸν
1594 1740 1939 1814 πατριάρχην

296 1824 563 1900 συμϐάντι
625 1829 698 1889 ὡς
771 1826 869 1881 οὐκ
936 1824 1160 1887 ἐνδίκως
1218 1827 1622 1901 ἀπρακτοῦντος
1682 1829 1942 1902 μεγίστην

292 1917 465 1989 α’ίρειν
496 1918 597 1984 τὴν
626 1917 901 1989 ταραχὴν,
954 1914 1045 1968 καὶ
1092 1920 1370 1989 προσεῖναι
1410 1916 1470 1968 τὸ
1503 1913 1757 1989 εὔλογον,
1792 1917 1864 1978 ὡς
1897 1917 1942 1971 εἷ

294 2012 477 2077 παρῆν
500 2005 737 2069 πάντως,
790 1999 1044 2073 ἐμποδὼν
1092 2001 1152 2055 ’ἀν
1202 2002 1403 2056 ἐκεῖνον
1441 2010 1629 2071 στῆναι
1682 2009 1800 2065 ταῖς
1826 2003 1942 2057 ἐπι-

292 2100 493 2155 νοίαις.
525 2096 636 2146 Νῦν
668 2089 725 2145 δὲ
753 2090 1193 2163 προαιρουμένου
1249 2094 1344 2144 τοῦ
1406 2090 1673 2165 βασιλέως
1702 2112 1939 2166 παρανο-

307 2188 455 2254 μεῖν,
498 2178 839 2253 παρανόμοις
882 2177 1077 2239 ἂλλαις
1125 2180 1319 2251 ἀργαῖς
1380 2180 1742 2253 συμπέρασμα
1771 2181 1945 2251 παρά-

298 2290 474 2341 νομον
508 2268 856 2341 ἐπεισῆχθαι,
909 2268 983 2327 ὡς
1028 2266 1116 2320 καὶ
1173 2268 1264 2321 τὸν
1314 2268 1659 2342 πατριάρχην
1703 2269 1946 2341 παραλο-

298 2359 555 2432 γίσασθαι
603 2356 693 2410 καὶ
741 2356 832 2409 τὸν
888 2352 1113 2428 βασιλέα
1158 2355 1435 2430 πτερνίσαι
1483 2361 1601 2416 ταῖς
1640 2357 1705 2410 οὐ
1753 2355 1944 2416 καλαῖς

294 2446 425 2520 περί
458 2446 518 2498 τὸ
551 2449 704 2498 Θεῖον
741 2442 1101 2515 ὑπολήψεσιν,
1134 2443 1208 2506 ὡς
1236 2442 1497 2512 ἐκείνουῆ
1534 2445 1608 2515 μὴ
1642 2443 1945 2521 ἐφορῶντος

2052 764 2229 841 γάλην
2286 766 2419 820 εἶναί
2470 767 2521 820 οἱ
2576 769 2674 835 τήν
2729 772 2997 843 ταραχήν,
3056 770 3129 829 ὡς
3158 770 3248 822 καὶ
3277 768 3523 825 κίνδυνον
3555 772 3693 826 ὑπο-

2050 859 2307 917 νοεῖσθαι.
2365 856 2521 907 Ταῦθ’
2580 856 2605 908 ὁ
2682 860 2887 928 κρατῶν
2971 856 3325 931 λογιζόμενος
3412 858 3689 914 συνάπτειν

2050 942 2215 1011 ἤθελε
2262 945 2328 997 τὰ
2376 942 2671 1014 ἀσύναπτα,
2718 946 2815 1014 τήν
2860 966 2918 998 τε
2965 949 3061 998 τοῦ
3092 949 3437 1020 πατριάρχου
3482 949 3689 1002 ἀποκα-

2050 1033 2302 1085 τάστασιν
2360 1033 2447 1084 καὶ
2496 1033 2593 1099 τὴν
2648 1037 2744 1085 τοῦ
2789 1033 3017 1107 γνησίου
3080 1033 3348 1106 βασιλέως
3407 1037 3686 1108 απραξίαν·

2048 1120 2114 1173 τὰ
2173 1116 2219 1172 δ’
2278 1119 2411 1187 ἦσαν
2461 1120 2615 1173 λίνον
2677 1122 2751 1192 μὴ
2814 1119 2952 1193 λίνῳ
2995 1120 3383 1194 συγκλώθοντα
3412 1128 3686 1198 πράττειν.

2050 1210 2223 1282 Ἔγνω
2273 1213 2401 1281 γοῦν
2452 1213 2733 1283 πειρᾶσθαι
2772 1214 2868 1262 τοῦ
2918 1212 3281 1285 πατριάρχου,
3333 1213 3374 1266 εἰ
3410 1212 3550 1266 οὕτω
3580 1218 3687 1267 τῶν

2049 1296 2183 1349 κατά
2223 1297 2313 1350 τὸν
2360 1296 2612 1366 Ἰωάννην
2668 1297 2904 1371 ἐχόντων
2947 1298 3349 1371 ἀπηρτημένως
3379 1301 3551 1371 πάντη
3597 1303 3687 1356 καὶ

2050 1383 2344 1457 ἀνειμένως
2403 1384 2563 1445 αὐτὸς
2604 1386 2885 1439 κατανεόοι
2931 1387 3030 1453 τὴν
3081 1386 3155 1447 εἰς
3201 1388 3300 1455 τὴν
3352 1388 3515 1442 πόλιν
3548 1388 3688 1443 εἷ’σο-

2051 1470 2165 1543 δον,
2219 1474 2354 1547 πρὸς
2413 1471 2469 1527 δὲ
2514 1473 2601 1527 καὶ
2652 1475 2750 1541 τὴν
2802 1474 3125 1544 προστασίαν
3179 1482 3278 1544 τῆς
3339 1476 3690 1548 Ἐκκλησίας,

2048 1562 2136 1615 καὶ
2187 1563 2393 1635 στέφειν
2424 1562 2574 1619 αὖθις
2625 1561 2827 1616 ἐκεῖνον
2885 1564 3183 1637 βασιΛικῶς
3230 1565 3365 1617 κατά
3410 1566 3471 1619 τὸ
3512 1563 3691 1619 δεύτεο

2052 1671 2146 1725 ρον
2204 1656 2523 1725 προαιροῖτο
2582 1651 2667 1704 ἐπὶ
2725 1658 2825 1720 τῆς
2884 1651 3101 1713 πόλεως
3153 1652 3438 1727 (εἶναιγὰρ
3471 1654 3561 1707 καὶ
3593 1653 3691 1709 ἄλ-

2050 1737 2163 1799 λως
2223 1736 2429 1791 δίκαιον
2500 1740 2732 1811 πρώτως
2794 1738 3113 1813 εἷ’σαχθέντα
3166 1741 3256 1793 καὶ
3314 1746 3531 1816 πρῶτον
3582 1748 3688 1796 τῶν

2054 1825 2316 1900 βασιλέων
2378 1828 2701 1901 στέφεσθαι),
2762 1829 2834 1889 ὡς
2894 1828 2939 1881 εἰ
2994 1826 3169 1898 διδοίη
3231 1834 3394 1883 ταῦτα
3442 1830 3689 1886 καὶτᾶπὶ

2047 1915 2261 1975 τούτοις
2310 1914 2568 1987 ἐλπίζειν,
2621 1917 2693 1977 ὡς
2740 1915 3076 1991 ἐφησυχάσοι
3107 1920 3481 1992 πραχθέντων.
3533 1921 3694 1991 Τρισὶ

2051 2000 2097 2056 δ’
2147 2002 2283 2074 ᾤετο
2315 2002 2517 2057 πείσειν
2567 2009 2792 2058 τοιαῦτα
2841 2005 3091 2078 λέγοντα,
3153 2010 3228 2076 τῷ
3276 2027 3332 2060 τε
3384 2007 3693 2079 μεμαλακίς

2050 2093 2169 2144 σθαι
2226 2096 2419 2145 τοῦτον
2468 2096 2545 2163 τῷ
2588 2092 2774 2167 χρόνῳ
2825 2092 2876 2146 ἐν
2929 2093 3237 2167 ὑπερορίαις
3290 2093 3562 2169 διάγοντα,
3618 2102 3696 2167 τῷ

2055 2200 2114 2233 τε
2144 2177 2369 2233 δεδιέναι
2421 2181 2495 2251 μὴ
2544 2182 2634 2233 καὶ
2683 2180 2833 2243 αὖθις
2866 2182 3219 2255 ἁντικαταστῇ
3254 2181 3444 2251 ἄλλος,
3476 2186 3693 2259 γεγονὸς

2055 2267 2142 2321 καὶ
2176 2266 2257 2321 ἐπ’
2308 2267 2464 2340 ἄλλῳ
2508 2266 2638 2337 ἤδη,
2688 2269 2776 2322 καὶ
2827 2270 2993 2342 τρίτῳ
3038 2275 3115 2340 τῷ
3144 2270 3378 2345 ἀνάγκην
3429 2273 3557 2326 εἶναι
3606 2273 3696 2327 καὶ

2056 2355 2212 2409 αὐτὸν
2247 2356 2366 2431 ἐρᾷν
2394 2363 2495 2425 τῆς
2534 2354 2816 2432 πατρίδος,
2860 2358 2926 2425 ἧς
2977 2356 3234 2413 ἀδύνατον
3282 2355 3557 2429 ἐπιϐῆναι,
3606 2363 3697 2416 καὶ

2050 2448 2214 2497 ταῦτα
2268 2446 2383 2517 μεθ’
2435 2446 2734 2519 ὑπερτάτης
2779 2453 2946 2519 τιμῆς
2991 2468 3049 2501 τε
3094 2449 3183 2502 καὶ
3242 2446 3402 2518 δόξης
3449 2450 3532 2519 [Ρ.
3565 2453 3708 2530 illi}

1920 2572 2080 2664 III.

306 2730 362 2782 1.
391 2724 532 2793 Quid
559 2721 778 2780 consilii
799 2724 1006 2793 ceperit
1034 2729 1333 2786 zmperalov
1392 2722 1541 2777 circa
1567 2722 1947 2793 patriarcham

977 2794 1145 2848 Arsen
1156 2795 1292 2847 ium.

392 2906 464 2955 At
488 2901 795 2970 imperator
824 2898 1028 2953 multis
1061 2898 1320 2969 undique
1360 2899 1812 2970 cogitationibus
1843 2917 1946 2955 oc-

319 2991 689 3048 currentibus
714 2988 948 3043 tandem
1002 2987 1333 3057 intelligens
1386 2988 1509 3043 fieri
1542 3005 1655 3042 non
1690 3006 1859 3059 posse
1890 2993 1953 3044 ut

316 3096 414 3134 res
450 3078 705 3132 Ecclesia
736 3077 864 3131 sine
896 3074 1229 3146 patriarcha
1266 3080 1776 3145 componerentur,
1810 3077 1952 3131 deli-

312 3168 557 3224 berabat
584 3181 782 3221 secum
814 3181 928 3235 quo
957 3171 1119 3234 pacto
1151 3169 1606 3233 consequeretur
1636 3170 1700 3219 ut
1729 3170 1784 3219 et
1832 3166 1955 3221 sedi

311 3254 546 3310 vacanti
578 3254 817 3308 daretur
846 3251 1178 3323 patriarcha
1206 3255 1263 3305 et
1294 3251 1473 3305 simul
1496 3252 1605 3306 sibi
1631 3269 1697 3307 ex
1725 3259 1954 3309 senten-

312 3346 400 3400 tia
433 3343 727 3399 destinata
755 3340 1153 3412 procederent.
1186 3344 1333 3395 Nam
1368 3342 1574 3396 horum
1627 3341 1875 3397 alterum
1910 3344 1958 3396 si

317 3433 675 3497 succederet,
710 3430 892 3485 altero
922 3429 1241 3497 deﬁciente,
1275 3427 1739 3484 claudicaturum
1770 3448 1963 3486 neces-

321 3522 476 3578 sario
509 3523 727 3575 statum
762 3533 932 3572 suum
967 3515 1319 3588 providebat.
1359 3517 1581 3589 Quippe
1612 3520 1661 3573 si
1695 3519 1963 3574 restituto

322 3607 657 3682 patriarcha
686 3605 810 3676 ipse
842 3605 1246 3676 prohiberetur
1287 3606 1523 3676 exsequi
1580 3608 1729 3678 quod
1765 3608 1962 3662 decre-

324 3704 541 3762 verat,e
570 3694 836 3750 maximis
867 3709 929 3747 se
960 3694 1177 3765 spebus
1207 3693 1285 3747 im
1321 3710 1425 3763 par
1457 3695 1757 3765 lapsurum
1791 3696 1965 3750 infor-

319 3787 559 3842 tunium
586 3784 997 3840 exhorrescens
1027 3781 1335 3851 cogitabat:
1371 3782 1460 3836 sin
1492 3782 1689 3837 relicto
1720 3783 1817 3838 illo
1868 3783 1965 3837 ubi

325 3881 475 3939 erat,
506 3873 631 3944 ipse
661 3888 763 3943 per
793 3887 919 3925 sese
949 3886 1076 3939 qua:
1107 3870 1280 3924 vellet
1309 3870 1628 3938 efficeret,1
1646 3872 1742 3925 70
1763 3871 1965 3942 ingen-

326 3971 452 4019 tem
474 3980 535 4017 se
557 3961 895 4016 subiturum
918 3958 1196 4012 invidiam
1220 3961 1277 4011 et
1298 3958 1592 4028 erupturis
1620 3958 1756 4013 inde
1779 3959 1967 4014 assul-

326 4053 491 4107 tibus
523 4050 613 4103 vix
648 4063 844 4119 parem
876 4047 1137 4100 futurum
1158 4046 1781 4117 reputabat,siquidem
1805 4047 1965 4101 habi-

328 4149 494 4197 turos
520 4154 722 4210 parum
749 4137 1073 4205 sibizequos
1092 4134 1969 4204 plurimos,rebusimminentes

327 4230 519 4294 novis,
552 4227 883 4298 speciosum
917 4227 1255 4293 praetextum
1283 4223 1485 4277 validae
1518 4223 1832 4278 conflandaa
1884 4226 1968 4279 fa-

328 4316 563 4381 ctionis,
597 4310 965 4369 obtendendo
994 4308 1265 4364 videlicet
1292 4310 1515 4365 arcanis
1537 4310 1802 4365 odiorum
1835 4328 1971 4365 cau-

330 4406 439 4473 sis,
474 4403 639 4458 livori
670 4405 727 4457 et
757 4398 1078 4466 ambitioni,
1112 4398 1342 4468 publice
1373 4398 1663 4468 plausibili
1688 4401 1815 4453 etin
1840 4417 1969 4472 spe-

332 4495 484 4549 ciem
517 4490 785 4561 religioso
815 4487 936 4543 zelo
966 4486 1299 4541 vindicandi
1333 4488 1403 4542 ab
1436 4487 1651 4557 injuria
1710 4497 1761 4544 et
1808 4506 1971 4559 repo-

334 4581 510 4637 nendi
541 4581 599 4634 in
630 4579 907 4632 thronum
939 4583 1197 4646 ereptum
1250 4576 1572 4631 exsulantis
1628 4577 1750 4632 sine
1798 4594 1975 4632 causa

336 4667 702 4741 patriarchae,
736 4682 801 4720 ac
830 4662 1224 4719 verisimiliter
1246 4665 1520 4733 jactando
1570 4665 1823 4720 voluisse
1869 4666 1977 4720 im-

337 4763 668 4831 peratorem
698 4771 762 4809 eo
795 4752 993 4825 procul
1025 4751 1289 4807 habendo
1322 4769 1588 4807 amovere
1621 4770 1652 4807 a
1683 4770 1744 4808 se
1793 4753 1973 4809 mole-

2056 2722 2393 2793 declararet,
2423 2724 2638 2795 quippe
2669 2740 2841 2795 quem
2872 2725 3168 2781 videretur
3197 2726 3419 2797 opinari
3452 2731 3553 2782 aut
3583 2745 3698 2783 non

2055 2811 2251 2866 videre
2284 2828 2409 2882 qua:
2435 2812 2492 2866 in
2523 2812 2718 2882 ipsum
2749 2818 3085 2883 peccantur,
3141 2818 3241 2869 aut
3288 2815 3593 2870 connivere
3626 2818 3697 2870 ad

2060 2901 2300 2965 scelera,
2336 2901 2519 2970 pmnis
2544 2916 2744 2956 eorum
2778 2918 3075 2971 nunquam
3100 2903 3448 2973 repetendis.
3474 2903 3705 2966 Quibus

2062 3004 2129 3042 ex
2158 2988 2332 3043 rebus
2362 2987 2451 3041 vel
2484 2988 2717 3059 propria
2747 2989 3158 3059 probabilitate
3188 2990 3275 3045 vel
3310 2991 3571 3046 artiﬁciis
3598 2992 3700 3046 ad-

2063 3075 2421 3130 versantium
2455 3076 2669 3147 populo
2704 3076 3000 3146 persuasis
3049 3078 3363 3133 maximam
3421 3079 3700 3134 orituram

2066 3165 2559 3235 perturbationem
2596 3164 2784 3234 palam
2817 3170 2964 3233 erat,
2996 3170 3235 3236 tamque
3266 3173 3427 3222 atrox
3456 3167 3704 3221 excitan-

2068 3253 2206 3306 dum
2241 3253 2545 3307 discordiae
2575 3253 2761 3308 civilis
2796 3253 3154 3322 incendium,
3206 3271 3320 3325 quo
3382 3255 3704 3323 periculum

2070 3345 2223 3395 esset
2255 3358 2327 3395 ne
2350 3345 2521 3410 caput
2554 3357 2618 3395 ac
2661 3341 2884 3396 familia
2940 3343 3129 3414 ipsius
3184 3343 3362 3398 simul
3395 3361 3525 3398 cum
3578 3345 3709 3415 ipsa

2074 3428 2371 3499 republica
2387 3428 2789 3500 conflagraret.
2807 3429 2964 3485 Talia
2984 3436 3263 3501 reputans
3280 3432 3710 3501 formidansque

2075 3517 2391 3587 imperator
2412 3525 2753 3574 connectere
2768 3520 3347 3588 insociabiliavoluit,
3364 3522 3708 3591 patriarchas

2073 3605 2341 3663 videlicet
2370 3606 2794 3662 restitutionem
2819 3612 2875 3662 et
2907 3610 3441 3664 exauctorationcm
3463 3609 3711 3680 legitimi

2075 3692 2377 3764 principis.
2411 3698 2530 3747 Hoc
2570 3698 2762 3748 autem
2796 3701 2920 3750 erat
2953 3696 3125 3751 telam
3160 3702 3350 3752 texere
3383 3697 3500 3752 lino
3522 3698 3708 3753 linum

2076 3781 2626 3852 nonjungendo,sed
2652 3782 3027 3838 diversasnec
3050 3789 3258 3838 natura
3281 3785 3635 3840 cohaerentes
3652 3788 3708 3840 in

2077 3886 2259 3924 unum
2320 3874 2539 3924 stamen
2592 3868 2868 3924 intricare
2922 3872 3211 3925 materias.
3253 3874 3366 3927 lloc
3416 3873 3712 3942 proposito

2077 3974 2388 4028 aggressus
2420 3961 2551 4012 ante
2585 3958 2782 4011 omnia
2812 3961 2900 4012 est
2953 3963 3173 4013 tentare
3213 3960 3553 4030 patriarchae
3586 3961 3715 4014 ani-

2078 4062 2261 4110 mum,
2295 4046 2502 4116 ecquid
2537 4045 2874 4115 persuaderi
2910 4046 3032 4100 seni
3069 4052 3267 4117 posset
3300 4052 3364 4100 ut
3393 4047 3611 4102 relictis
3654 4048 3712 4102 in

2077 4150 2365 4205 suspenso
2398 4138 2454 4187 et
2485 4134 2543 4187 in
2576 4133 2818 4199 incerto,
2853 4134 2934 4187 uti
2967 4141 3104 4188 tunc
3135 4140 3317 4199 erant,
3349 4136 3590 4191 Joannis
3614 4153 3718 4206 pu-

2079 4222 2197 4293 pilli
2220 4222 2616 4291 rebus,venire
2640 4222 2764 4292 ipse
2787 4222 2843 4276 in
2872 4223 3073 4276 urbem
3095 4230 3396 4293 annuerel,
3421 4239 3487 4278 ac
3507 4226 3715 4279 throno

2078 4308 2453 4379 patriarchali
2480 4310 2538 4362 in
2571 4326 2677 4364 sua
2696 4326 2832 4364 vera
2854 4309 3153 4379 metropoli
3185 4326 3502 4364 conscenso
3533 4311 3716 4365 emol-

2079 4397 2170 4452 liri
2202 4414 2261 4451 se
2294 4402 2585 4467 pateretur
2634 4399 2702 4452 ad
2764 4414 2892 4453 sese
2940 4399 3337 4453 coronandum
3394 4398 3473 4453 ibi
3526 4400 3717 4454 denuo

2081 4503 2292 4557 pompa
2323 4490 2379 4539 et
2408 4487 2753 4541 czeremonia
2775 4486 3343 4541 solemnissima.Nec
3371 4488 3718 4555 desperabat

2082 4591 2200 4630 rem
2233 4574 2344 4645 ipsi
2380 4574 2609 4643 probari
2641 4590 2828 4643 posse,
2863 4574 3148 4644 quidquid
3172 4576 3317 4628 171
3354 4574 3499 4630 alias
3531 4575 3589 4629 in
3623 4592 3723 4631 co-

2082 4663 2384 4718 ronatione
2417 4667 2819 4733 repugnasset,
2856 4662 3131 4730 quoniam
3164 4679 3342 4717 causa
3398 4680 3554 4717 nunc
3598 4670 3723 4718 erat

2084 4753 2313 4818 idonea,
2345 4754 2408 4804 ut
2444 4750 2541 4819 qui
2575 4750 2732 4820 prior
2781 4749 3198 4819 imperatorum
3259 4751 3317 4805 in
3351 4752 3555 4806 urbem
3589 4754 3722 4807 suis

340 4856 495 4903 stum
529 4843 838 4909 arbitrum,
871 4857 1042 4911 quem
1079 4840 1222 4895 satis
1254 4847 1452 4895 nosset
1500 4840 1653 4894 haud
1712 4858 1970 4912 unquam
2000 4844 2047 4906 D
2082 4843 2256 4896 unius
2286 4839 2565 4911 auspiciis
2584 4843 2814 4909 captam
2846 4840 3183 4911 intraverat,
3216 4841 3374 4911 prior
3390 4842 3724 4912 quoqueibi

338 4935 745 5005 acquieturum
777 4929 1024 5001 ingratis
1053 4930 1180 4999 ejus
1211 4933 1267 4982 et
1288 4928 1526 4999 injustis
1550 4929 1973 4991 molitionibus.

341 5028 401 5078 et
431 5020 711 5094 quoniam
744 5021 1122 5090 praeoptasset
1147 5016 1513 5087 illegitimam
1576 5019 1976 5075 monarchiam

338 5111 601 5182 legitimo
624 5106 862 5175 collegio
885 5122 1167 5175 supremae
1197 5104 1978 5174 potestatis,ecclesiasticum

343 5215 576 5270 quoque
606 5211 947 5266 supremum
983 5194 1392 5264 magistratum
1449 5192 1820 5263 illegitimum
1854 5212 1978 5251 ma-

341 5289 548 5351 luisse,
583 5284 861 5355 quoniam
892 5299 957 5336 ex
989 5297 1077 5347 eo,
1109 5298 1240 5335 cum
1278 5281 1408 5336 talis
1429 5284 1978 5354 esset,sul1‘ragatio-

344 5392 482 5431 nem
514 5376 569 5428 in
602 5388 775 5428 suum
802 5370 912 5441 ipsi
944 5369 1195 5424 similem
1250 5375 1579 5440 sperasset;
1642 5388 1706 5425 ac
1764 5373 1984 5443 duplici

345 5470 595 5534 utraque
609 5458 1252 5526 scelestissimainjuria
1266 5458 1747 5513 consciscendain
1765 5466 1982 5530 patrem

343 5567 675 5614 sacrorum,
699 5564 868 5619 quem
894 5547 1390 5613 circumvenisset,
1413 5546 1471 5601 in
1504 5546 1789 5617 pupillum
1822 5551 1983 5619 prin-

342 5643 557 5714 ripam,
593 5653 767 5710 quem
791 5634 1244 5706 supplantasset,
1273 5634 1423 5689 male
1452 5652 1514 5689 se
1544 5636 1613 5690 de
1635 5636 1749 5691 Deo
1773 5640 1987 5695 sentire

2086 4934 2478 4985 coronaretur.
2498 4929 2631 4991 Quae
2655 4927 2701 4981 si
2725 4928 2797 4981 ab
2833 4929 3072 4983 Arsenio
3091 4930 3563 5001 impctrarentur,
3589 4948 3725 5003 spes

2086 5024 2206 5073 erat
2235 5017 2292 5071 in
2329 5016 2459 5070 aliis
2506 5032 2737 5087 quoque
2787 5033 3182 5083 assensurum,
3247 5035 3310 5072 ac
3341 5035 3473 5074 cum
3536 5020 3724 5074 forent

2091 5110 2417 5176 perpetrata
2446 5121 2569 5175 quae
2591 5104 2906 5176 imperator
2938 5106 3280 5175 destinarat,
3308 5107 3473 5162 factis
3494 5109 3723 5177 acquie-

2091 5202 2310 5249 turum.
2336 5195 2477 5248 Tres
2502 5198 2692 5247 autem
2720 5210 2917 5247 secum
2942 5199 3217 5265 reputans
3238 5196 3561 5265 reperiebat
3591 5213 3727 5250 cau-

2092 5301 2209 5348 sas,
2243 5300 2369 5354 quae
2401 5282 2513 5354 ipsi
2539 5283 2892 5353 sperandum
2924 5284 3237 5337 suaderent
3266 5284 3386 5337 fore
3417 5300 3571 5337 nunc
3606 5287 3733 5339 exo-

2094 5375 2426 5430 rabiliorem
2461 5373 2518 5426 in
2552 5373 2641 5426 his
2693 5389 2867 5443 quam
2929 5377 3097 5427 antea
3148 5374 3479 5427 Arsenium.
3536 5375 3730 5428 Prima

2094 5468 2234 5528 erat,
2259 5462 2409 5532 quod
2431 5466 2583 5516 esset
2603 5462 2923 5516 verisimile
2947 5463 3154 5516 taedere
3182 5462 3372 5531 ipsum
3397 5461 3582 5516 exsilii
3608 5467 3727 5516 tam

2093 5552 2274 5621 longi,
2308 5565 2490 5621 eoque
2520 5549 2691 5603 taedio
2718 5548 3042 5603 emollitum
3067 5549 3136 5602 ad
3162 5548 3410 5603 libenter
3432 5549 3731 5619 paciscen—

2096 5641 2233 5694 dum
2267 5639 2336 5693 de
2368 5637 2575 5692 reditu.
2611 5637 2991 5708 Altera,quod
3013 5637 3106 5690 vix
3127 5641 3281 5691 esset
3306 5637 3553 5693 dubium
3585 5638 3729 5709 quin
