4162 6292
460 362 559 415 (ill

1761 359 2057 414 GEORGII
2095 359 2553 414 PACHYMRRIE

3745 359 3851 412 612

467 488 542 557 μὴ
593 485 740 545 ταῦθ’
800 481 1227 557 ὑπισχνούμενον
1262 480 1514 535 ἐκτελεῖν.
1565 482 1629 535 Εἰ
1682 480 1737 536 δέ
1765 503 1825 556 γε
1859 483 1932 553 μὴ
1982 480 2098 535 πεί·
2130 483 2185 549 Α,
2213 481 2287 545 ὠς
2315 485 2475 536 τοῦτο
2512 481 2605 553 μἐν
2652 480 3260 552 προσαναπαυσὸμενος,
3318 484 3479 535 τοῦτο
3507 479 3563 535 δὲ
3614 483 3701 536 καὶ
3756 483 3852 546 τὰς

464 586 635 638 θοιτο,
698 568 953 644 αὔταρκες
1011 571 1147 645 πρὸς
1203 571 1405 624 ἐκεῖνον
1466 570 1601 623 εἷναί
1660 571 1709 623 o't
1766 570 1829 623 τὸ
1860 570 2101 639 ἀξιῶσαι.

461 660 738 720 Τοιούτοις
788 663 1071 734 τοιγαροῦν
1128 658 1154 710 ὁ
1208 657 1506 731 βασιλεύων
1559 659 1969 732 συγκροτηθεῖς,
2028 656 2105 711 ἔτι

458 756 565 806 τῶν
595 745 894 824 ἀρχιερέων
945 744 1379 824 διαφωνούντων,
1426 748 1776 819 προστίθεται
1824 746 1913 800 καὶ
1944 746 2104 808 αὐτὸς

456 846 575 899 τοῖς
632 837 833 892 ἐκεῖνον
888 834 1303 912 ψηφιζομένοις,
1360 836 1449 888 καὶ
1502 833 1830 910 ἆμφιῤῥέπει
1880 834 1947 887 τὰ
1972 831 2104 906 τῇδε

462 927 839 1003 προστιθέντος
894 929 989 978 τοῦ
1051 922 1337 999 βασιλέως.
1398 924 1626 997 Θάτερον
1689 920 1745 976 δὲ
1805 924 1967 996 μέρος
2028 922 2103 983 ὡς

462 1019 752 1084 ἀσθενῆσαν
811 1013 1044 1075 ἐντεῦθεν
1121 1011 1595 1087 συγκατακλίνεται
1630 1058 1644 1081 ,
1716 1011 1807 1064 καὶ
1887 1008 2099 1081 μᾶλλον

463 1106 551 1160 ὅτε
599 1104 683 1159 ἐπὶ
738 1102 926 1178 ῥητοῖς
977 1101 1113 1174 πρὸς
1166 1100 1432 1175 βασιλέως
1473 1100 1691 1168 καὶτῆς
1724 1098 1949 1153 συνόδου
2004 1120 2100 1153 κα-

458 1194 631 1249 λοῖτο.
682 1194 781 1247 Ἠν
828 1190 931 1263 γὰρ
979 1190 1068 1243 καὶ
1125 1190 1310 1249 αὐτοῖς
1358 1186 1509 1249 ἰδίως
1558 1187 2096 1260 προσαπαιτοῦμενον

456 1283 790 1354 ἀμνημονεῖν
851 1280 943 1349 μέν
996 1299 1141 1353 σφισι
1184 1284 1286 1345 τῆς
1334 1276 1441 1331 εἶ’τε
1484 1276 1805 1350 προπετείας
1839 1274 1932 1329 εἶτ’
1981 1273 2100 1329 ἀδι-

455 1371 575 1431 κίας
622 1369 734 1443 χρὴ
787 1367 985 1440 λέγειν,
1031 1367 1119 1420 καὶ
1177 1365 1480 1440 παραυτίκα
1529 1370 1810 1418 κοινωνεῖν
1872 1362 2101 1427 ἐκείνοις

455 1463 562 1512 τῶν
594 1458 754 1531 ἰερῶν
784 1456 871 1509 καὶ
904 1454 1030 1514 τοὺς
1062 1454 1207 1527 παρά
1254 1458 1350 1507 τοῦ
1398 1454 1715 1529 Νικηφόρου
1769 1472 2097 1526 χειροτονη-

457 1548 639 1610 θέντας
671 1542 943 1618 δέχεσθαι,
975 1542 1063 1597 καὶ
1112 1544 1187 1613 μὴ
1249 1541 1453 1615 σχίζειν
1510 1543 1608 1609 τήν
1668 1539 1991 1609 Ἐκκλησίαν
2040 1538 2099 1594 ἔκ

453 1655 595 1695 τινος
656 1631 1023 1706 μικροψυχίας
1084 1628 1289 1701 μηδένα
1346 1628 1583 1701 ἐχούσης
1638 1629 1853 1702 καιρόν.
1914 1631 2099 1684 Ταῦτα

455 1722 727 1785 συνθέντες
770 1716 1165 1773 ἀποστέλλουσι
1224 1717 1349 1778 τοὺς
1410 1715 1871 1790 ἀπαγγελοῦντας.
1932 1717 1993 1771 Ὀ
2051 1712 2097 1769 δ’

456 1812 529 1874 ὡς
558 1808 759 1879 ἤκουσε
786 1812 891 1861 τῶν
924 1805 1373 1879 διαμηνυμάτων,
1405 1810 1620 1878 πρῶτον
1671 1806 1764 1876 μὲν
1815 1804 2097 1879 ἐσχετκιά-

457 1907 538 1968 ζεν
572 1900 614 1952 εἷ
645 1898 870 1952 καλοῖτο
902 1895 1439 1970 προσαπαιτούμενος
1487 1894 1576 1948 καὶ
1612 1896 1686 1965 μή
1720 1891 2092 1967 παρακαλοῖτο

457 1986 786 2061 συγγνώμην
840 1990 947 2038 τῶν
1006 1983 1409 2056 ἡμαρτημένων
1469 1988 1808 2057 παρασχεῖν·
1873 1982 1935 2035 τὸ
1998 1982 2092 2053 μὲν

455 2079 553 2151 γὰρ
609 2073 811 2129 δίκαιον
872 2072 1107 2146 ἐχόντων
1161 2072 1239 2148 ἐφ’
1297 2074 1379 2132 οἷς
1438 2066 1663 2143 ἔπραξαν
1718 2072 1870 2139 εἶναι,
1927 2069 1989 2123 τὰ
2049 2069 2094 2123 δ’

458 2164 806 2237 ἁμαρτόντων
841 2206 851 2218 .
935 2164 1123 2232 ’Ὁμως
1203 2160 1694 2233 παρακαλούμενος
1781 2156 2094 2231 ἐπραΰνετο,

456 2254 545 2308 καὶ
596 2250 815 2323 ἕτοιμος
846 2253 910 2318 ἧν
958 2250 1093 2323 πρὸς
1121 2250 1183 2302 τὸ
1213 2253 1585 2322 προσχωρεῖν.
1639 2245 1793 2315 Πλὴν
1825 2246 1963 2319 πεζῇ
1993 2248 2092 2313 τὴν

456 2340 677 2416 πορείαν
710 2340 907 2403 ἐκεῖθεν
937 2336 1207 2408 διηνυκὼς
1249 2335 1299 2389 ἐν
1357 2341 1475 2398 τοῖς
1530 2334 1813 2411 Ῥουφίνου
1869 2334 2093 2409 γίνεται,

458 2542 742 2596 metueret
772 2552 842 2591 ne
874 2534 1025 2589 alius
1078 2534 1137 2587 in
1188 2531 1584 2603 patriarcham
1617 2530 1829 2585 iterum
1864 2546 1925 2584 se
1970 2529 2113 2585 vivo

457 2631 786 2701 eligeretur.
809 2624 1108 2696 proutjam
1134 2619 1310 2676 semel
1332 2623 1455 2674 erat
1477 2620 1784 2685 factum,et
1802 2619 1857 2673 id
1883 2618 2099 2673 malum

460 2714 839 2792 praevertendi
855 2712 1049 2768 oblata
1068 2708 1370 2765 occasione
1399 2709 1543 2763 feret
1555 2708 1881 2779 gavisurus.
1904 2707 2097 2761 Tertia

456 2812 577 2878 erat
608 2804 807 2876 patriae
838 2800 1113 2863 cbaritas,
1144 2816 1260 2869 qua
1289 2814 1422 2853 eum
1456 2796 1758 2851 sollicitari
1779 2796 1847 2850 ad
1866 2796 2095 2849 deside-

456 2895 705 2949 randum
736 2892 793 2944 in
826 2890 1027 2943 urbem
1054 2888 1176 2957 jam
1210 2890 1499 2955 receptam
1551 2884 1861 2937 adventum
1920 2897 2091 2935 suum

458 2998 691 3038 necesse
714 2984 856 3034 erat:
890 2978 974 3031 uti
1006 2981 1062 3030 et
1089 2972 1520 3041 verisimile,sic
1544 2972 1812 3025 affectum
1848 2969 2091 3024 minime

454 3073 856 3127 recusaturum
874 3063 1127 3119 oblatam
1153 3062 1543 3118 conditionem
1575 3056 1931 3127 regrediendi
1956 3073 2090 3110 curn

454 3173 681 3215 summo
696 3154 1001 3226 splendore
1014 3152 1069 3204 in
1089 3151 1334 3220 patriam
1350 3147 1750 3202 charissimam
1764 3145 2090 3216 ,prmscrtirn

453 3262 583 3300 cum
601 3243 952 3311 intelligeret
973 3254 1039 3293 ea
1059 3240 1271 3307 rejecta
1288 3236 1399 3291 sibi
1425 3250 1585 3305 spem
1618 3232 1839 3287 nullam
1876 3237 2093 3287 restare

454 3334 651 3404 patriae
686 3330 845 3385 urbis
875 3342 1133 3398 unquam
1178 3324 1514 3380 revisendae.
1555 3322 1611 3375 Si
1654 3327 1845 3376 autem
1882 3320 1976 3375 ille
2008 3320 2090 3374 sic

451 3422 728 3477 invitatus
759 3417 1067 3473 admittere
1117 3414 1313 3469 oblata
1364 3417 1420 3467 et
1452 3412 1630 3481 petita
1682 3409 1938 3481 polliceri
1976 3426 2088 3463 non

450 3510 753 3563 induceret
776 3506 833 3557 in
854 3500 1333 3571 animum,ipsam
1350 3504 1544 3553 tamen
1566 3498 1737 3551 istam
1769 3496 2093 3567 supplicem

450 3596 848 3651 invitationem
874 3593 1096 3646 idoneae
1125 3590 1193 3643 ad
1231 3587 1509 3659 populum
1542 3585 1937 3640 excusationis
1964 3584 2089 3639 loco

451 3689 571 3741 fore
603 3685 669 3738 ad
705 3681 1070 3737 avertendam
1123 3678 1194 3731 ab
1247 3679 1512 3743 Augusto
1566 3672 1797 3744 culpam
1856 3689 2088 3727 omnem

450 3774 623 3829 ofﬁcii
657 3769 926 3843 neglecti,
947 3772 1002 3823 et
1030 3771 1210 3821 totam
1240 3764 1517 3819 invidiam
1552 3762 1608 3816 in
1650 3779 1782 3817 eum
1811 3762 1906 3831 qui
1933 3777 2094 3815 com-

449 3863 698 3934 pellatus
732 3853 1555 3913 renuissetexonerandam.ln
1592 3851 1744 3905 hunc
1770 3850 1949 3903 ferme
1967 3865 2090 3902 mo-

447 3952 584 4005 dum
612 3948 902 4004 subducta
919 3959 1117 3998 secum
1135 3942 1450 4011 imperator
1464 3938 1837 3993 consiliorum
1859 3952 2093 3991 summa

446 4041 747 4111 ingressus
769 4034 1059 4107 synodum
1085 4031 1349 4085 bifariam
1367 4029 1609 4082 scissam
1634 4026 1940 4081 contrariis
1964 4042 2089 4080 sen-

447 4126 667 4182 tentiis.
703 4125 911 4179 horum
948 4119 1364 4182 revocantium,
1388 4116 1622 4171 illorum
1655 4114 2089 4170 excludentium

448 4214 777 4276 Arsenium,
840 4212 964 4282 ipse
997 4211 1065 4263 ad
1128 4211 1462 4262 revocantes
1492 4221 1555 4258 se
1611 4204 1882 4273 adjungit
1913 4208 1970 4257 et
2000 4202 2091 4256 sui

451 4301 780 4359 accessione
812 4298 1073 4369 suffragii
1101 4295 1269 4366 quasi
1306 4298 1598 4348 momento
1623 4292 1784 4346 alteri
1810 4292 1957 4346 lanci
1983 4292 2088 4345 ad-

450 4393 570 4446 dito
592 4396 833 4446 eatenus
868 4386 1151 4455 ambiguis
1201 4380 1639 4437 deliberationis
1696 4379 2088 4449 aequilibrium

448 4481 757 4551 depressit,
792 4474 1204 4531 accedentibus
1237 4488 1365 4526 mox
1397 4484 1629 4539 quoque
1663 4468 2084 4539 quiArsenium

448 4562 1160 4635 excluserant,przesertim
1198 4560 1295 4614 ubi
1329 4575 1429 4629 per
1459 4557 2087 4627 synodum,satagento

2209 569 2520 644 ἀποκρίσεις
2553 568 2920 645 ἐντελέστερον
2949 568 3008 623 ἐκ
3036 574 3130 623 τοῦ
3170 567 3511 644 παρασχεδὸν
3547 567 3736 624 δώσων
3770 571 3848 647 ἐφ’

2210 661 2292 721 οἷς
2320 658 2570 731 ἀπῄτητο
2586 700 2596 715 .

2212 766 2277 838 β’.
2310 762 2886 838 ’Όπως-μετακληθεὶς
2971 764 3319 838 πατριάρχης
3349 764 3423 838 εἷς
3452 764 3550 838 τ-ἠγ
3588 763 3749 818 πόλιν
3784 766 3853 819 εἰ-

2457 831 2693 911 σάγεται,
2730 838 2818 889 καὶ
2842 831 3020 912 στέφει
3052 831 3320 898 αὖθις’τὸν
3353 834 3599 909 βασιλέα,

2280 924 2361 994 [Ρ.
2399 926 2521 996 115]
2552 927 2756 979 Ἐκεῖσε
2787 929 3071 999 τοιγαροῦν
3100 923 3469 996 πεμπομένων
3501 925 3636 998 πρός
3664 946 3724 978 τε
3753 931 3851 979 τοῦ

2210 1010 2479 1086 βασιλέως
2510 1013 2595 1065 καὶ
2627 1015 2727 1075 τῆς
2760 1010 3006 1078 συνόδου,
3038 1012 3125 1066 καὶ
3170 1013 3501 1083 κινουμένωδ
3533 1018 3639 1065 τῶν
3678 1018 3851 1083 ζητη-

2210 1101 2412 1172 μάτων,
2445 1097 2562 1171 ὁξδέ
2588 1099 2656 1153 τὰ
2688 1100 2781 1172 μὶν
2816 1097 3002 1163 διδοὺς
3028 1101 3095 1154 τα
3124 1098 3181 1154 δὲ
3209 1099 3299 1154 καὶ
3321 1101 3853 1175 προσυποσχὸμενος

2203 1192 2517 1260 περαιοῦται
2564 1209 2624 1243 τε
2668 1190 2767 1257 τὴν
2812 1189 3098 1262 ταχίστην,
3130 1190 3217 1242 καὶ
3268 1196 3367 1256 τῆς
3409 1187 3628 1251 πόλεως
3662 1188 3852 1254 ἐπιϐὰς

2203 1281 2370 1353 ψήφῳ
2416 1281 2573 1349 κοινῇ
2621 1277 2709 1331 καὶ
2750 1278 2946 1351 γνώμῃ
2978 1278 3075 1345 τήν
3110 1275 3435 1346 Ἐκκλησίαν
3484 1275 3847 1351 καταλαμϐα-

2201 1386 2299 1420 νει.
2362 1368 2585 1438 Πρῶτος
2638 1365 2729 1419 οὗν
2790 1366 2817 1418 ὁ
2875 1363 3132 1438 βασιλεὺς
3163 1362 3615 1438 ἀπολογούμενος
3662 1366 3848 1439 ἐκείνῳ

2202 1453 2323 1524 περὶ
2379 1458 2487 1507 τῶν
2543 1455 2898 1529 πραχθέντων
2946 1452 3211 1527 μεγάλαις
3242 1451 3455 1527 ἤγαλλε
3483 1460 3602 1516 ταῖς
3634 1462 3846 1527 τιμαῖς,

2200 1542 2287 1596 καὶ
2317 1546 2434 1603 ταῖς
2460 1542 2535 1603 εἷς
2560 1543 2660 1609 τήν
2702 1542 3024 1612 Ἐκκλησίαν
3076 1540 3372 1617 προσόδοις
3404 1542 3584 1615 ἐτίμα.
3638 1543 3741 1599 Καὶ
3786 1545 3847 1598 τὸ

2208 1629 2299 1701 μὲν
2348 1629 2491 1701 ἱερὸν
2533 1629 2670 1683 ἅπαν
2717 1629 2986 1700 μετεποίει
3040 1631 3171 1703 πρὸς
3214 1629 3315 1696 τήν
3368 1628 3635 1703 προτέραν
3684 1633 3849 1685 κατά-

2206 1738 2408 1783 στασιν,
2456 1717 2712 1790 ἐκτραπὲν
2762 1716 2848 1771 ἐπὶ
2888 1715 3125 1780 πολλοῖς
3153 1718 3301 1789 παρὰ
3328 1721 3435 1771 τῶν
3464 1716 3709 1772 Ἰταλῶν.
3745 1718 3848 1774 Καὶ

2204 1804 2269 1875 δὴ
2306 1805 2595 1875 ἐπιστήσας
2645 1806 2736 1859 τὸν
2787 1806 3028 1879 μοναχὸν
3080 1808 3340 1879 Ῥουχᾶν,
3390 1802 3556 1879 ἄνδρα
3614 1803 3847 1877 δραστή-

2210 1915 2322 1969 ριον
2358 1893 2444 1947 ἐπὶ
2473 1899 2589 1955 τοῖς
2614 1893 2907 1961 τοιούτοις,
2955 1893 3018 1948 τό
3047 1914 3105 1947 τε
3140 1895 3293 1966 βῆμα
3330 1894 3418 1947 καὶ
3454 1888 3711 1964 ἄμϐωνας
3757 1894 3846 1949 καὶ

2204 1981 2410 2036 σωλέαν
2440 1982 2527 2035 καὶ
2561 1980 2684 2036 ἄλλ’
2717 1981 2845 2036 ἄττα
2884 1981 3194 2055 βασιλικαῖς
3224 1979 3432 2050 ἐξόδοις
3483 1980 3841 2054 ἀνῳκοδόμει.

2203 2072 2335 2127 Εἶτα
2379 2069 2613 2131 πέπλοις
2659 2072 2747 2123 καὶ
2800 2070 3037 2124 σκεύεσιν
3096 2071 3267 2143 ἰεροῖς
3324 2071 3385 2124 τὸ
3434 2072 3574 2125 θεῖον
3623 2070 3849 2143 τέμενος

2203 2162 2427 2221 καθίστα
2482 2159 2621 2231 πρὸς
2678 2159 2740 2211 τὸ
2800 2158 3265 2231 εὐπρεπέστερον.
3328 2160 3455 2213 Εἶτα
3507 2159 3599 2212 καὶ
3660 2160 3843 2233 χώρας

2203 2246 2504 2321 προσετίθει
2560 2250 2628 2319 τῇ
2688 2243 2970 2315 ἐκκλησίᾳ,
3030 2247 3233 2322 φθάσας
3263 2248 3580 2317 προσθεῖναι
3610 2247 3690 2299 καί
3735 2246 3833 2300 ὄλ-

2206 2333 2306 2396 λας
2339 2334 2414 2396 εἰς
2442 2335 2675 2401 τὴντῶν
2728 2334 3057 2405 ὑμνοπόλων
3105 2333 3449 2407 οἰκονομίαν,
3502 2335 3576 2396 ὡς
3635 2335 3705 2407 μὴ
3754 2334 3838 2387 ὲν-

2206 2530 2363 2585 niam
2398 2532 2529 2585 dare
2556 2531 2627 2585 ob
2659 2548 2726 2585 ea
2752 2547 2879 2601 quae
2910 2530 2963 2584 in
3012 2546 3073 2585 se
3106 2535 3342 2601 peccata
3397 2532 3648 2600 fuerant,
3709 2548 3847 2587 cau-

2206 2621 2387 2675 sando
2410 2620 2808 2674 invitationem
2833 2635 3052 2674 meram
3067 2635 3269 2674 eorum
3288 2634 3416 2675 esse
3432 2620 3531 2691 qui
3547 2636 3610 2675 se
3629 2619 3849 2675 nullius

2205 2708 2421 2780 peccati
2455 2708 2720 2763 conscios
2752 2709 3192 2779 proﬁterentur:
3227 2724 3360 2763 nam
3384 2708 3433 2763 si
3465 2713 3847 2778 agnoscerent

2205 2797 2460 2867 culpam,
2486 2796 2687 2867 utique
2705 2799 3172 2866 deprecarentur.
3193 2797 3412 2851 Tamen
3431 2814 3567 2851 cum
3590 2797 3697 2851 hac
3719 2798 3847 2866 ejus

2205 2886 2534 2956 exceptione
2564 2885 2848 2939 admoniti
2882 2884 3056 2955 legati
3091 2900 3289 2953 preces
3321 2884 3496 2939 etiam
3531 2885 3840 2939 adhibuis-

2207 2972 3137 3043 sent,mitigatussenexexbibuit
3158 2978 3570 3043 sepromptum
3596 2973 3668 3027 ad
3704 2989 3844 3026 eun—

2206 3062 2344 3115 dum
2372 3078 2487 3131 quo
2513 3062 2846 3114 vocabatur.
2882 3063 3079 3130 Reque
3133 3059 3261 3130 ipsa
3311 3060 3521 3130 partim
3580 3061 3839 3114 terrestri

2204 3150 2413 3220 partim
2432 3148 2723 3203 maritimo
2742 3148 2945 3202 itinere
2961 3150 3028 3201 ad
3048 3148 3239 3202 Ruﬁni
3258 3148 3472 3218 pradia
3490 3164 3553 3203 se
3569 3147 3837 3213 contulit,

2204 3239 2288 3294 vel
2325 3238 2625 3309 paululum
2652 3236 2770 3290 illic
2793 3235 3195 3306 acquiescendi
3226 3253 3425 3298 causa.
3454 3236 3541 3291 vel
3573 3236 3708 3291 inde
3725 3235 3839 3290 cla-

2206 3328 2325 3380 rius
2356 3342 2423 3379 ex
2456 3324 2775 3395 propinquo
2807 3324 3137 3393 certiusque
3168 3323 3841 3395 respondendi,cognitis

2203 3414 2537 3469 distinctius
2570 3429 2695 3483 qua:
2730 3417 3082 3482 peterentur.

2200 3523 2253 3575 2.
2293 3523 2352 3578 Ut
2385 3526 2663 3575 revocatus
2691 3518 3017 3587 patriarcha
3037 3520 3284 3572 invewus
3314 3516 3372 3571 in
3431 3517 3619 3571 urbem
3665 3521 3755 3583 sit,
3789 3523 3841 3573 et

2448 3590 2575 3643 illic
2594 3605 2785 3643 rursus
2809 3591 3161 3643 coronaverit
3191 3591 3596 3660 imperatorem.

2276 3680 2463 3751 Igitur
2480 3682 2795 3733 conventus
2813 3676 2931 3731 illic
2950 3678 3279 3748 patriarcha
3296 3676 3685 3747 legationibus
3706 3694 3839 3732 cum

2205 3768 2275 3823 ab
2305 3769 2651 3838 imperatore
2680 3769 2807 3819 tum
2842 3782 2875 3819 a
2904 3766 3123 3836 synodo
3146 3764 3362 3833 missis,
3389 3770 3634 3835 postque
3664 3765 3844 3820 disce-

2202 3856 2521 3927 ptationem
2559 3854 2707 3909 ultro
2757 3854 3020 3925 citroque
3077 3858 3425 3908 cunctorum
3484 3859 3841 3919 accuratam,

2204 3944 2415 4017 partim
2452 3943 2699 4013 largitus
2730 3943 2941 4013 partim
2976 3940 3268 4012 pollicitus
3300 3958 3426 4012 quae
3457 3941 3841 4013 postulaban-

2206 4041 2317 4099 tur,
2352 4031 2614 4087 celeriter
2645 4031 3056 4098 translretavit,
3090 4036 3147 4085 et
3194 4030 3459 4085 invectus
3503 4030 3559 4084 in
3614 4031 3839 4098 urbem,

2204 4120 2710 4178 consentientibus
2733 4120 2857 4189 jam
2893 4118 3154 4173 omnium
3187 4119 3336 4173 votis
3369 4136 3434 4173 ac
3464 4118 3725 4189 calculis,
3750 4136 3844 4190 pa-

2204 4210 2573 4267 triarcbalem
2601 4225 2806 4263 rursus
2826 4207 3044 4262 insedit
3067 4207 3453 4263 thronum.1bi
3468 4224 3598 4263 eum
3616 4209 3840 4279 primus

2204 4301 2539 4372 imperator,
2566 4303 2873 4370 postquam
2900 4296 3839 4369 diligenterexcusassetqureacta

2206 4392 2452 4459 fuerant,
2484 4389 2732 4443 demisse
2764 4391 3073 4443 veneratus
3104 4386 3408 4459 exquisitis
3439 4387 3631 4442 affecit
3661 4387 3838 4442 bono-

2205 4481 2389 4547 ribus,
2448 4486 2502 4533 et
2534 4478 2591 4531 in
2650 4475 2969 4531 liberaliter
2998 4493 3030 4530 a
3068 4492 3130 4530 se
3179 4474 3519 4531 collatorum
3570 4476 3835 4531 Ecclesiae

2206 4583 2513 4624 munerum
2550 4570 3051 4637 proventuumque
3082 4564 3513 4635 possessionem
3536 4563 3716 4619 misit.
3757 4569 3833 4617 Ac

448 4660 817 4730 imperatore,
854 4656 1114 4725 ipsorum
1145 4655 1200 4705 et
1232 4647 1531 4705 securitati
1563 4646 2086 4701 ethonoricautum
2121 4647 2163 4710 D
2196 4672 2494 4713 sacrorum
2530 4655 2763 4726 quidem
2783 4656 3128 4723 apparatum
3156 4656 3211 4706 et
3227 4651 3678 4707 ecclesiasticam
3703 4670 3842 4724 sup.

449 4752 537 4801 est
568 4746 797 4801 abunde
829 4745 1061 4798 decreta
1105 4739 1391 4795 oblivione
1449 4753 1633 4803 nuper
1690 4739 1974 4797 actorum,
2033 4741 2089 4790 et

450 4837 671 4893 sancito
704 4850 773 4889 ne
806 4834 1080 4903 cuiquam
1114 4829 1302 4884 fraudi
1327 4830 1469 4883 foret
1500 4826 1617 4893 illa,
1653 4824 1772 4879 sive
1799 4824 2090 4894 injustitia

451 4928 568 4981 sive
599 4923 901 4979 temeritas
934 4920 1180 4974 dicenda
1197 4922 1371 4981 esset,
1405 4932 1520 4986 qua
1552 4917 1740 4969 fuerat
1793 4914 1877 4968 vel
1913 4930 2086 4969 exau-

446 5017 703 5069 ctoratus
722 5009 995 5064 Arsenius
1010 5005 1095 5060 vel
1113 5004 1471 5075 Nicephorus
1486 5001 1725 5056 electus.
1743 5003 2086 5059 Communia

448 5104 600 5157 I72
630 5114 861 5170 quoque
907 5093 1101 5149 subito
1158 5088 1675 5146 excommunicatis
1731 5105 1796 5143 eo
1854 5092 2089 5147 nomine

448 5190 694 5244 reddita.
728 5188 1024 5241 Statutum
1083 5181 1256 5235 etiam
1293 5184 1357 5233 ut
1396 5176 1647 5232 ordinati
1700 5193 1733 5229 a
1763 5176 2085 5248 Nicephoro

450 5280 866 5351 reciperentur,
902 5288 972 5326 ne
1004 5268 1411 5339 intempestiva
1443 5264 1780 5319 morositate
1832 5266 2089 5323 Ecclesia

449 5367 832 5423 scinderetur.
871 5361 966 5415 llis
1000 5357 1337 5414 constitutis
1370 5353 1573 5425 synodi
1604 5354 1800 5406 Patres
1848 5356 2090 5413 mittunt

445 5458 514 5511 ad
553 5454 861 5510 Arsenium
896 5449 992 5521 qui
1026 5448 1221 5519 ipsum
1252 5446 1320 5499 ad
1350 5443 1601 5497 reditum
1635 5440 1898 5497 invitent.
1935 5447 2088 5509 Quos

447 5545 539 5599 ille
572 5548 636 5597 ut
663 5538 905 5603 audivit,
961 5537 1216 5607 primum
1278 5530 1532 5605 graviter
1589 5530 1735 5584 ferre
1790 5530 1949 5587 visus
1979 5540 2087 5602 est,

442 5633 597 5704 quod
630 5634 861 5685 tantum
895 5625 1261 5693 invitaretur,
1298 5637 1414 5676 non
1451 5620 1626 5675 etiam
1661 5625 1964 5690 rogaretur
1993 5640 2089 5680 ve-

2198 4742 2566 4816 pellectilem,
2594 4740 2966 4794 imminutam
3000 4738 3199 4794 multis
3232 4739 3450 4795 aversis
3497 4754 3601 4812 per
3632 4740 3830 4808 Italos,

2198 4832 2455 4903 reposuit
2499 4835 2673 4900 atque
2717 4829 2774 4883 in
2837 4828 3147 4897 pristinum
3207 4829 3541 4884 reformavit
3587 4834 3828 4899 statum,

2198 4919 2503 4993 praeposito
2535 4919 2583 4972 ei
2617 4917 2697 4973 rei
2729 4918 2996 4972 curandae
3031 4918 3309 4972 monacho
3329 4917 3551 4986 Rucha,
3582 4918 3706 4972 viro
3740 4918 3831 4972 in-

2197 5008 2443 5063 dustrio.
2478 5007 2630 5061 I73
2658 5005 2896 5061 Ornavit
2926 5006 2995 5060 de
3052 5022 3199 5060 novo
3254 5005 3471 5074 altare;
3524 5007 3829 5061 umbonem

2197 5100 2253 5152 et
2275 5096 2514 5162 soleam,
2543 5100 2662 5149 tum
2688 5093 2802 5149 alia
2816 5093 3503 5165 quaadam,refecitregiis
3524 5094 3831 5165 impensis;

2198 5184 2337 5241 velis
2366 5189 2642 5255 praeterea
2662 5187 2719 5238 et
2748 5184 2901 5239 vasis
2923 5183 3106 5239 sacris
3132 5183 3233 5237 Dei
3256 5184 3437 5238 aedem
3464 5182 3734 5237 instruxit
3758 5183 3826 5236 ad

2197 5274 2634 5329 convenientem
2668 5273 2922 5344 speciem
2955 5271 3279 5343 elegantia.
3311 5272 3593 5342 Adjunxit
3651 5272 3827 5325 etiam

2200 5380 2344 5418 nova
2377 5360 2636 5416 Ecclesia:
2670 5361 2884 5432 praedia
2914 5365 3122 5432 praeter
3151 5376 3217 5415 ea
3260 5377 3385 5431 quae
3445 5360 3608 5432 prius
3665 5360 3830 5414 attri-

2198 5452 2402 5506 buerat
2416 5450 2483 5504 ad
2502 5448 2778 5504 alimenta
2800 5454 2857 5504 et
2873 5447 3161 5519 stipendia
3178 5454 3417 5504 cantoru
3430 5465 3483 5503 m
3502 5464 3799 5504 sacrorum
3812 5477 3833 5488 -

2200 5555 2311 5611 que
2345 5539 2769 5608 ministrorum,
2802 5537 3400 5594 neiinecessariorum
3427 5537 3710 5609 patientes
3738 5553 3833 5608 pe-

2199 5628 2426 5684 nuriam
2460 5627 2647 5683 officia
2678 5644 2782 5683 sua
2815 5626 3201 5697 negligentius
3232 5626 3477 5683 obirent.
3510 5625 3722 5681 Omnia
3768 5640 3834 5679 ea
