4162 6292
325 276 431 333 613

1382 274 1474 326 DE
1511 272 1879 326 MICHAELE
1917 270 2365 326 PALBOLOGO
2400 272 2533 326 LIB.
2578 274 2673 327 III.

3613 283 3719 339 614

324 399 457 462 δεῶς
498 398 565 453 τὰ
609 402 716 452 τῶν
770 393 1089 465 ἐπιτηδείων
1145 389 1360 469 ἔχοντες
1393 392 1671 465 ἀμελοῖεν,
1704 392 1765 448 '0
1800 388 1844 445 δ’
1872 391 1964 463 ἀρ·
1996 395 2051 458 Α
2079 390 2778 465 ΤοχάρωνΧαλαοὺ,τοῦτο
2812 392 2868 450 δέ
2897 396 2980 452 καὶ
3020 400 3151 475 πρὸς
3182 400 3273 455 τὸν
3304 405 3411 456 τῶν
3447 404 3717 467 Αἰθιόπων

329 486 545 563 χιερεὺς
594 484 683 540 καὶ
734 485 809 547 ὡς
854 482 928 545 εἷς
975 483 1143 553 τιμὴν
1183 482 1272 554 μὲν
1294 485 1388 535 τοῦ
1419 480 1577 535 Θείου
1606 483 1773 534 ταῦτα
1820 478 1970 551 γινό-

337 596 470 648 μενα
516 572 762 633 συνόλως
814 568 1281 644 προσαπεδέχετο,
1314 567 1508 622 εἰδέναι
1557 566 1613 622 δὲ
1662 568 1751 621 καὶ
1810 566 1969 640 χάριν

332 662 511 731 ἰδίως,
543 663 615 723 ὡς
674 661 836 734 χάριν
886 658 1048 713 αὐτοῦ
1092 658 1325 731 γίνοιτο,
1354 662 1461 710 τῶν
1503 656 1740 711 ἐἰκότων
1788 655 1970 726 ἐνόμι-

328 758 432 820 ζεν.
466 752 621 806 "Ost
673 748 763 803 καὶ
817 746 1022 824 στέφειν
1067 745 1235 814 ἤθελε
1280 745 1371 799 τὸν
1422 742 1658 811 διδόντα,
1686 744 1773 797 καὶ
1806 744 1973 814 ἀμνη-

332 845 516 910 μονεῖν
549 842 656 892 τῶν
719 836 1071 910 πραχθέντων
1130 840 1245 895 τοῖς
1304 834 1641 908 ἀρχιερεῦσιν
1694 827 1967 897 ἐϐούλετο,

325 934 443 991 τοῖς
490 924 548 981 δέ
593 947 654 1002 γε
704 926 850 999 παρά
894 926 987 977 τοῦ
1014 922 1329 998 Νικηφόρου
1361 922 1815 996 χειροθετηθεῖσιν
1872 920 1968 973 ἐκ-

328 1017 599 1089 χωρήσας
629 1014 696 1067 τὸ.
753 1013 850 1081 τῆς
894 1008 1303 1083 ἀρχιερωσύνης
1351 1011 1573 1075 ἅπαντα,
1606 1007 1750 1082 παρά
1804 1008 1965 1079 μόνον

328 1104 391 1155 τὸ
424 1099 882 1174 συλλειτουργεῖν,
915 1097 1001 1152 ἐπὶ
1045 1101 1175 1151 πᾶσι
1218 1102 1332 1156 τοῖς
1381 1094 1573 1156 ἄλλοις
1602 1094 1806 1170 ἐχρῆτο
1843 1116 1855 1127 ·
1892 1095 1965 1148 εἴ·

326 1210 414 1243 ναι
466 1190 565 1264 γὰρ
623 1187 930 1257 νομίζεσθαι
991 1182 1171 1238 δίκαια
1225 1183 1290 1237 τὰ
1340 1183 1415 1243 εἷς
1448 1182 1652 1237 ἐκεῖνον
1695 1183 1966 1257 πραχθέν-

320 1299 408 1344 τα,
448 1277 535 1330 καὶ
570 1275 714 1344 αύτῷ
745 1271 1037 1340 συνδοκεῖν,
1072 1272 1117 1326 εἰ
1150 1274 1247 1340 τήν
1290 1271 1376 1325 ἐπὶ
1406 1276 1501 1325 τοῦ
1539 1272 1783 1345 βήματος
1827 1271 1964 1325 ἐκεί-

325 1386 432 1419 νων
489 1362 773 1418 κοινωνίαν
830 1358 1213 1434 καταδέχοιτο.
1247 1361 1397 1415 Ἐπεὶ
1452 1357 1498 1413 δ’
1543 1355 1648 1413 ἔδει
1692 1360 1782 1413 καὶ
1840 1359 1965 1434 περὶ

318 1456 414 1507 τοῦ
466 1451 525 1505 ἐκ
574 1449 821 1525 δευτέρου
863 1448 1070 1524 στέφειν
1119 1449 1212 1502 τὸν
1255 1446 1483 1521 βασιλέα
1511 1444 1963 1522 κοινολογεῖσθαι,

320 1540 553 1611 ἑτοίμως
609 1538 699 1592 καὶ
755 1539 906 1592 ταῦτ’
948 1535 1149 1592 ἐδίδου.
1205 1536 1307 1593 Καὶ
1369 1538 1461 1609 μὲν
1525 1533 1590 1605 δὴ
1639 1535 1728 1590 καὶ
1774 1538 1807 1605 ἡ
1856 1541 1963 1590 τῶν

315 1630 544 1701 ἡμερῶν
605 1625 767 1697 κυρία
814 1633 1019 1701 παρῆν,
1074 1625 1164 1679 καὶ
1216 1624 1304 1679 ἐπὶ
1353 1629 1446 1678 τοῦ
1496 1624 1647 1694 ἱεροῦ
1701 1626 1963 1697 τεμένους

320 1712 760 1791 μεγαλοπρεπῶς
820 1712 1023 1790 ἔστεφε.
1057 1714 1260 1785 Μνήμη
1320 1710 1366 1766 δ’
1392 1711 1489 1766 ούκ
1517 1713 1581 1780 ἦν
1630 1713 1691 1766 τὸ
1740 1711 1963 1768 σύνολον

312 1805 597 1874 Ἰωάννου,
655 1801 802 1858 ἀλλά
880 1800 1090 1874 μᾶλλον
1156 1801 1245 1855 καὶ
1315 1805 1394 1868 τῷ
1452 1800 1676 1874 Καίσαρι
1738 1799 1963 1873 Ἀλεξίῳ

312 1888 921 1967 προσεπεφιλοτίμητο,
973 1891 1045 1951 ὡς
1095 1887 1162 1943 δι’
1213 1888 1375 1942 αὐτοῦ
1427 1887 1667 1957 ἀλούσης
1713 1895 1812 1957 τῆς
1864 1888 1962 1942 πό-

312 1978 475 2045 λεως,
506 1980 570 2033 τὸ
626 1979 761 2050 μετά
802 1999 861 2031 τε
907 1977 1034 2039 τοὺς
1086 1976 1327 2053 βασιλεῖς
1376 1977 1585 2031 καὶτὸν
1616 1976 1959 2052 πατριάρχην

312 2068 367 2123 ἐν
394 2074 513 2129 ταῖς
547 2071 840 2127 συναπταῖς
876 2066 1328 2137 μνημονεύεσθαι.

315 2175 386 2246 γ’.
418 2176 602 2232 Ὅπως
651 2173 679 2225 ὁ
707 2168 986 2246 ,βασιλεὺς
1034 2164 1453 2246 διεπρεσϐεύετο
1492 2168 1627 2241 πρὸς
1682 2167 1960 2243 Τοχάρους

647 2239 789 2312 κήδη
824 2246 1021 2307 ποιῶν,
1046 2241 1135 2295 καὶ
1162 2239 1300 2315 πρὸς
1335 2239 1618 2300 Αἰθίοπας.

393 2333 479 2403 [Ρ.
504 2332 624 2402 116]
646 2332 780 2386 Τότε
810 2328 877 2399 δὴ
904 2335 985 2401 τῷ
1022 2329 1239 2402 βασιλεῖ
1266 2333 1374 2383 τῶν
1407 2327 1743 2403 πραγμάτων
1776 2326 1958 2388 καλῶς

319 2419 411 2472 καὶ
463 2420 534 2480 ὡς
580 2416 739 2487 ἤθελε
780 2418 1179 2485 καταστάντων,
1217 2416 1473 2491 ἐξήγοντο
1504 2414 1593 2470 καὶ
1645 2416 1781 2489 πρὸς
1834 2414 1962 2479 τοὺς

327 2509 530 2581 μακράν
569 2502 865 2582 πρεσϐεῖαι,
898 2510 1059 2561 τοῦτο
1109 2506 1201 2578 μὲν
1258 2507 1392 2580 πρὸς
1438 2506 1526 2559 τὸν
1556 2502 1795 2579 ἄρχοντα
1852 2508 1956 2558 τῶν

318 2704 652 2775 patriarcha
689 2709 746 2759 et
774 2708 839 2758 ut
870 2704 926 2758 in
960 2703 1060 2759 Dei
1103 2703 1380 2759 honorem
1432 2703 1583 2757 facta
1627 2703 1958 2773 donataque

312 2794 587 2864 religiose
617 2809 685 2847 ac
716 2792 1035 2847 liberaliter
1057 2791 1489 2861 jucundissime
1514 2791 1773 2858 admisit,
1806 2795 1862 2844 et
1894 2794 1959 2845 ut

312 2883 373 2936 in
404 2881 497 2937 sui
530 2898 763 2952 quoque
812 2882 1061 2951 gratiam
1114 2880 1437 2936 studiosius
1482 2881 1748 2951 impensa
1794 2884 1957 2949 grate

316 2986 639 3040 agnoscere
670 2970 1077 3040 imputareque
1100 2969 1157 3022 in
1188 2969 1457 3024 beneficii
1491 2968 1719 3040 proprie
1741 2968 1957 3037 accepti

319 3064 545 3128 partem
578 3073 643 3111 ac
673 3057 864 3112 locum
898 3074 1011 3127 prae
1045 3073 1105 3111 se
1155 3056 1309 3111 tulit.
1358 3060 1552 3127 quue
1584 3056 1832 3110 maxime
1862 3055 1956 3109 in—

309 3148 525 3200 ductus
558 3150 649 3200 est
680 3146 750 3199 ad
784 3145 1186 3200 coronandum
1217 3145 1557 3199 muniﬁcum
1590 3144 1946 3214 largitorem,
1979 3128 2022 3193 C

316 3233 905 3304 obliviscendumque
936 3233 1397 3303 priorum,omni
1431 3234 1769 3303 deponendo
1804 3233 1955 3300 inju-

311 3324 534 3377 riarum
561 3339 783 3393 nupera
808 3322 1170 3393 depositione
1190 3322 1300 3376 sibi
1327 3323 1608 3376 factarum
1633 3338 1828 3376 sensu.
1856 3320 1955 3373 0r-

312 3412 529 3466 dinatis
562 3412 702 3481 quin
727 3411 903 3465 etiam
928 3428 960 3464 a
985 3410 1308 3481 Nicephoro
1332 3427 1563 3465 omnem
1593 3409 1951 3464 iunctionem

305 3499 614 3553 sacerdotii
649 3498 939 3569 permisit,
971 3504 1206 3569 excepto
1237 3499 1429 3553 solum
1462 3516 1663 3554 secum
1696 3514 1813 3551 una
1847 3514 1950 3567 pa-

309 3588 468 3650 riter,
503 3587 597 3641 ubi
624 3587 804 3642 sacris
829 3587 1165 3642 solemniter
1184 3593 1541 3657 operaretur,
1568 3584 1943 3641 ministrandi

308 3693 442 3731 usu.
478 3681 539 3729 ln
571 3675 794 3730 caeteris
838 3676 1169 3747 promiscue
1218 3676 1341 3746 pari
1386 3678 1520 3745 jure
1568 3692 1632 3729 ac
1692 3675 1949 3744 reliquos

306 3763 598 3819 adhibuit.
615 3766 860 3819 Causam
876 3781 945 3819 au
958 3770 1067 3818 tem
1083 3765 1441 3835 exceptionis
1464 3764 1641 3832 hujus
1662 3763 1950 3833 allegabat

307 3854 485 3920 hanc,
519 3854 671 3923 quod
705 3852 889 3907 videri
923 3858 1118 3922 posset
1149 3857 1213 3907 ut
1238 3854 1403 3922 justa
1434 3856 1490 3905 et
1514 3852 1619 3906 rite
1642 3857 1771 3907 acta
1794 3867 1949 3905 com-

307 3942 554 4012 probare
581 3957 707 4011 quae
737 3945 905 4011 gesta
936 3946 1137 3995 contra
1167 3957 1229 3994 se
1262 3939 1529 4004 fuissent,
1565 3940 1614 3993 si
1646 3941 1946 3999 ordinatos

306 4030 380 4083 ab
412 4029 671 4084 instruso
699 4029 756 4083 in
790 4046 965 4083 suum
996 4029 1185 4084 locum
1218 4028 1277 4083 in
1309 4028 1668 4082 consortium
1699 4030 1944 4086 faciendi

304 4134 507 4173 secum
540 4119 609 4173 ad
642 4136 804 4173 aram
835 4118 987 4173 sacri
1015 4117 1346 4173 communis
1367 4117 1723 4171 admitteret.
1759 4118 1944 4176 Simul

304 4211 502 4261 autem
531 4211 620 4261 est
647 4206 699 4261 ei
732 4205 1098 4277 propositum
1135 4206 1313 4261 videri
1345 4206 1651 4260 convenire
1680 4205 1944 4279 utimpe-

304 4300 469 4349 rator
496 4294 710 4350 iterum
745 4296 860 4349 ritu
894 4293 1143 4350 solemni
1176 4299 1571 4360 coronaretur,
1604 4294 1852 4351 libenter
1871 4300 1941 4352 ad

301 4384 364 4439 id
396 4400 629 4454 quoque
659 4384 885 4439 annuit.
912 4384 1100 4447 Quare
1129 4384 1255 4439 dies
1288 4383 1383 4437 isti
1410 4385 1766 4439 caeremoniae
1790 4386 1943 4441 dicta

299 4476 393 4526 est
414 4472 717 4527 Dominica
738 4472 1017 4543 proxima,
1042 4490 1156 4542 qua
1180 4471 1510 4542 patriarcha
1536 4473 1939 4542 imperatorem
1972 4502 2017 4564 D

300 4560 610 4628 magniﬁco
641 4566 923 4632 apparatu
956 4560 1277 4624 coronavit,
1304 4559 1464 4613 nulla
1508 4577 1749 4630 prorsus
1788 4562 1937 4618 facta

299 4648 599 4703 mentione
625 4655 727 4702 aut
757 4648 1087 4720 signiﬁcata
1121 4648 1401 4702 memoria
1421 4648 1681 4716 Joannis,
1706 4650 1803 4703 sed
1832 4668 1935 4722 po-

294 4736 417 4789 tius
448 4736 651 4790 eodem
702 4737 874 4791 tacite
921 4737 1131 4805 rejecto
1181 4752 1283 4806 per
1330 4736 1385 4789 id
1442 4736 1592 4805 quod
1644 4736 1934 4793 bonorarii

297 4823 561 4879 muneris
591 4824 715 4879 loco
746 4841 1090 4880 concessum
1121 4841 1188 4879 ea
1229 4823 1526 4879 occasione
1579 4824 1766 4879 Alexio
1814 4828 1933 4882 Cae-

292 4910 414 4964 sari
443 4917 533 4967 est
562 4912 621 4967 in
654 4914 964 4984 praemium
998 4920 1176 4983 captaa
1213 4912 1395 4980 urbis,
1425 4917 1487 4965 ut
1518 4912 1785 4968 videlicet
1814 4920 1931 4969 sta-

290 4999 403 5053 tim
436 5006 567 5069 post
596 5001 933 5072 inperantes
963 5002 1093 5072 (hoc
1126 5005 1218 5056 est
1250 5003 1405 5055 174
1435 5004 1763 5071 Augustum
1798 5019 1931 5057 cum

291 5088 567 5161 conjuge)
612 5096 667 5145 et
697 5092 1063 5161 patriacham
1114 5094 1536 5145 memoraretur
1566 5090 1622 5143 in
1660 5091 1931 5160 precibus

290 5176 567 5246 publicis,
602 5195 746 5248 quas
778 5184 1056 5249 synaptas
1084 5183 1313 5233 vocant.

324 5280 380 5333 3.
418 5283 480 5353 Ut
522 5285 827 5353 imperator
872 5284 1197 5353 legationem
1248 5286 1463 5339 miserit
1511 5283 1579 5336 ad
1635 5285 1894 5341 Tocharos

361 5352 704 5420 afﬁnitatem
732 5372 856 5410 cum
886 5352 955 5410 iis
983 5357 1328 5423 contrahens,
1360 5359 1408 5410 et
1430 5355 1499 5409 ad
1520 5356 1821 5425 ΑΞιΙιίοραδ.

366 5440 485 5495 Hac
516 5442 635 5497 vice
666 5461 858 5498 rerum
901 5445 1213 5513 imperator
1243 5444 1688 5499 succedentibus
1718 5444 1827 5499 sibi
1855 5446 1925 5500 ad

283 5534 490 5584 votum
517 5530 786 5601 negotiis,
829 5536 884 5587 et
914 5548 1057 5602 pace
1102 5532 1259 5588 domi
1308 5530 1646 5600 constituta,
1694 5537 1925 5603 tempus

2085 477 2335 535 σουλτάν.
2372 481 2476 536 Τὸν
2510 482 2613 556 γάρ
2639 485 2746 536 τῶν
2801 490 3018 558 Περσῶν
3077 490 3191 558 μεθ’
3223 490 3411 545 ἑαυτοῦ
3456 492 3571 565 εἶχε
3624 497 3714 550 τὸν

2079 568 2385 637 Ἀζατίνην,
2419 568 2506 624 ἐπὶ
2556 578 2656 640 τῆς
2704 571 2921 635 πόλεως
2974 574 3248 649 βλακικῶς
3300 556 3574 653 διάγοντα,
3608 588 3717 639 κώ-

2086 675 2207 725 μοις
2259 656 2347 709 καῖ
2399 658 2585 727 μέθαις
2635 659 2735 713 ἀνά
2780 665 2949 715 πᾶσαν
3005 660 3395 738 διημερεύοντα
3426 668 3671 747 ἄμφοδον
3701 696 3712 705 ·

2080 749 2236 811 κενῆς
2268 744 2368 818 γὰρ
2401 743 2565 815 οὔσης
2599 747 2896 821 ἀνθρώπιον
2931 749 3005 805 ἔτι
3036 759 3134 820 τῆς
3184 754 3398 817 πόλεως
3445 743 3718 818 συνέϐαινε

2079 832 2172 891 τάς
2245 832 2527 908 ἀμφόδους
2603 836 2675 897 ὡς
2744 837 2974 911 ἐρημίας
3032 842 3186 912 εἶναι,
3240 843 3318 920 ἐφ’
3375 848 3457 908 αἷς
3517 850 3719 917 ἐκεῖνος

2080 916 2271 989 ἀνέδην
2301 923 2603 993 καθήμενος
2636 924 2725 978 σὺν
2746 932 2861 988 τοῖς
2895 928 3028 1004 ἀμφ’
3050 930 3209 984 αὐτὸν
3240 931 3475 998 πολλοῖς
3507 939 3601 1003 καὶ,
3621 962 3712 1011 με·

2077 1007 2267 1079 γάλοις
2296 1010 2442 1063 οὖσιν
2476 1011 2714 1086 ὠργιαζέ
2740 1035 2795 1068 τε
2824 1020 2902 1085 τῷ
2935 1018 3176 1090 Διονύσῳ
3222 1021 3309 1074 καὶ
3354 1007 3701 1094 ἐμεθύσκετο.

2078 1096 2221 1167 Πρὸς
2253 1101 2379 1169 γοῦν
2425 1098 2657 1163 ἐκείνους
2711 1104 2824 1179 εἶχε
2882 1102 3354 1180 διαπρεσϐεύεσθαι
3414 1114 3501 1167 καὶ
3558 1116 3712 1181 αὖθις

2076 1178 2369 1254 λαμϐάνειν
2419 1185 2617 1249 ἐκεῖθεν
2663 1178 2934 1265 πρέσϐεις.
3142 1196 3235 1266 μὲν
3300 1197 3521 1256 Χαλαοὺ
3578 1178 3711 1277 μετά

2072 1275 2168 1323 τοῦ
2218 1278 2463 1347 μοναχοῦ
2512 1276 2600 1329 καὶ
2653 1274 2839 1344 ἱερέως
2881 1280 3177 1355 Πρίγκιπος
3220 1284 3456 1354 ἐξεδίδου
3654 1296 3712 1351 ἐκ

2072 1364 2171 1426 τῆς
2232 1357 2732 1434 Διπλοϐατατζίνης
2791 1366 2849 1419 ἐκ
2904 1369 3113 1433 νοθείας
3155 1371 3323 1427 παῖδα
3351 1357 3708 1451 Μαρίαν-.Καί

2075 1446 2335 1521 Πρίγκιψ,
2368 1449 2804 1525 ἀρχιμανδρίτης
2839 1453 2910 1507 ὣν
2945 1456 3065 1510 τότε
3110 1461 3207 1526 τῆς
3255 1468 3351 1516 τοῦ
3402 1471 3712 1543 Παντοκρά-

2070 1552 2233 1609 τορος
2270 1545 2464 1609 μονῆς,
2502 1540 2601 1593 ὑπὸ
2640 1541 2904 1615 μεγάλαις
2954 1548 3261 1621 ςιαντασίαις
3304 1573 3361 1605 τε
3402 1556 3490 1609 καὶ
3539 1540 3705 1634 ἀϐρό-

2071 1642 2194 1691 τησι
2249 1625 2457 1698 σύναμα
2501 1629 2587 1681 καὶ
2642 1628 2867 1702 πλούτῳ
2906 1632 3236 1707 παντοδαπῷ
3266 1640 3362 1707 τήν
3394 1642 3561 1715 κόρην
3590 1625 3706 1702 ἐκό-

1994 1749 2041 1812 B
2075 1718 2249 1812 μιζξν,
2307 1713 2699 1789 ἐπιφερόμενος
2754 1720 2841 1772 καὶ
2893 1724 3151 1790 σκηνικῆν
3208 1728 3311 1780 νεὼ
3368 1728 3425 1784 ἐκ
3463 1713 3707 1791 πέπλων

2074 1796 2339 1875 στιϐαρῶν
2407 1804 2659 1876 μετάξης,
2716 1808 2809 1867 τὰς
2870 1805 2925 1861 δὲ
2974 1831 3033 1884 γε
3090 1816 3195 1866 τῶν
3276 1816 3439 1889 ἁγίων
3497 1825 3707 1900 μορφὰς

2072 1894 2261 1963 χρυσῷ
2311 1894 2682 1964 πεποιημένας
2760 1889 2978 1968 ἔχοντα,
3027 1908 3276 1973 σταυροῖς
3330 1908 3417 1960 καὶ
3468 1889 3711 1984 σγοξςίοις

2072 1975 2477 2051 ἐρηρεισμένας,
2512 1980 2599 2033 καὶ
2653 1982 2773 2053 ἅγια
2804 1984 2964 2054 σκεύη
3014 1984 3293 2061 πολύτιμα
3340 1998 3474 2049 κατά
3505 1972 3704 2074 ’χρείαν

2070 2070 2169 2132 τῆς
2217 2066 2360 2140 ἱερᾶς
2408 2067 2740 2125 θυσίας.Καὶ
2798 2070 2940 2125 οὕτω
2985 2075 3077 2145 μέν
3122 2078 3257 2149 πρὸς
3314 2082 3373 2134 τὰ
3422 2066 3704 2158 μεγαλειό-

2068 2173 2221 2227 τερον
2284 2155 2346 2209 τὸ
2409 2156 2764 2231 συνάλλαγμα
2822 2158 3126 2233 ἐξηρτύετο,
3180 2164 3276 2219 κᾶν
3330 2174 3426 2223 τοῦ
3485 2155 3705 2232 Χαλαοὺ

2070 2238 2120 2309 ἐξ
2152 2242 2451 2315 ἀνθρώπων
2482 2246 2771 2319 γεγονότος
2797 2248 2921 2323 πρὶν
2960 2248 3189 2314 ἐκείνους
3240 2256 3431 2331 φθάσαι
3480 2264 3513 2329 ἡ
3566 2266 3703 2340 κόρη

2068 2334 2146 2399 τῷ
2363 2330 2567 2386 ἐκείνου
2628 2335 2854 2409 Ἀπαγά,
2918 2334 3163 2413 διαδόχῳ
3230 2330 3291 2415 γε
3354 2349 3450 2413 τῆς
3527 2330 3705 2427 ἀρχης

2069 2417 2500 2507 καταλειφθέντι,
2532 2420 2583 2474 ἐν
2644 2423 2850 2498 ὑστέρῳ
2902 2428 3145 2501 φθάσασα
3194 2417 3704 2507 ἐνηρμόζετο.’;1ζδν

2070 2503 2125 2560 δέ
2150 2528 2211 2580 γε
2240 2512 2344 2561 τῶν
2380 2508 2660 2564 Αἰθιόπων
2691 2512 2918 2567 σουλταν
2957 2514 3101 2587 άλλη
3146 2539 3227 2581 τις
3276 2503 3438 2597 χρεία
3484 2528 3561 2598 τῴ
3614 2532 3711 2605 βα,

2069 2707 2265 2796 aptum
2298 2705 2841 2796 putavit‘mittendis
2864 2712 2933 2765 ad
2959 2719 3161 2783 gentes
3185 2716 3532 2793 longinquas
3554 2724 3710 2796 lega-

2067 2790 2347 2858 tionibus,
2365 2794 2434 2848 ad
2451 2794 2769 2865 principem
2791 2798 3057 2856 videlicet
3074 2790 3468 2865 Tocharoru‘m
3484 2790 3705 2872 Chalau

2066 2884 2123 2933 et
2154 2881 2224 2934 ad
2256 2881 2577 2953 IEthiopas.
2613 2884 2757 2940 Nam
2800 2888 3103 2946 sultanum
3154 2898 3461 2954 Persarum
3502 2919 3703 2961 secum

2066 2967 2318 3063 habebat
2344 2971 2659 3041 Azatinem,
2694 2975 2751 3028 in
2784 2977 2925 3031 urbe
2975 2979 3147 3035 vitam
3190 2984 3492 3055 degentem
3535 2992 3705 3063 igna-

2064 3056 2364 3111 vissimam
2386 3076 2450 3113 ac
2474 3064 2625 3115 totos
2650 3064 2907 3119 etiamin
2936 3068 3124 3123 triviis
3148 3078 3530 3131 comessando
3554 3056 3705 3136 com-

2063 3148 2430 3216 potandoque
2444 3157 2881 3207 consumentem
2902 3156 3266 3230 dies,quippe
3280 3164 3563 3222 exhausta
3578 3174 3703 3225 tum

2063 3234 2252 3288 adhuc
2274 3240 2331 3289 et
2354 3238 2499 3291 raris
2524 3237 2727 3293 incolis
2753 3257 2853 3309 pro
2898 3244 2988 3298 sui
3010 3249 3413 3317 magnitudine
3440 3254 3705 3312 habitata

2062 3320 2311 3389 civitate,
2345 3341 2549 3380 vacare
2579 3325 2802 3397 plateas
2833 3331 3157 3403 frequentia
3185 3338 3399 3395 civium
3431 3348 3487 3397 et
3530 3349 3696 3415 quasi

2061 3411 2321 3464 desertas
2344 3428 2608 3481 cernens,
2633 3414 2814 3470 libera
2837 3418 2936 3474 illa
2959 3422 3275 3480 solitudine
3293 3411 3606 3498 fruebatur,
3643 3440 3700 3490 et

2061 3498 2144 3551 sic
2182 3503 2460 3568 tanquam
2498 3518 2626 3557 rure
2658 3505 2893 3575 degeret
2921 3511 3120 3578 procul
3145 3514 3215 3566 ab
3241 3517 3500 3585 arbitris,
3526 3538 3690 3577 secu-

2060 3602 2159 3638 rus
2190 3602 2322 3639 cum
2356 3588 2745 3646 familiaribus
2777 3598 2833 3647 et
2863 3596 3091 3666 magnis
3124 3616 3240 3654 sua:
3274 3606 3464 3673 gentis
3495 3624 3558 3662 ac
3599 3626 3693 3665 co-

2061 3674 2303 3727 mitatus
2330 3673 2489 3743 viris,
2523 3680 2743 3733 mensis
2776 3681 2833 3735 in
2868 3686 3174 3755 propatulo
3200 3691 3401 3758 positis
3430 3697 3697 3753 assidens

2057 3762 2433 3818 bacchanalia
2466 3766 2810 3834 quotidiana
2839 3770 3189 3839 celebrabat,
3238 3780 3366 3834 vino
3401 3799 3528 3838 sese
3562 3786 3692 3841 bar-

2057 3850 2197 3904 bara
2228 3851 2594 3941 impudentia
2626 3854 2813 3923 palam
2850 3857 3240 3931 ingurgitans.
3277 3870 3363 3922 Ad
3390 3886 3488 3925 eos
3514 3873 3692 3941 igitur

2055 3953 2201 4007 quos
2234 3940 2349 3992 dixi
2379 3940 2535 3996 solos
2577 3942 2957 4001 destinandas
3008 3948 3329 4020 legationes
3380 3940 3605 4027 habuit,
3635 3967 3691 4016 et

2056 4030 2289 4081 mutuas
2315 4028 2447 4082 inde
2474 4029 2727 4085 vicissim
2755 4034 3144 4104 accipiendas.
3168 4043 3355 4113 Atque
3378 4047 3448 4100 ad
3475 4047 3690 4104 Chalau

2054 4115 2313 4184 quidem,
2334 4115 2651 4188 principem
2673 4122 3022 4179 monachum
3048 4132 3475 4188 etsacerdotem
3504 4137 3686 4205 misit,

2052 4203 2153 4292 qui
2187 4202 2363 4258 ﬁliam
2393 4205 2577 4275 ipsius
2603 4209 2836 4264 notham
2863 4214 3099 4270 nomine
3132 4216 3393 4291 Mariam,
3419 4240 3595 4292 quam
3619 4202 3688 4281 ei

2052 4291 2519 4362 Diplobatatzina
2551 4305 2910 4368 susceperat,
2945 4303 3293 4374 desponsam
3331 4291 3450 4379 ipsi
3482 4315 3685 4381 conju-

2050 4396 2180 4451 gem
2212 4382 2608 4437 comitaretur.
2642 4386 2711 4439 Et
2742 4387 3010 4460 princeps
3046 4409 3176 4447 cum
3211 4401 3348 4451 tunc
3392 4405 3540 4454 esset
3588 4420 3688 4455 ar-

2050 4468 2441 4525 chimandrita
2474 4475 2810 4527 monasterii
2845 4476 3298 4552 Pantocratoris,
3332 4486 3683 4556 splendidis-

2048 4557 2195 4611 sima
2208 4559 2399 4628 specie
2419 4559 2747 4614 mollissimi
2763 4561 2939 4618 simul
2963 4566 3358 4640 ditissimique
3372 4582 3687 4645 apparatus

2047 4648 2158 4700 ista
2188 4662 2415 4716 sponsa:
2448 4648 2791 4705 deductione
2824 4651 3058 4708 functus
3105 4662 3213 4727 est,
3269 4659 3683 4722 circumferens

2045 4734 2194 4787 inter
2241 4738 2445 4788 caetera
2495 4735 2778 4805 templum
2847 4739 3081 4797 solutile
3141 4745 3502 4805 tabernaculi
3564 4753 3675 4808 ritu

2043 4821 2258 4876 crassis
2307 4838 2337 4875 e
2377 4823 2561 4877 serico
2609 4824 2749 4880 velis
2802 4828 3022 4885 circum
3050 4837 3106 4887 et
3136 4850 3386 4905 superne
3434 4844 3678 4910 tectum,

2043 4916 2377 4964 sanctorum
2404 4911 2617 4967 formas
2648 4930 2788 4971 auro
2812 4916 3137 4975 elaboratas
3158 4922 3678 4993 habens,crucibus

2044 5002 2097 5050 et
2130 4998 2366 5052 funibus
2390 4998 2668 5070 firmatas,
2692 5008 2969 5071 praeterea
2990 5025 3127 5063 vasa
3148 5018 3351 5067 sancta
3375 5017 3674 5084 pretiosis-

2042 5087 2191 5143 sima
2221 5091 2291 5141 ad
2325 5104 2495 5141 usum
2532 5088 2709 5144 divini
2756 5094 3045 5150 sacriﬁcii.
3103 5101 3248 5156 I75
3295 5103 3419 5156 Tali
3449 5106 3677 5176 magni-

2042 5175 2564 5245 ficenlianuptialis
2583 5177 2690 5231 ista
2704 5184 3005 5238 conventio
3024 5185 3443 5245 celebrabatur.
3461 5175 3672 5248 Verum

2040 5264 2256 5320 Chalau
2290 5269 2518 5319 mortuo
2568 5273 2884 5338 antequam
2941 5275 3010 5327 ad
3062 5291 3194 5329 eum
3244 5278 3511 5350 princeps
3544 5298 3673 5335 cum

2039 5371 2252 5425 sponsa
2286 5355 2705 5424 pervenissent,
2738 5359 2929 5428 puella
2951 5378 3078 5416 sero
3112 5363 3244 5417 licet
3267 5366 3581 5423 adveniens
3615 5386 3674 5423 re

2038 5443 2251 5498 infecta
2280 5458 2396 5496 non
2428 5442 2633 5499 rediit:
2671 5448 2873 5517 nupsit
2901 5449 3055 5503 enim
3100 5451 3219 5506 ﬁlio
3264 5458 3319 5507 et
3348 5457 3673 5511 successori

2036 5529 2325 5588 Chalauin
2343 5528 2693 5603 principatu.
2710 5542 2912 5592 vocato
2934 5538 3150 5609 Apaga.
3173 5540 3480 5597 Sultanum
3501 5561 3670 5619 porro
