4162 6292
456 358 562 412 615

1745 343 2048 400 GEORGII
2087 343 2548 402 PACHYMERE

3735 340 3845 395 616

458 479 604 535 σιλεῖ
650 472 965 537 σπένδεσθαι
1021 471 1444 544 κατηνάγκαζε).
1493 469 1587 524 Ἐκ
1655 467 1924 539 Κομάνων
1992 462 2093 540 γὰρ
2122 464 2286 542 Αέφ⁷
2345 465 2574 541 ἑκάστῳ,
2633 467 2833 542 νωθροὶ
2887 465 2943 522 δὲ
2995 467 3062 521 τὰ
3117 467 3170 529 ἐς
3227 462 3399 540 ὁρμὰς
3447 463 3538 518 καὶ
3600 461 3837 537 μαλακοὶ

457 570 530 622 ὡν
589 567 816 632 ἐκεῖνος,
849 565 925 623 εἷς
980 565 1086 616 τῶν
1147 558 1224 619 εἷς
1274 556 1522 612 δουλείαν
1566 552 2002 625 ἀποδεδομένων,
2033 549 2095 605 τὸ

456 658 608 733 γένος
668 654 846 723 ἐζήτει
897 650 1013 705 κατ’
1072 648 1242 702 αἴτίαν
1304 647 1525 714 συνετὴν
1575 643 1656 698 ὅτι
1714 644 1802 698 καὶ
1870 640 2094 696 ἐπαίνων

454 732 632 820 ἐγγύς.
666 745 741 797 Τά
789 741 889 815 γὰρ
941 737 1162 813 ἀντικρὺ
1212 733 1474 805 ἀλλήλων
1526 732 1767 806 κλίματα
1822 738 1921 820 τῇς
1970 737 2095 804 γῆς,

451 818 538 889 τό.
567 854 626 887 τε
687 831 898 907 βόρειον
951 827 1038 882 καὶ
1070 827 1129 880 τὸ
1159 825 1360 894 νότιον,
1392 822 1655 895 ἐμφύτοις
1694 821 1804 875 τισὶ
1864 818 2096 890 δυνάμε-

452 945 532 976 σιν
567 921 652 975 ἐπί
689 941 747 974 τε
778 919 1064 990 σωματικῇ
1094 915 1182 969 καὶ
1222 916 1434 986 ψυχικῇ
1491 910 1722 965 διαθέσει
1771 908 2098 962 ἀντιπεπόν-

454 1022 626 1078 θασιν,
661 1009 840 1082 ὥσπερ
901 1003 1036 1073 δῆτα
1088 1004 1176 1057 καὶ
1229 1003 1500 1076 κράσεσιν,
1562 999 1614 1053 ἐν
1666 1000 1749 1058 αῖς
1809 997 1869 1051 οὗ
1933 996 2094 1068 μόνον

457 1100 610 1168 ζώων
668 1095 885 1169 ἀλόγων
945 1092 1081 1166 πρὸς
1135 1090 1301 1162 ὅμοια
1361 1093 1470 1157 ζῶα
1525 1085 1784 1164 διαφορὰς
1821 1083 1965 1159 εὕροι
2013 1105 2096 1145 τις

458 1188 738 1264 ἐμφανεῖς,
771 1181 916 1238 ἀλλὰ
962 1181 1052 1235 καὶ
1103 1180 1239 1252 πρὸς
1282 1176 1600 1251 ἀνθρώπους
1641 1175 1958 1248 ἀνθρώπων.
1995 1175 2096 1228 Βο-

457 1259 626 1350 ρείοις
657 1275 761 1347 γὰρ
789 1272 856 1325 τὰ
888 1275 998 1338 ζῶα
1026 1266 1380 1336 λελεύκωται,
1407 1265 1608 1324 νοτίοις
1643 1261 1698 1316 δὲ
1753 1259 2098 1334 μεμελαίνω-

454 1349 565 1420 ται.
601 1368 679 1430 [Ρ.
714 1362 837 1431 117]
869 1361 1183 1432 Ἄνθρωποι
1217 1352 1275 1407 δέ
1305 1354 1354 1408 ἐν
1413 1354 1504 1424 μὲν
1561 1351 1798 1426 βορείοις
1854 1349 2095 1403 ἀσόνετοι

458 1450 643 1511 ἄλλως
676 1449 766 1503 καὶ
802 1445 962 1520 μόλις
994 1442 1206 1516 λογικοὶ
1235 1435 1806 1513 καταλαμϐανόμενοι,
1841 1437 1891 1492 ἐν
1923 1441 2005 1498 οἷς
2036 1437 2095 1492 οὗ

459 1536 679 1613 λογικαὶ
725 1537 1044 1605 ἐπιστῆμαι,
1092 1531 1152 1584 οὗ
1213 1531 1508 1602 μαθήματα
1558 1529 1775 1601 φυσικὰ,
1827 1527 1890 1580 οὐ
1956 1530 2096 1599 γνῶ-

457 1612 653 1696 σις,οὐ
714 1623 994 1700 φρόνησις,
1029 1619 1088 1674 οὗ
1147 1616 1268 1691 περῖ
1322 1618 1413 1670 τὸν
1465 1617 1582 1690 βίον
1645 1613 1951 1686 οἰκονομίαι
2009 1612 2096 1667 καὶ

456 1720 664 1790 τεχνῶν
715 1710 958 1787 ἐργασίαι
1007 1708 1095 1762 καὶ
1144 1704 1321 1760 τᾶίλλα
1363 1708 1444 1766 οἷς
1477 1709 1581 1758 τῶν
1616 1701 1832 1776 ἀλόγων
1895 1700 2099 1777 ἅνθρωο

2198 556 2333 629 πρὸς
2409 558 2594 632 μάχας
2664 558 2754 612 καὶ
2831 554 3222 632 ἀπραγμοσύνῃ
3306 551 3515 627 μᾶλλον
3577 556 3839 620 συζῶντΞ-’ἶ

2202 641 2359 718 ὀλίγα
2406 642 2552 720 ἔχειν
2612 648 2647 716 ἢ
2680 643 2871 701 πολλᾶ
2926 643 3517 718 πολυπραγμονοῦντες
3575 640 3840 715 αἱρούμε-

2198 753 2301 787 νοι.
2335 734 2555 789 Τούτων
2588 733 2645 789 δὲ
2673 735 2762 789 τὸν
2796 733 2957 802 ἥλιον
3010 732 3292 787 αἰτιάσαιτ’
3326 728 3384 785 ἄν
3442 751 3525 791 τις
3584 750 3836 806 φυσικευ-

2201 821 2412 895 όμενος,
2450 828 2529 894 τῷ
2590 824 2682 896 μὶν
2739 821 2954 896 ὁμιλεῖν
3012 820 3170 896 ὀλίγα
3225 819 3312 874 καὶ
3367 818 3502 892 πρὸς
3535 815 3722 891 ὀλίγον
3781 817 3840 870 οὗ

2515 911 2868 987 θερμαίνοντα
2948 911 3039 965 τὸν
3100 905 3416 986 ἐγκέφαλον,
3476 906 3594 961 ὅθεν
3663 907 3754 960 καὶ

2201 998 2396 1073 εὐφυΐα
2442 999 2821 1074 προσγίνεσθαι
2881 999 3103 1075 πέφυκε,
3159 999 3222 1051 τὸ
3281 994 3454 1072 δέρμα
3521 993 3578 1048 δὲ
3639 1016 3842 1066 συμπι-

2203 1088 2399 1142 λοῦντα
2458 1087 2892 1164 ἀπεργαξόμενον
2946 1091 3061 1147 τοῖς
3124 1085 3310 1158 μέλεσι
3354 1086 3452 1153 τήν
3489 1078 3839 1158 στερρότητα,

2201 1174 2287 1230 ἐπὶ
2321 1173 2376 1229 δέ
2407 1175 2599 1251 θάτερα
2628 1180 2734 1229 τῶν
2770 1179 2944 1249 μερῶν
2975 1179 3054 1245 τῷ
3100 1172 3186 1227 ἐπὶ
3237 1169 3402 1226 πλέον
3449 1170 3666 1242 ὁμιλεῖν
3731 1182 3842 1244 θερ-

2204 1264 2448 1337 μαίνοντο
2510 1265 2603 1336 μὲν
2673 1265 2749 1326 εἷς
2827 1261 3065 1340 εὐφυίαν,
3116 1259 3338 1316 ἔκλυτον
3399 1257 3445 1313 δ’
3498 1258 3572 1320 είς
3629 1256 3843 1332 ἀνδρίαν

2200 1352 2634 1426 ἀπεργαζόμενον
2675 1352 2773 1420 τήν
2817 1349 3143 1424 ὁλομέλειαν
3187 1354 3298 1403 τῶν
3360 1349 3628 1418 σωμάτων
3657 1369 3670 1379 ο
3704 1369 3837 1420 συμο

2205 1440 2574 1512 μετατίθεσθαι
2613 1439 2716 1513 γὰρ
2775 1444 2892 1500 τοῖς
2943 1439 3158 1509 σώμασι
3203 1438 3299 1498 τὰς
3359 1436 3542 1510 ψυχὰς
3601 1435 3628 1488 ὁ
3686 1457 3838 1512 φυσι-

2199 1528 2292 1589 κὸς
2357 1527 2520 1603 λόγος
2578 1524 2790 1581 δίδωσι.
2853 1526 2949 1580 Διά
2995 1531 3218 1580 τοιαῦτα
3274 1525 3364 1578 καὶ
3422 1523 3683 1599 πρότερον
3744 1525 3835 1595 μὲν

2199 1613 2412 1670 πολλοῦ
2453 1615 2651 1688 ετίμων
2684 1616 2744 1670 τὸ
2779 1615 3040 1678 Σκυθικὸν
3089 1614 3370 1681 Αἰθίοπες,
3399 1612 3536 1666 κατὰ
3593 1609 3838 1667 δουλείαν

2204 1703 2296 1775 μὶν
2352 1704 2642 1775 κτώμενοι,
2707 1700 2894 1764 ἄλλως
2945 1700 3001 1756 δέ
3062 1702 3417 1776 στρατιώταις
3481 1701 3610 1772 ὑπὲρ
3665 1699 3832 1754 αὐτῶν

2199 911 2432 985 μετρίως

618 1798 1050 1864 διαστέλλονται,
1104 1796 1278 1871 ὁρμὰς
1349 1793 1530 1866 μέντοι
1609 1787 1955 1866 παραϐόλους
2008 1790 2172 1873 καὶΒ
2202 1792 2505 1866 χρώμενοι.
2548 1791 2677 1844 Τότε
2735 1789 2792 1844 δὲ
2841 1791 2928 1844 καὶ
2979 1789 3053 1852 εἷς
3101 1789 3268 1859 αὐτὴν
3300 1791 3398 1858 τήν
3432 1788 3611 1862 ἀρχὴν
3676 1808 3838 1842 κατα-

461 1893 596 1967 πρὸς
649 1891 834 1963 μάχην
881 1886 1134 1959 ἑτοίμους
1194 1881 1432 1957 ἔχοντες,
1483 1881 1573 1935 καί
1622 1879 1855 1951 ἐτοίμως
1913 1880 2092 1954 ὁρμή-

461 2001 642 2040 σοντες
671 1976 736 2047 -ἤν
780 1998 862 2038 τις
895 1974 1181 2046 ἐποτρύνῃ,
1215 1965 1530 2044 παράϐαλόν
1579 1991 1630 2023 τι
1689 1969 1778 2022 καὶ
1831 1968 2093 2042 βακχικὸν

459 2065 678 2142 ἔχοντες
736 2065 818 2119 ἐπ’
848 2061 1140 2132 ἀλλήλοις,
1174 2059 1263 2114 καὶ
1310 2064 1388 2130 τῷ
1437 2060 1588 2132 Ἀρει
1641 2053 1959 2114 σπένδοντες
1996 2075 2006 2086 ·
2043 2055 2093 2110 ἐν

459 2156 515 2212 δέ
566 2156 767 2217 νοτίοις
821 2149 1132 2207 τούναντίον
1197 2150 1356 2204 ἅπαν.
1418 2150 1644 2203 Ἐκεῖνοι
1705 2145 1806 2219 γὰρ
1885 2145 2097 2220 εὐφυεῖς

462 2248 555 2320 μὲν
592 2244 776 2305 ἄλλως
809 2242 897 2297 καὶ
929 2239 1056 2314 ἄγαν
1092 2237 1299 2292 συνετοῖ
1326 2236 1414 2290 καὶ
1460 2233 1668 2310 ἄριστοι
1717 2235 1782 2287 τά
1829 2233 1882 2296 ἐς
1931 2233 2092 2289 πολι-

456 2336 599 2390 τείαν
651 2333 739 2388 καὶ
788 2330 980 2404 τέχνας
1026 2329 1113 2382 καὶ
1161 2325 1358 2401 λογικά
1409 2325 1702 2396 μαθήματα
1749 2323 1837 2376 καὶ
1897 2320 2097 2397 βουλὰς

456 2535 794 2606 Αέιὴίοριιῐη
817 2531 942 2587 alia
968 2529 1255 2585 utilitates
1278 2526 1641 2598 impulerunt
1662 2527 1735 2580 ad
1759 2524 1946 2580 foedus
1965 2543 2097 2580 cum

457 2625 807 2696 imperatore
855 2619 1210 2674 faciendum.
1263 2615 1395 2669 Erat
1443 2615 1494 2668 is
1542 2629 1752 2684 genere
1782 2612 2096 2678 Comanus,

454 2711 727 2768 venditus
747 2709 882 2764 olim
909 2709 970 2763 in
995 2706 1354 2768 servitutem,
1378 2719 1493 2773 qua
1516 2701 1573 2756 in
1599 2718 1842 2772 regnum
1875 2707 2098 2755 mutata

455 2801 758 2871 satagebat
779 2794 1046 2868 prudenti
1063 2791 1460 2862 laudabilique
1475 2788 1718 2845 consilio
1736 2794 2097 2843 utcommea-

455 2895 551 2944 tus
583 2894 735 2944 esset
761 2885 946 2940 facilis
972 2881 1352 2954 popularibus
1375 2879 1499 2935 suis
1524 2880 1594 2932 ad
1617 2895 1713 2933 eos
1736 2878 1952 2947 quibus
1979 2877 2093 2930 im-

461 2978 722 3050 perabat,
753 2974 1014 3044 indigere
1040 2972 1202 3042 ipsos
1234 2969 1494 3025 sentiens
1528 2967 1626 3022 tali
1661 2965 1897 3020 auxilio.
1946 2965 2095 3019 Sunt

457 3067 749 3122 enimvero
782 3079 895 3116 non
926 3077 1112 3131 magis
1143 3059 1257 3113 situ
1291 3074 1461 3126 quam
1494 3054 1689 3109 indole
1721 3052 2092 3123 naturalique

458 3154 736 3226 qualitate
769 3151 924 3204 inter
955 3165 1014 3202 se
1046 3148 1298 3201 adversa:
1329 3148 1502 3240 atque
1533 3159 1563 3196 e
1593 3142 1879 3240 diametro
1907 3158 2088 3238 oppo-
2119 3185 2161 3250 C

455 3244 577 3296 sitae
608 3246 816 3294 arctore
849 3235 1241 3302 austrinzeque
1271 3230 1557 3297 nationes,
1583 3228 1915 3284 commissis
1946 3229 2090 3282 invi-

455 3346 581 3384 cem
614 3327 962 3398 penitusque
993 3320 1413 3376 dissidentibus
1457 3336 1570 3386 qua
1620 3334 1929 3386 corporum
1981 3333 2096 3387 qua

458 3417 631 3471 etiam
656 3413 987 3468 animorum
1013 3408 1436 3475 affectionibus,
1461 3423 1562 3476 pro
1586 3405 1913 3460 differentia
1935 3406 2062 3460 vide
2083 3436 2095 3447 -

455 3505 593 3559 licet
621 3497 1063 3571 temperamenti
1117 3513 1182 3552 ac
1237 3494 1390 3563 cceli,
1441 3495 1748 3566 quaeinter
1781 3500 2098 3565 utrumque

457 3597 713 3647 tractum
749 3587 1050 3643 intercedit
1075 3604 1090 3654 ;
1112 3585 1282 3655 cujus
1301 3583 1476 3640 etiam
1507 3583 1755 3654 vestigia
1777 3588 2100 3638 cernuntur

455 3681 516 3735 in
543 3679 729 3734 brutis
749 3675 1176 3744 animantibus,
1200 3690 1449 3744 quarum
1471 3673 1578 3728 sub
1594 3672 2098 3742 Septentrionibus

471 3775 614 3824 natze
629 3766 895 3836 alitis-que
913 3781 944 3817 a
961 3761 1190 3832 generis
1213 3763 1476 3831 ejusdem
1494 3762 1705 3833 genitis
1719 3762 2099 3830 educatisque

469 3857 526 3911 in
557 3854 894 3927 regionibus
927 3851 1268 3906 meridianis
1299 3851 1449 3905 haud
1476 3850 1720 3905 modicis
1743 3849 2100 3904 diversitati-

467 3946 576 3999 bus
608 3944 904 4005 differunt,
938 3938 1095 3995 color
1117 3939 1405 4010 siquidem
1437 3940 1610 3993 etiam
1640 3939 1762 4008 ipse
1792 3953 2099 4008 corporum

464 4033 777 4102 discrepat,
801 4031 862 4084 in
893 4027 1232 4083 Borealibus
1258 4027 1375 4082 fere
1406 4027 1715 4095 candidus,
1740 4025 1796 4079 in
1822 4025 2104 4081 Australi-

462 4123 573 4176 bus
602 4127 744 4175 ater.
776 4119 887 4173 Sed
912 4116 1240 4172 animorum
1266 4117 1323 4169 in
1351 4115 1688 4170 hominibus
1710 4115 1948 4184 majoris
1975 4131 2100 4169 [ι]οο

467 4209 646 4264 menti
668 4207 980 4262 discrimen
1005 4209 1115 4270 est,
1137 4205 1486 4258 stolidorum
1511 4209 1567 4258 et
1585 4203 1675 4257 vix
1700 4204 1921 4259 ratione
1941 4209 2103 4258 uten-

464 4298 613 4351 tium
646 4297 702 4349 in
744 4291 1316 4364 septentrionalibus,
1375 4292 1525 4360 apud
1578 4308 1725 4362 quos
1767 4293 1984 4345 frustra
2015 4307 2100 4346 re-

465 4385 661 4454 quiras
684 4383 900 4453 logicas
924 4381 1262 4452 physicasve
1287 4378 1965 4449 disciplinas,scientiam
2000 4384 2102 4434 aut

466 4472 860 4545 prudentiam,
895 4486 1026 4523 cum
1062 4485 1132 4523 ne
1161 4468 1304 4522 ratio
1337 4469 1576 4538 quidem
1613 4469 1854 4537 parandi
1900 4485 2098 4522 neces-

464 4561 604 4616 sarii
626 4561 810 4614 victus
838 4563 938 4613 aut
967 4556 1366 4612 convenientis
1398 4557 1614 4621 cultus,
1649 4572 1759 4609 non
1785 4561 1957 4622 artes,
1985 4573 2098 4609 non
2135 4541 2178 4605 ἶ)

466 4648 716 4720 opificis,
749 4664 862 4701 non
885 4649 1090 4700 caetera
1115 4645 1329 4716 quibus
1356 4644 1621 4698 homines
1645 4661 1678 4698 a
1701 4643 1908 4698 belluis
1930 4644 2097 4698 diffe-

465 4741 623 4804 runt,
669 4735 729 4789 in
763 4735 831 4790 iis
864 4734 1248 4805 reperiantur.
1281 4733 1470 4787 Vividi
1512 4749 1541 4787 e
1572 4733 1860 4788 contrario
1904 4749 2096 4787 acres-

465 4841 596 4896 que,
631 4823 873 4893 projecti
909 4821 978 4875 ad
1011 4825 1411 4891 contemptum
1443 4821 1844 4893 periculorum
1870 4820 2095 4891 cupidi-

465 4929 580 4985 que
611 4911 940 4983 praeliorum
974 4909 1240 4963 Boreales
1264 4915 1424 4977 sunt,
1449 4916 1574 4964 tum
1602 4909 1940 4976 irritabiles,
1966 4914 2020 4964 et
2046 4909 2096 4964 si

465 5002 596 5072 quis
627 4998 968 5064 lacessierit,
1003 4998 1252 5052 fanatico
1285 5004 1520 5052 ruentes
1567 4998 1788 5068 impetu
1823 4999 1878 5052 in
1912 4999 2098 5053 credes

465 5094 723 5154 mutuas,
768 5087 920 5141 I76
969 5084 1236 5139 martiale
1265 5103 1502 5155 prorsus
1537 5102 1718 5156 genus
1760 5091 1815 5140 et
1861 5091 2098 5141 cruente

464 5194 717 5249 pugnax.
751 5176 1006 5239 Quorum
1043 5178 1249 5228 cuncta
1279 5173 1338 5227 in
1379 5174 1753 5228 Australibus
1784 5175 2096 5239 contraria,

464 5265 799 5332 solertibus,
834 5262 1178 5326 mansuetis,
1211 5260 1420 5315 eximie
1443 5259 1690 5328 callidis,
1728 5261 1971 5330 politiore
2006 5280 2096 5315 ra-

465 5354 640 5408 tionis
674 5351 980 5417 consultis,
1007 5348 1278 5404 industrii
1303 5351 1369 5403 ad
1397 5355 1570 5418 artes,
1599 5349 1898 5405 rationalis
1926 5351 2097 5404 disci-

467 5443 634 5514 plina:
666 5441 1001 5512 capacibus,
1037 5439 1301 5494 fecundis
1333 5438 1739 5506 consiliorum,
1769 5443 1826 5494 et
1858 5440 1915 5493 in
1943 5439 2102 5494 omni

464 5530 764 5586 occasione
798 5529 936 5601 quid
972 5529 1262 5598 optimum
1295 5527 1450 5582 factu
1473 5527 1550 5581 sit
1578 5532 1873 5583 momento
1897 5528 2102 5583 viden-

463 5621 644 5690 tibus,
678 5618 936 5674 vicissim
968 5618 1040 5672 ad
1073 5617 1302 5673 labores
1332 5615 1537 5688 pigris,
1563 5618 1634 5671 ad
1658 5633 1887 5690 pugnas
1914 5617 2101 5674 molli-

2205 1879 2421 1940 στάντος
2470 1879 2678 1942 Σκύθου
2722 1880 2782 1932 τὸ
2826 1879 3086 1942 Σκυθικὸν
3137 1879 3445 1947 ἀνεζητεῖτο
3480 1877 3552 1939 ὡς
3585 1878 3837 1952 στρατεύ-

2209 1989 2376 2041 ματος
2424 1967 2600 2044 σφίσιν
2659 1965 2856 2030 ἐκεῖθεν
2910 1968 3334 2040 συστησομένου,
3393 1968 3524 2038 ὅπερ
3581 1967 3681 2020 οὐκ
3735 1964 3836 2020 ἄλ-

2206 2055 2316 2118 λως
2371 2057 2436 2124 ἦν
2484 2055 2666 2118 αὐτοῖς
2711 2053 3044 2128 ὠνουμένοις
3088 2055 3485 2128 μετακομίζειν,
3516 2053 3565 2107 εἴ
3621 2056 3697 2126 μὴ
3748 2051 3836 2107 διά

2202 2149 2297 2199 τοῦ
2348 2148 2532 2199 στενοῦ
2577 2165 2659 2204 τις
2701 2144 2936 2216 Εὐξείνῳ
2979 2140 3323 2219 προσϐάλλοι
3375 2141 3638 2217 θαλάσσῃ.
3669 2148 3832 2197 Τοῦτο

2207 2231 2263 2288 δὲ
2309 2239 2482 2288 ποιεῖν
2546 2234 2620 2305 μή
2663 2231 2943 2304 ἀξιοῦντας
2987 2234 3078 2286 τὸν
3127 2231 3352 2308 βασιλέα
3393 2231 3704 2306 ἀμήχανον.
3741 2232 3829 2285 Διό

2203 2323 2294 2378 καὶ
2339 2319 2574 2384 πολλαῖς
2622 2317 2879 2396 ἐδωρεῖτο
2927 2325 3118 2376 τοῦτον
3168 2320 3524 2390 ἀποστολαῖς,
3558 2320 3637 2397 ἐφ’
3666 2321 3705 2391 ᾧ
3736 2319 3824 2380 τάς

2211 2527 2341 2592 bus,
2374 2525 2490 2580 otio
2521 2525 2933 2596 gaudentibus,
2966 2540 3135 2596 egere
3182 2523 3444 2580 feriendo
3483 2539 3662 2595 quam
3693 2527 3847 2578 sata-

2207 2615 2395 2685 gendo
2438 2614 2736 2668 abundare
2788 2613 3164 2668 malentibus.
3215 2611 3395 2683 Cujus
3426 2616 3599 2666 tantae
3632 2610 3850 2665 discre-

2208 2701 2481 2772 pantizesi
2507 2702 2640 2772 quis
2665 2701 2773 2756 soli
2797 2718 3036 2756 causam
3060 2701 3433 2772 imputaverit
3456 2700 3610 2754 haud
3641 2715 3676 2753 a
3698 2716 3850 2764 vero,

2209 2790 2265 2844 ni
2302 2789 2488 2857 fallor,
2526 2789 2837 2844 aberrabit.
2862 2789 3008 2855 Quia
3028 2789 3180 2843 enim
3205 2789 3334 2858 ejus
3360 2788 3507 2844 radii
3529 2792 3774 2842 Arctoos
3796 2792 3851 2841 et

2205 2881 2412 2950 exiguo
2445 2884 2706 2949 tempore
2740 2882 2795 2931 et
2824 2894 2954 2932 raro
2985 2883 3043 2933 et
3068 2877 3303 2948 oblique
3335 2877 3696 2940 illuminant,
3733 2891 3844 2929 non

2203 2983 2331 3022 eam
2364 2967 2612 3022 cerebris
2645 2965 2917 3020 humanis
2939 2966 3132 3021 vitalis
3155 2965 3363 3020 caloris
3385 2981 3724 3019 mensuram
3761 2964 3843 3017 af-

2203 3055 2365 3121 ﬂant,
2381 3072 2502 3125 quae
2518 3055 2588 3108 ad
2602 3053 2992 3124 expediendas
3005 3054 3373 3125 operationes
3387 3053 3696 3117 mentium,
3716 3067 3844 3106 sen-

2201 3160 2418 3214 susque
2441 3143 2768 3198 communis
2796 3143 3174 3198 acrimoniam
3200 3141 3607 3212 requireretur.
3635 3139 3840 3212 Frigus

2202 3248 2370 3304 porro
2385 3232 2544 3287 illius
2559 3231 2686 3286 cmli
2706 3231 2992 3297 naturale,
3017 3230 3226 3286 solaris
3249 3230 3466 3301 teporis
3481 3229 3832 3284 admistione

2201 3320 2471 3389 liberum,
2496 3320 2782 3374 addensat
2806 3319 3089 3388 duratque
3111 3324 3304 3374 cutem
3330 3335 3665 3388 corporum,
3690 3334 3835 3371 cras-

2202 3409 2514 3478 sitiemque
2547 3413 2603 3462 et
2633 3407 2989 3462 soliditatem
3011 3406 3547 3462 inducitmembris.
3574 3406 3693 3461 Sub
3717 3422 3838 3459 me-

2203 3496 2428 3551 ridiano
2458 3499 2661 3550 contra
2689 3494 2907 3550 circulo
2929 3499 3030 3550 aut
3060 3497 3117 3549 in
3145 3493 3552 3550 accedentibus
3575 3494 3642 3548 ad
3674 3492 3833 3547 illum

2203 3585 2375 3640 terris
2395 3584 2754 3654 frequentius
2777 3583 3094 3638 imminens
3124 3584 3607 3653 constantiusque
3629 3582 3836 3636 immo~

2205 3689 2341 3727 rans
2359 3689 2423 3727 ac
2450 3688 2702 3742 superne
2731 3673 3052 3742 incoquens
3083 3673 3348 3742 subjecta
3367 3687 3547 3742 vapor
3573 3670 3829 3725 ardentis

2206 3760 2346 3817 solis
2377 3761 2602 3832 eliquat
2634 3777 2899 3832 corpora,
2931 3767 2987 3815 et
3026 3761 3096 3814 ad
3147 3777 3356 3815 omnen
3403 3764 3667 3814 motuum
3718 3759 3839 3813 ala-

2207 3850 2467 3905 critatem
2504 3850 2925 3918 audaciamque
2955 3849 3343 3904 certaminum
3397 3848 3585 3903 ﬂuxos
3615 3847 3836 3918 langui-

2207 3939 2427 4009 dosque
2459 3943 2622 3993 artus
2653 3937 2850 3993 efﬁcit.
2882 3937 3078 3992 Afficit
3110 3941 3304 3991 autem
3339 3935 3690 4006 alterariqne
3715 3936 3837 3989 ani-

2209 4044 2334 4082 mos
2349 4043 2637 4081 consensu
2653 4029 2905 4096 quodam
2921 4024 3838 4096 qualitatibusfettemperamento

2207 4131 2530 4186 corporum,
2567 4114 2854 4168 naturalis
2883 4113 3061 4168 tradit
3103 4113 3268 4182 ratio,
3317 4115 3672 4183 experientia
3701 4129 3836 4168 sane

2208 4204 2589 4275 suffragante.
2625 4201 2725 4256 llis
2755 4203 2827 4256 de
2857 4203 3050 4257 causis
3079 4207 3138 4256 et
3184 4202 3323 4257 olim
3355 4201 3649 4272 Ethiopes
3678 4201 3840 4256 valde

2205 4293 2539 4363 gaudebant
2567 4288 2846 4345 afﬂuente
2877 4291 2944 4344 ad
2996 4291 3154 4360 ipsos
3201 4290 3367 4361 copia
3409 4290 3834 4361 mancipiorum

2207 4379 2456 4452 Scythici
2507 4379 2740 4451 generis
2788 4379 3005 4450 quippe
3047 4395 3298 4449 quorum
3363 4395 3539 4449 opera
3583 4396 3717 4433 cum
3768 4378 3838 4432 ad

2205 4485 2376 4523 omne
2398 4467 2754 4522 laboriosum
2780 4467 3172 4522 ministerium
3198 4472 3324 4522 tum
3348 4469 3417 4522 ad
3438 4467 3841 4523 contentiones

2208 4557 2581 4626 impetusque
2613 4555 2941 4626 praeliorum
2977 4556 3035 4610 in
3069 4573 3187 4611 usu
3234 4556 3575 4612 necessariae
3606 4556 3841 4611 tuendis

2209 4646 2426 4700 ﬁnibus
2443 4644 2661 4699 militiae
2685 4644 3088 4714 percommode
3108 4648 3440 4712 uterentur;
3477 4662 3624 4715 quos
3649 4645 3839 4699 minus

2208 4734 2425 4788 mirum
2489 4732 2920 4804 imperitatnem
2945 4734 3070 4802 jam
3121 4733 3269 4804 ipsis
3301 4732 3598 4787 hominem
3631 4737 3759 4788 ortu
3791 4738 3846 4787 et

2210 4821 2507 4877 natalibus
2539 4825 2824 4888 exterum,
2857 4837 2992 4875 cum
3042 4821 3297 4892 proprio,
3358 4827 3482 4876 tum
3518 4821 3714 4892 populi
3751 4821 3842 4875 cui

2210 4915 2451 4981 praeerat
2478 4908 2670 4980 genio,
2703 4925 2821 4963 suae
2851 4910 3039 4977 gentis
3069 4909 3425 4964 consortium
3461 4909 3841 4965 consuetudi-

2209 5015 2462 5068 nemque
2507 4998 2825 5066 aﬁ‘ectasse,
2880 4997 3121 5052 militari
3181 4998 3404 5068 utique,
3454 5015 3572 5068 qua
3619 4998 3842 5068 egebat,

2209 5104 2385 5142 manu
2416 5103 2527 5140 non
2562 5084 2799 5140 aliunde
2822 5086 2939 5157 ipsi
2968 5103 3144 5156 quam
3177 5103 3241 5140 ex
3277 5092 3475 5156 empta
3495 5093 3841 5154 evocataque

2208 5176 2660 5245 indejnventnte
2676 5176 3062 5245 suggerenda.
3091 5175 3236 5238 Quia
3269 5191 3400 5230 vero
3422 5174 3663 5246 Scythas
3689 5175 3757 5228 ad
3782 5190 3842 5228 se

2209 5270 2332 5319 tuto
2364 5264 2670 5334 deportare
2700 5263 2814 5317 nisi
2838 5263 3036 5318 missis
3061 5264 3130 5318 ad
3154 5263 3443 5318 Euxinum
3473 5263 3720 5318 navibus
3744 5279 3843 5316 ne-

2210 5353 2432 5424 quibat,
2463 5352 2633 5421 cujus
2666 5351 2844 5406 maris
2877 5352 3069 5406 fauces
3103 5368 3234 5406 cum
3266 5351 3418 5406 haud
3453 5351 3630 5406 dubie
3660 5352 3844 5405 forent

2211 5442 2269 5495 in
2301 5442 2447 5495 177
2486 5445 2773 5510 potestate
2802 5440 3167 5495 imminentis
3214 5439 3330 5494 illis
3359 5439 3841 5509 Constantinopo-

2210 5529 2400 5583 litanae
2432 5529 2707 5596 civitatis,
2763 5529 2928 5585 facile
2975 5530 3207 5585 vibebat
3255 5529 3510 5599 prudens
3561 5528 3868 5583 barbarus'

2213 5634 2587 5689 nequaquam
2621 5617 2760 5689 sibi,
2789 5618 2940 5688 quod
2971 5619 3224 5690 optabat,
3254 5616 3418 5673 aliter
3445 5633 3620 5688 quam
3658 5616 3844 5688 gratia
