4158 6280
325 321 434 376 617

1375 328 1471 380 DE
1507 325 1874 381 MICHAELE
1911 321 2356 377 PALJEOLOGO
2397 323 2529 376 LIB.
2572 324 2672 377 III.

3624 328 3728 381 618

327 441 535 506 ἐκεῖθεν
568 441 1032 516 διαπλοϊζομένας
1061 452 1188 515 νῆας
1247 444 1468 521 ῥᾳδίως.
1523 446 1756 518 Εὐξείνῳ
1803 466 1972 521 προσ·
2005 453 2057 519 Α
2090 443 2298 512 ἄλλως,
2360 446 2433 506 ὡς
2489 444 2577 499 καὶ
2637 446 2789 499 παισὶ
2832 447 3117 514 παίζεσθαι
3174 446 3443 522 ἀγόμενον
3474 448 3533 503 ἐκ
3565 450 3732 523 ῥινὸς,

328 526 584 601 ϐάλλειν,
615 533 704 585 καὶ
735 533 864 596 τοὺς
892 532 942 586 ἐν
976 533 1162 597 αὐταῖς
1192 532 1378 590 πολλά
1419 534 1666 596 διδόντας
1725 536 1982 609 μείρακας

331 620 635 683 Σκυθικοὺς
675 618 984 690 ἐξωνεῖσθαι
1040 623 1129 676 καὶ
1179 623 1313 699 πρὸς
1356 625 1423 678 τὰ
1472 623 1582 678 ἴδια
1612 624 1977 689 ἐπανήκοντας

332 708 537 786 φέρειν,
568 710 596 763 ὃ
632 707 698 779 δή
732 710 821 763 καὶ
871 710 1144 773 πολλάκις
1189 715 1405 788 γεγονὸς
1456 710 1720 787 ἔγνωμεν,
1778 711 1974 774 ἐκεῖθεν

332 800 429 868 μὲν
479 802 585 852 τῶν
630 818 983 873 χαρισμάτων
1034 801 1168 874 πρὸς
1221 800 1444 875 βασιλία
1494 798 1975 872 διαπεμπομὲνων,

330 885 574 950 ἐντεῦθεν
626 884 666 941 δ’
718 887 1081 963 ἀνοιγομένης
1114 889 1260 966 σφίσι
1311 896 1409 960 τῆς
1460 891 1594 963 πρὸς
1627 888 1829 943 ἐκεῖνον
1883 908 1975 940 κε-

325 972 553 1030 λεύθου.

529 1114 589 1172 δ’.
625 1117 755 1192 Περὶ
796 1116 1369 1192 καμηλοπαρδάλεως,
1412 1118 1599 1174 ὁποῖόν
1634 1118 1765 1173 ἐστι.

398 1246 482 1315 [Ρ.
518 1244 635 1315 118]
683 1245 772 1296 Ἐν
821 1240 878 1296 δὲ
919 1249 1034 1304 τοῖς
1074 1243 1403 1317 χαρίσμασιν
1458 1244 1524 1311 ἦν
1583 1244 1671 1297 καὶ
1723 1241 1971 1313 καμηλο-

321 1328 613 1402 πάρδαλις,
674 1335 811 1398 ζῶον
874 1334 1174 1403 θαυμάσιον
1229 1333 1318 1385 καὶ
1377 1332 1669 1401 ἀσύνηθες,
1727 1330 1852 1403 περὶ
1907 1330 1967 1383 οὗ

318 1419 483 1494 ὀλίγα
518 1419 794 1494 βούλομαι
856 1418 1059 1494 λέγειν,
1095 1426 1209 1475 τοῖς
1248 1422 1339 1492 μὲν
1374 1418 1576 1474 ἰδοῦσιν
1637 1419 1964 1492 ὑπόμνησιν,

310 1514 437 1568 τοῖς
490 1506 546 1561 δὲ
599 1506 740 1580 μηδὲ
772 1509 1122 1580 θεασαμένοις
1171 1507 1536 1563 διδασκαλίαν.
1590 1512 1761 1581 Σῶμα
1790 1506 1965 1578 τούτῳ

316 1595 542 1669 μέτριον
594 1597 712 1651 κατ’
760 1593 912 1658 ὄνους
961 1596 1053 1659 οὕς
1111 1596 1385 1658 κάνθωνας
1443 1594 1778 1668 ὀνομάζομεν
1839 1593 1961 1666 δέρ-

312 1705 389 1756 μα
416 1685 556 1738 κατά
584 1683 903 1757 παρδάλεις,
939 1683 1131 1739 λευκὸν
1160 1685 1249 1739 καὶ
1290 1685 1519 1761 πυρῥαῖς
1567 1683 1749 1760 φολίσι
1796 1684 1958 1737 κατά-

2082 533 2171 587 καὶ
2226 536 2509 603 πειθήνιον
2546 534 2598 596 ἐς
2652 536 2788 589 ὅπου
2839 530 3019 597 θέλοις
3079 536 3611 613 ὁρμᾷν,ποηφάγον,
3639 539 3729 592 καὶ

2083 619 2229 695 ἄρτῳ
2278 622 2365 676 καὶ
2414 626 2575 694 κριθῇ
2604 622 2739 677 κατά
2765 624 2827 677 τὸ
2872 618 3145 697 πρόϐατον
3196 625 3605 697 ψωμιζόμενον.
3656 628 3726 680 Τὸ

2118 713 2129 731 ν
2688 714 2702 735 J
2815 710 2856 729 δ’
2906 710 2930 729 ν
3210 716 3225 735 Ι
3447 715 3461 731 \
3586 715 3599 733 \

2082 708 2109 763 δ
2179 713 2312 779 ἦθος
2344 711 2655 785 χειρόηθες,
2708 718 2747 765 l]
2811 730 2837 765 ο
2900 734 3077 785 αμυνα
3130 734 3307 785 τούτῳ
3364 734 3501 790 προς
3548 736 3607 769 το
3640 714 3727 770 λυ-

2078 803 2211 853 ποῦν
2249 802 2346 871 (τῷ
2376 821 2610 873 μεγιστῳ
2658 802 2761 874 γάρ
2801 798 2949 875 με’ρει
2998 802 3086 855 καὶ
3136 807 3295 857 τοῦτο
3350 802 3721 879 φιλοτιμεῖται

2076 893 2192 949 τοῖς
2244 890 2405 956 ζώοις
2454 892 2487 957 ἡ
2544 888 2722 963 φύσις,
2773 890 2846 950 ὡς
2892 889 2944 943 εἷ’
2980 911 3061 951 τις
3105 890 3405 945 ἐπιτίθοιτο
3439 912 3725 967 προσαμυ-

2076 978 2299 1048 νεῖσθαι)
2352 975 2457 1051 οὐχ
2488 975 2635 1048 ὁπλῇ
2667 978 2802 1031 κατά
2827 976 2951 1038 τοὺς
2979 976 3203 1047 ἵππους,
3263 979 3297 1047 ἢ
3352 979 3534 1055 κέρατι
3584 981 3723 1035 κατά

2082 1065 2210 1139 βοῦς
2257 1062 2409 1137 (οὐδέ
2453 1066 2555 1140 γὰρ
2603 1067 2815 1138 κέρασιν
2866 1064 3155 1136 ἔστεπται),
3216 1067 3314 1121 οὐκ
3368 1066 3547 1123 ὀδόντι
3588 1072 3721 1124 κατὰ

2071 1152 2199 1215 τοὺς
2230 1155 2490 1228 κάπρους,
2525 1153 2623 1207 οὐκ
2668 1152 2810 1224 ὄνυξι
2857 1155 2993 1209 κατά
3040 1156 3133 1217 τὰς
3183 1154 3375 1231 γαλᾶς,
3434 1158 3620 1229 μόνοις
3661 1156 3719 1213 δὲ

2069 1247 2185 1303 τοῖς
2242 1240 2481 1311 ὀδοῦσιν,
2543 1243 2717 1314 οἶμαι,
2780 1242 2868 1296 διὰ
2926 1241 3217 1315 δηγμάτων
3282 1246 3529 1319 μετρίων,
3591 1247 3715 1299 ὅσον

2070 1330 2158 1383 καὶ
2190 1327 2480 1383 ἀποσοϐεῖν
2508 1330 2571 1383 τὸ
2604 1329 2808 1384 λυποῦν
2867 1331 2942 1403 μή
2997 1331 3261 1405 βλάπτον·
3298 1330 3422 1386 οὐδὶ
3469 1333 3568 1408 γάρ
3627 1356 3711 1396 τις

2071 1418 2149 1479 ἰὸς
2179 1424 2296 1480 τοῖς
2328 1416 2539 1472 ὀδοῦσιν
2601 1418 2947 1491 ἐντὲθραπται
3007 1421 3121 1473 κατ’
3179 1419 3354 1474 ἐκεῖνα
3410 1424 3439 1476 ἃ
3498 1420 3562 1491 δὴ
3595 1429 3711 1485 τοῖς

2065 1508 2338 1568 τοιούτοις
2385 1509 2419 1575 ἡ
2476 1507 2631 1580 φύσις
2691 1505 2929 1575 ὁπλίζει.
2987 1513 3160 1561 Τοῦτο
3219 1510 3291 1569 ὡς
3346 1507 3398 1563 εἷ’
3448 1531 3498 1564 τι
3549 1510 3710 1584 τέρας

2064 1596 2260 1659 ἐκεῖθεν
2312 1594 2447 1669 πρὸς
2497 1594 2723 1670 βασιλέα
2774 1593 3117 1668 διακομισθὲν
3170 1597 3397 1668 ἑκάστης
3437 1598 3610 1672 θὲαμα
3642 1603 3706 1669 ἦν

2062 1685 2151 1739 καὶ
2178 1686 2355 1761 τρυφὴ
2382 1689 2497 1745 τοῖς
2532 1687 2700 1758 ὁρῶσι
2730 1682 2799 1738 δι’
2830 1686 3024 1757 ἀγορᾶς
3054 1683 3376 1757 ἑλκόμενον.

310 1794 551 1875 "amota
597 1774 739 1875 035:“
788 1774 1038 1875 “€415?”
1083 1774 1220 1875 κείξά
1264 1776 1359 1835 τὰς
1401 1774 1686 1875 minim.“
1735 1773 1784 1843 ἐξ
1834 1772 1956 1875 δξτί·
1986 1811 2033 1875 Β
2064 1794 2123 1847 ε’.
2156 1793 2346 1855 ’Ὁπως
2372 1790 2683 1862 αὐξηθέντες
2714 1790 2969 1851 Αἰθίοπες
2994 1791 3059 1846 τὰ
3088 1791 3222 1845 κατά
3254 1793 3449 1866 Συρίαν
3482 1790 3700 1871 διεπρά-

310 1861 473 1924 σθίων
514 1857 806 1935 βουϐώνων
840 1862 891 1924 ἐς
922 1861 1108 1933 ὤμους
1140 1863 1444 1937 ἀνωφερὴς,
1473 1867 1580 1916 τῶν
1611 1861 1952 1935 ἐμπροσθίων

306 1947 495 2004 ποδῶν
561 1945 956 2023 ὑπερκειμένων
1006 1949 1289 2026 αὐτάρκως
1336 1955 1445 2005 τῶν
1502 1947 1740 2003 ὄπισθεν·
1799 1950 1951 2023 Τρά-

307 2036 497 2113 χηλος
526 2039 660 2093 κατά
690 2038 946 2114 γεράνους
1004 2038 1090 2093 ἐπὶ
1144 2042 1407 2111 μήκιστον
1448 2038 1818 2109 ἐκτεινόμενος
1863 2037 1951 2091 καὶ

302 2126 361 2189 ἐς
413 2126 657 2203 κεφαλὴν
705 2126 1057 2198 ἀναγόμενος,
1116 2128 1191 2187 ὡς
1223 2126 1505 2201 ἀγέρωχον
1536 2128 1595 2180 τὸ
1631 2131 1764 2195 ζῶον
1796 2126 1950 2200 ἐγκα-

305 2220 516 2286 θιστᾷν.
570 2212 795 2290 Κεφαλὴ
849 2211 905 2268 δὲ
956 2216 1082 2289 βαιά
1129 2214 1218 2268 καὶ
1271 2212 1649 2287 καμηλοειδης
1702 2218 1780 2285 τῷ
1813 2216 1949 2287 σχή-

300 2326 456 2377 ματι.
522 2304 720 2358 Λευκὸν
773 2304 871 2370 τὴν
929 2302 1164 2370 κοιλίαν,
1220 2303 1309 2356 καὶ
1368 2303 1472 2356 ἀπὸ
1522 2300 1810 2377 τραχήλου
1860 2300 1948 2355 διὰ

298 2393 526 2470 ῥάχεως
568 2394 745 2461 πάσης
786 2391 876 2446 καὶ
922 2389 1025 2452 ἕως
1076 2390 1242 2466 οὐράς
1293 2391 1511 2467 μετρίας
1543 2392 1809 2463 γραμμὴν
1856 2391 1942 2445 ἐπὶ

295 2481 547 2554 στάθμην
624 2480 878 2553 μέλαιναν
965 2479 1215 2533 ἰθύντατα
1290 2479 1686 2553 περικείμενον.
1776 2477 1942 2541 Ιίόδες

293 2569 494 2627 λεπτοὶ
542 2571 660 2625 κατ’
712 2567 943 2647 ἐλάφους
1000 2568 1089 2623 καὶ
1156 2566 1538 2643 διχηλοῢντες.
1592 2570 1832 2642 ’Ἠμερον
1894 2565 1939 2621 δ’

295 2777 358 2828 et
388 2768 670 2826 beneflcio
696 2767 1038 2838 imperantis
1065 2766 1183 2822 illic
1202 2782 1373 2837 posse
1395 2765 1945 2837 contingere.Quare

304 2862 423 2915 isto
446 2866 510 2913 ut
539 2859 761 2931 placato
790 2857 1191 2927 benevoloque
1222 2861 1502 2921 uteretur,
1538 2855 1741 2909 multis
1786 2855 1941 2925 lega-

308 2947 543 3001 tionum
574 2952 626 3001 et
650 2946 961 3002 missorum
986 2963 1117 3001 cum
1148 2944 1266 2999 illis
1290 2960 1598 2999 munerum
1624 2944 1943 2998 conabatur

306 3033 523 3090 ofﬁciis
554 3035 802 3105 assequi.
839 3036 951 3090 Nec
982 3035 1133 3089 votis
1162 3033 1393 3091 excidit:
1429 3037 1677 3103 augusto
1726 3032 1940 3103 quippe

299 3122 787 3179 annuentelibere
811 3124 1217 3179 commeabant
1234 3121 1289 3174 in
1317 3121 1601 3175 Euxinum
1619 3120 1780 3174 missi
1805 3137 1936 3174 cum

298 3229 448 3267 auro
481 3211 664 3267 multo
690 3213 762 3267 ab
794 3212 1123 3282 (Ethiopum
1162 3209 1441 3280 principe,
1476 3208 1572 3278 qui
1596 3208 1936 3279 Scytharum

2419 1864 2594 1931 ξαντο.
2628 1863 2733 1917 Καὶ
2763 1862 2828 1916 τά
2857 1864 2991 1918 κατά
3019 1864 3108 1917 τὸν
3142 1862 3345 1937 Νόγανζ

2138 1954 2215 2019 [Ρ.
2253 1954 2374 2023 119]
2407 1949 2578 2007 Ἀλλά
2608 1955 2771 2005 ταῦτα
2821 1952 2915 2023 μὲν
2963 1956 3041 2023 τῷ
3086 1957 3367 2025 κρατοῦντι
3416 1952 3700 2029 πεπράχα-

2060 2061 2144 2094 ται
2179 2038 2398 2109 δοκήσει
2424 2044 2522 2095 τοῦ
2572 2040 2837 2094 συνοίσειν
2885 2046 3001 2102 τοῖς
3049 2042 3360 2116 ἡμετέροις.
3419 2044 3520 2097 Καὶ
3574 2046 3696 2098 ὅσον

2063 2131 2158 2199 μὲν
2218 2128 2292 2190 εἰς
2352 2128 2574 2201 εἰρήνην
2632 2128 2853 2183 ἀνυστὸν
2907 2130 2972 2196 ἦν
3031 2130 3095 2183 τὸ
3152 2131 3700 2205 πραγματευόμενον,

2058 2214 2244 2277 ἄλλως
2302 2215 2358 2271 δὲ
2415 2217 2502 2271 καὶ
2571 2217 2622 2279 ἐς
2683 2216 2935 2291 μέγιστον
2993 2217 3370 2289 ἐλυμήναντοο
3424 2226 3541 2280 ταῖς
3595 2223 3695 2296 γάρ

2055 2304 2296 2378 συνεχέσι
2372 2303 2754 2377 μετακομίσεσι
2825 2309 2931 2358 τῶν
3014 2307 3263 2379 βορὲαθεν
3334 2310 3698 2381 μειρακίσκων

2052 2393 2266 2461 πλῆθος
2340 2392 2389 2447 ἐν
2462 2398 2636 2465 καιρῷ
2692 2394 2882 2447 συστὰν
2938 2395 3323 2467 στρατιωτικὸν
3383 2392 3582 2467 ηὔξησὲ
3637 2419 3694 2452 τε

2051 2482 2150 2547 τὴν
2202 2480 2308 2534 τῶν
2370 2478 2649 2544 Αἰθιόπων
2683 2482 3007 2554 ὁρμὴν,καὶ
3068 2483 3200 2554 ὑπὲρ
3258 2483 3325 2536 τά
3380 2481 3693 2556 ἐσκαμμένα

2050 2567 2293 2639 ἐπήδων,
2346 2571 2420 2633 ὡς
2476 2568 2747 2633 πολλάκις
2799 2574 2879 2641 τῷ
2932 2571 3067 2624 κατά
3126 2576 3258 2647 σφᾶς
3303 2572 3535 2647 ἀσφαλεῖ
3565 2573 3693 2648 θαρ-

2056 2774 2110 2820 et
2142 2783 2287 2822 naso
2319 2770 2571 2822 tractum
2606 2784 2721 2822 non
2756 2767 3001 2822 invitum
3031 2771 3312 2839 sequatur
3343 2785 3692 2840 quocunque

2055 2856 2310 2911 duxeris.
2343 2856 2529 2910 Herba
2556 2856 2832 2911 vescitur:
2866 2857 2964 2909 sed
3000 2860 3057 2910 et
3089 2872 3297 2926 panem
3320 2861 3376 2911 et
3407 2856 3687 2913 hordeum

2050 2961 2165 3001 non
2199 2943 2395 3000 minus
2427 2961 2603 3016 quam
2635 2961 2769 2999 oves
2802 2943 3050 2999 libenter
3078 2944 3537 3014 gustat.Indoles
3568 2950 3687 3000 tra-

2049 3034 2279 3089 ctabilis
2310 3050 2413 3089 nec
2439 3034 2741 3088 iracunda.
2774 3032 2828 3087 Si
2858 3032 2997 3103 quid
3022 3034 3283 3087 offendat
3314 3034 3471 3103 (nam
3506 3034 3685 3088 ferme

2048 3124 2667 3178 animantibusnatura
2681 3121 3154 3193 quibusinjurias
3172 3122 3685 3193 propulsentarma

2048 3228 2163 3267 non
2197 3211 2468 3281 negavit),
2500 3211 2548 3265 si
2580 3210 2747 3279 quid,
2778 3209 3044 3281 inquam,
3067 3209 3345 3264 infestum
3372 3210 3679 3279 ingruerit,

297 3300 874 3356 adolescentulorum
901 3300 1219 3354 maximum
1244 3313 1455 3368 magna
1480 3299 1724 3369 pecunia
1754 3314 1939 3351 coem-
1969 3296 2010 3362 C
2050 3317 2163 3354 non
2198 3301 2252 3353 id
2288 3299 2445 3354 calce
2477 3304 2539 3353 ut
2562 3300 2719 3368 equi,
2752 3315 2865 3353 non
2890 3303 2954 3351 ut
2982 3298 3155 3353 boves
3187 3314 3390 3366 cornu,
3426 3312 3537 3365 quo
3584 3314 3680 3351 ca-

302 3396 475 3462 ptum
508 3406 820 3445 numerum
852 3389 964 3459 ipsi
996 3389 1396 3457 perducerent;
1422 3386 1573 3456 quod
1603 3402 1755 3456 saepe
1776 3386 1933 3440 lacti-

296 3484 490 3533 tatum
526 3479 814 3546 novimus,
847 3493 915 3531 ex
944 3492 1059 3546 quo
1092 3474 1391 3529 blanditiis
1422 3475 1703 3529 donorum
1730 3474 1934 3529 delini-

298 3572 395 3623 tus
429 3568 749 3638 imperator
778 3581 906 3621 eam
937 3563 1150 3636 aperiri
1181 3568 1237 3619 et
1270 3568 1393 3618 tuto
1422 3563 1773 3635 frequentari
1813 3579 1935 3634 pcr-

300 3655 471 3710 misit
500 3654 675 3710 viam.

515 3743 564 3796 4.
602 3747 681 3798 De
711 3742 1166 3813 cameloPardali,
1199 3741 1358 3811 quale
1388 3738 1601 3795 animal
1629 3740 1719 3795 sit.

370 3833 651 3887 Caeterum
686 3831 745 3885 in
778 3830 945 3885 donis
980 3831 1083 3885 hac
1113 3830 1181 3884 de
1213 3846 1390 3884 causa
1425 3829 1621 3883 missis
1677 3828 1934 3884 camelo-

300 3920 567 3993 pardalis
626 3919 735 3973 fuit
789 3918 1005 3973 animal
1063 3934 1262 3972 rarum
1292 3923 1349 3972 et
1398 3917 1686 3985 mirabile,
1719 3919 1788 3971 de
1822 3935 1935 3987 quo

304 4006 579 4081 pluscula
634 4006 730 4062 hic
785 4007 1035 4077 sujicere
1088 4004 1341 4075 decrevi,
1395 4011 1459 4059 ut
1502 4006 1602 4074 qui
1668 4005 1937 4060 viderunt

302 4097 689 4152 recordentur
744 4097 843 4167 qui
902 4111 1015 4149 non
1051 4094 1317 4148 viderunt
1372 4093 1620 4148 discant.
1656 4092 1836 4147 Moles
1883 4093 1934 4148 ei

296 4183 563 4256 corporis
610 4200 725 4238 non
754 4180 1185 4252 magna,qualis
1217 4181 1395 4235 ferme
1430 4196 1775 4250 magnorum
1810 4181 1937 4234 asi-

301 4290 540 4343 norum,
575 4289 718 4342 quos
748 4270 1066 4326 canthones
1098 4286 1391 4324 vocamus.
1436 4268 1591 4324 Pelle
1622 4269 1937 4325 obducitur

298 4359 646 4432 pardalibus
705 4358 905 4425 simili,
957 4357 1151 4411 rubris
1198 4358 1255 4411 in
1316 4357 1446 4412 albo
1492 4356 1744 4427 sparsim
1778 4372 1936 4410 com-

296 4452 521 4519 puncta
572 4446 844 4516 maculis,
893 4444 1319 4516 magnitudinis
1350 4462 1414 4500 ac
1446 4445 1645 4517 ﬁgurae
1695 4462 1934 4515 squam-

298 4553 555 4593 marum.
593 4537 797 4591 Forma
823 4535 1082 4606 corporis
1112 4534 1362 4589 camelos
1393 4534 1680 4602 imitatur,
1714 4550 1747 4588 a
1774 4539 1935 4605 tergo

2041 3393 2271 3454 ret,non
2301 3388 2470 3443 dente
2501 3387 2885 3458 sanguinario
2925 3394 2977 3442 et
3010 3385 3279 3453 terribili,
3303 3389 3366 3439 ut
3398 3384 3674 3455 apri,non

2040 3475 2337 3545 unguibus
2368 3480 2431 3529 ut
2459 3475 2746 3543 feles,sed
2780 3473 2938 3539 solis,
2975 3478 3139 3543 puto,
3174 3489 3287 3526 non
3320 3471 3506 3526 acutis
3537 3472 3676 3525 den-

2038 3563 2196 3617 tibus
2247 3562 2551 3617 ulciscitur
2582 3579 2684 3633 per
2713 3578 2946 3617 morsus
2970 3578 3084 3616 non
3117 3561 3511 3626 rabiosos,sed
3547 3576 3675 3615 mo-

2040 3654 2292 3718 deratos,
2321 3650 2696 3721 utintelligas
2727 3651 2880 3706 nolle
2911 3652 3105 3722 ipsum
3139 3649 3266 3705 aliis
3299 3650 3674 3713 nocere,satis

2039 3741 2341 3796 habensab
2367 3755 2492 3795 sese
2517 3740 3045 3810 quomodocunque
3068 3739 3410 3809 propulsare
3433 3751 3669 3790 noxam.

2038 3830 2237 3900 Neque
2266 3828 2487 3884 visulla
2508 3826 2715 3882 veneni
2759 3826 3033 3882 dentibus
3058 3827 3259 3881 subest
3280 3826 3335 3881 in
3361 3824 3675 3897 perniciem

2040 3920 2243 3974 dentes
2300 3923 2510 3973 natura
2562 3932 2664 3987 pro
2725 3916 2903 3970 armis
2964 3916 3144 3970 dedit.
3180 3915 3321 3969 Talo
3356 3913 3675 3984 peregrinae

2040 4007 2239 4062 formze
2276 4006 2492 4061 animal
2510 4022 2576 4060 ex
2595 4003 2879 4075 EtbiOpia
2894 4004 2963 4058 ad
2989 4004 3398 4073 imperatorem
3425 4001 3675 4057 missum

2040 4096 2435 4165 spectaculum
2468 4092 2995 4163 diuquotidianum
3026 4092 3431 4161 etjucundum
3459 4088 3677 4159 Byzan-

2038 4182 2179 4238 tinis
2210 4181 2477 4254 praebuit,
2510 4197 2611 4253 per
2643 4182 2770 4236 fora
2792 4183 2848 4235 et
2884 4178 3108 4251 plateas
3143 4179 3409 4234 ductum.

2039 4344 2094 4397 5.
2133 4343 2194 4398 Ut
2223 4341 2371 4396 aucli
2398 4341 2608 4396 viribus
2651 4339 2927 4468 Ethioplev's
2960 4340 3019 4392 in
3046 4339 3215 4410 Syria
3253 4352 3368 4393 rem
3396 4337 3680 4407 gesserint,

2687 4428 2715 4466 e
2806 4429 2834 4463 cf
2916 4426 3033 4468 oaa.

2687 4426 2738 4467 et
2768 4426 2834 4466 ue
2864 4426 3033 4481 (vaga.

2120 4542 2253 4604 Quae
2287 4538 2608 4608 imperator
2628 4535 2960 4591 ostentabat
2979 4550 3044 4589 eo
3067 4531 3405 4601 consilio,ut
3430 4531 3685 4604 populus

295 4631 354 4682 et
390 4626 607 4681 femore
634 4625 703 4679 ad
738 4640 935 4679 armos
965 4638 1200 4678 sursum
1234 4622 1521 4686 eminens,
1548 4622 1937 4677 anterioribus
1970 4665 2015 4728 Β
2048 4627 2371 4682 delectatus
2422 4626 2614 4681 fructu
2648 4624 2760 4679 isto
2791 4623 3094 4695 longinqui
3122 4621 3455 4677 commercii
3482 4637 3684 4693 pacem

294 4715 572 4771 cruribus
605 4713 974 4783 longitudine
1004 4729 1117 4766 non
1153 4712 1379 4766 modice
1400 4710 1815 4781 superantibus
1839 4727 1939 4782 po-

293 4801 797 4860 steriora.Collum
817 4806 879 4856 ut
895 4801 951 4855 in
977 4800 1219 4872 gruibus
1240 4799 1582 4870 longissime
1599 4802 1934 4870 protensum

295 4892 415 4947 alte
446 4891 505 4945 in
538 4889 813 4945 verticem
843 4888 1102 4957 assurgit
1141 4888 1441 4942 fastidiose
1483 4886 1938 4957 circumquaque

297 4982 737 5051 despectantem
756 4979 1008 5048 quodam
1024 4978 1187 5048 quasi
1203 4976 1516 5047 supercilio
1532 4976 1723 5029 ferinae
1740 4992 1938 5046 super-

292 5069 425 5125 biae.
486 5069 673 5140 Caput
704 5068 977 5140 exiguum
1010 5084 1043 5123 a
1073 5064 1316 5123 camelis
1348 5066 1537 5136 ﬁgura
1572 5082 1688 5120 non
1718 5065 1936 5119 discre-

293 5174 463 5230 pans.
526 5157 743 5212 Venter
799 5156 987 5224 albus,
1047 5172 1080 5210 a
1128 5156 1317 5226 capite
1379 5171 1479 5226 per
1509 5153 1667 5210 dorsi
1701 5154 1932 5225 spinam

295 5264 493 5320 usque
550 5248 621 5303 ad
678 5247 948 5312 caudam,
1009 5262 1133 5316 quae
1168 5246 1397 5301 modica
1423 5249 1530 5311 est,
1584 5244 1739 5300 linea
1769 5245 1969 5317 nigra.

292 5338 459 5394 velut
486 5338 555 5392 ad
590 5352 854 5391 normam
885 5334 1196 5389 rectissime
1229 5334 1511 5405 producta
1542 5334 1936 5404 signatur.Pe-

290 5428 395 5482 des
430 5428 633 5480 tenues
664 5422 724 5478 in
751 5421 1196 5477 similitudinem
1221 5422 1935 5489 cervinorum,ﬁssisl78

282 5520 341 5573 et
372 5513 495 5586 ipsi
526 5512 788 5585 ungulis.
824 5511 1024 5582 Ipsum
1060 5511 1280 5582 alioqui
1315 5510 1532 5566 animal
1559 5517 1934 5567 mansuetum

275 5622 344 5662 ac
404 5604 601 5673 cicur,
664 5605 730 5657 ut
780 5601 960 5657 etiam
1020 5598 1345 5656 ludendum
1378 5616 1440 5656 se
1461 5601 1661 5672 pueris
1683 5604 1938 5673 praebeat

616 5722 875 5782 ΡΑπιοῐ..
921 5718 1030 5780 Gs.
1075 5718 1330 5779 CXLllI.

2048 4722 2105 4771 et
2136 4716 2469 4771 societatem
2503 4715 2707 4767 initam
2732 4728 2862 4767 cum
2888 4712 3151 4782 fEthiope
3176 4716 3237 4766 ut
3260 4711 3476 4766 nostris
3506 4713 3683 4766 rebus

2048 4804 2251 4860 utilem
2305 4803 2597 4873 probaret.
2645 4801 2713 4855 Et
2763 4801 2973 4855 eratin
3006 4816 3073 4855 ea
3130 4800 3275 4855 forte
3318 4798 3685 4855 conducibile

2047 4893 2348 4964 quidpiam
2383 4891 2431 4945 si
2466 4890 2598 4961 quis
2649 4890 2708 4943 in
2742 4889 3046 4960 praesentis
3077 4906 3187 4944 usu
3238 4888 3687 4959 tranquillitatis

2047 4981 2449 5051 acquiesceret
2482 4995 2495 5034 :
2558 4979 2658 5033 sed
2697 4978 2795 5049 qui
2838 4978 3005 5048 longe
3035 4977 3367 5032 consuleret
3397 4976 3453 5031 in
3490 4982 3686 5047 poste-

2050 5086 2490 5140 rum,magnam
2520 5084 2765 5123 summae
2796 5083 2991 5123 rerum
3024 5072 3080 5122 et
3109 5066 3333 5121 nomini
3357 5066 3687 5120 Christiano

2047 5159 2238 5231 parari
2274 5159 2590 5231 perniciem
2623 5157 2735 5211 ista
2765 5157 2821 5211 in
2848 5157 3127 5212 barbaros
3157 5154 3524 5226 indulgentia
3554 5170 3685 5208 sen-

2047 5250 2198 5303 tiret.
2218 5246 2590 5319 Experientia
2607 5248 2761 5301 certe
2784 5245 2981 5300 docuit
3002 5248 3201 5300 auctos
3215 5245 3701 5298 etcorroboratos

2048 5336 2351 5407 zEthiopas
2378 5336 2489 5391 isto
2512 5335 2695 5389 libere
2717 5350 2994 5389 concesso
3020 5337 3345 5389 commeatu
3372 5345 3689 5402 puerorum

2046 5443 2075 5481 e
2104 5424 2444 5479 borealibus
2475 5422 2784 5489 tractibus,
2820 5421 2920 5493 qui
2953 5421 3161 5477 deinde
3192 5418 3251 5473 in
3283 5417 3424 5473 ccclo
3470 5415 3686 5475 mitiori

2047 5515 2323 5569 afﬂuente
2338 5512 2522 5567 victus
2536 5511 2701 5582 capia
2720 5511 2777 5563 in
2794 5526 2954 5566 acres
2968 5508 3280 5563 bellatores
3294 5505 3694 5561 adolescerent

2048 5600 2448 5658 formidabiles
2481 5599 2762 5668 evasisse,
2788 5597 3138 5669 conscriptis
3169 5595 3516 5653 exercitibus
3546 5592 3693 5648 invi-

3292 5713 3373 5773 20
