4162 6292
447 278 552 333 619

1745 275 2044 332 GEORGII
2081 276 2540 331 PACHYMERB

3729 275 3834 330 620

451 401 672 476 ῥοῦντας
752 398 1076 475 ὑπερορίους
1148 397 1389 476 ἐκφέρειν
1465 394 1742 468 πολέμους
1812 394 1901 450 καὶ
1952 394 2085 450 κατᾶ
2112 401 2166 466 Α
2196 397 2490 466 πεσόντων,
2521 401 2628 450 τῶν
2665 398 2759 466 μὲν
2791 393 3040 468 πολέμου
3068 395 3247 466 νόμῳ,
3279 399 3385 449 τῶν
3419 393 3476 448 δὲ
3521 395 3608 449 καὶ
3643 395 3831 460 ἄλλως

446 491 780 562 Χριστιανῶν
815 485 1176 563 ἀνδρίζεσθαι,
1229 491 1346 539 Τῶν
1395 484 1495 559 γὰρ
1555 481 1778 540 Ἰταλῶν
1830 486 1930 551 τὴν
1986 487 2085 548 τῆς

449 578 649 652 Συρίας
711 577 922 645 ἀπάσης
983 574 1254 650 παραλίαν
1297 573 1638 648 κατεχόντων
1696 572 1784 626 καὶ
1831 572 2088 641 Φοινίκης

446 666 728 741 ἀρχόντων
778 667 866 718 καὶ
904 663 1070 733 αὐτῆς
1105 663 1442 736 Ἀντιοχείας
1487 662 1548 715 τὸ
1597 661 1792 734 κράτος
1826 659 2084 735 ἐχόντων,

449 750 992 829 διαμφισϐητούντων
1050 751 1092 807 δ’
1155 754 1204 824 ἐξ
1266 753 1558 827 ὑπερτέρας
1615 749 1804 824 ἶσχόος
1840 749 1930 802 καὶ
1979 752 2084 802 τῶν

447 853 547 912 τῆς
606 844 967 912 Παλαιστίνης
1024 843 1204 897 τόπων
1266 843 1339 905 ὡς
1392 842 1680 914 ἁγιότητος
1726 836 1877 909 δόξαν
1929 837 2086 912 ἐχόν-

448 953 580 1002 των,
619 932 709 984 καὶ
766 931 914 1002 μάλα
945 929 1166 990 εἰκότως
1227 926 1317 982 διὰ
1345 929 1436 988 τας
1470 927 1639 981 ἐκεῖσε
1686 930 1780 978 τοῦ
1832 932 2090 997 Σωτῆρος

453 1015 729 1096 διατριϐάς
785 1019 874 1072 καὶ
928 1019 996 1072 τὰ
1051 1025 1148 1086 τῆς
1201 1017 1520 1088 οἰκονομίας
1569 1014 1872 1088 τεραστικα,
1935 1011 2090 1066 αὐτοί

451 1131 514 1184 γε
567 1111 923 1182 θαρσήσαντες
969 1113 1085 1168 ταῖς
1135 1107 1194 1160 ἐκ
1237 1111 1344 1160 τῶν
1407 1107 1624 1158 Σκυθῶν
1684 1099 1966 1162 συστάσαις
1999 1099 2090 1154 δυ-

451 1200 694 1269 νάμεσιν,
741 1194 1042 1267 ἐξελθόντες
1095 1199 1263 1248 πᾶσαν
1315 1194 1523 1260 ἐκείνην
1574 1193 1672 1259 τὴν
1730 1196 1831 1264 γῆν
1890 1192 2088 1245 Μυσῶν

451 1287 512 1339 τὸ
570 1284 868 1358 λεγόμενον
926 1282 1074 1336 λείαν
1135 1283 1370 1348 ἐποίουν,
1427 1278 1528 1340 ἕως
1587 1280 1676 1333 οὖν
1733 1280 1846 1332 κατ’
1905 1277 2089 1352 ὀλίγον

455 1371 598 1444 (οὐδὲ
644 1374 747 1446 γάρ
805 1370 868 1436 ἦν
923 1376 1037 1432 τοῖς
1099 1369 1334 1431 Ἰταλοῖς
1387 1369 1520 1443 πρὸς
1553 1367 1746 1428 αὐτοὺς
1779 1362 2091 1428 σπένδεσθαι

453 1460 684 1536 ἐχθρούς
710 1481 770 1535 γε
809 1456 966 1518 ὄντας
1015 1458 1102 1512 καὶ
1155 1457 1486 1532 λεγομένους
1539 1461 1635 1510 τοῦ
1688 1455 1874 1526 τιμίου
1936 1474 2092 1506 σταυ-

455 1553 572 1624 ροῦ)
621 1547 709 1602 καὶ
769 1547 944 1600 αὐτῶν
979 1543 1044 1615 δὴ
1076 1551 1182 1601 τῶν
1239 1547 1503 1621 μεγίστων
1534 1542 1746 1597 πόλεων
1805 1543 2093 1612 ἐξώσαντες

453 1637 616 1700 αὐτας
673 1637 747 1698 εἰς
797 1633 920 1693 ἕδος
972 1637 1324 1708 κατήρειψαν.
1380 1633 1482 1689 Καὶ
1534 1637 1624 1685 νῦν
1677 1637 1848 1686 κεῖται
1905 1631 1996 1702 μὶν
2058 1631 2092 1699 ἠ

453 1727 752 1801 περιφανὴς
801 1724 1130 1798 ἰλντιόχεια,
1192 1728 1363 1777 κεῖται
1413 1719 1469 1776 δὲ
1517 1725 1550 1790 ἡ
1605 1721 1896 1794 Ἀπάμεια,
1936 1721 2095 1774 κατέο

455 1813 685 1870 σκαπταί
715 1834 772 1867 τε
803 1814 980 1888 Τύρος
1028 1812 1116 1867 καὶ
1147 1812 1415 1885 Βηρυτὸς,
1462 1811 1548 1864 καὶ
1603 1807 1776 1864 Σιδὼν
1835 1809 1900 1863 τὰ
1929 1809 2095 1880 ὅμοια

455 1905 676 1978 πάσχει.
725 1903 1014 1976 Ἑτέρωθεν
1059 1899 1116 1954 δὲ
1163 1903 1347 1975 θρηνεῖ
1393 1896 1705 1954 Λαοδίκεια.
1750 1897 2004 1971 Τρίπολίς
2037 1917 2094 1950 τε

454 1993 544 2046 καὶ
598 1989 930 2062 Πτολεμαῒς,
980 1989 1046 2042 τά
1097 1987 1304 2062 μεγάλα
1357 1991 1463 2041 τῶν
1523 1984 1745 2042 Ἰταλῶν
1778 1983 1957 2056 ἄστεα,
2019 1985 2092 2046 ὡς

457 2078 574 2134 οὐδ’
628 2077 687 2133 ἃν
733 2081 865 2146 ἦσαν
899 2076 1228 2151 λογίζονται.
1287 2077 1387 2131 Καὶ
1417 2072 1484 2142 δὴ
1544 2074 1826 2146 Δαμασκὸς
1878 2077 1911 2141 ἡ
1962 2072 2095 2126 καλ-

457 2166 642 2238 λίστη,
689 2166 756 2220 τὰ
803 2165 933 2219 ποτὲ
979 2171 1074 2234 τῆς
1127 2161 1429 2236 Ῥωμαίδος
1463 2163 1584 2236 ὅρια
1611 2163 1727 2217 καθ’
1760 2161 1917 2233 ἐῴαν,
1951 2161 2095 2236 ἠφά-

455 2277 626 2310 νισται
655 2255 955 2319 παντελῶς,
1005 2252 1092 2307 καὶ
1125 2251 1270 2313 ὅλως
1299 2249 1445 2318 πλὴν
1493 2255 1600 2304 τῶν
1643 2250 1716 2311 εἷς
1777 2250 2095 2322 Ἀρμενίους

454 2344 757 2400 τελούντων
792 2341 943 2397 οὐδὲν
990 2342 1096 2396 ὅτι
1151 2341 1474 2397 συνίσταται.
1531 2341 1591 2396 Ὁ
1643 2337 1700 2393 δὶ
1755 2338 2100 2412 παμπληθὴς

458 2431 677 2487 ἐκείνωῢ
752 2430 882 2492 λαὸς
951 2433 1232 2504 πανταχοῖ)
1313 2435 1416 2504 γῆς
1489 2425 1748 2504 διεσπάρη
1819 2428 1940 2481 ἀνευ
1990 2435 2097 2496 τῶν

462 2637 570 2693 ctis
603 2653 618 2705 ;
653 2651 757 2690 nec
807 2634 930 2702 jam
963 2632 1175 2686 virium
1209 2631 1471 2686 conscios
1512 2646 1752 2684 suarum
1785 2645 1912 2684 sese
1945 2634 2100 2685 :ntra

463 2723 797 2780 cancellos‘l
814 2720 1056 2777 79olim
1092 2721 1234 2774 ﬁxos
1250 2720 1508 2775 tenuisse
1525 2723 1844 2774 autsecura
1864 2736 2100 2789 posses-

464 2796 627 2868 sione
644 2810 1006 2882 propriorum
1021 2814 1322 2863 contentos
1336 2807 1488 2861 domi
1509 2805 2099 2876 acquievisse,vcrum

465 2917 640 2955 ausos
694 2914 1002 2968 erumpere
1061 2912 1127 2950 ac
1185 2912 1335 2966 saepe
1381 2895 1533 2949 bella
1565 2894 1832 2949 finitimis
1863 2895 2099 2959 inferre,

465 2989 666 3059 sicque
726 3002 936 3057 magno
999 2983 1075 3038 rei
1129 2983 1467 3039 Christianis
1495 2983 1704 3036 damno
1741 2983 1954 3035 famam
1989 2983 2102 3037 sibi

466 3092 700 3151 parasse
759 3073 976 3130 bellica:
1036 3071 1290 3127 virtutis.
1352 3070 1512 3125 Italis
1543 3070 1698 3124 enim
1731 3087 1892 3124 oram
1925 3070 2101 3142 Syriae

2196 487 2347 559 νόμῳ
2405 492 2739 563 μαρτυρικῷ,
2795 487 2869 559 μή
2917 480 3371 560 καταδεχομένων
3429 487 3526 553 τὴν
3583 484 3830 560 ἄρνησιν.

2201 575 2294 630 Καὶ
2324 580 2488 629 ταῦτα
2539 575 2632 648 μὶν
2687 575 2963 629 Αἰθιόπων
3007 575 3068 628 τὸ
3127 574 3504 644 Χριστιανικὸν
3552 573 3830 631 ἀπώναντο

2191 668 2310 725 ταῖς
2368 662 2657 738 ἡμετέραις
2687 658 2973 724 ἀϐουλίαις
3018 662 3052 732 ἢ
3100 662 3409 724 κακονοίαις
3441 662 3475 731 ἢ
3509 661 3833 736 αὐτονόμοις

2198 750 2394 824 ὁρμαῖς
2444 752 2531 805 καὶ
2594 751 2817 825 ὀρέξεσι·
2878 753 3136 826 Τοχάρων
3198 748 3254 804 δὲ
3313 755 3408 805 τοῦ
3467 750 3695 825 Θράσους
3744 752 3832 806 καὶ

2195 837 2271 892 ἔτι
2325 838 2614 912 ἀνέχομεν,
2670 839 2732 892 οὗ
2784 837 3069 910 δυνάμεσιν
3123 836 3350 911 οὕμενον
3401 842 3479 908 [Ρ.
3534 842 3658 911 120]
3707 841 3832 914 θαρο

2195 925 2429 996 σαλέαις,
2490 927 2635 984 ἀλλὰ
2681 929 2929 1006 φιλικαῖς
2985 925 3081 984 εἴτ’
3129 930 3218 983 οὖν
3271 927 3550 990 δουλικαῖς
3603 928 3831 984 ὑπελεό-

2196 1038 2330 1088 σεσι,
2387 1015 2528 1086 κήδη
2588 1023 2872 1077 ποιοῦντες
2931 1021 3020 1071 καὶ
3078 1015 3516 1094 δωροφοροῦντες
3577 1020 3831 1092 συχνάκις

2194 1105 2259 1158 τὰ
2304 1104 2572 1159 κάλλιστά
2616 1126 2674 1159 τε
2720 1107 2806 1159 καὶ
2863 1107 3112 1180 μέγιστα,
3153 1105 3226 1166 ὡς
3272 1106 3360 1159 καὶ
3395 1103 3642 1180 δεύτερον
3696 1106 3829 1162 ἄλλο

2199 1193 2333 1265 μετὰ
2353 1198 2516 1246 ταῦτα
2563 1194 2650 1247 καὶ
2683 1193 2906 1269 χρόνοις
2942 1194 3181 1267 ὑστέροις
3239 1195 3461 1264 συνέστη
3521 1195 3658 1268 πρὸς
3711 1196 3834 1256 τοὺς

2197 1279 2445 1343 δυτικοῦς
2474 1286 2773 1358 Τοχάρους,
2825 1283 2883 1338 ἐκ
2913 1296 3074 1346 ποθεν
3122 1283 3334 1360 ἀφανῶν
3381 1283 3699 1347 ἐπιστάντας
3745 1286 3832 1338 καὶ

2193 1370 2261 1423 τά
2315 1370 2463 1444 βόρει
2511 1372 2881 1446 κατασχόντας
2925 1375 3040 1444 μεθ’
3089 1369 3170 1426 ὅτι
3219 1372 3483 1427 πλείστου
3533 1369 3832 1444 δυνάμεως,

2199 1459 2555 1533 συνάλλαγμα
2584 1465 2662 1530 τῷ
2699 1461 2924 1535 ἄρχοντι
2970 1460 3176 1514 τούτων
3237 1467 3411 1534 Νογᾳ,
3447 1458 3692 1522 ἐνδόντος
3739 1465 3834 1514 τοῦ

2203 1547 2467 1620 βασιλέως
2542 1548 2724 1622 ἑτέραν
2782 1547 2948 1603 παῖδά
3003 1550 3059 1602 οἱ
3113 1547 3173 1604 ἐκ
3228 1549 3452 1604 σκοτίων
3513 1549 3833 1623 σπερμάτων

2199 1638 2618 1709 γεγεννημένην,
2669 1637 3018 1713 Εὐφροσύνην
3067 1636 3331 1708 τοῦνομα,
3378 1637 3428 1706 ἐξ
3459 1639 3532 1690 ῶν
3566 1632 3839 1691 συνέϐαινε

2203 1725 2336 1795 μετᾶ
2367 1723 2550 1799 φιλίας
2583 1724 2814 1788 ἐκείνους
2844 1724 2988 1800 ἔχειν
3032 1725 3063 1778 ἃ
3111 1724 3176 1794 δὴ
3225 1726 3838 1801 προσταλαιπιι)ροῦντες

2200 1811 2431 1884 πολέμῳ
2466 1811 2625 1884 μόλις
2659 1813 2716 1866 ἂν
2747 1812 3004 1868 ἐκτῶντο.

2203 1921 2264 1982 ς’.
2297 1925 2482 1980 *Οπως
2517 1921 2569 1972 αἱ
2599 1925 2744 1991 τρεῖς
2780 1917 3056 1996 βασιλίδες
3079 1917 3330 1996 ἀνδράσιν
3361 1921 3716 1993 ἡρμόσθησαν
3748 1920 3837 1974 καὶ

2902 1993 3137 2052 ὁποίοις.

2277 2081 2370 2148 Τῷ
2431 2078 2524 2150 μὲν
2568 2079 2657 2132 οὖν
2703 2077 2917 2152 βασιλεῖ
2948 2080 3079 2150 μετᾶ
3109 2084 3272 2134 ταῦτα
3320 2077 3613 2153 διέγνωστο
3661 2078 3839 2134 ἀπαλ·

2207 2165 2442 2240 λαγῆναι
2485 2167 2572 2220 καὶ
2615 2171 2722 2220 τῶν
2772 2165 3064 2241 βασιλίδων
3097 2173 3203 2222 τῶν
3235 2168 3321 2221 καὶ
3368 2167 3712 2245 αὐταδέλιρων
3742 2171 3838 2222 τοῦ

2206 2251 2399 2314 παιδὸς
2449 2251 2720 2321 Ἰωάννου,
2765 2251 3037 2308 δοκουσῶν
3089 2249 3232 2327 ἔχειν
3274 2254 3364 2308 καὶ
3399 2253 3604 2308 τούτων
3632 2255 3692 2308 τὸ
3743 2249 3838 2324 μέ-

2211 2361 2303 2416 ρος
2358 2339 2636 2414 βασιλείας
2681 2340 2887 2416 κλῆρον
2947 2343 3052 2396 ἀπὸ
3107 2342 3333 2416 πατρός.
3392 2342 3491 2395 Καὶ
3548 2339 3636 2396 διὰ
3679 2345 3839 2395 τοῦτο

2215 2429 2349 2504 βαθύ
2397 2452 2448 2484 τι
2500 2435 2714 2484 σκοπῶν
2749 2429 2949 2493 ἐκεῖνος
2975 2433 3278 2504 Ῥωμαίους
3333 2430 3518 2494 αὐταῖς
3543 2430 3604 2485 οὐ
3654 2431 3846 2506 συνήρ-

2209 2630 2356 2686 bello
2410 2631 2738 2686 ceciderunt
2795 2637 2896 2686 aut
2943 2631 3264 2704 tyrannicis
3325 2631 3634 2687 tormentis
3693 2629 3840 2685 l80

2208 2719 2549 2777 Christianae
2608 2737 2787 2774 causa
2839 2719 2994 2787 fidei,
3030 2719 3180 2790 quod
3207 2736 3332 2774 eam
3366 2721 3654 2788 abnegare
3680 2718 3836 2788 jussi

2209 2814 2518 2862 renuerent
2576 2807 2906 2877 consumpti
2941 2813 3123 2862 sunt.
3175 2814 3259 2863 En
3319 2808 3458 2878 quid
3507 2807 3839 2863 Christiana

2211 2895 2538 2966 respublica
2598 2895 2904 2965 profecerit
2957 2911 3027 2949 ex
3081 2897 3268 2951 auctis
3318 2897 3645 2966 Ethiopum
3698 2895 3834 2949 viri-

2211 2983 2320 3038 bus
2353 2983 2742 3052 imprudentia
2755 2983 3050 3054 vclpotius
3074 2984 3297 3039 malitia
3320 2982 3838 3051 nostra,consiliis-

2209 3089 2322 3142 que
2353 3071 2683 3127 ambitiosis
2713 3077 2769 3126 et
2792 3073 3028 3142 privatis
3061 3074 3502 3128 utilitatesbene
3527 3075 3837 3144 quantovis

468 3166 825 3222 maritimam
859 3163 1186 3218 universam
1215 3159 1638 3228 obtinentibus,
1671 3159 2092 3229 imperantibus
2125 3169 2168 3232 C
2207 3167 2432 3230 emptas
2463 3159 2768 3231 dispendio
2800 3161 3094 3216 arbitratis
3121 3160 3577 3232 cupiditatibus!
3614 3159 3837 3214 Tocha-

469 3257 646 3311 etiam
683 3251 989 3306 Phoenicia:
1019 3257 1076 3304 et
1122 3248 1231 3319 ipsi
1265 3249 1502 3303 urbium
1533 3247 1670 3301 olim
1708 3247 1956 3318 principi
1985 3251 2106 3303 An-

471 3342 698 3397 tiochiae
759 3338 1219 3406 dominantibus,
1271 3342 1328 3391 et
1359 3335 1584 3390 eductis
1615 3334 1749 3389 inde
1781 3334 1990 3392 validis
2012 3353 2105 3391 co-

468 3431 580 3503 piis
601 3445 875 3500 prospere
896 3425 1146 3481 subinde
1168 3428 1386 3479 certare
1418 3423 1607 3478 solitis
1634 3424 1703 3477 de
1739 3424 2105 3494 possessione

469 3519 732 3574 locorum
763 3515 1080 3570 Palaestinae
1113 3511 1698 3583 antiquasanctitatis
1723 3512 1876 3566 fama
1899 3512 2103 3567 merito

471 3608 849 3679 inclytorum,
877 3605 1031 3674 quod
1067 3605 1124 3656 in
1155 3603 1224 3656 iis
1255 3606 1540 3666 versatus,
1603 3618 1812 3672 passus
1843 3607 1900 3657 et
1955 3602 2105 3656 mira

473 3705 746 3767 operatus
806 3692 974 3746 fuerit
1026 3690 1180 3744 Deus
1213 3691 1397 3743 factus
1426 3689 1618 3756 homo,
1651 3690 1752 3755 illi,
1787 3691 1857 3743 de
1889 3691 2104 3759 quibus

473 3785 727 3855 agimus,
758 3780 1051 3850 rEthiopes
1100 3777 1229 3832 freti
1285 3777 1633 3832 exercitibus
1660 3841 1664 3844 ν
1689 3793 1757 3832 ex
1778 3777 2100 3845 juventute,

474 3879 537 3927 ut
568 3871 842 3938 diximus,
875 3868 1146 3940 Scythica
1175 3865 1460 3933 conﬂatis,
1495 3870 1866 3934 erumpentes
1897 3881 1927 3918 e
1976 3865 2101 3918 suis

470 3957 709 4014 latebris
743 3958 883 4012 istas
915 3954 1179 4026 regiones
1209 3955 1512 4008 universas
1553 3951 1992 4006 latrociniorum
2047 3956 2103 4006 et

469 4047 786 4118 prazdatum
810 4059 1082 4114 campum
1112 4042 1462 4107 habuerunt,
1501 4041 1750 4095 ferentes
1782 4039 1899 4094 illic
1922 4056 2099 4110 agen-

463 4141 670 4207 tesque
725 4139 954 4201 cuncta,
1013 4137 1068 4186 et
1115 4138 1392 4200 tanquam
1425 4130 1497 4184 de
1548 4130 1740 4200 Mysis,
1771 4131 1924 4202 quod
1985 4130 2100 4186 dici

465 4222 632 4290 solet,
665 4223 904 4292 impune
962 4218 1151 4290 spolia
1210 4222 1528 4287 reptantes,
1579 4217 1757 4272 donec
1814 4219 2097 4288 paulatim

464 4310 654 4380 (Italis
686 4307 1138 4364 abhorrentibus
1172 4305 1433 4359 afmdere
1451 4321 1583 4359 cum
1609 4306 1751 4374 ipsis
1776 4305 1980 4360 icendo
2006 4312 2098 4359 ut-

465 4406 592 4472 pote
649 4397 986 4453 venerandce
1041 4392 1229 4450 crucis
1264 4392 1586 4449 notissimis
1614 4397 1671 4447 et
1702 4393 2099 4464 implacabili-

461 4493 570 4546 bus
594 4483 1691 4556 hostibus),quoad,inquam,paulatim
1726 4489 1858 4552 post
1878 4483 2090 4553 ejectos
2121 4508 2166 4570 Β

458 4576 816 4633 Christianos
866 4591 896 4628 e
930 4571 1199 4628 maximis
1258 4571 1504 4626 urbibus
1554 4570 1708 4641 ipsas
1741 4571 1863 4626 solo
1895 4589 2086 4643 aequa-

459 4671 614 4721 runt.
650 4665 716 4718 Et
737 4679 893 4717 nunc
917 4662 1074 4730 jacet
1093 4661 1326 4730 quidem
1355 4659 1604 4714 illustris
1631 4659 1730 4714 illa
1754 4661 2082 4728 Antiochia,

447 4756 607 4825 jacet
662 4757 719 4807 et
747 4758 1022 4821 Apamea.
1060 4753 1364 4802 Destructa
1393 4752 1481 4802 est
1513 4749 1700 4819 Tyrus
1730 4753 1787 4802 et
1819 4752 2078 4820 Berytus.

453 4843 629 4898 Sidon
691 4854 919 4909 quoque
953 4837 1168 4891 similia
1201 4837 1435 4906 patitur.
1470 4835 1598 4891 Alia
1630 4854 1697 4892 ex
1729 4843 1893 4907 parte
1925 4838 2084 4908 luget

453 4931 750 4986 Laodicea.
799 4925 1044 4996 Tripolis
1085 4930 1140 4978 et
1181 4923 1511 4991 Ptolemais,
1549 4942 1770 4996 magna;
1803 4926 2079 4980 Italorum

455 5019 722 5083 urbes,ac
745 5015 1106 5084 sinunquam
1129 5013 1400 5080 fuissent,
1429 5013 2078 5082 repulantur.Pulcher-

454 5108 601 5161 rima
647 5106 817 5160 etiam
853 5103 1190 5165 Damascus,
1224 5105 1510 5154 terminus
1541 5099 1676 5154 olim
1711 5105 1970 5155 Romamn
2005 5103 2076 5156 ad

447 5193 796 5252 Orientalem
831 5189 1364 5254 ditionis,funditus
1393 5204 1592 5241 eversa
1614 5193 1719 5242 est.
1743 5189 1806 5242 Et
1840 5191 2077 5244 omnino

448 5291 656 5357 praeter
686 5279 994 5352 vectigales
1025 5277 1318 5332 Armeniis
1355 5276 1622 5346 regiones
1655 5275 1799 5330 nihil
1833 5277 1912 5331 ibi
1939 5282 2076 5334 sub-

445 5375 619 5428 sistit.
654 5368 1146 5425 Numerosissima
1172 5381 1304 5419 vero
1338 5363 1662 5435 provincias
1696 5364 1822 5419 illas
1847 5365 2075 5438 Opimas

442 5461 822 5518 incolentium
869 5455 1184 5511 multitudo
1234 5470 1336 5523 per
1361 5469 1563 5508 omnes
1595 5453 1862 5525 dispersa
1897 5465 2074 5512 terras

440 5551 497 5607 in
555 5547 882 5604 miserrimo
935 5542 1119 5615 gemit
1165 5541 1384 5610 exsilio,
1439 5546 1646 5613 praeter
1693 5559 1791 5598 eos
1841 5545 1938 5616 qui
1974 5550 2076 5601 aut

2209 3265 2401 3302 rorum
2459 3266 2589 3302 vero
2660 3249 2717 3302 in
2775 3249 2967 3304 clades
3028 3249 3494 3304 Christianorum
3565 3248 3834 3303 ferociam

2210 3337 2399 3392 adhuc
2433 3337 2666 3407 quidem
2703 3341 2999 3408 utcunque
3030 3354 3364 3393 coercemus
3389 3355 3504 3392 non
3536 3351 3830 3392 armorum

2208 3425 2407 3496 utique
2433 3431 2585 3480 metu
2614 3429 2716 3479 aut
2749 3425 2968 3479 viribus
3003 3427 3237 3493 nostris,
3269 3427 3484 3496 quibus
3515 3442 3689 3496 quam
3722 3441 3835 3494 pa-

2209 3531 2334 3568 rum
2375 3515 2625 3568 fidamus
2659 3514 2767 3585 ipsi
2796 3519 3029 3581 norunt,
3064 3515 3161 3568 sed
3187 3514 3444 3585 precario
3471 3512 3835 3568 emendicata

2207 3601 2390 3670 gratia
2430 3601 2691 3668 illorum,
2721 3603 2862 3666 sive,
2896 3607 2959 3656 ut
2989 3619 3120 3657 vero
3152 3601 3430 3657 vocabulo
3484 3618 3604 3656 rem
3657 3606 3719 3655 ut
3749 3603 3838 3655 est

2207 3690 2604 3760 exprimamus
2627 3691 2933 3746 servilibus
2965 3689 3675 3761 obsequiis,afllnitatibus
3707 3689 3837 3743 illos

2209 3779 2642 3844 honorantes,et
2673 3779 2924 3833 ditantes
2950 3778 3116 3833 donis
3139 3778 3484 3833 creberrime
3504 3777 3834 3844 missitatis,

2207 3883 2383 3938 quam
2427 3868 2484 3921 in
2535 3884 2656 3921 rem
2706 3867 2927 3938 optima
2955 3870 3012 3921 et
3042 3867 3468 3938 pretiosissima
3501 3875 3827 3921 nostrorum

2206 3955 2753 4027 impendimus.Huc
2785 3955 3035 4026 pertinet
3067 3955 3220 4024 quod
3243 3955 3537 4025 aliquanto
3561 3958 3692 4026 post
3710 3953 3830 4008 hac

2206 4049 2468 4113 tempora
2501 4045 2684 4097 foedus
2716 4042 2883 4097 inivit
2914 4043 3232 4114 imperator
3263 4059 3393 4097 cum
3418 4041 3697 4097 Tocharis
3723 4041 3829 4096 Oc-

2205 4133 2411 4199 ciduis,
2472 4149 2539 4186 ex
2569 4133 2727 4202 prius
2758 4131 2970 4202 ignotis
3007 4133 3245 4201 prodere
3277 4147 3338 4186 se
3387 4147 3452 4186 ac
3486 4131 3744 4201 proferre
3772 4131 3832 4184 in

2202 4221 2392 4276 lucem
2437 4221 2875 4290 incipientibus,
2907 4225 2964 4275 et
3020 4236 3148 4290 quae
3179 4219 3391 4275 nostris
3427 4219 3642 4273 finibus
3671 4236 3704 4274 a
3732 4222 3829 4273 Se-

2205 4311 2526 4382 pientrione
2549 4309 2818 4378 objacent
2849 4308 2899 4361 vi
2929 4309 3180 4363 maxima
3210 4307 3830 4379 occupantibus.Quo-

2204 4415 2331 4452 rum
2367 4398 2610 4468 principi
2644 4403 2806 4468 Noga
2835 4396 2988 4452 dicto
3019 4397 3335 4468 imperator
3363 4395 3536 4450 aliam
3572 4412 3736 4450 suam
3765 4395 3833 4448 li-

2204 4486 2361 4555 liam,
2411 4492 2467 4540 et
2496 4486 2680 4556 ipsam
2729 4503 2796 4541 ex
2829 4485 3030 4556 pellice
3061 4486 3340 4555 genitam,
3372 4485 3531 4539 dedit
3565 4500 3827 4550 uxorem,

2199 4574 2632 4645 Euphrosynem
2686 4574 2939 4628 nomine.
3006 4573 3163 4628 Unde
3212 4573 3455 4644 contigit
3484 4572 3644 4644 ipsos
3677 4570 3830 4624 ultro

2187 4679 2220 4716 a
2253 4662 2419 4717 nobis
2477 4662 2744 4716 amicitiai
2801 4660 3035 4716 nomine
3080 4662 3405 4716 cendonata
3440 4663 3666 4714 auferre
3699 4675 3824 4730 quae

2193 4751 2429 4821 ancipiti
2453 4757 2509 4804 et
2531 4751 2820 4806 laborioso
2846 4751 2993 4805 bello
3011 4750 3376 4820 vixunquam
3407 4750 3706 4820 acquirere
3730 4763 3832 4820 po-

2191 4839 2470 4894 tuissent.

2187 4983 2238 5034 6.
2303 4983 2364 5038 Ut
2397 4986 2503 5036 tres
2559 4981 2769 5050 regina?
2825 4980 3048 5036 traditae
3076 4981 3228 5047 viris,
3279 4984 3328 5034 et
3361 4982 3556 5051 quibus
3586 4979 3818 5048 fuerint.

2262 5104 2392 5158 Post
2417 5105 2536 5158 haec
2595 5105 2846 5159 decrevit
2903 5105 3183 5174 imperato
3242 5119 3512 5158 amovere
3547 5121 3578 5157 a
3619 5120 3680 5158 se
3712 5108 3830 5158 tres

2188 5193 2419 5263 reginas
2444 5194 2605 5262 pueri
2631 5192 2872 5247 Joannis
2887 5209 3112 5248 sorores
3127 5208 3460 5263 germanas,
3485 5209 3613 5264 quae
3636 5191 3821 5246 videri

2187 5287 2452 5351 poterant
2486 5287 2702 5350 partem
2737 5281 2992 5352 aliquam
3014 5281 3171 5352 juris
3205 5281 3273 5335 ad
3310 5281 3620 5351 imperium
3657 5298 3687 5334 a
3720 5297 3831 5352 pa-

2185 5373 2269 5424 tre
2325 5371 2575 5424 trahere.
2611 5371 2797 5433 Quare
2854 5371 3174 5425 cavendum
3216 5369 3391 5424 etiam
3426 5376 3604 5440 atque
3635 5369 3814 5424 etiam

2185 5457 2407 5528 putavit
2463 5476 2533 5512 ne
2567 5459 2638 5514 iis
2671 5459 2915 5514 Romani
2949 5459 3228 5529 conjuges
3259 5458 3561 5523 darentur,
3600 5474 3670 5513 ne
3701 5474 3821 5528 qua

2183 5546 2319 5601 inde
2342 5547 2616 5617 cuiquam
2644 5546 2836 5603 offerri
2861 5563 3056 5603 rerum
3079 5561 3361 5602 novarum
3393 5544 3835 5602 moliendarum
