4158 6280
290 414 393 467 621

1354 416 1449 470 DE
1487 414 1857 470 MICHAELE
1896 411 2321 469 PALEOLOGO
2358 413 2490 466 LIB.
2526 415 2626 482 III,

3583 405 3694 459 622

299 558 487 611 μοττε.
519 538 631 604 Τὴν
664 537 756 609 μέν
788 538 888 611 γὰρ
920 542 997 609 τῷ
1027 536 1131 591 ἀπὸ
1164 542 1260 591 τοῦ
1310 538 1525 613 Μορέου
1577 538 1783 612 εὐγενεῖ
1829 544 1937 590 Λα·
1968 538 2025 604 Α
2056 536 2223 597 λικῖυς
2275 535 2443 589 πάντα
2498 554 2702 607 τροπον
2761 531 2949 605 ἐπείρα
3005 538 3105 601 τῆς
3152 529 3506 608 σωφροσύνης
3534 551 3691 605 περι-

291 626 425 698 τίνῳ
454 623 620 696 Μαΐῳ
654 619 1059 700 Διϐελικούρτῳ
1090 623 1373 699 λεγομένῳ
1403 634 1631 701 συνῆγεν
1666 625 1739 687 εἶς
1774 624 1943 699 λέχος

293 714 537 769 ἐντεῦθεν
598 711 987 783 ἐπιδημήσαντι,
1016 714 1118 781 τὴν
1175 711 1229 767 δὲ
1281 712 1528 788 δευτέραν
1583 713 1793 784 Λατίνῳ
1847 733 1942 785 με·

293 808 533 875 γιστᾶνι,
592 801 649 855 ’ὸν
704 798 762 853 ἂν
822 800 1011 855 ἐκεῖνος
1065 806 1214 878 φαῖεν
1291 801 1643 873 σεμνύνοντες
1729 796 1940 867 κόντον,

297 888 478 961 ὄνομα
538 886 874 961 Βιντιμίλια,
930 889 1033 943 ἀπὸ
1091 888 1348 951 Γεννούας
1406 889 1527 943 τότε
1584 886 1941 960 προσελθόντι

295 978 433 1033 κατὰ
463 980 655 1054 φήμην
699 982 779 1049 τῷ
833 976 1066 1052 βασιλεῖ,
1102 977 1178 1039 εἷς
1229 979 1403 1052 γάμον
1466 975 1653 1038 ἐκδοὺς
1696 977 1784 1030 καὶ
1837 974 1941 1028 δώ-

302 1087 420 1140 ροις
463 1066 528 1120 τὰ
580 1065 761 1120 εἰκότα
806 1064 1355 1142 φιλοφρονησάμενος
1384 1066 1700 1137 ἀποπέμπει
1751 1064 1944 1136 σύναμ¹

300 1156 477 1228 ἐκείνῃ
508 1154 744 1228 συζύγῳ,
776 1156 875 1223 τὴν
911 1151 967 1208 δὲ
994 1154 1179 1229 τρίτην
1214 1153 1516 1228 Βουλγάρῳ
1565 1160 1644 1226 τῷ
1695 1161 1944 1231 Σφεντισ-

300 1238 492 1314 θλάϐῳ
541 1243 675 1296 κατά
721 1242 929 1298 Μυσίαν
981 1246 1088 1295 τῶν
1141 1243 1275 1295 κατὰ
1330 1242 1418 1295 τὸν
1477 1245 1652 1313 Αἶμον
1719 1241 1941 1315 ὀρεινῶν

297 1330 525 1405 ἄρχοντι
586 1328 797 1385 δίδωσι.
835 1330 938 1384 Καὶ
1001 1329 1173 1389 οὕτως
1225 1329 1438 1384 ἐκείνων
1489 1329 1820 1404 ἀπαλλαγεὶς
1852 1329 1943 1383 καὶ

292 1425 408 1474 τῶν
439 1416 737 1495 φροντίδων
764 1423 873 1472 τῶν
905 1417 1004 1497 ἐπὶ
1048 1418 1267 1479 ταύταις
1318 1416 1500 1493 ῥαΐσας
1557 1419 1761 1490 ἑτέραις
1806 1417 1942 1491 πρά-

290 1508 432 1577 ξεσιν
467 1501 844 1560 ἐπιϐάλλεται.

438 1648 501 1715 ζ’.
532 1646 607 1700 Τά
633 1646 769 1700 κατά
796 1646 893 1714 τὴν
929 1644 1209 1700 δέσποιναν
1241 1645 1544 1718 Ἀλαμάναν
1581 1648 1796 1701 Ἀνναν.

366 1773 454 1840 [Ρ.
518 1771 641 1840 121]
699 1768 895 1832 ᾤοάνει
959 1769 1051 1841 μὶν
1134 1768 1222 1822 οὖν
1292 1774 1370 1839 τῷ
1441 1769 1576 1844 πρὸς
1630 1768 1939 1842 Ἀλαμάναν

292 1864 518 1925 ’Ἀνναν,
553 1860 614 1925 ἣν
676 1861 1024 1911 συνοικοῦσαν
1078 1858 1159 1911 ἐπ’
1190 1856 1372 1931 ὀλίγον
1408 1859 1547 1931 εἶχεν
1598 1860 1624 1912 ὁ
1673 1864 1768 1912 τοῦ
1830 1860 1940 1913 Λά-
1969 1885 2016 1951 Β

293 1965 454 2018 σκαρι
504 1946 683 2019 πατὴρ
735 1944 989 2014 Ἰωάννης
1037 1945 1085 1999 ἐν
1140 1944 1353 2019 ἐσχάτῳ
1398 1948 1562 2019 γήρᾳ,
1597 1944 1935 2021 Φρεδερίχου

288 2038 391 2088 τοῦ
443 2041 542 2101 τῆς
606 2032 857 2095 Σικελίας
911 2036 1179 2107 ἄρχοντος
1238 2030 1427 2103 παῖδα,
1486 2038 1582 2087 τοῦ
1651 2035 1839 2108 Μαφρῖε
1892 2032 1940 2088 δ’

289 2119 561 2198 ἀδελφὴν,
595 2124 654 2189 ἣν
712 2118 776 2189 δὴ
823 2122 910 2175 καὶ
974 2120 1033 2174 ἐκ
1081 2116 1367 2195 πρεσϐείας
1396 2120 1657 2185 ἐλθοῦσαν
1718 2125 1937 2176 ταινιώ-

296 2231 397 2271 σας
431 2212 459 2264 ὁ
484 2207 754 2279 δηλωθεὶς
790 2207 1040 2283 βασιλεὺς
1072 2210 1326 2278 Ἰωάννης
1374 2209 1681 2285 Αύγούσταν
1728 2208 1937 2274 δεικνὺς

295 2298 545 2353 σύνοικον
600 2298 717 2371 εἶχε
762 2297 853 2351 καὶ
903 2293 1136 2371 ἔστεργε,
1167 2330 1234 2339 -—-
1277 2302 1355 2368 τῷ
1403 2302 1532 2370 γοῦν
1584 2300 1718 2372 πρὸς
1770 2299 1934 2368 αὐτὴν

295 2384 464 2461 ἔρωτι
498 2387 525 2439 ὁ
561 2384 815 2461 βασιλεὺς
865 2385 1101 2458 Μιχαὴλ
1150 2385 1316 2446 ἀΑοὺς
1364 2384 1414 2439 ἐν
1458 2384 1691 2463 ἀσφαλεῖ
1723 2388 1818 2459 μὲν
1867 2390 1937 2442 εἶ-

294 2495 395 2549 χεν
424 2473 504 2550 ἐφ’
538 2474 583 2545 ᾧ
632 2475 779 2547 τάχα
837 2475 913 2545 μή
968 2470 1262 2548 ἀποδρᾶναι
1307 2474 1444 2549 πρὸς
1498 2473 1622 2535 τοὺς
1678 2474 1938 2550 οἰκείους,

290 2562 452 2634 ὅμως
512 2560 557 2615 δ’
620 2562 798 2635 ἐκείνῃ
870 2566 1117 2635 προνοῶν
1200 2566 1306 2615 τῶν
1381 2560 1700 2632 ἐπιτηδείων
1787 2566 1938 2637 βασις

288 2762 493 2830 possct
522 2756 743 2813 occasio
774 2762 829 2813 et
859 2758 994 2813 oriri
1022 2758 1382 2829 perturbatio
1415 2759 1527 2813 sibi
1578 2760 1931 2832 familiaeque

292 2864 363 2902 su
375 2863 451 2901 rae
471 2848 809 2917 periculosa.
828 2848 1011 2919 Igitur
1025 2865 1198 2903 unam
1218 2850 1449 2919 quidem
1466 2849 1729 2920 ipsarum
1746 2850 1927 2905 nobili

297 2936 505 2990 Latino
537 2937 677 2991 Maio
709 2939 777 2992 de
809 2936 1113 2992 Bellicurto
1146 2938 1289 2991 181
1339 2944 1697 3009 nuncupato,
1732 2938 1830 3009 qui
1862 2955 1929 2993 ex

296 3023 513 3087 Moreo,
548 3025 696 3079 unde
724 3030 887 3079 ortus
918 3029 1062 3091 erat,
1089 3026 1650 3096 ConstantinOpolim
1679 3028 1929 3081 advene—

290 3115 403 3178 rat,
434 3112 804 3166 matrimonio
862 3113 1204 3182 conjunxit;
1240 3112 1481 3167 alteram
1534 3114 1738 3168 Latino
1794 3115 1930 3168 item

290 3201 622 3271 megistani,
649 3218 823 3271 quem
849 3202 939 3255 sui
966 3201 1388 3271 perhonorifico
1413 3202 1563 3269 apud
1588 3201 1746 3271 ipsos
1765 3218 1931 3255 voea-

289 3286 429 3341 bulo
459 3294 693 3342 contum
738 3287 1129 3358 appellabant,
1165 3288 1400 3342 nomine
1451 3288 1797 3353 Vintimilia,
1832 3291 1933 3359 qui

2049 624 2309 698 γενέσθαι.
2364 624 2451 685 Ὡς
2509 620 2555 676 δ’
2616 621 2713 676 οὐκ
2760 619 2938 684 ἔπειθε
3013 618 3201 674 πολλᾶ
3275 620 3526 693 πράττων
3602 619 3692 673 καὶ

2052 709 2389 783 δεξιούμενος
2448 708 2614 783 (μηδὲ
2691 712 2792 785 γάρ
2871 709 2929 763 ἂν
2993 710 3161 763 καλὸν
3222 708 3354 763 εἶναι
3413 708 3446 776 ἢ
3503 707 3695 781 εὐπρε-

2050 800 2143 861 πὲς
2235 796 2500 875 βασιλέως
2575 798 2875 853 ἀκούσασαν
2960 795 3208 870 δάμαρτα
3255 816 3266 829 ’
3330 795 3472 850 οὕτω
3538 796 3691 872 μεγί-

2050 909 2177 943 στου
2249 888 2337 942 καὶ
2419 882 2651 963 φοϐεροῦ
2728 886 2776 939 ἐν
2843 886 3045 958 ὑστέρῳ
3100 886 3160 939 τὸ
3219 883 3384 959 λέχος
3439 884 3692 959 αἶσχῦναι

2048 977 2135 1030 καὶ
2194 981 2271 1048 τῷ
2328 974 2531 1047 δούλῳ,
2584 976 2629 1028 εἰ
2690 975 2777 1028 καί
2843 972 3124 1047 βασιλεύοι
3180 976 3294 1040 νῦν,
3351 971 3688 1027 παλλακεύε-

2050 1067 2169 1119 σθαι
2244 1064 2502 1139 μεγίστην
2581 1062 2738 1117 οὖσαν
2825 1063 2883 1117 ἐκ
2971 1063 3283 1137 μεγίστων),
3342 1059 3508 1115 ἄλλον
3573 1060 3692 1115 τινὰ

2046 1152 2246 1227 τρόπον
2318 1152 2455 1226 ἔγνω
2528 1152 2834 1227 θεραπεύειν
2907 1151 2996 1204 τὸν
3047 1154 3406 1223 τυραννοῦντα
3466 1149 3687 1220 μανικὸν

2048 1240 2240 1315 ἔρωτα,
2275 1240 2375 1298 Καὶ
2426 1239 2491 1309 δή
2548 1240 2683 1313 αὗτῇ
2744 1240 2835 1312 μὶν
2899 1238 3165 1313 ὑπέσχετο
3218 1239 3389 1308 ἑαυτῷ
3448 1235 3691 1291 συνοικί-

2052 1336 2155 1398 ζειν
2204 1329 2277 1391 είς
2321 1330 2494 1404 γάμον
2548 1327 2744 1405 ἀφέντα
2786 1328 2884 1395 τὴν
2937 1328 3148 1396 ἑαυτοῦ,
3179 1324 3327 1393 πλὴν
3376 1324 3459 1379 ἐπὶ
3494 1323 3690 1378 δοκού-

2050 1440 2165 1479 σαις
2222 1417 2472 1491 εὐλόγοις
2531 1420 2883 1493 προφάσεσιν,
2946 1414 3006 1476 ἃς
3064 1414 3155 1469 καὶ
3232 1411 3544 1489 προῦτεινεν
3603 1412 3691 1467 ἐπὶ

2048 1506 2296 1571 πολλῶν,
2330 1504 2505 1573 καλὴν
2557 1506 2651 1577 μὲν
2710 1506 2843 1558 εἶναι
2891 1505 2990 1571 τὴν
3046 1501 3331 1576 Θεοδώραν
3366 1502 3530 1575 (οὕτω
3585 1503 3689 1577 γὰρ

2049 1595 2361 1668 ὠνομάζετο
2392 1596 2426 1663 ἡ
2460 1592 2771 1669 Αύγούστα)
2801 1592 2889 1647 καὶ
2939 1593 3126 1666 γένους
3158 1591 3306 1661 ἀξίου
3345 1591 3540 1645 τούτου
3590 1592 3687 1666 βαι

2050 1683 2287 1751 σιλίιιοῦ,
2340 1683 2429 1736 καὶ
2494 1678 2663 1753 μηδὲν
2723 1677 2869 1755 ἔχεις
2936 1679 3274 1735 ἐπαιτιᾶσθαι
3320 1680 3356 1749 ἢ
3409 1679 3596 1753 γένους
3651 1680 3686 1749 ἢ

2050 1771 2402 1847 σωφροσύνης
2458 1770 2677 1845 τρόπων
2736 1764 3231 1844 παραϐεϐασμενων
3264 1768 3298 1837 ἢ
3329 1770 3425 1821 τοῦ
3480 1767 3555 1839 μή
3598 1767 3688 1844 φί-

2050 1857 2283 1933 λανδρον
2351 1859 2482 1912 εἶναι
2552 1857 2641 1911 καί
2701 1859 2751 1911 οἱ
2806 1856 2952 1927 ἀξίαν
3030 1850 3470 1927 συμϐασιλεύειν.
3524 1853 3686 1910 Ἀλλ’

2047 1949 2329 2022 ἀναγκαῖον
2391 1947 2524 2001 εἶναι
2600 1948 2816 2007 πάντως
2893 1943 3349 2022 εύφυλακτότερον
3404 1944 3492 1998 καὶ
3550 1946 3685 2017 πρὸς

2045 2038 2170 2100 τοὺς
2218 2035 2447 2111 ἐχθροὺς
2492 2032 2639 2109 ἔχειν
2686 2035 2773 2090 ἐπὶ
2813 2037 2910 2103 τῆς
2939 2033 3151 2096 πόλεως
3186 2032 3362 2102 ὄντας,
3394 2036 3460 2102 ἧς
3518 2032 3682 2096 πολις

2050 2126 2141 2198 μὶν
2194 2126 2221 2180 ὁ
2273 2122 2439 2193 ζῆλος
2491 2126 2784 2198 ἀναγκαῖος
2845 2121 2890 2177 δ’
2940 2125 2967 2177 ὁ
3019 2121 3289 2193 κίνδυνος,
3322 2121 3419 2176 οὐκ
3475 2120 3682 2195 ὀλίγων

2046 2214 2349 2291 έπεισφρεῖν
2400 2212 2665 2287 ἐχόντων,
2697 2213 2787 2266 καὶ
2835 2212 2983 2266 ταῦτ’
3013 2209 3239 2265 Ἰταλῶν
3286 2214 3392 2263 τῶν
3442 2208 3682 2285 ἐχόντων

2044 2302 2330 2377 πρότερον,
2388 2300 2893 2375 παρακεκνισμένων
2947 2300 3037 2355 καὶ
3096 2298 3283 2362 ἄλλως
3357 2298 3432 2361 εἷς
3497 2306 3682 2371 μῆνιν,

2046 2392 2127 2446 ὅτι
2188 2389 2404 2466 ἔχοντες
2478 2390 2846 2466 ἀφῃρέθησαν.
2909 2388 3010 2445 Καὶ
3068 2393 3158 2441 νῦν
3227 2388 3684 2462 παρακινηθέντας

2048 2478 2242 2534 στόλον
2312 2477 2597 2533 ἀκούεσθαι
2675 2473 2904 2553 φοϐερὸν
2980 2475 3340 2550 ἐξαρτύεσθαι,
3399 2474 3593 2537 αὐτοὺς
3639 2472 3686 2528 δ’

2046 2568 2310 2623 ἀντωπεῖν
2390 2568 2589 2641 ὁρμαῖς
2664 2565 2940 2627 τοιαύταις
3022 2566 3097 2638 μὴ
3158 2560 3304 2639 ἔχειν
3340 2586 3352 2598 ·
3405 2562 3527 2619 οὔτε
3578 2565 3683 2638 γὰρ

2036 2780 2159 2819 sam
2194 2764 2477 2819 hactenus
2510 2763 2726 2817 famam
2755 2766 3069 2827 transacta,
3099 2761 3332 2815 viduam
3358 2761 3594 2816 maximi
3627 2765 3685 2817 et

2040 2851 2431 2921 potentissimi
2458 2852 2610 2907 182
2632 2850 3021 2921 imperatoris,
3042 2849 3442 2904 contaminare
3467 2850 3682 2904 lectum

2039 2943 2167 3012 ejus
2198 2946 2255 2996 et
2283 2940 2590 3012 augustale
2621 2941 2800 2995 decus
2824 2956 2955 2994 cum
2980 2938 3197 2994 illustri
3226 2938 3510 2993 memoria
3530 2938 3683 2993 tanti

2046 3030 2314 3100 conjugis
2333 3029 2654 3084 foedissimo
2673 3027 2943 3099 pellicatu
2965 3027 3294 3099 proﬂigare,
3320 3026 3685 3097 subjiciendo

2041 3131 2168 3169 sese
2199 3115 2350 3184 turpi
2385 3113 2613 3169 libidini
2649 3113 2799 3168 servi
2831 3113 2967 3167 olim
3019 3114 3147 3183 ejus
3187 3130 3253 3168 ac
3283 3112 3525 3179 subditi,
3555 3112 3690 3166 licet

2041 3202 2213 3257 hodie
2243 3203 2313 3256 ad
2349 3202 2661 3273 imperium
2684 3200 2883 3255 evecti.
2908 3201 3087 3270 Cujus
3110 3201 3509 3255 honestissimi
3533 3205 3691 3256 certa

2042 3290 2341 3361 proposita
2364 3306 2497 3345 eum
2521 3293 2719 3345 tamen
2745 3290 3064 3360 prudenter
3083 3295 3382 3345 vereretur
3403 3305 3684 3360 quorsum

287 3381 428 3429 tunc
462 3376 676 3431 famam
710 3381 944 3431 secutus
974 3392 1042 3429 ex
1072 3376 1213 3430 urbe
1242 3378 1440 3431 Genua
1462 3378 1530 3431 ad
1566 3376 1931 3448 imperatoris
1963 3404 2004 3470 α
2046 3394 2212 3432 amor
2236 3378 2527 3449 impotens
2558 3379 2849 3449 desperati
2876 3394 3182 3434 successus
3214 3378 3381 3433 furiis
3410 3377 3686 3433 incensus

284 3464 629 3519 comitatum
658 3468 999 3530 accesserat,
1034 3480 1272 3518 uxorem
1302 3465 1481 3533 dedit,
1515 3469 1571 3519 et
1602 3467 1771 3519 donis
1798 3481 1929 3519 eum

289 3552 621 3623 magniﬁcis
650 3552 996 3607 honoratum
1024 3551 1079 3606 in
1106 3552 1351 3623 patriam
1380 3569 1509 3606 cum
1537 3570 1682 3606 nova
1706 3553 1934 3607 remisit

287 3642 563 3711 conjuge.
581 3642 832 3694 Tertiam
859 3639 1418 3710 collocavitBulgaro
1436 3641 1932 3711 Sphentisthlabo,

288 3734 583 3783 montanae
616 3728 769 3784 circa
795 3733 1059 3783 Haemum
1089 3728 1418 3798 regionisin
1451 3728 1630 3799 Mysia
1661 3728 1929 3799 principi.

285 3818 501 3889 Sicque
534 3817 625 3871 his
653 3817 1010 3887 imperatorii
1064 3818 1295 3887 generis
1352 3816 1693 3871 mulieribus
1735 3816 1934 3888 procul

290 3906 650 3973 amendatis,
693 3904 922 3960 solutus
955 3921 1021 3959 ea
1052 3909 1216 3976 parte
1240 3921 1534 3970 curarum,
1578 3905 1708 3960 aliis
1732 3922 1833 3976 pro
1851 3923 1936 3960 ar-

292 3994 472 4049 bitrio
504 3994 775 4063 gerendis
800 3995 923 4064 jam
958 3994 1313 4048 securiorem
1337 3992 1618 4063 applicuit
1647 3995 1932 4050 animum.

630 4137 686 4191 7.
721 4136 794 4190 De
824 4135 1046 4191 domina
1075 4138 1233 4190 Anna
1260 4136 1597 4191 Alamanna.

368 4264 517 4315 Ante
548 4259 744 4315 omnia
767 4259 1213 4314 memorandum
1240 4262 1326 4313 est
1349 4259 1487 4329 quid
1515 4260 1584 4313 de
1613 4261 1777 4314 Anna
1812 4258 1935 4314 Ala-

294 4367 432 4404 man
444 4347 852 4404 natentaverit.
872 4348 1076 4402 Fuerat
1091 4347 1211 4402 haec
1226 4347 1431 4419 exiguo
1444 4354 1705 4419 tempore
1727 4351 1936 4420 conjux

290 4438 541 4494 Joannis
571 4436 839 4507 Augusti,
874 4436 1055 4507 patris
1114 4436 1394 4490 Theodori
1450 4437 1736 4504 Lascaris,
1769 4438 1839 4491 ab
1871 4454 1935 4492 eo

293 4528 473 4581 ducta
503 4526 561 4579 in
596 4529 851 4580 extremo
882 4524 1065 4588 senio,
1091 4523 1365 4579 Friderici
1388 4524 1592 4579 Siciliae
1621 4525 1771 4597 regis
1796 4525 1933 4595 ﬁlia,

295 4614 581 4671 Manfredi
615 4630 798 4678 soror,
830 4630 1005 4683 quam
1039 4630 1071 4667 a
1100 4612 1307 4683 legatis
1360 4613 1430 4667 ad
1480 4630 1602 4668 eam
1638 4630 1936 4669 accersen-

296 4705 431 4757 dam
466 4702 666 4756 missis
700 4702 1008 4756 deductam
1036 4706 1091 4756 et
1116 4700 1383 4771 solemni,
1411 4702 1798 4757 coronationis
1821 4704 1936 4758 ritu

297 4795 625 4861 Augustam
659 4789 1009 4845 declaratam
1044 4794 1403 4844 memoratus
1434 4790 1746 4860 imperator
1769 4791 1943 4846 Joan-

300 4897 404 4935 nes
464 4893 726 4943 uxorcm,
774 4893 1012 4947 eamque
1070 4894 1392 4949 percaram,
1423 4878 1724 4933 habuerat.
1760 4881 1947 4951 Hujus

304 4984 501 5023 amore
533 4970 739 5038 captus
771 4966 1088 5036 imperator
1112 4966 1347 5021 Michael
1373 4968 1686 5021 custodivit
1708 4986 1831 5022 eam
1859 4969 1946 5022 di-

298 5058 552 5127 ligenter
580 5072 650 5110 ne
674 5055 885 5109 rediret
918 5057 986 5109 ad
1011 5072 1172 5120 suos,
1198 5056 1506 5127 magniﬁce
1531 5060 1721 5110 tamen
1743 5056 1853 5127 ipsi
1882 5074 1946 5114 ac

299 5146 460 5216 regie
492 5160 617 5215 quae
651 5161 797 5215 opus
845 5143 956 5214 ipsi
988 5148 1151 5198 erant
1207 5144 1275 5197 ad
1337 5144 1552 5198 victum
1606 5144 1949 5217 cultumque

310 5233 727 5305 suppeditans,
755 5237 814 5285 at
835 5231 1058 5286 nullam
1092 5248 1204 5285 non
1238 5232 1471 5287 interim
1490 5234 1802 5288 admovens
1824 5252 1951 5289 ma-

310 5322 549 5377 chinam
585 5322 653 5375 ad
689 5320 839 5390 ejus,
869 5319 918 5373 si
978 5337 1096 5391 qua
1127 5321 1349 5376 ratione
1382 5325 1579 5392 posset
1610 5322 1949 5392 pudicitiam

314 5410 795 5482 expugnandam.
821 5407 884 5463 In
909 5424 1025 5478 quo
1050 5409 1267 5463 frustra
1288 5410 1577 5474 fuit,artes
1598 5411 1724 5479 ejus
1749 5427 1952 5468 omnes

299 5499 692 5567 indiosasque
720 5494 1035 5550 blanditias
1078 5501 1345 5551 matrona
1374 5496 1709 5568 repellente,
1733 5500 1952 5571 quippe

300 5604 432 5659 quae
454 5585 748 5656 sapienter
760 5586 1055 5655 reputaret
1068 5600 1237 5652 quam
1255 5585 1598 5655 probrosum
1620 5586 1764 5641 foret
1776 5604 1837 5641 se
1852 5588 1954 5643 tali

308 5682 505 5734 ortam
541 5674 729 5739 domo,
760 5672 878 5728 vita
904 5671 965 5727 in
997 5688 1231 5728 summa
1260 5673 1541 5745 dignitate
1571 5691 1673 5746 per
1709 5674 1956 5731 inoffen-

2043 3466 2101 3519 in
2134 3466 2438 3534 tyrannica
2496 3466 2733 3522 licentia
2766 3470 2964 3537 posset
3010 3481 3335 3537 erumpere,
3397 3466 3682 3537 optimum

2037 3556 2190 3607 l'actu
2241 3554 2464 3623 putavit
2494 3554 2643 3608 hanc
2675 3552 3018 3608 deliniendaa
3061 3554 3367 3624 ﬂagrantis
3396 3554 3684 3624 cupidita-

2036 3641 2111 3695 tis
2145 3641 2289 3695 inire
2323 3641 2631 3696 rationem.
2663 3640 2818 3696 Dixit
2874 3642 3211 3713 imperatori
3258 3642 3677 3712 haudquadam

2037 3746 2097 3785 se
2126 3730 2439 3785 abhorrere
2466 3730 2538 3784 ab
2565 3730 2693 3799 ejus
2725 3730 3021 3800 conjugio,
3046 3730 3094 3784 si
3124 3731 3258 3800 quis
3280 3730 3489 3785 modus
3513 3746 3675 3801 repe-

2037 3819 2248 3873 riretur
2268 3820 2396 3889 ejus
2427 3816 2683 3888 legitime
2713 3820 3029 3887 sancteque
3046 3818 3675 3883 committendi.Quare

2036 3907 2249 3963 videret
2277 3907 2486 3977 ecquid
2508 3923 2573 3962 eo
2605 3922 2718 3976 quo
2741 3920 2898 3959 nunc
2922 3910 3077 3960 esset
3102 3905 3438 3975 implicatus
3470 3907 3675 3961 matri-

2037 3996 2233 4050 monio
2264 4010 2391 4049 sese
2418 3996 2527 4048 rite
2554 3996 2753 4064 posset
2779 3992 3090 4047 exsolvere.
3123 3992 3248 4047 Tali
3300 4009 3445 4048 nexu
3498 3993 3680 4050 libero

2039 4099 2120 4147 se,
2155 4085 2216 4135 ut
2246 4082 2511 4147 honeste,
2534 4081 2615 4135 ita
2645 4097 2759 4135 non
2791 4079 3088 4135 illibenter
3114 4084 3310 4151 postea
3340 4084 3680 4152 nupturam.

2037 4168 2263 4223 Arrexit
2292 4184 2464 4223 aures
2497 4168 2567 4223 ad
2600 4185 2667 4224 eo
2718 4166 2987 4234 Michael,
3019 4172 3075 4224 et
3122 4168 3437 4224 excitatum
3488 4169 3685 4226 oblata

2040 4273 2142 4330 spe
2173 4257 2437 4312 animum
2460 4256 2667 4325 cupide
2696 4257 2938 4313 advertit
2972 4258 3041 4312 ad
3068 4258 3604 4314 comminiscendas
3629 4264 3687 4315 et

2040 4347 2255 4416 quibus
2286 4362 2434 4417 opus
2463 4350 2589 4401 erat
2618 4345 2931 4401 artiﬁciose
2962 4344 3349 4401 insinuandas
3390 4347 3685 4418 speciosae

2041 4450 2248 4489 causas
2286 4434 2683 4505 repudianda},
2708 4450 2885 4504 quam
2914 4433 3167 4489 habebat
3194 4434 3255 4489 in
3286 4435 3685 4504 contubernio,

2041 4521 2326 4593 conjugis.
2357 4522 2567 4578 Aiebat
2592 4522 2745 4577 haud
2797 4538 2859 4576 se
2905 4521 3031 4576 hire
3077 4521 3304 4578 inficias
3352 4522 3527 4578 talem
3558 4541 3687 4584 esse

2039 4612 2398 4666 Theodoram
2432 4610 2509 4681 (id
2543 4615 2666 4665 erat
2697 4613 2970 4681 Augusta
3003 4612 3238 4681 nomen)
3273 4611 3330 4665 in
3377 4629 3490 4683 qua
3540 4613 3688 4675 nihil

2049 4700 2119 4755 ad
2154 4698 2295 4771 regii
2328 4698 2556 4769 generis
2584 4697 2927 4764 claritatem,
2963 4699 3033 4753 ad
3066 4700 3356 4770 pudicitiae
3387 4702 3585 4772 decus,
3618 4702 3689 4757 ad

2056 4804 2284 4843 morum
2315 4787 2687 4841 sanctitatem
2720 4791 2822 4842 aut
2852 4787 3147 4842 caritatem
3180 4788 3238 4843 in
3272 4789 3462 4846 virum
3496 4795 3696 4862 posset

2056 4876 2368 4947 requirere,
2402 4875 2719 4945 quominus
2771 4876 3180 4948 dignissimam
3240 4877 3517 4934 fateretur
3566 4898 3696 4951 quae

2056 4982 2251 5021 secum
2285 4964 2617 5035 imperaret.
2648 4966 3148 5021 Considerandum
3192 4970 3383 5023 tamen
3413 4985 3544 5023 esse
3591 4986 3695 5024 ne-

2056 5053 2385 5109 cessitatem
2420 5068 2672 5123 gravem,
2708 5053 2996 5109 immineti
3028 5071 3184 5109 nunc
3216 5056 3391 5111 rebus
3420 5057 3696 5114 Romanis

2058 5142 2235 5197 atroci
2292 5142 2547 5213 periculo
2606 5142 2969 5214 impositam,
3028 5144 3270 5200 sollicite
3338 5146 3697 5217 praecavendi

2056 5232 2391 5286 Latinorum
2466 5232 2607 5295 iras,
2667 5237 2864 5303 erepta
2934 5249 3119 5304 nuper
3192 5235 3711 5306 Constantinopoli

2060 5320 2396 5376 furentium.
2432 5321 2655 5393 Opibus
2680 5322 2841 5392 ipsos
2882 5328 2934 5377 et
2987 5340 3229 5380 numero
3278 5325 3488 5392 valere,
3522 5341 3700 5381 causa

2059 5425 2289 5480 quoque
2320 5410 2537 5465 irritari
2588 5410 2983 5466 communiter
3032 5411 3349 5482 plausibili,
3383 5412 3586 5483 pulsos
3634 5429 3704 5468 ex

2060 5499 2427 5570 possessione
2456 5498 2736 5553 diuturna
2766 5504 2822 5553 et
2854 5499 3055 5554 multis
3083 5499 3385 5571 spoliatos,
3410 5516 3537 5571 qua:
3570 5517 3703 5572 pro-

2062 5587 2189 5658 pria
2217 5587 2437 5641 dudum
2490 5586 2907 5658 carissimaque
2956 5587 3300 5644 habuerant.
3334 5590 3702 5647 Concitatum

2063 5674 2251 5731 audiri
2282 5679 2474 5731 totum
2500 5674 2780 5731 Italorum
2822 5692 3056 5744 nomen,
3088 5681 3147 5733 et
3198 5679 3413 5734 armari
3470 5680 3702 5752 conspi-
