  <div class='ocr_page' id='page_1' title='image "/cluster/home/n/w/nwhite01/storage/ocr_20150623/143/mdp.39015078384784/319.png"; bbox 0 0 4162 6292; ppageno 0'>
   <div class='ocr_carea' id='block_1_1' title="bbox 490 332 599 387">
    <p class='ocr_par' dir='ltr' id='par_1_1' title="bbox 490 332 599 387">
     <span class='ocr_line' id='line_1_1' title="bbox 490 332 599 387; baseline 0.009 -1"><span class='ocrx_word' id='word_1_1' title='bbox 490 332 599 387; x_wconf 85' lang='lat'><strong>623</strong></span> 
     </span>
    </p>
   </div>
   <div class='ocr_carea' id='block_1_2' title="bbox 1785 335 2583 395">
    <p class='ocr_par' dir='ltr' id='par_1_2' title="bbox 1785 335 2583 395">
     <span class='ocr_line' id='line_1_2' title="bbox 1785 335 2583 395; baseline 0.005 -4"><span class='ocrx_word' id='word_1_2' title='bbox 1785 335 2085 395; x_wconf 78' lang='lat' dir='ltr'><strong>GEORGII</strong></span> <span class='ocrx_word' id='word_1_3' title='bbox 2122 338 2583 395; x_wconf 72' lang='lat' dir='ltr'><strong>PACHYMERE</strong></span> 
     </span>
    </p>
   </div>
   <div class='ocr_carea' id='block_1_3' title="bbox 3775 338 3890 393">
    <p class='ocr_par' dir='ltr' id='par_1_3' title="bbox 3775 338 3890 393">
     <span class='ocr_line' id='line_1_3' title="bbox 3775 338 3890 393; baseline 0 0"><span class='ocrx_word' id='word_1_4' title='bbox 3775 338 3890 393; x_wconf 78' lang='grc'><strong>624</strong></span> 
     </span>
    </p>
   </div>
   <div class='ocr_carea' id='block_1_4' title="bbox 489 455 3906 538">
    <p class='ocr_par' dir='ltr' id='par_1_4' title="bbox 489 455 3906 538">
     <span class='ocr_line' id='line_1_4' title="bbox 489 455 3906 538; baseline 0.003 -28"><span class='ocrx_word' id='word_1_5' title='bbox 489 455 643 511; x_wconf 84' lang='grc' dir='ltr'>ναυσὶ</span> <span class='ocrx_word' id='word_1_6' title='bbox 719 455 1003 519; x_wconf 84' lang='grc' dir='ltr'>τοσαύταις</span> <span class='ocrx_word' id='word_1_7' title='bbox 1086 457 1218 513; x_wconf 67' lang='grc' dir='ltr'>εἶναι</span> <span class='ocrx_word' id='word_1_8' title='bbox 1300 457 1435 535; x_wconf 74' lang='grc' dir='ltr'>πρὸς</span> <span class='ocrx_word' id='word_1_9' title='bbox 1518 456 1753 522; x_wconf 83' lang='grc' dir='ltr'>έκείνους</span> <span class='ocrx_word' id='word_1_10' title='bbox 1842 457 2124 536; x_wconf 68' lang='grc' dir='ltr'>ἀντέχειν,</span> <span class='ocrx_word' id='word_1_11' title='bbox 2156 460 2329 538; x_wconf 74' lang='grc' dir='ltr'>Ατὸν</span> <span class='ocrx_word' id='word_1_12' title='bbox 2362 460 2648 534; x_wconf 80' lang='grc' dir='ltr'>Μανουήλ,</span> <span class='ocrx_word' id='word_1_13' title='bbox 2682 461 2795 517; x_wconf 71' lang='grc' dir='ltr'>εἶτα</span> <span class='ocrx_word' id='word_1_14' title='bbox 2826 459 2883 517; x_wconf 76' lang='grc' dir='ltr'>δὲ</span> <span class='ocrx_word' id='word_1_15' title='bbox 2939 463 3028 517; x_wconf 84' lang='grc' dir='ltr'><strong>καὶ</strong></span> <span class='ocrx_word' id='word_1_16' title='bbox 3083 461 3175 518; x_wconf 82' lang='grc' dir='ltr'>τὸν</span> <span class='ocrx_word' id='word_1_17' title='bbox 3226 461 3484 536; x_wconf 72' lang='grc' dir='ltr'><strong>περιόντα</strong></span> <span class='ocrx_word' id='word_1_18' title='bbox 3515 459 3906 536; x_wconf 64' lang='grc' dir='ltr'>Ἀνδρόνικον</span> 
     </span>
    </p>
   </div>
   <div class='ocr_carea' id='block_1_5' title="bbox 496 542 2135 623">
    <p class='ocr_par' dir='ltr' id='par_1_5' title="bbox 496 542 2135 623">
     <span class='ocr_line' id='line_1_5' title="bbox 496 542 2135 623; baseline 0.003 -24"><span class='ocrx_word' id='word_1_19' title='bbox 496 542 621 600; x_wconf 74' lang='grc' dir='ltr'>οὕτε</span> <span class='ocrx_word' id='word_1_20' title='bbox 704 546 809 618; x_wconf 73' lang='grc' dir='ltr'><strong>μὴν</strong></span> <span class='ocrx_word' id='word_1_21' title='bbox 888 543 1034 608; x_wconf 70' lang='grc' dir='ltr'>ο⁹ίους</span> <span class='ocrx_word' id='word_1_22' title='bbox 1105 551 1153 600; x_wconf 91' lang='grc' dir='ltr'>τ’</span> <span class='ocrx_word' id='word_1_23' title='bbox 1210 548 1340 600; x_wconf 74' lang='grc' dir='ltr'>εἶναι</span> <span class='ocrx_word' id='word_1_24' title='bbox 1424 548 1787 623; x_wconf 74' lang='grc' dir='ltr'><strong>στρατεύμασι</strong></span> <span class='ocrx_word' id='word_1_25' title='bbox 1868 548 2135 621; x_wconf 82' lang='grc' dir='ltr'>πολεμεῖν</span> 
     </span>
    </p>
   </div>
   <div class='ocr_carea' id='block_1_6' title="bbox 496 633 2138 710">
    <p class='ocr_par' dir='ltr' id='par_1_6' title="bbox 496 633 2138 710">
     <span class='ocr_line' id='line_1_6' title="bbox 496 633 2138 710; baseline 0.001 -21"><span class='ocrx_word' id='word_1_26' title='bbox 496 635 633 689; x_wconf 87' lang='grc' dir='ltr'><strong>κατά</strong></span> <span class='ocrx_word' id='word_1_27' title='bbox 690 641 811 709; x_wconf 80' lang='grc' dir='ltr'>γῆν.</span> <span class='ocrx_word' id='word_1_28' title='bbox 860 633 992 698; x_wconf 82' lang='grc' dir='ltr'>Τοὺς</span> <span class='ocrx_word' id='word_1_29' title='bbox 1071 633 1126 689; x_wconf 73' lang='grc' dir='ltr'><strong>δὲ</strong></span> <span class='ocrx_word' id='word_1_30' title='bbox 1204 633 1556 710; x_wconf 81' lang='grc' dir='ltr'>Βουλγάρους</span> <span class='ocrx_word' id='word_1_31' title='bbox 1623 636 1711 691; x_wconf 83' lang='grc' dir='ltr'><strong>καὶ</strong></span> <span class='ocrx_word' id='word_1_32' title='bbox 1772 637 1965 699; x_wconf 76' lang='grc' dir='ltr'>αὐτοὺς</span> <span class='ocrx_word' id='word_1_33' title='bbox 2025 636 2138 693; x_wconf 80' lang='grc' dir='ltr'>ἐτέ-</span> 
     </span>
    </p>
   </div>
   <div class='ocr_carea' id='block_1_7' title="bbox 502 719 2135 800">
    <p class='ocr_par' dir='ltr' id='par_1_7' title="bbox 502 719 2135 800">
     <span class='ocr_line' id='line_1_7' title="bbox 502 719 2135 800; baseline 0.002 -23"><span class='ocrx_word' id='word_1_34' title='bbox 502 735 671 798; x_wconf 90' lang='grc' dir='ltr'>ρωθεν</span> <span class='ocrx_word' id='word_1_35' title='bbox 742 722 984 778; x_wconf 80' lang='grc' dir='ltr'><strong>ἀπειλεῖν</strong></span> <span class='ocrx_word' id='word_1_36' title='bbox 1048 719 1354 779; x_wconf 76' lang='grc' dir='ltr'>εἰσϐάλλειν</span> <span class='ocrx_word' id='word_1_37' title='bbox 1413 722 1501 779; x_wconf 76' lang='grc' dir='ltr'>διὰ</span> <span class='ocrx_word' id='word_1_38' title='bbox 1556 725 1789 800; x_wconf 71' lang='grc' dir='ltr'>Θρᾴκης,</span> <span class='ocrx_word' id='word_1_39' title='bbox 1848 726 1939 780; x_wconf 78' lang='grc' dir='ltr'><strong>καὶ</strong></span> <span class='ocrx_word' id='word_1_40' title='bbox 1991 723 2135 800; x_wconf 83' lang='grc' dir='ltr'><strong>μᾶλ-</strong></span> 
     </span>
    </p>
   </div>
   <div class='ocr_carea' id='block_1_8' title="bbox 503 812 2139 888">
    <p class='ocr_par' dir='ltr' id='par_1_8' title="bbox 503 812 2139 888">
     <span class='ocr_line' id='line_1_8' title="bbox 503 812 2139 888; baseline -0.001 -21"><span class='ocrx_word' id='word_1_41' title='bbox 503 812 598 867; x_wconf 90' lang='grc' dir='ltr'>λον</span> <span class='ocrx_word' id='word_1_42' title='bbox 648 819 749 882; x_wconf 78' lang='grc' dir='ltr'>τῆς</span> <span class='ocrx_word' id='word_1_43' title='bbox 803 813 882 882; x_wconf 82' lang='grc' dir='ltr'>τῷ</span> <span class='ocrx_word' id='word_1_44' title='bbox 939 816 1046 868; x_wconf 89' lang='grc' dir='ltr'><strong>τῶν</strong></span> <span class='ocrx_word' id='word_1_45' title='bbox 1101 812 1458 888; x_wconf 80' lang='grc' dir='ltr'>Βουλγάρων,</span> <span class='ocrx_word' id='word_1_46' title='bbox 1491 815 1718 888; x_wconf 72' lang='grc' dir='ltr'>ἄρχοντι</span> <span class='ocrx_word' id='word_1_47' title='bbox 1751 814 2139 887; x_wconf 79' lang='grc' dir='ltr'>Κωνσταντίνῳ</span> 
     </span>
    </p>
   </div>
   <div class='ocr_carea' id='block_1_9' title="bbox 503 901 2135 976">
    <p class='ocr_par' dir='ltr' id='par_1_9' title="bbox 503 901 2135 976">
     <span class='ocr_line' id='line_1_9' title="bbox 503 901 2135 976; baseline 0.001 -21"><span class='ocrx_word' id='word_1_48' title='bbox 503 903 853 971; x_wconf 82' lang='grc' dir='ltr'>συνοικούσης</span> <span class='ocrx_word' id='word_1_49' title='bbox 898 901 1135 976; x_wconf 81' lang='grc' dir='ltr'>Εἰρήνης</span> <span class='ocrx_word' id='word_1_50' title='bbox 1188 903 1262 974; x_wconf 82' lang='grc' dir='ltr'>μή</span> <span class='ocrx_word' id='word_1_51' title='bbox 1312 902 1536 974; x_wconf 75' lang='grc' dir='ltr'>ἠρεμεῖν</span> <span class='ocrx_word' id='word_1_52' title='bbox 1585 901 1759 971; x_wconf 74' lang='grc' dir='ltr'>ἐώσης</span> <span class='ocrx_word' id='word_1_53' title='bbox 1786 903 1876 956; x_wconf 85' lang='grc' dir='ltr'>τὸν</span> <span class='ocrx_word' id='word_1_54' title='bbox 1904 903 2135 976; x_wconf 87' lang='grc' dir='ltr'>σύζυγον</span> 
     </span>
    </p>
   </div>
   <div class='ocr_carea' id='block_1_10' title="bbox 501 988 2115 1065">
    <p class='ocr_par' dir='ltr' id='par_1_10' title="bbox 501 988 2115 1065">
     <span class='ocr_line' id='line_1_10' title="bbox 501 988 2115 1065; baseline 0.001 -20"><span class='ocrx_word' id='word_1_55' title='bbox 501 994 570 1064; x_wconf 82' lang='grc' dir='ltr'>τῇ</span> <span class='ocrx_word' id='word_1_56' title='bbox 624 991 758 1064; x_wconf 88' lang='grc' dir='ltr'>πρὸς</span> <span class='ocrx_word' id='word_1_57' title='bbox 802 991 891 1044; x_wconf 87' lang='grc' dir='ltr'><strong>τὸν</strong></span> <span class='ocrx_word' id='word_1_58' title='bbox 946 988 1301 1065; x_wconf 68' lang='grc' dir='ltr'><strong>βασιλεύοντα</strong></span> <span class='ocrx_word' id='word_1_59' title='bbox 1348 989 1633 1063; x_wconf 79' lang='grc' dir='ltr'>ἀπεχθείᾳ.</span> <span class='ocrx_word' id='word_1_60' title='bbox 1671 988 1865 1062; x_wconf 83' lang='grc' dir='ltr'>Κύκλῳ</span> <span class='ocrx_word' id='word_1_61' title='bbox 1898 992 1977 1063; x_wconf 88' lang='grc' dir='ltr'><strong>[Ρ.</strong></span> <span class='ocrx_word' id='word_1_62' title='bbox 2014 992 2115 1046; x_wconf 75' lang='grc'>122</span> 
     </span>
    </p>
   </div>
   <div class='ocr_carea' id='block_1_11' title="bbox 501 1076 2138 1153">
    <p class='ocr_par' dir='ltr' id='par_1_11' title="bbox 501 1076 2138 1153">
     <span class='ocr_line' id='line_1_11' title="bbox 501 1076 2138 1153; baseline -0.001 -20"><span class='ocrx_word' id='word_1_63' title='bbox 501 1083 632 1151; x_wconf 79' lang='grc' dir='ltr'>γοῦν</span> <span class='ocrx_word' id='word_1_64' title='bbox 679 1082 786 1133; x_wconf 63' lang='grc' dir='ltr'><strong>τῶν</strong></span> <span class='ocrx_word' id='word_1_65' title='bbox 846 1077 1057 1153; x_wconf 79' lang='grc' dir='ltr'>ἐχθρῶν</span> <span class='ocrx_word' id='word_1_66' title='bbox 1133 1079 1611 1153; x_wconf 85' lang='grc' dir='ltr'>παρακινουμένων</span> <span class='ocrx_word' id='word_1_67' title='bbox 1670 1085 1871 1153; x_wconf 81' lang='grc' dir='ltr'>χρῆναι</span> <span class='ocrx_word' id='word_1_68' title='bbox 1929 1076 2138 1152; x_wconf 80' lang='grc' dir='ltr'>φυλάσ-</span> 
     </span>
    </p>
   </div>
   <div class='ocr_carea' id='block_1_12' title="bbox 500 1163 2139 1233">
    <p class='ocr_par' dir='ltr' id='par_1_12' title="bbox 500 1163 2139 1233">
     <span class='ocr_line' id='line_1_12' title="bbox 500 1163 2139 1233; baseline 0.001 -13"><span class='ocrx_word' id='word_1_69' title='bbox 500 1168 681 1222; x_wconf 85' lang='grc' dir='ltr'>σεσθαι</span> <span class='ocrx_word' id='word_1_70' title='bbox 729 1166 825 1230; x_wconf 77' lang='grc' dir='ltr'>τὰς</span> <span class='ocrx_word' id='word_1_71' title='bbox 875 1167 1137 1230; x_wconf 71' lang='grc' dir='ltr'>ἐπιθέσεις</span> <span class='ocrx_word' id='word_1_72' title='bbox 1180 1166 1254 1227; x_wconf 86' lang='grc' dir='ltr'><strong>εἰς</strong></span> <span class='ocrx_word' id='word_1_73' title='bbox 1302 1166 1428 1221; x_wconf 81' lang='grc' dir='ltr'>ὅσον</span> <span class='ocrx_word' id='word_1_74' title='bbox 1472 1163 1718 1233; x_wconf 87' lang='grc' dir='ltr'>δυνατὸν,</span> <span class='ocrx_word' id='word_1_75' title='bbox 1753 1164 1903 1228; x_wconf 81' lang='grc' dir='ltr'>ἰδίως</span> <span class='ocrx_word' id='word_1_76' title='bbox 1936 1163 1993 1220; x_wconf 76' lang='grc' dir='ltr'>δὲ</span> <span class='ocrx_word' id='word_1_77' title='bbox 2050 1165 2139 1221; x_wconf 78' lang='grc' dir='ltr'>δε-</span> 
     </span>
    </p>
   </div>
   <div class='ocr_carea' id='block_1_13' title="bbox 501 1252 2137 1329">
    <p class='ocr_par' dir='ltr' id='par_1_13' title="bbox 501 1252 2137 1329">
     <span class='ocr_line' id='line_1_13' title="bbox 501 1252 2137 1329; baseline -0.002 -19"><span class='ocrx_word' id='word_1_78' title='bbox 501 1253 665 1310; x_wconf 85' lang='grc' dir='ltr'>διέναι</span> <span class='ocrx_word' id='word_1_79' title='bbox 720 1256 809 1310; x_wconf 77' lang='grc' dir='ltr'><strong>καὶ</strong></span> <span class='ocrx_word' id='word_1_80' title='bbox 868 1254 995 1317; x_wconf 80' lang='grc' dir='ltr'>τοὺς</span> <span class='ocrx_word' id='word_1_81' title='bbox 1049 1261 1148 1323; x_wconf 80' lang='grc' dir='ltr'>τῆς</span> <span class='ocrx_word' id='word_1_82' title='bbox 1209 1252 1493 1329; x_wconf 88' lang='grc' dir='ltr'>βασιλίδος</span> <span class='ocrx_word' id='word_1_83' title='bbox 1524 1257 1728 1323; x_wconf 73' lang='grc' dir='ltr'>’Ἄννης</span> <span class='ocrx_word' id='word_1_84' title='bbox 1784 1255 2018 1316; x_wconf 90' lang='grc' dir='ltr'>οἰκείους</span> <span class='ocrx_word' id='word_1_85' title='bbox 2062 1254 2137 1316; x_wconf 85' lang='grc' dir='ltr'>ὡς</span> 
     </span>
    </p>
   </div>
   <div class='ocr_carea' id='block_1_14' title="bbox 498 1341 2138 1418">
    <p class='ocr_par' dir='ltr' id='par_1_14' title="bbox 498 1341 2138 1418">
     <span class='ocr_line' id='line_1_14' title="bbox 498 1341 2138 1418; baseline -0.001 -21"><span class='ocrx_word' id='word_1_86' title='bbox 498 1343 732 1417; x_wconf 81' lang='grc' dir='ltr'>έτοίμως</span> <span class='ocrx_word' id='word_1_87' title='bbox 778 1341 865 1398; x_wconf 76' lang='grc' dir='ltr'><strong>διὰ</strong></span> <span class='ocrx_word' id='word_1_88' title='bbox 913 1344 1113 1413; x_wconf 83' lang='grc' dir='ltr'>ταύτην</span> <span class='ocrx_word' id='word_1_89' title='bbox 1160 1342 1438 1404; x_wconf 88' lang='grc' dir='ltr'>κάκείνους</span> <span class='ocrx_word' id='word_1_90' title='bbox 1485 1348 1600 1405; x_wconf 89' lang='grc' dir='ltr'>τοῖς</span> <span class='ocrx_word' id='word_1_91' title='bbox 1652 1341 1844 1405; x_wconf 81' lang='grc' dir='ltr'>ἄλλοις</span> <span class='ocrx_word' id='word_1_92' title='bbox 1893 1343 2138 1418; x_wconf 83' lang='grc' dir='ltr'>σύνεξορ-</span> 
     </span>
    </p>
   </div>
   <div class='ocr_carea' id='block_1_15' title="bbox 501 1428 2138 1507">
    <p class='ocr_par' dir='ltr' id='par_1_15' title="bbox 501 1428 2138 1507">
     <span class='ocr_line' id='line_1_15' title="bbox 501 1428 2138 1507; baseline -0.001 -20"><span class='ocrx_word' id='word_1_93' title='bbox 501 1434 793 1504; x_wconf 82' lang='grc' dir='ltr'>μήσοντας.</span> <span class='ocrx_word' id='word_1_94' title='bbox 834 1431 899 1489; x_wconf 86' lang='grc' dir='ltr'>Εἰ</span> <span class='ocrx_word' id='word_1_95' title='bbox 947 1428 1003 1486; x_wconf 83' lang='grc' dir='ltr'><strong>δέ</strong></span> <span class='ocrx_word' id='word_1_96' title='bbox 1057 1453 1109 1486; x_wconf 90' lang='grc' dir='ltr'><strong>τι</strong></span> <span class='ocrx_word' id='word_1_97' title='bbox 1139 1432 1685 1507; x_wconf 80' lang='grc' dir='ltr'>προμηθευσαίμεθα,</span> <span class='ocrx_word' id='word_1_98' title='bbox 1711 1437 1961 1505; x_wconf 85' lang='grc' dir='ltr'>κρεῖττον</span> <span class='ocrx_word' id='word_1_99' title='bbox 2021 1451 2138 1486; x_wconf 82' lang='grc' dir='ltr'>και-</span> 
     </span>
    </p>
   </div>
   <div class='ocr_carea' id='block_1_16' title="bbox 498 1518 2138 1595">
    <p class='ocr_par' dir='ltr' id='par_1_16' title="bbox 498 1518 2138 1595">
     <span class='ocr_line' id='line_1_16' title="bbox 498 1518 2138 1595; baseline -0.001 -20"><span class='ocrx_word' id='word_1_100' title='bbox 498 1521 586 1595; x_wconf 86' lang='grc' dir='ltr'><strong>ρὸν</strong></span> <span class='ocrx_word' id='word_1_101' title='bbox 644 1518 994 1595; x_wconf 83' lang='grc' dir='ltr'>ἔχοντες,μή</span> <span class='ocrx_word' id='word_1_102' title='bbox 1060 1520 1226 1593; x_wconf 85' lang='grc' dir='ltr'>μόνον</span> <span class='ocrx_word' id='word_1_103' title='bbox 1277 1520 1508 1595; x_wconf 75' lang='grc' dir='ltr'>ἐχθροὺς</span> <span class='ocrx_word' id='word_1_104' title='bbox 1551 1519 1813 1590; x_wconf 78' lang='grc' dir='ltr'>ἐκείνους,</span> <span class='ocrx_word' id='word_1_105' title='bbox 1850 1519 1994 1574; x_wconf 76' lang='grc' dir='ltr'>ἀλλὰ</span> <span class='ocrx_word' id='word_1_106' title='bbox 2048 1519 2138 1574; x_wconf 80' lang='grc' dir='ltr'><strong>καὶ</strong></span> 
     </span>
    </p>
   </div>
   <div class='ocr_carea' id='block_1_17' title="bbox 498 1606 2139 1686">
    <p class='ocr_par' dir='ltr' id='par_1_17' title="bbox 498 1606 2139 1686">
     <span class='ocr_line' id='line_1_17' title="bbox 498 1606 2139 1686; baseline -0.001 -23"><span class='ocrx_word' id='word_1_107' title='bbox 498 1608 693 1686; x_wconf 78' lang='grc' dir='ltr'>φίλους</span> <span class='ocrx_word' id='word_1_108' title='bbox 753 1610 1013 1685; x_wconf 83' lang='grc' dir='ltr'>γενέσθαι,</span> <span class='ocrx_word' id='word_1_109' title='bbox 1074 1606 1427 1681; x_wconf 68' lang='grc' dir='ltr'>αἰδουμένους</span> <span class='ocrx_word' id='word_1_110' title='bbox 1484 1608 1546 1661; x_wconf 88' lang='grc' dir='ltr'>τὸ</span> <span class='ocrx_word' id='word_1_111' title='bbox 1626 1606 1819 1678; x_wconf 85' lang='grc' dir='ltr'>κῆδος,</span> <span class='ocrx_word' id='word_1_112' title='bbox 1876 1608 1965 1662; x_wconf 83' lang='grc' dir='ltr'><strong>καὶ</strong></span> <span class='ocrx_word' id='word_1_113' title='bbox 2021 1609 2139 1662; x_wconf 84' lang='grc' dir='ltr'>κατ’</span> 
     </span>
    </p>
   </div>
   <div class='ocr_carea' id='block_1_18' title="bbox 501 1694 2137 1774">
    <p class='ocr_par' dir='ltr' id='par_1_18' title="bbox 501 1694 2137 1774">
     <span class='ocr_line' id='line_1_18' title="bbox 501 1694 2137 1774; baseline -0.001 -22"><span class='ocrx_word' id='word_1_114' title='bbox 501 1698 836 1774; x_wconf 79' lang='grc' dir='ltr'><strong>ἀγχιστείαν,</strong></span> <span class='ocrx_word' id='word_1_115' title='bbox 895 1697 946 1752; x_wconf 71' lang='grc' dir='ltr'>εἴ</span> <span class='ocrx_word' id='word_1_116' title='bbox 1001 1697 1380 1769; x_wconf 78' lang='grc' dir='ltr'>συνοικίσομεν</span> <span class='ocrx_word' id='word_1_117' title='bbox 1433 1696 1643 1758; x_wconf 67' lang='grc' dir='ltr'>ἑαυτοῖς</span> <span class='ocrx_word' id='word_1_118' title='bbox 1726 1697 1826 1763; x_wconf 77' lang='grc' dir='ltr'><strong>τὴν</strong></span> <span class='ocrx_word' id='word_1_119' title='bbox 1895 1694 2137 1762; x_wconf 78' lang='grc' dir='ltr'><strong>ἐκείνων,</strong></span> 
     </span>
    </p>
   </div>
   <div class='ocr_carea' id='block_1_19' title="bbox 502 1781 2141 1861">
    <p class='ocr_par' dir='ltr' id='par_1_19' title="bbox 502 1781 2141 1861">
     <span class='ocr_line' id='line_1_19' title="bbox 502 1781 2141 1861; baseline -0.002 -19"><span class='ocrx_word' id='word_1_120' title='bbox 502 1788 718 1848; x_wconf 76' lang='grc' dir='ltr'>οἰκείως</span> <span class='ocrx_word' id='word_1_121' title='bbox 776 1787 913 1861; x_wconf 88' lang='grc' dir='ltr'>πρὸς</span> <span class='ocrx_word' id='word_1_122' title='bbox 968 1788 1115 1854; x_wconf 81' lang='grc' dir='ltr'>ἡμᾶς</span> <span class='ocrx_word' id='word_1_123' title='bbox 1181 1781 1434 1859; x_wconf 74' lang='grc' dir='ltr'>ἔχοντας.</span> <span class='ocrx_word' id='word_1_124' title='bbox 1488 1789 1665 1840; x_wconf 80' lang='grc' dir='ltr'>Ταῦτα</span> <span class='ocrx_word' id='word_1_125' title='bbox 1718 1788 1815 1839; x_wconf 74' lang='grc' dir='ltr'>τοῦ</span> <span class='ocrx_word' id='word_1_126' title='bbox 1875 1783 2141 1860; x_wconf 83' lang='grc' dir='ltr'>βασιλέως</span> 
     </span>
    </p>
   </div>
   <div class='ocr_carea' id='block_1_20' title="bbox 506 1872 2136 1951">
    <p class='ocr_par' dir='ltr' id='par_1_20' title="bbox 506 1872 2136 1951">
     <span class='ocr_line' id='line_1_20' title="bbox 506 1872 2136 1951; baseline -0.003 -20"><span class='ocrx_word' id='word_1_127' title='bbox 506 1874 907 1951; x_wconf 71' lang='grc' dir='ltr'>βουλευομένου</span> <span class='ocrx_word' id='word_1_128' title='bbox 964 1874 1054 1929; x_wconf 78' lang='grc' dir='ltr'><strong>καὶ</strong></span> <span class='ocrx_word' id='word_1_129' title='bbox 1114 1878 1440 1951; x_wconf 80' lang='grc' dir='ltr'>σοφιστικῶς</span> <span class='ocrx_word' id='word_1_130' title='bbox 1488 1872 1746 1948; x_wconf 89' lang='grc' dir='ltr'>λέγοντος</span> <span class='ocrx_word' id='word_1_131' title='bbox 1778 1872 1979 1947; x_wconf 79' lang='grc' dir='ltr'>(ἔπειθε</span> <span class='ocrx_word' id='word_1_132' title='bbox 2033 1872 2136 1947; x_wconf 81' lang='grc' dir='ltr'><strong>γὰρ</strong></span> 
     </span>
    </p>
   </div>
   <div class='ocr_carea' id='block_1_21' title="bbox 505 1959 2140 2038">
    <p class='ocr_par' dir='ltr' id='par_1_21' title="bbox 505 1959 2140 2038">
     <span class='ocr_line' id='line_1_21' title="bbox 505 1959 2140 2038; baseline -0.003 -18"><span class='ocrx_word' id='word_1_133' title='bbox 505 1965 533 2019; x_wconf 85' lang='grc' dir='ltr'>ὁ</span> <span class='ocrx_word' id='word_1_134' title='bbox 589 1961 815 2019; x_wconf 79' lang='grc' dir='ltr'>ἐκκαίων</span> <span class='ocrx_word' id='word_1_135' title='bbox 877 1960 1039 2038; x_wconf 80' lang='grc' dir='ltr'>ἔρως,</span> <span class='ocrx_word' id='word_1_136' title='bbox 1069 1962 1160 2016; x_wconf 85' lang='grc' dir='ltr'>καὶ</span> <span class='ocrx_word' id='word_1_137' title='bbox 1222 1959 1434 2034; x_wconf 82' lang='grc' dir='ltr'>μᾶλλον</span> <span class='ocrx_word' id='word_1_138' title='bbox 1492 1961 1642 2035; x_wconf 82' lang='grc' dir='ltr'><strong>παρά</strong></span> <span class='ocrx_word' id='word_1_139' title='bbox 1693 1968 1793 2031; x_wconf 84' lang='grc' dir='ltr'>τῆς</span> <span class='ocrx_word' id='word_1_140' title='bbox 1849 1959 2140 2031; x_wconf 81' lang='grc' dir='ltr'>δεσποίνης</span> 
     </span>
    </p>
   </div>
   <div class='ocr_carea' id='block_1_22' title="bbox 500 2046 2140 2127">
    <p class='ocr_par' dir='ltr' id='par_1_22' title="bbox 500 2046 2140 2127">
     <span class='ocr_line' id='line_1_22' title="bbox 500 2046 2140 2127; baseline -0.002 -21"><span class='ocrx_word' id='word_1_141' title='bbox 500 2053 705 2121; x_wconf 82' lang='grc' dir='ltr'>’Δννης</span> <span class='ocrx_word' id='word_1_142' title='bbox 753 2049 1273 2127; x_wconf 75' lang='grc' dir='ltr'>περιφρονούμενος)</span> <span class='ocrx_word' id='word_1_143' title='bbox 1320 2050 1355 2118; x_wconf 82' lang='grc' dir='ltr'><strong>ἡ</strong></span> <span class='ocrx_word' id='word_1_144' title='bbox 1405 2048 1624 2123; x_wconf 82' lang='grc' dir='ltr'>βασιλὶς</span> <span class='ocrx_word' id='word_1_145' title='bbox 1666 2046 1921 2123; x_wconf 85' lang='grc' dir='ltr'>Θεοδώρα</span> <span class='ocrx_word' id='word_1_146' title='bbox 1973 2060 2140 2113; x_wconf 88' lang='grc' dir='ltr'>πυθο-</span> 
     </span>
    </p>
   </div>
   <div class='ocr_carea' id='block_1_23' title="bbox 505 2135 2139 2216">
    <p class='ocr_par' dir='ltr' id='par_1_23' title="bbox 505 2135 2139 2216">
     <span class='ocr_line' id='line_1_23' title="bbox 505 2135 2139 2216; baseline -0.004 -20"><span class='ocrx_word' id='word_1_147' title='bbox 505 2142 636 2214; x_wconf 88' lang='grc' dir='ltr'>μένη</span> <span class='ocrx_word' id='word_1_148' title='bbox 690 2139 949 2216; x_wconf 81' lang='grc' dir='ltr'>χαλεπῶς</span> <span class='ocrx_word' id='word_1_149' title='bbox 990 2139 1130 2215; x_wconf 80' lang='grc' dir='ltr'>εἶχεν</span> <span class='ocrx_word' id='word_1_150' title='bbox 1181 2136 1408 2212; x_wconf 84' lang='grc' dir='ltr'>ἐνέγκαι,</span> <span class='ocrx_word' id='word_1_151' title='bbox 1438 2137 1488 2192; x_wconf 74' lang='grc' dir='ltr'><strong>εἰ</strong></span> <span class='ocrx_word' id='word_1_152' title='bbox 1536 2135 1789 2193; x_wconf 83' lang='grc' dir='ltr'>δέσποινα</span> <span class='ocrx_word' id='word_1_153' title='bbox 1837 2136 2139 2209; x_wconf 77' lang='grc' dir='ltr'>ἐστεμμένη</span> 
     </span>
    </p>
   </div>
   <div class='ocr_carea' id='block_1_24' title="bbox 501 2223 2145 2303">
    <p class='ocr_par' dir='ltr' id='par_1_24' title="bbox 501 2223 2145 2303">
     <span class='ocr_line' id='line_1_24' title="bbox 501 2223 2145 2303; baseline -0.002 -20"><span class='ocrx_word' id='word_1_154' title='bbox 501 2230 632 2283; x_wconf 77' lang='grc' dir='ltr'>οὖσα</span> <span class='ocrx_word' id='word_1_155' title='bbox 696 2227 785 2283; x_wconf 83' lang='grc' dir='ltr'><strong>καὶ</strong></span> <span class='ocrx_word' id='word_1_156' title='bbox 838 2227 1035 2303; x_wconf 87' lang='grc' dir='ltr'>γνησία</span> <span class='ocrx_word' id='word_1_157' title='bbox 1092 2228 1253 2303; x_wconf 80' lang='grc' dir='ltr'>γυνὴ,</span> <span class='ocrx_word' id='word_1_158' title='bbox 1315 2227 1401 2281; x_wconf 79' lang='grc' dir='ltr'>ὑπ’</span> <span class='ocrx_word' id='word_1_159' title='bbox 1460 2224 1616 2300; x_wconf 88' lang='grc' dir='ltr'>ἀνδρί</span> <span class='ocrx_word' id='word_1_160' title='bbox 1675 2246 1734 2281; x_wconf 91' lang='grc' dir='ltr'><strong>τε</strong></span> <span class='ocrx_word' id='word_1_161' title='bbox 1788 2230 1868 2297; x_wconf 80' lang='grc' dir='ltr'>τῷ</span> <span class='ocrx_word' id='word_1_162' title='bbox 1930 2223 2145 2301; x_wconf 88' lang='grc' dir='ltr'>βασιλεῖ</span> 
     </span>
    </p>
   </div>
   <div class='ocr_carea' id='block_1_25' title="bbox 498 2311 2141 2388">
    <p class='ocr_par' dir='ltr' id='par_1_25' title="bbox 498 2311 2141 2388">
     <span class='ocr_line' id='line_1_25' title="bbox 498 2311 2141 2388; baseline -0.002 -15"><span class='ocrx_word' id='word_1_163' title='bbox 498 2320 728 2373; x_wconf 81' lang='grc' dir='ltr'>τεκοῦσα</span> <span class='ocrx_word' id='word_1_164' title='bbox 758 2313 973 2387; x_wconf 87' lang='grc' dir='ltr'>παῖδας,</span> <span class='ocrx_word' id='word_1_165' title='bbox 999 2314 1089 2370; x_wconf 86' lang='grc' dir='ltr'><strong>καὶ</strong></span> <span class='ocrx_word' id='word_1_166' title='bbox 1121 2318 1337 2386; x_wconf 85' lang='grc' dir='ltr'>πρῶτον</span> <span class='ocrx_word' id='word_1_167' title='bbox 1392 2313 1486 2387; x_wconf 71' lang='grc' dir='ltr'>μὶν</span> <span class='ocrx_word' id='word_1_168' title='bbox 1535 2313 1909 2388; x_wconf 81' lang='grc' dir='ltr'>ἀποιχόμενον</span> <span class='ocrx_word' id='word_1_169' title='bbox 1970 2311 2141 2369; x_wconf 83' lang='grc' dir='ltr'>ἄλλον</span> 
     </span>
    </p>
   </div>
   <div class='ocr_carea' id='block_1_26' title="bbox 501 2509 2137 2586">
    <p class='ocr_par' dir='ltr' id='par_1_26' title="bbox 501 2509 2137 2586">
     <span class='ocr_line' id='line_1_26' title="bbox 501 2509 2137 2586; baseline -0.006 -13"><span class='ocrx_word' id='word_1_170' title='bbox 501 2519 665 2573; x_wconf 89' lang='lat' dir='ltr'><strong>rante</strong></span> <span class='ocrx_word' id='word_1_171' title='bbox 677 2514 967 2572; x_wconf 78' lang='lat' dir='ltr'><strong>sententia</strong></span> <span class='ocrx_word' id='word_1_172' title='bbox 981 2513 1355 2586; x_wconf 88' lang='lat' dir='ltr'><strong>potentiaque</strong></span> <span class='ocrx_word' id='word_1_173' title='bbox 1370 2509 1860 2567; x_wconf 78' lang='lat' dir='ltr'><strong>feracissimarum</strong></span> <span class='ocrx_word' id='word_1_174' title='bbox 1877 2509 2137 2582; x_wconf 88' lang='lat' dir='ltr'><strong>gentium</strong></span> 
     </span>
    </p>
   </div>
   <div class='ocr_carea' id='block_1_27' title="bbox 502 2599 2140 2678">
    <p class='ocr_par' dir='ltr' id='par_1_27' title="bbox 502 2599 2140 2678">
     <span class='ocr_line' id='line_1_27' title="bbox 502 2599 2140 2678; baseline -0.004 -19"><span class='ocrx_word' id='word_1_175' title='bbox 502 2603 974 2678; x_wconf 85' lang='lat' dir='ltr'><strong>potentissimam</strong></span> <span class='ocrx_word' id='word_1_176' title='bbox 1006 2602 1274 2665; x_wconf 80' lang='lat' dir='ltr'><strong>classem,</strong></span> <span class='ocrx_word' id='word_1_177' title='bbox 1307 2600 1401 2655; x_wconf 89' lang='lat' dir='ltr'><strong>cui</strong></span> <span class='ocrx_word' id='word_1_178' title='bbox 1433 2600 1526 2655; x_wconf 87' lang='lat' dir='ltr'><strong>vix</strong></span> <span class='ocrx_word' id='word_1_179' title='bbox 1547 2599 1759 2656; x_wconf 74' lang='lat' dir='ltr'><strong>habeat</strong></span> <span class='ocrx_word' id='word_1_180' title='bbox 1787 2602 2140 2665; x_wconf 88' lang='lat' dir='ltr'><strong>Romanum,</strong></span> 
     </span>
    </p>
   </div>
   <div class='ocr_carea' id='block_1_28' title="bbox 504 2685 2141 2764">
    <p class='ocr_par' dir='ltr' id='par_1_28' title="bbox 504 2685 2141 2764">
     <span class='ocr_line' id='line_1_28' title="bbox 504 2685 2141 2764; baseline -0.004 -17"><span class='ocrx_word' id='word_1_181' title='bbox 504 2711 615 2764; x_wconf 90' lang='lat' dir='ltr'><strong>quo</strong></span> <span class='ocrx_word' id='word_1_182' title='bbox 648 2709 803 2748; x_wconf 91' lang='lat' dir='ltr'><strong>nunc</strong></span> <span class='ocrx_word' id='word_1_183' title='bbox 828 2695 985 2747; x_wconf 89' lang='lat' dir='ltr'><strong>statu</strong></span> <span class='ocrx_word' id='word_1_184' title='bbox 1033 2694 1143 2758; x_wconf 90' lang='lat' dir='ltr'><strong>est,</strong></span> <span class='ocrx_word' id='word_1_185' title='bbox 1174 2688 1483 2761; x_wconf 87' lang='lat' dir='ltr'><strong>imperium</strong></span> <span class='ocrx_word' id='word_1_186' title='bbox 1517 2687 1658 2760; x_wconf 88' lang='lat' dir='ltr'><strong>quid</strong></span> <span class='ocrx_word' id='word_1_187' title='bbox 1712 2687 1857 2743; x_wconf 86' lang='lat' dir='ltr'><strong>satis</strong></span> <span class='ocrx_word' id='word_1_188' title='bbox 1886 2685 2141 2741; x_wconf 85' lang='lat' dir='ltr'><strong>validum</strong></span> 
     </span>
    </p>
   </div>
   <div class='ocr_carea' id='block_1_29' title="bbox 505 2774 2144 2853">
    <p class='ocr_par' dir='ltr' id='par_1_29' title="bbox 505 2774 2144 2853">
     <span class='ocr_line' id='line_1_29' title="bbox 505 2774 2144 2853; baseline -0.006 -16"><span class='ocrx_word' id='word_1_189' title='bbox 505 2785 782 2853; x_wconf 88' lang='lat' dir='ltr'><strong>Opponat.</strong></span> <span class='ocrx_word' id='word_1_190' title='bbox 814 2785 1010 2851; x_wconf 82' lang='lat' dir='ltr'><strong>Neque</strong></span> <span class='ocrx_word' id='word_1_191' title='bbox 1038 2777 1329 2834; x_wconf 87' lang='lat' dir='ltr'><strong>maritimo</strong></span> <span class='ocrx_word' id='word_1_192' title='bbox 1352 2782 1636 2849; x_wconf 89' lang='lat' dir='ltr'><strong>apparatu</strong></span> <span class='ocrx_word' id='word_1_193' title='bbox 1659 2776 1811 2831; x_wconf 98' lang='lat' dir='ltr'><strong>haud</strong></span> <span class='ocrx_word' id='word_1_194' title='bbox 1837 2775 2012 2831; x_wconf 83' lang='lat' dir='ltr'><strong>dubie</strong></span> <span class='ocrx_word' id='word_1_195' title='bbox 2030 2774 2144 2828; x_wconf 88' lang='lat' dir='ltr'><strong>im-</strong></span> 
     </span>
    </p>
   </div>
   <div class='ocr_carea' id='block_1_30' title="bbox 504 2864 2143 2944">
    <p class='ocr_par' dir='ltr' id='par_1_30' title="bbox 504 2864 2143 2944">
     <span class='ocr_line' id='line_1_30' title="bbox 504 2864 2143 2944; baseline -0.005 -17"><span class='ocrx_word' id='word_1_196' title='bbox 504 2864 696 2944; x_wconf 82' lang='lat' dir='ltr'><strong>pares,</strong></span> <span class='ocrx_word' id='word_1_197' title='bbox 728 2869 1102 2925; x_wconf 82' lang='lat' dir='ltr'><strong>terrestribus</strong></span> <span class='ocrx_word' id='word_1_198' title='bbox 1132 2867 1340 2923; x_wconf 80' lang='lat' dir='ltr'><strong>saltem</strong></span> <span class='ocrx_word' id='word_1_199' title='bbox 1370 2865 1553 2937; x_wconf 83' lang='lat' dir='ltr'><strong>copiis</strong></span> <span class='ocrx_word' id='word_1_200' title='bbox 1583 2866 1762 2920; x_wconf 83' lang='lat' dir='ltr'><strong>ﬁdere</strong></span> <span class='ocrx_word' id='word_1_201' title='bbox 1803 2879 2143 2936; x_wconf 90' lang='lat' dir='ltr'><strong>possumus,</strong></span> 
     </span>
    </p>
   </div>
   <div class='ocr_carea' id='block_1_31' title="bbox 506 2949 2145 3031">
    <p class='ocr_par' dir='ltr' id='par_1_31' title="bbox 506 2949 2145 3031">
     <span class='ocr_line' id='line_1_31' title="bbox 506 2949 2145 3031; baseline -0.005 -18"><span class='ocrx_word' id='word_1_202' title='bbox 506 2959 723 3031; x_wconf 90' lang='lat' dir='ltr'><strong>quibus</strong></span> <span class='ocrx_word' id='word_1_203' title='bbox 753 2957 895 3011; x_wconf 85' lang='lat' dir='ltr'><strong>satis</strong></span> <span class='ocrx_word' id='word_1_204' title='bbox 936 2956 1151 3028; x_wconf 81' lang='lat' dir='ltr'><strong>negotii</strong></span> <span class='ocrx_word' id='word_1_205' title='bbox 1211 2956 1499 3011; x_wconf 84' lang='lat' dir='ltr'><strong>facessent</strong></span> <span class='ocrx_word' id='word_1_206' title='bbox 1554 2958 1900 3023; x_wconf 82' lang='lat' dir='ltr'><strong>exurgentes</strong></span> <span class='ocrx_word' id='word_1_207' title='bbox 1948 2967 1978 3006; x_wconf 95' lang='lat' dir='ltr'><strong>e</strong></span> <span class='ocrx_word' id='word_1_208' title='bbox 2009 2949 2145 3005; x_wconf 87' lang='lat' dir='ltr'><strong>Bul—</strong></span> 
     </span>
    </p>
   </div>
   <div class='ocr_carea' id='block_1_32' title="bbox 505 3039 2142 3119">
    <p class='ocr_par' dir='ltr' id='par_1_32' title="bbox 505 3039 2142 3119">
     <span class='ocr_line' id='line_1_32' title="bbox 505 3039 2142 3119; baseline -0.006 -16"><span class='ocrx_word' id='word_1_209' title='bbox 505 3047 668 3119; x_wconf 90' lang='lat' dir='ltr'><strong>garia</strong></span> <span class='ocrx_word' id='word_1_210' title='bbox 697 3045 845 3101; x_wconf 75' lang='lat'><strong>188</strong></span> <span class='ocrx_word' id='word_1_211' title='bbox 880 3049 1095 3111; x_wconf 89' lang='lat' dir='ltr'><strong>motus,</strong></span> <span class='ocrx_word' id='word_1_212' title='bbox 1127 3044 1281 3099; x_wconf 91' lang='lat' dir='ltr'><strong>unde</strong></span> <span class='ocrx_word' id='word_1_213' title='bbox 1326 3042 1773 3098; x_wconf 86' lang='lat' dir='ltr'><strong>Constantinum</strong></span> <span class='ocrx_word' id='word_1_214' title='bbox 1823 3039 2142 3110; x_wconf 78' lang='lat' dir='ltr'><strong>principem</strong></span> 
     </span>
    </p>
   </div>
   <div class='ocr_carea' id='block_1_33' title="bbox 2242 549 3891 628">
    <p class='ocr_par' dir='ltr' id='par_1_33' title="bbox 2242 549 3891 628">
     <span class='ocr_line' id='line_1_33' title="bbox 2242 549 3891 628; baseline 0.003 -26"><span class='ocrx_word' id='word_1_215' title='bbox 2242 550 2301 603; x_wconf 82' lang='grc' dir='ltr'><strong>’ὀν</strong></span> <span class='ocrx_word' id='word_1_216' title='bbox 2363 549 2663 625; x_wconf 80' lang='grc' dir='ltr'>βασιλικῶς</span> <span class='ocrx_word' id='word_1_217' title='bbox 2710 552 2738 606; x_wconf 82' lang='grc' dir='ltr'>ὁ</span> <span class='ocrx_word' id='word_1_218' title='bbox 2785 554 2965 627; x_wconf 72' lang='grc' dir='ltr'>πατὴρ</span> <span class='ocrx_word' id='word_1_219' title='bbox 3022 552 3231 628; x_wconf 69' lang='grc' dir='ltr'>τρέφοι,</span> <span class='ocrx_word' id='word_1_220' title='bbox 3263 552 3352 605; x_wconf 80' lang='grc' dir='ltr'><strong>καὶ</strong></span> <span class='ocrx_word' id='word_1_221' title='bbox 3401 550 3588 625; x_wconf 89' lang='grc' dir='ltr'>τρίτον</span> <span class='ocrx_word' id='word_1_222' title='bbox 3645 552 3737 606; x_wconf 83' lang='grc' dir='ltr'><strong>τὸν</strong></span> <span class='ocrx_word' id='word_1_223' title='bbox 3796 551 3891 607; x_wconf 73' lang='grc' dir='ltr'><strong>ἰπὶ</strong></span> 
     </span>
    </p>
   </div>
   <div class='ocr_carea' id='block_1_34' title="bbox 2242 637 3887 719">
    <p class='ocr_par' dir='ltr' id='par_1_34' title="bbox 2242 637 3887 719">
     <span class='ocr_line' id='line_1_34' title="bbox 2242 637 3887 719; baseline 0.002 -27"><span class='ocrx_word' id='word_1_224' title='bbox 2242 645 2339 707; x_wconf 80' lang='grc' dir='ltr'>τῆς</span> <span class='ocrx_word' id='word_1_225' title='bbox 2387 637 2602 701; x_wconf 91' lang='grc' dir='ltr'>πόλεως</span> <span class='ocrx_word' id='word_1_226' title='bbox 2647 638 2972 713; x_wconf 67' lang='grc' dir='ltr'>γεννηθέντα</span> <span class='ocrx_word' id='word_1_227' title='bbox 3019 640 3110 695; x_wconf 82' lang='grc' dir='ltr'>τὸν</span> <span class='ocrx_word' id='word_1_228' title='bbox 3157 638 3678 719; x_wconf 72' lang='grc' dir='ltr'>Πορφυρογέννητον</span> <span class='ocrx_word' id='word_1_229' title='bbox 3734 647 3887 695; x_wconf 78' lang='grc' dir='ltr'>Κων-</span> 
     </span>
    </p>
   </div>
   <div class='ocr_carea' id='block_1_35' title="bbox 2244 727 3890 807">
    <p class='ocr_par' dir='ltr' id='par_1_35' title="bbox 2244 727 3890 807">
     <span class='ocr_line' id='line_1_35' title="bbox 2244 727 3890 807; baseline 0.004 -28"><span class='ocrx_word' id='word_1_230' title='bbox 2244 731 2544 798; x_wconf 81' lang='grc' dir='ltr'>σταντῖνον,</span> <span class='ocrx_word' id='word_1_231' title='bbox 2600 731 2824 783; x_wconf 72' lang='grc' dir='ltr'>τοιαῦτα</span> <span class='ocrx_word' id='word_1_232' title='bbox 2893 728 3056 792; x_wconf 73' lang='grc' dir='ltr'>πάθοι</span> <span class='ocrx_word' id='word_1_233' title='bbox 3107 727 3517 807; x_wconf 71' lang='grc' dir='ltr'>ἀπολειφθεῖσα,</span> <span class='ocrx_word' id='word_1_234' title='bbox 3566 730 3890 804; x_wconf 81' lang='grc' dir='ltr'>στερηθεῖσα</span> 
     </span>
    </p>
   </div>
   <div class='ocr_carea' id='block_1_36' title="bbox 2249 812 3890 892">
    <p class='ocr_par' dir='ltr' id='par_1_36' title="bbox 2249 812 3890 892">
     <span class='ocr_line' id='line_1_36' title="bbox 2249 812 3890 892; baseline 0.004 -26"><span class='ocrx_word' id='word_1_235' title='bbox 2249 814 2342 885; x_wconf 74' lang='grc' dir='ltr'><strong>μὲν</strong></span> <span class='ocrx_word' id='word_1_236' title='bbox 2396 817 2492 867; x_wconf 72' lang='grc' dir='ltr'>τοῦ</span> <span class='ocrx_word' id='word_1_237' title='bbox 2549 812 2763 889; x_wconf 88' lang='grc' dir='ltr'>ἀνδρὸς,</span> <span class='ocrx_word' id='word_1_238' title='bbox 2809 818 3123 889; x_wconf 76' lang='grc' dir='ltr'>στερηθεῖσα</span> <span class='ocrx_word' id='word_1_239' title='bbox 3171 814 3228 872; x_wconf 73' lang='grc' dir='ltr'>δὲ</span> <span class='ocrx_word' id='word_1_240' title='bbox 3279 816 3369 871; x_wconf 84' lang='grc' dir='ltr'><strong>καὶ</strong></span> <span class='ocrx_word' id='word_1_241' title='bbox 3426 823 3526 887; x_wconf 85' lang='grc' dir='ltr'>τῆς</span> <span class='ocrx_word' id='word_1_242' title='bbox 3577 815 3890 892; x_wconf 83' lang='grc' dir='ltr'>βασιλείας,</span> 
     </span>
    </p>
   </div>
   <div class='ocr_carea' id='block_1_37' title="bbox 2243 900 3886 979">
    <p class='ocr_par' dir='ltr' id='par_1_37' title="bbox 2243 900 3886 979">
     <span class='ocr_line' id='line_1_37' title="bbox 2243 900 3886 979; baseline 0.005 -24"><span class='ocrx_word' id='word_1_243' title='bbox 2243 902 2330 955; x_wconf 87' lang='grc' dir='ltr'><strong>καὶ</strong></span> <span class='ocrx_word' id='word_1_244' title='bbox 2404 900 2581 970; x_wconf 83' lang='grc' dir='ltr'>πάσης</span> <span class='ocrx_word' id='word_1_245' title='bbox 2664 902 3041 979; x_wconf 74' lang='grc' dir='ltr'>ἀπερῥιμμένη</span> <span class='ocrx_word' id='word_1_246' title='bbox 3098 912 3287 979; x_wconf 82' lang='grc' dir='ltr'>τιμῆς,</span> <span class='ocrx_word' id='word_1_247' title='bbox 3335 906 3434 973; x_wconf 78' lang='grc' dir='ltr'><strong>τὴν</strong></span> <span class='ocrx_word' id='word_1_248' title='bbox 3495 903 3542 958; x_wconf 88' lang='grc' dir='ltr'>δ’</span> <span class='ocrx_word' id='word_1_249' title='bbox 3595 904 3886 976; x_wconf 79' lang='grc' dir='ltr'>ἀντίζηλον</span> 
     </span>
    </p>
   </div>
   <div class='ocr_carea' id='block_1_38' title="bbox 2244 988 3871 1068">
    <p class='ocr_par' dir='ltr' id='par_1_38' title="bbox 2244 988 3871 1068">
     <span class='ocr_line' id='line_1_38' title="bbox 2244 988 3871 1068; baseline 0.004 -25"><span class='ocrx_word' id='word_1_250' title='bbox 2244 988 2334 1043; x_wconf 82' lang='grc' dir='ltr'>ἐπὶ</span> <span class='ocrx_word' id='word_1_251' title='bbox 2360 994 2457 1044; x_wconf 78' lang='grc' dir='ltr'>τοῦ</span> <span class='ocrx_word' id='word_1_252' title='bbox 2491 990 2684 1066; x_wconf 83' lang='grc' dir='ltr'>θρόνου</span> <span class='ocrx_word' id='word_1_253' title='bbox 2731 999 2831 1061; x_wconf 80' lang='grc' dir='ltr'>τῆς</span> <span class='ocrx_word' id='word_1_254' title='bbox 2892 992 3170 1068; x_wconf 89' lang='grc' dir='ltr'>βασιλείας</span> <span class='ocrx_word' id='word_1_255' title='bbox 3210 995 3389 1066; x_wconf 78' lang='grc' dir='ltr'>ὁρῶσα</span> <span class='ocrx_word' id='word_1_256' title='bbox 3446 988 3871 1066; x_wconf 79' lang='grc' dir='ltr'>συμϐασιλεύου-</span> 
     </span>
    </p>
   </div>
   <div class='ocr_carea' id='block_1_39' title="bbox 2245 1077 3884 1157">
    <p class='ocr_par' dir='ltr' id='par_1_39' title="bbox 2245 1077 3884 1157">
     <span class='ocr_line' id='line_1_39' title="bbox 2245 1077 3884 1157; baseline 0.004 -26"><span class='ocrx_word' id='word_1_257' title='bbox 2245 1098 2338 1131; x_wconf 85' lang='grc' dir='ltr'><strong>σαν</strong></span> <span class='ocrx_word' id='word_1_258' title='bbox 2397 1083 2476 1149; x_wconf 80' lang='grc' dir='ltr'><strong>τῷ</strong></span> <span class='ocrx_word' id='word_1_259' title='bbox 2534 1077 2704 1154; x_wconf 77' lang='grc' dir='ltr'>ἀνδρί.</span> <span class='ocrx_word' id='word_1_260' title='bbox 2738 1082 2897 1137; x_wconf 75' lang='grc' dir='ltr'>’Όθεν</span> <span class='ocrx_word' id='word_1_261' title='bbox 2950 1082 3038 1137; x_wconf 82' lang='grc' dir='ltr'>καὶ</span> <span class='ocrx_word' id='word_1_262' title='bbox 3081 1084 3215 1157; x_wconf 87' lang='grc' dir='ltr'>πρὸς</span> <span class='ocrx_word' id='word_1_263' title='bbox 3245 1083 3337 1138; x_wconf 88' lang='grc' dir='ltr'>τὸν</span> <span class='ocrx_word' id='word_1_264' title='bbox 3365 1083 3719 1157; x_wconf 82' lang='grc' dir='ltr'>πατριάρχην</span> <span class='ocrx_word' id='word_1_265' title='bbox 3752 1082 3884 1156; x_wconf 84' lang='grc' dir='ltr'>πέμ.-</span> 
     </span>
    </p>
   </div>
   <div class='ocr_carea' id='block_1_40' title="bbox 2245 1167 3890 1250">
    <p class='ocr_par' dir='ltr' id='par_1_40' title="bbox 2245 1167 3890 1250">
     <span class='ocr_line' id='line_1_40' title="bbox 2245 1167 3890 1250; baseline 0.004 -31"><span class='ocrx_word' id='word_1_266' title='bbox 2245 1170 2389 1239; x_wconf 84' lang='grc' dir='ltr'>ψασα</span> <span class='ocrx_word' id='word_1_267' title='bbox 2445 1167 2669 1223; x_wconf 69' lang='grc' dir='ltr'>ἱκετεύει</span> <span class='ocrx_word' id='word_1_268' title='bbox 2725 1170 2981 1240; x_wconf 77' lang='grc' dir='ltr'>τοιαύτην</span> <span class='ocrx_word' id='word_1_269' title='bbox 3043 1170 3321 1250; x_wconf 72' lang='grc' dir='ltr'>συμφορὰν</span> <span class='ocrx_word' id='word_1_270' title='bbox 3409 1171 3609 1244; x_wconf 77' lang='grc' dir='ltr'>ἀμῦναι</span> <span class='ocrx_word' id='word_1_271' title='bbox 3697 1171 3890 1245; x_wconf 75' lang='grc' dir='ltr'>ταύτῃ,</span> 
     </span>
    </p>
   </div>
   <div class='ocr_carea' id='block_1_41' title="bbox 2243 1255 3894 1335">
    <p class='ocr_par' dir='ltr' id='par_1_41' title="bbox 2243 1255 3894 1335">
     <span class='ocr_line' id='line_1_41' title="bbox 2243 1255 3894 1335; baseline 0.003 -27"><span class='ocrx_word' id='word_1_272' title='bbox 2243 1256 2331 1309; x_wconf 87' lang='grc' dir='ltr'><strong>καὶ</strong></span> <span class='ocrx_word' id='word_1_273' title='bbox 2390 1255 2573 1327; x_wconf 87' lang='grc' dir='ltr'>νόμων</span> <span class='ocrx_word' id='word_1_274' title='bbox 2626 1257 2781 1312; x_wconf 84' lang='grc' dir='ltr'>θείων</span> <span class='ocrx_word' id='word_1_275' title='bbox 2839 1258 3176 1335; x_wconf 83' lang='grc' dir='ltr'>ὑπερμαχεῖν</span> <span class='ocrx_word' id='word_1_276' title='bbox 3228 1259 3388 1330; x_wconf 82' lang='grc' dir='ltr'>ἀξιοῖ.</span> <span class='ocrx_word' id='word_1_277' title='bbox 3426 1263 3522 1321; x_wconf 77' lang='grc' dir='ltr'><strong>Ὀς</strong></span> <span class='ocrx_word' id='word_1_278' title='bbox 3579 1256 3646 1327; x_wconf 82' lang='grc' dir='ltr'>δὴ</span> <span class='ocrx_word' id='word_1_279' title='bbox 3709 1258 3894 1332; x_wconf 81' lang='grc' dir='ltr'>μαθὼν</span> 
     </span>
    </p>
   </div>
   <div class='ocr_carea' id='block_1_42' title="bbox 2243 1342 3891 1422">
    <p class='ocr_par' dir='ltr' id='par_1_42' title="bbox 2243 1342 3891 1422">
     <span class='ocr_line' id='line_1_42' title="bbox 2243 1342 3891 1422; baseline 0.002 -25"><span class='ocrx_word' id='word_1_280' title='bbox 2243 1342 2333 1397; x_wconf 84' lang='grc' dir='ltr'><strong>καὶ</strong></span> <span class='ocrx_word' id='word_1_281' title='bbox 2390 1342 2677 1416; x_wconf 77' lang='grc' dir='ltr'>ἀγάμενος,</span> <span class='ocrx_word' id='word_1_282' title='bbox 2731 1345 2775 1399; x_wconf 86' lang='grc' dir='ltr'><strong>εἰ</strong></span> <span class='ocrx_word' id='word_1_283' title='bbox 2834 1347 3104 1409; x_wconf 86' lang='grc' dir='ltr'>τοιούτοις</span> <span class='ocrx_word' id='word_1_284' title='bbox 3178 1346 3488 1421; x_wconf 77' lang='grc' dir='ltr'>ἐπιχειροίη</span> <span class='ocrx_word' id='word_1_285' title='bbox 3540 1346 3569 1401; x_wconf 82' lang='grc' dir='ltr'><strong>ὁ</strong></span> <span class='ocrx_word' id='word_1_286' title='bbox 3630 1346 3891 1422; x_wconf 76' lang='grc' dir='ltr'>βασιλεὺς</span> 
     </span>
    </p>
   </div>
   <div class='ocr_carea' id='block_1_43' title="bbox 2244 1429 3885 1503">
    <p class='ocr_par' dir='ltr' id='par_1_43' title="bbox 2244 1429 3885 1503">
     <span class='ocr_line' id='line_1_43' title="bbox 2244 1429 3885 1503; baseline 0.003 -18"><span class='ocrx_word' id='word_1_287' title='bbox 2244 1431 2333 1486; x_wconf 84' lang='grc' dir='ltr'><strong>καὶ</strong></span> <span class='ocrx_word' id='word_1_288' title='bbox 2366 1429 2557 1501; x_wconf 85' lang='grc' dir='ltr'>ἀνέδην</span> <span class='ocrx_word' id='word_1_289' title='bbox 2598 1436 2703 1487; x_wconf 91' lang='grc' dir='ltr'><strong>τῶν</strong></span> <span class='ocrx_word' id='word_1_290' title='bbox 2745 1433 2974 1497; x_wconf 87' lang='grc' dir='ltr'>ἀθίκτων</span> <span class='ocrx_word' id='word_1_291' title='bbox 3030 1436 3271 1503; x_wconf 66' lang='grc' dir='ltr'>ἅπτεται,</span> <span class='ocrx_word' id='word_1_292' title='bbox 3304 1435 3379 1497; x_wconf 85' lang='grc' dir='ltr'>ὡς</span> <span class='ocrx_word' id='word_1_293' title='bbox 3435 1434 3523 1490; x_wconf 80' lang='grc' dir='ltr'><strong>καὶ</strong></span> <span class='ocrx_word' id='word_1_294' title='bbox 3580 1435 3710 1497; x_wconf 78' lang='grc' dir='ltr'>τοὺς</span> <span class='ocrx_word' id='word_1_295' title='bbox 3763 1456 3885 1490; x_wconf 87' lang='grc' dir='ltr'>κει-</span> 
     </span>
    </p>
   </div>
   <div class='ocr_carea' id='block_1_44' title="bbox 2251 1519 3880 1592">
    <p class='ocr_par' dir='ltr' id='par_1_44' title="bbox 2251 1519 3880 1592">
     <span class='ocr_line' id='line_1_44' title="bbox 2251 1519 3880 1592; baseline 0.004 -20"><span class='ocrx_word' id='word_1_296' title='bbox 2251 1519 2443 1591; x_wconf 85' lang='grc' dir='ltr'>μένους</span> <span class='ocrx_word' id='word_1_297' title='bbox 2500 1520 2700 1592; x_wconf 87' lang='grc' dir='ltr'>νόμους</span> <span class='ocrx_word' id='word_1_298' title='bbox 2750 1521 2958 1580; x_wconf 69' lang='grc' dir='ltr'>έοέλειν</span> <span class='ocrx_word' id='word_1_299' title='bbox 3009 1529 3359 1591; x_wconf 85' lang='grc' dir='ltr'>καταπατεῖν,</span> <span class='ocrx_word' id='word_1_300' title='bbox 3406 1524 3569 1585; x_wconf 81' lang='grc' dir='ltr'>αὐτὸς</span> <span class='ocrx_word' id='word_1_301' title='bbox 3624 1528 3880 1585; x_wconf 76' lang='grc' dir='ltr'>τοιοῦτος</span> 
     </span>
    </p>
   </div>
   <div class='ocr_carea' id='block_1_45' title="bbox 2251 1609 3885 1687">
    <p class='ocr_par' dir='ltr' id='par_1_45' title="bbox 2251 1609 3885 1687">
     <span class='ocr_line' id='line_1_45' title="bbox 2251 1609 3885 1687; baseline 0.004 -26"><span class='ocrx_word' id='word_1_302' title='bbox 2251 1610 2325 1680; x_wconf 83' lang='grc' dir='ltr'>μή</span> <span class='ocrx_word' id='word_1_303' title='bbox 2358 1609 2717 1682; x_wconf 80' lang='grc' dir='ltr'>νομιζόμενος</span> <span class='ocrx_word' id='word_1_304' title='bbox 2749 1613 3029 1687; x_wconf 74' lang='grc' dir='ltr'>πρότερον,</span> <span class='ocrx_word' id='word_1_305' title='bbox 3064 1611 3212 1667; x_wconf 85' lang='grc' dir='ltr'>δεινά</span> <span class='ocrx_word' id='word_1_306' title='bbox 3239 1612 3410 1668; x_wconf 77' lang='grc' dir='ltr'>ἐποίει</span> <span class='ocrx_word' id='word_1_307' title='bbox 3452 1614 3541 1668; x_wconf 83' lang='grc' dir='ltr'><strong>καὶ</strong></span> <span class='ocrx_word' id='word_1_308' title='bbox 3597 1610 3885 1686; x_wconf 74' lang='grc' dir='ltr'>διεμήνυε,</span> 
     </span>
    </p>
   </div>
   <div class='ocr_carea' id='block_1_46' title="bbox 2242 1697 3889 1773">
    <p class='ocr_par' dir='ltr' id='par_1_46' title="bbox 2242 1697 3889 1773">
     <span class='ocr_line' id='line_1_46' title="bbox 2242 1697 3889 1773; baseline 0.003 -23"><span class='ocrx_word' id='word_1_309' title='bbox 2242 1697 2305 1751; x_wconf 87' lang='grc' dir='ltr'>τὸ</span> <span class='ocrx_word' id='word_1_310' title='bbox 2339 1697 2433 1769; x_wconf 72' lang='grc' dir='ltr'><strong>μὲν</strong></span> <span class='ocrx_word' id='word_1_311' title='bbox 2466 1698 2761 1767; x_wconf 83' lang='grc' dir='ltr'>ὀνειδίζων,</span> <span class='ocrx_word' id='word_1_312' title='bbox 2791 1700 2853 1754; x_wconf 90' lang='grc' dir='ltr'>τὸ</span> <span class='ocrx_word' id='word_1_313' title='bbox 2900 1698 2947 1755; x_wconf 82' lang='grc' dir='ltr'>δ’</span> <span class='ocrx_word' id='word_1_314' title='bbox 2976 1699 3225 1755; x_wconf 81' lang='grc' dir='ltr'>ἐπισείων</span> <span class='ocrx_word' id='word_1_315' title='bbox 3281 1700 3467 1773; x_wconf 82' lang='grc' dir='ltr'>ἐκείνῳ</span> <span class='ocrx_word' id='word_1_316' title='bbox 3523 1701 3615 1755; x_wconf 90' lang='grc' dir='ltr'><strong>καὶ</strong></span> <span class='ocrx_word' id='word_1_317' title='bbox 3671 1702 3768 1768; x_wconf 83' lang='grc' dir='ltr'><strong>τὴν</strong></span> <span class='ocrx_word' id='word_1_318' title='bbox 3825 1701 3889 1755; x_wconf 81' lang='grc' dir='ltr'>ἐκ</span> 
     </span>
    </p>
   </div>
   <div class='ocr_carea' id='block_1_47' title="bbox 2245 1784 3883 1863">
    <p class='ocr_par' dir='ltr' id='par_1_47' title="bbox 2245 1784 3883 1863">
     <span class='ocr_line' id='line_1_47' title="bbox 2245 1784 3883 1863; baseline 0.002 -26"><span class='ocrx_word' id='word_1_319' title='bbox 2245 1789 2377 1838; x_wconf 74' lang='grc' dir='ltr'>Θεοῦ</span> <span class='ocrx_word' id='word_1_320' title='bbox 2434 1784 2811 1860; x_wconf 76' lang='grc' dir='ltr'>ἀγανάκτησιν.</span> <span class='ocrx_word' id='word_1_321' title='bbox 2861 1790 2969 1850; x_wconf 71' lang='grc' dir='ltr'>Τὰς</span> <span class='ocrx_word' id='word_1_322' title='bbox 3025 1786 3082 1843; x_wconf 82' lang='grc' dir='ltr'><strong>δέ</strong></span> <span class='ocrx_word' id='word_1_323' title='bbox 3135 1808 3194 1863; x_wconf 89' lang='grc' dir='ltr'><strong>γε</strong></span> <span class='ocrx_word' id='word_1_324' title='bbox 3242 1788 3539 1863; x_wconf 71' lang='grc' dir='ltr'>προφάσεις</span> <span class='ocrx_word' id='word_1_325' title='bbox 3597 1787 3674 1850; x_wconf 88' lang='grc' dir='ltr'><strong>ὠς</strong></span> <span class='ocrx_word' id='word_1_326' title='bbox 3732 1788 3883 1843; x_wconf 79' lang='grc' dir='ltr'>ἰστὸν</span> 
     </span>
    </p>
   </div>
   <div class='ocr_carea' id='block_1_48' title="bbox 2247 1871 3895 1955">
    <p class='ocr_par' dir='ltr' id='par_1_48' title="bbox 2247 1871 3895 1955">
     <span class='ocr_line' id='line_1_48' title="bbox 2247 1871 3895 1955; baseline 0.001 -27"><span class='ocrx_word' id='word_1_327' title='bbox 2247 1872 2491 1948; x_wconf 73' lang='grc' dir='ltr'>ἀράχνης</span> <span class='ocrx_word' id='word_1_328' title='bbox 2540 1871 2721 1929; x_wconf 86' lang='grc' dir='ltr'>διέλυε</span> <span class='ocrx_word' id='word_1_329' title='bbox 2753 1895 2765 1907; x_wconf 92' lang='grc'><strong>·</strong></span> <span class='ocrx_word' id='word_1_330' title='bbox 2796 1877 2858 1930; x_wconf 86' lang='grc' dir='ltr'>τὸ</span> <span class='ocrx_word' id='word_1_331' title='bbox 2906 1877 3009 1951; x_wconf 81' lang='grc' dir='ltr'><strong>γὰρ</strong></span> <span class='ocrx_word' id='word_1_332' title='bbox 3058 1873 3227 1955; x_wconf 73' lang='grc' dir='ltr'>φόϐον</span> <span class='ocrx_word' id='word_1_333' title='bbox 3261 1882 3403 1941; x_wconf 88' lang='grc' dir='ltr'>θεῖον</span> <span class='ocrx_word' id='word_1_334' title='bbox 3433 1878 3556 1950; x_wconf 83' lang='grc' dir='ltr'>παρ’</span> <span class='ocrx_word' id='word_1_335' title='bbox 3588 1876 3744 1931; x_wconf 69' lang='grc' dir='ltr'>οὐίὶν</span> <span class='ocrx_word' id='word_1_336' title='bbox 3799 1877 3895 1931; x_wconf 90' lang='grc' dir='ltr'>τί-</span> 
     </span>
    </p>
   </div>
   <div class='ocr_carea' id='block_1_49' title="bbox 2250 1960 3884 2041">
    <p class='ocr_par' dir='ltr' id='par_1_49' title="bbox 2250 1960 3884 2041">
     <span class='ocr_line' id='line_1_49' title="bbox 2250 1960 3884 2041; baseline 0.002 -26"><span class='ocrx_word' id='word_1_337' title='bbox 2250 1964 2430 2024; x_wconf 83' lang='grc' dir='ltr'>θεσθαι</span> <span class='ocrx_word' id='word_1_338' title='bbox 2483 1968 2663 2026; x_wconf 84' lang='grc' dir='ltr'>κακῶς</span> <span class='ocrx_word' id='word_1_339' title='bbox 2710 1964 2906 2039; x_wconf 87' lang='grc' dir='ltr'>κρίνειν</span> <span class='ocrx_word' id='word_1_340' title='bbox 2967 1963 3175 2027; x_wconf 80' lang='grc' dir='ltr'>εἰδότος</span> <span class='ocrx_word' id='word_1_341' title='bbox 3229 1966 3362 2020; x_wconf 77' lang='grc' dir='ltr'>εἶναι</span> <span class='ocrx_word' id='word_1_342' title='bbox 3416 1966 3478 2020; x_wconf 83' lang='grc' dir='ltr'>τὸ</span> <span class='ocrx_word' id='word_1_343' title='bbox 3535 1960 3790 2041; x_wconf 75' lang='grc' dir='ltr'>φοϐερόν,</span> <span class='ocrx_word' id='word_1_344' title='bbox 3820 1966 3884 2019; x_wconf 85' lang='grc' dir='ltr'>τὸ</span> 
     </span>
    </p>
   </div>
   <div class='ocr_carea' id='block_1_50' title="bbox 2254 2048 3882 2131">
    <p class='ocr_par' dir='ltr' id='par_1_50' title="bbox 2254 2048 3882 2131">
     <span class='ocr_line' id='line_1_50' title="bbox 2254 2048 3882 2131; baseline 0.002 -28"><span class='ocrx_word' id='word_1_345' title='bbox 2254 2051 2436 2121; x_wconf 83' lang='grc' dir='ltr'>μέντοι</span> <span class='ocrx_word' id='word_1_346' title='bbox 2493 2071 2553 2125; x_wconf 89' lang='grc' dir='ltr'><strong>γε</strong></span> <span class='ocrx_word' id='word_1_347' title='bbox 2606 2050 2735 2114; x_wconf 69' lang='grc' dir='ltr'>τοὺς</span> <span class='ocrx_word' id='word_1_348' title='bbox 2788 2052 2960 2115; x_wconf 87' lang='grc' dir='ltr'>θείους</span> <span class='ocrx_word' id='word_1_349' title='bbox 3036 2054 3239 2125; x_wconf 86' lang='grc' dir='ltr'>νόμους</span> <span class='ocrx_word' id='word_1_350' title='bbox 3313 2049 3593 2127; x_wconf 78' lang='grc' dir='ltr'>φοϐεῖσθαι</span> <span class='ocrx_word' id='word_1_351' title='bbox 3652 2048 3882 2131; x_wconf 73' lang='grc' dir='ltr'>ἀφοϐίαν</span> 
     </span>
    </p>
   </div>
   <div class='ocr_carea' id='block_1_51' title="bbox 2251 2136 3893 2216">
    <p class='ocr_par' dir='ltr' id='par_1_51' title="bbox 2251 2136 3893 2216">
     <span class='ocr_line' id='line_1_51' title="bbox 2251 2136 3893 2216; baseline 0.004 -26"><span class='ocrx_word' id='word_1_352' title='bbox 2251 2137 2381 2192; x_wconf 78' lang='grc' dir='ltr'>εἶναι</span> <span class='ocrx_word' id='word_1_353' title='bbox 2434 2137 2689 2211; x_wconf 88' lang='grc' dir='ltr'>μεγίστην</span> <span class='ocrx_word' id='word_1_354' title='bbox 2746 2145 2825 2212; x_wconf 75' lang='grc' dir='ltr'>τῷ</span> <span class='ocrx_word' id='word_1_355' title='bbox 2880 2136 3230 2216; x_wconf 78' lang='grc' dir='ltr'>φοϐουμένῳ,</span> <span class='ocrx_word' id='word_1_356' title='bbox 3274 2142 3370 2196; x_wconf 71' lang='grc' dir='ltr'>κᾶν</span> <span class='ocrx_word' id='word_1_357' title='bbox 3427 2141 3457 2195; x_wconf 85' lang='grc' dir='ltr'><strong>δ</strong></span> <span class='ocrx_word' id='word_1_358' title='bbox 3505 2163 3557 2196; x_wconf 93' lang='grc' dir='ltr'>τι</span> <span class='ocrx_word' id='word_1_359' title='bbox 3616 2142 3893 2214; x_wconf 85' lang='grc' dir='ltr'>προτείνοι</span> 
     </span>
    </p>
   </div>
   <div class='ocr_carea' id='block_1_52' title="bbox 2251 2223 3891 2306">
    <p class='ocr_par' dir='ltr' id='par_1_52' title="bbox 2251 2223 3891 2306">
     <span class='ocr_line' id='line_1_52' title="bbox 2251 2223 3891 2306; baseline 0.003 -27"><span class='ocrx_word' id='word_1_360' title='bbox 2251 2245 2332 2287; x_wconf 89' lang='grc' dir='ltr'><strong>τις</strong></span> <span class='ocrx_word' id='word_1_361' title='bbox 2362 2225 2449 2279; x_wconf 78' lang='grc' dir='ltr'><strong>ἐπὶ</strong></span> <span class='ocrx_word' id='word_1_362' title='bbox 2477 2231 2556 2299; x_wconf 78' lang='grc' dir='ltr'><strong>τῷ</strong></span> <span class='ocrx_word' id='word_1_363' title='bbox 2586 2223 2792 2293; x_wconf 80' lang='grc' dir='ltr'>φοϐεῖν.</span> <span class='ocrx_word' id='word_1_364' title='bbox 2826 2231 3009 2285; x_wconf 74' lang='grc' dir='ltr'>Ταῦτα</span> <span class='ocrx_word' id='word_1_365' title='bbox 3035 2234 3131 2283; x_wconf 74' lang='grc' dir='ltr'><strong>τοῦ</strong></span> <span class='ocrx_word' id='word_1_366' title='bbox 3170 2230 3517 2305; x_wconf 84' lang='grc' dir='ltr'>πατριάρχου</span> <span class='ocrx_word' id='word_1_367' title='bbox 3564 2229 3648 2285; x_wconf 86' lang='grc' dir='ltr'><strong>καί</strong></span> <span class='ocrx_word' id='word_1_368' title='bbox 3696 2228 3891 2306; x_wconf 83' lang='grc' dir='ltr'>λέγον-</span> 
     </span>
    </p>
   </div>
   <div class='ocr_carea' id='block_1_53' title="bbox 2250 2313 3882 2392">
    <p class='ocr_par' dir='ltr' id='par_1_53' title="bbox 2250 2313 3882 2392">
     <span class='ocr_line' id='line_1_53' title="bbox 2250 2313 3882 2392; baseline 0.002 -23"><span class='ocrx_word' id='word_1_369' title='bbox 2250 2334 2344 2377; x_wconf 90' lang='grc' dir='ltr'><strong>τος</strong></span> <span class='ocrx_word' id='word_1_370' title='bbox 2395 2314 2485 2369; x_wconf 84' lang='grc' dir='ltr'><strong>καὶ</strong></span> <span class='ocrx_word' id='word_1_371' title='bbox 2542 2316 2863 2387; x_wconf 86' lang='grc' dir='ltr'>μηνύοντος,</span> <span class='ocrx_word' id='word_1_372' title='bbox 2896 2313 2973 2372; x_wconf 77' lang='grc' dir='ltr'><strong>ἔτι</strong></span> <span class='ocrx_word' id='word_1_373' title='bbox 3006 2315 3051 2372; x_wconf 89' lang='grc' dir='ltr'>δ’</span> <span class='ocrx_word' id='word_1_374' title='bbox 3078 2317 3300 2392; x_wconf 82' lang='grc' dir='ltr'>έτοίμου</span> <span class='ocrx_word' id='word_1_375' title='bbox 3352 2314 3508 2383; x_wconf 75' lang='grc' dir='ltr'>ὄντος</span> <span class='ocrx_word' id='word_1_376' title='bbox 3559 2318 3882 2374; x_wconf 81' lang='grc' dir='ltr'>ἀποκόπτειν</span> 
     </span>
    </p>
   </div>
   <div class='ocr_carea' id='block_1_54' title="bbox 2247 2510 3888 2586">
    <p class='ocr_par' dir='ltr' id='par_1_54' title="bbox 2247 2510 3888 2586">
     <span class='ocr_line' id='line_1_54' title="bbox 2247 2510 3888 2586; baseline 0.005 -21"><span class='ocrx_word' id='word_1_377' title='bbox 2247 2510 2387 2566; x_wconf 91' lang='lat' dir='ltr'><strong>dora</strong></span> <span class='ocrx_word' id='word_1_378' title='bbox 2433 2513 2701 2582; x_wconf 83' lang='lat' dir='ltr'><strong>graviter,</strong></span> <span class='ocrx_word' id='word_1_379' title='bbox 2738 2516 2801 2568; x_wconf 90' lang='lat' dir='ltr'><strong>ut</strong></span> <span class='ocrx_word' id='word_1_380' title='bbox 2845 2517 2969 2568; x_wconf 88' lang='lat' dir='ltr'><strong>erat</strong></span> <span class='ocrx_word' id='word_1_381' title='bbox 3015 2517 3493 2586; x_wconf 80' lang='lat' dir='ltr'><strong>consentaneum,</strong></span> <span class='ocrx_word' id='word_1_382' title='bbox 3526 2513 3675 2571; x_wconf 87' lang='lat' dir='ltr'><strong>tulit.</strong></span> <span class='ocrx_word' id='word_1_383' title='bbox 3704 2518 3888 2582; x_wconf 86' lang='lat' dir='ltr'><strong>Quam</strong></span> 
     </span>
    </p>
   </div>
   <div class='ocr_carea' id='block_1_55' title="bbox 2248 2599 3896 2677">
    <p class='ocr_par' dir='ltr' id='par_1_55' title="bbox 2248 2599 3896 2677">
     <span class='ocr_line' id='line_1_55' title="bbox 2248 2599 3896 2677; baseline 0.004 -23"><span class='ocrx_word' id='word_1_384' title='bbox 2248 2599 2404 2654; x_wconf 89' lang='lat' dir='ltr'><strong>enim</strong></span> <span class='ocrx_word' id='word_1_385' title='bbox 2439 2599 2869 2656; x_wconf 89' lang='lat' dir='ltr'><strong>intolerandum</strong></span> <span class='ocrx_word' id='word_1_386' title='bbox 2896 2602 3259 2658; x_wconf 71' lang='lat' dir='ltr'><strong>contumelia:</strong></span> <span class='ocrx_word' id='word_1_387' title='bbox 3288 2618 3474 2674; x_wconf 86' lang='lat' dir='ltr'><strong>genus</strong></span> <span class='ocrx_word' id='word_1_388' title='bbox 3508 2606 3629 2661; x_wconf 79' lang='lat' dir='ltr'><strong>fore</strong></span> <span class='ocrx_word' id='word_1_389' title='bbox 3662 2621 3724 2661; x_wconf 88' lang='lat' dir='ltr'><strong>se</strong></span> <span class='ocrx_word' id='word_1_390' title='bbox 3753 2605 3896 2677; x_wconf 89' lang='lat' dir='ltr'><strong>legi-</strong></span> 
     </span>
    </p>
   </div>
   <div class='ocr_carea' id='block_1_56' title="bbox 2249 2688 3895 2764">
    <p class='ocr_par' dir='ltr' id='par_1_56' title="bbox 2249 2688 3895 2764">
     <span class='ocr_line' id='line_1_56' title="bbox 2249 2688 3895 2764; baseline 0.004 -21"><span class='ocrx_word' id='word_1_391' title='bbox 2249 2688 2454 2743; x_wconf 86' lang='lat' dir='ltr'><strong>timam</strong></span> <span class='ocrx_word' id='word_1_392' title='bbox 2485 2691 2816 2761; x_wconf 87' lang='lat' dir='ltr'><strong>eonjugem,</strong></span> <span class='ocrx_word' id='word_1_393' title='bbox 2851 2707 2976 2762; x_wconf 65' lang='lat' dir='ltr'><strong>qum</strong></span> <span class='ocrx_word' id='word_1_394' title='bbox 3009 2691 3127 2746; x_wconf 85' lang='lat' dir='ltr'><strong>viro</strong></span> <span class='ocrx_word' id='word_1_395' title='bbox 3168 2691 3501 2764; x_wconf 84' lang='lat' dir='ltr'><strong>imperatori</strong></span> <span class='ocrx_word' id='word_1_396' title='bbox 3554 2699 3669 2749; x_wconf 88' lang='lat' dir='ltr'><strong>tres</strong></span> <span class='ocrx_word' id='word_1_397' title='bbox 3702 2711 3895 2750; x_wconf 78' lang='lat' dir='ltr'><strong>mares</strong></span> 
     </span>
    </p>
   </div>
   <div class='ocr_carea' id='block_1_57' title="bbox 2251 2776 3898 2854">
    <p class='ocr_par' dir='ltr' id='par_1_57' title="bbox 2251 2776 3898 2854">
     <span class='ocr_line' id='line_1_57' title="bbox 2251 2776 3898 2854; baseline 0.005 -25"><span class='ocrx_word' id='word_1_398' title='bbox 2251 2776 2590 2847; x_wconf 87' lang='lat' dir='ltr'><strong>peperisset,</strong></span> <span class='ocrx_word' id='word_1_399' title='bbox 2627 2777 2877 2849; x_wconf 90' lang='lat' dir='ltr'><strong>primum</strong></span> <span class='ocrx_word' id='word_1_400' title='bbox 2910 2778 3234 2835; x_wconf 87' lang='lat' dir='ltr'><strong>Manuelem</strong></span> <span class='ocrx_word' id='word_1_401' title='bbox 3268 2780 3385 2836; x_wconf 83' lang='lat' dir='ltr'><strong>fato</strong></span> <span class='ocrx_word' id='word_1_402' title='bbox 3420 2782 3898 2854; x_wconf 50' lang='lat' dir='ltr'><strong>praereptum,“-</strong></span> 
     </span>
    </p>
   </div>
   <div class='ocr_carea' id='block_1_58' title="bbox 2253 2866 3896 2943">
    <p class='ocr_par' dir='ltr' id='par_1_58' title="bbox 2253 2866 3896 2943">
     <span class='ocr_line' id='line_1_58' title="bbox 2253 2866 3896 2943; baseline 0.004 -25"><span class='ocrx_word' id='word_1_403' title='bbox 2253 2868 2442 2919; x_wconf 90' lang='lat' dir='ltr'><strong>terum</strong></span> <span class='ocrx_word' id='word_1_404' title='bbox 2499 2866 2897 2922; x_wconf 87' lang='lat' dir='ltr'><strong>Andronicum</strong></span> <span class='ocrx_word' id='word_1_405' title='bbox 2957 2868 3355 2939; x_wconf 88' lang='lat' dir='ltr'><strong>superstitem,</strong></span> <span class='ocrx_word' id='word_1_406' title='bbox 3414 2870 3569 2938; x_wconf 84' lang='lat' dir='ltr'><strong>regie</strong></span> <span class='ocrx_word' id='word_1_407' title='bbox 3639 2887 3674 2925; x_wconf 88' lang='lat' dir='ltr'><strong>a</strong></span> <span class='ocrx_word' id='word_1_408' title='bbox 3733 2875 3896 2943; x_wconf 82' lang='lat' dir='ltr'><strong>patre</strong></span> 
     </span>
    </p>
   </div>
   <div class='ocr_carea' id='block_1_59' title="bbox 2253 2954 3893 3030">
    <p class='ocr_par' dir='ltr' id='par_1_59' title="bbox 2253 2954 3893 3030">
     <span class='ocr_line' id='line_1_59' title="bbox 2253 2954 3893 3030; baseline 0.003 -22"><span class='ocrx_word' id='word_1_409' title='bbox 2253 2954 2589 3020; x_wconf 87' lang='lat' dir='ltr'><strong>educatum,</strong></span> <span class='ocrx_word' id='word_1_410' title='bbox 2620 2956 2878 3022; x_wconf 87' lang='lat' dir='ltr'><strong>tertium,</strong></span> <span class='ocrx_word' id='word_1_411' title='bbox 2910 2972 2978 3011; x_wconf 82' lang='lat' dir='ltr'><strong>ex</strong></span> <span class='ocrx_word' id='word_1_412' title='bbox 3020 2972 3135 3027; x_wconf 91' lang='lat' dir='ltr'><strong>quo</strong></span> <span class='ocrx_word' id='word_1_413' title='bbox 3182 2956 3748 3030; x_wconf 81' lang='lat' dir='ltr'><strong>Constantinopolim</strong></span> <span class='ocrx_word' id='word_1_414' title='bbox 3780 2959 3893 3015; x_wconf 88' lang='lat' dir='ltr'><strong>mi-</strong></span> 
     </span>
    </p>
   </div>
   <div class='ocr_carea' id='block_1_60' title="bbox 2252 3042 3885 3118">
    <p class='ocr_par' dir='ltr' id='par_1_60' title="bbox 2252 3042 3885 3118">
     <span class='ocr_line' id='line_1_60' title="bbox 2252 3042 3885 3118; baseline 0.006 -23"><span class='ocrx_word' id='word_1_415' title='bbox 2252 3049 2579 3111; x_wconf 85' lang='lat' dir='ltr'><strong>graverant,</strong></span> <span class='ocrx_word' id='word_1_416' title='bbox 2612 3042 2691 3097; x_wconf 92' lang='lat' dir='ltr'><strong>ibi</strong></span> <span class='ocrx_word' id='word_1_417' title='bbox 2750 3049 2951 3099; x_wconf 90' lang='lat' dir='ltr'><strong>natum</strong></span> <span class='ocrx_word' id='word_1_418' title='bbox 2992 3045 3050 3100; x_wconf 89' lang='lat' dir='ltr'><strong>in</strong></span> <span class='ocrx_word' id='word_1_419' title='bbox 3101 3063 3383 3118; x_wconf 85' lang='lat' dir='ltr'><strong>purpura,</strong></span> <span class='ocrx_word' id='word_1_420' title='bbox 3412 3045 3885 3117; x_wconf 82' lang='lat' dir='ltr'><strong>Constantinum,</strong></span> 
     </span>
    </p>
   </div>
   <div class='ocr_carea' id='block_1_61' title="bbox 507 3127 3901 3215">
    <p class='ocr_par' dir='ltr' id='par_1_61' title="bbox 507 3127 3901 3215">
     <span class='ocr_line' id='line_1_61' title="bbox 507 3127 3901 3215; baseline 0.001 -24"><span class='ocrx_word' id='word_1_421' title='bbox 507 3134 743 3191; x_wconf 84' lang='lat' dir='ltr'><strong>assidue</strong></span> <span class='ocrx_word' id='word_1_422' title='bbox 772 3134 831 3188; x_wconf 92' lang='lat' dir='ltr'><strong>in</strong></span> <span class='ocrx_word' id='word_1_423' title='bbox 849 3150 958 3189; x_wconf 89' lang='lat' dir='ltr'><strong>nos</strong></span> <span class='ocrx_word' id='word_1_424' title='bbox 976 3130 1346 3187; x_wconf 87' lang='lat' dir='ltr'><strong>stimulatum</strong></span> <span class='ocrx_word' id='word_1_425' title='bbox 1371 3128 1799 3184; x_wconf 85' lang='lat' dir='ltr'><strong>ardentissimis</strong></span> <span class='ocrx_word' id='word_1_426' title='bbox 1820 3127 2147 3215; x_wconf 84' lang='lat' dir='ltr'><strong>instigatio-</strong></span> <span class='ocrx_word' id='word_1_427' title='bbox 2183 3149 2226 3215; x_wconf 68' lang='grc' dir='ltr'>ρ</span> <span class='ocrx_word' id='word_1_428' title='bbox 2262 3130 2397 3184; x_wconf 87' lang='lat' dir='ltr'><strong>inde</strong></span> <span class='ocrx_word' id='word_1_429' title='bbox 2460 3130 3037 3203; x_wconf 80' lang='lat' dir='ltr'><strong>Porphyrogenitum,</strong></span> <span class='ocrx_word' id='word_1_430' title='bbox 3073 3144 3198 3205; x_wconf 81' lang='lat' dir='ltr'><strong>post</strong></span> <span class='ocrx_word' id='word_1_431' title='bbox 3227 3141 3391 3190; x_wconf 87' lang='lat' dir='ltr'><strong>tanta</strong></span> <span class='ocrx_word' id='word_1_432' title='bbox 3442 3136 3645 3191; x_wconf 88' lang='lat' dir='ltr'><strong>merita</strong></span> <span class='ocrx_word' id='word_1_433' title='bbox 3674 3137 3901 3194; x_wconf 84' lang='lat' dir='ltr'><strong>nullius</strong></span> 
     </span>
    </p>
   </div>
   <div class='ocr_carea' id='block_1_62' title="bbox 509 3214 2151 3290">
    <p class='ocr_par' dir='ltr' id='par_1_62' title="bbox 509 3214 2151 3290">
     <span class='ocr_line' id='line_1_62' title="bbox 509 3214 2151 3290; baseline -0.005 -13"><span class='ocrx_word' id='word_1_434' title='bbox 509 3224 686 3278; x_wconf 90' lang='lat' dir='ltr'><strong>nibus</strong></span> <span class='ocrx_word' id='word_1_435' title='bbox 717 3224 911 3276; x_wconf 91' lang='lat' dir='ltr'><strong>Irenes</strong></span> <span class='ocrx_word' id='word_1_436' title='bbox 938 3219 1204 3290; x_wconf 85' lang='lat' dir='ltr'><strong>conjugis</strong></span> <span class='ocrx_word' id='word_1_437' title='bbox 1236 3218 1405 3273; x_wconf 89' lang='lat' dir='ltr'><strong>nobis</strong></span> <span class='ocrx_word' id='word_1_438' title='bbox 1436 3217 1782 3289; x_wconf 71' lang='lat' dir='ltr'><strong>perinfensze</strong></span> <span class='ocrx_word' id='word_1_439' title='bbox 1813 3214 2024 3270; x_wconf 90' lang='lat' dir='ltr'><strong>minari</strong></span> <span class='ocrx_word' id='word_1_440' title='bbox 2049 3231 2151 3270; x_wconf 86' lang='lat' dir='ltr'><strong>au-</strong></span> 
     </span>
    </p>
   </div>
   <div class='ocr_carea' id='block_1_63' title="bbox 509 3302 2153 3380">
    <p class='ocr_par' dir='ltr' id='par_1_63' title="bbox 509 3302 2153 3380">
     <span class='ocr_line' id='line_1_63' title="bbox 509 3302 2153 3380; baseline -0.004 -15"><span class='ocrx_word' id='word_1_441' title='bbox 509 3311 704 3366; x_wconf 91' lang='lat' dir='ltr'><strong>dimus</strong></span> <span class='ocrx_word' id='word_1_442' title='bbox 726 3310 1111 3380; x_wconf 90' lang='lat' dir='ltr'><strong>irruptiouem</strong></span> <span class='ocrx_word' id='word_1_443' title='bbox 1142 3307 1198 3361; x_wconf 92' lang='lat' dir='ltr'><strong>in</strong></span> <span class='ocrx_word' id='word_1_444' title='bbox 1231 3309 1672 3369; x_wconf 79' lang='lat' dir='ltr'><strong>terrasnostras</strong></span> <span class='ocrx_word' id='word_1_445' title='bbox 1696 3321 1797 3375; x_wconf 88' lang='lat' dir='ltr'><strong>per</strong></span> <span class='ocrx_word' id='word_1_446' title='bbox 1820 3302 2153 3359; x_wconf 87' lang='lat' dir='ltr'><strong>Thraciam.</strong></span> 
     </span>
    </p>
   </div>
   <div class='ocr_carea' id='block_1_64' title="bbox 513 3391 2155 3454">
    <p class='ocr_par' dir='ltr' id='par_1_64' title="bbox 513 3391 2155 3454">
     <span class='ocr_line' id='line_1_64' title="bbox 513 3391 2155 3454; baseline -0.004 -1"><span class='ocrx_word' id='word_1_447' title='bbox 513 3399 575 3454; x_wconf 88' lang='lat' dir='ltr'><strong>lu</strong></span> <span class='ocrx_word' id='word_1_448' title='bbox 606 3402 773 3452; x_wconf 82' lang='lat' dir='ltr'><strong>tanta</strong></span> <span class='ocrx_word' id='word_1_449' title='bbox 802 3396 1178 3451; x_wconf 85' lang='lat' dir='ltr'><strong>multitudine</strong></span> <span class='ocrx_word' id='word_1_450' title='bbox 1203 3401 1260 3450; x_wconf 91' lang='lat' dir='ltr'><strong>et</strong></span> <span class='ocrx_word' id='word_1_451' title='bbox 1303 3394 1462 3449; x_wconf 87' lang='lat' dir='ltr'><strong>rabie</strong></span> <span class='ocrx_word' id='word_1_452' title='bbox 1509 3392 1890 3448; x_wconf 87' lang='lat' dir='ltr'><strong>coorientium</strong></span> <span class='ocrx_word' id='word_1_453' title='bbox 1941 3391 1999 3445; x_wconf 90' lang='lat' dir='ltr'><strong>in</strong></span> <span class='ocrx_word' id='word_1_454' title='bbox 2048 3408 2155 3447; x_wconf 89' lang='lat' dir='ltr'><strong>nos</strong></span> 
     </span>
    </p>
   </div>
   <div class='ocr_carea' id='block_1_65' title="bbox 512 3479 2149 3556">
    <p class='ocr_par' dir='ltr' id='par_1_65' title="bbox 512 3479 2149 3556">
     <span class='ocr_line' id='line_1_65' title="bbox 512 3479 2149 3556; baseline -0.005 -14"><span class='ocrx_word' id='word_1_455' title='bbox 512 3503 581 3543; x_wconf 84' lang='lat' dir='ltr'><strong>ex</strong></span> <span class='ocrx_word' id='word_1_456' title='bbox 610 3485 766 3542; x_wconf 90' lang='lat' dir='ltr'><strong>omni</strong></span> <span class='ocrx_word' id='word_1_457' title='bbox 818 3485 1037 3540; x_wconf 90' lang='lat' dir='ltr'><strong>circum</strong></span> <span class='ocrx_word' id='word_1_458' title='bbox 1090 3491 1250 3556; x_wconf 87' lang='lat' dir='ltr'><strong>parte</strong></span> <span class='ocrx_word' id='word_1_459' title='bbox 1321 3481 1809 3538; x_wconf 77' lang='lat' dir='ltr'><strong>ferocissimorum</strong></span> <span class='ocrx_word' id='word_1_460' title='bbox 1868 3479 2149 3543; x_wconf 86' lang='lat' dir='ltr'><strong>hostium,</strong></span> 
     </span>
    </p>
   </div>
   <div class='ocr_carea' id='block_1_66' title="bbox 490 3570 2152 3647">
    <p class='ocr_par' dir='ltr' id='par_1_66' title="bbox 490 3570 2152 3647">
     <span class='ocr_line' id='line_1_66' title="bbox 490 3570 2152 3647; baseline -0.005 -16"><span class='ocrx_word' id='word_1_461' title='bbox 490 3577 649 3647; x_wconf 87' lang='lat' dir='ltr'><strong>quis</strong></span> <span class='ocrx_word' id='word_1_462' title='bbox 681 3592 796 3630; x_wconf 88' lang='lat' dir='ltr'><strong>non</strong></span> <span class='ocrx_word' id='word_1_463' title='bbox 826 3573 985 3629; x_wconf 89' lang='lat' dir='ltr'><strong>videt</strong></span> <span class='ocrx_word' id='word_1_464' title='bbox 1031 3573 1438 3628; x_wconf 90' lang='lat' dir='ltr'><strong>consulturum</strong></span> <span class='ocrx_word' id='word_1_465' title='bbox 1499 3570 1700 3643; x_wconf 87' lang='lat' dir='ltr'><strong>utique</strong></span> <span class='ocrx_word' id='word_1_466' title='bbox 1747 3570 2152 3626; x_wconf 68' lang='lat' dir='ltr'><strong>circumventa:</strong></span> 
     </span>
    </p>
   </div>
   <div class='ocr_carea' id='block_1_67' title="bbox 516 3660 2151 3736">
    <p class='ocr_par' dir='ltr' id='par_1_67' title="bbox 516 3660 2151 3736">
     <span class='ocr_line' id='line_1_67' title="bbox 516 3660 2151 3736; baseline -0.003 -18"><span class='ocrx_word' id='word_1_467' title='bbox 516 3665 777 3736; x_wconf 85' lang='lat' dir='ltr'><strong>undique</strong></span> <span class='ocrx_word' id='word_1_468' title='bbox 808 3662 1164 3734; x_wconf 65' lang='lat' dir='ltr'><strong>reipublicae,</strong></span> <span class='ocrx_word' id='word_1_469' title='bbox 1197 3661 1296 3732; x_wconf 91' lang='lat' dir='ltr'><strong>qui</strong></span> <span class='ocrx_word' id='word_1_470' title='bbox 1355 3660 1579 3715; x_wconf 79' lang='lat' dir='ltr'><strong>dederit</strong></span> <span class='ocrx_word' id='word_1_471' title='bbox 1633 3676 1867 3731; x_wconf 87' lang='lat' dir='ltr'><strong>operam</strong></span> <span class='ocrx_word' id='word_1_472' title='bbox 1907 3675 2151 3714; x_wconf 89' lang='lat' dir='ltr'><strong>numero</strong></span> 
     </span>
    </p>
   </div>
   <div class='ocr_carea' id='block_1_68' title="bbox 514 3746 2152 3822">
    <p class='ocr_par' dir='ltr' id='par_1_68' title="bbox 514 3746 2152 3822">
     <span class='ocr_line' id='line_1_68' title="bbox 514 3746 2152 3822; baseline -0.004 -14"><span class='ocrx_word' id='word_1_473' title='bbox 514 3769 717 3809; x_wconf 89' lang='lat' dir='ltr'><strong>eorum</strong></span> <span class='ocrx_word' id='word_1_474' title='bbox 752 3751 1069 3807; x_wconf 89' lang='lat' dir='ltr'><strong>minuendo</strong></span> <span class='ocrx_word' id='word_1_475' title='bbox 1092 3748 1445 3822; x_wconf 89' lang='lat' dir='ltr'><strong>quibusdam</strong></span> <span class='ocrx_word' id='word_1_476' title='bbox 1473 3752 1572 3803; x_wconf 89' lang='lat' dir='ltr'><strong>aut</strong></span> <span class='ocrx_word' id='word_1_477' title='bbox 1593 3753 1660 3802; x_wconf 89' lang='lat' dir='ltr'><strong>ad</strong></span> <span class='ocrx_word' id='word_1_478' title='bbox 1692 3754 1948 3802; x_wconf 88' lang='lat' dir='ltr'><strong>nostram</strong></span> <span class='ocrx_word' id='word_1_479' title='bbox 1973 3746 2152 3801; x_wconf 88' lang='lat' dir='ltr'><strong>socie-</strong></span> 
     </span>
    </p>
   </div>
   <div class='ocr_carea' id='block_1_69' title="bbox 511 3834 2148 3897">
    <p class='ocr_par' dir='ltr' id='par_1_69' title="bbox 511 3834 2148 3897">
     <span class='ocr_line' id='line_1_69' title="bbox 511 3834 2148 3897; baseline -0.004 0"><span class='ocrx_word' id='word_1_480' title='bbox 511 3846 695 3897; x_wconf 85' lang='lat' dir='ltr'><strong>tatem</strong></span> <span class='ocrx_word' id='word_1_481' title='bbox 729 3838 1089 3896; x_wconf 79' lang='lat' dir='ltr'><strong>attraheudis</strong></span> <span class='ocrx_word' id='word_1_482' title='bbox 1119 3845 1221 3894; x_wconf 90' lang='lat' dir='ltr'><strong>aut</strong></span> <span class='ocrx_word' id='word_1_483' title='bbox 1276 3855 1308 3893; x_wconf 94' lang='lat' dir='ltr'><strong>a</strong></span> <span class='ocrx_word' id='word_1_484' title='bbox 1338 3836 1635 3892; x_wconf 89' lang='lat' dir='ltr'><strong>communi</strong></span> <span class='ocrx_word' id='word_1_485' title='bbox 1694 3839 1847 3891; x_wconf 83' lang='lat' dir='ltr'><strong>certe</strong></span> <span class='ocrx_word' id='word_1_486' title='bbox 1899 3834 2148 3890; x_wconf 89' lang='lat' dir='ltr'><strong>aliorum</strong></span> 
     </span>
    </p>
   </div>
   <div class='ocr_carea' id='block_1_70' title="bbox 511 3923 2148 4002">
    <p class='ocr_par' dir='ltr' id='par_1_70' title="bbox 511 3923 2148 4002">
     <span class='ocr_line' id='line_1_70' title="bbox 511 3923 2148 4002; baseline -0.004 -17"><span class='ocrx_word' id='word_1_487' title='bbox 511 3929 941 4002; x_wconf 87' lang='lat' dir='ltr'><strong>conspiratione</strong></span> <span class='ocrx_word' id='word_1_488' title='bbox 970 3925 1513 3996; x_wconf 78' lang='lat' dir='ltr'><strong>ubducendis‘ljam</strong></span> <span class='ocrx_word' id='word_1_489' title='bbox 1549 3924 1692 3978; x_wconf 90' lang='lat' dir='ltr'><strong>illud</strong></span> <span class='ocrx_word' id='word_1_490' title='bbox 1725 3923 1866 3978; x_wconf 87' lang='lat' dir='ltr'><strong>satis</strong></span> <span class='ocrx_word' id='word_1_491' title='bbox 1896 3928 2148 3990; x_wconf 89' lang='lat' dir='ltr'><strong>constat,</strong></span> 
     </span>
    </p>
   </div>
   <div class='ocr_carea' id='block_1_71' title="bbox 510 4011 2146 4089">
    <p class='ocr_par' dir='ltr' id='par_1_71' title="bbox 510 4011 2146 4089">
     <span class='ocr_line' id='line_1_71' title="bbox 510 4011 2146 4089; baseline -0.004 -16"><span class='ocrx_word' id='word_1_492' title='bbox 510 4019 568 4073; x_wconf 89' lang='lat' dir='ltr'><strong>in</strong></span> <span class='ocrx_word' id='word_1_493' title='bbox 602 4018 809 4089; x_wconf 90' lang='lat' dir='ltr'><strong>primis</strong></span> <span class='ocrx_word' id='word_1_494' title='bbox 841 4015 1180 4072; x_wconf 90' lang='lat' dir='ltr'><strong>Latinorum</strong></span> <span class='ocrx_word' id='word_1_495' title='bbox 1211 4015 1435 4069; x_wconf 87' lang='lat' dir='ltr'><strong>ditione</strong></span> <span class='ocrx_word' id='word_1_496' title='bbox 1465 4030 1531 4067; x_wconf 89' lang='lat' dir='ltr'><strong>ac</strong></span> <span class='ocrx_word' id='word_1_497' title='bbox 1565 4012 1616 4066; x_wconf 91' lang='lat' dir='ltr'><strong>vi</strong></span> <span class='ocrx_word' id='word_1_498' title='bbox 1650 4011 1857 4067; x_wconf 89' lang='lat' dir='ltr'><strong>bellica</strong></span> <span class='ocrx_word' id='word_1_499' title='bbox 1887 4011 2146 4084; x_wconf 82' lang='lat' dir='ltr'><strong>impera-</strong></span> 
     </span>
    </p>
   </div>
   <div class='ocr_carea' id='block_1_72' title="bbox 506 4100 2143 4177">
    <p class='ocr_par' dir='ltr' id='par_1_72' title="bbox 506 4100 2143 4177">
     <span class='ocr_line' id='line_1_72' title="bbox 506 4100 2143 4177; baseline -0.004 -15"><span class='ocrx_word' id='word_1_500' title='bbox 506 4107 668 4163; x_wconf 90' lang='lat' dir='ltr'><strong>tricis</strong></span> <span class='ocrx_word' id='word_1_501' title='bbox 702 4111 878 4161; x_wconf 74' lang='lat' dir='ltr'><strong>Annae</strong></span> <span class='ocrx_word' id='word_1_502' title='bbox 911 4111 1185 4177; x_wconf 85' lang='lat' dir='ltr'><strong>cognatos</strong></span> <span class='ocrx_word' id='word_1_503' title='bbox 1230 4101 1543 4158; x_wconf 88' lang='lat' dir='ltr'><strong>numerari.</strong></span> <span class='ocrx_word' id='word_1_504' title='bbox 1582 4102 1753 4157; x_wconf 88' lang='lat' dir='ltr'><strong>Porro</strong></span> <span class='ocrx_word' id='word_1_505' title='bbox 1813 4100 1957 4156; x_wconf 90' lang='lat' dir='ltr'><strong>istos</strong></span> <span class='ocrx_word' id='word_1_506' title='bbox 1985 4117 2143 4157; x_wconf 89' lang='lat' dir='ltr'><strong>com-</strong></span> 
     </span>
    </p>
   </div>
   <div class='ocr_carea' id='block_1_73' title="bbox 504 4189 2144 4263">
    <p class='ocr_par' dir='ltr' id='par_1_73' title="bbox 504 4189 2144 4263">
     <span class='ocr_line' id='line_1_73' title="bbox 504 4189 2144 4263; baseline -0.004 -13"><span class='ocrx_word' id='word_1_507' title='bbox 504 4196 784 4251; x_wconf 89' lang='lat' dir='ltr'><strong>munione</strong></span> <span class='ocrx_word' id='word_1_508' title='bbox 814 4195 1070 4249; x_wconf 91' lang='lat' dir='ltr'><strong>nominis</strong></span> <span class='ocrx_word' id='word_1_509' title='bbox 1100 4210 1164 4247; x_wconf 88' lang='lat' dir='ltr'><strong>ac</strong></span> <span class='ocrx_word' id='word_1_510' title='bbox 1195 4191 1425 4263; x_wconf 88' lang='lat' dir='ltr'><strong>generis</strong></span> <span class='ocrx_word' id='word_1_511' title='bbox 1456 4190 1600 4245; x_wconf 87' lang='lat' dir='ltr'><strong>satis</strong></span> <span class='ocrx_word' id='word_1_512' title='bbox 1625 4205 1727 4260; x_wconf 87' lang='lat' dir='ltr'><strong>per</strong></span> <span class='ocrx_word' id='word_1_513' title='bbox 1756 4206 1818 4244; x_wconf 92' lang='lat' dir='ltr'><strong>se</strong></span> <span class='ocrx_word' id='word_1_514' title='bbox 1850 4206 2064 4261; x_wconf 90' lang='lat' dir='ltr'><strong>pronos</strong></span> <span class='ocrx_word' id='word_1_515' title='bbox 2085 4189 2144 4244; x_wconf 91' lang='lat' dir='ltr'><strong>in</strong></span> 
     </span>
    </p>
   </div>
   <div class='ocr_carea' id='block_1_74' title="bbox 502 4278 2146 4355">
    <p class='ocr_par' dir='ltr' id='par_1_74' title="bbox 502 4278 2146 4355">
     <span class='ocr_line' id='line_1_74' title="bbox 502 4278 2146 4355; baseline -0.002 -15"><span class='ocrx_word' id='word_1_516' title='bbox 502 4289 697 4355; x_wconf 87' lang='lat' dir='ltr'><strong>partes</strong></span> <span class='ocrx_word' id='word_1_517' title='bbox 724 4283 983 4339; x_wconf 89' lang='lat' dir='ltr'><strong>hostium</strong></span> <span class='ocrx_word' id='word_1_518' title='bbox 1015 4285 1353 4337; x_wconf 89' lang='lat' dir='ltr'><strong>nostrorum</strong></span> <span class='ocrx_word' id='word_1_519' title='bbox 1404 4278 1651 4349; x_wconf 69' lang='lat' dir='ltr'><strong>propriae</strong></span> <span class='ocrx_word' id='word_1_520' title='bbox 1710 4278 1769 4333; x_wconf 92' lang='lat' dir='ltr'><strong>in</strong></span> <span class='ocrx_word' id='word_1_521' title='bbox 1805 4294 1910 4334; x_wconf 89' lang='lat' dir='ltr'><strong>nos</strong></span> <span class='ocrx_word' id='word_1_522' title='bbox 1937 4279 2146 4336; x_wconf 66' lang='lat' dir='ltr'><strong>saevius</strong></span> 
     </span>
    </p>
   </div>
   <div class='ocr_carea' id='block_1_75' title="bbox 500 4370 2146 4443">
    <p class='ocr_par' dir='ltr' id='par_1_75' title="bbox 500 4370 2146 4443">
     <span class='ocr_line' id='line_1_75' title="bbox 500 4370 2146 4443; baseline -0.002 -11"><span class='ocrx_word' id='word_1_523' title='bbox 500 4375 951 4432; x_wconf 88' lang='lat' dir='ltr'><strong>commovebunt</strong></span> <span class='ocrx_word' id='word_1_524' title='bbox 972 4389 1185 4439; x_wconf 70' lang='lat' dir='ltr'><strong>causae,</strong></span> <span class='ocrx_word' id='word_1_525' title='bbox 1210 4371 1538 4443; x_wconf 70' lang='lat' dir='ltr'><strong>repetendae</strong></span> <span class='ocrx_word' id='word_1_526' title='bbox 1560 4370 1654 4425; x_wconf 90' lang='lat' dir='ltr'><strong>red</strong></span> <span class='ocrx_word' id='word_1_527' title='bbox 1668 4370 2020 4442; x_wconf 72' lang='lat' dir='ltr'><strong>ucendazque</strong></span> <span class='ocrx_word' id='word_1_528' title='bbox 2042 4373 2146 4429; x_wconf 88' lang='lat' dir='ltr'><strong>do-</strong></span> 
     </span>
    </p>
   </div>
   <div class='ocr_carea' id='block_1_76' title="bbox 500 4458 2139 4535">
    <p class='ocr_par' dir='ltr' id='par_1_76' title="bbox 500 4458 2139 4535">
     <span class='ocr_line' id='line_1_76' title="bbox 500 4458 2139 4535; baseline -0.001 -15"><span class='ocrx_word' id='word_1_529' title='bbox 500 4481 659 4520; x_wconf 90' lang='lat' dir='ltr'><strong>mum</strong></span> <span class='ocrx_word' id='word_1_530' title='bbox 682 4462 1128 4535; x_wconf 70' lang='lat' dir='ltr'><strong>consanguineae</strong></span> <span class='ocrx_word' id='word_1_531' title='bbox 1153 4464 1429 4515; x_wconf 78' lang='lat' dir='ltr'><strong>matronae</strong></span> <span class='ocrx_word' id='word_1_532' title='bbox 1456 4458 1625 4529; x_wconf 89' lang='lat' dir='ltr'><strong>quasi</strong></span> <span class='ocrx_word' id='word_1_533' title='bbox 1649 4459 1893 4514; x_wconf 72' lang='lat' dir='ltr'><strong>detentaa</strong></span> <span class='ocrx_word' id='word_1_534' title='bbox 1916 4476 1948 4515; x_wconf 90' lang='lat' dir='ltr'><strong>a</strong></span> <span class='ocrx_word' id='word_1_535' title='bbox 1971 4462 2139 4518; x_wconf 91' lang='lat' dir='ltr'><strong>nobis</strong></span> 
     </span>
    </p>
   </div>
   <div class='ocr_carea' id='block_1_77' title="bbox 492 4551 2138 4627">
    <p class='ocr_par' dir='ltr' id='par_1_77' title="bbox 492 4551 2138 4627">
     <span class='ocr_line' id='line_1_77' title="bbox 492 4551 2138 4627; baseline -0.001 -18"><span class='ocrx_word' id='word_1_536' title='bbox 492 4554 740 4627; x_wconf 87' lang='lat' dir='ltr'><strong>indigna</strong></span> <span class='ocrx_word' id='word_1_537' title='bbox 795 4552 1085 4617; x_wconf 88' lang='lat' dir='ltr'><strong>custodia,</strong></span> <span class='ocrx_word' id='word_1_538' title='bbox 1119 4551 1232 4607; x_wconf 90' lang='lat' dir='ltr'><strong>nisi</strong></span> <span class='ocrx_word' id='word_1_539' title='bbox 1294 4557 1520 4606; x_wconf 89' lang='lat' dir='ltr'><strong>mature</strong></span> <span class='ocrx_word' id='word_1_540' title='bbox 1574 4563 1955 4620; x_wconf 89' lang='lat' dir='ltr'><strong>precavemus</strong></span> <span class='ocrx_word' id='word_1_541' title='bbox 1984 4556 2041 4605; x_wconf 90' lang='lat' dir='ltr'><strong>et</strong></span> <span class='ocrx_word' id='word_1_542' title='bbox 2070 4568 2138 4608; x_wconf 88' lang='lat' dir='ltr'><strong>ex</strong></span> 
     </span>
    </p>
   </div>
   <div class='ocr_carea' id='block_1_78' title="bbox 490 4637 2128 4715">
    <p class='ocr_par' dir='ltr' id='par_1_78' title="bbox 490 4637 2128 4715">
     <span class='ocr_line' id='line_1_78' title="bbox 490 4637 2128 4715; baseline -0.001 -17"><span class='ocrx_word' id='word_1_543' title='bbox 490 4643 619 4715; x_wconf 87' lang='lat' dir='ltr'><strong>ipsa</strong></span> <span class='ocrx_word' id='word_1_544' title='bbox 647 4642 787 4698; x_wconf 90' lang='lat' dir='ltr'><strong>mali</strong></span> <span class='ocrx_word' id='word_1_545' title='bbox 812 4658 987 4697; x_wconf 88' lang='lat' dir='ltr'><strong>causa</strong></span> <span class='ocrx_word' id='word_1_546' title='bbox 1008 4640 1329 4697; x_wconf 90' lang='lat' dir='ltr'><strong>remedium</strong></span> <span class='ocrx_word' id='word_1_547' title='bbox 1355 4637 1692 4711; x_wconf 62' lang='lat' dir='ltr'><strong>quaerimus,</strong></span> <span class='ocrx_word' id='word_1_548' title='bbox 1714 4637 2057 4708; x_wconf 88' lang='lat' dir='ltr'><strong>tempestiva</strong></span> <span class='ocrx_word' id='word_1_549' title='bbox 2079 4641 2128 4696; x_wconf 90' lang='lat' dir='ltr'><strong>si</strong></span> 
     </span>
    </p>
   </div>
   <div class='ocr_carea' id='block_1_79' title="bbox 492 4727 2127 4803">
    <p class='ocr_par' dir='ltr' id='par_1_79' title="bbox 492 4727 2127 4803">
     <span class='ocr_line' id='line_1_79' title="bbox 492 4727 2127 4803; baseline -0.002 -17"><span class='ocrx_word' id='word_1_550' title='bbox 492 4747 752 4803; x_wconf 88' lang='lat' dir='ltr'><strong>unquam</strong></span> <span class='ocrx_word' id='word_1_551' title='bbox 783 4730 1065 4786; x_wconf 87' lang='lat' dir='ltr'><strong>affinitate</strong></span> <span class='ocrx_word' id='word_1_552' title='bbox 1095 4727 1641 4797; x_wconf 90' lang='lat' dir='ltr'><strong>contrahenda,qua</strong></span> <span class='ocrx_word' id='word_1_553' title='bbox 1664 4727 2127 4798; x_wconf 82' lang='lat' dir='ltr'><strong>prapinquorum</strong></span> 
     </span>
    </p>
   </div>
   <div class='ocr_carea' id='block_1_80' title="bbox 489 4813 2127 4875">
    <p class='ocr_par' dir='ltr' id='par_1_80' title="bbox 489 4813 2127 4875">
     <span class='ocr_line' id='line_1_80' title="bbox 489 4813 2127 4875; baseline -0.002 -1"><span class='ocrx_word' id='word_1_554' title='bbox 489 4820 739 4875; x_wconf 72' lang='lat' dir='ltr'><strong>dominae</strong></span> <span class='ocrx_word' id='word_1_555' title='bbox 772 4826 949 4874; x_wconf 67' lang='lat' dir='ltr'><strong>Anna:</strong></span> <span class='ocrx_word' id='word_1_556' title='bbox 982 4834 1094 4873; x_wconf 90' lang='lat' dir='ltr'><strong>non</strong></span> <span class='ocrx_word' id='word_1_557' title='bbox 1127 4818 1317 4872; x_wconf 91' lang='lat' dir='ltr'><strong>solum</strong></span> <span class='ocrx_word' id='word_1_558' title='bbox 1350 4820 1719 4871; x_wconf 87' lang='lat' dir='ltr'><strong>exarmentur</strong></span> <span class='ocrx_word' id='word_1_559' title='bbox 1752 4813 1849 4869; x_wconf 66' lang='lat' dir='ltr'><strong>ira:</strong></span> <span class='ocrx_word' id='word_1_560' title='bbox 1882 4816 2127 4872; x_wconf 82' lang='lat' dir='ltr'><strong>sublatis</strong></span> 
     </span>
    </p>
   </div>
   <div class='ocr_carea' id='block_1_81' title="bbox 487 4902 2127 4973">
    <p class='ocr_par' dir='ltr' id='par_1_81' title="bbox 487 4902 2127 4973">
     <span class='ocr_line' id='line_1_81' title="bbox 487 4902 2127 4973; baseline -0.001 -10"><span class='ocrx_word' id='word_1_561' title='bbox 487 4907 795 4964; x_wconf 88' lang='lat' dir='ltr'><strong>inccntivis</strong></span> <span class='ocrx_word' id='word_1_562' title='bbox 826 4907 1092 4962; x_wconf 89' lang='lat' dir='ltr'><strong>odiorum</strong></span> <span class='ocrx_word' id='word_1_563' title='bbox 1141 4904 1241 4960; x_wconf 89' lang='lat' dir='ltr'><strong>sed</strong></span> <span class='ocrx_word' id='word_1_564' title='bbox 1289 4904 1462 4959; x_wconf 91' lang='lat' dir='ltr'><strong>etiam</strong></span> <span class='ocrx_word' id='word_1_565' title='bbox 1518 4920 1746 4959; x_wconf 88' lang='lat' dir='ltr'><strong>amores</strong></span> <span class='ocrx_word' id='word_1_566' title='bbox 1793 4902 2127 4973; x_wconf 84' lang='lat' dir='ltr'><strong>auxiliaque</strong></span> 
     </span>
    </p>
   </div>
   <div class='ocr_carea' id='block_1_82' title="bbox 486 4992 2123 5065">
    <p class='ocr_par' dir='ltr' id='par_1_82' title="bbox 486 4992 2123 5065">
     <span class='ocr_line' id='line_1_82' title="bbox 486 4992 2123 5065; baseline -0.002 -12"><span class='ocrx_word' id='word_1_567' title='bbox 486 4996 891 5062; x_wconf 89' lang='lat' dir='ltr'><strong>concilientur,</strong></span> <span class='ocrx_word' id='word_1_568' title='bbox 924 5000 1203 5065; x_wconf 84' lang='lat' dir='ltr'><strong>tanquam</strong></span> <span class='ocrx_word' id='word_1_569' title='bbox 1238 4992 1438 5064; x_wconf 88' lang='lat' dir='ltr'><strong>utique</strong></span> <span class='ocrx_word' id='word_1_570' title='bbox 1469 4993 1813 5063; x_wconf 88' lang='lat' dir='ltr'><strong>propinquis</strong></span> <span class='ocrx_word' id='word_1_571' title='bbox 1839 4998 1895 5049; x_wconf 88' lang='lat' dir='ltr'><strong>et</strong></span> <span class='ocrx_word' id='word_1_572' title='bbox 1926 5010 2123 5049; x_wconf 89' lang='lat' dir='ltr'><strong>neces-</strong></span> 
     </span>
    </p>
   </div>
   <div class='ocr_carea' id='block_1_83' title="bbox 487 5081 2123 5154">
    <p class='ocr_par' dir='ltr' id='par_1_83' title="bbox 487 5081 2123 5154">
     <span class='ocr_line' id='line_1_83' title="bbox 487 5081 2123 5154; baseline -0.001 -13"><span class='ocrx_word' id='word_1_573' title='bbox 487 5085 743 5141; x_wconf 87' lang='lat' dir='ltr'><strong>situdine</strong></span> <span class='ocrx_word' id='word_1_574' title='bbox 774 5084 1047 5140; x_wconf 89' lang='lat' dir='ltr'><strong>connubii</strong></span> <span class='ocrx_word' id='word_1_575' title='bbox 1107 5098 1238 5138; x_wconf 91' lang='lat' dir='ltr'><strong>cum</strong></span> <span class='ocrx_word' id='word_1_576' title='bbox 1297 5097 1493 5137; x_wconf 89' lang='lat' dir='ltr'><strong>sorore</strong></span> <span class='ocrx_word' id='word_1_577' title='bbox 1550 5081 1827 5137; x_wconf 81' lang='lat' dir='ltr'><strong>Manfredi</strong></span> <span class='ocrx_word' id='word_1_578' title='bbox 1888 5082 2123 5154; x_wconf 75' lang='lat' dir='ltr'><strong>{iliaque</strong></span> 
     </span>
    </p>
   </div>
   <div class='ocr_carea' id='block_1_84' title="bbox 484 5170 2119 5244">
    <p class='ocr_par' dir='ltr' id='par_1_84' title="bbox 484 5170 2119 5244">
     <span class='ocr_line' id='line_1_84' title="bbox 484 5170 2119 5244; baseline 0 -16"><span class='ocrx_word' id='word_1_579' title='bbox 484 5174 897 5244; x_wconf 83' lang='lat' dir='ltr'><strong>Fridericijam</strong></span> <span class='ocrx_word' id='word_1_580' title='bbox 922 5177 1087 5243; x_wconf 89' lang='lat' dir='ltr'><strong>quasi</strong></span> <span class='ocrx_word' id='word_1_581' title='bbox 1116 5171 1457 5226; x_wconf 79' lang='lat' dir='ltr'><strong>domesticis</strong></span> <span class='ocrx_word' id='word_1_582' title='bbox 1489 5170 1769 5242; x_wconf 89' lang='lat' dir='ltr'><strong>ipsorum.</strong></span> <span class='ocrx_word' id='word_1_583' title='bbox 1804 5170 1966 5225; x_wconf 90' lang='lat' dir='ltr'><strong>Talia</strong></span> <span class='ocrx_word' id='word_1_584' title='bbox 1995 5189 2119 5228; x_wconf 88' lang='lat' dir='ltr'><strong>vcr-</strong></span> 
     </span>
    </p>
   </div>
   <div class='ocr_carea' id='block_1_85' title="bbox 483 5258 2120 5332">
    <p class='ocr_par' dir='ltr' id='par_1_85' title="bbox 483 5258 2120 5332">
     <span class='ocr_line' id='line_1_85' title="bbox 483 5258 2120 5332; baseline -0.004 -12"><span class='ocrx_word' id='word_1_585' title='bbox 483 5278 614 5320; x_wconf 86' lang='lat' dir='ltr'><strong>sare</strong></span> <span class='ocrx_word' id='word_1_586' title='bbox 643 5261 837 5319; x_wconf 88' lang='lat' dir='ltr'><strong>animo</strong></span> <span class='ocrx_word' id='word_1_587' title='bbox 862 5278 929 5317; x_wconf 88' lang='lat' dir='ltr'><strong>ac</strong></span> <span class='ocrx_word' id='word_1_588' title='bbox 950 5260 1281 5332; x_wconf 75' lang='lat' dir='ltr'><strong>sophisticis</strong></span> <span class='ocrx_word' id='word_1_589' title='bbox 1314 5260 1620 5315; x_wconf 86' lang='lat' dir='ltr'><strong>honestare</strong></span> <span class='ocrx_word' id='word_1_590' title='bbox 1649 5258 1848 5313; x_wconf 84' lang='lat' dir='ltr'><strong>conari</strong></span> <span class='ocrx_word' id='word_1_591' title='bbox 1881 5259 2120 5315; x_wconf 86' lang='lat' dir='ltr'><strong>rationi-</strong></span> 
     </span>
    </p>
   </div>
   <div class='ocr_carea' id='block_1_86' title="bbox 479 5347 2118 5424">
    <p class='ocr_par' dir='ltr' id='par_1_86' title="bbox 479 5347 2118 5424">
     <span class='ocr_line' id='line_1_86' title="bbox 479 5347 2118 5424; baseline 0 -18"><span class='ocrx_word' id='word_1_592' title='bbox 479 5350 593 5406; x_wconf 88' lang='lat' dir='ltr'><strong>bus</strong></span> <span class='ocrx_word' id='word_1_593' title='bbox 639 5352 1045 5424; x_wconf 87' lang='lat' dir='ltr'><strong>imperatorem</strong></span> <span class='ocrx_word' id='word_1_594' title='bbox 1077 5353 1275 5420; x_wconf 89' lang='lat' dir='ltr'><strong>(prout</strong></span> <span class='ocrx_word' id='word_1_595' title='bbox 1330 5348 1598 5417; x_wconf 83' lang='lat' dir='ltr'><strong>adigebat</strong></span> <span class='ocrx_word' id='word_1_596' title='bbox 1654 5347 1818 5402; x_wconf 91' lang='lat' dir='ltr'><strong>illum</strong></span> <span class='ocrx_word' id='word_1_597' title='bbox 1870 5365 2118 5406; x_wconf 76' lang='lat' dir='ltr'><strong>exurens</strong></span> 
     </span>
    </p>
   </div>
   <div class='ocr_carea' id='block_1_87' title="bbox 477 5435 2119 5505">
    <p class='ocr_par' dir='ltr' id='par_1_87' title="bbox 477 5435 2119 5505">
     <span class='ocr_line' id='line_1_87' title="bbox 477 5435 2119 5505; baseline 0.001 -12"><span class='ocrx_word' id='word_1_598' title='bbox 477 5438 684 5495; x_wconf 88' lang='lat' dir='ltr'><strong>intime</strong></span> <span class='ocrx_word' id='word_1_599' title='bbox 699 5456 966 5497; x_wconf 68' lang='lat' dir='ltr'><strong>vaesanos</strong></span> <span class='ocrx_word' id='word_1_600' title='bbox 987 5454 1172 5505; x_wconf 88' lang='lat' dir='ltr'><strong>amor,</strong></span> <span class='ocrx_word' id='word_1_601' title='bbox 1189 5436 1417 5491; x_wconf 89' lang='lat' dir='ltr'><strong>irrideri</strong></span> <span class='ocrx_word' id='word_1_602' title='bbox 1440 5452 1566 5491; x_wconf 84' lang='lat' dir='ltr'><strong>sese</strong></span> <span class='ocrx_word' id='word_1_603' title='bbox 1589 5453 1620 5490; x_wconf 89' lang='lat' dir='ltr'><strong>a</strong></span> <span class='ocrx_word' id='word_1_604' title='bbox 1643 5453 1675 5492; x_wconf 93' lang='lat' dir='ltr'><strong>a</strong></span> <span class='ocrx_word' id='word_1_605' title='bbox 1694 5435 1931 5491; x_wconf 91' lang='lat' dir='ltr'><strong>domina</strong></span> <span class='ocrx_word' id='word_1_606' title='bbox 1955 5441 2119 5494; x_wconf 79' lang='lat' dir='ltr'><strong>Anna</strong></span> 
     </span>
    </p>
   </div>
   <div class='ocr_carea' id='block_1_88' title="bbox 476 5525 2115 5599">
    <p class='ocr_par' dir='ltr' id='par_1_88' title="bbox 476 5525 2115 5599">
     <span class='ocr_line' id='line_1_88' title="bbox 476 5525 2115 5599; baseline 0.001 -18"><span class='ocrx_word' id='word_1_607' title='bbox 476 5529 534 5581; x_wconf 90' lang='lat' dir='ltr'><strong>et</strong></span> <span class='ocrx_word' id='word_1_608' title='bbox 561 5542 707 5584; x_wconf 86' lang='lat' dir='ltr'><strong>vana</strong></span> <span class='ocrx_word' id='word_1_609' title='bbox 736 5529 964 5599; x_wconf 87' lang='lat' dir='ltr'><strong>objecta</strong></span> <span class='ocrx_word' id='word_1_610' title='bbox 994 5525 1251 5596; x_wconf 88' lang='lat' dir='ltr'><strong>imagine</strong></span> <span class='ocrx_word' id='word_1_611' title='bbox 1274 5541 1577 5596; x_wconf 81' lang='lat' dir='ltr'><strong>nunquam</strong></span> <span class='ocrx_word' id='word_1_612' title='bbox 1613 5526 1941 5581; x_wconf 89' lang='lat' dir='ltr'><strong>successuri</strong></span> <span class='ocrx_word' id='word_1_613' title='bbox 1977 5543 2115 5583; x_wconf 88' lang='lat' dir='ltr'><strong>con-</strong></span> 
     </span>
    </p>
   </div>
   <div class='ocr_carea' id='block_1_89' title="bbox 468 5614 2114 5698">
    <p class='ocr_par' dir='ltr' id='par_1_89' title="bbox 468 5614 2114 5698">
     <span class='ocr_line' id='line_1_89' title="bbox 468 5614 2114 5698; baseline 0.002 -29"><span class='ocrx_word' id='word_1_614' title='bbox 468 5615 623 5698; x_wconf 65' lang='lat' dir='ltr'><strong>Jugii</strong></span> <span class='ocrx_word' id='word_1_615' title='bbox 643 5617 841 5674; x_wconf 90' lang='lat' dir='ltr'><strong>deludi</strong></span> <span class='ocrx_word' id='word_1_616' title='bbox 859 5633 972 5672; x_wconf 90' lang='lat' dir='ltr'><strong>non</strong></span> <span class='ocrx_word' id='word_1_617' title='bbox 991 5614 1359 5687; x_wconf 83' lang='lat' dir='ltr'><strong>sentientem)</strong></span> <span class='ocrx_word' id='word_1_618' title='bbox 1374 5614 1619 5671; x_wconf 87' lang='lat' dir='ltr'><strong>audiens</strong></span> <span class='ocrx_word' id='word_1_619' title='bbox 1636 5616 1899 5686; x_wconf 87' lang='lat' dir='ltr'><strong>Augusta</strong></span> <span class='ocrx_word' id='word_1_620' title='bbox 1921 5614 2114 5672; x_wconf 84' lang='lat' dir='ltr'><strong>Theo-</strong></span> 
     </span>
    </p>
   </div>
   <div class='ocr_carea' id='block_1_90' title="bbox 2265 3220 3899 3295">
    <p class='ocr_par' dir='ltr' id='par_1_90' title="bbox 2265 3220 3899 3295">
     <span class='ocr_line' id='line_1_90' title="bbox 2265 3220 3899 3295; baseline 0.006 -23"><span class='ocrx_word' id='word_1_621' title='bbox 2265 3223 2617 3288; x_wconf 88' lang='lat' dir='ltr'><strong>compertam</strong></span> <span class='ocrx_word' id='word_1_622' title='bbox 2687 3220 2869 3292; x_wconf 71' lang='lat' dir='ltr'><strong>culpa:</strong></span> <span class='ocrx_word' id='word_1_623' title='bbox 2936 3222 3253 3294; x_wconf 74' lang='lat' dir='ltr'><strong>repudiari,</strong></span> <span class='ocrx_word' id='word_1_624' title='bbox 3308 3226 3695 3291; x_wconf 82' lang='lat' dir='ltr'><strong>exauctorari,</strong></span> <span class='ocrx_word' id='word_1_625' title='bbox 3751 3225 3899 3295; x_wconf 88' lang='lat' dir='ltr'><strong>viro,</strong></span> 
     </span>
    </p>
   </div>
   <div class='ocr_carea' id='block_1_91' title="bbox 2261 3306 3902 3382">
    <p class='ocr_par' dir='ltr' id='par_1_91' title="bbox 2261 3306 3902 3382">
     <span class='ocr_line' id='line_1_91' title="bbox 2261 3306 3902 3382; baseline 0.007 -23"><span class='ocrx_word' id='word_1_626' title='bbox 2261 3306 2531 3377; x_wconf 85' lang='lat' dir='ltr'><strong>imperio,</strong></span> <span class='ocrx_word' id='word_1_627' title='bbox 2561 3307 2782 3363; x_wconf 84' lang='lat' dir='ltr'><strong>honore</strong></span> <span class='ocrx_word' id='word_1_628' title='bbox 2809 3310 2969 3364; x_wconf 92' lang='lat' dir='ltr'><strong>omni</strong></span> <span class='ocrx_word' id='word_1_629' title='bbox 3002 3311 3286 3382; x_wconf 88' lang='lat' dir='ltr'><strong>privatam</strong></span> <span class='ocrx_word' id='word_1_630' title='bbox 3320 3313 3515 3382; x_wconf 85' lang='lat' dir='ltr'><strong>abjici,</strong></span> <span class='ocrx_word' id='word_1_631' title='bbox 3548 3318 3605 3369; x_wconf 90' lang='lat' dir='ltr'><strong>et</strong></span> <span class='ocrx_word' id='word_1_632' title='bbox 3632 3313 3902 3370; x_wconf 67' lang='lat' dir='ltr'><strong>aemulam</strong></span> 
     </span>
    </p>
   </div>
   <div class='ocr_carea' id='block_1_92' title="bbox 2258 3394 3894 3459">
    <p class='ocr_par' dir='ltr' id='par_1_92' title="bbox 2258 3394 3894 3459">
     <span class='ocr_line' id='line_1_92' title="bbox 2258 3394 3894 3459; baseline 0.007 -12"><span class='ocrx_word' id='word_1_633' title='bbox 2258 3395 2316 3448; x_wconf 88' lang='lat' dir='ltr'><strong>in</strong></span> <span class='ocrx_word' id='word_1_634' title='bbox 2352 3394 2541 3450; x_wconf 83' lang='lat' dir='ltr'><strong>locum</strong></span> <span class='ocrx_word' id='word_1_635' title='bbox 2574 3413 2747 3451; x_wconf 91' lang='lat' dir='ltr'><strong>suum</strong></span> <span class='ocrx_word' id='word_1_636' title='bbox 2777 3397 3065 3453; x_wconf 87' lang='lat' dir='ltr'><strong>intrusam</strong></span> <span class='ocrx_word' id='word_1_637' title='bbox 3097 3398 3251 3455; x_wconf 77' lang='lat'><strong>184</strong></span> <span class='ocrx_word' id='word_1_638' title='bbox 3297 3416 3551 3458; x_wconf 90' lang='lat' dir='ltr'><strong>cernere.</strong></span> <span class='ocrx_word' id='word_1_639' title='bbox 3585 3401 3701 3458; x_wconf 85' lang='lat' dir='ltr'><strong>Hoc</strong></span> <span class='ocrx_word' id='word_1_640' title='bbox 3733 3408 3894 3459; x_wconf 85' lang='lat' dir='ltr'><strong>metu</strong></span> 
     </span>
    </p>
   </div>
   <div class='ocr_carea' id='block_1_93' title="bbox 2261 3483 3903 3560">
    <p class='ocr_par' dir='ltr' id='par_1_93' title="bbox 2261 3483 3903 3560">
     <span class='ocr_line' id='line_1_93' title="bbox 2261 3483 3903 3560; baseline 0.006 -22"><span class='ocrx_word' id='word_1_641' title='bbox 2261 3485 2435 3539; x_wconf 86' lang='lat' dir='ltr'><strong>auxia</strong></span> <span class='ocrx_word' id='word_1_642' title='bbox 2466 3483 2648 3540; x_wconf 88' lang='lat' dir='ltr'><strong>mittit</strong></span> <span class='ocrx_word' id='word_1_643' title='bbox 2678 3486 2747 3540; x_wconf 90' lang='lat' dir='ltr'><strong>ad</strong></span> <span class='ocrx_word' id='word_1_644' title='bbox 2782 3486 3173 3557; x_wconf 84' lang='lat' dir='ltr'><strong>patriarcham</strong></span> <span class='ocrx_word' id='word_1_645' title='bbox 3211 3488 3312 3560; x_wconf 88' lang='lat' dir='ltr'><strong>qui</strong></span> <span class='ocrx_word' id='word_1_646' title='bbox 3343 3506 3475 3545; x_wconf 91' lang='lat' dir='ltr'><strong>eum</strong></span> <span class='ocrx_word' id='word_1_647' title='bbox 3508 3507 3614 3545; x_wconf 90' lang='lat' dir='ltr'><strong>suo</strong></span> <span class='ocrx_word' id='word_1_648' title='bbox 3665 3491 3903 3548; x_wconf 87' lang='lat' dir='ltr'><strong>nomine</strong></span> 
     </span>
    </p>
   </div>
   <div class='ocr_carea' id='block_1_94' title="bbox 2259 3572 3898 3651">
    <p class='ocr_par' dir='ltr' id='par_1_94' title="bbox 2259 3572 3898 3651">
     <span class='ocr_line' id='line_1_94' title="bbox 2259 3572 3898 3651; baseline 0.005 -24"><span class='ocrx_word' id='word_1_649' title='bbox 2259 3572 2605 3643; x_wconf 89' lang='lat' dir='ltr'><strong>suppliciter</strong></span> <span class='ocrx_word' id='word_1_650' title='bbox 2635 3581 2902 3646; x_wconf 82' lang='lat' dir='ltr'><strong>rogarent</strong></span> <span class='ocrx_word' id='word_1_651' title='bbox 2935 3580 2998 3629; x_wconf 90' lang='lat' dir='ltr'><strong>ut</strong></span> <span class='ocrx_word' id='word_1_652' title='bbox 3029 3581 3147 3631; x_wconf 91' lang='lat' dir='ltr'><strong>tam</strong></span> <span class='ocrx_word' id='word_1_653' title='bbox 3182 3582 3435 3633; x_wconf 90' lang='lat' dir='ltr'><strong>atrocem</strong></span> <span class='ocrx_word' id='word_1_654' title='bbox 3469 3595 3501 3633; x_wconf 91' lang='lat' dir='ltr'><strong>a</strong></span> <span class='ocrx_word' id='word_1_655' title='bbox 3526 3595 3589 3635; x_wconf 87' lang='lat' dir='ltr'><strong>se</strong></span> <span class='ocrx_word' id='word_1_656' title='bbox 3614 3578 3898 3651; x_wconf 87' lang='lat' dir='ltr'><strong>injuriam</strong></span> 
     </span>
    </p>
   </div>
   <div class='ocr_carea' id='block_1_95' title="bbox 2258 3661 3904 3736">
    <p class='ocr_par' dir='ltr' id='par_1_95' title="bbox 2258 3661 3904 3736">
     <span class='ocr_line' id='line_1_95' title="bbox 2258 3661 3904 3736; baseline 0.005 -22"><span class='ocrx_word' id='word_1_657' title='bbox 2258 3666 2497 3726; x_wconf 87' lang='lat' dir='ltr'><strong>arceret,</strong></span> <span class='ocrx_word' id='word_1_658' title='bbox 2529 3661 2985 3735; x_wconf 86' lang='lat' dir='ltr'><strong>dignareturque</strong></span> <span class='ocrx_word' id='word_1_659' title='bbox 3017 3681 3118 3736; x_wconf 90' lang='lat' dir='ltr'><strong>pro</strong></span> <span class='ocrx_word' id='word_1_660' title='bbox 3150 3682 3258 3720; x_wconf 90' lang='lat' dir='ltr'><strong>sua</strong></span> <span class='ocrx_word' id='word_1_661' title='bbox 3301 3667 3649 3722; x_wconf 85' lang='lat' dir='ltr'><strong>auctoritate</strong></span> <span class='ocrx_word' id='word_1_662' title='bbox 3705 3666 3904 3722; x_wconf 86' lang='lat' dir='ltr'><strong>deter-</strong></span> 
     </span>
    </p>
   </div>
   <div class='ocr_carea' id='block_1_96' title="bbox 2256 3751 3902 3827">
    <p class='ocr_par' dir='ltr' id='par_1_96' title="bbox 2256 3751 3902 3827">
     <span class='ocr_line' id='line_1_96' title="bbox 2256 3751 3902 3827; baseline 0.004 -24"><span class='ocrx_word' id='word_1_663' title='bbox 2256 3766 2380 3804; x_wconf 90' lang='lat' dir='ltr'><strong>rere</strong></span> <span class='ocrx_word' id='word_1_664' title='bbox 2433 3751 2863 3820; x_wconf 84' lang='lat' dir='ltr'><strong>imperatorem,</strong></span> <span class='ocrx_word' id='word_1_665' title='bbox 2920 3769 2992 3807; x_wconf 92' lang='lat' dir='ltr'><strong>ne</strong></span> <span class='ocrx_word' id='word_1_666' title='bbox 3049 3757 3167 3807; x_wconf 86' lang='lat' dir='ltr'><strong>tam</strong></span> <span class='ocrx_word' id='word_1_667' title='bbox 3228 3758 3491 3824; x_wconf 88' lang='lat' dir='ltr'><strong>proterve</strong></span> <span class='ocrx_word' id='word_1_668' title='bbox 3543 3771 3754 3810; x_wconf 83' lang='lat' dir='ltr'><strong>uxores</strong></span> <span class='ocrx_word' id='word_1_669' title='bbox 3789 3770 3902 3827; x_wconf 92' lang='lat' dir='ltr'><strong>pro</strong></span> 
     </span>
    </p>
   </div>
   <div class='ocr_carea' id='block_1_97' title="bbox 2252 3836 3896 3913">
    <p class='ocr_par' dir='ltr' id='par_1_97' title="bbox 2252 3836 3896 3913">
     <span class='ocr_line' id='line_1_97' title="bbox 2252 3836 3896 3913; baseline 0.005 -22"><span class='ocrx_word' id='word_1_670' title='bbox 2252 3836 2421 3900; x_wconf 82' lang='lat' dir='ltr'><strong>libito</strong></span> <span class='ocrx_word' id='word_1_671' title='bbox 2444 3841 2859 3895; x_wconf 88' lang='lat' dir='ltr'><strong>commutando</strong></span> <span class='ocrx_word' id='word_1_672' title='bbox 2884 3840 3094 3896; x_wconf 89' lang='lat' dir='ltr'><strong>divinis</strong></span> <span class='ocrx_word' id='word_1_673' title='bbox 3116 3840 3344 3913; x_wconf 84' lang='lat' dir='ltr'><strong>legibus</strong></span> <span class='ocrx_word' id='word_1_674' title='bbox 3363 3842 3606 3898; x_wconf 90' lang='lat' dir='ltr'><strong>illudere</strong></span> <span class='ocrx_word' id='word_1_675' title='bbox 3629 3844 3896 3899; x_wconf 87' lang='lat' dir='ltr'><strong>auderet.</strong></span> 
     </span>
    </p>
   </div>
   <div class='ocr_carea' id='block_1_98' title="bbox 2256 3926 3896 4004">
    <p class='ocr_par' dir='ltr' id='par_1_98' title="bbox 2256 3926 3896 4004">
     <span class='ocr_line' id='line_1_98' title="bbox 2256 3926 3896 4004; baseline 0.003 -23"><span class='ocrx_word' id='word_1_676' title='bbox 2256 3926 2499 3982; x_wconf 84' lang='lat' dir='ltr'><strong>Miratus</strong></span> <span class='ocrx_word' id='word_1_677' title='bbox 2534 3927 2849 3999; x_wconf 90' lang='lat' dir='ltr'><strong>plurimum</strong></span> <span class='ocrx_word' id='word_1_678' title='bbox 2882 3929 2991 3984; x_wconf 90' lang='lat' dir='ltr'><strong>hoc</strong></span> <span class='ocrx_word' id='word_1_679' title='bbox 3012 3929 3257 3986; x_wconf 90' lang='lat' dir='ltr'><strong>audiens</strong></span> <span class='ocrx_word' id='word_1_680' title='bbox 3280 3932 3608 4001; x_wconf 88' lang='lat' dir='ltr'><strong>patriarcha</strong></span> <span class='ocrx_word' id='word_1_681' title='bbox 3627 3935 3715 3987; x_wconf 88' lang='lat' dir='ltr'><strong>est</strong></span> <span class='ocrx_word' id='word_1_682' title='bbox 3734 3931 3896 4004; x_wconf 75' lang='lat' dir='ltr'><strong>Cogi-</strong></span> 
     </span>
    </p>
   </div>
   <div class='ocr_carea' id='block_1_99' title="bbox 2256 4016 3894 4091">
    <p class='ocr_par' dir='ltr' id='par_1_99' title="bbox 2256 4016 3894 4091">
     <span class='ocr_line' id='line_1_99' title="bbox 2256 4016 3894 4091; baseline 0.003 -22"><span class='ocrx_word' id='word_1_683' title='bbox 2256 4016 2363 4070; x_wconf 89' lang='lat' dir='ltr'><strong>tari</strong></span> <span class='ocrx_word' id='word_1_684' title='bbox 2396 4016 2784 4088; x_wconf 87' lang='lat' dir='ltr'><strong>attentarique</strong></span> <span class='ocrx_word' id='word_1_685' title='bbox 2806 4033 2895 4072; x_wconf 90' lang='lat' dir='ltr'><strong>res</strong></span> <span class='ocrx_word' id='word_1_686' title='bbox 2917 4016 3062 4072; x_wconf 89' lang='lat' dir='ltr'><strong>tales</strong></span> <span class='ocrx_word' id='word_1_687' title='bbox 3085 4018 3156 4073; x_wconf 91' lang='lat' dir='ltr'><strong>ab</strong></span> <span class='ocrx_word' id='word_1_688' title='bbox 3182 4017 3553 4089; x_wconf 86' lang='lat' dir='ltr'><strong>imperatore,</strong></span> <span class='ocrx_word' id='word_1_689' title='bbox 3575 4017 3770 4091; x_wconf 89' lang='lat' dir='ltr'><strong>palam</strong></span> <span class='ocrx_word' id='word_1_690' title='bbox 3794 4019 3894 4074; x_wconf 83' lang='lat' dir='ltr'><strong>in-</strong></span> 
     </span>
    </p>
   </div>
   <div class='ocr_carea' id='block_1_100' title="bbox 2253 4104 3895 4179">
    <p class='ocr_par' dir='ltr' id='par_1_100' title="bbox 2253 4104 3895 4179">
     <span class='ocr_line' id='line_1_100' title="bbox 2253 4104 3895 4179; baseline 0.003 -21"><span class='ocrx_word' id='word_1_691' title='bbox 2253 4104 2545 4159; x_wconf 88' lang='lat' dir='ltr'><strong>concessis</strong></span> <span class='ocrx_word' id='word_1_692' title='bbox 2574 4104 2858 4172; x_wconf 89' lang='lat' dir='ltr'><strong>iuhiante,</strong></span> <span class='ocrx_word' id='word_1_693' title='bbox 2883 4121 2989 4159; x_wconf 89' lang='lat' dir='ltr'><strong>nec</strong></span> <span class='ocrx_word' id='word_1_694' title='bbox 3017 4111 3249 4162; x_wconf 90' lang='lat' dir='ltr'><strong>verente</strong></span> <span class='ocrx_word' id='word_1_695' title='bbox 3281 4123 3384 4179; x_wconf 91' lang='lat' dir='ltr'><strong>per</strong></span> <span class='ocrx_word' id='word_1_696' title='bbox 3412 4107 3784 4163; x_wconf 84' lang='lat' dir='ltr'><strong>conculcatas</strong></span> <span class='ocrx_word' id='word_1_697' title='bbox 3813 4107 3895 4163; x_wconf 90' lang='lat' dir='ltr'><strong>le-</strong></span> 
     </span>
    </p>
   </div>
   <div class='ocr_carea' id='block_1_101' title="bbox 2251 4192 3886 4266">
    <p class='ocr_par' dir='ltr' id='par_1_101' title="bbox 2251 4192 3886 4266">
     <span class='ocr_line' id='line_1_101' title="bbox 2251 4192 3886 4266; baseline 0.003 -20"><span class='ocrx_word' id='word_1_698' title='bbox 2251 4208 2350 4263; x_wconf 85' lang='lat' dir='ltr'><strong>ges</strong></span> <span class='ocrx_word' id='word_1_699' title='bbox 2378 4193 2436 4247; x_wconf 90' lang='lat' dir='ltr'><strong>in</strong></span> <span class='ocrx_word' id='word_1_700' title='bbox 2468 4192 2854 4263; x_wconf 87' lang='lat' dir='ltr'><strong>cupiditatum</strong></span> <span class='ocrx_word' id='word_1_701' title='bbox 2889 4193 3237 4265; x_wconf 86' lang='lat' dir='ltr'><strong>obsequium</strong></span> <span class='ocrx_word' id='word_1_702' title='bbox 3259 4200 3688 4266; x_wconf 69' lang='lat' dir='ltr'><strong>ruere,quantaa</strong></span> <span class='ocrx_word' id='word_1_703' title='bbox 3717 4195 3886 4252; x_wconf 89' lang='lat' dir='ltr'><strong>illum</strong></span> 
     </span>
    </p>
   </div>
   <div class='ocr_carea' id='block_1_102' title="bbox 2251 4280 3889 4351">
    <p class='ocr_par' dir='ltr' id='par_1_102' title="bbox 2251 4280 3889 4351">
     <span class='ocr_line' id='line_1_102' title="bbox 2251 4280 3889 4351; baseline 0.004 -17"><span class='ocrx_word' id='word_1_704' title='bbox 2251 4280 2523 4349; x_wconf 80' lang='lat' dir='ltr'><strong>nequitiae</strong></span> <span class='ocrx_word' id='word_1_705' title='bbox 2547 4296 2814 4349; x_wconf 87' lang='lat' dir='ltr'><strong>capacem</strong></span> <span class='ocrx_word' id='word_1_706' title='bbox 2839 4298 2953 4336; x_wconf 91' lang='lat' dir='ltr'><strong>non</strong></span> <span class='ocrx_word' id='word_1_707' title='bbox 2973 4288 3107 4339; x_wconf 85' lang='lat' dir='ltr'><strong>ante</strong></span> <span class='ocrx_word' id='word_1_708' title='bbox 3130 4283 3497 4340; x_wconf 76' lang='lat' dir='ltr'><strong>credidisset.</strong></span> <span class='ocrx_word' id='word_1_709' title='bbox 3523 4286 3707 4351; x_wconf 87' lang='lat' dir='ltr'><strong>Quare</strong></span> <span class='ocrx_word' id='word_1_710' title='bbox 3729 4285 3889 4341; x_wconf 90' lang='lat' dir='ltr'><strong>haud</strong></span> 
     </span>
    </p>
   </div>
   <div class='ocr_carea' id='block_1_103' title="bbox 2251 4368 3890 4444">
    <p class='ocr_par' dir='ltr' id='par_1_103' title="bbox 2251 4368 3890 4444">
     <span class='ocr_line' id='line_1_103' title="bbox 2251 4368 3890 4444; baseline 0.004 -21"><span class='ocrx_word' id='word_1_711' title='bbox 2251 4368 2503 4423; x_wconf 85' lang='lat' dir='ltr'><strong>molliter</strong></span> <span class='ocrx_word' id='word_1_712' title='bbox 2520 4368 2917 4440; x_wconf 70' lang='lat' dir='ltr'><strong>castigandam</strong></span> <span class='ocrx_word' id='word_1_713' title='bbox 2942 4375 3098 4427; x_wconf 84' lang='lat' dir='ltr'><strong>ratus</strong></span> <span class='ocrx_word' id='word_1_714' title='bbox 3120 4377 3535 4444; x_wconf 88' lang='lat' dir='ltr'><strong>erumpentem</strong></span> <span class='ocrx_word' id='word_1_715' title='bbox 3562 4373 3622 4427; x_wconf 90' lang='lat' dir='ltr'><strong>in</strong></span> <span class='ocrx_word' id='word_1_716' title='bbox 3652 4377 3774 4429; x_wconf 88' lang='lat' dir='ltr'><strong>tam</strong></span> <span class='ocrx_word' id='word_1_717' title='bbox 3797 4373 3890 4429; x_wconf 88' lang='lat' dir='ltr'><strong>in-</strong></span> 
     </span>
    </p>
   </div>
   <div class='ocr_carea' id='block_1_104' title="bbox 2251 4457 3888 4534">
    <p class='ocr_par' dir='ltr' id='par_1_104' title="bbox 2251 4457 3888 4534">
     <span class='ocr_line' id='line_1_104' title="bbox 2251 4457 3888 4534; baseline 0.004 -22"><span class='ocrx_word' id='word_1_718' title='bbox 2251 4457 2607 4513; x_wconf 85' lang='lat' dir='ltr'><strong>vrrecundos</strong></span> <span class='ocrx_word' id='word_1_719' title='bbox 2638 4474 2820 4514; x_wconf 87' lang='lat' dir='ltr'><strong>ausus</strong></span> <span class='ocrx_word' id='word_1_720' title='bbox 2848 4458 3165 4531; x_wconf 89' lang='lat' dir='ltr'><strong>insaniam,</strong></span> <span class='ocrx_word' id='word_1_721' title='bbox 3198 4461 3545 4533; x_wconf 88' lang='lat' dir='ltr'><strong>gravissime</strong></span> <span class='ocrx_word' id='word_1_722' title='bbox 3575 4461 3743 4517; x_wconf 89' lang='lat' dir='ltr'><strong>illum</strong></span> <span class='ocrx_word' id='word_1_723' title='bbox 3774 4479 3888 4534; x_wconf 84' lang='lat' dir='ltr'><strong>qua</strong></span> 
     </span>
    </p>
   </div>
   <div class='ocr_carea' id='block_1_105' title="bbox 2246 4547 3887 4622">
    <p class='ocr_par' dir='ltr' id='par_1_105' title="bbox 2246 4547 3887 4622">
     <span class='ocr_line' id='line_1_105' title="bbox 2246 4547 3887 4622; baseline 0.004 -22"><span class='ocrx_word' id='word_1_724' title='bbox 2246 4547 2646 4617; x_wconf 76' lang='lat' dir='ltr'><strong>exprobrando</strong></span> <span class='ocrx_word' id='word_1_725' title='bbox 2664 4563 2780 4617; x_wconf 92' lang='lat' dir='ltr'><strong>qua</strong></span> <span class='ocrx_word' id='word_1_726' title='bbox 2797 4548 2889 4618; x_wconf 88' lang='lat' dir='ltr'><strong>obj</strong></span> <span class='ocrx_word' id='word_1_727' title='bbox 2901 4550 3163 4621; x_wconf 77' lang='lat' dir='ltr'><strong>urgendo</strong></span> <span class='ocrx_word' id='word_1_728' title='bbox 3191 4550 3498 4622; x_wconf 82' lang='lat' dir='ltr'><strong>increpuit,</strong></span> <span class='ocrx_word' id='word_1_729' title='bbox 3520 4550 3695 4606; x_wconf 86' lang='lat' dir='ltr'><strong>minis</strong></span> <span class='ocrx_word' id='word_1_730' title='bbox 3713 4551 3887 4607; x_wconf 87' lang='lat' dir='ltr'><strong>etiam</strong></span> 
     </span>
    </p>
   </div>
   <div class='ocr_carea' id='block_1_106' title="bbox 2239 4635 3890 4712">
    <p class='ocr_par' dir='ltr' id='par_1_106' title="bbox 2239 4635 3890 4712">
     <span class='ocr_line' id='line_1_106' title="bbox 2239 4635 3890 4712; baseline 0.004 -23"><span class='ocrx_word' id='word_1_731' title='bbox 2239 4635 2653 4691; x_wconf 62' lang='lat' dir='ltr'><strong>iutentatisiras</strong></span> <span class='ocrx_word' id='word_1_732' title='bbox 2667 4636 2698 4690; x_wconf 92' lang='lat' dir='ltr'><strong>d</strong></span> <span class='ocrx_word' id='word_1_733' title='bbox 2711 4636 2779 4690; x_wconf 88' lang='lat' dir='ltr'><strong>ivi</strong></span> <span class='ocrx_word' id='word_1_734' title='bbox 2792 4637 3078 4692; x_wconf 72' lang='lat' dir='ltr'><strong>nae.Simul</strong></span> <span class='ocrx_word' id='word_1_735' title='bbox 3095 4637 3440 4710; x_wconf 84' lang='lat' dir='ltr'><strong>allegatosin</strong></span> <span class='ocrx_word' id='word_1_736' title='bbox 3455 4640 3748 4695; x_wconf 88' lang='lat' dir='ltr'><strong>obtentum</strong></span> <span class='ocrx_word' id='word_1_737' title='bbox 3761 4657 3890 4712; x_wconf 86' lang='lat' dir='ltr'><strong>pro_</strong></span> 
     </span>
    </p>
   </div>
   <div class='ocr_carea' id='block_1_107' title="bbox 2238 4723 3891 4797">
    <p class='ocr_par' dir='ltr' id='par_1_107' title="bbox 2238 4723 3891 4797">
     <span class='ocr_line' id='line_1_107' title="bbox 2238 4723 3891 4797; baseline 0.004 -20"><span class='ocrx_word' id='word_1_738' title='bbox 2238 4728 2413 4779; x_wconf 69' lang='lat' dir='ltr'><strong>tervaa</strong></span> <span class='ocrx_word' id='word_1_739' title='bbox 2432 4723 2678 4779; x_wconf 74' lang='lat' dir='ltr'><strong>lasciviae</strong></span> <span class='ocrx_word' id='word_1_740' title='bbox 2703 4731 3014 4795; x_wconf 72' lang='lat' dir='ltr'><strong>praetextus</strong></span> <span class='ocrx_word' id='word_1_741' title='bbox 3037 4732 3101 4782; x_wconf 89' lang='lat' dir='ltr'><strong>ut</strong></span> <span class='ocrx_word' id='word_1_742' title='bbox 3121 4726 3267 4783; x_wconf 89' lang='lat' dir='ltr'><strong>telas</strong></span> <span class='ocrx_word' id='word_1_743' title='bbox 3289 4744 3640 4784; x_wconf 89' lang='lat' dir='ltr'><strong>aranearum</strong></span> <span class='ocrx_word' id='word_1_744' title='bbox 3664 4730 3891 4797; x_wconf 63' lang='lat' dir='ltr'><strong>amovit</strong></span> 
     </span>
    </p>
   </div>
   <div class='ocr_carea' id='block_1_108' title="bbox 2236 4813 3888 4885">
    <p class='ocr_par' dir='ltr' id='par_1_108' title="bbox 2236 4813 3888 4885">
     <span class='ocr_line' id='line_1_108' title="bbox 2236 4813 3888 4885; baseline 0.004 -19"><span class='ocrx_word' id='word_1_745' title='bbox 2236 4813 2622 4884; x_wconf 85' lang='lat' dir='ltr'><strong>dilﬂavitque,</strong></span> <span class='ocrx_word' id='word_1_746' title='bbox 2639 4816 2935 4885; x_wconf 86' lang='lat' dir='ltr'><strong>sapienter</strong></span> <span class='ocrx_word' id='word_1_747' title='bbox 2961 4831 3205 4871; x_wconf 89' lang='lat' dir='ltr'><strong>monens</strong></span> <span class='ocrx_word' id='word_1_748' title='bbox 3231 4816 3543 4872; x_wconf 78' lang='lat' dir='ltr'><strong>formidare</strong></span> <span class='ocrx_word' id='word_1_749' title='bbox 3558 4818 3670 4871; x_wconf 91' lang='lat' dir='ltr'><strong>vim</strong></span> <span class='ocrx_word' id='word_1_750' title='bbox 3693 4816 3888 4872; x_wconf 84' lang='lat' dir='ltr'><strong>homi-</strong></span> 
     </span>
    </p>
   </div>
   <div class='ocr_carea' id='block_1_109' title="bbox 2237 4902 3881 4976">
    <p class='ocr_par' dir='ltr' id='par_1_109' title="bbox 2237 4902 3881 4976">
     <span class='ocr_line' id='line_1_109' title="bbox 2237 4902 3881 4976; baseline 0.003 -20"><span class='ocrx_word' id='word_1_751' title='bbox 2237 4918 2376 4957; x_wconf 91' lang='lat' dir='ltr'><strong>num</strong></span> <span class='ocrx_word' id='word_1_752' title='bbox 2410 4907 2467 4957; x_wconf 92' lang='lat' dir='ltr'><strong>et</strong></span> <span class='ocrx_word' id='word_1_753' title='bbox 2502 4902 2597 4957; x_wconf 90' lang='lat' dir='ltr'><strong>Dei</strong></span> <span class='ocrx_word' id='word_1_754' title='bbox 2631 4918 2844 4958; x_wconf 88' lang='lat' dir='ltr'><strong>numen</strong></span> <span class='ocrx_word' id='word_1_755' title='bbox 2878 4920 2943 4958; x_wconf 91' lang='lat' dir='ltr'><strong>ac</strong></span> <span class='ocrx_word' id='word_1_756' title='bbox 2965 4902 3202 4976; x_wconf 87' lang='lat' dir='ltr'><strong>vigilem</strong></span> <span class='ocrx_word' id='word_1_757' title='bbox 3228 4904 3289 4960; x_wconf 91' lang='lat' dir='ltr'><strong>in</strong></span> <span class='ocrx_word' id='word_1_758' title='bbox 3322 4904 3543 4961; x_wconf 87' lang='lat' dir='ltr'><strong>scelera</strong></span> <span class='ocrx_word' id='word_1_759' title='bbox 3566 4905 3881 4961; x_wconf 88' lang='lat' dir='ltr'><strong>vindictam</strong></span> 
     </span>
    </p>
   </div>
   <div class='ocr_carea' id='block_1_110' title="bbox 2234 4990 3880 5067">
    <p class='ocr_par' dir='ltr' id='par_1_110' title="bbox 2234 4990 3880 5067">
     <span class='ocr_line' id='line_1_110' title="bbox 2234 4990 3880 5067; baseline 0.003 -22"><span class='ocrx_word' id='word_1_760' title='bbox 2234 4990 2440 5045; x_wconf 90' lang='lat' dir='ltr'><strong>audaci</strong></span> <span class='ocrx_word' id='word_1_761' title='bbox 2474 4991 2704 5046; x_wconf 85' lang='lat' dir='ltr'><strong>licentia</strong></span> <span class='ocrx_word' id='word_1_762' title='bbox 2748 5007 3022 5063; x_wconf 86' lang='lat' dir='ltr'><strong>spernere</strong></span> <span class='ocrx_word' id='word_1_763' title='bbox 3053 4992 3290 5048; x_wconf 88' lang='lat' dir='ltr'><strong>nonnisi</strong></span> <span class='ocrx_word' id='word_1_764' title='bbox 3333 4994 3463 5065; x_wconf 89' lang='lat' dir='ltr'><strong>ejus</strong></span> <span class='ocrx_word' id='word_1_765' title='bbox 3508 5010 3638 5051; x_wconf 91' lang='lat' dir='ltr'><strong>esse</strong></span> <span class='ocrx_word' id='word_1_766' title='bbox 3657 4994 3756 5067; x_wconf 91' lang='lat' dir='ltr'><strong>qui</strong></span> <span class='ocrx_word' id='word_1_767' title='bbox 3807 4993 3880 5050; x_wconf 89' lang='lat' dir='ltr'><strong>de</strong></span> 
     </span>
    </p>
   </div>
   <div class='ocr_carea' id='block_1_111' title="bbox 2230 5078 3877 5154">
    <p class='ocr_par' dir='ltr' id='par_1_111' title="bbox 2230 5078 3877 5154">
     <span class='ocr_line' id='line_1_111' title="bbox 2230 5078 3877 5154; baseline 0.004 -21"><span class='ocrx_word' id='word_1_768' title='bbox 2230 5096 2363 5135; x_wconf 87' lang='lat' dir='ltr'><strong>vere</strong></span> <span class='ocrx_word' id='word_1_769' title='bbox 2420 5078 2781 5135; x_wconf 82' lang='lat' dir='ltr'><strong>terribilibus</strong></span> <span class='ocrx_word' id='word_1_770' title='bbox 2838 5080 3090 5152; x_wconf 86' lang='lat' dir='ltr'><strong>pessime</strong></span> <span class='ocrx_word' id='word_1_771' title='bbox 3143 5081 3561 5153; x_wconf 90' lang='lat' dir='ltr'><strong>judicet,hinc</strong></span> <span class='ocrx_word' id='word_1_772' title='bbox 3635 5083 3877 5154; x_wconf 85' lang='lat' dir='ltr'><strong>quidem</strong></span> 
     </span>
    </p>
   </div>
   <div class='ocr_carea' id='block_1_112' title="bbox 2232 5168 3882 5241">
    <p class='ocr_par' dir='ltr' id='par_1_112' title="bbox 2232 5168 3882 5241">
     <span class='ocr_line' id='line_1_112' title="bbox 2232 5168 3882 5241; baseline 0.002 -18"><span class='ocrx_word' id='word_1_773' title='bbox 2232 5169 2411 5223; x_wconf 90' lang='lat' dir='ltr'><strong>stulte</strong></span> <span class='ocrx_word' id='word_1_774' title='bbox 2436 5168 2876 5239; x_wconf 89' lang='lat' dir='ltr'><strong>trepidus,inde</strong></span> <span class='ocrx_word' id='word_1_775' title='bbox 2908 5176 3258 5241; x_wconf 85' lang='lat' dir='ltr'><strong>praepostere</strong></span> <span class='ocrx_word' id='word_1_776' title='bbox 3288 5187 3556 5226; x_wconf 89' lang='lat' dir='ltr'><strong>securus.</strong></span> <span class='ocrx_word' id='word_1_777' title='bbox 3589 5173 3882 5236; x_wconf 72' lang='lat' dir='ltr'><strong>Quzecun-</strong></span> 
     </span>
    </p>
   </div>
   <div class='ocr_carea' id='block_1_113' title="bbox 2231 5255 3880 5330">
    <p class='ocr_par' dir='ltr' id='par_1_113' title="bbox 2231 5255 3880 5330">
     <span class='ocr_line' id='line_1_113' title="bbox 2231 5255 3880 5330; baseline 0.003 -21"><span class='ocrx_word' id='word_1_778' title='bbox 2231 5272 2344 5328; x_wconf 89' lang='lat' dir='ltr'><strong>que</strong></span> <span class='ocrx_word' id='word_1_779' title='bbox 2373 5255 2482 5310; x_wconf 90' lang='lat' dir='ltr'><strong>sibi</strong></span> <span class='ocrx_word' id='word_1_780' title='bbox 2517 5256 2748 5310; x_wconf 90' lang='lat' dir='ltr'><strong>demum</strong></span> <span class='ocrx_word' id='word_1_781' title='bbox 2776 5258 3064 5311; x_wconf 90' lang='lat' dir='ltr'><strong>terrorum</strong></span> <span class='ocrx_word' id='word_1_782' title='bbox 3098 5261 3329 5329; x_wconf 88' lang='lat' dir='ltr'><strong>spectra</strong></span> <span class='ocrx_word' id='word_1_783' title='bbox 3368 5273 3542 5330; x_wconf 89' lang='lat' dir='ltr'><strong>prave</strong></span> <span class='ocrx_word' id='word_1_784' title='bbox 3595 5257 3880 5314; x_wconf 82' lang='lat' dir='ltr'><strong>formido-</strong></span> 
     </span>
    </p>
   </div>
   <div class='ocr_carea' id='block_1_114' title="bbox 2228 5342 3878 5417">
    <p class='ocr_par' dir='ltr' id='par_1_114' title="bbox 2228 5342 3878 5417">
     <span class='ocr_line' id='line_1_114' title="bbox 2228 5342 3878 5417; baseline 0.001 -18"><span class='ocrx_word' id='word_1_785' title='bbox 2228 5344 2336 5399; x_wconf 91' lang='lat' dir='ltr'><strong>losi</strong></span> <span class='ocrx_word' id='word_1_786' title='bbox 2369 5343 2723 5414; x_wconf 83' lang='lat' dir='ltr'><strong>conﬁngant,</strong></span> <span class='ocrx_word' id='word_1_787' title='bbox 2751 5342 2978 5399; x_wconf 86' lang='lat' dir='ltr'><strong>divinas</strong></span> <span class='ocrx_word' id='word_1_788' title='bbox 3011 5344 3189 5400; x_wconf 85' lang='lat' dir='ltr'><strong>vereri</strong></span> <span class='ocrx_word' id='word_1_789' title='bbox 3229 5345 3386 5417; x_wconf 85' lang='lat' dir='ltr'><strong>leges</strong></span> <span class='ocrx_word' id='word_1_790' title='bbox 3407 5362 3602 5401; x_wconf 90' lang='lat' dir='ltr'><strong>veram</strong></span> <span class='ocrx_word' id='word_1_791' title='bbox 3633 5347 3878 5401; x_wconf 88' lang='lat' dir='ltr'><strong>demum</strong></span> 
     </span>
    </p>
   </div>
   <div class='ocr_carea' id='block_1_115' title="bbox 2228 5431 3876 5503">
    <p class='ocr_par' dir='ltr' id='par_1_115' title="bbox 2228 5431 3876 5503">
     <span class='ocr_line' id='line_1_115' title="bbox 2228 5431 3876 5503; baseline -0.001 -14"><span class='ocrx_word' id='word_1_792' title='bbox 2228 5431 2602 5489; x_wconf 88' lang='lat' dir='ltr'><strong>securitatem</strong></span> <span class='ocrx_word' id='word_1_793' title='bbox 2641 5446 2790 5485; x_wconf 90' lang='lat' dir='ltr'><strong>esse.</strong></span> <span class='ocrx_word' id='word_1_794' title='bbox 2826 5431 3127 5488; x_wconf 88' lang='lat' dir='ltr'><strong>Desineret</strong></span> <span class='ocrx_word' id='word_1_795' title='bbox 3183 5433 3364 5503; x_wconf 86' lang='lat' dir='ltr'><strong>igitur</strong></span> <span class='ocrx_word' id='word_1_796' title='bbox 3411 5450 3559 5488; x_wconf 87' lang='lat' dir='ltr'><strong>vana</strong></span> <span class='ocrx_word' id='word_1_797' title='bbox 3621 5434 3876 5489; x_wconf 78' lang='lat' dir='ltr'><strong>commi-</strong></span> 
     </span>
    </p>
   </div>
   <div class='ocr_carea' id='block_1_116' title="bbox 2225 5517 3884 5596">
    <p class='ocr_par' dir='ltr' id='par_1_116' title="bbox 2225 5517 3884 5596">
     <span class='ocr_line' id='line_1_116' title="bbox 2225 5517 3884 5596; baseline 0.001 -20"><span class='ocrx_word' id='word_1_798' title='bbox 2225 5520 2369 5576; x_wconf 92' lang='lat' dir='ltr'><strong>nisci</strong></span> <span class='ocrx_word' id='word_1_799' title='bbox 2401 5524 2456 5575; x_wconf 90' lang='lat' dir='ltr'><strong>et</strong></span> <span class='ocrx_word' id='word_1_800' title='bbox 2486 5517 2932 5588; x_wconf 88' lang='lat' dir='ltr'><strong>trepidationem</strong></span> <span class='ocrx_word' id='word_1_801' title='bbox 2963 5519 3198 5575; x_wconf 89' lang='lat' dir='ltr'><strong>inanem</strong></span> <span class='ocrx_word' id='word_1_802' title='bbox 3223 5522 3385 5590; x_wconf 87' lang='lat' dir='ltr'><strong>justo</strong></span> <span class='ocrx_word' id='word_1_803' title='bbox 3434 5524 3491 5575; x_wconf 88' lang='lat' dir='ltr'><strong>et</strong></span> <span class='ocrx_word' id='word_1_804' title='bbox 3521 5528 3728 5576; x_wconf 87' lang='lat' dir='ltr'><strong>saneto</strong></span> <span class='ocrx_word' id='word_1_805' title='bbox 3771 5520 3884 5596; x_wconf 71' lang='lat' dir='ltr'><strong>Dei</strong></span> 
     </span>
    </p>
   </div>
   <div class='ocr_carea' id='block_1_117' title="bbox 2225 5606 3883 5682">
    <p class='ocr_par' dir='ltr' id='par_1_117' title="bbox 2225 5606 3883 5682">
     <span class='ocr_line' id='line_1_117' title="bbox 2225 5606 3883 5682; baseline 0 -17"><span class='ocrx_word' id='word_1_806' title='bbox 2225 5614 2384 5665; x_wconf 89' lang='lat' dir='ltr'><strong>metu</strong></span> <span class='ocrx_word' id='word_1_807' title='bbox 2417 5606 2853 5678; x_wconf 84' lang='lat' dir='ltr'><strong>comprimeret.</strong></span> <span class='ocrx_word' id='word_1_808' title='bbox 2889 5607 3015 5663; x_wconf 64' lang='lat' dir='ltr'><strong>Haec</strong></span> <span class='ocrx_word' id='word_1_809' title='bbox 3047 5611 3105 5663; x_wconf 87' lang='lat' dir='ltr'><strong>et</strong></span> <span class='ocrx_word' id='word_1_810' title='bbox 3160 5607 3253 5663; x_wconf 91' lang='lat' dir='ltr'><strong>his</strong></span> <span class='ocrx_word' id='word_1_811' title='bbox 3317 5613 3710 5664; x_wconf 88' lang='lat' dir='ltr'><strong>consentanea</strong></span> <span class='ocrx_word' id='word_1_812' title='bbox 3741 5624 3883 5682; x_wconf 87' lang='lat' dir='ltr'><strong>gra-</strong></span> 
     </span>
    </p>
   </div>
  </div>
