4158 6280
289 399 403 455 625

1355 395 1450 447 DE
1495 393 1860 448 MICHAELE
1899 392 2338 450 PALJEOLOGO
2378 396 2508 449 LIB.
2552 399 2649 451 III.

3586 393 3692 446 626

291 525 527 591 ἐκεῖνον,
560 523 604 576 εἰ
637 519 778 576 ἄλλο
807 541 857 574 τι
889 517 1138 594 πράττοι,
1168 522 1268 583 τῆς
1309 521 1404 571 τοῦ
1457 519 1694 590 Χριστοῦ
1739 514 1945 587 ὁλομε-
1978 529 2029 592 Α
2061 520 2155 570 τοῦ
2186 518 2377 572 πάππα
2404 518 2492 572 καὶ
2522 523 2629 574 τῶν
2659 525 2755 576 τοῦ
2782 519 2992 591 πάππα,
3018 520 3108 576 καὶ
3135 520 3209 584 ὡς
3238 519 3394 574 αὐτοῖ
3422 522 3573 596 φαῖεν
3603 516 3688 588 ἂν,

295 612 446 673 λείας
481 613 558 673 ὡς
595 609 766 681 μέλος
799 609 1032 676 σεσηπὸς
1062 604 1170 675 ἤδη
1205 605 1294 659 καὶ
1327 604 1606 679 θεραπείαν
1652 604 1726 670 μὴ
1776 623 1948 678 προσ-

300 703 540 774 ιέμενον,
594 698 714 753 ἐπεὶ
758 696 894 771 ἔγνω
947 693 1322 769 προσκρούσας
1352 694 1379 746 6
1414 691 1668 767 βασιλεὺς
1723 690 1944 766 ἰσχυρο-

301 789 448 864 τέρῳ
473 792 582 842 τῶν
617 785 780 840 αὑτοῦ
831 782 1106 855 δυνάμεων
1157 782 1243 836 καὶ
1294 783 1367 844 ὡς
1411 781 1546 854 πρὸς
1576 784 1764 853 Κρῆτα
1807 799 1944 852 κρη-

295 879 440 946 τίζει
497 875 654 944 δῆθεν
703 875 796 928 τὸν
846 871 953 942 ἤδη
1008 872 1248 943 μαθόντα
1287 869 1382 931 τὰς
1414 868 1619 922 ἐκείνου
1651 869 1945 942 ὑπιχειρή-

303 987 416 1027 σεις
463 961 615 1037 (οὐδὲ
657 965 757 1039 γάρ
808 961 894 1016 ἐπὶ
939 960 1126 1032 μικρὸν
1178 956 1292 1012 οὐδ’
1333 956 1543 1011 ἐκείνου
1589 957 1814 1029 ἠρεμεῖν
1866 953 1946 1010 εά

300 1054 433 1116 τοὺς
486 1050 787 1128 λογισμοὺς
845 1053 880 1119 ἡ
927 1053 1023 1103 τοῦ
1066 1045 1256 1108 παιδὸς
1293 1044 1756 1116 Ἰωάννουέπῖτῇ
1793 1045 1942 1120 βασι-

300 1142 426 1213 λείᾳ
476 1141 824 1214 παρόρασις),
879 1137 1126 1211 πρύμναν
1175 1157 1234 1189 τε
1274 1135 1547 1210 κρούεται,
1603 1135 1665 1186 τὸ
1713 1137 1809 1186 τοῦ
1858 1132 1947 1186 Λό·

303 1253 431 1307 γου,
488 1230 576 1284 καὶ
636 1228 710 1291 ὡς
767 1228 909 1301 εἶχεν
975 1222 1264 1300 ἐφοδιάσας
1317 1225 1415 1291 τήν
1476 1219 1758 1276 δέσποιναν
1817 1225 1945 1276 ’Ἂν-

302 1306 400 1375 ναν
458 1317 544 1372 ἐπὶ
598 1318 668 1371 τὰ
724 1316 898 1370 οἰκεῖα
955 1315 1186 1385 πέμπειν
1219 1313 1469 1383 αἱρεῖται,
1503 1313 1586 1381 [Ρ.
1627 1312 1744 1381 123]
1797 1306 1942 1377 πλὴν

297 1408 384 1462 ἐπ’
437 1401 746 1478 ἀνταμοιϐῇ
802 1409 900 1458 τοῦ
957 1403 1103 1478 παρὰ
1173 1398 1427 1476 τάδελφῷ
1489 1398 1690 1468 ταύτης
1751 1399 1945 1475 Μαφρὲ

297 1497 679 1570 κατεχομένου
756 1492 1040 1566 Καίσαρος·
1123 1490 1233 1544 ἐκεῖ
1302 1490 1402 1564 γάρ
1473 1490 1525 1542 οἱ
1583 1490 1610 1542 6
1686 1489 1942 1561 πενθερὸς

293 1584 507 1638 ἐκείνου
537 1580 771 1656 Μιχαὴλ
805 1582 832 1635 ὁ
863 1579 1126 1649 δεσπότης
1172 1583 1358 1632 τοῦτον
1404 1579 1672 1650 κρατήσας
1719 1576 1941 1648 ἐξέπεμ-

288 1676 413 1746 ψεν,
475 1673 548 1733 ὡς
605 1669 948 1745 προείρηται.
1006 1670 1129 1724 ’Ὁτι
1186 1665 1242 1720 δὲ
1294 1669 1492 1739 σκῆψις
1551 1668 1609 1734 ἢν
1665 1665 1850 1736 ἐκείνῳ
1879 1666 1940 1719 τὸ

292 1755 782 1834 προϐαλλόμενον,
812 1759 899 1812 καὶ
939 1757 1099 1829 μόνον
1129 1750 1327 1823 ἔρωτος
1360 1753 1609 1829 θεραπεία
1633 1753 1721 1807 καὶ
1754 1753 1814 1807 οὐ
1845 1758 1939 1808 τοῦ

2049 612 2148 672 τῆς
2174 605 2350 659 αὐτῶν
2385 607 2724 677 Ἐκκλησίας.
2758 607 2900 665 Οὐδὲ
2927 610 3026 685 γάρ
3077 605 3372 664 ἐϐούλοντο
3400 607 3535 661 κατᾶ
3562 604 3690 665 τοὺς

2053 692 2258 755 ἄλλους
2306 697 2394 749 καὶ
2442 695 2593 750 αὐτοὶ
2643 697 2903 761 εὐπειθεῖν
2955 719 3012 752 τε
3042 697 3129 752 καὶ
3173 693 3690 756 ὑποκατακλίνεσθαι

2052 784 2166 836 καθ’
2224 784 2252 836 ὅ
2307 805 2357 838 τι
2419 782 2561 857 λέξοι
2613 785 2702 839 καὶ
2758 786 2950 858 πράξοι
3009 788 3163 853 ὁτῆς
3197 783 3518 854 Ἐκκλησίας
3548 783 3692 837 ἐπει-

2055 870 2359 942 λημμένος,
2391 871 2516 925 ἀλλ’
2575 873 2902 945 αὐτονόμοις
2960 873 3168 948 χαίρειν
3222 875 3418 947 ὁρμαῖς
3476 871 3564 926 καὶ
3597 869 3690 925 οὕ-

2051 979 2158 1022 τως
2212 959 2297 1014 ἐπὶ
2333 960 2585 1022 Σικελίας
2618 961 2705 1015 καὶ
2753 966 2860 1015 τῶν
2895 961 3045 1024 ἐκτὸς
3087 963 3183 1030 τὴν
3233 961 3412 1034 ἀρχὴν
3443 959 3687 1014 διοικεῖν.

2050 1044 2416 1122 Ὑϐριοπαθῶν
2453 1048 2498 1104 δ’
2529 1053 2556 1105 ὁ
2596 1049 2818 1112 πάππας
2863 1050 3000 1125 πρὸς
3029 1055 3212 1119 ταῦτα,
3247 1050 3418 1125 εὑρὼν
3454 1047 3692 1123 δραστή-

2053 1159 2164 1213 ριον
2219 1138 2404 1213 ἄνδρα,
2464 1138 2694 1218 ἀδελφὸν
2745 1141 2915 1216 ῥηγὸς
2965 1145 3074 1196 τῶν
3125 1142 3507 1216 Φραντζίσκων
3566 1135 3691 1194 ὄντα

2051 1228 2139 1282 καὶ
2198 1227 2271 1289 εἷς
2318 1226 2538 1289 κόντους
2584 1229 3046 1302 τετάγμένονῚὸν
3080 1227 3387 1300 Κάρουλον,
3434 1227 3526 1280 τὸν
3571 1227 3686 1280 κατ’

2051 1315 2264 1370 ἐκείνων
2322 1317 2395 1377 ὡς
2456 1313 2614 1385 δῆθεν
2673 1315 2987 1371 ἀποστατῶν
3047 1316 3335 1391 ἐγχειρίζει
3391 1314 3687 1387 πόλεμον,

2049 1405 2204 1473 τάξας
2259 1403 2460 1458 ἐκεῖνον
2497 1450 2510 1475 ,
2572 1405 2647 1468 εἷς
2702 1407 2800 1474 τὴν
2860 1405 3034 1460 αὐτῶν
3089 1406 3247 1481 ῥῆγα,
3295 1405 3384 1460 καὶ
3442 1403 3685 1474 πόλεμον

2050 1490 2306 1563 ἐμϐαλὼν
2356 1492 2580 1554 ἐκείνοις
2626 1491 2862 1547 ἐντεῦθεν
2919 1496 3218 1566 ἀκήρυκτον
3264 1496 3344 1567 1P.
3395 1495 3516 1564 124]
3564 1495 3687 1551 Πῶς

2049 1579 2138 1635 οὖν
2190 1582 2241 1634 οἱ
2271 1580 2426 1634 τόσον
2462 1579 2844 1657 διαφερόμενοι
2874 1583 3007 1655 πρὸς
3047 1583 3138 1637 τὸν
3190 1580 3472 1650 Κάρουλον
3522 1581 3688 1653 ὁμαι-

2048 1675 2211 1744 χαεῖν
2267 1670 2400 1741 μετὰ
2446 1675 2542 1723 τοῦ
2596 1669 2869 1744 βασιλέως
2919 1668 3152 1743 ἔμελλον
3203 1673 3463 1738 πώποσε;
3493 1672 3686 1740 "Opto:

2045 1761 2105 1814 τὸ
2161 1757 2538 1832 μελετώμενον
2585 1759 2950 1832 ἀπεκρούσθη,
2998 1760 3087 1814 καὶ
3133 1762 3161 1815 6
3215 1760 3466 1835 βασιλεὺς
3499 1755 3681 1831 ἔμενεν

286 1853 481 1904 κοινοῦ
512 1849 846 1924 προμήθεια,
895 1848 921 1899 ὁ
969 1850 1075 1899 τῶν
1126 1845 1460 1918 πραγμάτων
1513 1841 1670 1905 εἰδὼς
1699 1839 1935 1915 ἀκριϐῶς
1971 1891 2018 1955 Β
2048 1848 2134 1903 ἐπὶ
2183 1850 2387 1920 τρόπου
2430 1849 2518 1902 καὶ
2564 1849 2630 1902 τὰ
2680 1849 2846 1909 αὐτοῦ
2905 1849 3154 1924 ἔπραττε.
3203 1852 3279 1903 Τὰ
3337 1849 3382 1904 δ’
3438 1851 3574 1917 ἦσαν
3621 1848 3684 1902 τὸ

340 1940 353 1955 ε
507 1935 526 1955 Ἴ
553 1937 561 1954 Ι
827 1934 847 1955 Ἴ
939 1934 982 1955 Iv
2053 1939 2080 1955 Λ
2157 1937 2176 1955 Χ
2205 1939 2217 1955 \
2321 1939 2333 1955 ο
2430 1939 2441 1955 1
2644 1937 2654 1955 ἱ
2769 1936 2794 1954 ν
3149 1939 3173 1955 υ
3362 1939 3375 1955 ιι
3522 1937 3567 1955 In

285 1940 394 2007 τὴν
437 1935 671 2011 μελέτην
706 1934 1092 2010 συνελογίζετο.

385 2103 455 2166 η’.
497 2097 572 2150 Τὰ
612 2095 745 2150 κατά
781 2090 1143 2170 τὸν-ἀδελφὸν
1186 2093 1522 2170 ᾋννηςπῆς
1564 2089 1856 2162 δεσποίνης

728 2165 919 2242 Μαφρὲ
956 2161 1172 2219 καὶ’τὸν
1217 2161 1514 2236 Κάρουλον.

369 2297 434 2351 Ἡ
466 2296 569 2369 γὰρ
601 2298 763 2351 Ἀννα
795 2291 1132 2367 Φρεδερίχου
1183 2293 1280 2365 μὶν
1322 2292 1388 2360 ἦν
1435 2290 1696 2365 θυγάτηρ,
1752 2291 1940 2365 Mazippa

291 2381 342 2438 δ’
376 2380 714 2457 αὐταδέλφη,
735 2381 808 2442 ὡς
842 2382 869 2435 ὁ
893 2380 1056 2455 λόγος
1077 2381 1279 2457 φθάσας
1302 2377 1598 2452 ἐδήλωσεν,
1621 2380 1935 2434 ἀποστατῶν

292 2583 478 2636 vitate
508 2579 608 2634 tali
645 2596 889 2650 persona
940 2579 1118 2650 digna
1156 2584 1486 2634 monentem
1520 2579 1936 2649 patriarcham,

293 2671 570 2740 clareque
622 2667 864 2738 insuper
893 2667 1216 2722 minantem
1269 2683 1396 2722 sese
1445 2667 1634 2737 illum,
1667 2669 1715 2722 si
1767 2685 1938 2740 porro

302 2759 562 2829 cogitata
593 2760 976 2828 promoveret,
1009 2773 1039 2811 e
1069 2756 1280 2811 Christi
1312 2773 1549 2828 corpore
1581 2756 1736 2811 velut
1767 2774 1942 2812 mem-

308 2849 487 2901 brum
522 2845 811 2916 putridum
845 2849 902 2899 et
957 2844 1310 2899 curationem
1346 2861 1623 2916 respuens
1646 2845 1940 2900 abscissu-

310 2950 474 3001 rum,
507 2933 777 2988 reveritus
809 2932 1144 3003 imperator,
1177 2938 1278 2987 aut
1311 2933 1501 2998 potius
1540 2934 1820 2988 confusus
1849 2934 1943 2987 de-

327 3022 613 3094 prehensa
642 3023 826 3091 turpis
855 3022 970 3077 voti
1006 3023 1380 3091 conscientia,
1421 3031 1813 3094 eventumque
1845 3025 1944 3076 de-

315 3128 563 3183 sperans
596 3111 762 3182 cmpti
817 3110 1090 3165 facultate
1131 3111 1306 3182 (quod
1358 3128 1485 3165 sero
1534 3112 1840 3174 sentiebat)
1889 3116 1945 3166 et

309 3201 539 3254 viribus
561 3200 901 3270 superioris,
937 3201 1174 3270 insuper
1201 3204 1466 3254 metuens
1500 3215 1570 3253 ne
1601 3205 1818 3254 veteres
1853 3217 1945 3270 pa-

2053 1937 2254 2012 βουλάς
2315 1939 2553 2016 ὑφαίνειν
2609 1937 2698 1992 σὺν
2759 1936 3065 2014 ἄρχουσιν,
3145 1939 3292 2000 ὅπως
3352 1937 3687 2006 ἆνακτίζοιτο

2053 2027 2148 2097 μὶν
2206 2031 2240 2096 ἡ
2298 2026 2461 2086 πόλις
2518 2025 2606 2081 διὰ
2660 2027 2869 2102 ταχέων
2916 2026 2998 2081 ἐπ’
3030 2025 3224 2098 ἀδήλῳ
3280 2031 3357 2098 τῷ
3405 2026 3457 2081 τί
3487 2026 3688 2084 Ἰταλοὶ

2050 2123 2298 2193 φρονοῖεν
2330 2115 2452 2190 περί
2484 2117 2650 2184 αὐτῆς
2680 2115 2819 2190 (δέος
2860 2116 2962 2190 γὰρ
3000 2118 3074 2188 μὴ
3126 2117 3341 2193 ἀφανῶς
3372 2115 3686 2188 ἐπιθοῖντο),

2048 2205 2197 2267 ὅπως
2253 2202 2312 2259 δὲ
2366 2205 2672 2282 φυλαχθείη
2730 2203 3027 2276 Ῥωμαίοις
3075 2205 3401 2259 ἐπιστάντων
3445 2203 3686 2271 ἐκείνων,

2046 2294 2136 2348 καὶ
2186 2295 2260 2367 μὴ
2311 2295 2559 2370 φανέντες
2595 2293 2878 2371 λαφύξαιεν
2912 2295 2984 2354 ὡς
3040 2292 3091 2364 ἐξ
3146 2295 3383 2369 ἀνάγκης
3432 2293 3686 2369 κραταιό-

2042 2404 2196 2456 τερον
2255 2382 2554 2454 ἐπιθέμενοι
2597 2426 2610 2441 .
2670 2381 2804 2436 Οὐδὲ
2860 2382 2961 2456 γὰρ
3013 2384 3236 2457 ἠρεμεῖν
3293 2382 3420 2436 οὐδὲ
3493 2382 3684 2458 μικρὸν

2048 2599 2113 2636 ac
2141 2581 2370 2651 placitis
2394 2582 2756 2637 moderantis
2779 2580 3092 2637 Ecclesiam
3115 2580 3401 2651 volebant,
3431 2583 3531 2637 sed
3556 2583 3692 2636 affe-

2049 2671 2285 2726 ctabant
2307 2671 2790 2742 usurpabantque
2822 2670 3041 2726 nemini
3062 2670 3373 2726 obnoxiam
3396 2671 3691 2726 licentiam

2048 2760 2256 2829 agendi
2287 2765 2334 2814 el
2363 2759 2660 2813 statuendi
2685 2764 2857 2828 prout
2886 2759 3110 2820 liberet,
3135 2775 3200 2812 ac
3223 2758 3304 2812 sic
3328 2764 3441 2812 tam
3469 2759 3527 2813 in
3552 2758 3692 2814 Sici-

2050 2848 2130 2902 lia
2148 2864 2319 2916 quam
2341 2854 2618 2916 extrema,
2641 2846 2811 2917 pleno
2827 2851 2883 2900 et
2901 2847 3124 2900 nullum
3148 2851 3494 2917 agnoscente
3516 2863 3580 2900 su
3594 2863 3688 2917 pe-

2052 2937 2260 2992 riorem
2293 2936 2576 3003 dominio,
2609 2953 2866 3006 regnare.
2910 2939 3168 3002 Quarum
3228 2935 3684 2990 intolerabilium

2052 3026 2400 3095 injuriarum
2428 3030 2635 3079 nactus
2662 3041 2810 3095 papa
2845 3025 3120 3079 idoneum
3145 3023 3391 3079 ultorem
3417 3024 3685 3078 Carolum

2055 3117 2288 3170 fratrem
2308 3113 2460 3182 regis
2481 3114 2852 3178 Francorum,
2878 3130 2943 3166 ex
2960 3117 3262 3167 contorum
3278 3112 3686 3167 sivecomitum

2053 3203 2276 3265 ordine,
2309 3203 2495 3256 virum
2541 3207 2869 3271 strenuum,
2903 3201 3054 3256 bello
3103 3217 3236 3256 eum
3269 3201 3528 3271 prtefecit
3571 3200 3686 3256 illis
3766 3211 3770 3220 ‘

305 3288 577 3344 triarchae
611 3289 666 3342 in
717 3305 778 3342 se
808 3288 1157 3342 offensiones
1185 3288 1258 3342 ob
1290 3293 1548 3343 amotum
1588 3289 1662 3343 ab
1711 3289 1941 3359 imperii
1972 3325 2013 3390 Ο
2054 3290 2230 3345 veluti
2268 3288 2582 3343 rebellibus
2607 3293 2659 3342 et
2692 3290 2972 3358 apostatis
2997 3287 3237 3355 indicto,
3269 3303 3512 3358 regnum
3540 3287 3687 3359 ipsis

301 3378 550 3449 collegio
581 3378 865 3432 Joannem
902 3377 1220 3441 refricaret,
1253 3394 1319 3431 ac
1337 3382 1486 3431 clare
1510 3379 1740 3432 tandem
1776 3377 1942 3431 intel-

301 3465 495 3538 ligens
529 3468 744 3519 frustra
776 3481 836 3518 se
867 3465 1061 3518 fucum
1095 3465 1528 3536 perspicacibus
1560 3466 1710 3521 185
1755 3468 1940 3520 facere

304 3557 584 3611 conatum
614 3556 954 3623 erumpente
983 3553 1040 3606 in
1075 3553 1341 3607 notitiam
1365 3553 1513 3608 male
1544 3558 1695 3608 tecta
1717 3554 1938 3620 fraude,

306 3643 644 3711 remigium,
679 3648 744 3694 ut
773 3642 857 3696 sic
879 3641 1106 3712 loquar,
1136 3641 1410 3708 inhibuit,
1443 3649 1497 3697 et
1519 3645 1684 3713 quasi
1712 3659 1746 3698 a
1767 3659 1942 3698 cursu

305 3738 527 3788 temere
558 3729 724 3784 initio
755 3746 816 3784 se
848 3730 1170 3801 reprimens
1201 3730 1487 3798 incubuit,
1522 3731 1674 3801 quod
1710 3731 1941 3798 dicitur,

300 3823 363 3876 in
393 3835 657 3892 porram,
692 3825 842 3873 retro
873 3818 1082 3874 cessim
1107 3819 1365 3886 nitendo,
1398 3836 1546 3874 novo
1585 3820 1850 3874 videlicet
1880 3837 1946 3873 ex

307 3926 371 3965 re
401 3914 570 3979 capto
630 3907 892 3976 consilio,
952 3907 1284 3961 dimittendi
1318 3909 1387 3961 ad
1441 3925 1546 3962 sua
1571 3909 1800 3979 ecpioso
1859 3909 1946 3960 in-

306 4001 596 4053 structam
630 3996 836 4051 viatico
869 3995 1161 4050 dominam
1187 3997 1432 4065 Annam,
1459 4000 1729 4050 caeterum
1758 4001 1948 4066 postu-

309 4088 443 4141 lans
474 4103 605 4139 eum
641 4101 708 4139 ea
741 4083 1063 4154 permutari
1095 4089 1152 4138 et
1173 4083 1427 4138 vicissim
1453 4084 1698 4139 liberum
1734 4085 1946 4139 dimitti

311 4175 604 4230 Caesarem
629 4172 780 4245 apud
808 4171 1167 4227 Maniredum
1190 4178 1369 4227 Anna:
1396 4174 1628 4228 fratrem
1653 4174 1946 4228 detentum

310 4280 383 4318 eo
416 4261 633 4333 quippe
666 4260 832 4315 illum
856 4279 889 4314 a
919 4277 980 4315 se
1012 4259 1162 4314 bello
1195 4266 1430 4332 captum
1467 4262 1596 4331 ejus
1627 4278 1792 4315 socer
1822 4262 1955 4315 des-

313 4359 458 4424 pota
489 4349 727 4404 Michael
760 4349 1089 4403 ducendum
1138 4355 1458 4417 curaverat,
1495 4355 1556 4403 ut
1586 4350 1804 4405 dictum
1845 4353 1954 4403 est.

315 4446 499 4495 Porro
532 4439 702 4492 istam
742 4438 814 4492 ab
847 4437 1192 4508 imperatore
1224 4443 1574 4495 ostentatam
1607 4437 1957 4494 sollicitudi-

317 4545 454 4584 nem
481 4529 835 4601 praecavendi
862 4544 931 4582 ne
954 4527 1183 4598 cognati
1206 4531 1380 4583 Annre
1402 4532 1677 4602 Augustae
1702 4545 1836 4584 cum
1859 4545 1959 4583 caa-

319 4619 465 4676 teris
506 4619 729 4674 Latinis
765 4619 1191 4689 conspirarent,
1223 4621 1366 4674 nihil
1399 4622 1510 4675 nisi
1543 4637 1752 4675 vanum
1787 4628 1843 4675 et
1875 4622 1958 4674 in-

2050 3383 2312 3448 ereptum
2342 3377 2425 3432 illi
2460 3378 2726 3433 tribuens
2758 3395 2934 3448 quam
2965 3377 3342 3448 optimojure
3369 3376 3682 3446 possiden-

2021 3469 2208 3534 dum,
2243 3466 2287 3518 si
2313 3484 2411 3521 eos
2439 3467 2488 3519 vi
2515 3474 2570 3521 et
2593 3469 2773 3521 armis
2801 3468 2932 3521 inde
2956 3466 3233 3537 pelleret;
3261 3467 3316 3520 id
3342 3467 3494 3538 quod
3516 3483 3682 3521 sum-

2050 3569 2147 3608 ma
2176 3569 2282 3623 cpe
2313 3558 2448 3606 tunc
2481 3569 2608 3608 cum
2645 3553 2892 3608 maxime
2925 3551 3018 3606 ille
3049 3553 3260 3607 ardens
3284 3553 3545 3623 nihilque
3569 3570 3684 3608 non

2051 3658 2290 3696 movens
2320 3641 2658 3695 conabatur.
2693 3642 2992 3706 Quodnam
3025 3657 3184 3711 ergo,
3215 3657 3433 3710 quaeso,
3465 3642 3687 3712 pericu-

2050 3729 2171 3783 lurn
2201 3733 2344 3792 erat,
2367 3744 2439 3782 ne
2470 3727 2564 3780 isti
2590 3729 2742 3782 186
2765 3746 2896 3783 cum
2921 3729 3120 3783 Carolo
3142 3728 3477 3783 communis
3499 3729 3555 3782 in
3581 3745 3686 3784 nos

2053 3816 2438 3888 expeditionis
2454 3816 2790 3870 societatem
2823 3815 3061 3885 inirent,
3077 3817 3317 3886 quicum
3333 3816 3687 3887 capitalibus

2056 3906 2356 3962 commissi
2389 3905 2536 3959 odiis
2569 3903 2927 3957 internecino
2958 3903 3111 3958 bello
3142 3905 3210 3957 de
3234 3908 3388 3958 statu
3413 3908 3471 3958 et
3501 3905 3689 3959 salute

2058 3994 2462 4050 dimicabant?
2494 3993 2554 4046 ln
2588 3993 2744 4046 hunc
2776 3991 3014 4045 modum
3046 3991 3157 4044 illae
3198 3992 3269 4045 de
3302 4009 3445 4046 novo
3487 3992 3690 4060 conju-

2059 4084 2150 4155 gio
2181 4080 2546 4150 imperatoris
2567 4080 2947 4149 cogitationes
2965 4085 3348 4146 evanuerunt,
3374 4079 3500 4149 ipso
3533 4082 3589 4132 in
3613 4079 3694 4132 of-

2059 4171 2188 4226 ﬁcio
2218 4172 2592 4241 permanente
2606 4184 2670 4222 ac
2691 4168 2758 4222 de
2779 4172 2982 4222 caetero
3002 4166 3224 4222 intento
3240 4168 3413 4222 rebus
3435 4167 3578 4222 suis.
3601 4169 3692 4222 In-

2060 4267 2304 4328 terquas
2323 4275 2353 4326 q
2367 4275 2447 4310 uae
2463 4263 2599 4310 tunc
2615 4258 2918 4327 urgebant,
2937 4254 3556 4310 erantdeliberationes
3572 4271 3697 4309 cre-

2061 4351 2164 4404 bro
2181 4345 2361 4401 abillo
2375 4345 2584 4400 habitae
2599 4362 2727 4400 cum
2761 4344 2964 4415 primis
2977 4360 3216 4399 suorum
3232 4345 3301 4397 de
3316 4343 3697 4398 restauranda

2065 4435 2504 4510 quamprimum
2541 4434 2700 4498 urbe,
2731 4435 2935 4502 sicque
2967 4433 3123 4487 omni
3162 4432 3560 4502 praesidiorum
3596 4448 3696 4502 ge-

2057 4538 2202 4581 ‘nere
2232 4530 2288 4579 et
2317 4523 2551 4578 intentae
2580 4520 2791 4592 vigiliae
2837 4523 3096 4576 custodia
3133 4520 3442 4586 firmanda,
3475 4525 3539 4573 ut
3567 4535 3693 4591 quaa

2069 4631 2278 4671 arcano
2310 4610 2637 4682 comparari
2670 4610 3000 4664 ferebantur
3015 4609 3080 4662 ad
3098 4625 3224 4661 eam
3240 4609 3696 4679 recuperandam

322 4708 699 4764 verisimilem
722 4716 1061 4779 praetextum
1087 4711 1266 4764 fuisse
1289 4712 1445 4765 vafra
1465 4710 1839 4765 simulatione
1860 4711 1955 4765 ob-
1995 4695 2036 4758 D
2071 4705 2360 4760 insidiosa?
2391 4701 2723 4755 ωοὶὶὶὶοηϐὃ
2759 4697 3116 4759 Latinorum.
3151 4696 3617 4767 quandocumque
3638 4696 3697 4750 in

322 4803 555 4854 tentum
603 4797 810 4853 vitioso
842 4801 1023 4855 amori
1055 4817 1166 4870 quo
1211 4799 1516 4870 ﬂagrabat,
1551 4799 1741 4870 palam
1774 4816 1952 4870 appa-

320 4889 441 4944 ruit
471 4894 692 4944 statum
725 4906 918 4945 rerum
952 4895 1091 4945 tunc
1119 4890 1445 4946 Italicarum
1467 4908 1535 4945 ex
1553 4907 1685 4946 vero
1718 4891 1954 4945 scienti-

319 4981 454 5035 bus.

313 5123 369 5175 8.
407 5122 480 5176 De
521 5124 698 5190 fratre
726 5121 965 5179 domina:
1007 5124 1180 5180 Anna?
1225 5122 1520 5192 illan/reda,
1554 5127 1603 5176 et
1635 5123 1701 5176 de
1741 5124 1953 5178 Carolo.

393 5244 724 5300 Fridericus
745 5244 896 5299 enim
922 5251 978 5300 et
999 5246 1612 5316 Manfredus,quorum
1640 5246 1803 5299 illum
1828 5246 1955 5314 qui-

321 5335 458 5389 dem
509 5334 688 5387 Annaa
722 5338 964 5403 patrem,
1000 5335 1152 5389 hunc
1183 5337 1416 5389 fratrem
1467 5334 1647 5389 fuisse
1678 5335 1956 5402 diximus,

323 5422 499 5479 ambo
535 5438 568 5475 a
599 5437 750 5492 papa
779 5425 834 5476 et
865 5439 1025 5492 papae
1048 5424 1311 5494 partibus
1339 5424 1690 5488 defecerant,
1714 5427 1768 5478 et
1801 5423 1956 5476 utibi

319 5511 748 5582 loquebantur,
799 5514 1280 5566 excommunicati
1315 5513 1385 5566 ab
1420 5512 1960 5582 Ecclesia_ipsorum

319 5617 467 5655 suas
499 5597 616 5653 sibi
669 5599 915 5654 seorsim
947 5615 1037 5654 res
1089 5599 1398 5656 habebant.
1448 5601 1572 5656 Non
1605 5600 1760 5655 enim
1812 5600 1965 5656 sicut

325 5686 521 5744 caeteri
556 5685 956 5756 obtemperare
979 5705 1043 5743 ac
1066 5705 1128 5743 se
1161 5689 1478 5759 morigeros
1511 5688 1966 5760 praeberejussis

2064 4795 2180 4848 vim
2200 4793 2550 4862 erupissent,
2566 4804 2841 4844 successu
2867 4785 3701 4841 frustrarentur.Timebantur

2066 4884 2220 4937 enim
2253 4880 2489 4936 occultae
2521 4882 2672 4932 artes
2703 4883 2757 4930 et
2788 4875 3177 4946 proditionum
3213 4875 3464 4928 fraudes.
3493 4875 3699 4945 Copia-

2065 4989 2128 5027 rn
2141 4988 2192 5025 m
2211 4985 2442 5040 quoque
2456 4982 2520 5022 ac
2537 4971 2872 5021 creterorum
2888 4968 3271 5035 apparatuum
3304 4962 3439 5018 belli
3457 4963 3700 5018 curaba-

2062 5063 2249 5127 tur,ut
2278 5062 2505 5114 tantum
2526 5060 2681 5111 esset
2708 5055 2776 5108 ad
2805 5069 3042 5108 manum
3075 5057 3360 5123 quantum
3395 5069 3543 5122 opus
3581 5057 3706 5108 erat

2066 5153 2135 5205 ad
2171 5148 2625 5221 prohibendum,
2659 5161 2729 5199 ne
2761 5143 2952 5198 statim
3005 5145 3176 5211 atque
3210 5141 3265 5195 in
3325 5145 3703 5211 conspectum

2070 5240 2228 5293 urbis
2261 5238 2513 5292 venisset
2542 5231 2928 5289 formidabilis
2965 5229 3080 5294 ille,
3115 5245 3288 5300 quem
3324 5232 3528 5284 famae
3584 5233 3708 5283 erat
3748 5274 3751 5278 .

2069 5327 2362 5391 adornari,
2386 5323 2673 5380 exercitus
2695 5320 3123 5383 ltalorum,eam
3146 5316 3610 5384 absorberet,sed
3635 5319 3705 5370 ab

2067 5417 2234 5471 illoru
2249 5409 2708 5483 mgquantumvis
2729 5405 3172 5464 vehementibus
3195 5404 3597 5460 defenderetur
3614 5405 3705 5458 in-

2071 5505 2324 5560 sultibus
2347 5509 2400 5554 et
2425 5501 2683 5554 Romano
2707 5495 2950 5567 imperio
2974 5497 3315 5548 servaretur.
3352 5493 3708 5562 Frcquentes

2074 5609 2242 5664 porro
2259 5587 2657 5644 memorabant
2680 5585 2865 5640 nuntii
2890 5581 3045 5637 haud
3070 5596 3297 5635 cessare
3325 5579 3442 5635 ulla
3463 5581 3520 5634 in
3548 5585 3707 5651 parte

2080 5680 2276 5748 Italos,
2293 5678 2391 5733 sed
2409 5677 2466 5730 in
2482 5673 2864 5746 expeditionis
2884 5679 3166 5746 apparatu
3183 5669 3400 5740 duplici
3414 5671 3564 5725 totos
3581 5683 3709 5724 esse
