4162 6292
400 290 506 344 627

1697 296 2001 353 GEORGII
2037 296 2499 353 PACHYMERB

3678 300 3789 354 628

393 411 684 481 ἠκούοντο,
715 410 861 467 ἀλλὰ
891 414 1083 467 στόλον
1120 416 1373 488 μέγιστον
1402 416 1507 469 ἀπὸ
1547 422 1650 489 γῆς
1700 417 1787 469 καὶ
1838 412 2031 469 θαλάσ-
2062 417 2118 482 Α
2146 416 2340 470 ἱκανῶν
2398 417 2472 479 εἰς
2521 416 2785 492 γεωργίαν
2830 422 2937 473 τῶν
2988 418 3257 494 ἀρουρῶν,
3312 417 3448 473 ὅπου
3494 419 3551 473 ἂν
3600 418 3787 489 εἷήσαν

394 521 493 570 σης
521 499 657 554 κατὰ
683 507 784 569 τῆς
816 502 1030 563 πόΑεως
1064 501 1425 577 ἐξαρτύεσθαι.

393 619 454 673 θ’.
514 617 701 694 ’Όπως
760 616 992 694 σανίσινΔ
1025 619 1350 694 ἀνυψοῦντο.
1394 618 1460 673 τὰ
1513 620 1649 694 προς
1701 623 1769 692 τῇ
1831 618 2031 694 θαλάσ-

466 710 530 760 σῃ
584 686 763 764 τείχη,
822 690 913 742 καὶ
970 686 1058 743 διά
1106 686 1185 746 τ’ί.
1253 690 1357 744 Καὶ
1417 686 1565 764 περί’
1600 686 1910 763 ἑτοιμασίας
1938 694 2033 744 τοῦ

469 758 758 833 βασιλέως.

465 855 672 912 Ἐδόκει
720 862 848 931 γοῦν
907 858 1042 931 πρὸς
1106 860 1173 912 τά
1246 860 1588 933 παραστάντα
1662 857 1751 913 διὰ
1822 859 2033 933 ταχέων

394 947 627 1019 ἇνυψοῦν
687 947 753 999 τὰ
800 946 958 1021 τείχη
990 950 1091 1011 τῆς
1123 945 1361 1013 πόλεως,
1412 949 1498 1001 καί
1536 945 1748 1019 μᾶλλον
1804 948 1869 1001 τα
1899 948 2035 1021 πρὸς

388 1038 457 1107 τῇ
510 1034 767 1107 θαλάσσῃ,
819 1032 850 1087 ἃ
900 1033 965 1101 δὴ
1017 1034 1103 1088 καὶ
1156 1034 1420 1109 χθαμαλᾶ
1468 1036 1622 1103 ἦσαν·
1666 1036 1892 1095 εῗκὸτως
1943 1046 2033 1096 01-

384 1122 884 1197 λασσοκρατοῦντος
965 1122 1087 1176 τότε
1170 1127 1266 1176 τοῦ
1345 1124 1577 1197 πρώτως
1662 1122 2034 1196 ἀνεγείραντος

388 1211 792 1267 Κωνσταντίνου
838 1216 932 1263 τοῦ
983 1210 1089 1284 οὐχ
1118 1212 1281 1277 ἧττον
1332 1213 1393 1265 τὸ
1437 1207 1594 1272 σέϐας
1627 1211 1661 1279 ἢ
1692 1212 1786 1271 τὰς
1819 1210 2037 1285 πράξεις

394 1298 693 1374 μεγίστου,
751 1296 1165 1373 κατεπείγοντος
1220 1298 1276 1353 δὲ
1327 1304 1422 1353 τοῦ
1475 1304 1707 1374 καιροῦ,
1763 1298 1881 1353 ἐπεὶ
1941 1298 2038 1352 οὐκ

392 1386 572 1461 ἔχοιεν
626 1387 847 1461 πέτραις
884 1387 973 1440 σὺν
1023 1390 1223 1459 τιτάνῳ
1270 1389 1368 1456 τὴν
1416 1386 1843 1459 ἀνοικοδόμησιν
1892 1386 2033 1440 ἐκτε-

392 1474 529 1544 λεῖν,
587 1476 799 1547 μόσυσι,
830 1474 1001 1528 σανίσι
1031 1475 1312 1537 πλατείαις
1356 1476 1444 1529 καὶ
1497 1476 1788 1549 ἐπιμήκεσι
1835 1474 1925 1529 σὺν
1958 1479 2036 1545 τῷ

388 1565 477 1618 καὶ
512 1560 767 1638 στιϐαράς
817 1564 951 1636 πρὸς
1003 1564 1066 1617 τὸ
1113 1570 1232 1627 ταῖς
1263 1563 1547 1639 ἐπιφοραῖς
1600 1565 1844 1638 ἀντέχειν
1882 1564 2034 1629 εἶναι,

387 1652 513 1714 τούς
560 1673 618 1707 τε
664 1652 900 1726 πύργους
949 1652 1036 1705 καὶ
1085 1653 1150 1705 τά
1203 1652 1363 1727 τείχη
1424 1656 1800 1725 προσανοψοῦν
1835 1695 1849 1721 ,
1898 1652 2033 1727 πρὸς

2137 503 2290 558 αὗται
2321 506 2409 559 καὶ
2440 508 2565 581 παρ’
2622 508 2693 560 ὧν
2751 509 3094 581 κατέχοιντο,
3142 513 3248 561 τῶν
3299 506 3445 568 ἐντὸς
3497 505 3639 583 λέγω
3685 518 3785 578 τῆς

2137 592 2373 665 πόλεως,
2423 594 2619 655 αὐτοὺς
2670 601 2928 670 γεωργεῖν
2985 590 3129 670 ἔχεὶν
3180 600 3431 657 νεοῦντας
3486 598 3576 650 καὶ
3635 600 3786 653 σπεί-

2140 702 2330 755 ροντας
2390 682 2477 736 καὶ
2539 683 2885 755 θερίζοντας,
2942 684 3016 745 ὡς
3065 683 3197 737 εἶναι
3256 684 3344 737 καὶ
3402 688 3518 745 τοῖς
3578 686 3786 765 ἀνθρώ-

2138 791 2261 831 ποις
2295 772 2535 844 αύτοίρκη
2586 773 2815 848 τροφὴν,
2852 775 2932 844 [Ρ.
2969 775 3089 844 125]
3135 773 3271 845 πρὸς
3318 776 3394 842 τῷ
3444 772 3533 825 καὶ
3583 774 3783 847 ταρίχη

2138 861 2567 932 προεισαχθῆναι
2600 864 2759 913 τοῦτο
2802 861 2897 931 μέν
2948 860 2998 930 ἐξ
3036 860 3187 914 ὑείων
3222 864 3392 933 κρεῶν
3441 865 3607 915 τοῦτο
3642 859 3697 915 δέ
3727 883 3789 935 γε

2140 945 2227 998 καὶ
2259 944 2318 998 ἐκ
2362 947 2457 998 τού
2502 950 2609 999 τῶν
2662 941 2949 1018 προϐάτων
2992 945 3284 1020 γάλακτος,
3335 947 3422 999 καὶ
3455 948 3618 1020 χιλὸν
3671 954 3785 1008 τοῖς

2138 1034 2331 1095 ἳπποις
2364 1036 2818 1108 προσαπομένειν,
2852 1034 2984 1087 εἶναι
3016 1031 3071 1087 δὲ
3122 1026 3211 1087 καὶ
3260 1040 3591 1109 γεωργοῦσιν
3642 1034 3786 1098 ἐντὸς

2140 1122 2206 1175 τὰ
2263 1121 2313 1181 ἐς
2371 1123 2575 1199 τροφὴν
2656 1122 2997 1195 ἀνθρωπίνην
3054 1126 3158 1174 τῶν
3218 1122 3368 1189 ζώων
3447 1122 3497 1191 ἐξ
3552 1123 3786 1196 ἀνάγκης

2141 1210 2550 1283 περιγινόμενα,
2600 1212 2673 1273 ὡς
2713 1212 2922 1286 τρέφειν
2981 1211 3185 1264 ἱκπνως
3247 1209 3455 1284 ἔχουσι.
3520 1208 3793 1285 ﬂammai-

2147 1320 2285 1370 ματα
2335 1296 2391 1352 δὲ
2440 1297 2498 1351 ἐκ
2545 1298 2737 1373 βοείων
2793 1296 3073 1372 δερμάτων
3116 1304 3235 1359 ταῖς
3270 1297 3470 1353 σανίσιν
3525 1298 3793 1364 ἐπιτεθεῖ-

2144 1388 2285 1456 σθαι,
2339 1387 2413 1458 μὴ
2462 1388 2547 1439 καὶ
2602 1390 2707 1460 πῦρ
2763 1386 3075 1446 ἐναύσαντες
3115 1384 3380 1440 ἐκκαίοιεν
3414 1388 3465 1439 o't
3498 1387 3785 1460 πολέμιοι.

2142 1476 2221 1530 Τὰ
2255 1475 2348 1545 μὲν
2400 1472 2489 1527 οὖν
2531 1478 2636 1528 τῶν
2672 1472 2900 1528 σανίδων
2951 1473 3026 1535 εἷς
3058 1475 3208 1549 ἔργον
3243 1469 3420 1543 ἐξέϐη,
3469 1475 3558 1529 καὶ
3589 1476 3785 1551 πύργοι

2148 1563 2241 1634 μὲν
2287 1562 2359 1623 ὡς
2410 1563 2493 1615 ἐπὶ
2539 1568 2682 1634 τρεῖς
2716 1564 3010 1634 ἀνυψοῦντο
3047 1564 3271 1635 πήχεις,
3303 1561 3463 1636 τείχη
3500 1561 3557 1616 δέ
3587 1563 3786 1619 ἀναλό-

2141 1671 2251 1723 γως
2299 1655 2414 1713 τοῖς
2455 1651 2680 1724 πύργοις
2708 1652 2805 1717 τὴν
2836 1646 2999 1719 αὔξην
3035 1645 3367 1721 ἐλάμϐανον
3416 1652 3481 1704 τά
3512 1648 3569 1705 δὲ
3618 1650 3783 1707 λοιπᾶ

393 1739 450 1795 δέ
519 1762 579 1813 γε
627 1740 689 1794 τὸ
757 1740 1038 1814 αὐτάρκως
1095 1737 1239 1814 ἔχειν
1307 1745 1414 1795 τῶν
1491 1740 1817 1810 ἀνθεξόντων
1882 1738 2031 1801 ἐντὸς
2065 1764 2111 1827 Β
2147 1740 2516 1811 ὑπερετίθεντο
2571 1741 2643 1799 ὡς
2693 1738 2778 1792 ἐπὶ
2830 1743 3026 1813 καιροῦ
3073 1741 3383 1813 πράξοντες.
3435 1742 3508 1795 Τὸ
3565 1739 3611 1795 δ’
3660 1741 3787 1796 ἐλα-

393 1831 607 1897 πλῆθος
671 1832 1012 1901 στρατιωτῶν
1067 1824 1253 1900 ἔξωθεν
1312 1829 1639 1900 εἶσοικίζειν,
1698 1828 1844 1896 πλὴν
1908 1827 2032 1882 ἐλα-

394 1921 541 1993 φρῶν
593 1916 667 1978 ὡς
720 1916 867 1978 ἐντὸς
922 1916 1189 1986 μενόντων
1221 1916 1306 1971 ἐπὶ
1339 1921 1435 1970 τοῦ
1464 1920 1561 1981 τῆς
1594 1916 1779 1990 μάχης
1811 1920 2025 1990 καιροῦ,

384 2008 446 2073 ἣν
507 2002 563 2058 δέ
616 2026 674 2059 τε
730 2002 841 2058 δέοι
894 2005 982 2058 καὶ
1042 2003 1148 2057 ἀπὸ
1177 2012 1279 2077 γῆς
1319 2004 1557 2081 ἐκφέρειν
1590 2004 1858 2077 πόλεμον,
1893 2006 2026 2057 εἶναι

383 2092 512 2155 τοὺς
585 2094 1061 2164 ὑποστησομένους
1133 2092 1190 2146 ἐκ
1273 2090 1685 2167 στρατευμάτων

390 2180 689 2256 βασιλικῶν
725 2225 739 2237 .
792 2180 865 2234 Τὰ
917 2178 975 2235 δέ
1030 2202 1093 2255 γε
1147 2188 1246 2250 τῆς
1301 2188 1511 2258 τροφῆς
1566 2181 1773 2247 αὐτοῖς,
1836 2181 1880 2235 εἰ
1938 2178 2022 2233 ἐπί

388 2272 652 2342 μήκιστον
709 2268 1069 2342 παραμένοιεν
1123 2272 1585 2343 προσκαθήμενοι,
1636 2268 1869 2341 ἑτοίμως
1917 2268 2021 2321 ἀπὸ

384 2365 483 2427 τῆς
543 2357 756 2421 πόλεως
812 2355 1232 2430 ἑτοιμάζεσθαι·
1302 2356 1658 2433 εἰσαχθέντων
1716 2358 1815 2433 γὰρ
1878 2359 2019 2431 βοῶν

1774 2090 1941 2167 μεγάλ
1950 2114 2021 2145 ων

395 2575 531 2613 nam
566 2562 623 2613 et
659 2557 904 2612 classem
938 2556 1311 2611 instruebant
1343 2556 1682 2624 maximam,
1716 2573 1841 2625 qua:
1882 2555 2030 2611 mari

394 2664 518 2703 rem
552 2651 799 2716 gereret,
849 2649 906 2700 et
936 2650 1268 2699 terrestrem
1302 2646 1617 2700 exercitum
1654 2644 2028 2715 praevalidum

400 2735 732 2801 armabant,
766 2750 877 2804 quo
911 2733 1049 2789 urbs
1083 2734 1472 2804 undecunque
1504 2737 1957 2805 oppugnaretur.

391 2851 445 2903 9.
484 2828 547 2906 Uti
574 2851 770 2904 mania
803 2849 959 2903 urbi:
990 2863 1114 2917 qua:
1140 2863 1293 2901 mare
1320 2852 1569 2917 spectant
1598 2852 1851 2917 suggestu
1875 2847 2032 2900 tabu-

465 2922 647 2975 larum
705 2924 872 2975 aucta
929 2919 1063 2987 sint,
1097 2926 1150 2972 ει
1202 2935 1367 2988 quam
1414 2920 1477 2973 ob
1507 2936 1756 2974 causam.
1807 2922 1943 2972 Tum
1971 2917 2034 2972 de

462 3000 658 3048 διετενο
689 2990 1037 3060 imperatoris
1064 2993 1359 3060 apparatu.

2146 1834 2301 1902 ιρροῖς
2350 1829 2456 1881 τῶν
2509 1828 2851 1899 στρατιωτῶν
2900 1827 3120 1895 οἰκίζειν
3176 1830 3274 1896 τὴν
3323 1829 3484 1883 πόλιν
3524 1830 3612 1884 καὶ
3664 1830 3786 1885 λίαν

2135 1913 2216 1968 ἐπ’
2272 1915 2507 1989 ἀνάγκης
2568 1919 2738 1989 εἶχεν,
2799 1917 2936 1969 ὅπου
2994 1937 3056 1990 γε
3114 1916 3203 1970 καὶ
3255 1915 3467 1971 Λάκωσι
3510 1916 3788 1981 πλείστοις

2134 2002 2350 2077 ὕστερον
2404 2003 2461 2057 ἐκ
2517 2008 2612 2057 τοῦ
2662 2005 2878 2077 Μορέου
2926 2004 3249 2080 ἀφιγμένοις
3307 2005 3626 2079 ἐπιμερίσας
3682 2009 3776 2062 τό·

2133 2111 2266 2152 πούς
2300 2090 2385 2144 ἐπὶ
2416 2098 2513 2159 τῆς
2547 2090 2761 2153 πόλεως
2807 2097 3038 2165 παρεῖχε
3082 2097 3352 2146 κατοικεῖν
3400 2093 3474 2156 ὡς
3502 2094 3772 2169 αὐτόχθο-

2133 2200 2206 2247 σι,
2266 2178 2354 2232 καὶ
2414 2174 2601 2254 ρόγαις
2659 2180 2897 2249 ἐτησίοις
2953 2178 3296 2253 δωρούμενος
3353 2182 3442 2236 καὶ
3499 2182 3776 2246 πλείστοις

2131 2264 2323 2329 ἄλλοις
2379 2266 2816 2343 φιλοτιμήμασιν
2874 2266 2961 2321 ἐπὶ
3036 2267 3273 2329 πολλοῖς
3331 2271 3417 2323 καὶ
3481 2270 3625 2334 ἐντὸς
3680 2273 3768 2326 καὶ

2129 2352 2281 2415 ἐκτὸς
2334 2352 2560 2427 ἐχρῆτο,
2611 2356 2683 2415 ὡς
2725 2354 2871 2425 ἀξίαν
2923 2348 3119 2429 τριϐὴν
3178 2354 3228 2408 ἐν
3261 2353 3532 2429 πολέμοις
3564 2356 3771 2432 ἔχουσι.

2138 2554 2431 2623 tendoque
2462 2554 2814 2609 conﬁcerent
2848 2556 3123 2613 frumenti
3155 2559 3307 2629 quod
3342 2563 3496 2613 esset
3526 2575 3675 2630 opus
3706 2560 3775 2614 ad

2140 2657 2433 2696 annonam
2466 2641 2522 2696 in
2558 2643 2699 2697 urbe
2731 2644 3093 2715 degentium,
3128 2648 3325 2702 addita
3356 2663 3530 2717 quam
3566 2648 3783 2719 pariter

2140 2730 2293 2783 intro
2325 2731 2557 2801 congeri
2590 2731 2833 2785 curabat
2862 2733 3028 2803 copia
3053 2750 3261 2803 magna
3292 2736 3636 2789 duratorum
3660 2735 3781 2790 sale

2142 2834 2208 2872 ac
2243 2819 2402 2872 furno
2436 2819 2506 2872 ad
2558 2818 2899 2873 diuturnam
2940 2822 3438 2877 conservationem
3492 2823 3779 2890 ciborum,

2143 2906 2354 2976 partim
2387 2923 2453 2960 ex
2484 2906 2675 2959 suillis
2726 2908 3023 2975 carnibus,
3060 2910 3271 2980 partim
3302 2926 3365 2965 ex
3413 2910 3581 2966 ovino
3614 2912 3783 2967 lacte.

2144 2994 2281 3048 Feni
2332 3010 2564 3064 quoque
2596 2993 2712 3048 vim
2746 2995 3038 3066 ingentem
3089 2998 3147 3051 in
3181 2999 3460 3068 pabulum
3494 3015 3778 3070 equorum

466 3089 669 3145 Visum
720 3088 901 3159 igitur
930 3091 1017 3141 est
1066 3086 1462 3141 necessarium
1495 3086 1564 3140 ad
1607 3085 2025 3140 occurrendum
2060 3080 2101 3147 C
2139 3082 2419 3152 reposuit,
2460 3098 2571 3136 non
2608 3082 2880 3138 defutura
2903 3084 3050 3155 ipsis
3083 3086 3354 3157 agricolis
3390 3089 3541 3142 intra
3580 3089 3782 3143 urbem

400 3178 760 3232 instantibus
808 3180 941 3230 ante
971 3173 1167 3229 omnia
1224 3188 1454 3227 summa
1486 3173 1780 3228 celeritate
1822 3174 2033 3228 mmnia

396 3266 562 3321 urbis
611 3263 896 3331 attollere,
941 3262 1257 3334 praesertim
1292 3278 1419 3332 quae
1464 3278 1621 3316 mare
1667 3262 2029 3332 spectabant,

394 3354 606 3425 quippe
638 3369 764 3423 quae
798 3351 1111 3405 humiliora
1140 3355 1327 3419 erant,
1350 3367 1415 3405 eo
1450 3351 1547 3419 qui
1567 3350 1851 3417 condidit,
1876 3351 2030 3421 quod

396 3441 544 3498 mari
575 3440 998 3503 dominaretur,
1034 3439 1261 3493 munire
1293 3437 1390 3492 illa
1423 3437 1763 3507 diligentius
1785 3454 1851 3493 ea
1873 3443 2033 3509 parte

398 3529 763 3601 superﬂuum
788 3532 932 3583 rate.
954 3528 1008 3583 Is
1040 3526 1603 3595 t'uitConstantinus,
1621 3543 1732 3581 non
1756 3526 2033 3597 religione

400 3620 599 3674 minus
630 3634 807 3688 quam
840 3616 1113 3671 civilibus
1146 3622 1201 3670 et
1233 3614 1455 3669 bellicis
1485 3616 1629 3669 actis
1662 3616 1913 3669 maxime
1944 3615 2035 3669 in-

403 3708 613 3777 clytus.
639 3706 780 3768 Quia
794 3722 925 3759 vero
941 3704 1230 3775 angustiis
1250 3704 1530 3774 temporis
1555 3704 1912 3775 urgebantur
1935 3719 2035 3757 nec

403 3802 579 3867 petra:
610 3799 667 3848 et
696 3793 822 3848 calx
843 3794 913 3847 ad
946 3810 1186 3847 manum
1209 3797 1394 3861 erant,
1424 3793 1639 3846 tabulis
1662 3792 1795 3846 latis
1825 3796 2037 3861 etprae-

400 3884 589 3953 longis
622 3883 712 3937 usi
743 3882 1031 3947 trabibus,
1065 3898 1212 3952 quas
1260 3880 1359 3935 ubi
1390 3880 1692 3935 deficiebat
1723 3880 2036 3934 summitas

411 3969 793 4042 depressioris
842 3969 1018 4035 muri,
1050 3968 1260 4023 validis
1307 3969 1553 4023 nexibus
1602 3966 1845 4022 aedificio
1885 3968 2031 4023 181

398 4060 575 4130 priori
608 4058 1073 4124 committebant,
1117 4062 1463 4128 suggestum
1498 4073 1721 4111 corona:
1755 4056 2037 4111 mmnium

398 4152 455 4202 et
484 4146 857 4218 surgentibus
880 4144 1294 4216 perintervalla
1318 4145 1581 4198 turribus
1598 4146 2036 4213 adstruxerunt,

397 4244 684 4305 quantum
716 4234 1013 4289 sufﬁceret
1042 4234 1112 4287 ad
1161 4234 1442 4303 tegendos
1474 4232 1632 4286 intus
1666 4232 2037 4302 defensores;

400 4340 652 4395 quorum
686 4338 757 4376 ne
788 4322 1015 4376 deesset
1038 4320 1223 4391 copia,
1258 4320 1395 4374 foris
1427 4319 1635 4373 accivit
1672 4324 1728 4374 et
1758 4320 1911 4376 intra
1943 4339 2037 4377 ur-

398 4414 531 4467 bem
546 4409 864 4478 collocavit,
880 4408 1194 4464 domiciliis
1210 4408 1485 4479 pommrio
1500 4408 1731 4474 vicinis,
1759 4425 2037 4480 magnum

397 4516 709 4556 numerum
732 4497 981 4551 militum
998 4497 1136 4551 levis
1160 4501 1464 4551 armatura:
1493 4514 1504 4551 :
1526 4513 1637 4550 non
1659 4496 1813 4550 cnim
1837 4496 2039 4553 loricis

396 4594 718 4658 cmteroque
748 4584 909 4656 gravi
940 4590 1223 4655 apparatu
1257 4603 1404 4656 opus
1437 4588 1559 4639 erat
1591 4587 1940 4655 pugnaturis
1971 4604 2040 4641 ex

398 4683 539 4741 tuto,
573 4675 767 4745 pinnis
793 4689 1093 4727 murorum
1131 4673 1583 4742 protegentibus.
1619 4671 1761 4727 Nam
1798 4673 1868 4727 ad
1902 4690 2042 4728 eru-

396 4764 650 4836 ptiones,
684 4762 728 4815 si
761 4778 908 4831 quas
939 4777 1082 4814 usus
1112 4760 1249 4814 belli
1301 4765 1583 4831 posceret,
1617 4764 1673 4816 et
1703 4765 1936 4832 apertas
1982 4763 2040 4818 in

398 4867 601 4921 campo
635 4848 1046 4902 dimicationes
1078 4864 1209 4901 cum
1245 4849 1677 4915 obsessoribus,
1708 4855 1915 4921 praesto
1947 4852 2043 4905 ad-

398 4940 627 4995 futuros
659 4935 1063 5006 cataphractos
1086 4951 1116 4989 e
1138 4936 1347 4990 castris
1373 4937 1695 5005 majoribus
1730 4938 2039 5008 imperato-

396 5046 509 5084 rcs.
544 5024 799 5081 Providit
841 5028 1035 5079 autem
1071 5040 1140 5077 ne
1175 5024 1554 5093 pI‘EPSllllﬂt‘llS
1590 5025 1747 5078 hisce
1797 5028 2039 5083 urbanis

395 5117 672 5171 alimenta
703 5128 960 5181 unquam
991 5111 1277 5175 deforent,
1312 5117 1838 5183 quantumcunque
1870 5115 2041 5169 dura-

395 5207 471 5260 rit
501 5202 753 5268 obsidio,
780 5201 877 5254 sed
912 5200 1066 5254 esset
1096 5216 1327 5269 semper
1357 5200 1576 5253 affatim
1613 5201 1765 5254 unde
1796 5202 1938 5271 ipsis
1973 5221 2039 5258 ex

392 5294 536 5348 urbe
566 5289 1081 5361 suppeditarentur
1109 5288 1176 5340 ad
1211 5286 1425 5340 victum
1459 5288 1823 5353 necessaria;
1859 5307 2036 5359 quam

396 5382 465 5437 ad
487 5396 607 5435 rem
635 5375 955 5432 introduxit
978 5376 1034 5428 in
1058 5376 1259 5429 urbem
1292 5376 1463 5429 boum
1492 5392 1821 5444 numerum,
1851 5395 2038 5446 quan-

398 5478 493 5527 tus
526 5468 820 5523 sufficeret
852 5462 1092 5517 culturae
1151 5480 1489 5532 camporum
1534 5464 2034 5535 suburbanorum,

397 5573 646 5629 quorum
662 5570 839 5625 opera
855 5550 1128 5606 industrii
1144 5551 1408 5622 agricolae
1424 5554 1661 5619 arando,
1681 5555 1924 5609 serendo
1940 5572 2030 5610 me

2140 3170 2490 3241 degentibus
2516 3175 2571 3225 et
2599 3187 2667 3225 ex
2690 3187 2756 3226 ea
2780 3172 2836 3226 in
2856 3172 3012 3227 cultu
3025 3189 3143 3228 ram
3162 3175 3316 3230 ruris
3334 3176 3782 3246 undiquevicini

2140 3258 2400 3328 quotidie
2435 3259 2754 3330 prodituris
2784 3261 2960 3315 etiam
2993 3262 3318 3319 obsidionis
3347 3268 3609 3336 tempore
3640 3283 3783 3336 qua-

2139 3346 2273 3399 dam
2305 3346 2470 3416 c0pia
2500 3347 2765 3402 carnium
2789 3349 2967 3404 etiam
2993 3351 3342 3422 recentium,
3367 3354 3649 3409 nonnullo
3672 3354 3781 3409 uti-

2139 3449 2252 3503 que
2275 3450 2516 3489 numero
2539 3435 2878 3492 animalium
2904 3439 3260 3494 suburbanis
3284 3441 3518 3511 pascuis
3542 3442 3785 3509 alendo;

2142 3522 2295 3577 unde
2327 3540 2439 3577 non
2471 3523 2663 3578 solum
2697 3525 2931 3581 soboles
2974 3534 3367 3584 succresceret
3399 3535 3535 3600 apta
3567 3530 3783 3585 labori-

2142 3614 2250 3668 bus
2283 3615 2462 3668 aratri
2494 3632 2559 3670 ac
2592 3616 2862 3687 plaustri,
2896 3619 2993 3673 sed
3036 3636 3163 3690 quae
3198 3621 3255 3674 in
3290 3621 3512 3675 macelli
3554 3639 3785 3693 quoque

2143 3716 2206 3754 ac
2240 3716 2575 3756 mensarum
2604 3720 2775 3758 usum
2804 3706 3093 3760 urbanum
3119 3708 3466 3764 abundaret.
3496 3710 3664 3765 Porro
3687 3728 3787 3765 co-

2142 3789 2227 3842 ria
2260 3790 2431 3844 boum
2467 3791 2549 3845 sic
2582 3792 2637 3845 in
2672 3794 2836 3847 cibos
2860 3794 3304 3863 absumptorum
3331 3796 3548 3868 imponi
3583 3798 3789 3871 agglu-

2141 3877 2956 3949 tinariquejubebatextcrius
2980 3883 3052 3937 iis
3076 3884 3310 3955 tabulis,
3336 3902 3481 3955 quas
3510 3887 3627 3941 dixi
3659 3904 3787 3942 mu-

2145 3968 2223 4021 ris
2250 3967 2481 4022 additas
2509 3968 2833 4041 fuisse,quo
2860 3970 2971 4025 illa:
2995 3977 3436 4043 protegerentur
3456 3976 3788 4046 abigneho-

2145 4054 2287 4120 stili,
2320 4056 2365 4108 si
2405 4056 2547 4110 forte
2581 4058 2937 4127 injiceretur.
2972 4062 3049 4113 Ac
3081 4067 3395 4133 suggestus
3427 4064 3661 4133 quidem
3694 4064 3792 4119 ille

2147 4160 2447 4198 murorum
2473 4161 2539 4199 ex
2564 4146 2829 4213 materia,
2856 4146 2940 4200 uti
2982 4148 3316 4205 destinatus
3342 4153 3548 4221 fuerat,
3581 4169 3777 4224 perae-

2145 4234 2241 4285 tus
2263 4236 2569 4297 est,turres
2586 4234 2857 4288 attollens
2875 4252 3054 4307 supra
3074 4238 3286 4293 molem
3314 4242 3562 4311 priorem
3583 4243 3651 4296 ad
3674 4246 3791 4297 tres

2148 4320 2395 4385 cubitos,
2424 4324 2479 4375 et
2513 4323 2724 4375 moenia
2757 4322 3046 4391 similiter,
3082 4325 3274 4381 debita
3310 4329 3684 4399 proportione
3714 4330 3783 4384 ad

2082 4438 2126 4507 Β
2158 4416 2365 4463 turres.
2399 4412 2611 4464 Caetera
2641 4410 2792 4478 ejus,
2824 4414 3055 4482 generis
3090 4418 3151 4467 ut
3184 4418 3382 4470 minus
3433 4418 3699 4490 urgentia
3729 4419 3785 4471 in

2161 4513 2414 4565 przesens
2434 4497 2578 4551 188
2595 4516 2698 4553 suo
2722 4503 2977 4570 tempore
2992 4504 3248 4558 curanda
3264 4503 3443 4560 dilata
3460 4510 3616 4561 sunt.
3636 4506 3785 4561 Illud

2150 4586 2362 4655 quippe
2387 4587 2514 4655 jam
2553 4603 2703 4640 nunc
2736 4588 3134 4644 necessarium
3170 4597 3395 4647 mature
3428 4610 3493 4648 ac
3517 4611 3649 4649 cum
3675 4595 3790 4650 sol-

2152 4671 2451 4727 licitudine
2491 4678 2780 4742 curatum,
2832 4680 2897 4729 ut
2948 4679 3201 4749 expediti
3233 4680 3552 4753 leviterque
3584 4684 3790 4738 armati

2152 4760 2367 4815 milites
2391 4762 2461 4816 ad
2482 4762 2639 4816 urbis
2668 4763 2998 4831 praesidium
3018 4766 3224 4822 idoneo
3250 4786 3512 4836 numero,
3538 4771 3791 4827 admotis

2150 4848 2367 4903 circum
2397 4850 2649 4919 undique
2673 4853 2949 4921 pommrio
2971 4854 3306 4923 domiciliis,
3342 4856 3790 4916 collocarentur.

2148 4940 2271 5001 Quo
2304 4937 2360 4991 in
2389 4954 2591 5004 genere
2623 4939 2946 4995 Laconibus
2982 4940 3250 5011 plurimis
3279 4963 3307 5000 e
3335 4946 3524 5003 Moreo
3551 4952 3680 5019 post
3704 4966 3789 5003 re-

2147 5032 2373 5096 ceptam
2408 5027 2971 5098 Constantinopolim
3008 5032 3285 5101 profectis
3308 5035 3788 5105 assignatislocis

2147 5116 2298 5169 ardes
2325 5115 2607 5184 attribuit,
2636 5116 3014 5183 pensionibus
3039 5119 3191 5191 illos,
3216 5127 3497 5194 tanquam
3522 5125 3567 5179 si
3593 5130 3791 5180 essent

2147 5202 2454 5273 indigenae,
2475 5205 2685 5257 annuis
2700 5205 2948 5269 donans,
2968 5214 3283 5279 caeteraque
3306 5213 3552 5280 plurima
3571 5213 3787 5269 libera-

2150 5291 2303 5344 litate
2330 5290 2438 5344 sibi
2469 5292 2820 5346 devinciens.
2858 5293 3019 5348 Unde
3049 5296 3179 5351 illos
3214 5306 3507 5371 promptos
3540 5302 3793 5358 habebat

2147 5380 2214 5433 ad
2237 5378 2454 5449 quaevis
2484 5379 2783 5449 obsequia,
2815 5380 3177 5454 libentesque
3204 5385 3450 5443 libenter
3466 5390 3786 5447 adhibebat

2146 5468 2215 5520 ad
2255 5466 2438 5520 multa
2472 5467 2634 5521 intus
2666 5472 2719 5520 et
2744 5472 2899 5521 extra
2936 5471 3157 5539 urbem,
3182 5476 3397 5545 quippe
3436 5494 3542 5531 usu
3580 5479 3785 5534 idoneo

2145 5555 2415 5625 praeditos
2442 5555 2520 5609 rei
2543 5553 2777 5611 bellicae.
2806 5556 3141 5615 Gasmulico
3163 5561 3300 5631 quin
3320 5564 3494 5619 etiam
3516 5565 3791 5635 Hybrida-
