4158 6280
269 428 378 483 629

1327 433 1423 484 DE
1460 429 1830 484 MICHAELE
1865 425 2308 480 PALEOLOGO
2347 426 2461 478 LIB
2524 429 2622 480 ΠΙ.

3559 422 3672 476 630

262 554 353 620 Τῷ
402 547 459 603 δέ
516 569 579 623 γε
639 547 1021 620 Γασμουλικῷ,
1065 548 1156 610 οὓς
1207 547 1271 618 δὴ
1335 549 1668 623 συμμίκτους
1719 551 1754 617 ἡ
1803 551 1908 600 τῶν
1940 549 1987 616 Α
2024 547 2120 601 νόν
2169 547 2305 620 πρὸς
2356 543 2543 620 ἄρχειν
2591 544 2695 615 ἕξει
2757 547 2830 617 μή
2862 546 2988 607 τοὺς
3023 546 3298 616 ὑπηκόους
3355 543 3670 618 εὐεργετῶν.

268 639 497 695 Ἰταλῶν
544 636 714 690 εἴπειε
771 636 996 710 γλῶσσα
1050 640 1205 710 (ἦσαν
1265 639 1368 712 γὰρ
1430 636 1487 692 ἔκ
1525 660 1582 693 τε
1628 635 1914 708 Ῥωμαίων

267 726 363 780 καὶ
419 725 660 779 Λατίνων
739 728 1166 798 γεγεννημένοι),
1223 727 1656 802 προσανεπα·3ετο
1714 725 1886 795 ἐκπέμ

263 835 387 868 πων
443 813 528 867 ἐπὶ
587 817 730 881 νηῶν
768 832 779 843 ·
841 815 974 880 ἦσαν
1033 815 1132 889 γὰρ
1200 817 1260 868 τὸ
1338 816 1430 886 μὶν
1503 816 1784 888 προμηθὲς
1843 813 1916 874 εἷς

266 900 556 973 πολέμους
603 902 692 954 καὶ
744 902 957 956 συνετὸν
1006 901 1063 955 ἐκ
1091 903 1402 975 Ῥωμαίων,
1432 905 1492 956 τὸ
1544 901 1589 956 δ’
1622 902 1918 977 ὁρμητικὸν

259 1011 321 1045 τε
376 989 468 1043 καὶ
519 987 742 1052 αῧθαδες
801 990 860 1043 ἐκ
917 989 1163 1044 Λατίνων
1232 988 1472 1064 ἔχοντες.
1541 991 1640 1044 Καὶ
1721 987 1915 1044 στόλον

267 1080 486 1152 μέτριον
545 1076 853 1150 ἐξηρτύετο,
912 1079 1000 1132 καὶ
1063 1084 1400 1152 προσεκτᾶτο
1457 1081 1528 1133 τὰ
1581 1083 1687 1132 τῶν
1738 1079 1918 1146 νήσων

263 1165 547 1240 ἐγγύτερα,
583 1164 742 1239 ῥόγας
797 1166 890 1237 μὲν
952 1167 1264 1220 ἀποτάττων
1310 1167 1495 1230 αὐτοῖς
1544 1166 1603 1220 ἐκ
1650 1171 1747 1220 τοῦ
1797 1187 1916 1218 κοι-

263 1259 364 1308 νοῦ
411 1252 654 1326 ταμιείου
703 1255 791 1307 καὶ
837 1254 1185 1330 φιλοτιμίαις
1219 1252 1388 1326 αὔξων
1428 1259 1525 1316 τὰς
1583 1255 1912 1329 προθυμίας,

266 1335 684 1412 ἀντιλαμϐάνων
747 1339 890 1396 δ’ἐκ
924 1350 1026 1411 τῆς
1075 1343 1291 1397 ἐκείνων
1345 1341 1582 1412 σπουδῆς
1609 1343 1697 1397 καὶ
1755 1343 1911 1417 ἐργαο

267 1430 393 1490 σίας
450 1428 693 1484 πλείονα.
734 1431 862 1504 Εἶχε
912 1431 1013 1505 γὰρ
1057 1437 1175 1492 ταῖς
1219 1430 1498 1501 ἀληθείαις
1542 1433 1631 1485 καί
1678 1432 1740 1485 τὸ
1773 1431 1911 1504 εὐερι

260 1517 480 1592 γετικὸν
562 1517 696 1591 πρὸς
779 1519 1048 1585 ἅπαντας,
1108 1519 1192 1572 καὶ
1267 1520 1597 1594 ἀμφοτέραις
1671 1517 1910 1589 ἐξήντλει

255 1602 490 1660 πολλῶν
549 1606 1054 1678 προαποκειμένων,
1118 1608 1220 1661 οὐκ
1285 1605 1404 1661 οἶδα
1494 1605 1601 1661 εἶ’τε
1674 1628 1756 1668 τις
1810 1610 1909 1676 τήν

254 1693 416 1770 φύσιν
466 1698 719 1755 τοιοῦτος
782 1692 946 1764 ὢν,ἤ
996 1694 1470 1769 προσποιούμενος
1508 1693 1577 1749 δι’
1609 1693 1754 1749 ἄλλα
1816 1695 1909 1766 μέ-

252 1803 419 1856 γιστα
494 1781 964 1855 τὸ-φιλότιμον,
1055 1785 1446 1858 ἀναγκαστικάς
1524 1785 1620 1844 τὰς
1694 1783 1907 1845 εὐνοίας

2029 639 2216 696 ’Ὀστις
2251 633 2307 689 δὲ
2341 634 2639 708 βασιλεύων
2673 634 2939 709 γλίσχρος
2974 634 3082 688 ἐστὶ
3131 635 3267 708 πρὸς
3324 634 3385 686 τὸ
3437 630 3667 693 διδόναι,

2029 723 2228 784 ἐκεῖνος
2261 723 2465 791 σκηνὴν
2501 721 2798 795 βασιλείας,
2833 724 2895 776 οὐ
2948 722 3225 797 βασιλείαν
3281 721 3666 796 μεταχειρίζει.

2027 815 2113 882 [Ρ.
2167 814 2291 884 1‘26]
2351 812 2661 882 Τεκμήριον
2717 809 2770 864 δὲ
2823 813 2848 863 ὸ
2907 810 2994 864 ἐπὶ
3053 817 3256 880 σκηνῆς
3319 809 3667 882 Ἀγαμέμνων

2025 901 2114 956 καὶ
2173 901 2469 972 Οἰνόμαος,
2529 897 2792 960 Οἰδίπους
2868 920 2926 953 τε
2982 899 3071 953 καὶ
3129 901 3180 953 οἱ
3239 900 3288 968 ἐξ
3346 901 3512 953 αὐτοῦ
3576 891 3666 953 καὶ

2026 985 2332 1063 ’Ἄδραστος
2392 986 2643 1061 βασιλεὺς
2676 995 2910 1060 Ἄργους
2967 989 3056 1041 καὶ
3117 987 3167 1040 οἱ
3200 985 3529 1053 λοιποί,’ίνα
3589 989 3665 1058 μὴ

2025 1077 2140 1129 καθ’
2169 1076 2390 1130 ’ἑκαστον
2445 1073 2590 1148 λέγω
2641 1079 2748 1128 τῶν
2809 1074 2893 1128 ἐπὶ
2947 1081 3150 1144 σκηνῆς
3208 1072 3496 1148 βασιλέων.
3531 1074 3666 1128 Πότε

2023 1167 2121 1237 γὰρ
2151 1164 2202 1234 ἐξ
2235 1163 2452 1217 ἐκείνων
2485 1184 2567 1223 τις
2597 1167 2653 1216 εὖ
2711 1165 2896 1229 πάθοι,
2927 1165 3058 1218 ποτε
3117 1161 3173 1217 δὲ
3227 1165 3315 1217 καὶ
3376 1163 3663 1238 εὐεργετητ

2025 1253 2163 1321 Θείη,
2228 1252 2668 1325 ὑποκρινομένων
2731 1251 2797 1306 τὰ
2858 1256 2966 1305 τῶν
3025 1249 3288 1325 βασιλέων
3349 1251 3661 1325 πρόσωπα;

2023 1339 2179 1396 Ἀλλ’
2236 1339 2460 1400 ἐκείνοις
2521 1340 2613 1410 μὲν
2671 1334 2780 1393 ἔστι
2837 1341 2927 1393 καὶ
2975 1337 3361 1415 ἀπολογεῖσθαι
3419 1340 3505 1393 καὶ
3561 1341 3660 1406 τὴν

2027 1431 2228 1501 μέμψιν
2285 1425 2584 1505 διαφεύγειν
2644 1429 2742 1496 την
2799 1433 2905 1481 τῶν
2937 1425 3162 1482 πολλῶν
3201 1449 3212 1461 ⁸
3247 1429 3507 1501 σχήματα
3560 1428 3659 1501 γὰρ

2021 1516 2328 1591 προσώπων
2383 1517 2471 1570 καὶ
2534 1515 2593 1569 οὐ
2645 1516 2911 1588 πρόσωπα
2941 1512 3096 1576 ὄντας
3128 1513 3326 1588 ἀνάγκη
3374 1515 3461 1569 καὶ
3517 1518 3657 1589 σχή-

2026 1626 2151 1676 μασι
2216 1604 2403 1676 μόνοις
2466 1603 2756 1677 εὐεργετεῖν
2785 1624 2796 1636 ι
2827 1602 3040 1664 τούτοις
3093 1599 3148 1656 δέ
3194 1624 3256 1677 γε
3282 1602 3362 1664 τίς
3391 1601 3661 1677 ἀπολογία

2021 1699 2107 1753 καὶ
2144 1694 2536 1751 ὑπολέλειπται
2567 1696 2640 1766 μὴ
2677 1692 2954 1762 διδοῦσινς
2990 1694 3054 1751 Ei
3102 1692 3146 1748 δ’
3179 1693 3292 1755 οὖν,
3325 1693 3468 1748 ἀλλά
3510 1714 3656 1769 σχη-

2025 1787 2338 1860 ματίζονται
2367 1784 2455 1837 καὶ
2483 1784 2634 1836 οὗτοι
2675 1783 2763 1835 τὸν
2817 1781 3059 1856 βασιλέα,
3097 1779 3339 1857 βασιλεῖς
3387 1782 3462 1852 μὴ
3512 1778 3661 1844 ὄντες

257 1869 730 1942 ὑποποιούμενος,
764 1873 838 1935 ὡς
867 1870 1026 1941 δῆθεν
1060 1873 1159 1928 οὐκ
1187 1871 1414 1937 ἐκδίκως
1440 1874 1621 1947 ἄρξας,
1653 1875 1686 1940 ἢ
1739 1873 1800 1927 τό
1849 1894 1905 1946 γε
1937 1907 1981 1972 Β
2025 1872 2153 1947 μηδ’
2183 1875 2453 1927 ὁπωσοῦν.
2485 1874 2734 1924 Τοιοῦτοι
2768 1867 2814 1923 δ’
2844 1866 2994 1931 ὄντες
3039 1869 3091 1924 τί
3142 1871 3344 1941 ἀξιοῦσι
3375 1876 3654 1942 τιμᾶσθαι,

250 1959 464 2035 τρίτον,
515 1959 651 2032 πρὸς
734 1962 830 2022 τὰς
903 1966 1010 2015 τῶν
1086 1964 1366 2038 προτέρων
1427 1961 1693 2037 βασιλέων
1749 1962 1897 2035 εὐερ-

249 2047 434 2123 γεσίας
509 2043 996 2120 ἀντιϐαλλόμενος,
1048 2049 1141 2104 κᾶν
1224 2053 1299 2124 μὴ
1373 2051 1528 2106 τόσον
1615 2052 1892 2125 εὐηργέτει

254 2134 393 2209 μηδ’
426 2135 619 2197 οὕτως.
653 2137 804 2198 Τέως
862 2135 917 2192 δέ
972 2160 1031 2212 γε
1085 2141 1220 2194 κατὰ
1271 2141 1514 2216 βασιλεῖς
1559 2142 1892 2213 ἠναγκάζετο

247 2224 498 2298 χρῆσθαι
549 2229 664 2285 τοῖς
715 2227 1019 2299 πράγμασι,
1057 2229 1131 2299 μὴ
1190 2229 1279 2282 καὶ
1328 2226 1472 2300 δοξοι
1505 2234 1774 2298 σκηνικῶς
1831 2229 1892 2283 τὸ

249 2314 448 2386 ἄρχειν
506 2309 862 2381 ἐπιτηδεύων.
918 2311 1050 2368 Οὔτε
1105 2315 1204 2390 γὰρ
1258 2314 1420 2384 ἥλιος
1494 2317 1745 2379 ποθεινὸς
1815 2318 1889 2388 μὴ

246 2401 344 2463 τὰς
401 2401 620 2462 ἀκτῖνας
680 2402 961 2477 παρίσχων
1018 2407 1180 2457 τοῦτο
1237 2405 1332 2475 μὲν
1386 2409 1455 2477 γῇ
1513 2409 1672 2458 τοῦτο
1726 2402 1772 2458 δ’
1802 2405 1890 2458 ἀν-

248 2490 501 2563 Ορώποις
533 2489 623 2542 καὶ
652 2489 812 2556 ζώοις
847 2491 1062 2563 ἅπασιν,
1095 2488 1216 2545 οὔτε
1270 2491 1522 2565 βασιλεὺς
1569 2494 1629 2546 τὸ
1690 2491 1889 2564 ἀληθι-

257 2705 396 2743 rum
429 2705 658 2760 genere,
692 2705 840 2761 quos
875 2689 1152 2746 Italorum
1185 2691 1385 2761 lingua
1403 2691 1710 2746 commisto
1751 2692 1897 2746 dice-

261 2777 638 2846 ret,contidit,
655 2783 876 2849 partem
899 2778 1468 2850 tulibusreipublicze
1500 2780 1894 2847 committens,

267 2863 540 2918 navalem
575 2865 1414 2939 videlicetmilitfam,inquam
1449 2884 1646 2923 eorum
1677 2867 1894 2940 pleros-

268 2967 389 3022 que
418 2953 773 3022 conscripsit,
798 2959 966 3025 aptos
996 2957 1044 3009 ei
1069 2956 1350 3010 functioni
1395 2961 1592 3027 utpote
1644 2958 1895 3027 pruden-

265 3038 412 3093 tiam
464 3039 873 3112 solertiamque
903 3059 971 3096 ex
1008 3043 1306 3109 Romanis,
1339 3045 1624 3116 impetum
1666 3062 1799 3099 vero
1840 3051 1894 3099 et

261 3129 568 3185 audaciam
582 3132 870 3186 exLatinis
902 3133 1169 3187 haustam
1203 3134 1374 3188 simul
1390 3135 1896 3206 habentes.ltaque

259 3236 331 3274 ex
373 3219 465 3273 his
516 3221 762 3276 maxime
809 3221 1054 3276 classem
1115 3223 1383 3277 instruxit
1413 3223 1550 3277 satis
1599 3239 1892 3294 magnam,

2017 1965 2090 2036 μὴ
2151 1959 2427 2030 ἀληθινῶς
2492 1958 2913 2034 βασιλεύοντεςς
2965 1961 2999 2026 ἠ
3057 1959 3162 2032 γὰρ
3232 1959 3370 2029 τιμὴ
3440 1958 3656 2033 βασιλεῖ

2009 2051 2165 2122 μετὸν
2214 2048 2302 2103 καὶ
2375 2047 2436 2102 οὐ
2515 2051 2784 2117 σκηνικῶς
2866 2045 3228 2120 βασιλεύοντι.
3285 2048 3447 2110 Ταῦθ’
3497 2048 3636 2121 ὁρῶν

2003 2138 2223 2204 ἐκεῖνος,
2251 2137 2338 2191 καὶ
2374 2133 2586 2208 μᾶλλον
2639 2135 2689 2204 ἐξ
2741 2135 2982 2206 ὑπογύου
3038 2133 3256 2209 βλέπων
3312 2133 3438 2197 τοὺς
3496 2135 3642 2208 παρά

2001 2231 2107 2282 τῶν
2143 2225 2486 2289 ἀπελθόντων
2552 2221 2816 2298 βασιλέων
2866 2223 3368 2297 εὐεργετουμένους,
3398 2222 3641 2286 συνειδὸς

2003 2316 2147 2391 ἔχων
2206 2315 2502 2388 ἠλέγχετο,
2535 2313 2624 2367 καὶ
2679 2313 2952 2386 εὐηργέτει
3001 2312 3112 2384 μὲν,
3145 2314 3294 2380 πλὴν
3355 2313 3464 2386 οὐχ
3519 2313 3643 2369 ὅσον

2002 2405 2214 2472 ἐκεῖνοι,
2246 2406 2309 2458 τὸ
2369 2404 2462 2475 μὲν
2512 2400 2600 2455 διὰ
2647 2403 2745 2470 τὴν
2792 2401 3031 2475 ἀνάγκην
3079 2399 3169 2454 καὶ
3215 2399 3344 2463 τοὺς
3377 2399 3644 2476 ἐλέγχους

2003 2491 2194 2554 δεδιὼς
2227 2493 2299 2554 ὡς
2331 2493 2447 2546 κατ’
2479 2487 2800 2568 ὀφθαλμοὺς
2851 2485 3031 2558 ὄντας,
3061 2489 3123 2543 τὸ
3174 2485 3230 2541 δὲ
3278 2488 3430 2564 φύσει
3491 2491 3644 2564 χρώ-

2005 2691 2412 2762 imperatorem
2471 2691 2778 2745 videretur.
2817 2695 2889 2746 Ut
2919 2693 3074 2746 enim
3107 2693 3379 2748 amabilis
3422 2693 3507 2748 sol
3532 2711 3642 2747 non

2005 2784 2159 2834 esset
2193 2779 2300 2834 nisi
2335 2780 2527 2833 radios
2561 2784 2882 2852 spargeret,
2908 2797 3010 2852 per
3030 2798 3178 2850 quos
3216 2782 3385 2849 juvat
3440 2787 3644 2845 terras,

2005 2868 2271 2924 homines
2303 2872 2360 2922 et
2388 2872 2628 2923 cunctas
2655 2870 3005 2936 animantes,
3038 2871 3120 2924 ita
3169 2869 3266 2924 ille
3317 2887 3514 2925 verum
3548 2871 3642 2925 in-

2006 2963 2128 3012 star
2159 2957 2437 3028 principis
2476 2973 2587 3010 non
2622 2957 2815 3024 habet,
2851 2957 2946 3025 qui
2989 2957 3289 3012 cumulare
3341 2960 3642 3013 beneficiis

2006 3063 2118 3100 non
2141 3048 2442 3100 studeteos
2458 3062 2488 3114 q
2503 3046 2676 3100 uibus
2691 3045 2766 3099 im
2780 3047 3117 3116 perat.Mea,
3134 3046 3641 3118 inquam,sentcn-

2005 3135 2208 3205 tia,qui
2231 3135 2382 3205 regis
2404 3136 2623 3189 habens
2644 3151 2854 3187 nomen
2881 3151 3090 3204 parcus
3120 3139 3176 3188 et
3209 3136 3412 3190 tardus
3444 3138 3514 3191 ad
3547 3138 3641 3191 do-

2005 3224 2263 3276 nandum
2295 3227 2399 3289 est,
2447 3221 2832 3277 simulacrum
2862 3227 2918 3276 et
2965 3221 3182 3276 larvam
3225 3227 3413 3292 gestat
3460 3215 3656 3295 regni,

263 3324 382 3378 qua
413 3307 635 3362 vicinas
665 3309 892 3365 insulas
925 3311 1286 3381 recuperavit
1337 3315 1394 3366 et
1450 3311 1728 3378 obtinuit,
1787 3312 1895 3366 sti-
1930 3325 1971 3387 ρ
2007 3310 2450 3365 minimeantem
2468 3325 2660 3365 veram
2677 3311 2803 3378 ejus
2837 3309 2986 3363 tituli
3009 3311 3368 3376 maiestatem
3398 3311 3642 3366 obtinet.

258 3395 474 3466 pendia
506 3401 562 3449 et
589 3397 860 3452 donativa
881 3399 1023 3468 ipsis
1055 3415 1123 3453 ex
1151 3399 1352 3454 aerario
1383 3400 1678 3453 communi
1731 3415 1894 3453 cons-

254 3484 499 3552 tituens,
524 3499 590 3538 ac
613 3500 741 3538 cum
763 3485 875 3539 fide
897 3492 1343 3555 repraesentans,
1368 3486 1616 3558 aliisque
1640 3486 1894 3558 praemiis

261 3571 416 3627 ultro
450 3572 702 3628 subinde
733 3574 884 3628 datis
919 3573 1274 3629 alacritatem
1319 3574 1580 3646 ipsorum
1631 3575 1894 3630 excitans

259 3676 629 3731 augensque,
662 3661 1038 3732 vicissimque
1069 3663 1140 3715 ab
1171 3661 1241 3716 iis
1274 3662 1473 3717 utilem
1505 3679 1735 3732 operam
1767 3670 1893 3718 stu-

259 3748 550 3820 diumque
583 3749 640 3802 in
674 3750 954 3820 obsequia
983 3751 1156 3805 etiam
1190 3750 1518 3822 periculosa
1553 3757 1892 3823 promptum

257 3837 572 3906 recipiens.
606 3837 818 3892 Habuit
848 3838 999 3893 enim
1025 3839 1116 3892 hic
1147 3840 1461 3909 imperator
1490 3856 1617 3894 vere
1639 3840 1894 3895 liberali-

261 3930 445 3979 tatem
481 3926 538 3979 in
572 3943 742 3981 omne
776 3927 1080 3981 hominum
1115 3944 1298 3997 genus
1332 3929 1597 3985 effusam.
1654 3935 1895 3999 utraque

262 4013 545 4069 hauriens
577 4032 752 4069 manu
783 4033 849 4071 ex
882 4021 1082 4087 parata
1111 4017 1274 4087 copia
1305 4017 1670 4071 conditarum
1725 4018 1897 4090 longa

264 4102 986 4175 parcimoniaopum,quaa
1010 4105 1119 4160 late
1149 4106 1520 4175 spargeretin
1557 4123 1698 4160 usus
1721 4123 1893 4177 egen-

262 4192 438 4258 tium,
474 4192 627 4246 haud
673 4194 940 4263 equidem
976 4194 1094 4247 scio
1153 4211 1223 4247 an
1265 4194 1541 4248 instinctu
1587 4195 1896 4267 indoleque

266 4285 514 4344 naturae,
536 4299 606 4335 an
631 4282 860 4350 judicio
890 4282 1068 4337 animi
1088 4283 1158 4335 ob
1177 4289 1512 4354 praesentem
1536 4285 1754 4354 ejusrei
1787 4285 1896 4338 nti-

260 4368 485 4423 litatem
521 4370 761 4424 benetici
798 4386 1006 4424 nomen
1041 4370 1381 4434 etiactantis,
1407 4387 1472 4425 eo
1504 4371 1723 4427 scllicet
1773 4374 1890 4427 adi-

262 4463 435 4529 gente
465 4456 814 4513 necessitate
839 4460 1106 4530 paranda:
1140 4458 1222 4514 sic
1254 4460 1406 4530 vulgi
1459 4461 1892 4528 benevolentia),

263 4561 382 4616 qua
417 4545 478 4599 in
541 4547 744 4613 primis
802 4563 949 4617 opus
981 4547 1132 4601 189
1165 4553 1286 4601 erat
1344 4549 1390 4602 ei
1427 4551 1522 4618 qui
1579 4550 1688 4602 sibi
1740 4555 1896 4603 esset

261 4635 537 4690 conscius
561 4635 820 4707 usurpat]
857 4636 1056 4690 fraude
1091 4651 1192 4690 nec
1216 4637 1377 4706 juste
1406 4638 1660 4708 possessi
1685 4638 1892 4707 princi-

265 4726 670 4794 patus.Potest
697 4729 754 4777 et
780 4723 949 4777 tertia
962 4725 1272 4794 excogitari
1290 4742 1486 4794 causa,
1505 4743 1627 4792 quas
1644 4727 1892 4781 Michae-

260 4810 372 4865 lem
410 4811 796 4883 Palazologum
820 4814 887 4866 ad
918 4812 1071 4882 large
1104 4812 1372 4882 plurimis
1415 4815 1892 4869 benefaciendum

261 4902 519 4972 potuerit
548 4901 864 4971 impellare,
899 4903 1188 4957 aemulatio
1222 4902 1410 4957 laudis
1441 4903 1498 4956 in
1539 4903 1650 4956 isto
1690 4921 1898 4975 genere

261 4989 552 5061 praeclarae
581 4991 816 5044 illarum
845 4992 942 5061 qui
993 4997 1126 5046 ante
1184 4993 1374 5062 ipsum
1432 4991 1898 5062 imperaverant;

263 5095 518 5149 quorum
551 5079 803 5134 effusum
836 5080 1096 5134 studium
1121 5081 1263 5134 bene
1284 5081 1541 5134 merendi
1576 5081 1898 5135 tribuendi-

266 5185 380 5239 que
413 5185 483 5222 ex
513 5170 691 5238 priori
717 5170 998 5222 memoria
1029 5186 1160 5222 cum
1179 5174 1483 5238 repeteret,
1518 5187 1812 5241 nunquam
1841 5188 1901 5225 se

264 5260 517 5326 putaret,
551 5257 933 5326 quantumuis
961 5256 1114 5327 large
1149 5256 1364 5327 passim
1389 5257 1898 5314 donandoconare-

264 5350 381 5411 tur,
418 5345 596 5399 decus
627 5344 1005 5414 hocipsorum
1041 5360 1106 5397 ac
1131 5347 1342 5398 famam
1377 5362 1420 5397 ω
1443 5361 1598 5410 mare
1622 5346 1902 5402 imitando

264 5438 364 5490 aut
399 5433 658 5504 assequi.
693 5431 830 5486 Mihi
864 5433 1097 5502 quidem
1132 5433 1215 5486 sic
1249 5432 1755 5498 videtur,illumex
1788 5453 1901 5505 quo

265 5521 642 5594 imperatoris
676 5537 882 5574 nomen
917 5526 1335 5591 assunipserat,
1367 5519 1645 5575 indixisse
1667 5522 1776 5575 sibi
1820 5525 1900 5578 in-

265 5609 640 5666 elactabilem
679 5610 1078 5663 necessitatem
1101 5607 1470 5678 imperatorio
1491 5624 1646 5663 more
1671 5613 1899 5682 agendi,

269 5717 342 5755 ne
374 5715 490 5753 non
521 5711 654 5750 vere
684 5694 967 5766 imperare
997 5696 1097 5751 sed
1131 5695 1286 5750 velut
1315 5695 1374 5749 in
1420 5711 1592 5752 scena
1621 5697 1902 5755 simulare

2009 3400 2357 3471 Argumento
2381 3402 2499 3455 sint
2525 3399 2606 3453 illi
2641 3399 2911 3455 tralatitii
2939 3415 3248 3454 scenarum
3283 3416 3466 3471 reges,
3491 3405 3640 3472 Aga-

2003 3505 2296 3556 memnon,
2344 3491 2737 3557 OEnumanus,
2771 3488 3026 3558 OEdipus
3077 3495 3132 3542 et
3183 3487 3360 3557 hujus
3403 3492 3643 3559 pesteri,

1999 3578 2284 3631 Adrastus
2335 3594 2568 3648 quoque
2608 3580 2886 3648 Argorum
2919 3592 3034 3640 rex,
3061 3579 3114 3630 et
3143 3591 3211 3629 ne
3234 3576 3499 3648 singulos
3529 3594 3640 3632 nu-

2001 3681 2240 3732 merem,
2279 3664 2406 3733 ejus
2440 3666 2633 3718 forma:
2667 3666 2854 3719 caeteri
2891 3683 2904 3730 ;
2939 3684 2964 3717 ιι
2991 3664 3205 3733 quibus
3239 3663 3337 3734 qui
3379 3682 3640 3736 unquam

2001 3759 2394 3825 spectatorum
2430 3753 2743 3823 patientem
2806 3752 2950 3822 ipsis
2991 3768 3224 3821 operam
3274 3753 3523 3807 inhianti
3563 3755 3640 3808 si-

2003 3843 2180 3898 lentio
2200 3843 2487 3902 dentium.
2521 3841 2659 3892 dum
2696 3855 2756 3893 se
2779 3840 3400 3909 magniﬁceostentant
3425 3842 3477 3894 in
3501 3859 3638 3911 pur-

2003 3950 2145 4003 pura
2163 3950 2269 3986 non
2289 3933 2638 3988 sua.mutua>.
2656 3927 2970 3997 quidquam
2988 3929 3637 3999 accepitgratize?Quem

2002 4037 2182 4076 unum
2206 4021 2486 4088 juverunt
2520 4035 2576 4071 re
2595 4016 2755 4070 ulla?
2778 4016 3182 4070 Cuicommodi
3203 4018 3520 4088 quidquam
3539 4026 3643 4072 aut

2002 4109 2136 4164 doni
2182 4105 2777 4175 tribuerunt?Atque
2813 4105 2864 4157 bi
2917 4105 3150 4172 quidem
3204 4107 3639 4161 excusationem

2001 4199 2217 4252 habent
2263 4195 2577 4266 purganda:
2630 4194 2696 4248 ad
2764 4191 3044 4264 populum
3081 4192 3498 4248 illiberalitatis
3530 4211 3643 4249 sua:

2006 4283 2558 4357 plansibilem,quod
2586 4282 3304 4350 personatitantummodo
3337 4284 3640 4353 suntprin-
3682 4341 3686 4345 _

2001 4376 2195 4444 cipes;
2229 4387 2406 4442 quare
2436 4370 2578 4440 ipsis
2612 4372 2680 4424 ad
2716 4379 3007 4439 utcunque
3038 4368 3472 4439 defungendum
3517 4387 3640 4441 pre-

2001 4462 2158 4517 cario
2185 4461 2294 4514 isto
2320 4459 2575 4530 quodam
2613 4458 2802 4512 ofﬁcio
2836 4456 3124 4511 simulatae
3157 4457 3222 4510 ad
3257 4456 3458 4511 horam
3481 4464 3636 4529 pote-

2002 4549 2173 4606 statis
2206 4549 2435 4602 abunde
2487 4549 2565 4601 sit
2599 4546 2875 4601 simulata
2905 4546 3043 4597 item
3094 4550 3151 4598 et
3190 4561 3334 4598 vano
3365 4562 3640 4617 expressa

2002 4646 2168 4712 gestu
2228 4637 2636 4707 beneficentia.
2681 4639 2750 4690 At
2807 4634 2936 4689 istis
2985 4635 3083 4704 qui
3145 4651 3310 4689 veros
3367 4653 3427 4690 se
3477 4653 3640 4708 reges

2006 4734 2230 4800 putant,
2268 4727 2409 4797 quid
2443 4727 2509 4779 ad
2541 4725 2936 4778 defensionem
2968 4721 3354 4793 relinquitur;
3389 4725 3499 4780 nisi
3528 4727 3635 4780 lar-

2006 4820 2259 4887 giantur,
2295 4831 2407 4885 quo
2442 4814 2640 4866 minus
2682 4812 2738 4865 in
2769 4813 3118 4865 larvatorum
3155 4827 3384 4882 quoque
3434 4830 3636 4886 regum

2009 4921 2320 4959 numerum
2358 4919 2423 4955 ac
2463 4917 2692 4972 gregem
2750 4899 3157 4970 compingendi
3201 4899 3365 4954 sint?
3396 4907 3642 4958 Prorsus

2012 5010 2142 5045 vero
2192 4990 2540 5045 exturbandi
2592 4989 2877 5059 longeque
2935 4989 3316 5042 submovendi
3366 5005 3398 5042 a
3463 5008 3641 5046 censu

2012 5082 2163 5136 190
2221 5097 2286 5134 ac
2338 5094 2615 5132 concessu
2659 5092 2919 5130 verorum
2984 5075 3334 5146 principum,
3393 5094 3639 5147 quorum

2011 5171 2109 5240 qui
2153 5185 2287 5239 ergo
2339 5167 2451 5221 sibi
2501 5167 2776 5219 honorem
2828 5169 3123 5233 arrogant,
3159 5181 3289 5217 cum
3345 5166 3488 5221 tales
3529 5185 3642 5222 non

2011 5258 2174 5312 sint?
2199 5257 2340 5311 Nam
2398 5255 2582 5309 honor
2615 5254 2772 5324 regis
2819 5252 2936 5306 veri
2986 5252 3217 5320 prepria
3266 5270 3358 5307 res
3387 5259 3494 5320 est,
3531 5273 3643 5310 non
3725 5275 3729 5278 ’

2011 5345 2176 5400 mimi
2208 5345 2532 5398 diademate
2567 5341 2932 5396 larvati.Hzec
2965 5340 3205 5395 Michael
3231 5342 3385 5396 clare
3418 5345 3640 5415 perspi-

2011 5434 2190 5498 ciens,
2225 5449 2289 5484 ac
2323 5431 2602 5484 beneficia
2636 5447 2757 5501 qua:
2785 5445 2995 5500 magna
3025 5428 3082 5481 in
3100 5427 3308 5483 multos
3340 5432 3645 5489 exstabant

2013 5522 2267 5593 priorum
2305 5521 2745 5590 imperatorum,
2779 5517 2901 5571 suis
2933 5521 3269 5587 comparata
3317 5520 3641 5588 prtem-Here

2011 5609 2308 5673 sentiens;
2352 5607 2670 5678 simulque,
2705 5606 2857 5675 quod
2889 5604 3012 5673 ipse
3035 5605 3412 5660 convincente
3434 5608 3638 5667 intime

2011 5695 2369 5753 conscientia
2409 5694 2623 5750 tacitus
2673 5693 2978 5759 fatebatur,
3016 5707 3086 5746 ne
3130 5690 3224 5746 alii
3277 5698 3638 5755 monstrante
