4162 6292
427 395 530 450 631

1726 393 2026 449 GEORGII
2063 392 2524 448 PACHYMERE

3706 394 3816 450 632

435 538 619 590 μενος,
652 515 782 582 ἴσως
815 519 890 589 μὴ
941 517 1337 592 παρακατέχειν
1398 515 1722 589 αἶ’ροὺμενος
1783 516 1926 584 ζωὴν
1980 535 2073 568 τα·
2103 517 2153 584 Α
2188 515 2313 590 φασί
2370 535 2532 582 τινες,
2565 514 2743 590 ἀρχὴν
2800 513 2846 570 δ’
2893 515 3024 570 εἶναι
3075 516 3138 570 τὸ
3195 519 3309 572 οἷον
3366 525 3820 594 κατασιγασθῆναι

433 604 728 678 λαιπώρων
786 605 1108 680 ἀνθρώπων,
1153 608 1258 658 τῶν
1332 600 1606 679 προῦργου
1663 603 1858 664 παντὸς
1918 603 2074 676 ἀναγ·

431 693 587 747 καίου
641 695 888 768 πορίζειν
945 690 1168 767 ἔχοντος
1227 693 1326 757 τὴν
1376 692 1581 768 τροξήν
1643 691 1730 745 ἐπὶ
1790 690 2070 763 θεραπείαν

433 780 648 834 ἐκείνων
706 781 894 836 ἰόντων
955 780 1089 834 κατά
1143 801 1195 834 τι
1276 780 1506 854 ἀρχαῖον
1582 780 1840 851 νόμιμον.
1899 777 2074 833 Ἀλλὰ

430 872 596 922 ταῦτα
657 869 753 941 μὲν
801 867 938 929 ’ίσως
990 867 1078 921 καὶ
1131 867 1481 942 παρακαίρια,
1511 867 1590 943 ἐφ’
1622 866 1666 938 ᾧ
1709 866 1872 938 μόνον
1906 862 2072 934 δεῖξαι

434 955 584 1032 φύσει
639 955 839 1031 προσὸν
897 961 964 1030 τῇ
1025 954 1272 1030 βασιλείᾳ
1328 956 1390 1010 τὸ
1450 954 1801 1030 εὐεργετικόν.
1838 953 1910 1007 Οὔ
1939 951 2074 1006 ἐκεῖ-

431 1065 521 1106 νος
552 1043 832 1118 αὐτάρκως
867 1051 1140 1118 μετεῖχεν,
1170 1044 1230 1098 οὐ
1260 1045 1324 1097 τά
1355 1042 1540 1098 πολλά
1586 1063 1646 1116 γε
1699 1039 2074 1116 μικρολογού-

436 1154 614 1206 μενος.
649 1132 976 1190 Ἀπέστελλε
1035 1131 1090 1188 δὲ
1147 1133 1423 1203 καὶεπρὸς
1480 1130 1606 1193 τοὺς
1645 1128 1924 1202 ἐπιὸὀξους
1975 1131 2074 1196 τῆς

436 1221 688 1292 Ἰταλίας,
721 1224 808 1277 καὶ
867 1221 1076 1294 μᾶλλον
1135 1223 1261 1282 τοὺς
1317 1227 1418 1288 τῆς
1469 1218 1822 1289 Ἐκκλησίας,
1879 1215 2074 1294 φίλους

435 1309 665 1372 ἐκείνους
695 1311 783 1364 καὶ
819 1310 1083 1383 μακρόθεν
1113 1311 1409 1381 κτώμενος.

435 1420 487 1474 ι’.
533 1420 717 1478 Ὅπως
771 1417 860 1470 τὸν
909 1417 1158 1486 Ἰωάννην
1220 1413 1552 1486 ὑᾼβασιλεὺς
1605 1409 1846 1468 ἐκποδὼν
1902 1414 2074 1467 ποιῶν

1094 1484 1407 1562 ἐξετύφλου.

504 1579 587 1648 [Ρ.
623 1579 744 1648 127]
779 1577 914 1632 Τότε
972 1574 1017 1628 δ’
1049 1574 1434 1648 ἐνευκαιρήσας
1482 1573 1541 1627 ἐκ
1582 1577 1688 1627 τῶν
1741 1570 1926 1626 ἄλλων
1985 1573 2077 1626 τὸν

430 1672 528 1734 τῆς
587 1663 810 1739 καρδίας
860 1660 1100 1736 ἔμμονον
1158 1664 1424 1735 λογισμὸν
1496 1659 1634 1734 ἔγνω
1691 1657 2072 1715 καταστέλλειν

434 1754 712 1814 κακίστοις
770 1753 1215 1827 ἐπιχειρήμασιν.
1267 1752 1329 1805 Ὀ
1391 1751 1483 1822 μὲν
1541 1749 1630 1803 οὖν
1693 1749 1960 1824 λογισμὸς
2013 1750 2074 1802 τὸ

437 1843 526 1896 καὶ
568 1841 832 1896 εἶσὲπειτά
884 1842 935 1895 οἱ
979 1843 1264 1916 συνάρχειν
1313 1840 1406 1894 τὸν
1452 1839 1701 1907 Ἰωάννην
1778 1839 1867 1892 καὶ
1926 1835 2072 1892 δυοῖν

439 1928 698 2003 κεφαλαίν
727 1931 811 1999 (τὸ
860 1934 955 1983 τοῦ
1005 1927 1197 2002 λόγου)
1246 1928 1366 2000 μίαν
1423 1928 1720 1981 ἐπικεῖσθαι
1764 1925 2072 1999 καλύπτραν

445 2019 533 2072 καὶ
590 2017 709 2073 λίαν
761 2016 965 2088 ἀπᾷδον
1017 2020 1156 2092 εἶχε,
1189 2019 1365 2092 χωρὶς
1407 2016 1496 2070 καὶ
1523 2021 1620 2070 τοῦ
1655 2017 1731 2088 μή
1763 2014 1814 2069 ἐν
1849 2014 2079 2092 ἀσφαλεῖ

445 2107 838 2170 καθίστασθαι·
897 2107 989 2160 τὸν
1049 2105 1142 2180 μὲν
1200 2106 1298 2180 γὰρ
1377 2106 1530 2165 οὗτος
1605 2105 1694 2158 τὸν
1770 2101 1815 2158 δ’
1873 2103 2075 2166 ἐκεῖνος

445 2195 674 2270 στέρξοι,
707 2195 805 2248 ἀνὰ
859 2196 1022 2269 μέρος
1080 2193 1424 2269 ἀποστέργων
1469 2193 1558 2247 τὸν
1604 2191 1804 2266 ἕτερον,
1843 2191 1937 2246 καὶ
1982 2190 2073 2246 οὔ·

440 2304 548 2344 τως
601 2280 826 2336 ἄτακτον
875 2284 937 2338 τὸ
981 2281 1324 2356 πολύαρχον.
1373 2287 1582 2355 Χρῆναι
1626 2284 1755 2355 γοῦν
1807 2275 2072 2334 σϐεννύειν

438 2373 500 2427 τὸ
527 2373 600 2434 εἷς
629 2371 830 2426 ἐκεῖνον
862 2376 969 2425 τῶν
1001 2369 1227 2425 πολλῶν
1290 2368 1514 2445 θάρρος,
1544 2369 1634 2422 καὶ
1693 2366 1758 2437 δὴ
1812 2368 2078 2443 καταρξά-

441 2482 598 2534 μενον
630 2459 896 2516 τελειοῦν.
930 2462 1136 2534 ’Ήμισυ
1195 2459 1294 2534 γὰρ
1353 2461 1450 2513 τοῦ
1493 2459 1692 2521 παντὸς
1745 2457 1844 2524 τὴν
1895 2456 2073 2531 ἀρχήν

437 2678 633 2718 rerum
667 2660 958 2716 evidentia
978 2662 1280 2716 cernerent
1310 2661 1364 2712 et
1396 2657 1455 2712 in
1487 2671 1550 2712 se
1572 2655 1857 2711 invidiose
1878 2653 2074 2726 loque-

439 2755 659 2816 rentur,
694 2755 984 2815 metuens,
1005 2763 1129 2803 cum
1144 2747 1323 2816 hujus
1343 2742 2072 2816 praecavendasignominisa

442 2834 806 2909 necessitate,
842 2842 968 2892 tum
1000 2835 1194 2892 indole
1223 2836 1387 2891 bona:
1436 2839 1654 2889 natura:
1687 2833 1840 2887 haud
1890 2831 2073 2886 susti-

444 2932 617 2984 nente
662 2928 838 2984 vitam
897 2927 1244 2981 miserorum
1322 2920 2077 2987 hominumfintevertenda

445 3017 726 3088 operariis
761 3015 1022 3071 mercede
1047 3012 1283 3084 injustis
1313 3012 1570 3067 detinere
1602 3010 1898 3074 manibus,
1921 3007 2075 3079 quod

445 3105 860 3176 antiquissima
884 3104 974 3158 lex
995 3107 1169 3170 vetat,
1202 3100 1462 3157 stimulis
1489 3099 1642 3153 ultro
1673 3097 1889 3151 additis
1920 3096 2075 3150 haud

448 3194 721 3248 mollibus
736 3193 996 3247 innatam
1011 3192 1080 3244 ad
1100 3192 1242 3243 bene
1258 3188 1492 3242 mereud
1508 3203 1603 3240 um
1629 3185 2076 3256 propensionem

2177 604 2277 671 τὴν
2336 603 2540 658 ἐκείνου
2588 607 2835 677 μνήμην,
2867 607 2940 667 ὡς
2997 604 3138 678 μηδὲ
3175 607 3459 680 συνάρχειν
3492 604 3816 679 ὑπολαμϐάο

2137 703 2358 755 ,νεσθαι
2394 713 2405 724 ·
2438 693 2499 746 τὸ
2530 692 2628 766 γὰρ
2675 693 2762 746 καὶ
2808 690 3054 769 δεύτερον
3111 695 3442 773 στεφομένου
3503 696 3578 768 μὴ
3631 697 3813 751 κάκεῖ-

2178 801 2268 834 νον
2299 782 2648 851 συντιμᾶσθαι
2673 781 2760 835 καὶ
2811 789 3260 856 συνευφημεῖσθαι
3316 789 3412 838 τοῦ
3466 785 3813 859 πατριάρχου

2181 870 2467 940 στέφοντος
2525 869 2703 943 ήρὲμα
2759 892 2876 932 πως
2928 872 3178 947 ὑπορρεῖν
3239 875 3467 946 ἀνάγκη,
3498 873 3587 927 καί
3631 875 3679 946 γ’
3725 875 3811 928 εὖ·

2181 958 2340 1031 χερές
2388 955 2446 1010 ἂν
2508 958 2638 1011 εἶναι
2693 958 2780 1013 καὶ
2834 958 2894 1013 τὸ
2952 958 3118 1014 πλέον
3171 960 3499 1029 ἐπιτεθῆναι,
3551 961 3624 1022 ὡς
3685 959 3814 1033 μηδ’

2182 1043 2380 1100 ἐλπίδα
2437 1043 2847 1122 ὑπολελεῖφθαι.
2907 1047 3135 1109 Τούτοις
3218 1050 3810 1124 καταστρατηγηθέντος

2179 1139 2295 1194 τοῖς
2351 1130 2642 1208 λογισμοῖς
2685 1139 2782 1188 τοῦ
2844 1134 3110 1208 βασιλέως
3152 1137 3399 1210 (ὑπέκαιε
3439 1138 3540 1212 γὰρ
3573 1137 3730 1194 αὑτὸν
3788 1139 3816 1192 ὁ

2179 1224 2278 1288 τῆς
2324 1223 2626 1297 μοναρχίας
2683 1218 2840 1295 ἔρως,
2881 1224 2969 1277 καὶ
3025 1226 3122 1292 τὴν
3181 1227 3604 1299 παρερχομένην
3664 1224 3818 1298 δόξαν

2180 1309 2307 1384 περῖ¹
2359 1310 2616 1374 πλείονος
2664 1311 2826 1364 ἐτίθει
2879 1316 2975 1366 τοῦ
3004 1314 3151 1366 θείου
3208 1308 3380 1389 φόϐου
3413 1311 3499 1367 διὰ
3554 1315 3652 1382 τήν
3712 1320 3813 1369 τοῦ

2181 1398 2438 1461 πλείονος
2472 1396 2668 1473 ὄρεξιν)
2702 1401 2909 1473 βουλήν
2945 1401 3262 1476 βουλεύεται
3306 1399 3454 1473 μάλα
3503 1402 3598 1475 μὲν
3629 1403 3818 1478 ¹αἰσχί-

2183 1507 2337 1556 στην,
2393 1485 2541 1559 μάλα
2599 1485 2656 1541 δὲ
2713 1489 2801 1542 καὶ
2877 1493 3010 1542 Θεοῦ
3075 1489 3264 1564 πόρῥω
3340 1487 3670 1562 βάλλουσαν,
3729 1493 3821 1546 καὶ

2182 1573 2399 1647 πεμψας
2458 1573 2755 1650 ἐκτυφλοῦν
2811 1576 2904 1630 τὸν
2961 1570 3128 1630 παῖδα
3200 1576 3546 1650 προσέταττε,
3605 1576 3820 1634 παιδίον

2181 1660 2389 1716 ἁπαλὸν
2441 1663 2529 1717 καὶ
2581 1661 2748 1734 μηδὲν
2794 1660 2872 1718 ἔτι
2931 1663 3124 1738 σχεδὸν
3173 1663 3374 1726 τελέως
3403 1664 3437 1734 ἢ
3484 1666 3548 1719 τὸ
3604 1669 3822 1742 χαίρειν

2180 1751 2215 1819 ἢ
2245 1751 2307 1805 τὸ
2331 1749 2618 1814 λυπεῖσθαι
2649 1753 2835 1824 μαθὸν,
2852 1753 2940 1807 καί
2966 1755 3016 1807 κ’
3045 1752 3096 1807 ἐν
3132 1752 3232 1824 ἴσῳ
3261 1754 3534 1826 τιθέμενον
3565 1755 3626 1809 τό
3655 1757 3702 1810 τ’
3722 1757 3820 1829 ἆρ-

2181 1859 2299 1914 χειν
2329 1839 2418 1894 καὶ
2442 1840 2504 1894 τὸ
2536 1841 2818 1914 ἄρχεσθαι,
2853 1841 3002 1914 μόνῳ
3035 1839 3094 1896 δὲ
3119 1847 3199 1914 τῷ
3226 1843 3538 1918 πατριάρχῃ
3571 1849 3822 1900 πιστεῦον

2180 1928 2270 1982 καὶ
2299 1933 2413 1988 τοῖς
2443 1928 2585 1982 οὕτω
2617 1931 2684 1982 τὰ
2712 1932 2826 1983 κατ’
2858 1929 3016 1984 αὐτὸν
3050 1927 3338 2002 διοικοῦσι,
3360 1930 3449 1985 καὶ
3482 1929 3624 2003 μηδὲ
3653 1934 3736 1987 ὅτι
3769 1933 3824 1988 τί

2186 2015 2324 2072 ἐστιν
2359 2016 2520 2092 ὅρκος
2552 2016 2783 2088 εἷδὸς,ἐξ
2807 2020 2868 2073 οὗ
2888 2020 2976 2074 καὶ
3012 2019 3224 2096 θαρῥεῖν
3245 2022 3361 2094 εἶχε
3394 2021 3487 2093 μὲν
3519 2021 3619 2076 οὐκ
3640 2024 3824 2093 αὐτὸς,

2185 2103 2314 2159 ἀλλ’
2344 2108 2396 2160 οἱ
2453 2107 2575 2181 περὶ
2622 2106 2850 2177 ἐκεῖνον,
2886 2107 3090 2163 ἐκεῖνον
3144 2108 3426 2177 σώζεσθαι.
3460 2109 3666 2165 Γίνεται
3693 2110 3820 2184 γοῦν

2188 2193 2264 2257 ὡς
2311 2195 2412 2262 τὴν
2461 2195 2641 2269 ἀρχὴν
2680 2195 3052 2271 προσετάχθη,
3077 2197 3166 2250 καὶ
3207 2201 3305 2252 τοῦ
3339 2195 3569 2272 βρέφους
3628 2201 3823 2274 μικρὸν

2191 2277 2559 2355 ὑπερϐεϐηκὸς
2613 2281 2828 2338 παιδίον
2889 2291 3151 2359 στερεῖται
3207 2290 3304 2340 τοῦ
3366 2285 3606 2361 βλέπειν,
3659 2292 3818 2342 τοῦτο

2192 2369 2356 2442 μόνον
2405 2370 3039 2448 φιλανθρωπευσαμένων
3118 2378 3226 2428 τῶν
3312 2373 3815 2449 ἐξυπηρετουμένων

2185 2461 2264 2530 τῷ
2321 2464 2502 2534 μιαρῷ
2549 2459 2893 2534 τολμήματι,
2920 2462 2980 2516 τὸ
3034 2465 3110 2534 μή
3158 2460 3404 2539 σιδήροις
3460 2463 3819 2540 ἐκπυρωθεῖσι

2181 2655 2388 2725 capite,
2443 2663 2784 2732 matureque
2829 2661 3197 2734 exstinguere
3220 2677 3352 2716 mox
3407 2667 3749 2734 erupturam
3782 2679 3813 2719 e

2183 2743 2439 2801 scintilla
2468 2746 2789 2817 ﬂammam;
2839 2765 2944 2804 nec
2975 2766 3204 2805 cessare
3241 2749 3302 2805 in
3347 2751 3816 2807 consummando

2183 2833 2338 2901 quod
2389 2833 2750 2902 inchoatum,
2797 2836 2917 2893 imo
2965 2842 3296 2908 promotum
3347 2838 3466 2893 sit:
3502 2839 3816 2895 dimidium

2183 2919 2341 2976 enim
2372 2922 2552 2977 totius
2585 2928 2736 2979 recte
2761 2925 2872 2980 dici
2906 2927 3171 2997 coepisse,
3202 2931 3449 2998 coeptum
3482 2932 3678 2983 autem
3709 2929 3818 2983 du-

2186 3008 2324 3063 dum
2356 3014 2414 3064 et
2442 3012 2673 3082 quidem
2698 3012 2960 3084 feliciter,
2995 3014 3049 3070 id
3084 3014 3639 3086 negotium,abolita
3663 3033 3820 3088 pene

2186 3099 2348 3169 pueri
2383 3101 2661 3156 memoria
2690 3118 2756 3156 ac
2787 3102 3014 3156 nemine
3034 3105 3156 3172 jam
3189 3104 3304 3158 fere
3335 3105 3625 3175 imperare
3646 3105 3812 3160 illum

2186 3187 2481 3257 opinante,
2512 3189 2712 3260 utique
2746 3190 3018 3246 Micbacle
3049 3191 3230 3248 semel
3262 3208 3328 3247 ac
3387 3192 3497 3260 bis,
3532 3193 3658 3250 sine
3698 3193 3818 3249 ulla

447 3281 731 3336 incitavit.
779 3279 888 3334 Sed
919 3277 1040 3332 haec
1089 3275 1336 3331 otiosius
1367 3280 1423 3330 et
1456 3275 1601 3329 forte
1632 3273 2077 3343 intermpestive
2106 3290 2148 3357 ρ
2187 3274 2374 3345 ipsius
2409 3282 2471 3331 ut
2501 3277 2729 3349 imperii
2759 3279 2989 3349 collegas
3013 3280 3428 3337 acclamatione
3459 3285 3561 3337 aut
3581 3283 3817 3338 omnino

443 3364 1301 3440 disputamus.Sufﬁciatigitur
1331 3363 1616 3416 hactenus
1645 3363 2078 3415 demonstrasse

441 3462 653 3512 natura
668 3457 1049 3527 conjunctum
1073 3469 1205 3508 cum
1241 3467 1518 3522 suprema
1543 3452 1826 3520 potestate
1848 3449 2078 3504 benefa-

439 3546 629 3602 ciendi
664 3545 923 3599 studium
954 3560 1101 3597 esse.
1136 3542 1258 3604 Quo
1291 3539 1407 3607 ille,
1442 3542 1726 3609 quantum
1776 3542 1865 3592 sat
1901 3543 2077 3608 esset,

442 3634 720 3706 praeditus
742 3633 914 3687 etiam
946 3632 1016 3685 ad
1049 3629 1308 3684 illustres
1342 3642 1443 3699 per
1473 3626 1697 3681 Italiam
1726 3626 1899 3695 vires,
1933 3643 2076 3696 prae-

443 3723 647 3779 sertim
680 3720 1061 3777 ecclesiastici
1094 3717 1340 3783 ordinis,
1366 3716 1536 3787 pretii
1571 3732 1682 3770 non
1706 3715 1898 3786 exigui
1926 3717 2079 3770 dona

449 3813 628 3878 misit,
658 3811 828 3882 longe
859 3824 1161 3880 aucupans
1203 3807 1313 3862 sibi
1364 3804 1842 3875 utilem'gratiam
1875 3820 2076 3858 eorum

447 3902 519 3956 ad
552 3917 796 3956 arcanas
849 3896 1314 3970 opportunitates
1343 3892 1728 3950 consiliorum
1780 3896 2076 3946 votorum-

447 4005 581 4060 que,
613 4007 738 4062 quaa
769 3992 964 4044 mente
993 3987 1278 4042 versabat.

479 4098 564 4153 10.
601 4098 664 4154 Ut
687 4101 929 4152 amotum
956 4096 1028 4149 ab
1048 4092 1270 4164 imperii
1288 4092 1560 4147 consortio
1581 4093 1854 4146 Joannem
1868 4089 2042 4159 impe-

971 4175 1123 4220 rator
1149 4164 1531 4220 emanauerit.

512 4261 730 4311 Horum
778 4271 961 4310 unum
1001 4257 1144 4319 erat,
1178 4257 1236 4308 et
1273 4250 1558 4323 profunde
1609 4248 1848 4318 quidem
1881 4247 2077 4304 animo

443 4346 620 4400 ﬁxum
651 4345 910 4415 olimque
955 4347 1272 4410 versatum,
1311 4336 1620 4408 expunctio
1655 4335 1886 4407 pupilli,
1909 4337 2078 4407 cujus

443 4433 812 4505 cogitationis
851 4448 919 4488 ex
948 4432 1231 4486 hactenus
1280 4431 1576 4496 utcunque
1616 4423 1988 4478 dissimulata
2013 4424 2071 4477 in

445 4538 590 4593 opus
635 4526 896 4593 apertum
955 4517 1268 4588 aliquando
1300 4513 1657 4587 proferendis
1712 4513 2078 4567 commodam

2187 3367 2503 3436 mentione,
2553 3372 2826 3424 coronato
2871 3385 2973 3440 per
3019 3369 3340 3425 solemnem
3399 3387 3433 3426 a
3488 3371 3819 3442 patriarcha

2181 3456 2587 3512 cazremoniam
2612 3475 2625 3524 ;
2651 3459 2804 3512 unde
2835 3460 3054 3515 sensim
3087 3459 3350 3515 difﬂuere
3379 3477 3445 3515 ac
3477 3477 3819 3518 evanescere

2181 3543 2339 3598 hunc
2385 3544 2545 3599 illius
2577 3545 2855 3602 honorem
2886 3563 3123 3603 necesse
3153 3548 3249 3616 sit,
3287 3553 3352 3604 ut
3383 3548 3550 3604 facile
3571 3550 3695 3620 jam
3737 3551 3814 3613 sit

2183 3634 2334 3703 quod
2370 3635 2532 3689 deest
2551 3635 2784 3701 addere,
2811 3653 2875 3691 ac
2909 3636 3204 3708 fastigium
3228 3638 3483 3709 aliejam
3506 3640 3819 3695 exstructis

2184 3720 2568 3794 ultimamque
2585 3723 2742 3778 velut
2772 3741 3009 3780 manum
3043 3725 3201 3797 operi
3235 3732 3816 3799 provectoumponere

2183 3811 2464 3866 demenda
2521 3810 2574 3865 in
2641 3817 2940 3883 posterum
3015 3813 3176 3868 omni
3219 3831 3342 3886 spe.
3398 3815 3697 3886 Ejusmodi
3756 3816 3816 3870 in

2185 3899 2484 3954 Michaelis
2515 3901 2730 3968 animo,
2763 3901 2987 3957 calcata
3009 3903 3163 3972 juris
3192 3908 3248 3959 et
3287 3903 3437 3974 aequi
3479 3904 3818 3971 reverentia,

2183 3989 2571 4060 praevalebant
2601 3991 2792 4062 impiae
2811 3992 3214 4064 cogitationes,
3245 3992 3566 4049 ambitione
3607 4011 3819 4051 vesana

2183 4082 2403 4132 etcreco
2435 4095 2629 4134 amore
2663 4081 3020 4151 principatus
3053 4081 3399 4151 posthabere
3430 4081 3594 4138 ﬂuxas
3615 4082 3809 4154 gloria:

2182 4166 2283 4221 Dci
2314 4171 2532 4222 metum
2566 4170 2968 4224 suadentibus.
3005 4170 3206 4242 Itaque
3253 4170 3344 4225 his
3395 4170 3818 4242 impulsoribus

2183 4255 2489 4326 expeditur
2519 4258 2774 4328 impetus
2805 4257 2863 4312 in
2887 4257 3145 4314 immane
3171 4275 3345 4330 quam
3381 4263 3542 4314 atrox
3582 4259 3815 4330 Deoque

2185 4358 2423 4398 exosum
2470 4345 2715 4408 facinus,
2745 4345 3379 4418 mittenteimperatore
3401 4347 3499 4417 qui
3523 4348 3818 4416 suojussu

2182 4436 2788 4503 excaecarentpucrum
2807 4433 2997 4488 adhuc
3023 4435 3322 4499 tenellam,
3348 4439 3404 4490 et
3426 4435 3672 4489 necdum
3703 4438 3820 4490 fere

2185 4519 2326 4590 quid
2357 4520 2432 4573 sit
2460 4520 2739 4590 gaudium
2769 4527 2869 4576 aut
2898 4521 3062 4576 dolor
3094 4522 3370 4576 scientem
3413 4539 3517 4592 per
3565 4527 3817 4591 aetatem,

446 4626 603 4664 nunc
647 4610 754 4663 sibi
798 4609 1104 4662 videbatur
1151 4605 1640 4677 Opportunitatem
1670 4601 1950 4672 temporis
1981 4617 2076 4655 na-
2105 4643 2151 4706 Β
2186 4600 2566 4668 cuiqueidem
2585 4605 2685 4656 aut
2708 4601 3420 4673 perindeessetimperare
3442 4601 3529 4656 vel
3551 4602 3818 4672 subesse,

449 4703 597 4755 ctus.
627 4698 955 4752 Absurdum
983 4701 1039 4751 et
1065 4693 1598 4768 perincommodum
1619 4691 1860 4761 putabat
1891 4689 2075 4744 adhae-

449 4804 574 4842 rere
605 4788 781 4840 istum
817 4786 926 4840 sibi
961 4801 1202 4855 puerum
1237 4782 1462 4853 imperii
1493 4779 1796 4849 collegam,
1822 4793 1926 4832 nec
1959 4795 2075 4832 ma-

448 4876 537 4947 gis
552 4873 852 4930 tolerabile
866 4878 967 4928 aut
983 4872 1147 4928 facile
1163 4889 1337 4942 quam
1353 4873 1466 4926 duo
1481 4869 1655 4940 (quod
1679 4867 1860 4936 aiunt)
1885 4867 2076 4937 capita

448 4982 564 5019 uno
605 4963 712 5030 tegi
748 4961 917 5032 pileo.
935 4962 1079 5016 Nam
1107 4966 1489 5032 praeterquam
1507 4958 1660 5028 quod
1681 4957 1763 5011 sic
1783 4961 1987 5010 nutare
2011 4972 2075 5010 ac

446 5053 688 5106 minime
715 5052 828 5106 sibi
860 5055 1077 5104 certum
1113 5047 1484 5103 existimabat
1513 5046 1632 5099 fore
1682 5044 2074 5114 principatum

444 5142 590 5196 191
657 5155 850 5203 suum,
909 5139 1056 5193 votis
1104 5136 1372 5192 videlicet
1393 5133 1697 5188 hominum
1747 5131 1970 5196 divisis,
2017 5136 2076 5186 et

444 5229 797 5300 quibusdam
822 5228 1059 5297 quidem
1087 5226 1183 5279 uni
1223 5225 1470 5278 duorum
1505 5220 2070 5291 Augustorum,aliis

443 5315 1016 5378 alteristudcntibus,
1041 5313 1218 5368 etiam
1241 5309 1599 5380 perturbatio
1627 5306 1959 5378 reipublicae
1995 5314 2074 5364 to-

445 5406 564 5461 tius
587 5411 783 5474 etquzr:
804 5407 1137 5474 sequuntur
1164 5417 1230 5454 ex
1253 5399 1534 5470 regimine
1567 5397 1815 5466 plurium
1851 5396 2072 5451 incom-

449 5495 622 5549 moda
646 5494 925 5562 indejure
947 5491 1323 5547 timebantur.
1341 5486 1589 5541 Omnino
1610 5485 1785 5555 igitur
1805 5485 2073 5556 expedire

445 5583 669 5638 semina
699 5582 1022 5636 novitatum
1057 5581 1113 5632 in
1155 5577 1473 5631 multorum
1499 5576 1621 5644 jam
1655 5573 1886 5642 animis,
1913 5575 2073 5644 pueri

447 5671 675 5742 ﬁducia,
711 5667 1066 5741 periculosos
1096 5683 1274 5723 ausus
1325 5662 1754 5735 designantium
1786 5661 2071 5718 eliderein

2187 4687 2454 4758 infantia,
2504 4705 2629 4758 quae
2686 4688 2922 4744 vixdum
2964 4695 3312 4760 excesserat,
3361 4691 3569 4745 talium
3621 4707 3817 4746 rerum

2183 4775 2488 4846 ignorante
2519 4777 2853 4844 discrimen,
2898 4778 3363 4849 acquiescentem
3404 4783 3593 4834 autem
3647 4779 3818 4834 unice

2184 4864 2319 4919 ﬁdei
2367 4864 2852 4936 providentiacque
2883 4866 3243 4937 patriarchae,
3295 4866 3648 4922 nescientem
3684 4884 3818 4923 vero

2184 4955 2322 5024 quid
2347 4953 2747 5022 juramentum
2779 4956 2856 5008 sit
2894 4972 3139 5025 quaeque
3167 4955 3256 5010 vis
3293 4955 3591 5027 religionis
3624 4956 3814 5024 istius,

2185 5057 2360 5111 quam
2395 5057 2508 5094 non
2543 5041 2686 5112 ipse,
2720 5043 2821 5097 sed
2843 5041 2882 5096 ii
2905 5043 3118 5114 quibus
3141 5047 3264 5099 erat
3285 5061 3433 5099 curae
3448 5044 3813 5114 profuturam

2184 5130 2234 5184 ei
2267 5130 2337 5184 ad
2371 5130 2610 5184 tutelam
2631 5131 3122 5201 securitatemque
3157 5132 3373 5188 frustra
3420 5137 3814 5203 speraverant.

2187 5219 2334 5273 I92
2371 5219 2512 5289 Ergo
2538 5218 2798 5289 privatur
2827 5219 3008 5274 oculis
3042 5220 3316 5291 parvulus
3344 5219 3581 5291 paulum
3607 5237 3812 5292 super-

2182 5307 2880 5377 gressusinfantiam,hoc
2896 5307 3081 5363 solum
3107 5308 3815 5378 humaneindulgentibus

2186 5396 2466 5450 ministris
2490 5396 2718 5450 barbari
2755 5398 3035 5465 mandati,
3069 5407 3130 5451 ut
3162 5414 3272 5452 non
3333 5397 3531 5453 ferreis
3560 5397 3737 5452 clavis
3785 5413 3816 5452 ο

2187 5486 2412 5540 fornace
2442 5484 3378 5541 candentibusoccllostenellulos
3411 5487 3691 5556 foderant,
3714 5486 3813 5541 sed

2181 5573 2533 5643 crepitaculo
2565 5575 2816 5644 quodam
2851 5573 3031 5642 ignito
3064 5573 3206 5629 aciei
3265 5574 3557 5629 luminum
3588 5576 3814 5645 objecta

2180 5662 2414 5718 videndi
2439 5662 2769 5718 facultatem
2785 5663 3160 5719 absumerent
3183 5666 3238 5719 et
3255 5662 3474 5719 sensim
3506 5663 3814 5720 arefectam
