4162 6292
395 341 505 397 633
1474 341 1566 393 DE
1603 339 1977 395 MICHAELB
2015 337 2458 393 PALEOLOGO
2495 339 2625 393 LIB.
2666 342 2762 393 III.
3683 332 3788 388 634

392 464 521 528 τοὺς
554 462 876 537 ὀφθαλμοὺς
928 462 1290 537 λυμήνασθαι,
1342 461 1469 519 ἀλλ’
1509 462 1688 537 ἠχείῳ
1716 460 1824 515 τινὶ
1854 480 2040 534 πυρω-
2073 463 2124 529 Α
2153 460 2398 516 τελοῦντι
2456 460 2893 537 γραμματικοὺς,
2954 461 3346 536 ὑπὲρπαθουντι
3396 457 3441 513 δ’
3492 456 3643 531 ὅμως
3694 460 3790 512 τοῦ

397 556 543 618 θέντι
602 553 688 607 ἐπὶ
748 556 856 606 τῶν
903 546 1076 623 ὄψεων
1126 553 1410 628 φερομένῳ
1459 551 1749 621 ἐξοπτῆσαι
1794 555 1874 621 τῷ
1920 570 2041 603 νεα·
2153 548 2404 605 Ἰωάννου
2444 550 2668 604 τοιαῦτα
2697 548 2960 613 παθόντος
2991 547 3211 614 ἀδίκως,
3245 549 3289 601 ὦ
3320 545 3482 617 δίκηί
3528 546 3617 600 καὶ
3647 544 3793 618 παρᾶ

393 643 565 713 νίσκῳ
620 640 751 700 τοὺς
811 638 1132 715 ὀφθαλμοὺς
1195 639 1672 713 ἀπομαρανθέντας
1742 642 1811 711 τῇ
1882 636 2042 691 ἐκπυ-

401 732 568 804 ρώσει
627 728 717 781 καὶ
772 728 954 799 ἠρὲμα
1013 722 1327 790 σϐεσθέντας
1378 728 1440 781 τὸ
1491 726 1734 781 ὀπτικόν.
1786 726 1932 781 Μεθὸ
1987 723 2044 779 δὲ

396 819 550 873 ταῦτ’
602 815 886 887 ἐτολμήθη
944 816 1079 869 κατὰ
1132 817 1230 884 τήν
1300 816 1508 890 ἡμέραν
1557 822 1657 882 τῆς
1709 815 1901 886 ἑορτῆς
1946 818 2042 867 τοῦ

403 913 687 979 Σωτῆρος,
748 903 862 957 καθ’
918 904 979 970 ἣν
1031 900 1132 977 ἄρα
1180 903 1269 956 καὶ
1318 903 1571 977 ἐγεννήθη
1624 904 1706 975 [Ρ.
1744 904 1863 974 128]
1896 902 2038 975 χειρὶ

406 995 499 1067 μὲν
559 991 902 1068 παρανόμῳ,
959 991 1243 1065 προστάξει
1299 989 1356 1045 δὲ
1411 992 1884 1065 παρανομωτέρα,
1945 992 2037 1067 cpi-

403 1104 584 1157 ροντες
643 1082 840 1158 φόρτον
892 1079 1121 1134 ἐλεεινὸν
1182 1083 1271 1134 καί
1327 1082 1441 1134 οἷον
1505 1078 1716 1153 ἄψυχον
1772 1084 1849 1149 τῷ
1906 1080 2039 1154 πρὸς

402 1171 672 1237 θάλασσαν
724 1175 830 1224 τῶν
884 1169 1227 1239 Νικητιάτων
1281 1176 1380 1238 τῆς
1436 1163 1736 1238 Δακιϐύζης
1793 1168 2037 1244 φρουρίῳ

397 1257 451 1312 ἐν
509 1256 739 1331 ἀσφαλεῖ
792 1256 1210 1323 κατακλείουσι,
1269 1255 1357 1309 καὶ
1414 1257 1466 1309 οἱ
1539 1256 1763 1331 φρουροί
1824 1254 2038 1330 ἐγκαθί-

394 1366 633 1413 στανται,
720 1344 1120 1417 ἀποταχθὲντος
1196 1344 1496 1417 αὐτάρκους
1575 1343 1881 1418 σιτηρεσίου
1958 1348 2038 1415 τῷ

392 1433 847 1508 ἐγκεκλεισμένῳ.
906 1434 1105 1507 ’Ὁρκοι
1138 1430 1185 1486 δ’
1239 1432 1433 1487 ἐκεῖνοι
1486 1432 1575 1487 καὶ
1634 1432 1898 1495 συνθεσίαι
1948 1433 2037 1487 καὶ

392 1520 728 1595 ἐμπεδώσεις
780 1522 999 1595 φρικταὶ
1047 1521 1121 1583 ὡς
1176 1519 1393 1595 λάχανα
1438 1518 1773 1590 κατεδήδοτο
1824 1518 2039 1595 βασιλεῖ

392 1609 646 1667 δοκοῦντι
675 1611 981 1688 ΘεοφίΛειαν
1017 1609 1187 1686 ἔχειν,
1220 1609 1288 1665 δι’
1312 1613 1373 1679 ἢν
1405 1610 1494 1665 καὶ
1524 1609 1865 1683 προύτιμᾶτο
1893 1610 2038 1683 παρά

389 1702 487 1766 τῆς
522 1699 850 1768 Ἐκκλησίας
881 1699 958 1759 εἰς
987 1701 1086 1767 τὴν
1120 1698 1318 1773 ἀρχήν.
1356 1697 1506 1754 Ἀλλ’
1534 1699 1600 1767 ἦν
1630 1696 1733 1773 ἄρα
1775 1700 1835 1752 τὸ
1879 1699 2036 1774 λεγό-

394 1808 552 1859 μενον
588 1785 915 1856 ἀληθὲς,ὡς
956 1787 1133 1861 Ἀρχή
1193 1784 1349 1855 δείξει
1400 1784 1585 1859 ἅνδρα³
1639 1782 1802 1857 ἔδειξε
1849 1785 1950 1859 γὰρ
2002 1788 2036 1853 ἠ

391 1875 537 1949 ἀρχή
587 1873 857 1943 κάκεῖνον,
909 1874 1060 1935 ὅπως
1109 1871 1271 1946 ἔμελὲ
1318 1874 1369 1928 oi.
1412 1878 1509 1928 τοῦ
1558 1870 1767 1927 δικαίου
1810 1873 1898 1927 καὶ
1940 1880 2039 1942 τῆς

390 1963 512 2036 περὶ
540 1963 634 2016 τὸν
690 1962 819 2017 Θεὸν
872 1956 1177 2023 εὐλαϐείας.
1230 1960 1382 2030 Πλὴν
1432 1960 1763 2037 τυφλώττων
1794 1961 2038 2023 κάκεῖνος

392 2053 459 2124 τῇ
488 2058 586 2120 τῆς
641 2048 803 2119 δόξης
855 2051 1175 2123 ματαιότητι
1223 2051 1325 2118 τὴν
1372 2051 1557 2124 ψυχὴν
1592 2048 1889 2122 ἐκτυφλοῦν
1923 2048 2040 2104 ἐκέ-

395 2139 517 2195 λευε
545 2143 870 2212 σωματικῶς
896 2140 987 2194 τὸν
1017 2137 1275 2194 ἀναίτιον.

397 2246 483 2300 ια’.
534 2243 784 2318 Τὰλπερῖ
834 2248 931 2318 τοῦ
982 2238 1306 2318 ’ρλοϐώλου
1334 2244 1638 2318 ,Μανουήῂ
1666 2243 1884 2312 καὶτῆς
1931 2247 2037 2299 τῶν

635 2311 845 2369 λοιπῶν
881 2311 1234 2388 ὑποϐλέψεως
1268 2314 1357 2368 διὰ
1384 2316 1475 2368 τὸν
1509 2311 1786 2384 Ἰωάννην.

467 2401 607 2458 Τότε
664 2400 720 2456 δὲ
772 2404 860 2456 καὶ
930 2403 1107 2464 αῗτίας
1176 2402 1527 2474 πλασάμενος
1581 2401 1661 2473 τῷ
1729 2399 2035 2475 Ὀλοόώλῳ

400 2489 684 2558 Μανουὴλ,
714 2488 915 2562 παιδίῳ
962 2512 1024 2564 γε
1072 2486 1187 2545 ὄντι
1233 2489 1323 2545 καὶ
1373 2490 1449 2552 εἰς
1478 2488 1605 2552 τοὺς
1654 2489 1885 2553 οἰκείους
1915 2490 2037 2545 τότε

404 2616 867 2687 depascerentur.
902 2618 963 2672 Id
999 2617 1224 2672 facinus
1256 2633 1436 2686 supra
1490 2633 1723 2672 omnem
1784 2618 2021 2674 modum

393 2703 627 2760 crudele
658 2705 750 2759 die
771 2705 1032 2760 omnium
1056 2704 1425 2760 sanctissima
1448 2710 1505 2759 et
1529 2705 1778 2760 maxime
1801 2706 2021 2774 festiva,

397 2792 607 2847 Christi
639 2792 951 2848 Salvatoris
984 2792 1167 2848 nostri
1223 2792 1425 2861 natali,
1459 2796 1853 2864 perpetratum
1913 2798 2023 2862 est,

397 2881 671 2936 manibus
703 2880 1152 2945 scelestissimis,
1177 2882 1453 2935 mandato
1479 2882 1656 2935 multo
1674 2883 1847 2935 etiam
1873 2882 2025 2936 dete-

396 2968 701 3024 stabiliori.
722 2970 844 3032 Quo
870 2968 1064 3023 statim
1092 2970 1240 3023 facto
1262 2969 1794 3039 harpyzeimmancs
1816 2970 2023 3025 iisdem

387 3057 706 3129 unguibus,
738 3058 955 3128 quibus
988 3058 1239 3127 praedam
1264 3056 1557 3111 innoxiam
1583 3058 2024 3113 excarniﬁcave-

2148 638 2210 692 τὸ
2264 638 2429 705 εἰκὸς,
2482 639 2784 716 ἀφαιρεῖται
2837 638 2984 713 ῥινὸς
3030 639 3198 706 αὐτῆς
3235 636 3497 708 μετὰτῶν
3532 633 3785 709 χειλέων.

2147 728 2389 787 Ἐκεῖνος
2448 724 2504 780 δὲ
2549 726 2852 801 παραυτίκα
2901 724 3294 801 ῥακενδυτήσας
3335 726 3434 790 τὴν
3488 724 3657 793 μονὴν
3691 726 3786 776 τοῦ

2151 811 2473 889 Προδρόμου
2508 814 2829 889 εἰσέρχεται.
2864 815 2961 868 Καὶ
2993 812 3059 882 δὴ
3102 812 3306 876 ἄλλους
3362 812 3651 872 πλεῖστους
3697 809 3785 864 διὰ

2145 904 2311 957 ταῦτα
2367 900 2808 975 ὑποϐλεπόμενος
2864 903 2991 964 τοὺς
3053 902 3145 973 μὲν
3207 901 3259 955 ἐν
3318 898 3545 971 οὐδεμιᾷ
3602 894 3785 953 ἔταττε

2152 991 2336 1065 μοίρᾳ,
2364 991 2489 1052 τοὺς
2522 990 2578 1046 δὲ
2601 990 2689 1046 καὶ
2740 990 2979 1059 ἐκόλαζε.
3014 993 3273 1045 Τοιοῦτον
3322 989 3425 1061 γὰρ
3468 988 3530 1041 τὸ
3585 988 3660 1060 μὴ
3694 987 3779 1040 εὐ-

2146 1080 2329 1151 νόμως
2388 1077 2573 1153 ἄρχειν
2632 1077 2777 1134 ἀλλὰ
2830 1083 3183 1153 τυραννικῶς·
3244 1080 3325 1138 οἷς
3381 1077 3482 1151 γὰρ
3542 1074 3783 1149 ἁμαρτά-

2146 1190 2250 1223 νειν
2312 1164 2592 1240 συμϐαίνει
2652 1169 2742 1222 τὸν
2815 1166 3083 1242 ἄρχοντας
3154 1166 3367 1227 τούτοις
3431 1163 3781 1235 ὑπειδόμενον

2144 1256 2271 1318 τοὺς
2328 1262 2436 1310 τῶν
2491 1257 2788 1331 ἀνθρώπιον
2846 1253 3251 1324 εὐσυνειδῆτους
3312 1255 3608 1327 ἄχθεσθαι,
3666 1252 3782 1305 ἐπεὶ

2148 1344 2247 1399 οὐκ
2292 1341 2432 1399 ἔστιν
2491 1343 2690 1399 ἐκεῖνον
2764 1350 3038 1416 μετανοεῖν
3109 1343 3188 1419 ἐφ’
3248 1344 3326 1403 οἷς
3388 1340 3636 1414 ἔπραχθη
3693 1340 3783 1393 καὶ

2146 1435 2474 1507 συγγνώμην
2531 1438 2709 1503 ζητεῖν
2769 1431 3226 1505 παραιτούμενον,
3295 1432 3497 1504 ἀνάγκη
3558 1428 3781 1490 δικαίως

2146 1520 2462 1575 πιστεύοντα
2512 1521 2906 1595 ἀπεχθάνεσθαι
2969 1525 3142 1592 μισεῖν
3201 1518 3439 1580 ἐντεῦθεν
3488 1518 3613 1578 τοὺς
3648 1518 3783 1571 ὑπο-

2146 1611 2470 1681 νοουμένους
2530 1611 2615 1664 καὶ
2676 1615 2936 1683 τιμωρεῖν
2971 1650 2983 1662 .
3042 1610 3143 1662 Ἦν
3203 1606 3295 1661 οὗν
3357 1606 3479 1660 τότε
3530 1605 3666 1658 κατά
3718 1606 3780 1657 τὸ

2147 1699 2367 1772 ἀρχεῖον
2415 1700 2631 1773 ταραχή
2682 1700 2964 1771 λογισμῶν
3003 1691 3157 1774 φόϐῳ
3189 1697 3516 1768 σύμμικτος,
3545 1697 3654 1748 τῶν
3687 1693 3780 1765 μὲν

2146 1784 2429 1859 λογισμῶν
2464 1787 2549 1859 [Ρ.
2584 1788 2704 1857 129]
2740 1783 2880 1856 μηδὲ
2915 1786 3004 1838 τὸν
3038 1783 3344 1857 ἀνάλγητον
3373 1782 3525 1856 φύσει
3556 1784 3781 1855 ἠρεμεῖν

2147 1870 2380 1938 ἐώντων,
2407 1876 2503 1924 τοῦ
2535 1869 2591 1926 δὲ
2623 1866 2816 1944 φόϐου,
2850 1872 2923 1932 ὡς
2960 1872 3031 1943 μή
3064 1892 3149 1932 τις
3184 1870 3366 1943 μαθὼν
3390 1868 3784 1943 προσαγγείλοι

2146 1958 2234 2012 καὶ
2267 1958 2328 2013 οὗ
2356 1960 2528 2034 φυκτὰ
2576 1961 2626 2013 οἱ
2678 1960 2745 2013 τὰ
2772 1965 2871 2027 τῆς
2903 1958 3179 2019 κολάσεως
3228 1960 3463 2025 γένοιτο,
3514 1957 3782 2027 παρευοὺς

2147 2045 2558 2108 συστέλλοντος
2594 2044 2740 2114 δεινή
2781 2047 2883 2121 γὰρ
2928 2047 2979 2099 ἐν
3026 2047 3452 2121 προσαγγελίαις
3503 2043 3783 2120 διαφερόν-

2142 2156 2253 2197 τως
2278 2138 2344 2203 iv
2376 2138 2409 2205 ἡ
2441 2140 2536 2190 τοῦ
2566 2156 2684 2190 ττνα
2710 2133 2886 2190 δοκεῖν
2928 2137 3273 2209 προσκεῖσθαι
3302 2139 3382 2205 τῷ
3412 2131 3565 2187 παιδὶ
3597 2134 3785 2189 Ἰωάν-

2144 2244 2208 2297 νῃ
2238 2225 2325 2277 καὶ
2356 2229 2651 2297 συμπαθεῖν
2664 2267 2675 2277 .

2150 2331 2239 2405 ιβ’.
2296 2330 2377 2386 Τὰ
2431 2331 2577 2405 κατὰι⁸
2618 2328 2745 2405 τους
2826 2328 3126 2405 Ζργηνοὺς,
3191 2326 3341 2405 ὅπως
3413 2328 3781 2398 ἀπεστάτησαν

2554 2399 2821 2475 βασιλέως
2859 2398 3061 2455 διαντὸν
3091 2401 3372 2468 Ἰωάννην.

2217 2490 2351 2563 Παρ’
2405 2490 2465 2558 ἢν
2516 2488 2687 2543 αἰτίαν
2743 2488 2833 2543 καὶ
2890 2488 3074 2563 ὀλίγον
3133 2488 3349 2564 ὕστερον
3413 2490 3464 2544 οἱ
3518 2488 3653 2543 κατὰ
3678 2494 3782 2558 τῆς

2137 2615 2292 2671 Alios
2322 2615 2459 2671 item
2492 2616 2776 2687 plurimos
2796 2615 3050 2672 similem
3074 2616 3146 2671 ob
3169 2632 3406 2671 causam
3432 2616 3544 2670 sibi
3571 2630 3777 2687 suspe-

2135 2709 2259 2759 ctos
2285 2704 2622 2774 invisosque
2644 2703 2855 2774 partim
2885 2704 3042 2758 ultus
3059 2705 3479 2759 contumelioso
3502 2704 3770 2775 neglectu

2134 2796 2240 2859 est,
2275 2791 2497 2846 nullam
2530 2808 2730 2846 eorum
2789 2791 2847 2845 in
2906 2792 3319 2847 distributione
3377 2793 3660 2847 bonorum
3704 2808 3767 2846 ac

2136 2897 2445 2935 munerum
2470 2880 2751 2935 rationem
2769 2879 3227 2952 habens,partim
3254 2881 3514 2951 quaesitis
3537 2885 3770 2952 prmtex-

2134 2968 2292 3023 tibus
2321 2968 2469 3022 male
2496 2968 2785 3022 multavit.
2821 2973 2900 3021 En
2934 2969 3157 3023 fructus
3188 2968 3417 3040 imperii
3451 2986 3561 3023 non
3601 2969 3772 3039 juxta

2132 3055 2287 3125 leges
2313 3058 2613 3129 tyrannica
2664 3056 2809 3127 parti
2868 3057 3155 3128 gestique.
3216 3056 3439 3128 Quippe
3496 3057 3767 3129 princeps

384 3150 543 3210 rant,
566 3162 718 3200 onus
743 3145 1074 3199 miserabile
1092 3144 1423 3215 corpusculi
1448 3145 1576 3199 luce
1624 3146 1768 3199 cassi
1793 3151 1849 3200 et
1869 3146 2027 3201 velut
2055 3145 2097 3212 Ο
2136 3144 2487 3210 istiusmodi,
2531 3162 2656 3215 quae
2681 3144 2839 3216 large
2866 3145 3217 3213 peccaverit;
3251 3162 3383 3199 cum
3417 3162 3449 3199 a
3473 3146 3668 3215 probis
3714 3150 3771 3201 et

385 3234 640 3291 exanimi
674 3233 944 3288 tollentes
970 3234 1029 3288 in
1062 3249 1253 3289 arcem
1290 3232 1434 3288 illud
1468 3233 1820 3288 maritimam
1856 3233 2031 3289 Nice-

385 3322 687 3389 tiatarum,
727 3322 1015 3393 Dacibjzze
1046 3320 1287 3385 dictam,
1322 3320 1733 3391 importarunt,
1767 3325 1893 3376 tuta
1914 3321 2033 3378 illic

390 3414 447 3466 et
472 3411 900 3483 impenetrabili
925 3410 1185 3465 custodia
1208 3411 1523 3464 tenendum
1549 3410 1815 3466 ﬁdissimi
1839 3412 2030 3482 praesi-

392 3499 490 3570 dii,
524 3516 758 3555 annona
778 3498 835 3552 in
871 3498 1151 3553 alimenta
1172 3498 1407 3565 inclusi,
1430 3502 1716 3569 quantum
1745 3505 1834 3554 sat
1864 3500 2028 3567 foret,

392 3588 644 3660 provisa.
670 3589 1009 3643 Juramenta
1040 3588 1213 3658 porro"
1231 3586 1330 3642 illa
1352 3590 1407 3642 et
1427 3591 1593 3657 pacta
1613 3588 2031 3660 exquisitasque

390 3678 461 3732 ad
484 3676 828 3730 firmandam
849 3674 1022 3730 ﬁdem
1047 3675 1369 3744 cautiones,
1391 3674 1688 3730 horrenda:
1712 3677 2032 3746 quinetiam

393 3766 658 3818 dirarum
680 3762 1132 3833 imprecationes
1156 3763 1211 3816 in
1238 3762 1628 3824 fallentemmt
1648 3762 1803 3818 olera
1825 3764 2030 3835 deglu-

391 3854 499 3908 tita
530 3855 671 3907 sunt
701 3853 771 3906 ab
804 3852 1152 3922 imperatore
1186 3850 1524 3919 religionem
1558 3850 1771 3906 habere
1804 3852 1943 3918 viso,
1976 3858 2032 3907 et

391 3946 457 3996 ut
485 3941 586 3995 tali
619 3940 827 3995 eximie
857 3941 928 3994 ab
960 3938 1218 3993 Ecclesia
1252 3938 1530 3994 honorato
1554 3954 1781 4009 praeque
1803 3940 2029 3995 cunctis

388 4030 461 4087 ad
487 4029 795 4100 imperium
822 4032 1105 4101 promoto.
1132 4032 1345 4082 Verum
1370 4042 1578 4098 nempe
1597 4031 1687 4082 est
1708 4028 1859 4099 quod
1885 4028 2029 4082 dici-

388 4124 505 4186 tur,
528 4117 901 4187 Magistratus
933 4116 1197 4171 ostendet
1226 4116 1440 4171 virum.
1472 4115 1615 4170 Nam
1648 4114 1805 4170 hunc
1836 4116 2028 4187 qualis

392 4212 566 4272 esset,
591 4205 783 4277 palam
816 4205 1071 4260 ostendit
1103 4204 1500 4275 magistratus:
1533 4220 1711 4276 quam
1742 4203 1824 4259 illi
1876 4221 2027 4260 curae

382 4296 485 4365 jus
518 4296 719 4365 fasque
750 4299 924 4361 esset,
975 4292 1166 4363 qualis
1218 4298 1376 4347 esset
1432 4292 1489 4347 in
1548 4292 1732 4346 Deum
1791 4294 2023 4363 pietate,

387 4384 809 4437 demonstravit
831 4380 1164 4450 imperium.
1189 4381 1470 4435 Caeterum
1493 4386 1811 4435 excaecatus
1842 4386 1898 4435 et
1929 4381 2025 4435 ille

389 4471 610 4538 animo,
644 4474 703 4525 et
732 4468 1069 4541 caliginosis
1101 4467 1330 4523 nebulis
1362 4467 1557 4539 gloriae
1616 4470 1845 4523 caducae
1876 4484 2022 4523 verae
2055 4503 2100 4568 υ

386 4559 673 4614 mentium
707 4558 855 4611 lucis
886 4557 1103 4611 intuitu
1136 4558 1375 4624 amisso,
1410 4556 1627 4613 nefarie
1654 4558 1895 4628 pascepit
1931 4556 2023 4611 in-

385 4651 686 4703 nocentem
720 4646 846 4701 visu
880 4644 1140 4717 corporis
1171 4644 1405 4715 privari.

388 4755 473 4808 14.
509 4755 579 4809 De
612 4752 868 4808 Holobolo
898 4750 1168 4815 Manuale,
1203 4759 1256 4806 et
1292 4749 1789 4821 desuspicionibus
1837 4750 2019 4805 odiis-

740 4839 842 4894 que
871 4822 931 4877 in
963 4823 1203 4892 reliquos
1232 4824 1457 4877 Joannis
1485 4838 1667 4876 causa.

455 4912 652 4983 Neque
682 4911 792 4965 hoc
822 4914 1151 4978 contentus,
1185 4910 1451 4965 confictis
1487 4913 1621 4963 tunc
1666 4909 1860 4965 causis
1899 4915 2022 4965 Ma—

384 5000 616 5057 nuelem
655 4999 1019 5069 Holobolum,
1054 5015 1301 5069 puerum
1359 5003 1567 5053 tenerae
1629 4998 1813 5053 aetatis
1870 5003 1925 5053 et
1960 4998 2019 5053 in

384 5088 840 5146 domesticorum
871 5087 1390 5158 grammaticorum
1450 5091 1583 5142 tunc
1640 5086 1841 5142 ordine
1868 5088 2018 5142 193

382 5181 727 5244 merentem,
755 5175 909 5245 quod
940 5175 988 5228 is
1006 5174 1260 5245 graviter
1282 5177 1427 5230 ferre
1448 5175 1604 5229 visus
1625 5179 1776 5230 esset
1800 5192 1921 5244 quae
1959 5175 2017 5229 in

378 5268 664 5324 Joannem
698 5269 816 5319 tam
850 5263 1162 5319 crudeliter
1191 5268 1317 5319 acta
1338 5264 1576 5331 viderat,
1603 5281 1777 5335 quam
1803 5266 2019 5333 injuste

377 5357 583 5429 (testor
606 5355 707 5422 jus
737 5358 795 5408 et
823 5354 1101 5422 aequum),
1136 5369 1310 5422 quam
1334 5352 1488 5407 ultra
1517 5369 1746 5408 omnem
1782 5354 2018 5407 modum

380 5442 739 5512 immaniter,
762 5440 1015 5497 mutilari
1042 5442 1186 5495 foede
1208 5442 1384 5511 jussit
1406 5442 1664 5497 abscisso
1688 5458 1815 5496 cum
1839 5440 2020 5496 labris

381 5548 548 5589 naso.
584 5530 683 5585 Ille
724 5535 920 5585 autem
952 5529 1131 5584 miser
1160 5529 1241 5584 ita
1269 5529 1625 5584 deformatus
1671 5530 2019 5585 centunculo

378 5620 626 5676 indutus
651 5618 710 5672 in
734 5616 1153 5673 monasterium
1180 5620 1560 5673 Praecursoris
1586 5618 1887 5689 ingressus
1906 5623 2015 5674 est.

2137 3232 2303 3287 bonae
2316 3233 2681 3289 conscientia:
2694 3233 3030 3288 hominibus
3048 3238 3147 3289 aut
3166 3235 3640 3289 animadverterit
3671 3239 3772 3289 aut

2138 3322 2472 3391 suspicatus
2504 3322 2676 3376 fuerit
2706 3322 3041 3393 vituperari,
3086 3323 3425 3377 exardescat
3473 3323 3530 3377 in
3589 3324 3771 3379 furias

2138 3423 2373 3463 necesse
2403 3414 2527 3477 est;
2562 3414 2617 3463 et
2640 3412 2738 3479 qui
2764 3411 3158 3479 paenitentiam
3184 3412 3443 3482 proﬁteri
3468 3429 3770 3484 perperam

2136 3502 2398 3552 actorum
2424 3502 2523 3550 aut
2542 3498 2763 3552 veniam
2790 3513 3022 3568 poscere
3043 3498 3293 3553 alienum
3318 3518 3470 3554 asua
3491 3500 3771 3570 dignitate

2136 3601 2202 3639 ac
2233 3590 2415 3639 morte
2448 3585 2613 3655 pejus
2645 3586 2945 3640 vitandum
2999 3593 3255 3653 censeat,
3308 3592 3430 3643 toto
3483 3588 3771 3643 incumbit

2136 3673 2332 3729 animo
2365 3673 2434 3727 ad
2459 3673 2911 3728 existimandum
2938 3692 3050 3745 prae
3074 3692 3252 3745 seque
3276 3676 3578 3731 ferendum
3604 3678 3769 3746 justa

2134 3780 2262 3818 esse
2294 3779 2419 3834 quae
2453 3762 2601 3817 fecit.
2636 3761 2798 3816 Unde
2829 3764 2966 3833 quid
3002 3772 3090 3818 est
3134 3780 3498 3836 consequens
3544 3767 3653 3820 nisi
3706 3770 3770 3820 ut

2135 3853 2323 3907 odisse
2355 3856 2596 3923 cogatur
2623 3856 2679 3905 et
2714 3868 2815 3920 pro
2874 3851 3093 3907 viribus
3127 3852 3323 3907 ulcisci
3385 3870 3553 3908 secus
3580 3855 3649 3907 de
3708 3871 3769 3909 se

2135 3946 2439 3995 censentes
2460 3941 2487 3994 ?
2514 3944 2654 3995 Erat
2683 3956 2818 4011 ergo
2845 3946 2982 3994 tunc
3016 3941 3073 3995 in
3106 3942 3239 3996 aula
3269 3942 3529 3998 confusio
3547 3944 3767 4013 cogita~

2136 4030 2360 4084 tionum
2391 4032 2545 4082 metu
2582 4028 2872 4099 perplexa.
2907 4028 3051 4083 Nam
3111 4029 3249 4084 hinc
3303 4030 3535 4100 quidem
3596 4048 3765 4087 nemo

2135 4116 2402 4187 quamvis
2434 4116 2592 4171 ferus
2622 4120 2679 4170 et
2709 4116 2777 4170 ad
2809 4131 3048 4171 sensum
3096 4116 3481 4173 humanitatis
3538 4118 3766 4189 gelidus

2133 4206 2449 4260 informare
2468 4205 2662 4259 animo
2683 4210 2908 4275 poterat
2925 4204 3201 4276 tragicam
3229 4208 3478 4277 speciem
3502 4208 3766 4262 exercitae

2132 4295 2190 4349 in
2218 4294 2458 4366 puerulo
2481 4294 2607 4364 ejus
2630 4294 2737 4349 loci
2759 4311 2994 4364 prorsus
3025 4295 3254 4349 innoxio
3268 4296 3626 4351 crudelitatis
3648 4300 3765 4352 tam

2131 4381 2425 4449 immanis,
2454 4381 2595 4452 quin
2629 4386 3090 4436 commoveretur
3120 4384 3324 4437 intime
3371 4390 3428 4437 et
3457 4385 3528 4438 ad
3578 4385 3765 4439 vindi-

2130 4471 2383 4527 candum
2406 4471 2766 4526 incitaretur:
2784 4470 2919 4524 inde
2947 4469 3163 4540 pariter
3180 4487 3380 4526 omnes
3402 4472 3763 4545 constringe-

2133 4561 2232 4615 bat
2257 4567 2450 4615 metus
2480 4567 2536 4615 et
2567 4560 2899 4615 sollicitudo
2933 4562 3218 4631 cujusque
3252 4562 3320 4615 de
3354 4576 3414 4615 se
3445 4561 3593 4632 ipso,
3620 4581 3688 4618 ne
3715 4564 3764 4618 si

2130 4650 2283 4719 quod
2308 4653 2606 4703 emanaret
2636 4648 2883 4701 istorum
2917 4663 3196 4701 sensuum
3231 4648 3532 4717 indicium,
3557 4650 3765 4722 cupide

2130 4735 2436 4791 collectum
2470 4754 2502 4790 a
2533 4736 2752 4806 paratis
2801 4734 3157 4791 delatoribus
3205 4738 3272 4790 ad
3309 4738 3537 4809 tyranni
3592 4756 3764 4794 aures

2132 4824 2474 4895 perveniret,
2509 4829 2780 4877 secutura
2808 4823 3005 4877 statim
3038 4823 3353 4877 incvitabili
3380 4843 3561 4896 eaque
3584 4828 3761 4882 atroci

2134 4928 2321 4982 poma,
2353 4911 2642 4982 siquidem
2679 4928 2745 4965 ex
2777 4910 2934 4965 omni
2967 4927 3176 4981 genere
3234 4912 3594 4968 delationum
3650 4915 3762 4968 illae

2128 4999 2619 5069 impotentissime
2651 4998 3068 5069 celerrimeque
3100 5001 3541 5055 concitabantin
3567 5003 3763 5056 saevis-

2129 5089 2311 5144 simos
2346 5088 2567 5142 furores
2600 5086 2896 5143 Michaelis
2928 5088 3357 5159 animum,qum
3390 5090 3461 5144 de
3489 5091 3760 5161 quopiam

2131 5180 2275 5233 forte
2298 5176 2633 5231 nuntiarent
2664 5175 2970 5230 condolere
3018 5175 3186 5231 illum
3237 5178 3444 5232 Joanni
3500 5194 3676 5248 puero
3708 5182 3764 5232 et

2128 5283 2330 5323 casum
2364 5267 2490 5335 ejus
2521 5281 2667 5336 aegre
2702 5266 2867 5319 ferre.

2130 5374 2212 5426 12.
2258 5374 2329 5427 De
2376 5371 2607 5442 Zygenis
2653 5374 2768 5425 sive
2810 5372 3105 5439 montanis,
3156 5379 3214 5424 ut
3266 5371 3325 5424 in
3373 5372 3761 5441 imperatorem

2539 5442 2865 5498 rebellarint
2905 5444 3132 5497 Joannis
3160 5458 3343 5495 causa.

2198 5536 2438 5602 PrOpter
2468 5547 2646 5603 quam
2677 5546 2913 5586 causam
2947 5529 3118 5585 etiam
3154 5528 3324 5600 paulo
3344 5532 3477 5600 post
3504 5535 3763 5601 agrestes

2129 5620 2227 5691 qui
2257 5618 2478 5675 vicinos
2507 5618 2706 5673 Nicaea:
2740 5622 2968 5673 montes
2989 5616 3268 5685 incolunt,
3300 5622 3557 5673 aratores
3575 5617 3761 5673 homi-
