4162 6292
363 290 470 346 635

1657 307 1956 364 GEORGII
2004 310 2468 365 PACHYMERJE

3653 298 3764 352 636

365 415 596 477 Νικαίας
671 419 847 492 τόίκρα
911 426 1170 495 χωρῖται,
1248 425 1472 500 ἀγρόται
1550 428 1644 499 μὲν
1718 424 1866 491 ὄντες
1918 431 2002 484 καὶ
2037 437 2090 502 Α
2121 452 2237 492 σαις
2265 436 2385 494 ταῖς
2412 433 2530 485 κατ’
2581 429 2782 485 ἐκεῖνον
2833 425 3162 501 προυθμίαις
3194 419 3452 492 ἐνεδίδου,
3500 419 3589 474 καὶ
3629 422 3764 475 ἅπαν

366 503 608 577 γεωργίᾳ
660 508 1042 582 προσέχοντες,
1105 511 1397 586 θαρῥαλέοι
1454 513 1736 582 δ’ὰλλως,
1793 517 2008 572 πίσυνοι

364 592 564 660 τόξοις,
621 595 733 665 ἅμα
788 593 845 648 δὲ
889 597 991 651 ’καὶ
1050 605 1165 660 ταῖς
1217 604 1354 656 κατά
1411 609 1542 679 σφᾶς
1586 607 1920 681 δυσχωρίαις
1949 608 2010 661 τὸ

368 683 556 735 πιστὸν
592 679 810 758 ἔχοντες
843 687 916 747 ὡς
969 689 1029 742 οὐ
1063 688 1263 764 ῥᾳδίως
1292 694 1604 765 πεισόμενοι
1635 695 1731 749 κᾶν
1760 717 1811 749 τι
1841 695 2007 769 πράτο

364 791 530 838 τοιεν,
587 771 830 838 εὐσύντες
883 773 1083 844 ἥκοντά
1140 782 1299 833 ποθεν
1343 783 1615 837 νεανίσκον
1673 786 1816 856 νόσῳ
1847 782 2008 838 λελυ-

373 859 644 931 μασμένον
725 862 851 924 τοὺς
929 866 1268 938 ὀφθαλμοὺς,
1344 874 1534 946 φήμης
1609 871 2010 946 προοδευούσης

370 946 575 1002 ἐκείνου
653 952 798 1025 παρᾶ
864 958 968 1007 τῶν
1048 961 1528 1030 συσκευασαμένων
1577 963 1639 1015 τὸ
1699 960 1878 1036 δρᾶμα
1935 964 2007 1023 ὡς

369 1036 528 1099 αὐτὸς
587 1035 670 1107 εἷὴ
721 1041 782 1093 τὸ
814 1040 1024 1096 παιδίον
1086 1045 1114 1098 δ
1160 1046 1434 1116 Ἰωάννης,
1467 1050 1625 1122 ἀπρὶξ
1657 1035 2007 1125 συναχθέντες

371 1122 592 1197 ἔχονται
623 1127 838 1196 τούτου,
882 1131 992 1202 ἅμα
1038 1133 1130 1203 μὲν
1179 1135 1252 1195 ὡς
1302 1133 1567 1192 δεσπότου
1602 1138 2010 1210 ὑπονοουμένῠυ

369 1213 572 1304 σφίσιν,
633 1217 713 1292 ἐφ’
773 1219 921 1292 ᾧπερ
977 1222 1067 1273 καὶ
1125 1224 1309 1294 ὅρκοις
1353 1231 1470 1288 τοῖς
1501 1229 1636 1299 πρὸς
1665 1229 1756 1282 τὸν
1808 1230 2012 1304 πατέρα

367 1299 692 1373 πεδούμενοι
730 1311 848 1366 ταῖς
896 1306 1027 1380 ὑπὲρ
1077 1307 1287 1364 ἐκείνου
1318 1315 1643 1386 προθυμίαις
1691 1299 2008 1394 ἐσφάδαζον,

373 1401 485 1470 ἅμα.
542 1395 599 1452 δὲ
648 1399 739 1453 καὶ
812 1401 884 1462 ὡς
958 1401 1279 1478 ἠδικημένῳ
1353 1412 1833 1484 προσαμύνοντες.
1913 1414 2011 1467 Καὶ

372 1487 690 1541 ἀποστατεῖν
744 1485 999 1562 ἤρξαντο,
1054 1494 1216 1562 οῆλοι
1262 1491 1407 1558 ὄντες
1451 1497 1498 1570 ἐξ
1549 1501 1621 1552 ῶν
1654 1500 1866 1555 ἐποίουν
1897 1509 2013 1566 τοῖς

371 1573 788 1648 ἐπιθησομένοις
846 1578 1320 1652 πολεμησείοντες.
1373 1588 1476 1641 Καὶ
1527 1585 1592 1655 δὴ
1640 1590 2014 1662 περιστείλαν-

367 1684 453 1725 τες
481 1669 595 1725 τοῖς
629 1665 826 1719 εἶ’κόσιν
862 1666 1069 1723 ἐκεῖνον
1119 1673 1206 1725 καὶ
1252 1671 1523 1736 δουλικῶς
1579 1679 2014 1755 προσφερόμενοι

2118 520 2180 574 τὸ
2211 522 2595 594 στρατιωτικὸν
2657 519 2708 573 ἐν
2764 521 2945 588 ταυτῷ
3003 513 3263 582 συλλέξας
3318 507 3618 564 ἀπέστελλε
3662 531 3760 564 πο-

2120 608 2323 682 λέμους
2352 616 2766 682 πολεμήσοντας
2799 604 3118 682 ἐμφυλίους.
3173 602 3269 655 Καί
3317 621 3380 674 γε
3427 595 3634 652 πολλοὶ
3662 604 3760 665 τῆς

2119 699 2252 762 κοιτά
2311 702 2442 770 σφᾶς
2500 696 2690 771 ἰσχύος
2761 695 3064 767 κρείττονες
3120 691 3319 763 ὥρμων
3382 684 3603 755 δοκήσει
3657 691 3757 753 τῆς

2119 789 2255 860 πρὸς
2309 786 2533 853 βασιλέα
2581 787 2818 849 εὐνοίας,
2866 783 2954 838 καὶ
3003 781 3113 854 ἔρις
3145 781 3210 846 ἦν
3243 776 3307 846 ἤν
3337 797 3420 836 τις
3463 771 3760 847 προκινδυ-

2119 874 2305 936 νεύσας
2339 875 2647 948 χαρίσαιτο.
2699 879 2779 943 [Ρ.
2818 872 2937 946 13υ]
2969 871 3034 927 0i
3065 866 3122 922 δὲ
3157 867 3416 940 μαθόντες
3447 861 3590 916 οὕτω
3621 861 3760 916 πολι

2123 964 2252 1026 λοὺς
2299 967 2414 1018 καθ’
2454 964 2629 1018 αὐτῶν
2677 964 2960 1036 ὁρμῶντας
3017 960 3089 1018 ὡς
3129 955 3440 1011 ἀποστατῶν
3492 948 3759 1024 ἄντικρυς,

2121 1056 2218 1122 τὴν
2297 1055 2391 1124 μὲν
2469 1051 2795 1106 ἀποστασίαν
2867 1047 3082 1104 πολλοῦ
3153 1065 3304 1106 τινος
3371 1040 3754 1117 συγκαλύπτειν

2123 1142 2367 1213 ἐδέησαν,
2423 1137 2561 1196 ὥστε
2617 1142 2706 1196 καὶ
2776 1138 3098 1213 ὡμολόγουν
3140 1136 3229 1190 καὶ
3277 1134 3410 1208 μέγα
3449 1153 3501 1185 τι
3548 1127 3764 1185 ἐδόκουν

2121 1233 2371 1307 πράττειν
2431 1232 2506 1292 είς
2565 1229 2762 1304 δεῖγμα
2811 1236 2910 1297 τῆς
2966 1226 3101 1280 κατὰ
3158 1230 3290 1301 σφᾶς
3347 1216 3614 1280 εὐσεϐείας
3645 1265 3661 1291 ,
3719 1216 3768 1271 εἴ

2122 1344 2186 1396 γε
2231 1323 2320 1376 καὶ
2367 1322 2497 1396 ὑπὲρ
2544 1319 2811 1394 βασιλέως
2859 1318 2948 1371 καὶ
2999 1313 3339 1385 ἠδικημένου
3382 1307 3760 1375 κινδυνεύοιεν,

2123 1411 2224 1468 Καὶ
2284 1409 2534 1482 σύνθημα
2580 1411 2644 1477 ἦν
2706 1407 2928 1468 ἐκείνοις
2954 1402 3032 1471 ἓν,
3092 1405 3127 1473 ἢ
3187 1407 3336 1471 νικᾷν
3377 1401 3412 1470 ἢ
3446 1400 3648 1458 πάντας
3673 1397 3764 1450 πί-

2123 1521 2294 1554 πτειν.
2351 1500 2508 1555 Ὀθεν
2567 1496 2920 1571 περισχόντες
2969 1493 3034 1548 τὰ
3074 1491 3433 1566 ὀχυρώματα,
3467 1488 3556 1542 ἀπ’
3588 1486 3758 1540 αὐτῶν

2123 1610 2181 1644 τε
2208 1589 2275 1643 τὰ
2305 1585 2393 1641 διὰ
2419 1584 2587 1657 τόξων
2647 1584 2781 1660 βέλη
2833 1583 3037 1638 ἐνίεσαν
3083 1582 3199 1635 καθ’
3249 1581 3396 1641 ὅστις
3436 1576 3496 1631 ἂν
3542 1575 3630 1630 καὶ
3672 1573 3760 1646 ἑγ-

2123 1677 2221 1750 γὺς
2269 1671 2648 1752 προσϐάλλοι,
2696 1674 2784 1728 καὶ
2829 1669 3223 1747 προπηδῶντες
3266 1671 3522 1742 γυμνῖται
3567 1663 3760 1739 προσέ-

369 1751 666 1862 τΞροίστωνρ
703 1755 777 1816 είς
840 1757 1065 1830 βασιλέα
1113 1763 1201 1814 καὶ
1276 1764 1404 1839 ὑπὲρ
1455 1765 1618 1820 αὐτοῦ
1691 1765 2017 1821 κινδυνεύειν
2050 1803 2095 1866 Β
2126 1751 2355 1831 ϐαλλον,
2414 1763 2599 1836 τόλμῃ
2651 1783 2707 1816 τε
2762 1760 3194 1832 προσπίπτοντες
3248 1756 3452 1828 μείζονι
3501 1752 3760 1822 κατηκόν-

377 1863 515 1866 ,,_a,u
569 1864 573 1866 .
672 1846 711 1866 n
797 1846 806 1864 Ι
1095 1851 1121 1866 Α
1224 1851 1243 1866 \
1292 1851 1301 1865 \
1526 1855 1537 1866 ι
1679 1857 1688 1866 ι
1847 1859 1858 1866 ι
1973 1859 1982 1866 ι
2186 1858 2212 1866 μ
2377 1854 2389 1866 ι
2597 1863 2610 1866 _
2672 1850 2720 1866 ὐ
2763 1855 2788 1864 ὐ
2973 1847 2986 1866 9
3067 1847 3078 1866 Ι
3287 1844 3323 1866 ,‘
3418 1843 3736 1866 ,____A,_'__-_,_

373 1840 598 1914 ὥρμων.
653 1844 713 1900 Ὀ
749 1846 931 1917 μέντοι
977 1869 1039 1921 γε
1093 1851 1350 1924 βασιλεὺς
1402 1855 1585 1926 μαθὼν
1634 1857 1700 1910 τά
1739 1859 1862 1930 περὶ
1890 1859 2016 1911 τού-

371 1951 493 2034 ⁸ιίρυ,
545 1931 716 2000 ἀνέζιι
769 1955 827 1988 τε
883 1941 960 2006 τῷ
1015 1939 1171 2010 θυμῷ
1228 1941 1316 1995 καὶ
1375 1946 1630 2006 καθεκτὸς
1688 1945 1785 1999 οὐκ
1831 1948 1916 2014 ἦν,
1973 1947 2018 2001 εί

381 2029 539 2124 ακραι
590 2029 834 2075 τοιαῦται
882 2031 1260 2095 παρασπᾶσθαι
1309 2035 1406 2097 τῆς
1451 2029 1814 2106 ἐντρεχούσης
1844 2036 2020 2105 φέμης

399 2103 407 2118 ι
680 2105 702 2124 ῃ
812 2109 824 2124 I
1069 2113 1114 2124 ιι
1185 2117 1209 2124 ..
1328 2115 1340 2124 .
1387 2119 1396 2124 .
1519 2121 1544 2124 _-
1752 2122 1760 2124 _
1829 2096 1865 2124 -.Ξ
1893 2121 1902 2124 -

381 2105 534 2161 ἕνεκα
585 2105 1006 2180 κινδυνεύουσιν,
1065 2113 1115 2184 ἐξ
1173 2117 1244 2169 ὧν
1297 2115 1439 2181 εἶ’κὸς
1495 2105 1768 2175 εἶναικαὶ
1819 2105 2020 2182 ἄλλους

377 2202 783 2270 παρακινεῖσθαι
842 2200 1130 2265 πλείστους
1187 2204 1522 2262 ἀποστατεῖν.
1573 2210 1729 2272 Ὅθεν
1775 2210 1863 2264 καὶ
1916 2212 2018 2264 πά-

377 2401 480 2440 nes
502 2389 558 2440 et
578 2387 732 2442 I94
754 2389 1120 2460 agriculturae
1146 2396 1534 2466 attendentes,
1557 2399 1731 2455 fortes
1753 2399 2010 2471 alioquin

377 2478 434 2528 et
467 2475 738 2540 audaces,
771 2479 1026 2534 arcubus
1085 2482 1236 2548 freti,
1296 2484 1472 2540 simul
1504 2494 1721 2557 autem,
1777 2495 2014 2560 propter

379 2563 754 2633 asperitatem
779 2565 1210 2624 inaccessorum
1225 2571 1370 2627 saltu
1383 2591 1478 2628 um
1494 2577 1826 2631 etcacumin
1838 2594 1930 2631 um
1953 2577 2011 2632 in

378 2651 594 2718 quibus
627 2653 794 2708 sedes
823 2654 1060 2727 habent,
1093 2660 1296 2714 conﬁsi
1329 2678 1390 2716 se
1423 2680 1534 2717 non
1588 2665 1753 2719 facile
1813 2665 2008 2720 damni

379 2739 698 2837 quidquam
737 2759 1012 2837 passuros
1046 2751 1428 2816 quantumvis
1459 2752 1597 2823 quid
1630 2759 1868 2823 agerent
1898 2770 2010 2823 quo

379 2831 785 2897 imperatorem
816 2831 1132 2901 irritarent,
1155 2853 1284 2891 cum
1308 2837 1668 2894 invenissent
1690 2843 2009 2910 profectum

379 2915 572 2968 nescio
605 2919 756 2972 unde
787 2920 1281 2978 adolescentulum
1313 2928 1513 2982 morbo
1545 2933 1920 2993 excaecatum,
1943 2929 2014 2981 de

379 3019 493 3072 quo
519 3003 672 3058 fama
695 3009 1178 3081 praeiveratopera
1197 3016 1589 3084 quorumdam
1611 3015 1781 3068 istius
1806 3015 2011 3069 fabula:

381 3092 670 3147 artiﬁcum
703 3110 830 3150 esse
863 3096 1028 3151 illum
1061 3116 1303 3168 puerum
1336 3101 1647 3168 Joannem,
1680 3104 2009 3174 congregati

385 3195 596 3250 magno
617 3183 1327 3242 numeroirrevocabiliter
1356 3188 1408 3244 ei
1425 3189 1797 3246 adhaeserunt
1827 3196 1889 3246 ut
1909 3208 2014 3246 suo

385 3267 642 3333 domino,
678 3285 850 3339 quem
884 3271 1151 3329 videlicet
1197 3275 1391 3345 ipsum
1443 3294 1571 3333 esse
1627 3279 2018 3348 opinabantur

383 3355 667 3410 Theodori
693 3373 879 3429 nuper
899 3360 1243 3432 imperantis
1268 3365 1475 3435 ﬁlium,
1500 3366 1594 3421 cui
1621 3384 1683 3422 se
1705 3367 2017 3424 obstrictos

383 3443 799 3500 existimabant
821 3447 1100 3519 religione
1127 3455 1474 3509 sacramenti
1507 3455 1728 3527 dudum
1763 3457 1834 3512 ab
1872 3456 2016 3527 ipsis

383 3531 492 3585 rite
522 3535 782 3603 concepti
813 3535 868 3589 in
902 3539 1072 3592 verba
1104 3539 1387 3595 Theodori
1421 3545 1604 3613 patris
1622 3524 1678 3599 et
1698 3524 2018 3601 decessoris

387 3620 536 3688 ejus,
570 3621 1116 3694 studioqueingenti
1137 3628 1205 3682 ad
1231 3629 1458 3699 quidvis
1487 3649 1589 3702 pro
1621 3633 1800 3704 hujus
1831 3633 2020 3689 salute

387 3723 453 3761 ac
469 3707 1095 3779 dignitateaudendum
1110 3716 1590 3792 subeundumque
1605 3722 2016 3787 incubuerunt,

393 3796 610 3852 ultores
642 3799 863 3867 injuriae
895 3803 1106 3857 atrocis
1138 3805 1247 3876 ipsi
1279 3807 1438 3862 facta
1469 3827 1530 3864 se
1569 3810 1838 3865 ferentes.
1873 3811 2021 3880 Ergo

390 3884 582 3953 palam
608 3886 678 3939 ab
703 3887 1050 3958 imperatore
1070 3892 1423 3965 defecerunt,
1450 3897 1496 3950 si
1518 3897 1618 3967 qui
1640 3898 1710 3952 ab
1733 3913 1797 3952 eo
1820 3904 2024 3953 contra

389 3972 620 4028 veniren
633 3975 887 4042 t,acriter
903 3994 963 4033 se
991 3982 1192 4035 restitu
1203 3999 1296 4037 ros
1312 4001 1375 4038 ac
1400 3985 1804 4057 qualecunque
1817 3987 1847 4039 d
1860 3988 2022 4042 iscri-

393 4075 521 4114 men
557 4078 764 4133 pugna:
799 4064 1183 4124 libentissime
1216 4072 1477 4126 adituros
1533 4075 2020 4130 demonstrantes.

394 4149 650 4205 Primum
675 4153 936 4208 omnium
961 4160 1166 4211 vestitu
1192 4164 1518 4230 ornatuque
1538 4165 1807 4232 Augustae
1831 4165 2021 4234 maje-

395 4239 531 4292 stati
565 4255 817 4310 congruo
848 4241 1119 4298 indutum
1155 4246 1695 4321 eireumdatumque
1744 4253 2021 4307 comitatu

393 4341 524 4380 eum
559 4332 621 4380 ut
653 4328 1060 4400 imperatorem
1094 4348 1452 4405 agnoverunt
1477 4324 1930 4412 colueruntque,
1958 4359 2024 4397 ac

395 4428 456 4467 se
489 4431 590 4485 pro
621 4414 720 4470 illo
752 4418 1010 4488 cujusvis
1043 4422 1282 4491 periculi
1324 4424 1509 4480 aleam
1551 4427 1747 4497 jacere
1794 4438 2024 4500 paratos

2125 1858 2272 1922 τιζον
2324 1854 2398 1924 μὴ
2453 1850 2916 1926 καταθαῤῥοῦντας
2969 1847 3186 1902 ἐκείνων
3243 1844 3370 1907 τοὺς
3410 1843 3758 1914 στρατιώτας.

2129 1945 2196 1999 Οἱ
2227 1939 2284 1996 δὲ
2313 1942 2402 1996 καὶ
2452 1945 2738 2002 πονοῦντες
2789 1937 3076 2012 ὑφίσταντο
3125 1935 3210 1989 καὶ
3247 1931 3416 1988 δεινὸν
3464 1935 3784 1996 ποιοῦντες,

2129 2033 2173 2086 εἰ
2205 2031 2424 2092 πλείους
2457 2030 2661 2103 ὀλίγων
2694 2030 2780 2082 καὶ
2815 2025 3062 2101 ἄγροικοι
3094 2026 3324 2079 ἀστικῶν
3373 2017 3760 2095 περιγένοιντο·

2127 2115 2532 2192 προσεϐοήθουν
2564 2139 2620 2173 τε
2669 2115 2969 2186 ἀλλήλοις,
3014 2115 3105 2168 καὶ
3163 2112 3453 2168 ἐπέπιπτον
3508 2109 3763 2183 κραταιό-

2126 2230 2304 2284 τερον,
2335 2208 2424 2262 καὶ
2455 2204 2702 2268 πολλοὺς
2765 2206 2860 2278 μὲν
2909 2201 3175 2280 ἔφθειρον,
3229 2202 3318 2255 οὐ·
3351 2200 3456 2272 μὴν
3517 2196 3574 2252 δὲ
3629 2197 3763 2250 ὣστε

2118 2398 2314 2470 cupidi
2347 2414 2450 2469 pro
2481 2413 2541 2451 se
2571 2396 2820 2467 quisque
2851 2393 3204 2448 ostentandae
3226 2390 3531 2462 praecipuae
3561 2388 3756 2456 cujus-

2118 2488 2254 2542 dam
2277 2502 2415 2555 erga
2436 2485 2841 2556 imperatorem
2867 2479 3452 2547 benevolentiae,l95
3491 2473 3752 2532 certatim

2121 2591 2248 2631 sese
2270 2579 2475 2629 mutuo
2500 2577 2836 2642 praevertere
2850 2570 3153 2626 studentes
3176 2566 3451 2638 periculis
3482 2564 3634 2620 ultro
3657 2565 3751 2617 de-

2120 2663 2428 2734 poscendis
2458 2660 2879 2730 adeundisque.
2902 2657 2990 2712 llli
3019 2673 3186 2728 porro
3202 2672 3348 2726 quos
3373 2655 3480 2709 iste
3510 2668 3755 2723 appara-

2120 2759 2213 2805 tus
2245 2751 2496 2821 petebat;
2530 2765 2661 2802 cum
2691 2748 2997 2802 audissent
3029 2749 3257 2799 tantum
3281 2744 3336 2797 in
3361 2758 3423 2796 se
3444 2756 3754 2796 numerum

2119 2837 2584 2910 oppugnantium
2617 2835 2853 2890 immitti
2887 2839 3164 2904 tanquam
3199 2832 3256 2885 in
3291 2847 3419 2885 vere
3443 2828 3683 2883 rebelles
3703 2833 3761 2881 et

2117 2927 2314 2982 hostes
2343 2925 2592 2996 imperii,
2627 2922 2960 2978 rebellionis
2992 2921 3225 2992 quidem
3260 2919 3535 2990 probrum
3581 2921 3755 2986 atque

2121 3014 2398 3070 invidiam
2425 3014 2591 3069 enixe
2613 3011 3000 3083 depellebant:
3027 3009 3166 3080 quin
3192 3014 3392 3062 contra
3413 3005 3759 3076 proﬁteban-

2123 3108 2222 3158 tur
2252 3107 2310 3157 et
2341 3100 2492 3156 ultro
2518 3099 2818 3170 jactabant
2849 3113 3060 3169 magno
3091 3111 3153 3151 se
3179 3096 3380 3165 utique
3411 3094 3759 3148 documento

2127 3195 2454 3246 monstrare
2486 3189 2656 3243 ﬁdem
2691 3203 2754 3241 ac
2785 3187 3056 3256 pietatem
3080 3201 3267 3250 suam,
3301 3183 3400 3254 qui
3435 3198 3534 3252 pro
3577 3182 3756 3250 impe-

2125 3283 2311 3334 ratore
2342 3295 2374 3331 a
2399 3275 2748 3348 gravissima
2779 3273 2997 3344 injuria
3025 3271 3377 3326 vindicando
3409 3268 3598 3339 capita
3649 3268 3763 3322 for—

2123 3371 2418 3436 tunasque
2449 3380 2583 3419 suas
2616 3363 2876 3434 ipsorum
2910 3362 3018 3415 sub
3066 3364 3387 3414 extremum
3448 3357 3760 3411 discrimen

2123 3455 2437 3509 mitterent.
2472 3457 2656 3517 Quare
2691 3452 2794 3506 hac
2827 3436 3071 3504 animati
3104 3447 3460 3503 conscientia
3488 3445 3596 3516 pize
3628 3443 3762 3498 belli

2126 3559 2337 3607 causae,
2373 3542 2475 3596 hoc
2509 3539 2672 3610 quasi
2704 3556 2803 3610 pro
2837 3544 3055 3593 tessera
3107 3537 3160 3590 in
3186 3553 3282 3590 ore
3304 3552 3369 3589 ac
3398 3533 3616 3588 mutuis
3639 3549 3756 3587 ser-

2129 3632 2401 3687 monibus
2433 3630 2666 3684 assidue
2699 3629 2994 3682 habebant
3027 3627 3168 3681 iortc
3191 3631 3363 3695 atque
3394 3621 3763 3677 irrevocabile

2130 3719 2494 3792 propositum
2527 3716 2791 3771 vincendi
2827 3719 2928 3770 aut
2976 3715 3213 3769 omnino
3272 3711 3580 3766 moriendi.
3615 3715 3761 3780 Ergo

2131 3807 2372 3863 insessis
2407 3805 3018 3876 magnamultitudine
3049 3803 3281 3857 arcibus
3325 3818 3389 3854 ac
3422 3800 3596 3854 editis
3647 3800 3757 3851 situ

2128 3897 2435 3964 locis,inde
2467 3895 2753 3965 ingentem
2787 3894 3029 3948 telorum
3060 3892 3172 3945 vim
3207 3889 3645 3960 ejaculabantur
3673 3903 3761 3942 ar-

2132 3988 2314 4041 cubus
2338 3984 2616 4039 tuebantu
2631 3999 2772 4053 rque
2801 3981 3057 4052 spatium
3082 3979 3235 4034 intra
3257 3979 3508 4047 jactum,
3531 3993 3602 4031 ne
3632 3977 3760 4046 quis

2133 4092 2198 4132 eo
2231 4091 2292 4129 se
2323 4075 2560 4143 impune
2592 4073 2959 4126 admoveret:
2995 4069 3094 4122 sed
3115 4074 3167 4122 et
3191 4067 3378 4122 auctis
3403 4082 3532 4121 mox
3549 4064 3760 4119 animis

2133 4161 2685 4234 prosilientcsinde,
2737 4159 2863 4212 sine
2917 4157 3111 4213 loricis
3169 4161 3227 4211 et
3281 4155 3485 4227 galeis,
3543 4155 3760 4208 irrucre

2134 4252 2427 4307 audebant
2461 4265 2632 4303 manu
2664 4248 2906 4316 facta,et
2928 4245 3077 4301 ultro
3095 4259 3469 4318 aggressores
3487 4244 3765 4298 lacessere

2133 4340 2334 4395 crebro
2356 4337 2686 4409 jaculorum
2722 4336 2928 4391 missu.
2954 4335 3177 4399 Quibus
3209 4333 3422 4389 milites
3455 4333 3762 4403 imperato-

2133 4429 2238 4497 ris,
2270 4429 2426 4482 haud
2460 4426 2586 4481 ausi
2622 4426 2971 4480 descendere
3004 4425 3058 4477 in
3081 4429 3369 4478 certamen
3396 4423 3660 4476 cominus
3680 4418 3762 4473 vel

397 4503 1646 4585 professisunt.Quibusimperatorcognitis
1670 4517 2028 4572 incredibili-
2059 4507 2104 4571 D
2137 4534 2299 4588 aequo
2333 4533 2394 4571 se
2423 4531 2630 4586 campo
2674 4515 2929 4583 credere,
2979 4517 3104 4567 tuta
3160 4509 3360 4583 procul
3409 4509 3765 4580 jaculatione

392 4595 481 4645 ter
509 4593 943 4658 exarsit,mistis
970 4597 1055 4652 ira
1079 4604 1346 4671 metuque
1366 4601 1826 4675 indignationem
1857 4605 2023 4660 vehe-

395 4680 819 4736 mentissimam
851 4683 1321 4743 incendentibus.
1361 4691 1530 4747 Extra
1552 4693 1707 4748 enim
1725 4710 1853 4750 sese
1884 4695 2026 4750 fere-

394 4769 566 4822 batur
587 4786 716 4824 cum
743 4772 1031 4842 cogitabat
1051 4773 1148 4829 illa
1170 4776 1336 4831 famis
1361 4778 1474 4834 late
1499 4782 1759 4850 vagantis
1777 4765 2029 4838 vanitate

397 4856 711 4926 periclitari
746 4876 894 4924 sese,
928 4862 1099 4916 neilli
1139 4871 1362 4921 montes
1393 4873 1448 4921 et
1494 4885 1652 4924 arces
1699 4871 1845 4926 tanti
1906 4888 2030 4926 mo-

397 4946 575 4999 menti
605 4965 635 5000 a
658 4963 763 5001 suo
787 4948 1026 5018 imperio
1049 4951 1454 5023 avellerentur;
1479 4957 1771 5028 simulque
1793 4965 2024 5030 reputa-

395 5034 1042 5093 batverisimiliterindc
1056 5046 1385 5096 secuturam
1403 5044 1783 5114 plurimorum
1799 5064 2028 5119 quoque

397 5124 646 5179 aliorum
683 5125 1084 5183 defectionem.
1137 5131 1417 5194 Quocirca
1467 5138 1678 5202 totum,
1728 5153 1842 5207 quo
1892 5142 2030 5192 tunc

399 5218 554 5265 motu
577 5213 761 5283 primo
778 5217 987 5270 ardens
1005 5217 1305 5288 ﬂagrabat,
1332 5222 1615 5292 impetum
1637 5224 1731 5278 ira:
1752 5226 2028 5279 continuo

396 5300 717 5355 admisitad
737 5318 931 5358 severe
947 5305 1382 5375 quamprimum
1397 5309 1809 5366 vindicandam
1825 5312 2028 5368 horum

398 5389 793 5445 rebellionem.
821 5392 1018 5462 Itaque
1049 5394 1244 5449 subito
1279 5396 1521 5453 immisit
1555 5399 1609 5453 in
1662 5400 1816 5455 istud
1869 5401 2031 5458 civile

397 5477 616 5533 bellum
649 5481 860 5550 raptim
891 5483 1149 5555 undique
1176 5490 1406 5541 coactas
1456 5487 1684 5560 imperii
1717 5491 1935 5562 copias,
1972 5493 2028 5546 in

399 5567 612 5636 quibus
644 5567 902 5640 plerique
935 5570 1233 5630 alacritate
1265 5576 1509 5632 ruebant
1553 5578 1772 5635 viribus
1803 5581 2030 5651 majori,

2136 4605 2586 4677 respondebant,
2625 4620 2831 4671 magna
2865 4603 3121 4672 pernicie
3179 4601 3464 4669 ipsorum,
3514 4615 3645 4654 cum
3707 4597 3764 4650 in

2137 4696 2424 4750 confertos
2445 4691 2670 4746 nullum
2689 4691 2867 4746 telum
2888 4692 2995 4745 iret
3029 4690 3257 4743 irritum
3277 4689 3376 4742 ,ΙΙΙὶ
3396 4688 3768 4758 indignantes

2136 4788 2361 4839 tantum
2399 4781 2594 4837 inferri
2629 4781 2739 4835 sibi
2772 4779 2969 4834 damni
2994 4796 3107 4834 non
3142 4778 3212 4833 ab
3243 4777 3495 4832 exercitu
3529 4776 3649 4830 acie
3677 4777 3764 4829 in-

2137 4874 2356 4926 structo
2381 4873 2477 4924 sed
2496 4887 2546 4925 .a
2563 4867 2932 4939 praesidiariis
2949 4867 3267 4922 stationum
3291 4866 3540 4935 sparsim
3561 4863 3767 4934 posita-

2138 4960 2356 5027 rum,in
2389 4974 2637 5029 quarum
2671 4955 2940 5011 viciniam
2975 4956 3278 5021 irruerent,
3309 4955 3628 5024 ingensque
3659 4951 3764 5006 rati

2137 5065 2311 5104 suum
2342 5049 2589 5101 dedecus
2619 5047 2665 5101 si
2700 5045 2890 5116 plures
2925 5061 2957 5097 a
2989 5043 3188 5114 paucis
3237 5047 3292 5097 ct
3321 5041 3510 5096 durati
3563 5041 3769 5110 frigore

2139 5140 2416 5191 montano
2438 5151 2500 5188 ac
2525 5134 2742 5189 rustico
2764 5132 2960 5187 labore
2985 5131 3056 5186 ab
3082 5130 3384 5186 innutritis
3407 5129 3522 5184 otio
3547 5128 3766 5183 urbano

2139 5225 2480 5296 deliciisque
2510 5224 2890 5290 vincerentur,
2925 5221 3347 5276 concurrebant
3395 5218 3599 5289 majori
3652 5235 3769 5272 nu-

2142 5331 2298 5369 mero
2332 5319 2502 5384 atque
2533 5314 2776 5385 impetu,
2797 5320 2998 5366 mutuo
3013 5328 3072 5366 se
3087 5311 3383 5365 hortantes
3399 5309 3770 5378 adjuvantes-

2141 5421 2271 5474 que;
2308 5403 2458 5457 unde
2491 5407 2549 5456 et
2582 5402 2776 5471 plures
2808 5401 3068 5471 ipsorum
3108 5399 3344 5468 contigit
3373 5397 3578 5451 cadere
3622 5400 3774 5451 stra-

2137 5509 2382 5563 gemque
2415 5509 2524 5545 non
2569 5507 2802 5562 parvam
2823 5490 2934 5543 edi.
2963 5488 3076 5542 Nec
3104 5491 3292 5547 tamen
3321 5486 3374 5539 id
3403 5487 3470 5539 ad
3499 5485 3769 5539 minuen-

2141 5582 2273 5635 dam
2292 5579 2596 5635 audaciam
2623 5594 2825 5633 eorum
2850 5576 3347 5646 remittendosque
3369 5573 3637 5629 ardentes
3659 5573 3769 5627 im-
