4158 6280
305 321 416 376 637

1389 332 1486 386 ΒΕ
1525 331 1892 385 MICHAELE
1929 329 2354 388 PALEOLOGO
2389 333 2522 387 LIB.
2565 337 2664 388 ῙῙῙ.

3600 335 3707 390 638

301 445 396 500 καὶ
455 444 743 520 ὑποχαλᾷν
775 449 841 516 ἦν
896 448 989 510 τὰς
1041 451 1216 525 ὁρμὰς
1248 450 1417 529 σφίσι.
1463 449 1689 506 Μᾶλλον
1728 451 1821 522 μὲν
1857 451 1948 504 οὗν
1981 457 2030 522 Α
2062 459 2273 526 τολμᾷν
2334 452 2618 510 εἴσελθεῖν.
2677 456 2942 512 ’Ἐπιπτον
2998 455 3176 510 τοίνυν
3231 457 3348 511 καθ’
3397 459 3608 534 ήμέραν
3655 443 3709 514 θ’ι

302 535 670 608 κακουμένοις
720 536 810 591 καὶ
858 539 1008 613 παρὰ
1076 541 1175 608 τήν
1234 541 1413 594 αὐτῶν
1463 539 1738 614 ὑπόληψιν
1797 539 1950 611 ἐπῄει

301 623 677 701 ἀνδρίζεσθαι,
726 628 812 680 καὶ
847 628 1064 703 ἀπτέρῳ
1115 630 1272 704 τάχει
1303 632 1395 692 τὰς
1449 628 1758 705 δυσχωρίας
1791 650 1951 684 κατα·

303 711 680 786 λαμϐάνοντες
740 717 829 769 ἀπ’
888 717 1064 771 αὐτῶν
1123 719 1396 790 ἠμύνοντο
1449 718 1768 794 βάλλοντες.
1819 721 1952 779 Τοῖς

300 801 364 858 δὲ
423 802 549 859 οὔτε
603 805 738 859 κατά
793 806 888 868 τάς
946 809 1222 884 φάραγγας
1280 810 1537 884 προσιτὸν
1598 810 1688 877 ἦν,
1745 809 1833 862 καὶ
1891 809 1950 861 τὸ

303 896 572 970 μακρόθεν
626 896 848 969 βάλλειν
912 899 1135 967 μάταιον
1198 899 1507 972 ἐνομίζετο·
1569 897 1952 970 ἐπενδυόμενοι

296 985 402 1058 γάρ
457 981 655 1037 ἐκεῖνοι
707 983 773 1038 τά
831 981 1024 1056 δένδρα
1076 985 1298 1060 βάλλειν
1337 989 1429 1059 μὶν
1464 988 1613 1061 εἶχον
1646 986 1733 1041 καὶ
1767 985 1954 1040 εὐστο-

377 1076 398 1086 ν
549 1072 595 1123 θ’
686 1069 713 1108 7⁸
954 1071 966 1093 ‘
1063 1076 1078 1106 ι
1163 1096 1183 1109 ρ
1216 1074 1235 1106 2
1273 1097 1300 1106 _
1339 1077 1349 1096 θ
1536 1077 1548 1092 κ
1811 1073 1823 1086 ‘
1873 1073 1881 1090 '

301 1089 426 1145 χειν
479 1091 544 1124 κα
655 1093 715 1124 ο.)
771 1093 851 1133 τις
906 1094 968 1126 το
1022 1074 1182 1148 βελο..
1216 1097 1448 1139 ενιεινας
1497 1098 1558 1130 το
1615 1075 1767 1146 τόξον
1801 1095 1948 1146 ανιῃ,

303 1156 603 1233 βάλλεσθαι
635 1155 694 1212 δὲ
721 1157 847 1213 οὐδὲ
905 1161 968 1214 τὸ
1025 1163 1273 1236 παράπαν
1324 1163 1411 1232 ἦν.
1443 1162 1860 1238 Ἀπορουμένων
1898 1159 1953 1215 ’δὲ

299 1248 561 1301 πάντοθεν
591 1247 698 1301 τῶν
754 1247 904 1310 ἐκτὸς
938 1247 1106 1322 μηδὲν
1140 1251 1380 1325 ἐχόντων
1525 1247 1950 1327 προσϐάλλοιεν,

295 1333 475 1391 ἐδόκει
534 1340 638 1412 πῦρ
689 1336 903 1391 ἐνιέναι·
962 1341 1128 1413 ταύτῃ
1169 1342 1258 1395 καὶ
1304 1343 1406 1416 γὰρ
1465 1343 1555 1396 καὶ
1609 1342 1788 1414 μόνως
1817 1341 1949 1394 ἀπο-

290 1426 670 1500 χωρησάντων
727 1425 920 1488 αύτοὺς
978 1425 1125 1502 ἔχειν
1179 1429 1494 1504 ἐγγίζοντας
1559 1436 1671 1492 τοῖς
1727 1430 1952 1494 οἰκείοις

289 1515 475 1570 αὐτῶν
505 1514 895 1573 ἐπεισπίπτειν.
959 1518 1116 1575 Ἀλλ’
1171 1523 1206 1589 ἡ
1258 1518 1537 1595 δυσχωρία
1567 1521 1674 1595 οὐχ
1708 1522 1952 1590 ὑπήκουε

289 1611 377 1677 τῷ
432 1606 579 1680 πυρί·
629 1606 710 1683 ἐφ’
760 1607 883 1663 ὅσον
911 1608 1012 1683 γάρ
1059 1610 1121 1663 τὸ
1152 1615 1256 1683 πῦρ
1306 1610 1534 1679 ἥπτετο,
1568 1611 1656 1666 ἐπὶ
1685 1615 1945 1665 τοσοῦτον

293 1696 720 1770 ὑποχωροῦντες
776 1697 966 1752 ἐκεῖνοι
1024 1701 1158 1754 κατὰ
1231 1703 1424 1776 θάτερα
1481 1701 1949 1772 παραταττόμενοι

292 1784 522 1840 ἐκάκουν
577 1787 707 1850 τοὺς
759 1787 988 1851 ἐνιέντας
1044 1790 1134 1844 καὶ
1188 1791 1528 1848 ἀπεκώλυον.
1592 1791 1846 1852 Ἐκείνοις
1899 1787 1949 1842 δ’
1982 1819 2024 1882 Β

294 1875 436 1942 ἦσαν
466 1875 608 1930 οὕτω
651 1878 740 1930 καὶ
769 1877 835 1931 τά
877 1880 989 1932 κατ’
1043 1879 1188 1933 οἶκον
1217 1879 1272 1934 ἐν
1305 1879 1554 1948 ἀσφαλεῖ,
1587 1881 1662 1941 ὡς
1691 1884 1945 1954 γυναῖκας

300 1963 400 2035 μὲν
447 1964 536 2018 καὶ
590 1962 851 2038 παιδάρια
893 1972 1012 2028 ταῖς
1067 1965 1360 2040 ὀσωτὲραις
1405 1965 1766 2042 παραδύεσθαι
1817 1965 1940 2020 δυσ-

297 2055 508 2126 χωρίαι
543 2097 556 2120 ,
642 2055 731 2108 καὶ
789 2062 1040 2130 σταυροῖς
1100 2055 1157 2111 δὲ
1214 2060 1506 2130 έπιμήκεσι
1564 2059 1650 2112 καὶ
1712 2058 1939 2129 ἀμάξαις

291 2139 609 2218 διειλῆφθαι
666 2144 757 2198 τὸν
814 2143 1002 2218 κύκλῳ
1048 2145 1238 2212 τόπον,
1287 2148 1362 2209 ὡς
1414 2145 1542 2220 μηδ’
1593 2143 1942 2208 εἰσϐαλόντας

286 2342 464 2412 petns
496 2339 716 2396 valuit:
751 2340 892 2411 quin
943 2343 1135 2412 potius
1177 2343 1494 2412 inopinatis
1545 2359 1718 2399 sensu
1752 2342 1934 2398 cladis

283 2428 450 2483 velut
471 2428 714 2483 stimulo
747 2430 814 2483 ad
849 2432 1320 2486 contendendum
1345 2431 1571 2488 enixius
1592 2432 1936 2502 viriliusque

285 2517 678 2588 pugnandum
714 2517 940 2573 incitari
983 2519 1093 2573 visi
1127 2524 1286 2576 sunt.
1318 2520 1519 2590 Itaque
1558 2521 1684 2576 suis
1724 2520 1936 2576 redditi

288 2604 544 2674 rupibus
591 2621 656 2658 ac
681 2605 844 2676 jugis
893 2605 1086 2672 inviis,
1121 2623 1236 2677 quo
1269 2623 1503 2660 summa
1549 2606 1843 2662 celeritate
1876 2623 1936 2662 se

290 2698 660 2762 receperunt,
677 2691 1045 2747 innetantam
1062 2711 1530 2765 quoquoversum
1550 2697 1798 2749 telorum
1817 2695 1934 2749 vim

299 2780 542 2835 assidue
566 2781 714 2836 I96
749 2783 1126 2854 spargebant,
1160 2789 1222 2837 ut
1253 2783 1424 2855 plane
1445 2785 1570 2855 jam
1605 2783 1748 2838 nulli
1773 2802 1936 2840 secu-

303 2885 410 2922 rus
441 2874 589 2923 esset
617 2870 806 2925 aditus
835 2871 1236 2942 subjectarum
1272 2873 1534 2927 vallium.
1558 2873 1774 2928 Jaculis
1807 2890 1937 2927 vero

307 2955 510 3028 procul
533 2957 1141 3029 impeterejaculantes
1162 2976 1229 3014 ex
1256 2959 1371 3014 alto
1399 2977 1606 3015 vanum
1636 2962 1938 3031 experien-

303 3041 387 3096 tia
417 3042 840 3114 deprehensum
876 3050 964 3099 est
989 3062 1002 3099 :
1028 3062 1161 3100 nam
1178 3046 1278 3116 qui
1310 3047 1452 3101 adid
1486 3064 1546 3102 se
1567 3048 1939 3119 accingerent

297 3130 360 3185 in
395 3131 524 3202 ipso
554 3137 762 3188 conatu
790 3135 1066 3188 tendendi
1099 3151 1269 3190 arcus
1296 3138 1849 3207 praeoccupabantur
1880 3141 1936 3190 et

298 3221 710 3276 sternebantur
739 3223 968 3292 sagittis
999 3228 1433 3288 montanorum,
1467 3241 1495 3280 e
1527 3225 1725 3280 densis
1757 3225 1937 3280 ramis

285 3310 564 3366 arborum
599 3326 746 3380 quas
770 3310 1185 3366 inscenderant
1209 3312 1394 3367 otiose
1424 3329 1488 3368 ac
1512 3329 1715 3368 secure
1747 3315 1802 3366 in
1837 3330 1933 3368 ex-

282 3398 750 3470 positaundique
768 3397 1220 3469 eollimantium,
1256 3401 1485 3455 nemine
1511 3399 1640 3456 illos
1679 3401 1934 3456 vicissim

291 3486 629 3557 contingere
657 3487 870 3556 jaculis
901 3486 1148 3554 valente,
1183 3489 1400 3560 quippe
1442 3505 1557 3543 non
1589 3489 1936 3560 conspicuos

290 3575 392 3630 sed
413 3573 585 3645 plane
609 3578 792 3628 tectos
819 3575 1059 3628 obtentu
1086 3574 1401 3628 frondium.
1429 3575 1490 3628 In
1540 3573 1756 3645 quibus
1781 3575 1934 3628 diffi-

287 3662 610 3718 cultatibus
632 3661 890 3717 melioris
913 3662 1114 3733 inopes
1136 3662 1363 3718 consilii
1385 3663 1600 3718 milites
1623 3663 1934 3734 imperato-

289 3756 370 3806 ris
404 3751 695 3822 Optimum
731 3751 882 3804 factu
909 3750 1466 3822 judicaruntignem
1493 3751 1728 3821 injicere
1751 3751 1935 3807 obviis

290 3838 586 3894 saltibus:
625 3837 787 3894 silvis
820 3839 975 3893 enim
1008 3837 1247 3893 flamma
1289 3838 1589 3910 pepulatis
1620 3840 1937 3910 sperabant

287 3943 628 3983 recessuros
659 3927 811 3981 haud
847 3927 1024 3981 dubie
1051 3927 1323 3992 rusticos,
1356 3932 1412 3982 et
1441 3927 1550 3983 iter
1575 3933 1838 3996 apertum
1866 3928 1932 3982 iri

286 4017 359 4072 ad
394 4015 635 4070 intimas
667 4014 920 4069 latebras
955 4031 1178 4084 eorum,
1212 4015 1308 4069 ubi
1334 4014 1585 4070 familias
1609 4017 1933 4070 absconde-

283 4108 439 4158 rent.
463 4106 746 4159 Caeterum
773 4120 842 4158 ne
862 4103 915 4157 id
941 4104 1178 4174 quidem
1202 4119 1540 4159 successum
1556 4103 1783 4167 habuit.
1809 4103 1933 4176 ipsa

284 4193 491 4248 eadem
526 4193 796 4246 obstante
817 4191 1156 4246 difﬁcultate
1177 4191 1460 4260 locorum,
1481 4193 1766 4262 siquidem
1795 4209 1930 4248 cum

287 4283 348 4337 in
367 4297 541 4336 unam
561 4285 787 4352 partem
805 4280 1254 4335 incumbebatur
1277 4281 1650 4336 immittenda
1672 4282 1929 4350 ﬂamma,

285 4369 426 4424 inde
453 4369 743 4440 fugientes
769 4367 974 4423 rustici
1006 4369 1120 4423 alio
1151 4369 1402 4435 coibant,
1439 4370 1592 4424 unde
1625 4370 1930 4424 commodo

2061 541 2428 614 δοκιμώτατοι
2459 547 2526 616 τῇ
2561 549 2656 598 τοῦ
2687 547 2861 616 θυμοῦ
2912 546 3364 620 παραθηγόμενοι
3409 548 3566 615 ζέσει,
3617 552 3705 606 καὶ

2060 631 2159 685 οὐκ
2210 631 2291 685 ἐπ’
2350 630 2531 706 ὀλίγον
2592 632 3044 704 ἐκαινοτομοῢντο
3107 634 3482 707 στρατεύματα
3519 639 3614 692 ὀἷά
3653 660 3708 694 τε

2061 720 2320 776 δοκοῦντα
2358 724 2444 776 καὶ
2489 723 2738 797 μεγάλων
2791 721 3072 792 δυνάριεων
3124 732 3559 799 κατευμεγεθεῖν,
3611 729 3704 791 οὓς

2059 809 2248 885 ὀλίγοι
2297 813 2437 873 τινες
2468 813 2601 885 πρὸς
2633 812 2865 873 ἐκείνους
2893 812 3115 874 πλείους
3147 808 3305 874 ὄντας
3354 814 3441 868 καὶ
3476 814 3702 888 ἀγρόται

2060 897 2146 953 ἐπὶ
2201 898 2455 954 πλεῖστον
2508 905 2608 954 to?)
2664 899 2856 976 καιροῦ
2908 901 3274 974 κακουμένους
3329 907 3408 974 τῷ
3469 903 3703 976 πολέμῳ

2057 988 2516 1062 κατηγωνίζοντο.
2574 989 2716 1062 Πρὸς
2763 986 2979 1048 τούτοις
3025 1009 3082 1041 τε
3129 988 3280 1042 αὐτοὶ
3336 990 3429 1060 μὲν
3461 991 3598 1058 ἦσαν
3650 990 3700 1044 ἐν

2060 1077 2310 1153 ἀσφαλεῖ,
2357 1074 2451 1130 κᾶν
2504 1077 2533 1129 δ
2575 1097 2625 1128 τι
2672 1080 2876 1129 ποιοῖεν
2932 1077 2983 1129 οἳ
3035 1075 3137 1148 ’ἐξω
3182 1077 3257 1148 μὴ
3300 1075 3596 1147 ἐπαΐοντες,
3627 1084 3704 1150 τῷ

2056 1171 2172 1227 τοῖς
2204 1167 2393 1226 τόποις
2423 1169 2878 1239 κατωχυρῶσθαι,
2909 1164 3004 1217 κᾶν
3037 1163 3260 1228 πλείους
3309 1164 3385 1219 ἔτι
3419 1161 3703 1240 προσϐάλ-

2059 1254 2226 1310 λοιεν’
2273 1251 2398 1308 ούδέ
2445 1253 2543 1328 γὰρ
2588 1253 2654 1320 ἦν
2703 1252 2738 1320 ἢ
2789 1252 2982 1315 αὐτοὺς
3029 1252 3466 1326 προσπίπτοντας
3517 1254 3699 1324 ἀλλή-

2058 1341 2177 1404 λοις
2227 1346 2307 1416 [Ρ.
2364 1345 2484 1412 131]
2539 1345 2608 1414 τῇ
2670 1339 2817 1416 ῥύμῃ
2873 1345 2980 1395 τῶν
3038 1342 3206 1413 τόξων
3269 1339 3396 1412 μηδ’
3454 1343 3695 1418 ἀντιχεῖν

2056 1426 2280 1505 ἔχοντας
2334 1429 2810 1505 παραπόλλυσθαι.
2858 1429 3136 1490 Έκείνους
3187 1427 3262 1500 δὲ,
3313 1429 3365 1484 εἷ’
3409 1431 3514 1484 πού
3561 1452 3698 1486 ποτε

2055 1520 2144 1574 καὶ
2202 1520 2498 1592 μερισθεῖεν
2553 1517 2688 1571 κατὰ
2743 1516 2929 1592 χρείας
2975 1515 3232 1591 ἀνάγκην,
3288 1516 3697 1592 ἀπολελειμμέ-

2055 1628 2180 1671 νους
2232 1605 2452 1681 ὀλίγους
2515 1604 2822 1678 ἑκασταχὸῦ
2896 1602 3221 1658 κινδυνεύειν
3280 1601 3582 1660 συνέϐαινεν
3644 1606 3695 1676 ἐξ

2055 1695 2226 1757 αἰτίας
2277 1699 2373 1750 τοῦ
2414 1693 2542 1754 τοὺς
2578 1693 2669 1765 μὲν
2720 1694 2820 1760 τὴν
2873 1693 3057 1767 χώραν
3093 1696 3227 1765 πρὸς
3263 1694 3438 1747 αὐτῶν
3469 1691 3696 1768 ἔχοντας

2053 1784 2142 1839 καὶ
2195 1781 2363 1856 μηδὲν
2424 1781 2500 1843 εἰς
2557 1777 2806 1834 κίνδυνΌν
2854 1781 2988 1835 κατά
3044 1781 3216 1834 νώτου
3276 1779 3694 1856 προσδοκῶντας

2054 1878 2257 1955 ἔχοιεν,
2300 1880 2703 1954 τετραμμένους
2741 1879 2874 1952 πρὸς
2923 1878 3051 1940 τοὺς
3103 1880 3354 1952 πρόσθεν,
3405 1878 3690 1948 ἐπηλυλα-

2052 1971 2309 2040 ζομένους
2351 1968 2439 2022 καὶ
2485 1966 2712 2028 τούτους
2743 1965 2802 2020 ἐκ
2841 1962 3023 2043 φόϐων
3076 1964 3336 2040 δένδρεσι,
3383 1967 3687 2042 κατολιγω-

2052 2062 2184 2132 ρεῖν,
2241 2056 2364 2117 τοὺς
2423 2053 2480 2110 δὲ
2536 2053 2954 2129 προσδοκῶντας
3013 2053 3094 2112 ἐφ’
3150 2057 3311 2110 ἅπασι
3362 2056 3451 2110 καὶ
3498 2055 3688 2128 κύκλῳ

2048 2145 2139 2200 τὸν
2193 2141 2437 2200 κίνδυνον
2516 2141 2909 2219 ἐκδεχομένους
2984 2141 3292 2218 πολυωρεῖν
3326 2187 3343 2216 ,
3401 2145 3490 2199 καὶ
3549 2143 3690 2200 οὕτω

2044 2358 2116 2396 ne
2147 2344 2306 2394 tanto
2339 2340 2574 2411 quidem
2609 2339 2982 2410 paucioribus
3007 2355 3178 2408 quam
3215 2339 3325 2409 ipsi
3348 2343 3562 2407 essent,
3588 2339 3689 2396 iis-

2044 2429 2294 2498 demque
2326 2428 2396 2481 ab
2420 2431 2610 2482 aratro
2643 2443 2706 2482 ac
2738 2427 2964 2482 sarculo
2987 2427 3403 2482 semiermibus
3436 2427 3691 2484 rusticu-

2046 2517 2118 2572 lis
2148 2515 2510 2571 debellandis
2551 2533 2738 2585 pares,
2771 2531 2906 2570 cum
2940 2516 3156 2584 quibus
3189 2517 3384 2585 utique
3420 2534 3490 2572 ne
3520 2534 3689 2588 aequo

2046 2604 2282 2676 quidem
2314 2604 2512 2669 Marte,
2544 2604 2642 2657 sed
2676 2603 2844 2674 longe
2866 2603 3048 2674 pejori
3081 2620 3187 2658 sua
3209 2610 3386 2669 sorte,
3413 2603 3690 2675 plurimis

2046 2709 2286 2748 suorum
2319 2691 2465 2746 I97
2495 2690 2697 2746 inultis
2719 2692 3083 2756 cadentibus,
3105 2692 3306 2747 tandiu
3333 2697 3687 2764 pugnarent.

2047 2781 2202 2835 Inter
2233 2781 2352 2834 haec
2397 2783 2808 2835 montanorum
2843 2780 3062 2850 optimo
3117 2781 3240 2835 loco
3274 2796 3367 2835 res
3400 2787 3586 2836 erant.
3626 2786 3688 2838 In

2049 2874 2176 2924 tuto
2199 2867 2311 2940 ipsi
2344 2869 2614 2939 laresque
2645 2884 2709 2922 ac
2751 2869 2995 2940 pignora
3025 2868 3311 2939 ipsorum,
3346 2886 3460 2924 non
3512 2872 3686 2926 modo

2048 2959 2192 3014 citra
2210 2957 2561 3027 telijactum,
2589 2957 2686 3011 sed
2712 2957 2911 3025 etiam,
2937 2957 3220 3030 quidquid
3245 2958 3410 3015 intus
3430 2966 3690 3031 agerent,

2049 3050 2210 3102 extra
2245 3045 2513 3100 notitiam
2546 3049 2603 3099 et
2633 3060 2870 3100 sensum
2908 3045 3125 3101 frustra
3155 3047 3378 3101 dudum
3412 3048 3689 3104 obsiden-

2053 3135 2200 3190 tium
2235 3134 2492 3201 stabant,
2543 3132 2796 3188 naturali
2827 3134 2944 3188 situ
2975 3139 3030 3188 et
3065 3137 3376 3206 asperitate
3420 3136 3687 3192 locorum

2046 3224 2278 3279 abunde
2312 3223 2543 3278 muniti.
2575 3227 2785 3278 Contra
2815 3239 2987 3293 quam
3020 3223 3069 3278 si
3099 3223 3183 3278 vel
3219 3225 3478 3280 insanire
3499 3241 3687 3298 oppu-

2044 3312 2389 3383 gnatoribus
2401 3311 2610 3368 liberet
2625 3311 2816 3382 palam
2831 3319 3034 3368 contra
3049 3313 3283 3370 nitendo
3298 3314 3685 3372 acieinstruc-

2043 3405 2122 3470 ta,
2157 3400 2294 3470 quid
2314 3400 2471 3455 aliud
2493 3400 3064 3472 quamignominiam
3086 3403 3299 3458 damno
3316 3404 3688 3459 cumularent

2045 3505 2150 3542 sua
2175 3488 2363 3558 capita
2397 3505 2499 3557 pro
2545 3489 2737 3558 scopis
2769 3491 3143 3544 ostendentes
3175 3491 3686 3548 exercitatissimis

2047 3576 2316 3646 arquitis,
2349 3592 2417 3630 ex
2439 3575 2552 3630 alto
2583 3582 2638 3630 et
2655 3578 2850 3631 tutoin
2869 3579 3108 3632 densam
3129 3579 3360 3632 turbam
3381 3597 3683 3651 nunquam

2034 3665 2196 3735 jactu
2230 3664 2392 3718 irrito
2414 3663 2731 3721 vibraturis
2749 3665 2972 3734 spicula
2997 3665 3024 3719 ?
3054 3667 3210 3730 Quod
3237 3666 3285 3721 si
3315 3684 3425 3723 non
3450 3669 3685 3723 univer-

2042 3753 2126 3807 sis
2158 3751 2330 3807 simul
2365 3752 2552 3822 copiis
2579 3753 2676 3806 sed
2733 3769 2833 3822 per
2865 3753 3197 3824 manipulos
3248 3761 3579 3825 segregatos
3627 3761 3684 3811 et

2042 3857 2304 3896 seorsum
2339 3840 2642 3894 immissos
2674 3844 2998 3894 tentaretur
3027 3841 3308 3908 assultus,
3342 3842 3395 3896 id
3446 3859 3679 3914 quoque

2041 3946 2170 3984 cum
2207 3931 2423 3984 frustra
2453 3933 2578 3983 tum
2612 3927 2937 4000 perniciose
2977 3929 3191 3983 factum
3226 3929 3294 3982 iri
3329 3931 3682 4001 experientia

2042 4019 2423 4072 monstrabat.
2457 4017 2598 4071 Nam
2634 4016 2733 4087 qui
2760 4016 3042 4070 hactenus
3071 4017 3144 4070 ob
3167 4015 3424 4071 locorum
3461 4021 3676 4073 multos

2041 4105 2216 4160 simul
2250 4121 2364 4159 non
2389 4104 2745 4175 capientium
2773 4104 3074 4174 angustias
3099 4105 3426 4159 necessario
3452 4105 3622 4160 divisi
3649 4124 3680 4160 a

2040 4194 2262 4249 caeteris
2295 4192 2527 4264 aggredi
2563 4197 2874 4247 montanos
2903 4193 3226 4258 voluerant,
3257 4197 3356 4247 aut
3388 4194 3442 4246 in
3467 4181 3676 4248 conatu

2038 4283 2392 4349 ceciderant,
2440 4285 2541 4336 aut
2574 4281 2723 4338 male
2753 4281 2986 4336 multati
3023 4281 3204 4336 coacti
3256 4282 3484 4336 fuerant
3523 4297 3677 4336 rece-

2039 4371 2193 4426 dere.
2226 4371 2403 4440 Cujus
2432 4369 2508 4423 rei
2543 4385 2720 4425 causa
2751 4375 2894 4434 erat,
2925 4370 3077 4440 quod
3112 4370 3294 4424 nostri
3327 4371 3680 4427 conscientia

283 4459 343 4512 in
369 4435 761 4513 incendiarios
788 4457 951 4527 jactu
978 4455 1105 4511 telis
1129 4473 1226 4512 eos
1248 4458 1924 4529 conﬁgebant,prohibe-
1965 4435 2005 4500 Π
2038 4435 2365 4514 castrorum
2397 4458 2509 4514 late
2537 4463 2746 4513 cuncta
2796 4475 2921 4528 quae
2942 4435 2985 4512 ia
3017 4463 3174 4528 tergo
3207 4463 3370 4513 crant
3401 4459 3674 4514 obsiden-

286 4547 546 4618 bantque
580 4563 650 4600 ne
683 4546 1024 4615 perﬁcerent
1052 4546 1209 4616 quod
1242 4552 1535 4616 ceperant.
1570 4553 1747 4602 Porro
1781 4547 1923 4618 ipsis

284 4640 416 4691 tuta
445 4633 787 4689 erantdomi
818 4634 1054 4689 omnia:
1092 4633 1364 4688 mulieres
1389 4635 1542 4689 enim
1575 4639 1631 4689 et
1655 4635 1924 4706 parvulos

287 4725 346 4779 in
380 4723 549 4779 sinus
583 4722 818 4777 intimos
834 4721 1240 4776 maximeabru
1256 4727 1483 4791 ptornm
1509 4722 1924 4778 submoverant

288 4812 602 4875 montium,
632 4816 913 4881 septoque
945 4810 1019 4862 ibi
1046 4811 1233 4864 valido
1256 4811 1549 4865 decussim
1579 4811 1922 4868 innexarum

285 4917 383 4972 per
408 4899 722 4954 circuitum
745 4897 998 4952 trabium
1026 4897 1398 4966 vallaverant,
1428 4902 1487 4952 ut
1511 4914 1694 4968 neque
1717 4899 1764 4954 si
1789 4901 1921 4969 quis

279 4994 617 5043 nostrorum
635 4985 889 5041 militum
905 5003 1160 5056 eousque
1175 4992 1522 5057 penetraret,
1537 4988 1922 5044 tentareintra

276 5075 332 5130 id
355 5074 574 5130 vallum
594 5074 816 5129 aditum
835 5074 978 5128 foret
1000 5073 1733 5132 ausurus.Ducebaturhoc
1749 5078 1920 5133 modo

280 5162 736 5229 bellum,ettelis
754 5169 1165 5218 montanorum
1181 5163 1346 5218 multi
1371 5163 1631 5234 quotidie
1656 5165 1916 5234 Romani,

275 5253 436 5323 iique
463 5268 530 5306 ex
563 5251 1088 5322 praastantissimis,
1120 5252 1422 5306 cadebant.
1452 5253 1596 5306 Tum
1626 5254 1918 5309 enimvero

278 5341 485 5398 ardere
517 5340 601 5394 ira
627 5340 915 5394 exercitus
937 5345 993 5394 et
1013 5356 1287 5394 successu
1315 5341 1784 5412 inepinatissimo
1809 5343 1916 5396 fre-

279 5444 462 5496 mere,
498 5429 668 5498 quasi
701 5429 798 5498 qui
831 5427 1108 5482 hactenus
1141 5443 1201 5481 se
1251 5429 1489 5482 idoneos
1534 5430 1796 5484 arbitrati
1830 5431 1912 5484 vel

277 5515 618 5573 fortissimis
649 5519 706 5569 et
732 5514 1231 5570 exercitatissimis
1262 5515 1386 5588 pari
1420 5533 1661 5572 numero
1717 5518 1913 5588 proﬂi-

283 5603 498 5676 gandis
519 5603 724 5674 copiis,
757 5619 910 5658 nunc
933 5603 1324 5673 experimento
1346 5603 1916 5674 deprehenderentur

2035 4547 2183 4603 tium
2215 4545 2624 4602 circumveniri
2657 4562 2768 4601 non
2800 4547 3098 4606 timentes.
3130 4550 3186 4600 et
3213 4545 3271 4600 in
3306 4546 3460 4602 solos
3483 4564 3551 4601 ex
3576 4548 3674 4602 ad-

2033 4651 2198 4690 verso
2231 4635 2450 4707 positos
2483 4635 2686 4688 intenti
2718 4633 2936 4699 hostes,
2969 4651 3220 4705 quorum
3255 4634 3516 4705 plerique
3556 4653 3669 4691 non

2034 4725 2420 4795 aspectabiles
2452 4722 2878 4778 latebantinter
2904 4738 3100 4776 ramos
3131 4723 3404 4777 arborum
3439 4728 3494 4778 et
3525 4723 3673 4779 late-

2033 4814 2168 4869 bras
2185 4813 2560 4868 familiarium
2579 4813 2884 4875 silvarum,
2902 4811 3047 4868 lalsa
3061 4813 3374 4868 securitate
3392 4815 3674 4885 provehe-

2035 4902 2247 4956 bantur
2278 4901 2333 4954 in
2367 4899 2489 4956 loca
2523 4900 2675 4954 unde
2709 4905 2975 4971 receptus
3007 4917 3122 4954 non
3156 4906 3330 4969 esset,
3357 4907 3663 4974 propterea

2030 4991 2182 5060 quod
2217 4991 2593 5044 observantes
2623 5005 2822 5043 eorum
2857 4990 3158 5044 incautum
3195 5008 3565 5062 progressum
3600 5009 3667 5047 ex

2028 5077 2255 5133 occulto
2287 5076 2488 5132 rustici
2518 5077 2922 5148 eruptionibus
2945 5076 3075 5132 illos
3089 5080 3477 5150 opportunisa
3493 5079 3666 5135 latere

2028 5171 2128 5222 aut
2157 5184 2188 5221 a
2219 5174 2402 5236 tergo,
2438 5167 2589 5220 unde
2622 5165 2862 5220 minime
2893 5167 3231 5234 timebatur,
3263 5168 3444 5223 coorti
3477 5169 3663 5222 caade-

2027 5257 2183 5310 bant.
2221 5256 2392 5309 Porro
2424 5253 2519 5307 ille
2551 5254 2672 5324 ipse
2704 5260 2892 5309 metus
2922 5260 2978 5309 et
2998 5253 3330 5310 sollicitudo
3358 5262 3662 5312 montano-
3691 5295 3694 5299 ε

2029 5362 2178 5408 rum,
2214 5342 2606 5414 reputantium
2653 5361 2716 5399 se
2745 5360 2960 5412 paucos
2989 5361 3023 5399 a
3055 5343 3345 5414 plurimis,
3381 5343 3503 5396 loco
3545 5361 3661 5400 uno

2025 5433 2258 5488 clausos
2287 5432 2358 5485 ab
2375 5432 2705 5485 universam
2721 5430 2835 5486 late
2848 5432 3063 5485 circum
3082 5433 3374 5501 regionem
3390 5433 3659 5486 obtinen-

2023 5523 2184 5577 tibus
2218 5519 2440 5590 impeti,
2476 5520 2720 5574 acuebat
2749 5536 2949 5574 eorum
2982 5519 3238 5590 vigiliam
3273 5518 3326 5572 in
3369 5520 3652 5588 excubiis,

2027 5626 2096 5662 ne
2127 5607 2374 5678 opprimi
2401 5624 2432 5660 a
2467 5606 2684 5661 nostris
2717 5607 2829 5662 ulla
2871 5607 2927 5661 in
2975 5613 3133 5677 parte
3164 5606 3474 5677 improviso
3524 5625 3656 5678 pos-
