4158 6280
413 311 520 367 639

1705 313 2006 371 GEORGII
2044 311 2506 368 PACHYMERE

3700 310 3806 365 640

416 437 648 507 συχναῖς
704 435 840 488 ὅπου
908 433 1158 511 παρείκοι
1211 435 1533 510 χρωμένους
1580 441 1699 498 ταῖς
1757 427 2444 507 ἐκδρομαῖςΑΊωᾶννην,
2498 433 2626 507 μηγ⁹
2687 433 2746 486 ἃν
2804 434 2997 495 πάντες
3057 433 3287 508 λέγοιεν*
3347 432 3502 486 αὐτὸν
3533 433 3633 507 γὰρ
3665 431 3802 485 cirro-

418 521 783 577 ἐπεισπίπτειν
844 522 934 577 καὶ
995 523 1260 599 ῥοπάλοις
1325 525 1408 598 (οὐ
1464 525 1566 600 γὰρ
1625 527 1770 599 εἶχον
1831 523 2058 582 ἅπαντες

417 612 643 682 σπάθας)
694 613 1172 685 καταγωνίζεσοαι.
1235 613 1386 668 Οὕτω
1441 619 1567 686 γοῦν
1617 613 1703 668 ἐπὶ
1761 610 1908 666 πολὺ
1961 611 2058 663 τοῦ

414 700 663 772 πολέμου
709 702 1092 774 συνισταμένου
1142 703 1231 755 καὶ
1279 706 1385 754 τῶν
1433 701 1761 776 πραγμάτων
1795 694 2059 774 τριϐομέ-

416 808 543 856 νων,
614 787 699 842 έπὶ
778 787 873 843 οὐκ
949 789 1014 858 ἦν
1072 791 1220 864 σφίσι
1284 786 1623 865 μαχομένοις
1696 787 2057 862 περιγίνεσθαι

420 879 528 928 τῶν
588 876 1027 949 ἀνθισταμένων,
1089 875 1321 950 ἔγνωσαν
1383 878 1678 938 εὐσυνέτως
1734 875 2057 950 ὑπέρχεσθαι

421 965 535 1035 μετ’
583 965 828 1039 εἰρήνης,
889 967 949 1020 οὗ
1008 968 1210 1030 πάντας
1269 969 1398 1038 ἅμα·
1455 964 1688 1020 ἀδύνατα
1735 967 1834 1040 γάρ
1884 962 2059 1017 οὕτως

415 1051 480 1119 ἦν
538 1052 922 1116 ὑποκλίνεσθαι
984 1052 1402 1127 σπενδομένουςο
1459 1059 1573 1115 τοῖς
1626 1055 1726 1127 γάρ
1785 1052 1835 1122 ἐξ
1884 1053 2061 1126 ἀρχῆς

417 1135 783 1210 ἐγνωσμένοις
849 1137 1174 1212 ἐμμένοντες
1251 1134 1609 1212 μεταϐάλλειν
1688 1136 1921 1212 ᾐδοῦντο
1971 1137 2060 1190 τὸν

416 1225 652 1295 πλησίον
684 1224 929 1297 ἕκαστος,
987 1229 1078 1282 καὶ
1132 1229 1195 1282 τὸ
1249 1225 1473 1282 δύσελπι
1522 1226 1667 1304 σφίσι
1719 1233 1926 1300 προσῆν
1985 1225 2060 1287 ὡς

420 1315 825 1388 ἀπολουμένοις
875 1316 918 1370 εἷ
965 1314 1184 1371 ἐνδοῖεν.
1237 1320 1330 1387 Τῷ
1369 1337 1456 1370 τοι
1499 1317 1588 1370 καὶ
1635 1317 1752 1378 καθ’
1800 1312 1892 1368 ἕνα
1920 1315 2062 1384 πέμ-

419 1426 614 1467 ποντες
661 1410 769 1460 τῶν
823 1407 917 1477 μὲν
976 1401 1292 1478 συμϐάντων
1320 1406 1616 1479 ἀμνηστίαν
1645 1402 1789 1480 ἔχειν
1838 1405 1926 1459 καὶ
1965 1405 2060 1478 βα-

419 1493 577 1548 σιλέα
604 1494 692 1547 καὶ
725 1493 922 1554 αὐτοὺς
959 1496 1341 1568 ὑπισχνοῦντο,
1382 1493 1605 1555 ἐκείνοις
1641 1491 1697 1547 δὲ
1730 1493 1806 1565 μή
1838 1490 2059 1560 διηνεκῆ

417 1583 516 1648 τὴν
575 1582 658 1636 ἐπὶ
720 1581 998 1644 κακίστοις
1058 1583 1314 1655 ὁμόνοιαν
1345 1583 1478 1655 πρὸς
1525 1582 1648 1643 τοὺς
1680 1580 1882 1641 ἄλλους
1916 1578 2060 1654 ἔχειν

417 1673 490 1732 ὡς
547 1670 660 1724 οἷόν
709 1692 767 1724 τε
823 1666 1210 1725 συνεϐούλευον
1245 1715 1258 1740 ,
1316 1670 1407 1724 καὶ
1468 1677 1602 1742 σφᾶς
1635 1713 1648 1736 ,
1703 1669 1748 1723 εἰ
1809 1667 2060 1742 θέλοιενε

416 1766 658 1834 προῆγον
694 1758 768 1820 εἷς
800 1759 1002 1820 τόπους
1054 1760 1502 1831 σεσημασμένους
1550 1755 1725 1827 ὄντας,
1763 1757 1909 1824 πλὴν
1947 1768 2044 1828 μεθ

416 1850 643 1921 ὁμήρων
699 1847 784 1920 (οὐ
841 1849 942 1923 γὰρ
995 1849 1196 1917 ἀπατᾷν
1267 1846 1615 1922 ὀρέγεσθαι),
1693 1845 2053 1920 ἐντυγχάνειν,

416 1935 465 2009 ἒξ
519 1938 590 1989 ὧν
648 1936 780 1990 εἶναι
839 1935 1123 2007 μανθάνειν
1183 1934 1356 1989 ὁπόσα
1410 1937 1544 2010 πρὸς
1604 1933 1870 2009 βασιλέως
1903 1934 2054 2007 εὑερ-

413 2027 809 2100 γετηθήσονται
857 2021 1092 2087 ἐνδόντες
1147 2026 1239 2097 μὲν
1288 2026 1384 2088 τὰς
1439 2023 1706 2084 ἐνστάσεις
1759 2027 1840 2094 τῷ
1896 2022 2052 2076 σπέν-

414 2111 613 2180 δεσθαι,
645 2111 936 2188 προδόντες
991 2111 1047 2167 δὲ
1091 2113 1180 2167 καὶ
1226 2113 1318 2168 τὸν
1364 2114 1440 2176 εἷς
1490 2111 1713 2187 βασιλέα
1743 2111 2054 2187 φημιζόμεο

413 2221 502 2256 νον
563 2201 785 2257 πλάνον.
846 2198 1004 2270 Μηδὶ
1049 2202 1148 2276 γάρ
1199 2203 1329 2256 εἶναι
1386 2205 1576 2255 τοῦτον
1631 2201 1720 2254 τὸν
1781 2200 2051 2269 Λάσκαριν

414 2331 563 2383 sent.
599 2333 676 2382 Ac
702 2343 1040 2399 quanquam
1076 2327 1307 2382 illorum
1343 2327 1595 2398 plerique
1614 2331 1878 2381 carentes
1901 2326 2059 2379 ensi-

415 2417 527 2472 bus
557 2416 747 2471 clavas
780 2415 972 2472 solum
1003 2416 1668 2486 etramalianodosapro
1684 2414 1860 2469 armis
1882 2413 2058 2468 babe-

414 2506 574 2570 bant,
609 2509 805 2559 tamen
839 2505 1151 2574 adjuvante
1193 2504 1504 2576 iniquitate
1534 2503 1792 2558 locorum
1829 2505 2057 2556 nostros

413 2597 705 2663 utcunque
735 2593 954 2663 optime
971 2597 1253 2656 armatos,
1283 2591 1697 2663 pernotaipsis
1719 2589 2058 2646 diverticula

414 2683 825 2752 deprehensos,
856 2676 1450 2752 facileopprimebant
1470 2680 1917 2750 vincebantque.
1946 2681 2057 2732 [lac

417 2771 748 2826 conditione
779 2775 898 2824 tam
923 2769 1091 2824 nobis
1115 2770 1398 2824 damnosa
1421 2768 1555 2824 belli
1587 2785 1717 2824 cum
1742 2767 1914 2839 longo
1929 2769 2054 2837 jam

417 2863 569 2915 esset
601 2863 863 2926 tempore
895 2863 1214 2927 pugnatum
1266 2875 1369 2911 nec
1399 2874 1491 2912 res
1529 2857 1746 2912 exitum
1791 2857 2052 2922 haberet,

414 2948 563 3002 versi
601 2949 668 3000 ad
707 2951 861 3001 artes
887 2946 1089 3006 nostri,
1116 2948 1261 3016 quod
1297 2947 1382 3000 vis
1413 2963 1526 3000 non
1549 2946 1904 3007 succederet,
1926 2950 2053 2998 ten-

415 3037 662 3092 tandum
697 3035 804 3090 sibi
840 3037 1141 3105 putarunt,
1168 3035 1214 3090 si
1241 3052 1455 3106 paucos
1478 3035 1680 3088 saltem
1705 3031 1958 3087 hostium
1988 3048 2052 3086 ac

420 3143 521 3197 per
546 3125 728 3179 vicem
762 3122 1512 3193 1989ingu105,abducere
1535 3138 1597 3174 ac
1621 3119 2051 3190 conspiratione

421 3212 714 3269 communi
731 3215 786 3266 et
803 3211 869 3264 ad
890 3210 1048 3281 pacis
1071 3211 1475 3265 tractationem
1495 3209 1774 3264 inclinare
1798 3214 2052 3278 possent.

422 3301 589 3357 Ratio
609 3300 727 3354 haec
757 3304 880 3354 erat
903 3297 1144 3354 consolii
1170 3297 1490 3368 prudentis.
1518 3297 1680 3352 Haud
1706 3297 2057 3366 sperandum

423 3388 730 3442 videbatur
761 3402 932 3458 posse
981 3386 1214 3440 admitti
1246 3402 1311 3440 ac
1353 3386 1438 3439 vel
1473 3384 1660 3440 audiri
1708 3385 1996 3455 patienter
2028 3402 2061 3439 a

422 3475 722 3531 communi
757 3473 1002 3530 consilio
1058 3473 1270 3545 gentis,
1303 3478 1358 3529 et
1387 3473 1471 3528 ira
1503 3472 1804 3544 ﬂagrantis
1841 3477 1898 3528 et
1921 3489 2058 3529 suc-

424 3583 594 3621 cessu
628 3565 765 3620 belli
804 3563 987 3631 elata,
1036 3564 1478 3636 compositionis
1520 3563 1907 3618 mentionem:
1961 3563 2058 3618 ﬁxi

417 3653 634 3725 quippe
665 3670 869 3708 omnes
903 3660 1064 3707 erant
1095 3652 1153 3707 in
1187 3653 1482 3723 proposito
1514 3651 1847 3707 vindicandi
1878 3655 2056 3706 tuen-

417 3742 615 3810 dique,
649 3757 818 3812 quem
855 3759 916 3796 se
945 3741 1158 3796 habere
1189 3741 1496 3813 putabant,
1519 3739 1765 3811 legitimi
1785 3739 1874 3794 sui
1901 3738 2060 3810 prin-

419 3831 604 3902 cipis;
635 3831 702 3885 ad
737 3830 856 3885 hac
879 3829 1123 3885 insidias
1151 3830 1208 3884 in
1234 3829 1613 3885 conventione
1635 3831 2058 3898 suspectantes,

420 3925 477 3977 et
509 3937 621 3974 non
655 3920 780 3974 sine
797 3936 975 3974 causa
994 3921 1318 3973 metuentes
1334 3935 1404 3973 ne
1421 3915 1852 3972 doloseinducti
1868 3916 2060 3986 specie

423 4009 583 4081 pacis
606 4007 1017 4062 irritatissimis
1036 4007 1304 4061 hostibus
1324 4007 1392 4060 ad
1421 4022 1621 4076 poenas
1643 4010 1865 4060 atroces
1888 4004 2058 4058 dede-

424 4101 645 4164 rentur,
663 4099 872 4150 cuncta
885 4095 1009 4163 ejus
1024 4094 1255 4164 generis
1269 4094 1467 4150 statim
1483 4094 1674 4149 oblata
1689 4093 2058 4162 respuebant.

425 4187 573 4255 Ergo
589 4185 840 4255 primum
860 4184 929 4236 ad
952 4200 1130 4236 unum
1146 4187 1203 4236 et
1221 4181 1852 4248 alterum,moxsensim
1869 4196 2061 4236 succe-

426 4276 594 4328 dente
643 4272 870 4343 negotio
912 4273 981 4325 ad
1017 4271 1194 4325 alium
1232 4269 1528 4341 aliumque
1564 4270 1878 4324 mittuntur
1922 4271 2059 4326 certi

426 4379 532 4418 nec
557 4361 763 4433 ingrati
784 4361 1052 4430 privatim
1077 4359 1478 4430 bomines,qui
1503 4358 1850 4413 oblivionem
1878 4358 2062 4413 utrin-

426 4467 538 4523 que
573 4453 996 4505 transaclorum
1031 4452 1448 4520 proponerent,
1472 4446 1813 4519 pollicentes
1844 4447 2064 4518 optima

2166 519 2473 574 κεκλεῖσθαι
2531 525 2608 592 τῷ
2650 519 2754 574 τῶν
2805 522 3148 591 Νικητιάτων
3207 522 3453 598 φρουρίῳ
3500 521 3586 575 καὶ
3639 521 3802 597 ἀσφα-

2167 605 2278 660 λῶν
2324 607 2812 682 έγκαοείργνυσθαι.
2864 610 2962 666 Ἤν
3015 607 3070 664 δέ
3115 631 3198 671 τις
3225 613 3312 664 καί
3371 607 3621 684 βούλεται
3677 608 3803 683 βλέ-

2166 716 2284 748 πειν
2332 697 2408 772 ἐφ’
2441 696 2623 771 ὅρκοις
2656 694 2836 752 λαϐὼν
2869 699 2934 754 τὰ
2965 699 3126 753 πιστᾶ
3173 697 3490 776 φρικώδεσι,
3527 702 3801 772 προσεῖναι

2165 789 2358 838 τοῦτον
2393 785 2435 838 ἷέ
2646 787 2660 804 ⁸
3070 788 3083 806 ’
3327 787 3341 808 ‘
3475 809 3494 820 ρ
3671 784 3684 804 ’
3762 785 3772 805 '

2416 808 2526 840 ,ναι
2573 808 2662 840 και
2699 785 2940 861 βλέπειν.
2976 792 3206 849 Τουτοις
3255 810 3343 842 και
3394 785 3639 842 πλείοσιν
3668 806 3805 840 εχει-

2165 893 2289 932 νους
2337 874 2682 948 ὑπεξάγοντες
2729 877 2848 938 καθ’
2892 875 3148 950 ἡμέραν,
3209 877 3322 948 ἅμα
3379 873 3436 930 δὲ
3490 875 3580 928 καὶ
3634 894 3803 950 προσ-

2167 959 2471 1032 πέμποντες
2537 961 2714 1033 ἱκανὰ,
2776 961 2939 1034 μόλις
2990 961 3203 1027 ἔπειθον
3254 965 3342 1018 καὶ
3399 961 3658 1018 έδούλουν
3718 964 3809 1025 τάς

2165 1057 2387 1122 γνώμας
2447 1049 2657 1123 χρυσίῳ
2715 1051 3044 1122 μερίζοντες.
3078 1053 3177 1107 Καὶ
3209 1056 3299 1105 νῦν
3354 1053 3447 1124 μὲν
3479 1054 3692 1110 τοῦτον.
3722 1053 3808 1103 νῦν

2169 1135 2227 1191 δὲ
2279 1136 2474 1191 ἐκεῖνον
2537 1138 2906 1213 ὑπερχόμενοι
2963 1145 3078 1202 τοῖς
3138 1140 3443 1213 μηνύμασι,
3491 1144 3654 1194 τοῦτο
3716 1139 3805 1210 μὲν

2167 1225 2574 1297 θεραπεύοντες,
2626 1231 2787 1280 τοῦτο
2819 1224 2876 1282 δέ
2926 1249 2986 1302 γε
3031 1229 3119 1282 καὶ
3170 1229 3597 1302 ὑπισχνούμενοι
3646 1227 3810 1300 παρὲ-

2167 1314 2351 1367 πειθον
2409 1314 2535 1375 τοὺς
2594 1312 2860 1384 πολλοὺς,
2918 1316 3006 1371 καὶ
3069 1316 3281 1389 μᾶλλον
3338 1317 3464 1371 τοὺς
3515 1313 3809 1384 ἐπιδήλους

2169 1399 2238 1458 Oi
2289 1399 2346 1455 δὲ
2401 1401 2670 1476 ὁσημέραι
2727 1403 2892 1458 πλέον
2948 1405 3378 1478 μαλακιζόμενω
3441 1405 3675 1477 ὑποψίαν
3716 1407 3808 1457 τοῦ

2170 1485 2491 1562 προδιδόναι
2521 1497 2783 1564 παρεῖχον
2816 1497 2931 1554 τοῖς
2960 1491 3176 1554 ἄλλοις.
3214 1492 3366 1562 Πλὴν
3397 1493 3485 1547 καὶ
3515 1499 3614 1561 τῆς
3649 1511 3808 1564 μετα-

2172 1571 2346 1644 ϐολῆς
2401 1574 2776 1651 αἰσθανόμενοι
2837 1581 2945 1654 οὺχ
2995 1582 3143 1656 εἶχον
3204 1583 3231 1635 ὁ
3286 1603 3338 1636 τι
3396 1581 3485 1635 καὶ
3537 1577 3810 1653 πρᾶξειαν·

2177 1665 2376 1736 μόνους
2429 1667 2530 1739 γὰρ
2596 1667 2724 1730 τοὺς
2796 1667 3192 1742 σπενδομένους
3262 1664 3646 1740 ὑπελάμϐανον
3707 1669 3808 1720 σώ-

2177 1755 2377 1819 ζεσθαι,
2411 1755 2493 1827 [Ρ.
2547 1756 2668 1826 13δ]
2721 1755 2986 1818 κάκείνοις
3026 1756 3292 1831 ὁσημέραι
3346 1754 3551 1811 πολλοὶ
3613 1776 3808 1826 προσε-

2165 1838 2372 1894 τίθεντο
2431 1839 2536 1896 δέει
2593 1849 2689 1897 τοῦ
2741 1842 3078 1899 κινδυνεύιιν.
3139 1848 3307 1902 Ἦσαν
3362 1844 3419 1899 δὲ
3473 1845 3562 1899 καί
3592 1865 3729 1905 τινες
3761 1843 3810 1897 o'i

2163 1926 2306 1982 πολὺ
2357 1929 2636 2002 κρείττονα
2691 1934 2782 1986 τὸν
2838 1933 2888 1986 έν
2947 1938 3025 2004 τῷ
3080 1932 3312 2006 πολέμῳ
3364 1936 3600 2007 ἡγοῦντο
3650 1933 3805 1996 θάνα-

2161 2035 2252 2068 τον
2296 2023 2396 2085 τῆς
2445 2019 2935 2093 προσδοκωμένης,
2997 2021 3042 2076 εἰ
3095 2025 3416 2093 καθυφεῖντο
3462 2021 3550 2076 καὶ
3605 2019 3806 2095 προδο-

2164 2107 2324 2170 θεῖεν,
2375 2105 2677 2179 κολάσεως,
2720 2109 2808 2164 καὶ
2857 2111 3100 2186 ἀννέχειν
3144 2109 3232 2165 διὰ
3275 2115 3442 2165 ταῦτα
3483 2109 3572 2164 διὰ
3615 2109 3807 2170 τέλους

2165 2188 2390 2260 ἤθελον.

2172 2328 2426 2384 universi
2461 2347 2831 2400 persuasum,
2861 2333 2959 2387 sed
2994 2337 3252 2405 agyrtam
3286 2338 3343 2388 et
3375 2333 3636 2405 planum,
3668 2333 3810 2390 falso

2169 2433 2231 2472 se
2286 2419 2678 2473 venditantem
2741 2422 2977 2475 nomine
3017 2421 3282 2492 ipsisque
3321 2421 3706 2477 illudentem:
3757 2427 3812 2478 et

2169 2505 2541 2562 manifestam
2601 2507 2938 2579 imposturaa
2993 2508 3412 2564 convictionem
3471 2510 3810 2581 offerebant,

2167 2595 2380 2648 servari
2414 2610 2613 2649 verum
2646 2597 2935 2652 Joannem
2968 2598 3329 2652 afﬁrmantes
3360 2599 3658 2654 tutissima
3681 2617 3810 2654 cus-

2165 2683 2326 2739 todia
2357 2685 2415 2738 in
2449 2701 2576 2740 arce
2606 2685 3046 2754 Nicetiatarum,
3079 2703 3194 2757 quo
3221 2693 3544 2758 spectatum
3579 2705 3641 2744 se
3674 2705 3808 2744 eon-

2164 2771 2311 2825 ferre
2328 2769 2453 2826 sine
2475 2771 2590 2826 ullo
2612 2772 2864 2842 periculo
2881 2779 3118 2843 possent
3142 2790 3154 2828 :
3178 2779 3634 2844 prresumpturos
3652 2776 3807 2829 enim

2165 2862 2652 2930 quantascunque
2669 2860 3359 2932 vellentjuramentorum
3382 2867 3481 2916 aut
3499 2863 3808 2934 pignorum

2163 2943 2483 3015 cautiones,
2518 2947 2717 3014 sicque
2749 2947 2901 3002 istuc
2934 2965 3097 3018 aequo
3131 2965 3197 3004 ac
3229 2966 3434 3003 securo
3477 2949 3809 3005 intraturos

2162 3033 2378 3099 animo,
2431 3051 2561 3088 cum
2614 3035 2784 3106 pleno
2857 3037 3102 3090 arbitrio
3151 3037 3318 3091 liberi
3367 3038 3613 3107 reditus,
3662 3041 3808 3092 citra

2167 3119 2347 3175 ullam
2381 3123 2734 3193 suspicionis
2769 3125 3058 3180 umbram.
3092 3126 3390 3195 Ejusmodi
3426 3127 3575 3180 I99
3611 3126 3808 3182 blandi

2171 3210 2384 3263 mentis
2409 3210 2807 3280 plausibilium
2826 3229 3163 3267 sermonum
3189 3213 3621 3284 aliquantulum
3641 3215 3809 3270 initio

2171 3297 2515 3354 labefactata
2545 3300 2759 3355 duritie
2805 3302 3198 3371 quorumdam
3230 3319 3259 3357 e
3291 3303 3606 3370 montanis,
3645 3321 3809 3359 acce-

2169 3388 2341 3441 dente
2372 3404 2501 3440 vero
2533 3387 2694 3458 larga
2727 3388 3113 3445 missitatione
3156 3407 3461 3445 munerum
3494 3391 3812 3446 vehemen-

2168 3476 2284 3530 tius
2333 3475 2610 3546 impulsa,
2643 3477 2736 3532 vix
2767 3479 3001 3533 tandem
3039 3479 3161 3534 loco
3207 3479 3404 3541 cessit,
3439 3479 3670 3550 placida
3701 3481 3806 3535 do-

2168 3562 2386 3619 cilitate
2425 3565 2768 3620 succedente
2792 3583 2856 3619 ac
2880 3567 3049 3635 plena
3073 3567 3458 3638 promissione
3477 3569 3592 3623 veri
3614 3570 3671 3622 in
3696 3569 3802 3622 im-

2169 3650 2451 3721 peratoris
2473 3651 2748 3722 obsequia
2773 3652 2971 3722 studii,
2996 3669 3155 3719 auro,
3181 3658 3243 3708 ut
3265 3654 3427 3721 solet,
3449 3654 3808 3710 distrahente

2167 3737 2485 3793 concordes
2516 3743 2572 3793 et
2603 3741 2800 3795 studia
2849 3741 3094 3796 invicem
3126 3747 3374 3812 votaque
3406 3743 3806 3798 committente

2168 3827 2332 3897 prius
2365 3828 2719 3882 unanimiter
2749 3828 3233 3900 conspirantium.
3262 3831 3338 3884 Ea
3365 3832 3587 3886 ratione
3618 3837 3807 3885 traxe-

2168 3920 2306 3969 runt
2326 3915 2380 3968 in
2417 3919 2608 3985 partes
2642 3917 2878 3986 multos,
2903 3923 2960 3972 et
2993 3918 3048 3971 in
3076 3918 3147 3972 iis
3171 3919 3365 3990 capita
3387 3920 3513 3991 ipsa
3532 3919 3801 3987 nationis,

2168 4003 2509 4060 auctoritate
2539 4005 2660 4060 illic
2682 4011 2738 4060 et
2758 4007 3188 4062 existimatione
3220 4009 3530 4078 principes.
3556 4010 3804 4072 Quibus-

2168 4109 2299 4146 cum
2337 4097 2633 4164 utcunque
2666 4094 2866 4149 isthac
2896 4112 3108 4150 arcano
3137 4097 3560 4167 tractabantur,
3606 4101 3662 4152 et
3692 4097 3802 4168 ipsi

2167 4181 2369 4238 sedulo
2403 4183 2687 4251 uelabant,
2721 4191 2909 4239 tamen
2938 4201 3069 4240 cum
3104 4185 3161 4239 in
3195 4185 3714 4242 deliberationibus
3736 4187 3804 4241 de

2171 4271 2319 4326 bello
2367 4277 2422 4325 et
2451 4272 2506 4325 in
2541 4272 2697 4326 omni
2731 4274 3033 4328 occasione
3083 4274 3362 4329 similium
3399 4291 3732 4330 sermonum
3764 4276 3802 4329 ii

2169 4359 2460 4415 molliores
2486 4360 2546 4414 in
2579 4361 2700 4416 dies
2733 4378 2793 4416 se
2845 4363 3189 4433 praeberent,
3223 4364 3620 4435 suspicionem
3673 4364 3804 4419 aliis

2171 4454 2474 4502 moverunt
2503 4450 2667 4518 quasi
2690 4452 3073 4519 proditionem
3100 4453 3544 4508 meditarentur.
3565 4454 3804 4524 Moxque

429 4521 541 4594 fide
593 4539 664 4593 ab
713 4538 1066 4609 imperatore
1110 4537 1509 4605 sanciendam,
1561 4534 1610 4590 si
1638 4539 1695 4590 et
1742 4535 1853 4604 ipsi
1906 4535 2062 4606 paria
2095 4521 2138 4584 D
2170 4536 2502 4608 suspicioin
2534 4538 3140 4610 opinionemtransiit,
3165 4541 3392 4596 idoneis
3428 4521 3799 4599 exstantibus

427 4628 714 4699 spondere
746 4627 816 4680 de
848 4643 909 4680 se
944 4625 1177 4680 vellent.
1215 4626 1333 4681 Sub
1367 4625 1486 4678 haec
1520 4624 1901 4679 insinuabant
1931 4640 2058 4678 sese

424 4716 564 4782 illis,
591 4715 774 4769 amice
804 4715 1170 4786 suggerendo
1195 4711 1570 4768 consulerent
1588 4713 1760 4767 rebus
1793 4711 1917 4766 suis
1941 4712 2056 4782 pri-

423 4804 626 4873 vatim,
681 4820 785 4858 nec
835 4819 982 4857 caeco
1013 4820 1076 4857 se
1125 4801 1447 4856 multorum
1481 4802 1699 4872 impetu
1746 4799 2058 4854 incertum

421 4891 661 4946 exitium
698 4890 884 4960 abripi
933 4890 1257 4960 praecipites
1287 4890 1564 4944 sinerent.
1605 4889 1729 4942 Non
1765 4904 1824 4942 se
1857 4893 2057 4958 postu-

422 4981 540 5034 lare
595 4984 657 5032 ut
686 4979 876 5034 verbis
927 4979 1228 5033 crederent
1271 4995 1281 5031 :
1333 4994 1538 5048 capere
1582 4977 1751 5031 licere
1805 4993 2056 5046 praesens

420 5066 884 5137 experimentum
942 5083 1135 5122 rerum
1185 5067 1470 5138 ipsarum.
1520 5065 1729 5120 Venire
1771 5066 1941 5120 modo
1989 5082 2059 5119 ne

421 5161 825 5230 gravarentur,
860 5155 1166 5212 obsidibus
1197 5155 1254 5208 in
1289 5158 1481 5209 tutum
1506 5155 1755 5210 reditum
1783 5154 2055 5223 acceptis,

422 5245 491 5300 ad
527 5244 652 5298 loca
674 5244 1000 5316 designata,
1033 5243 1130 5296 ubi
1151 5241 1491 5296 distinctius
1513 5239 1918 5311 explicandum
1944 5240 2058 5295 illis

422 5335 572 5388 foret
601 5333 836 5403 quantis
861 5334 1057 5386 essent
1074 5330 1145 5385 ab
1176 5329 1524 5400 imperatore
1545 5327 1887 5383 eumulandi
1912 5343 2057 5397 praes

425 5421 580 5488 miis,
615 5437 677 5476 se
709 5421 895 5474 redire
925 5436 1056 5473 cum
1071 5435 1137 5473 eo
1171 5418 1224 5470 in
1244 5417 1492 5487 gratiam
1510 5415 2056 5487 vellentimpostore

423 5510 538 5575 illo,
567 5525 668 5580 pro
691 5525 805 5579 quo
826 5510 1208 5579 pugnassent,
1228 5507 1571 5561 abdicando.
1602 5506 1721 5560 Non
1753 5507 1906 5561 enim
1932 5526 2060 5564 esse

429 5595 599 5652 illum
651 5596 936 5652 Joannem
987 5593 1305 5665 Lascarim,
1355 5593 1641 5665 quidquid
1685 5594 1828 5667 ipsis
1859 5595 2065 5654 luisset

2167 4624 2512 4680 mutationis
2531 4625 2733 4694 signis.
2760 4626 2920 4683 Unde
2945 4646 3053 4684 non
3086 4647 3289 4700 parum
3315 4632 3646 4686 conturbari
3669 4649 3805 4687 con-

2165 4711 2294 4782 tigit
2309 4710 2636 4782 plerosque,
2651 4713 2915 4769 videlciet
2932 4715 3334 4772 existimantes
3353 4717 3460 4771 sibi
3479 4733 3681 4772 cavere
3695 4717 3802 4773 soli

2167 4817 2233 4854 ac
2263 4801 2508 4855 salutem
2544 4802 2824 4858 duntaxat
2845 4805 3143 4875 proprium
3172 4806 3382 4876 pacisci
3415 4822 3513 4862 eos
3545 4807 3644 4878 qui
3669 4824 3801 4861 eum

2169 4890 2513 4960 imperatore
2543 4895 2893 4947 tractarent:
2930 4897 3167 4950 caeteros
3186 4911 3390 4950 omnes
3415 4896 3512 4950 ira:
3544 4896 3800 4951 hostium

2167 4977 2457 5048 expositos
2492 4977 2765 5047 relinqui.
2801 4981 2876 5035 Eo
2899 4980 3286 5052 valuithujus
3322 4982 3561 5052 periculi
3590 4988 3802 5050 metus,

2171 5074 2231 5119 ut
2263 5064 2433 5118 multi
2465 5067 2722 5135 quotidie
2745 5069 2814 5122 ad
2849 5085 2946 5123 eos
2964 5070 3057 5138 qui
3085 5071 3414 5125 tractabant
3443 5087 3504 5125 se
3527 5088 3804 5142 aggrega-

2169 5159 2316 5209 reut.
2351 5153 2527 5207 Erant
2559 5158 2752 5210 tamen
2786 5159 2882 5227 qui
2910 5165 3154 5214 mortem
3179 5159 3238 5213 in
3266 5158 3416 5215 bello
3442 5159 3636 5216 minus
3653 5177 3807 5216 acer-

2169 5244 2301 5298 bam
2336 5243 2799 5299 ducerentmalis
2831 5247 3500 5318 suppliciisque,quibus
3527 5265 3588 5302 se
3616 5250 3802 5319 subji-

2169 5331 2405 5384 ciendos
2435 5332 2869 5402 exspectabant,
2895 5334 2942 5388 si
2968 5339 3065 5389 aut
3084 5335 3231 5390 ultro
3255 5335 3524 5391 cederent
3543 5339 3642 5389 aut
3665 5335 3802 5389 alio-

2169 5434 2299 5471 rum
2334 5415 2463 5471 dolo
2497 5419 2965 5487 procederentur.
3017 5423 3201 5486 Quare
3233 5422 3622 5476 obﬁrmabaut
3651 5438 3712 5476 se
3746 5423 3800 5476 in

2171 5506 2459 5560 sententia
2492 5506 2795 5562 resistendi
2847 5509 3237 5582 bellandique,
3272 5511 3460 5580 quoad
3509 5510 3802 5565 vincerent

2173 5597 2270 5648 aut
2306 5591 2599 5649 caderent.
