  <div class='ocr_page' id='page_1' title='image "/cluster/home/n/w/nwhite01/storage/ocr_20150623/143/mdp.39015078384784/328.png"; bbox 0 0 4158 6280; ppageno 0'>
   <div class='ocr_carea' id='block_1_1' title="bbox 345 379 447 434">
    <p class='ocr_par' dir='ltr' id='par_1_1' title="bbox 345 379 447 434">
     <span class='ocr_line' id='line_1_1' title="bbox 345 379 447 434; baseline -0.02 0"><span class='ocrx_word' id='word_1_1' title='bbox 345 379 447 434; x_wconf 79' lang='grc'>641</span> 
     </span>
    </p>
   </div>
   <div class='ocr_carea' id='block_1_2' title="bbox 1421 373 2713 431">
    <p class='ocr_par' dir='ltr' id='par_1_2' title="bbox 1421 373 2713 431">
     <span class='ocr_line' id='line_1_2' title="bbox 1421 373 2713 431; baseline -0.004 -1"><span class='ocrx_word' id='word_1_2' title='bbox 1421 378 1518 431; x_wconf 80' lang='grc' dir='ltr'>ΒΕ</span> <span class='ocrx_word' id='word_1_3' title='bbox 1556 377 1924 431; x_wconf 78' lang='lat' dir='ltr'>MICHAELE</span> <span class='ocrx_word' id='word_1_4' title='bbox 1962 373 2404 429; x_wconf 67' lang='lat' dir='ltr'>PALIEOLOGO</span> <span class='ocrx_word' id='word_1_5' title='bbox 2437 374 2573 428; x_wconf 84' lang='lat' dir='ltr'><strong>LIB.</strong></span> <span class='ocrx_word' id='word_1_6' title='bbox 2614 375 2713 428; x_wconf 86' lang='lat' dir='ltr'>III.</span> 
     </span>
    </p>
   </div>
   <div class='ocr_carea' id='block_1_3' title="bbox 3636 374 3746 429">
    <p class='ocr_par' dir='ltr' id='par_1_3' title="bbox 3636 374 3746 429">
     <span class='ocr_line' id='line_1_3' title="bbox 3636 374 3746 429; baseline 0.018 -2"><span class='ocrx_word' id='word_1_7' title='bbox 3636 374 3746 429; x_wconf 72' lang='grc'>642</span> 
     </span>
    </p>
   </div>
   <div class='ocr_carea' id='block_1_4' title="bbox 347 493 3739 578">
    <p class='ocr_par' dir='ltr' id='par_1_4' title="bbox 347 493 3739 578">
     <span class='ocr_line' id='line_1_4' title="bbox 347 493 3739 578; baseline 0.003 -38"><span class='ocrx_word' id='word_1_8' title='bbox 347 505 437 578; x_wconf 53' lang='grc' dir='ltr'>ιγ’,</span> <span class='ocrx_word' id='word_1_9' title='bbox 497 499 840 578; x_wconf 39' lang='grc' dir='ltr'>Ἀπολογία-.</span> <span class='ocrx_word' id='word_1_10' title='bbox 867 504 974 578; x_wconf 68' lang='grc' dir='ltr'>τῷν</span> <span class='ocrx_word' id='word_1_11' title='bbox 1010 503 1280 578; x_wconf 24' lang='grc' dir='ltr'>*ζυγηνῶν</span> <span class='ocrx_word' id='word_1_12' title='bbox 1317 500 1497 578; x_wconf 24' lang='grc' dir='ltr'>,πρρςμ</span> <span class='ocrx_word' id='word_1_13' title='bbox 1534 497 1818 568; x_wconf 78' lang='grc' dir='ltr'>ἀλλήλους</span> <span class='ocrx_word' id='word_1_14' title='bbox 1872 495 1990 568; x_wconf 72' lang='grc' dir='ltr'>ὑνὲρ</span> <span class='ocrx_word' id='word_1_15' title='bbox 2023 502 2077 567; x_wconf 80' lang='grc' dir='ltr'><strong>Α</strong></span> <span class='ocrx_word' id='word_1_16' title='bbox 2108 495 2366 572; x_wconf 75' lang='grc' dir='ltr'>ἅφέμενοι</span> <span class='ocrx_word' id='word_1_17' title='bbox 2421 497 2744 570; x_wconf 77' lang='grc' dir='ltr'>μέμφεσθαι,</span> <span class='ocrx_word' id='word_1_18' title='bbox 2795 498 3238 570; x_wconf 78' lang='grc' dir='ltr'>συναρπασθεῖσιν</span> <span class='ocrx_word' id='word_1_19' title='bbox 3289 493 3444 555; x_wconf 76' lang='grc' dir='ltr'>οὕτος</span> <span class='ocrx_word' id='word_1_20' title='bbox 3493 495 3582 550; x_wconf 82' lang='grc' dir='ltr'>καὶ</span> <span class='ocrx_word' id='word_1_21' title='bbox 3624 495 3739 551; x_wconf 85' lang='grc' dir='ltr'>κίν-</span> 
     </span>
    </p>
   </div>
   <div class='ocr_carea' id='block_1_5' title="bbox 683 568 1654 641">
    <p class='ocr_par' dir='ltr' id='par_1_5' title="bbox 683 568 1654 641">
     <span class='ocr_line' id='line_1_5' title="bbox 683 568 1654 641; baseline -0.001 -15"><span class='ocrx_word' id='word_1_22' title='bbox 683 568 778 626; x_wconf 82' lang='grc' dir='ltr'>τοῦ</span> <span class='ocrx_word' id='word_1_23' title='bbox 813 570 868 626; x_wconf 72' lang='grc' dir='ltr'>ὅν</span> <span class='ocrx_word' id='word_1_24' title='bbox 903 572 977 632; x_wconf 83' lang='grc' dir='ltr'>ὡς</span> <span class='ocrx_word' id='word_1_25' title='bbox 1010 568 1266 639; x_wconf 76' lang='grc' dir='ltr'>’[ωᾶννην</span> <span class='ocrx_word' id='word_1_26' title='bbox 1313 568 1654 641; x_wconf 80' lang='grc' dir='ltr'>ὑπεδέξαντο.</span> 
     </span>
    </p>
   </div>
   <div class='ocr_carea' id='block_1_6' title="bbox 424 673 1992 751">
    <p class='ocr_par' dir='ltr' id='par_1_6' title="bbox 424 673 1992 751">
     <span class='ocr_line' id='line_1_6' title="bbox 424 673 1992 751; baseline -0.005 -17"><span class='ocrx_word' id='word_1_27' title='bbox 424 680 505 751; x_wconf 82' lang='grc' dir='ltr'>[Ρ.</span> <span class='ocrx_word' id='word_1_28' title='bbox 559 680 683 749; x_wconf 84' lang='grc'>133]</span> <span class='ocrx_word' id='word_1_29' title='bbox 734 675 1151 732; x_wconf 75' lang='grc' dir='ltr'>Ἐπλεονέκτουν</span> <span class='ocrx_word' id='word_1_30' title='bbox 1201 673 1504 748; x_wconf 70' lang='grc' dir='ltr'>δὲμᾶλλον</span> <span class='ocrx_word' id='word_1_31' title='bbox 1549 677 1600 729; x_wconf 71' lang='grc' dir='ltr'>οἱ</span> <span class='ocrx_word' id='word_1_32' title='bbox 1631 674 1816 730; x_wconf 79' lang='grc' dir='ltr'>καὶτὰ</span> <span class='ocrx_word' id='word_1_33' title='bbox 1862 673 1992 746; x_wconf 70' lang='grc' dir='ltr'>ὑπὲρ</span> 
     </span>
    </p>
   </div>
   <div class='ocr_carea' id='block_1_7' title="bbox 354 760 1994 843">
    <p class='ocr_par' dir='ltr' id='par_1_7' title="bbox 354 760 1994 843">
     <span class='ocr_line' id='line_1_7' title="bbox 354 760 1994 843; baseline -0.007 -21"><span class='ocrx_word' id='word_1_34' title='bbox 354 772 454 822; x_wconf 87' lang='grc' dir='ltr'>τοῦ</span> <span class='ocrx_word' id='word_1_35' title='bbox 505 766 918 843; x_wconf 68' lang='grc' dir='ltr'>τυνρΑώττοντος</span> <span class='ocrx_word' id='word_1_36' title='bbox 966 760 1440 839; x_wconf 76' lang='grc' dir='ltr'>προϐαλλόμενοι.</span> <span class='ocrx_word' id='word_1_37' title='bbox 1495 765 1614 833; x_wconf 80' lang='grc' dir='ltr'>Καὶ,</span> <span class='ocrx_word' id='word_1_38' title='bbox 1651 789 1676 814; x_wconf 82' lang='grc' dir='ltr'>ί(</span> <span class='ocrx_word' id='word_1_39' title='bbox 1710 763 1775 819; x_wconf 91' lang='grc' dir='ltr'>Τί</span> <span class='ocrx_word' id='word_1_40' title='bbox 1806 761 1930 837; x_wconf 73' lang='grc' dir='ltr'>γὰρ,</span> <span class='ocrx_word' id='word_1_41' title='bbox 1967 783 1994 810; x_wconf 83' lang='grc'><strong>››</strong></span> 
     </span>
    </p>
   </div>
   <div class='ocr_carea' id='block_1_8' title="bbox 354 848 1996 930">
    <p class='ocr_par' dir='ltr' id='par_1_8' title="bbox 354 848 1996 930">
     <span class='ocr_line' id='line_1_8' title="bbox 354 848 1996 930; baseline -0.004 -20"><span class='ocrx_word' id='word_1_42' title='bbox 354 855 569 930; x_wconf 78' lang='grc' dir='ltr'>ἔλεγον,</span> <span class='ocrx_word' id='word_1_43' title='bbox 606 851 869 907; x_wconf 85' lang='grc' dir='ltr'>«δίκαιον</span> <span class='ocrx_word' id='word_1_44' title='bbox 905 856 1041 925; x_wconf 79' lang='grc' dir='ltr'>ἡμῖν</span> <span class='ocrx_word' id='word_1_45' title='bbox 1086 854 1388 927; x_wconf 86' lang='grc' dir='ltr'>πέπρακται</span> <span class='ocrx_word' id='word_1_46' title='bbox 1433 854 1521 907; x_wconf 80' lang='grc' dir='ltr'>ἐπὶ</span> <span class='ocrx_word' id='word_1_47' title='bbox 1571 858 1648 922; x_wconf 81' lang='grc' dir='ltr'>τῷ</span> <span class='ocrx_word' id='word_1_48' title='bbox 1697 848 1996 920; x_wconf 72' lang='grc' dir='ltr'>ἀλλοδαπῷ</span> 
     </span>
    </p>
   </div>
   <div class='ocr_carea' id='block_1_9' title="bbox 347 938 1998 1017">
    <p class='ocr_par' dir='ltr' id='par_1_9' title="bbox 347 938 1998 1017">
     <span class='ocr_line' id='line_1_9' title="bbox 347 938 1998 1017; baseline -0.006 -17"><span class='ocrx_word' id='word_1_49' title='bbox 347 942 524 1017; x_wconf 73' lang='grc' dir='ltr'>τῷδε,</span> <span class='ocrx_word' id='word_1_50' title='bbox 575 942 621 997; x_wconf 84' lang='grc' dir='ltr'>εἷ</span> <span class='ocrx_word' id='word_1_51' title='bbox 670 941 920 996; x_wconf 74' lang='grc' dir='ltr'>κάκεῖνοσ</span> <span class='ocrx_word' id='word_1_52' title='bbox 968 940 1078 1012; x_wconf 75' lang='grc' dir='ltr'>εῗή,</span> <span class='ocrx_word' id='word_1_53' title='bbox 1129 942 1177 997; x_wconf 73' lang='grc' dir='ltr'>εἴ</span> <span class='ocrx_word' id='word_1_54' title='bbox 1225 941 1395 1003; x_wconf 77' lang='grc' dir='ltr'>ἄλλος</span> <span class='ocrx_word' id='word_1_55' title='bbox 1433 961 1447 1014; x_wconf 85' lang='grc'><strong>;</strong></span> <span class='ocrx_word' id='word_1_56' title='bbox 1489 939 1664 1009; x_wconf 80' lang='grc' dir='ltr'>έοειδὴ</span> <span class='ocrx_word' id='word_1_57' title='bbox 1717 938 1998 1011; x_wconf 77' lang='grc' dir='ltr'>δεξάμενοι</span> 
     </span>
    </p>
   </div>
   <div class='ocr_carea' id='block_1_10' title="bbox 351 1026 2000 1105">
    <p class='ocr_par' dir='ltr' id='par_1_10' title="bbox 351 1026 2000 1105">
     <span class='ocr_line' id='line_1_10' title="bbox 351 1026 2000 1105; baseline -0.004 -18"><span class='ocrx_word' id='word_1_58' title='bbox 351 1032 593 1104; x_wconf 75' lang='grc' dir='ltr'>ἐτίθεμεν</span> <span class='ocrx_word' id='word_1_59' title='bbox 651 1031 782 1105; x_wconf 71' lang='grc' dir='ltr'>ὑπὲρ</span> <span class='ocrx_word' id='word_1_60' title='bbox 833 1029 996 1084; x_wconf 81' lang='grc' dir='ltr'>αὐτοῦ</span> <span class='ocrx_word' id='word_1_61' title='bbox 1042 1031 1136 1092; x_wconf 73' lang='grc' dir='ltr'>τὰς</span> <span class='ocrx_word' id='word_1_62' title='bbox 1189 1031 1390 1104; x_wconf 80' lang='grc' dir='ltr'>ψυχὰς,</span> <span class='ocrx_word' id='word_1_63' title='bbox 1438 1035 1691 1103; x_wconf 79' lang='grc' dir='ltr'>γυναῖκας</span> <span class='ocrx_word' id='word_1_64' title='bbox 1731 1027 1820 1082; x_wconf 83' lang='grc' dir='ltr'>καὶ</span> <span class='ocrx_word' id='word_1_65' title='bbox 1867 1026 2000 1081; x_wconf 72' lang='grc' dir='ltr'>αὐτὰ</span> 
     </span>
    </p>
   </div>
   <div class='ocr_carea' id='block_1_11' title="bbox 351 1115 1999 1196">
    <p class='ocr_par' dir='ltr' id='par_1_11' title="bbox 351 1115 1999 1196">
     <span class='ocr_line' id='line_1_11' title="bbox 351 1115 1999 1196; baseline -0.004 -21"><span class='ocrx_word' id='word_1_66' title='bbox 351 1123 420 1176; x_wconf 73' lang='grc' dir='ltr'>τὰ</span> <span class='ocrx_word' id='word_1_67' title='bbox 462 1122 659 1196; x_wconf 74' lang='grc' dir='ltr'>γνήσια</span> <span class='ocrx_word' id='word_1_68' title='bbox 705 1115 1180 1193; x_wconf 77' lang='grc' dir='ltr'>προϐαλλόμενοι,</span> <span class='ocrx_word' id='word_1_69' title='bbox 1223 1119 1274 1181; x_wconf 80' lang='grc' dir='ltr'>ἐς</span> <span class='ocrx_word' id='word_1_70' title='bbox 1310 1118 1367 1180; x_wconf 82' lang='grc' dir='ltr'>ὅς</span> <span class='ocrx_word' id='word_1_71' title='bbox 1399 1118 1593 1186; x_wconf 80' lang='grc' dir='ltr'>σωθείη</span> <span class='ocrx_word' id='word_1_72' title='bbox 1629 1119 1655 1172; x_wconf 87' lang='grc' dir='ltr'>ὁ</span> <span class='ocrx_word' id='word_1_73' title='bbox 1687 1117 1764 1178; x_wconf 66' lang='grc' dir='ltr'>εἲς</span> <span class='ocrx_word' id='word_1_74' title='bbox 1809 1122 1999 1190; x_wconf 82' lang='grc' dir='ltr'>χεῖρας</span> 
     </span>
    </p>
   </div>
   <div class='ocr_carea' id='block_1_12' title="bbox 356 1203 1999 1284">
    <p class='ocr_par' dir='ltr' id='par_1_12' title="bbox 356 1203 1999 1284">
     <span class='ocr_line' id='line_1_12' title="bbox 356 1203 1999 1284; baseline -0.004 -20"><span class='ocrx_word' id='word_1_75' title='bbox 356 1208 622 1284; x_wconf 80' lang='grc' dir='ltr'>ἡμετέρας</span> <span class='ocrx_word' id='word_1_76' title='bbox 669 1208 1013 1282; x_wconf 76' lang='grc' dir='ltr'>καταφυγὼν,</span> <span class='ocrx_word' id='word_1_77' title='bbox 1069 1211 1159 1261; x_wconf 88' lang='grc' dir='ltr'>νῦν</span> <span class='ocrx_word' id='word_1_78' title='bbox 1212 1203 1611 1279; x_wconf 70' lang='grc' dir='ltr'>μεταϐαλόντες</span> <span class='ocrx_word' id='word_1_79' title='bbox 1676 1203 1999 1278; x_wconf 78' lang='grc' dir='ltr'>καταπροώ-</span> 
     </span>
    </p>
   </div>
   <div class='ocr_carea' id='block_1_13' title="bbox 367 1292 2001 1372">
    <p class='ocr_par' dir='ltr' id='par_1_13' title="bbox 367 1292 2001 1372">
     <span class='ocr_line' id='line_1_13' title="bbox 367 1292 2001 1372; baseline -0.004 -20"><span class='ocrx_word' id='word_1_80' title='bbox 367 1301 538 1372; x_wconf 78' lang='grc' dir='ltr'>μεθας</span> <span class='ocrx_word' id='word_1_81' title='bbox 567 1297 617 1351; x_wconf 85' lang='grc' dir='ltr'>τί</span> <span class='ocrx_word' id='word_1_82' title='bbox 648 1295 694 1350; x_wconf 84' lang='grc' dir='ltr'>δ’</span> <span class='ocrx_word' id='word_1_83' title='bbox 725 1299 861 1368; x_wconf 78' lang='grc' dir='ltr'>ἡμῖν</span> <span class='ocrx_word' id='word_1_84' title='bbox 895 1296 971 1359; x_wconf 81' lang='grc' dir='ltr'>εἰς</span> <span class='ocrx_word' id='word_1_85' title='bbox 1014 1295 1316 1370; x_wconf 84' lang='grc' dir='ltr'>ἀπολογίαν</span> <span class='ocrx_word' id='word_1_86' title='bbox 1366 1297 1501 1370; x_wconf 78' lang='grc' dir='ltr'>πρὸς</span> <span class='ocrx_word' id='word_1_87' title='bbox 1531 1294 1658 1356; x_wconf 75' lang='grc' dir='ltr'>τοὺς</span> <span class='ocrx_word' id='word_1_88' title='bbox 1712 1292 2001 1366; x_wconf 77' lang='grc' dir='ltr'>μεμφομέ-</span> 
     </span>
    </p>
   </div>
   <div class='ocr_carea' id='block_1_14' title="bbox 359 1381 1999 1459">
    <p class='ocr_par' dir='ltr' id='par_1_14' title="bbox 359 1381 1999 1459">
     <span class='ocr_line' id='line_1_14' title="bbox 359 1381 1999 1459; baseline -0.003 -19"><span class='ocrx_word' id='word_1_89' title='bbox 359 1406 486 1447; x_wconf 88' lang='grc' dir='ltr'>νους</span> <span class='ocrx_word' id='word_1_90' title='bbox 517 1384 712 1439; x_wconf 69' lang='grc' dir='ltr'>ἐπεῖται</span> <span class='ocrx_word' id='word_1_91' title='bbox 745 1381 1071 1458; x_wconf 85' lang='grc' dir='ltr'>προδοῦσιν;</span> <span class='ocrx_word' id='word_1_92' title='bbox 1107 1381 1188 1437; x_wconf 77' lang='grc' dir='ltr'>ὅτι</span> <span class='ocrx_word' id='word_1_93' title='bbox 1239 1384 1556 1459; x_wconf 87' lang='grc' dir='ltr'>παρώτρυνε</span> <span class='ocrx_word' id='word_1_94' title='bbox 1600 1383 1675 1454; x_wconf 76' lang='grc' dir='ltr'>μὴ</span> <span class='ocrx_word' id='word_1_95' title='bbox 1710 1382 1999 1452; x_wconf 79' lang='grc' dir='ltr'>θέλονταςς</span> 
     </span>
    </p>
   </div>
   <div class='ocr_carea' id='block_1_15' title="bbox 361 1468 2002 1546">
    <p class='ocr_par' dir='ltr' id='par_1_15' title="bbox 361 1468 2002 1546">
     <span class='ocr_line' id='line_1_15' title="bbox 361 1468 2002 1546; baseline -0.003 -17"><span class='ocrx_word' id='word_1_96' title='bbox 361 1471 520 1530; x_wconf 89' lang='grc' dir='ltr'>Ἀλλ’</span> <span class='ocrx_word' id='word_1_97' title='bbox 545 1476 678 1544; x_wconf 81' lang='grc' dir='ltr'>ἡμῖν</span> <span class='ocrx_word' id='word_1_98' title='bbox 699 1471 1062 1546; x_wconf 81' lang='grc' dir='ltr'>γλιχομένοις</span> <span class='ocrx_word' id='word_1_99' title='bbox 1089 1472 1220 1546; x_wconf 71' lang='grc' dir='ltr'>ὑπὲρ</span> <span class='ocrx_word' id='word_1_100' title='bbox 1244 1470 1505 1526; x_wconf 82' lang='grc' dir='ltr'>δεσπότου</span> <span class='ocrx_word' id='word_1_101' title='bbox 1526 1469 1755 1544; x_wconf 76' lang='grc' dir='ltr'>πάσχειν</span> <span class='ocrx_word' id='word_1_102' title='bbox 1781 1468 2002 1536; x_wconf 79' lang='grc' dir='ltr'>ἐπέστη.</span> 
     </span>
    </p>
   </div>
   <div class='ocr_carea' id='block_1_16' title="bbox 355 1556 2004 1632">
    <p class='ocr_par' dir='ltr' id='par_1_16' title="bbox 355 1556 2004 1632">
     <span class='ocr_line' id='line_1_16' title="bbox 355 1556 2004 1632; baseline -0.004 -15"><span class='ocrx_word' id='word_1_103' title='bbox 355 1561 516 1618; x_wconf 85' lang='grc' dir='ltr'>Ἀλλ’</span> <span class='ocrx_word' id='word_1_104' title='bbox 548 1561 630 1616; x_wconf 72' lang='grc' dir='ltr'>ὅτι</span> <span class='ocrx_word' id='word_1_105' title='bbox 657 1561 724 1615; x_wconf 75' lang='grc' dir='ltr'>τά</span> <span class='ocrx_word' id='word_1_106' title='bbox 764 1561 882 1614; x_wconf 67' lang='grc' dir='ltr'>καθ’</span> <span class='ocrx_word' id='word_1_107' title='bbox 933 1562 1080 1631; x_wconf 71' lang='grc' dir='ltr'>ἡμᾶς</span> <span class='ocrx_word' id='word_1_108' title='bbox 1127 1559 1179 1614; x_wconf 79' lang='grc' dir='ltr'>ἐν</span> <span class='ocrx_word' id='word_1_109' title='bbox 1208 1561 1423 1632; x_wconf 77' lang='grc' dir='ltr'>ταραχῆ</span> <span class='ocrx_word' id='word_1_110' title='bbox 1478 1558 1796 1629; x_wconf 81' lang='grc' dir='ltr'>κατέστησεν</span> <span class='ocrx_word' id='word_1_111' title='bbox 1833 1576 1846 1625; x_wconf 87' lang='grc'><strong>;</strong></span> <span class='ocrx_word' id='word_1_112' title='bbox 1881 1556 2004 1610; x_wconf 85' lang='grc' dir='ltr'>ἀλλ’</span> 
     </span>
    </p>
   </div>
   <div class='ocr_carea' id='block_1_17' title="bbox 354 1645 2003 1723">
    <p class='ocr_par' dir='ltr' id='par_1_17' title="bbox 354 1645 2003 1723">
     <span class='ocr_line' id='line_1_17' title="bbox 354 1645 2003 1723; baseline -0.002 -21"><span class='ocrx_word' id='word_1_113' title='bbox 354 1654 495 1723; x_wconf 80' lang='grc' dir='ltr'>ἡμῖν</span> <span class='ocrx_word' id='word_1_114' title='bbox 546 1671 607 1723; x_wconf 90' lang='grc' dir='ltr'>γε</span> <span class='ocrx_word' id='word_1_115' title='bbox 659 1647 1138 1723; x_wconf 70' lang='grc' dir='ltr'>προθυμουμένοις</span> <span class='ocrx_word' id='word_1_116' title='bbox 1191 1647 1401 1720; x_wconf 80' lang='grc' dir='ltr'>μᾶλλον</span> <span class='ocrx_word' id='word_1_117' title='bbox 1436 1646 1470 1716; x_wconf 73' lang='grc' dir='ltr'><strong>ἢ</strong></span> <span class='ocrx_word' id='word_1_118' title='bbox 1500 1648 1681 1718; x_wconf 84' lang='grc' dir='ltr'>τούτῳ</span> <span class='ocrx_word' id='word_1_119' title='bbox 1729 1645 2003 1719; x_wconf 67' lang='grc' dir='ltr'>μέμψοιτό</span> 
     </span>
    </p>
   </div>
   <div class='ocr_carea' id='block_1_18' title="bbox 355 1733 2007 1810">
    <p class='ocr_par' dir='ltr' id='par_1_18' title="bbox 355 1733 2007 1810">
     <span class='ocr_line' id='line_1_18' title="bbox 355 1733 2007 1810; baseline -0.004 -17"><span class='ocrx_word' id='word_1_120' title='bbox 355 1759 466 1800; x_wconf 83' lang='grc' dir='ltr'>τις.</span> <span class='ocrx_word' id='word_1_121' title='bbox 521 1735 678 1793; x_wconf 84' lang='grc' dir='ltr'>Ἀλλ’</span> <span class='ocrx_word' id='word_1_122' title='bbox 735 1737 818 1790; x_wconf 81' lang='grc' dir='ltr'>ὅτι</span> <span class='ocrx_word' id='word_1_123' title='bbox 869 1736 1128 1810; x_wconf 77' lang='grc' dir='ltr'>ὑπεκρίΟη</span> <span class='ocrx_word' id='word_1_124' title='bbox 1180 1737 1272 1790; x_wconf 84' lang='grc' dir='ltr'>τὸν</span> <span class='ocrx_word' id='word_1_125' title='bbox 1338 1735 1562 1810; x_wconf 86' lang='grc' dir='ltr'>βασιλέα</span> <span class='ocrx_word' id='word_1_126' title='bbox 1611 1736 1697 1789; x_wconf 75' lang='grc' dir='ltr'>καὶ</span> <span class='ocrx_word' id='word_1_127' title='bbox 1747 1733 2007 1809; x_wconf 81' lang='grc' dir='ltr'>προσικέ-</span> 
     </span>
    </p>
   </div>
   <div class='ocr_carea' id='block_1_19' title="bbox 2101 579 3738 659">
    <p class='ocr_par' dir='ltr' id='par_1_19' title="bbox 2101 579 3738 659">
     <span class='ocr_line' id='line_1_19' title="bbox 2101 579 3738 659; baseline 0.001 -22"><span class='ocrx_word' id='word_1_128' title='bbox 2101 581 2268 638; x_wconf 85' lang='grc' dir='ltr'>δυνων</span> <span class='ocrx_word' id='word_1_129' title='bbox 2317 582 2767 657; x_wconf 71' lang='grc' dir='ltr'>ἐπανῃρημένοις,</span> <span class='ocrx_word' id='word_1_130' title='bbox 2794 583 2990 656; x_wconf 80' lang='grc' dir='ltr'>μῶμον</span> <span class='ocrx_word' id='word_1_131' title='bbox 3045 580 3234 655; x_wconf 83' lang='grc' dir='ltr'>ἐκείνῳ</span> <span class='ocrx_word' id='word_1_132' title='bbox 3295 579 3738 659; x_wconf 72' lang='grc' dir='ltr'>προστρίϐομεν,</span> 
     </span>
    </p>
   </div>
   <div class='ocr_carea' id='block_1_20' title="bbox 2096 667 3729 748">
    <p class='ocr_par' dir='ltr' id='par_1_20' title="bbox 2096 667 3729 748">
     <span class='ocr_line' id='line_1_20' title="bbox 2096 667 3729 748; baseline 0 -23"><span class='ocrx_word' id='word_1_133' title='bbox 2096 673 2187 725; x_wconf 81' lang='grc' dir='ltr'>καὶ</span> <span class='ocrx_word' id='word_1_134' title='bbox 2218 671 2332 726; x_wconf 82' lang='grc' dir='ltr'>ἀντὶ</span> <span class='ocrx_word' id='word_1_135' title='bbox 2363 676 2458 725; x_wconf 86' lang='grc' dir='ltr'>τοῦ</span> <span class='ocrx_word' id='word_1_136' title='bbox 2490 672 2679 740; x_wconf 80' lang='grc' dir='ltr'>σώζειν</span> <span class='ocrx_word' id='word_1_137' title='bbox 2728 671 2967 744; x_wconf 81' lang='grc' dir='ltr'>¹μεγίστῳ</span> <span class='ocrx_word' id='word_1_138' title='bbox 3016 669 3248 744; x_wconf 77' lang='grc' dir='ltr'>κινδύνῳ</span> <span class='ocrx_word' id='word_1_139' title='bbox 3297 667 3729 748; x_wconf 73' lang='grc' dir='ltr'>περιϐάλλομεν,</span> 
     </span>
    </p>
   </div>
   <div class='ocr_carea' id='block_1_21' title="bbox 2099 758 3728 835">
    <p class='ocr_par' dir='ltr' id='par_1_21' title="bbox 2099 758 3728 835">
     <span class='ocr_line' id='line_1_21' title="bbox 2099 758 3728 835; baseline 0.001 -22"><span class='ocrx_word' id='word_1_140' title='bbox 2099 758 2286 822; x_wconf 82' lang='grc' dir='ltr'>ἄλλως</span> <span class='ocrx_word' id='word_1_141' title='bbox 2332 781 2410 827; x_wconf 83' lang='grc' dir='ltr'>τε,</span> <span class='ocrx_word' id='word_1_142' title='bbox 2463 759 2508 814; x_wconf 83' lang='grc' dir='ltr'>εἱ</span> <span class='ocrx_word' id='word_1_143' title='bbox 2556 761 2643 813; x_wconf 84' lang='grc' dir='ltr'>καί</span> <span class='ocrx_word' id='word_1_144' title='bbox 2693 761 2744 812; x_wconf 74' lang='grc' dir='ltr'>οἱ</span> <span class='ocrx_word' id='word_1_145' title='bbox 2786 761 2852 813; x_wconf 78' lang='grc' dir='ltr'>τα</span> <span class='ocrx_word' id='word_1_146' title='bbox 2899 758 3224 834; x_wconf 75' lang='grc' dir='ltr'>παγχάλεπα</span> <span class='ocrx_word' id='word_1_147' title='bbox 3272 761 3613 835; x_wconf 83' lang='grc' dir='ltr'>πέπρακται,</span> <span class='ocrx_word' id='word_1_148' title='bbox 3666 761 3728 814; x_wconf 83' lang='grc' dir='ltr'>τὸ</span> 
     </span>
    </p>
   </div>
   <div class='ocr_carea' id='block_1_22' title="bbox 2098 848 3738 921">
    <p class='ocr_par' dir='ltr' id='par_1_22' title="bbox 2098 848 3738 921">
     <span class='ocr_line' id='line_1_22' title="bbox 2098 848 3738 921; baseline 0.002 -20"><span class='ocrx_word' id='word_1_149' title='bbox 2098 852 2226 921; x_wconf 82' lang='grc' dir='ltr'>γοῦν</span> <span class='ocrx_word' id='word_1_150' title='bbox 2273 855 2468 921; x_wconf 80' lang='grc' dir='ltr'>σχῆμα</span> <span class='ocrx_word' id='word_1_151' title='bbox 2512 855 2610 917; x_wconf 78' lang='grc' dir='ltr'>τῆς</span> <span class='ocrx_word' id='word_1_152' title='bbox 2660 848 2886 908; x_wconf 73' lang='grc' dir='ltr'>ἱκετείας</span> <span class='ocrx_word' id='word_1_153' title='bbox 2939 849 3120 902; x_wconf 74' lang='grc' dir='ltr'>ἱκανὸν</span> <span class='ocrx_word' id='word_1_154' title='bbox 3185 851 3272 904; x_wconf 85' lang='grc' dir='ltr'>καὶ</span> <span class='ocrx_word' id='word_1_155' title='bbox 3340 852 3432 905; x_wconf 86' lang='grc' dir='ltr'>τὸν</span> <span class='ocrx_word' id='word_1_156' title='bbox 3485 849 3738 904; x_wconf 75' lang='grc' dir='ltr'>κάκιστον</span> 
     </span>
    </p>
   </div>
   <div class='ocr_carea' id='block_1_23' title="bbox 2101 933 3738 1010">
    <p class='ocr_par' dir='ltr' id='par_1_23' title="bbox 2101 933 3738 1010">
     <span class='ocr_line' id='line_1_23' title="bbox 2101 933 3738 1010; baseline 0.001 -22"><span class='ocrx_word' id='word_1_157' title='bbox 2101 937 2326 1004; x_wconf 82' lang='grc' dir='ltr'>σώζειν.</span> <span class='ocrx_word' id='word_1_158' title='bbox 2381 933 2522 991; x_wconf 74' lang='grc' dir='ltr'>Οὐδὲ</span> <span class='ocrx_word' id='word_1_159' title='bbox 2567 937 2667 1010; x_wconf 77' lang='grc' dir='ltr'>γὰρ</span> <span class='ocrx_word' id='word_1_160' title='bbox 2717 935 2776 989; x_wconf 80' lang='grc' dir='ltr'>ἂν</span> <span class='ocrx_word' id='word_1_161' title='bbox 2841 935 2895 989; x_wconf 84' lang='grc' dir='ltr'>τί</span> <span class='ocrx_word' id='word_1_162' title='bbox 2941 942 3134 999; x_wconf 80' lang='grc' dir='ltr'>παθεῖν</span> <span class='ocrx_word' id='word_1_163' title='bbox 3197 936 3440 1006; x_wconf 79' lang='grc' dir='ltr'>ἐκεῖνον,</span> <span class='ocrx_word' id='word_1_164' title='bbox 3490 935 3636 992; x_wconf 81' lang='grc' dir='ltr'>ἄλλᾶ</span> <span class='ocrx_word' id='word_1_165' title='bbox 3686 936 3738 992; x_wconf 88' lang='grc' dir='ltr'>τί</span> 
     </span>
    </p>
   </div>
   <div class='ocr_carea' id='block_1_24' title="bbox 2101 1025 3744 1098">
    <p class='ocr_par' dir='ltr' id='par_1_24' title="bbox 2101 1025 3744 1098">
     <span class='ocr_line' id='line_1_24' title="bbox 2101 1025 3744 1098; baseline 0.001 -20"><span class='ocrx_word' id='word_1_166' title='bbox 2101 1029 2277 1078; x_wconf 81' lang='grc' dir='ltr'>ποιεῖν</span> <span class='ocrx_word' id='word_1_167' title='bbox 2327 1025 2472 1094; x_wconf 78' lang='grc' dir='ltr'>ἄξιον</span> <span class='ocrx_word' id='word_1_168' title='bbox 2518 1027 2664 1097; x_wconf 73' lang='grc' dir='ltr'>ἡμᾶς</span> <span class='ocrx_word' id='word_1_169' title='bbox 2713 1029 3062 1098; x_wconf 77' lang='grc' dir='ltr'>προσκοπεῖν.</span> <span class='ocrx_word' id='word_1_170' title='bbox 3101 1048 3124 1077; x_wconf 80' lang='grc' dir='ltr'>ι)</span> <span class='ocrx_word' id='word_1_171' title='bbox 3175 1030 3354 1081; x_wconf 87' lang='grc' dir='ltr'>Ταῦτα</span> <span class='ocrx_word' id='word_1_172' title='bbox 3417 1030 3578 1081; x_wconf 78' lang='grc' dir='ltr'>τινῶν</span> <span class='ocrx_word' id='word_1_173' title='bbox 3652 1041 3744 1080; x_wconf 79' lang='grc' dir='ltr'>Λε-</span> 
     </span>
    </p>
   </div>
   <div class='ocr_carea' id='block_1_25' title="bbox 2099 1109 3744 1188">
    <p class='ocr_par' dir='ltr' id='par_1_25' title="bbox 2099 1109 3744 1188">
     <span class='ocr_line' id='line_1_25' title="bbox 2099 1109 3744 1188; baseline 0.003 -24"><span class='ocrx_word' id='word_1_174' title='bbox 2099 1111 2302 1186; x_wconf 85' lang='grc' dir='ltr'>γόντων</span> <span class='ocrx_word' id='word_1_175' title='bbox 2352 1109 2528 1166; x_wconf 86' lang='grc' dir='ltr'>ἐδόκει</span> <span class='ocrx_word' id='word_1_176' title='bbox 2589 1111 2726 1166; x_wconf 79' lang='grc' dir='ltr'>τισὶν</span> <span class='ocrx_word' id='word_1_177' title='bbox 2779 1110 2983 1185; x_wconf 76' lang='grc' dir='ltr'>ἀδοξεῖν</span> <span class='ocrx_word' id='word_1_178' title='bbox 3047 1114 3115 1166; x_wconf 80' lang='grc' dir='ltr'>τὰ</span> <span class='ocrx_word' id='word_1_179' title='bbox 3162 1111 3415 1188; x_wconf 81' lang='grc' dir='ltr'>μεγάλα,</span> <span class='ocrx_word' id='word_1_180' title='bbox 3467 1113 3516 1167; x_wconf 81' lang='grc' dir='ltr'>εἷ’</span> <span class='ocrx_word' id='word_1_181' title='bbox 3579 1137 3744 1169; x_wconf 89' lang='grc' dir='ltr'>κατα-</span> 
     </span>
    </p>
   </div>
   <div class='ocr_carea' id='block_1_26' title="bbox 2101 1199 3747 1276">
    <p class='ocr_par' dir='ltr' id='par_1_26' title="bbox 2101 1199 3747 1276">
     <span class='ocr_line' id='line_1_26' title="bbox 2101 1199 3747 1276; baseline 0.002 -22"><span class='ocrx_word' id='word_1_182' title='bbox 2101 1205 2363 1272; x_wconf 67' lang='grc' dir='ltr'>προοῖντο</span> <span class='ocrx_word' id='word_1_183' title='bbox 2396 1201 2488 1254; x_wconf 89' lang='grc' dir='ltr'>τὸν</span> <span class='ocrx_word' id='word_1_184' title='bbox 2520 1199 2724 1270; x_wconf 76' lang='grc' dir='ltr'>ἱκέτην.</span> <span class='ocrx_word' id='word_1_185' title='bbox 2759 1201 2859 1257; x_wconf 79' lang='grc' dir='ltr'>Καὶ</span> <span class='ocrx_word' id='word_1_186' title='bbox 2909 1202 2988 1260; x_wconf 83' lang='grc' dir='ltr'>τὸ.</span> <span class='ocrx_word' id='word_1_187' title='bbox 3020 1202 3114 1274; x_wconf 70' lang='grc' dir='ltr'>μὲν</span> <span class='ocrx_word' id='word_1_188' title='bbox 3164 1199 3434 1272; x_wconf 83' lang='grc' dir='ltr'>διηνεκῶς</span> <span class='ocrx_word' id='word_1_189' title='bbox 3479 1201 3747 1276; x_wconf 88' lang='grc' dir='ltr'>πολεμεῖν</span> 
     </span>
    </p>
   </div>
   <div class='ocr_carea' id='block_1_27' title="bbox 2103 1287 3744 1366">
    <p class='ocr_par' dir='ltr' id='par_1_27' title="bbox 2103 1287 3744 1366">
     <span class='ocr_line' id='line_1_27' title="bbox 2103 1287 3744 1366; baseline 0.002 -24"><span class='ocrx_word' id='word_1_190' title='bbox 2103 1288 2218 1360; x_wconf 90' lang='grc' dir='ltr'>(καὶ</span> <span class='ocrx_word' id='word_1_191' title='bbox 2266 1288 2368 1364; x_wconf 75' lang='grc' dir='ltr'>γὰρ</span> <span class='ocrx_word' id='word_1_192' title='bbox 2418 1287 2478 1342; x_wconf 78' lang='grc' dir='ltr'>ἄν</span> <span class='ocrx_word' id='word_1_193' title='bbox 2533 1288 2737 1363; x_wconf 77' lang='grc' dir='ltr'>ἀνάγκῃ</span> <span class='ocrx_word' id='word_1_194' title='bbox 2787 1291 2932 1344; x_wconf 87' lang='grc' dir='ltr'>τοῦτ’</span> <span class='ocrx_word' id='word_1_195' title='bbox 2983 1291 3112 1343; x_wconf 70' lang='grc' dir='ltr'>εἶναι</span> <span class='ocrx_word' id='word_1_196' title='bbox 3166 1292 3241 1362; x_wconf 74' lang='grc' dir='ltr'>μὴ</span> <span class='ocrx_word' id='word_1_197' title='bbox 3292 1292 3744 1366; x_wconf 71' lang='grc' dir='ltr'>περιγενομένους</span> 
     </span>
    </p>
   </div>
   <div class='ocr_carea' id='block_1_28' title="bbox 2103 1375 3749 1452">
    <p class='ocr_par' dir='ltr' id='par_1_28' title="bbox 2103 1375 3749 1452">
     <span class='ocr_line' id='line_1_28' title="bbox 2103 1375 3749 1452; baseline 0.002 -22"><span class='ocrx_word' id='word_1_198' title='bbox 2103 1382 2210 1430; x_wconf 82' lang='grc' dir='ltr'>τῶν</span> <span class='ocrx_word' id='word_1_199' title='bbox 2261 1376 2495 1446; x_wconf 77' lang='grc' dir='ltr'>πάντων,</span> <span class='ocrx_word' id='word_1_200' title='bbox 2546 1381 2706 1431; x_wconf 88' lang='grc' dir='ltr'>τοῦτο</span> <span class='ocrx_word' id='word_1_201' title='bbox 2743 1375 2788 1431; x_wconf 86' lang='grc' dir='ltr'>δ’</span> <span class='ocrx_word' id='word_1_202' title='bbox 2834 1378 2899 1446; x_wconf 84' lang='grc' dir='ltr'>ἦν</span> <span class='ocrx_word' id='word_1_203' title='bbox 2949 1375 3238 1452; x_wconf 84' lang='grc' dir='ltr'>ἀδύνατον)</span> <span class='ocrx_word' id='word_1_204' title='bbox 3291 1380 3364 1441; x_wconf 83' lang='grc' dir='ltr'>ὡς</span> <span class='ocrx_word' id='word_1_205' title='bbox 3420 1377 3749 1443; x_wconf 79' lang='grc' dir='ltr'>κινδυνῶδες</span> 
     </span>
    </p>
   </div>
   <div class='ocr_carea' id='block_1_29' title="bbox 2106 1463 3746 1542">
    <p class='ocr_par' dir='ltr' id='par_1_29' title="bbox 2106 1463 3746 1542">
     <span class='ocr_line' id='line_1_29' title="bbox 2106 1463 3746 1542; baseline 0.002 -22"><span class='ocrx_word' id='word_1_206' title='bbox 2106 1466 2196 1520; x_wconf 85' lang='grc' dir='ltr'>καὶ</span> <span class='ocrx_word' id='word_1_207' title='bbox 2224 1463 2409 1528; x_wconf 79' lang='grc' dir='ltr'>ἄλλως</span> <span class='ocrx_word' id='word_1_208' title='bbox 2449 1463 2507 1519; x_wconf 77' lang='grc' dir='ltr'>ὃν</span> <span class='ocrx_word' id='word_1_209' title='bbox 2554 1465 2786 1537; x_wconf 69' lang='grc' dir='ltr'>ἀπρεπὲς</span> <span class='ocrx_word' id='word_1_210' title='bbox 2839 1465 3122 1542; x_wconf 82' lang='grc' dir='ltr'>ἀπέλεγον,</span> <span class='ocrx_word' id='word_1_211' title='bbox 3171 1468 3233 1522; x_wconf 87' lang='grc' dir='ltr'>τὸ</span> <span class='ocrx_word' id='word_1_212' title='bbox 3283 1465 3329 1521; x_wconf 85' lang='grc' dir='ltr'>δ’</span> <span class='ocrx_word' id='word_1_213' title='bbox 3379 1468 3528 1532; x_wconf 76' lang='grc' dir='ltr'>αὖθις</span> <span class='ocrx_word' id='word_1_214' title='bbox 3579 1489 3746 1523; x_wconf 81' lang='grc' dir='ltr'>κατα-</span> 
     </span>
    </p>
   </div>
   <div class='ocr_carea' id='block_1_30' title="bbox 2107 1553 3748 1632">
    <p class='ocr_par' dir='ltr' id='par_1_30' title="bbox 2107 1553 3748 1632">
     <span class='ocr_line' id='line_1_30' title="bbox 2107 1553 3748 1632; baseline 0.002 -24"><span class='ocrx_word' id='word_1_215' title='bbox 2107 1556 2440 1630; x_wconf 87' lang='grc' dir='ltr'>προεμένους</span> <span class='ocrx_word' id='word_1_216' title='bbox 2491 1555 2581 1609; x_wconf 80' lang='grc' dir='ltr'>τὸν</span> <span class='ocrx_word' id='word_1_217' title='bbox 2635 1555 2779 1624; x_wconf 82' lang='grc' dir='ltr'>ξένον</span> <span class='ocrx_word' id='word_1_218' title='bbox 2829 1553 3146 1632; x_wconf 75' lang='grc' dir='ltr'>σπένδεσφαι</span> <span class='ocrx_word' id='word_1_219' title='bbox 3191 1557 3478 1630; x_wconf 84' lang='grc' dir='ltr'>ἐπίμωμον</span> <span class='ocrx_word' id='word_1_220' title='bbox 3533 1553 3748 1632; x_wconf 76' lang='grc' dir='ltr'>ἔκρινον</span> 
     </span>
    </p>
   </div>
   <div class='ocr_carea' id='block_1_31' title="bbox 2107 1639 3742 1716">
    <p class='ocr_par' dir='ltr' id='par_1_31' title="bbox 2107 1639 3742 1716">
     <span class='ocr_line' id='line_1_31' title="bbox 2107 1639 3742 1716; baseline 0.002 -20"><span class='ocrx_word' id='word_1_221' title='bbox 2107 1643 2194 1696; x_wconf 78' lang='grc' dir='ltr'>καὶ</span> <span class='ocrx_word' id='word_1_222' title='bbox 2255 1639 2437 1696; x_wconf 72' lang='grc' dir='ltr'>ἄδικον</span> <span class='ocrx_word' id='word_1_223' title='bbox 2493 1641 2664 1712; x_wconf 70' lang='grc' dir='ltr'>πάντη</span> <span class='ocrx_word' id='word_1_224' title='bbox 2725 1644 2860 1716; x_wconf 85' lang='grc' dir='ltr'>πρὸς</span> <span class='ocrx_word' id='word_1_225' title='bbox 2913 1644 3002 1698; x_wconf 89' lang='grc' dir='ltr'>τὸν</span> <span class='ocrx_word' id='word_1_226' title='bbox 3062 1643 3287 1713; x_wconf 78' lang='grc' dir='ltr'>ἥκοντα,</span> <span class='ocrx_word' id='word_1_227' title='bbox 3349 1645 3397 1700; x_wconf 70' lang='grc' dir='ltr'>εἴ</span> <span class='ocrx_word' id='word_1_228' title='bbox 3453 1645 3742 1707; x_wconf 72' lang='grc' dir='ltr'>πιστεύσας</span> 
     </span>
    </p>
   </div>
   <div class='ocr_carea' id='block_1_32' title="bbox 2111 1730 3747 1810">
    <p class='ocr_par' dir='ltr' id='par_1_32' title="bbox 2111 1730 3747 1810">
     <span class='ocr_line' id='line_1_32' title="bbox 2111 1730 3747 1810; baseline 0.001 -24"><span class='ocrx_word' id='word_1_229' title='bbox 2111 1730 2336 1794; x_wconf 79' lang='grc' dir='ltr'>ἐκείνοις</span> <span class='ocrx_word' id='word_1_230' title='bbox 2366 1732 2645 1808; x_wconf 77' lang='grc' dir='ltr'>σφάζοιτο.</span> <span class='ocrx_word' id='word_1_231' title='bbox 2677 1735 2764 1802; x_wconf 83' lang='grc' dir='ltr'>Τῷ</span> <span class='ocrx_word' id='word_1_232' title='bbox 2792 1753 2877 1786; x_wconf 86' lang='grc' dir='ltr'>τοι</span> <span class='ocrx_word' id='word_1_233' title='bbox 2926 1733 3014 1786; x_wconf 84' lang='grc' dir='ltr'>καὶ</span> <span class='ocrx_word' id='word_1_234' title='bbox 3056 1733 3154 1800; x_wconf 76' lang='grc' dir='ltr'>τήν</span> <span class='ocrx_word' id='word_1_235' title='bbox 3209 1732 3378 1806; x_wconf 80' lang='grc' dir='ltr'>μέσην</span> <span class='ocrx_word' id='word_1_236' title='bbox 3409 1738 3747 1810; x_wconf 77' lang='grc' dir='ltr'>χωροῦντες,</span> 
     </span>
    </p>
   </div>
   <div class='ocr_carea' id='block_1_33' title="bbox 357 1818 3750 1914">
    <p class='ocr_par' dir='ltr' id='par_1_33' title="bbox 357 1818 3750 1914">
     <span class='ocr_line' id='line_1_33' title="bbox 357 1818 3750 1914; baseline -0.004 -34"><span class='ocrx_word' id='word_1_237' title='bbox 357 1845 553 1895; x_wconf 85' lang='grc' dir='ltr'>τευσε;</span> <span class='ocrx_word' id='word_1_238' title='bbox 607 1825 694 1879; x_wconf 82' lang='grc' dir='ltr'>καὶ</span> <span class='ocrx_word' id='word_1_239' title='bbox 746 1827 961 1898; x_wconf 81' lang='grc' dir='ltr'>πρῶτον</span> <span class='ocrx_word' id='word_1_240' title='bbox 1020 1824 1112 1895; x_wconf 74' lang='grc' dir='ltr'>μὲν</span> <span class='ocrx_word' id='word_1_241' title='bbox 1166 1823 1246 1885; x_wconf 88' lang='grc' dir='ltr'>τίς</span> <span class='ocrx_word' id='word_1_242' title='bbox 1289 1820 1426 1877; x_wconf 71' lang='grc' dir='ltr'>οἶδεν</span> <span class='ocrx_word' id='word_1_243' title='bbox 1474 1823 1531 1877; x_wconf 75' lang='grc' dir='ltr'>ἂν</span> <span class='ocrx_word' id='word_1_244' title='bbox 1564 1823 1744 1891; x_wconf 84' lang='grc' dir='ltr'>ἀληοῆ</span> <span class='ocrx_word' id='word_1_245' title='bbox 1791 1826 1956 1876; x_wconf 87' lang='grc' dir='ltr'>ταῦτα</span> <span class='ocrx_word' id='word_1_246' title='bbox 1990 1841 2002 1890; x_wconf 89' lang='grc'><strong>;</strong></span> <span class='ocrx_word' id='word_1_247' title='bbox 2036 1851 2083 1914; x_wconf 80' lang='grc' dir='ltr'>Β</span> <span class='ocrx_word' id='word_1_248' title='bbox 2111 1819 2271 1873; x_wconf 79' lang='grc' dir='ltr'>αὐτὸν</span> <span class='ocrx_word' id='word_1_249' title='bbox 2329 1821 2424 1892; x_wconf 75' lang='grc' dir='ltr'>μὲν</span> <span class='ocrx_word' id='word_1_250' title='bbox 2476 1820 2702 1874; x_wconf 79' lang='grc' dir='ltr'>ἀπεῖπον</span> <span class='ocrx_word' id='word_1_251' title='bbox 2759 1821 2833 1892; x_wconf 72' lang='grc' dir='ltr'>μὴ</span> <span class='ocrx_word' id='word_1_252' title='bbox 2877 1818 3218 1895; x_wconf 80' lang='grc' dir='ltr'>προδιδόναι,</span> <span class='ocrx_word' id='word_1_253' title='bbox 3266 1821 3463 1884; x_wconf 80' lang='grc' dir='ltr'>αὐτοὺς</span> <span class='ocrx_word' id='word_1_254' title='bbox 3491 1820 3548 1877; x_wconf 70' lang='grc' dir='ltr'>δὲ</span> <span class='ocrx_word' id='word_1_255' title='bbox 3592 1822 3750 1878; x_wconf 89' lang='grc' dir='ltr'>σπέν.</span> 
     </span>
    </p>
   </div>
   <div class='ocr_carea' id='block_1_34' title="bbox 363 1909 2004 1989">
    <p class='ocr_par' dir='ltr' id='par_1_34' title="bbox 363 1909 2004 1989">
     <span class='ocr_line' id='line_1_34' title="bbox 363 1909 2004 1989; baseline -0.002 -22"><span class='ocrx_word' id='word_1_256' title='bbox 363 1914 492 1989; x_wconf 81' lang='grc' dir='ltr'>ῥᾷον</span> <span class='ocrx_word' id='word_1_257' title='bbox 526 1912 708 1974; x_wconf 78' lang='grc' dir='ltr'>αὐτοῖς</span> <span class='ocrx_word' id='word_1_258' title='bbox 757 1910 928 1966; x_wconf 76' lang='grc' dir='ltr'>ἄλλον</span> <span class='ocrx_word' id='word_1_259' title='bbox 977 1912 1092 1966; x_wconf 79' lang='grc' dir='ltr'>ἀντὶ</span> <span class='ocrx_word' id='word_1_260' title='bbox 1142 1917 1238 1966; x_wconf 90' lang='grc' dir='ltr'>τοῦ</span> <span class='ocrx_word' id='word_1_261' title='bbox 1268 1911 1524 1980; x_wconf 53' lang='grc' dir='ltr'>ἀληθοῦς</span> <span class='ocrx_word' id='word_1_262' title='bbox 1571 1911 1881 1986; x_wconf 77' lang='grc' dir='ltr'>ἐμφανίζειν</span> <span class='ocrx_word' id='word_1_263' title='bbox 1915 1909 2004 1964; x_wconf 80' lang='grc' dir='ltr'>καὶ</span> 
     </span>
    </p>
   </div>
   <div class='ocr_carea' id='block_1_35' title="bbox 363 1997 2004 2072">
    <p class='ocr_par' dir='ltr' id='par_1_35' title="bbox 363 1997 2004 2072">
     <span class='ocr_line' id='line_1_35' title="bbox 363 1997 2004 2072; baseline -0.002 -17"><span class='ocrx_word' id='word_1_264' title='bbox 363 2003 593 2071; x_wconf 69' lang='grc' dir='ltr'>ἀπατᾷν,</span> <span class='ocrx_word' id='word_1_265' title='bbox 646 2001 689 2054; x_wconf 80' lang='grc' dir='ltr'>εἰ</span> <span class='ocrx_word' id='word_1_266' title='bbox 730 2000 1067 2072; x_wconf 83' lang='grc' dir='ltr'>ἐπισταῖμεν,</span> <span class='ocrx_word' id='word_1_267' title='bbox 1099 2001 1132 2068; x_wconf 73' lang='grc' dir='ltr'>ἤ</span> <span class='ocrx_word' id='word_1_268' title='bbox 1165 2005 1355 2054; x_wconf 88' lang='grc' dir='ltr'>τοῦτον</span> <span class='ocrx_word' id='word_1_269' title='bbox 1407 1998 1578 2055; x_wconf 80' lang='grc' dir='ltr'>ἄλλον</span> <span class='ocrx_word' id='word_1_270' title='bbox 1629 1997 1754 2054; x_wconf 76' lang='grc' dir='ltr'>ὄντα</span> <span class='ocrx_word' id='word_1_271' title='bbox 1806 2000 2004 2053; x_wconf 83' lang='grc' dir='ltr'>ἐκεῖνον</span> 
     </span>
    </p>
   </div>
   <div class='ocr_carea' id='block_1_36' title="bbox 367 2083 2004 2163">
    <p class='ocr_par' dir='ltr' id='par_1_36' title="bbox 367 2083 2004 2163">
     <span class='ocr_line' id='line_1_36' title="bbox 367 2083 2004 2163; baseline -0.002 -19"><span class='ocrx_word' id='word_1_272' title='bbox 367 2090 802 2163; x_wconf 77' lang='grc' dir='ltr'>ὑποκρινεῖσθαι.</span> <span class='ocrx_word' id='word_1_273' title='bbox 855 2090 983 2143; x_wconf 77' lang='grc' dir='ltr'>Εἶτα</span> <span class='ocrx_word' id='word_1_274' title='bbox 1030 2083 1168 2141; x_wconf 80' lang='grc' dir='ltr'>ἔστω</span> <span class='ocrx_word' id='word_1_275' title='bbox 1217 2088 1306 2142; x_wconf 83' lang='grc' dir='ltr'>καὶ</span> <span class='ocrx_word' id='word_1_276' title='bbox 1343 2092 1524 2144; x_wconf 82' lang='grc' dir='ltr'>τοῦτο.</span> <span class='ocrx_word' id='word_1_277' title='bbox 1561 2087 1713 2157; x_wconf 78' lang='grc' dir='ltr'>Πλὴν</span> <span class='ocrx_word' id='word_1_278' title='bbox 1744 2093 1870 2142; x_wconf 82' lang='grc' dir='ltr'>πᾶσι</span> <span class='ocrx_word' id='word_1_279' title='bbox 1908 2088 2004 2159; x_wconf 74' lang='grc' dir='ltr'>μεν</span> 
     </span>
    </p>
   </div>
   <div class='ocr_carea' id='block_1_37' title="bbox 365 2172 2007 2250">
    <p class='ocr_par' dir='ltr' id='par_1_37' title="bbox 365 2172 2007 2250">
     <span class='ocr_line' id='line_1_37' title="bbox 365 2172 2007 2250; baseline -0.002 -19"><span class='ocrx_word' id='word_1_280' title='bbox 365 2180 400 2247; x_wconf 81' lang='grc' dir='ltr'>ἡ</span> <span class='ocrx_word' id='word_1_281' title='bbox 434 2181 530 2232; x_wconf 85' lang='grc' dir='ltr'>τοῦ</span> <span class='ocrx_word' id='word_1_282' title='bbox 560 2175 814 2239; x_wconf 84' lang='grc' dir='ltr'>πλείονος</span> <span class='ocrx_word' id='word_1_283' title='bbox 860 2173 1058 2249; x_wconf 78' lang='grc' dir='ltr'>ἔφεσις,</span> <span class='ocrx_word' id='word_1_284' title='bbox 1100 2176 1188 2229; x_wconf 84' lang='grc' dir='ltr'>καὶ</span> <span class='ocrx_word' id='word_1_285' title='bbox 1234 2176 1514 2250; x_wconf 76' lang='grc' dir='ltr'>ἀγαπητὸν</span> <span class='ocrx_word' id='word_1_286' title='bbox 1551 2175 1642 2248; x_wconf 86' lang='grc' dir='ltr'>μέν</span> <span class='ocrx_word' id='word_1_287' title='bbox 1677 2176 1834 2230; x_wconf 74' lang='grc' dir='ltr'>αὐτὸν</span> <span class='ocrx_word' id='word_1_288' title='bbox 1881 2172 2007 2229; x_wconf 70' lang='grc' dir='ltr'>ἕκα-</span> 
     </span>
    </p>
   </div>
   <div class='ocr_carea' id='block_1_38' title="bbox 372 2261 2009 2338">
    <p class='ocr_par' dir='ltr' id='par_1_38' title="bbox 372 2261 2009 2338">
     <span class='ocr_line' id='line_1_38' title="bbox 372 2261 2009 2338; baseline -0.002 -19"><span class='ocrx_word' id='word_1_289' title='bbox 372 2287 504 2320; x_wconf 82' lang='grc' dir='ltr'>στον</span> <span class='ocrx_word' id='word_1_290' title='bbox 537 2261 665 2319; x_wconf 73' lang='grc' dir='ltr'>ὄντα</span> <span class='ocrx_word' id='word_1_291' title='bbox 693 2266 784 2319; x_wconf 85' lang='grc' dir='ltr'>τὸν</span> <span class='ocrx_word' id='word_1_292' title='bbox 828 2261 1272 2337; x_wconf 81' lang='grc' dir='ltr'>σπουδαζόμενον</span> <span class='ocrx_word' id='word_1_293' title='bbox 1322 2270 1430 2319; x_wconf 80' lang='grc' dir='ltr'>τῶν</span> <span class='ocrx_word' id='word_1_294' title='bbox 1482 2262 1667 2319; x_wconf 84' lang='grc' dir='ltr'>καλῶν</span> <span class='ocrx_word' id='word_1_295' title='bbox 1694 2263 2009 2338; x_wconf 79' lang='grc' dir='ltr'>τυγχάνειν,</span> 
     </span>
    </p>
   </div>
   <div class='ocr_carea' id='block_1_39' title="bbox 367 2350 2007 2428">
    <p class='ocr_par' dir='ltr' id='par_1_39' title="bbox 367 2350 2007 2428">
     <span class='ocr_line' id='line_1_39' title="bbox 367 2350 2007 2428; baseline -0.002 -20"><span class='ocrx_word' id='word_1_296' title='bbox 367 2354 413 2409; x_wconf 71' lang='grc' dir='ltr'>εἰ</span> <span class='ocrx_word' id='word_1_297' title='bbox 450 2352 494 2407; x_wconf 86' lang='grc' dir='ltr'>δ’</span> <span class='ocrx_word' id='word_1_298' title='bbox 527 2351 640 2422; x_wconf 81' lang='grc' dir='ltr'>οῦν,</span> <span class='ocrx_word' id='word_1_299' title='bbox 674 2350 820 2406; x_wconf 53' lang='lat' dir='ltr'>alia</span> <span class='ocrx_word' id='word_1_300' title='bbox 848 2353 936 2406; x_wconf 85' lang='grc' dir='ltr'>καὶ</span> <span class='ocrx_word' id='word_1_301' title='bbox 976 2354 1037 2406; x_wconf 88' lang='grc' dir='ltr'>τὸ</span> <span class='ocrx_word' id='word_1_302' title='bbox 1070 2350 1330 2407; x_wconf 86' lang='grc' dir='ltr'>δοκοῦντα</span> <span class='ocrx_word' id='word_1_303' title='bbox 1381 2353 1772 2428; x_wconf 81' lang='grc' dir='ltr'>μεγαλόνεσθαι</span> <span class='ocrx_word' id='word_1_304' title='bbox 1809 2357 2007 2427; x_wconf 89' lang='grc' dir='ltr'>μοῖραν</span> 
     </span>
    </p>
   </div>
   <div class='ocr_carea' id='block_1_40' title="bbox 365 2438 2008 2518">
    <p class='ocr_par' dir='ltr' id='par_1_40' title="bbox 365 2438 2008 2518">
     <span class='ocr_line' id='line_1_40' title="bbox 365 2438 2008 2518; baseline -0.002 -21"><span class='ocrx_word' id='word_1_305' title='bbox 365 2441 432 2497; x_wconf 79' lang='grc' dir='ltr'>οὐ</span> <span class='ocrx_word' id='word_1_306' title='bbox 478 2442 577 2510; x_wconf 79' lang='grc' dir='ltr'>τήν</span> <span class='ocrx_word' id='word_1_307' title='bbox 621 2444 891 2515; x_wconf 77' lang='grc' dir='ltr'>τυχοῦσαν</span> <span class='ocrx_word' id='word_1_308' title='bbox 952 2439 1268 2518; x_wconf 82' lang='grc' dir='ltr'>φιλοτίμίας</span> <span class='ocrx_word' id='word_1_309' title='bbox 1335 2440 1474 2514; x_wconf 75' lang='grc' dir='ltr'>ἔχει.</span> <span class='ocrx_word' id='word_1_310' title='bbox 1535 2441 1600 2498; x_wconf 86' lang='grc' dir='ltr'>Τί</span> <span class='ocrx_word' id='word_1_311' title='bbox 1655 2438 1744 2495; x_wconf 76' lang='grc' dir='ltr'>οῦν</span> <span class='ocrx_word' id='word_1_312' title='bbox 1799 2441 2008 2502; x_wconf 72' lang='grc' dir='ltr'>ἑαυτοῖς</span> 
     </span>
    </p>
   </div>
   <div class='ocr_carea' id='block_1_41' title="bbox 361 2633 2004 2704">
    <p class='ocr_par' dir='ltr' id='par_1_41' title="bbox 361 2633 2004 2704">
     <span class='ocr_line' id='line_1_41' title="bbox 361 2633 2004 2704; baseline -0.001 -14"><span class='ocrx_word' id='word_1_313' title='bbox 361 2635 455 2690; x_wconf 90' lang='grc'>13.</span> <span class='ocrx_word' id='word_1_314' title='bbox 516 2633 768 2704; x_wconf 78' lang='lat' dir='ltr'>Allegata</span> <span class='ocrx_word' id='word_1_315' title='bbox 823 2639 1212 2688; x_wconf 79' lang='lat' dir='ltr'>montanorum</span> <span class='ocrx_word' id='word_1_316' title='bbox 1262 2633 1410 2689; x_wconf 78' lang='lat' dir='ltr'>inter</span> <span class='ocrx_word' id='word_1_317' title='bbox 1459 2649 1574 2690; x_wconf 74' lang='lat' dir='ltr'>sese</span> <span class='ocrx_word' id='word_1_318' title='bbox 1600 2649 1703 2704; x_wconf 74' lang='lat' dir='ltr'>pro</span> <span class='ocrx_word' id='word_1_319' title='bbox 1750 2649 1810 2688; x_wconf 82' lang='lat' dir='ltr'>eo</span> <span class='ocrx_word' id='word_1_320' title='bbox 1841 2649 2004 2704; x_wconf 84' lang='lat' dir='ltr'>quem</span> 
     </span>
    </p>
   </div>
   <div class='ocr_carea' id='block_1_42' title="bbox 568 2705 1807 2776">
    <p class='ocr_par' dir='ltr' id='par_1_42' title="bbox 568 2705 1807 2776">
     <span class='ocr_line' id='line_1_42' title="bbox 568 2705 1807 2776; baseline 0 -18"><span class='ocrx_word' id='word_1_321' title='bbox 568 2715 628 2760; x_wconf 80' lang='lat' dir='ltr'>ut</span> <span class='ocrx_word' id='word_1_322' title='bbox 657 2707 920 2761; x_wconf 79' lang='lat' dir='ltr'>Joannem</span> <span class='ocrx_word' id='word_1_323' title='bbox 947 2710 1233 2775; x_wconf 80' lang='lat' dir='ltr'>acceptum</span> <span class='ocrx_word' id='word_1_324' title='bbox 1261 2705 1407 2776; x_wconf 84' lang='lat' dir='ltr'>apud</span> <span class='ocrx_word' id='word_1_325' title='bbox 1433 2721 1491 2760; x_wconf 76' lang='lat' dir='ltr'>se</span> <span class='ocrx_word' id='word_1_326' title='bbox 1515 2705 1807 2759; x_wconf 80' lang='lat' dir='ltr'>habebant.</span> 
     </span>
    </p>
   </div>
   <div class='ocr_carea' id='block_1_43' title="bbox 447 2809 2004 2882">
    <p class='ocr_par' dir='ltr' id='par_1_43' title="bbox 447 2809 2004 2882">
     <span class='ocr_line' id='line_1_43' title="bbox 447 2809 2004 2882; baseline 0 -18"><span class='ocrx_word' id='word_1_327' title='bbox 447 2809 697 2865; x_wconf 83' lang='lat' dir='ltr'>Maxima</span> <span class='ocrx_word' id='word_1_328' title='bbox 754 2810 962 2866; x_wconf 88' lang='lat' dir='ltr'>horum</span> <span class='ocrx_word' id='word_1_329' title='bbox 1025 2828 1160 2882; x_wconf 89' lang='lat' dir='ltr'>pars</span> <span class='ocrx_word' id='word_1_330' title='bbox 1191 2815 1314 2866; x_wconf 90' lang='lat' dir='ltr'>erat</span> <span class='ocrx_word' id='word_1_331' title='bbox 1342 2811 1754 2866; x_wconf 82' lang='lat' dir='ltr'>miserantium</span> <span class='ocrx_word' id='word_1_332' title='bbox 1789 2825 2004 2865; x_wconf 71' lang='lat' dir='ltr'>caecum</span> 
     </span>
    </p>
   </div>
   <div class='ocr_carea' id='block_1_44' title="bbox 377 2899 2006 2971">
    <p class='ocr_par' dir='ltr' id='par_1_44' title="bbox 377 2899 2006 2971">
     <span class='ocr_line' id='line_1_44' title="bbox 377 2899 2006 2971; baseline 0.001 -19"><span class='ocrx_word' id='word_1_333' title='bbox 377 2915 550 2971; x_wconf 85' lang='lat' dir='ltr'>quem</span> <span class='ocrx_word' id='word_1_334' title='bbox 583 2899 728 2970; x_wconf 89' lang='lat' dir='ltr'>apud</span> <span class='ocrx_word' id='word_1_335' title='bbox 762 2916 823 2954; x_wconf 87' lang='lat' dir='ltr'>se</span> <span class='ocrx_word' id='word_1_336' title='bbox 854 2899 1230 2967; x_wconf 80' lang='lat' dir='ltr'>habebant,et</span> <span class='ocrx_word' id='word_1_337' title='bbox 1262 2900 1412 2954; x_wconf 82' lang='lat' dir='ltr'>factu</span> <span class='ocrx_word' id='word_1_338' title='bbox 1439 2899 1746 2970; x_wconf 89' lang='lat' dir='ltr'>indignum</span> <span class='ocrx_word' id='word_1_339' title='bbox 1767 2907 2006 2953; x_wconf 90' lang='lat' dir='ltr'>conten-</span> 
     </span>
    </p>
   </div>
   <div class='ocr_carea' id='block_1_45' title="bbox 376 2986 2005 3059">
    <p class='ocr_par' dir='ltr' id='par_1_45' title="bbox 376 2986 2005 3059">
     <span class='ocr_line' id='line_1_45' title="bbox 376 2986 2005 3059; baseline -0.001 -16"><span class='ocrx_word' id='word_1_340' title='bbox 376 2986 636 3043; x_wconf 81' lang='lat' dir='ltr'>dentium</span> <span class='ocrx_word' id='word_1_341' title='bbox 693 2987 883 3055; x_wconf 88' lang='lat' dir='ltr'>illum,</span> <span class='ocrx_word' id='word_1_342' title='bbox 945 2988 1280 3059; x_wconf 72' lang='lat' dir='ltr'>quicunque</span> <span class='ocrx_word' id='word_1_343' title='bbox 1332 2993 1506 3054; x_wconf 83' lang='lat' dir='ltr'>esset,</span> <span class='ocrx_word' id='word_1_344' title='bbox 1567 2988 1831 3058; x_wconf 82' lang='lat' dir='ltr'>prodere.</span> <span class='ocrx_word' id='word_1_345' title='bbox 1884 2989 2005 3052; x_wconf 90' lang='lat' dir='ltr'>Quo</span> 
     </span>
    </p>
   </div>
   <div class='ocr_carea' id='block_1_46' title="bbox 372 3076 2007 3148">
    <p class='ocr_par' dir='ltr' id='par_1_46' title="bbox 372 3076 2007 3148">
     <span class='ocr_line' id='line_1_46' title="bbox 372 3076 2007 3148; baseline -0.001 -16"><span class='ocrx_word' id='word_1_346' title='bbox 372 3076 814 3143; x_wconf 87' lang='lat' dir='ltr'>enim,aiebant,</span> <span class='ocrx_word' id='word_1_347' title='bbox 845 3077 981 3148; x_wconf 83' lang='lat' dir='ltr'>jure</span> <span class='ocrx_word' id='word_1_348' title='bbox 1014 3076 1273 3132; x_wconf 86' lang='lat' dir='ltr'>alienum</span> <span class='ocrx_word' id='word_1_349' title='bbox 1307 3077 1614 3145; x_wconf 88' lang='lat' dir='ltr'>hunc,sive</span> <span class='ocrx_word' id='word_1_350' title='bbox 1645 3077 1902 3132; x_wconf 77' lang='lat' dir='ltr'>Joannes</span> <span class='ocrx_word' id='word_1_351' title='bbox 1920 3084 2007 3131; x_wconf 88' lang='lat' dir='ltr'>est</span> 
     </span>
    </p>
   </div>
   <div class='ocr_carea' id='block_1_47' title="bbox 374 3165 2012 3236">
    <p class='ocr_par' dir='ltr' id='par_1_47' title="bbox 374 3165 2012 3236">
     <span class='ocr_line' id='line_1_47' title="bbox 374 3165 2012 3236; baseline 0 -16"><span class='ocrx_word' id='word_1_352' title='bbox 374 3165 642 3220; x_wconf 75' lang='lat' dir='ltr'>Lascaris</span> <span class='ocrx_word' id='word_1_353' title='bbox 675 3165 793 3220; x_wconf 87' lang='lat' dir='ltr'>sive</span> <span class='ocrx_word' id='word_1_354' title='bbox 826 3182 939 3220; x_wconf 88' lang='lat' dir='ltr'>non</span> <span class='ocrx_word' id='word_1_355' title='bbox 972 3171 1062 3221; x_wconf 90' lang='lat' dir='ltr'>est</span> <span class='ocrx_word' id='word_1_356' title='bbox 1087 3165 1357 3220; x_wconf 83' lang='lat' dir='ltr'>hostibus</span> <span class='ocrx_word' id='word_1_357' title='bbox 1381 3167 1508 3236; x_wconf 85' lang='lat' dir='ltr'>ejus</span> <span class='ocrx_word' id='word_1_358' title='bbox 1545 3167 1615 3220; x_wconf 90' lang='lat' dir='ltr'>ad</span> <span class='ocrx_word' id='word_1_359' title='bbox 1639 3165 1932 3220; x_wconf 90' lang='lat' dir='ltr'>cruciatus</span> <span class='ocrx_word' id='word_1_360' title='bbox 1956 3169 2012 3220; x_wconf 85' lang='lat' dir='ltr'>et</span> 
     </span>
    </p>
   </div>
   <div class='ocr_carea' id='block_1_48' title="bbox 2117 1905 3751 1978">
    <p class='ocr_par' dir='ltr' id='par_1_48' title="bbox 2117 1905 3751 1978">
     <span class='ocr_line' id='line_1_48' title="bbox 2117 1905 3751 1978; baseline 0.004 -18"><span class='ocrx_word' id='word_1_361' title='bbox 2117 1905 2296 1970; x_wconf 82' lang='grc' dir='ltr'>δεσθαι</span> <span class='ocrx_word' id='word_1_362' title='bbox 2348 1906 2546 1974; x_wconf 77' lang='grc' dir='ltr'>οὕτως,</span> <span class='ocrx_word' id='word_1_363' title='bbox 2578 1907 2623 1961; x_wconf 84' lang='grc' dir='ltr'>εἰ</span> <span class='ocrx_word' id='word_1_364' title='bbox 2669 1907 2896 1962; x_wconf 85' lang='grc' dir='ltr'>Οέλοιεν·</span> <span class='ocrx_word' id='word_1_365' title='bbox 2934 1908 2978 1962; x_wconf 85' lang='grc' dir='ltr'>εἰ</span> <span class='ocrx_word' id='word_1_366' title='bbox 3011 1906 3056 1963; x_wconf 87' lang='grc' dir='ltr'>δ’</span> <span class='ocrx_word' id='word_1_367' title='bbox 3089 1910 3204 1978; x_wconf 78' lang='grc' dir='ltr'>οῦν,</span> <span class='ocrx_word' id='word_1_368' title='bbox 3237 1908 3384 1965; x_wconf 82' lang='grc' dir='ltr'>ἀλλὰ</span> <span class='ocrx_word' id='word_1_369' title='bbox 3422 1908 3509 1965; x_wconf 81' lang='grc' dir='ltr'>διὰ</span> <span class='ocrx_word' id='word_1_370' title='bbox 3559 1910 3751 1974; x_wconf 88' lang='grc' dir='ltr'>τέλους</span> 
     </span>
    </p>
   </div>
   <div class='ocr_carea' id='block_1_49' title="bbox 2121 1996 3752 2074">
    <p class='ocr_par' dir='ltr' id='par_1_49' title="bbox 2121 1996 3752 2074">
     <span class='ocr_line' id='line_1_49' title="bbox 2121 1996 3752 2074; baseline 0.002 -26"><span class='ocrx_word' id='word_1_371' title='bbox 2121 1996 2385 2069; x_wconf 73' lang='grc' dir='ltr'>μάχεσθαι</span> <span class='ocrx_word' id='word_1_372' title='bbox 2445 1997 2799 2052; x_wconf 80' lang='grc' dir='ltr'>συνετίθεντο.</span> <span class='ocrx_word' id='word_1_373' title='bbox 2852 1998 2936 2050; x_wconf 88' lang='grc' dir='ltr'>Ἐν</span> <span class='ocrx_word' id='word_1_374' title='bbox 2985 1997 3230 2070; x_wconf 86' lang='grc' dir='ltr'>τοσούτῳ</span> <span class='ocrx_word' id='word_1_375' title='bbox 3280 1997 3370 2052; x_wconf 82' lang='grc' dir='ltr'>οὗν</span> <span class='ocrx_word' id='word_1_376' title='bbox 3417 2004 3515 2054; x_wconf 92' lang='grc' dir='ltr'>τοῦ</span> <span class='ocrx_word' id='word_1_377' title='bbox 3559 2003 3752 2074; x_wconf 81' lang='grc' dir='ltr'>καιροῦ</span> 
     </span>
    </p>
   </div>
   <div class='ocr_carea' id='block_1_50' title="bbox 2115 2078 3744 2160">
    <p class='ocr_par' dir='ltr' id='par_1_50' title="bbox 2115 2078 3744 2160">
     <span class='ocr_line' id='line_1_50' title="bbox 2115 2078 3744 2160; baseline 0.005 -23"><span class='ocrx_word' id='word_1_378' title='bbox 2115 2078 2443 2157; x_wconf 75' lang='grc' dir='ltr'>τριϐομένου</span> <span class='ocrx_word' id='word_1_379' title='bbox 2499 2083 2589 2137; x_wconf 81' lang='grc' dir='ltr'>καὶ</span> <span class='ocrx_word' id='word_1_380' title='bbox 2643 2088 2750 2137; x_wconf 81' lang='grc' dir='ltr'>τῶν</span> <span class='ocrx_word' id='word_1_381' title='bbox 2815 2085 2908 2156; x_wconf 77' lang='grc' dir='ltr'>μὶν</span> <span class='ocrx_word' id='word_1_382' title='bbox 2971 2083 3140 2157; x_wconf 68' lang='grc' dir='ltr'>μηδὲν</span> <span class='ocrx_word' id='word_1_383' title='bbox 3197 2086 3432 2160; x_wconf 81' lang='grc' dir='ltr'>ἐχόντων</span> <span class='ocrx_word' id='word_1_384' title='bbox 3485 2091 3563 2160; x_wconf 86' lang='grc' dir='ltr'>[Ρ.</span> <span class='ocrx_word' id='word_1_385' title='bbox 3619 2091 3744 2160; x_wconf 72' lang='grc'>434]</span> 
     </span>
    </p>
   </div>
   <div class='ocr_carea' id='block_1_51' title="bbox 2115 2169 3748 2248">
    <p class='ocr_par' dir='ltr' id='par_1_51' title="bbox 2115 2169 3748 2248">
     <span class='ocr_line' id='line_1_51' title="bbox 2115 2169 3748 2248; baseline 0.002 -22"><span class='ocrx_word' id='word_1_386' title='bbox 2115 2177 2339 2239; x_wconf 87' lang='grc' dir='ltr'>ποιεῖν,</span> <span class='ocrx_word' id='word_1_387' title='bbox 2385 2175 2492 2225; x_wconf 85' lang='grc' dir='ltr'>τῶν</span> <span class='ocrx_word' id='word_1_388' title='bbox 2533 2169 2589 2225; x_wconf 80' lang='grc' dir='ltr'>δὲ</span> <span class='ocrx_word' id='word_1_389' title='bbox 2650 2175 2722 2244; x_wconf 77' lang='grc' dir='ltr'>μή</span> <span class='ocrx_word' id='word_1_390' title='bbox 2774 2193 2826 2226; x_wconf 90' lang='grc' dir='ltr'>τι</span> <span class='ocrx_word' id='word_1_391' title='bbox 2875 2173 3322 2246; x_wconf 86' lang='grc' dir='ltr'>ἀποκρινεῖσθαι,</span> <span class='ocrx_word' id='word_1_392' title='bbox 3370 2177 3398 2228; x_wconf 88' lang='grc' dir='ltr'>ὁ</span> <span class='ocrx_word' id='word_1_393' title='bbox 3454 2177 3549 2248; x_wconf 78' lang='grc' dir='ltr'>μὲν</span> <span class='ocrx_word' id='word_1_394' title='bbox 3601 2174 3748 2246; x_wconf 81' lang='grc' dir='ltr'>ξένος</span> 
     </span>
    </p>
   </div>
   <div class='ocr_carea' id='block_1_52' title="bbox 2116 2258 3753 2338">
    <p class='ocr_par' dir='ltr' id='par_1_52' title="bbox 2116 2258 3753 2338">
     <span class='ocr_line' id='line_1_52' title="bbox 2116 2258 3753 2338; baseline 0.002 -24"><span class='ocrx_word' id='word_1_395' title='bbox 2116 2260 2296 2315; x_wconf 83' lang='grc' dir='ltr'>ἀνεῖτο</span> <span class='ocrx_word' id='word_1_396' title='bbox 2328 2260 2539 2336; x_wconf 67' lang='grc' dir='ltr'>φεύγειν</span> <span class='ocrx_word' id='word_1_397' title='bbox 2571 2259 2705 2333; x_wconf 85' lang='grc' dir='ltr'>πρὸς</span> <span class='ocrx_word' id='word_1_398' title='bbox 2748 2258 2974 2335; x_wconf 86' lang='grc' dir='ltr'>Πέρσας,</span> <span class='ocrx_word' id='word_1_399' title='bbox 3021 2263 3103 2323; x_wconf 86' lang='grc' dir='ltr'>οἷς</span> <span class='ocrx_word' id='word_1_400' title='bbox 3153 2259 3198 2315; x_wconf 89' lang='grc' dir='ltr'>δ’</span> <span class='ocrx_word' id='word_1_401' title='bbox 3246 2263 3380 2331; x_wconf 81' lang='grc' dir='ltr'>ἦσαν</span> <span class='ocrx_word' id='word_1_402' title='bbox 3433 2264 3753 2338; x_wconf 86' lang='grc' dir='ltr'>ὑποσχέσεις</span> 
     </span>
    </p>
   </div>
   <div class='ocr_carea' id='block_1_53' title="bbox 2117 2345 3757 2424">
    <p class='ocr_par' dir='ltr' id='par_1_53' title="bbox 2117 2345 3757 2424">
     <span class='ocr_line' id='line_1_53' title="bbox 2117 2345 3757 2424; baseline 0.002 -22"><span class='ocrx_word' id='word_1_403' title='bbox 2117 2350 2263 2424; x_wconf 82' lang='grc' dir='ltr'>παρὰ</span> <span class='ocrx_word' id='word_1_404' title='bbox 2309 2352 2414 2402; x_wconf 77' lang='grc' dir='ltr'>τῶν</span> <span class='ocrx_word' id='word_1_405' title='bbox 2467 2345 2599 2421; x_wconf 80' lang='grc' dir='ltr'>τῇδε</span> <span class='ocrx_word' id='word_1_406' title='bbox 2646 2349 2732 2402; x_wconf 87' lang='grc' dir='ltr'>καὶ</span> <span class='ocrx_word' id='word_1_407' title='bbox 2787 2348 3074 2419; x_wconf 82' lang='grc' dir='ltr'>συνθεσίαι,</span> <span class='ocrx_word' id='word_1_408' title='bbox 3108 2348 3424 2406; x_wconf 81' lang='grc' dir='ltr'>ἐσπένδοντο</span> <span class='ocrx_word' id='word_1_409' title='bbox 3481 2353 3548 2408; x_wconf 79' lang='grc' dir='ltr'>τὰ</span> <span class='ocrx_word' id='word_1_410' title='bbox 3592 2353 3757 2407; x_wconf 83' lang='grc' dir='ltr'>πιστά</span> 
     </span>
    </p>
   </div>
   <div class='ocr_carea' id='block_1_54' title="bbox 2121 2432 3754 2516">
    <p class='ocr_par' dir='ltr' id='par_1_54' title="bbox 2121 2432 3754 2516">
     <span class='ocr_line' id='line_1_54' title="bbox 2121 2432 3754 2516; baseline 0.002 -25"><span class='ocrx_word' id='word_1_411' title='bbox 2121 2432 2380 2501; x_wconf 71' lang='grc' dir='ltr'>λαϐόντες</span> <span class='ocrx_word' id='word_1_412' title='bbox 2407 2440 2503 2490; x_wconf 90' lang='grc' dir='ltr'>τοῦ</span> <span class='ocrx_word' id='word_1_413' title='bbox 2555 2439 2631 2509; x_wconf 76' lang='grc' dir='ltr'>μὴ</span> <span class='ocrx_word' id='word_1_414' title='bbox 2681 2441 2892 2501; x_wconf 84' lang='grc' dir='ltr'>παθεῖν.</span> <span class='ocrx_word' id='word_1_415' title='bbox 2925 2439 2991 2495; x_wconf 71' lang='grc' dir='ltr'>Οἳ</span> <span class='ocrx_word' id='word_1_416' title='bbox 3041 2435 3098 2493; x_wconf 66' lang='grc' dir='ltr'>δὲ</span> <span class='ocrx_word' id='word_1_417' title='bbox 3142 2443 3262 2502; x_wconf 88' lang='grc' dir='ltr'>ταῖς</span> <span class='ocrx_word' id='word_1_418' title='bbox 3312 2437 3567 2503; x_wconf 85' lang='grc' dir='ltr'>σπονδαῖς</span> <span class='ocrx_word' id='word_1_419' title='bbox 3617 2441 3754 2516; x_wconf 88' lang='grc' dir='ltr'>πρὸς</span> 
     </span>
    </p>
   </div>
   <div class='ocr_carea' id='block_1_55' title="bbox 2113 2632 3754 2705">
    <p class='ocr_par' dir='ltr' id='par_1_55' title="bbox 2113 2632 3754 2705">
     <span class='ocr_line' id='line_1_55' title="bbox 2113 2632 3754 2705; baseline 0.004 -19"><span class='ocrx_word' id='word_1_420' title='bbox 2113 2632 2290 2696; x_wconf 88' lang='lat' dir='ltr'>Quem</span> <span class='ocrx_word' id='word_1_421' title='bbox 2328 2633 2531 2703; x_wconf 84' lang='lat' dir='ltr'>utique</span> <span class='ocrx_word' id='word_1_422' title='bbox 2564 2632 2866 2689; x_wconf 81' lang='lat' dir='ltr'>absentem</span> <span class='ocrx_word' id='word_1_423' title='bbox 2897 2635 3321 2705; x_wconf 90' lang='lat' dir='ltr'>desideratum,</span> <span class='ocrx_word' id='word_1_424' title='bbox 3352 2641 3754 2693; x_wconf 79' lang='lat' dir='ltr'>occurrentem</span> 
     </span>
    </p>
   </div>
   <div class='ocr_carea' id='block_1_56' title="bbox 2114 2722 3759 2795">
    <p class='ocr_par' dir='ltr' id='par_1_56' title="bbox 2114 2722 3759 2795">
     <span class='ocr_line' id='line_1_56' title="bbox 2114 2722 3759 2795; baseline 0.002 -18"><span class='ocrx_word' id='word_1_425' title='bbox 2114 2727 2403 2791; x_wconf 86' lang='lat' dir='ltr'>evectum,</span> <span class='ocrx_word' id='word_1_426' title='bbox 2436 2737 2501 2776; x_wconf 89' lang='lat' dir='ltr'>ac</span> <span class='ocrx_word' id='word_1_427' title='bbox 2529 2723 2576 2777; x_wconf 92' lang='lat' dir='ltr'>si</span> <span class='ocrx_word' id='word_1_428' title='bbox 2612 2723 2742 2792; x_wconf 85' lang='lat' dir='ltr'>quid</span> <span class='ocrx_word' id='word_1_429' title='bbox 2779 2723 2835 2778; x_wconf 89' lang='lat' dir='ltr'>in</span> <span class='ocrx_word' id='word_1_430' title='bbox 2869 2739 2935 2778; x_wconf 88' lang='lat' dir='ltr'>eo</span> <span class='ocrx_word' id='word_1_431' title='bbox 2964 2722 3230 2793; x_wconf 85' lang='lat' dir='ltr'>deliquit,</span> <span class='ocrx_word' id='word_1_432' title='bbox 3265 2741 3501 2795; x_wconf 82' lang='lat' dir='ltr'>peccare</span> <span class='ocrx_word' id='word_1_433' title='bbox 3524 2742 3558 2780; x_wconf 90' lang='lat' dir='ltr'>a</span> <span class='ocrx_word' id='word_1_434' title='bbox 3589 2726 3759 2781; x_wconf 89' lang='lat' dir='ltr'>nobis</span> 
     </span>
    </p>
   </div>
   <div class='ocr_carea' id='block_1_57' title="bbox 2118 2810 3761 2885">
    <p class='ocr_par' dir='ltr' id='par_1_57' title="bbox 2118 2810 3761 2885">
     <span class='ocr_line' id='line_1_57' title="bbox 2118 2810 3761 2885; baseline 0.002 -21"><span class='ocrx_word' id='word_1_435' title='bbox 2118 2814 2382 2865; x_wconf 89' lang='lat' dir='ltr'>coactum</span> <span class='ocrx_word' id='word_1_436' title='bbox 2415 2810 2563 2865; x_wconf 89' lang='lat' dir='ltr'>tueri</span> <span class='ocrx_word' id='word_1_437' title='bbox 2594 2810 2790 2882; x_wconf 89' lang='lat' dir='ltr'>potius</span> <span class='ocrx_word' id='word_1_438' title='bbox 2823 2816 2880 2866; x_wconf 90' lang='lat' dir='ltr'>et</span> <span class='ocrx_word' id='word_1_439' title='bbox 2912 2827 3147 2867; x_wconf 90' lang='lat' dir='ltr'>servare</span> <span class='ocrx_word' id='word_1_440' title='bbox 3178 2812 3524 2869; x_wconf 82' lang='lat' dir='ltr'>deberemus</span> <span class='ocrx_word' id='word_1_441' title='bbox 3553 2830 3761 2885; x_wconf 88' lang='lat' dir='ltr'>quam,</span> 
     </span>
    </p>
   </div>
   <div class='ocr_carea' id='block_1_58' title="bbox 2118 2897 3758 2970">
    <p class='ocr_par' dir='ltr' id='par_1_58' title="bbox 2118 2897 3758 2970">
     <span class='ocr_line' id='line_1_58' title="bbox 2118 2897 3758 2970; baseline 0.004 -20"><span class='ocrx_word' id='word_1_442' title='bbox 2118 2897 2270 2966; x_wconf 90' lang='lat' dir='ltr'>quod</span> <span class='ocrx_word' id='word_1_443' title='bbox 2305 2897 2431 2951; x_wconf 88' lang='lat' dir='ltr'>sine</span> <span class='ocrx_word' id='word_1_444' title='bbox 2451 2898 2618 2968; x_wconf 88' lang='lat' dir='ltr'>justa</span> <span class='ocrx_word' id='word_1_445' title='bbox 2636 2899 3065 2968; x_wconf 83' lang='lat' dir='ltr'>vituperatione</span> <span class='ocrx_word' id='word_1_446' title='bbox 3086 2900 3758 2970; x_wconf 81' lang='lat' dir='ltr'>nequimusfacere,gra-</span> 
     </span>
    </p>
   </div>
   <div class='ocr_carea' id='block_1_59' title="bbox 2116 2985 3761 3058">
    <p class='ocr_par' dir='ltr' id='par_1_59' title="bbox 2116 2985 3761 3058">
     <span class='ocr_line' id='line_1_59' title="bbox 2116 2985 3761 3058; baseline 0.005 -20"><span class='ocrx_word' id='word_1_447' title='bbox 2116 2985 2360 3040; x_wconf 90' lang='lat' dir='ltr'>vissimo</span> <span class='ocrx_word' id='word_1_448' title='bbox 2375 2985 2538 3041; x_wconf 90' lang='lat' dir='ltr'>illum</span> <span class='ocrx_word' id='word_1_449' title='bbox 2560 2988 2817 3058; x_wconf 61' lang='lat' dir='ltr'>periculo</span> <span class='ocrx_word' id='word_1_450' title='bbox 2833 2988 3573 3058; x_wconf 83' lang='lat' dir='ltr'>exponere,sitientissimis</span> <span class='ocrx_word' id='word_1_451' title='bbox 3587 3006 3761 3046; x_wconf 88' lang='lat' dir='ltr'>cruo-</span> 
     </span>
    </p>
   </div>
   <div class='ocr_carea' id='block_1_60' title="bbox 2119 3073 3762 3149">
    <p class='ocr_par' dir='ltr' id='par_1_60' title="bbox 2119 3073 3762 3149">
     <span class='ocr_line' id='line_1_60' title="bbox 2119 3073 3762 3149; baseline 0.004 -21"><span class='ocrx_word' id='word_1_452' title='bbox 2119 3074 2198 3128; x_wconf 88' lang='lat' dir='ltr'>ris</span> <span class='ocrx_word' id='word_1_453' title='bbox 2229 3074 2362 3143; x_wconf 87' lang='lat' dir='ltr'>ejus</span> <span class='ocrx_word' id='word_1_454' title='bbox 2395 3073 2588 3145; x_wconf 85' lang='lat' dir='ltr'>ipsum</span> <span class='ocrx_word' id='word_1_455' title='bbox 2603 3075 2874 3131; x_wconf 82' lang='lat' dir='ltr'>hostibus</span> <span class='ocrx_word' id='word_1_456' title='bbox 2888 3079 3345 3134; x_wconf 83' lang='lat' dir='ltr'>condonando.A</span> <span class='ocrx_word' id='word_1_457' title='bbox 3359 3084 3416 3149; x_wconf 90' lang='lat' dir='ltr'>tq</span> <span class='ocrx_word' id='word_1_458' title='bbox 3429 3079 3484 3133; x_wconf 90' lang='lat' dir='ltr'>ui</span> <span class='ocrx_word' id='word_1_459' title='bbox 3499 3079 3582 3135; x_wconf 91' lang='lat' dir='ltr'>vel</span> <span class='ocrx_word' id='word_1_460' title='bbox 3608 3085 3762 3135; x_wconf 87' lang='lat' dir='ltr'>atro-</span> 
     </span>
    </p>
   </div>
   <div class='ocr_carea' id='block_1_61' title="bbox 2119 3162 3767 3238">
    <p class='ocr_par' dir='ltr' id='par_1_61' title="bbox 2119 3162 3767 3238">
     <span class='ocr_line' id='line_1_61' title="bbox 2119 3162 3767 3238; baseline 0.004 -22"><span class='ocrx_word' id='word_1_461' title='bbox 2119 3162 2345 3216; x_wconf 91' lang='lat' dir='ltr'>cissimi</span> <span class='ocrx_word' id='word_1_462' title='bbox 2361 3169 2720 3234; x_wconf 89' lang='lat' dir='ltr'>compertum</span> <span class='ocrx_word' id='word_1_463' title='bbox 2740 3165 3182 3236; x_wconf 85' lang='lat' dir='ltr'>convictumque</span> <span class='ocrx_word' id='word_1_464' title='bbox 3198 3166 3398 3238; x_wconf 85' lang='lat' dir='ltr'>ﬂagitii</span> <span class='ocrx_word' id='word_1_465' title='bbox 3419 3168 3767 3237; x_wconf 85' lang='lat' dir='ltr'>pessimum-</span> 
     </span>
    </p>
   </div>
   <div class='ocr_carea' id='block_1_62' title="bbox 374 3249 3767 3340">
    <p class='ocr_par' dir='ltr' id='par_1_62' title="bbox 374 3249 3767 3340">
     <span class='ocr_line' id='line_1_62' title="bbox 374 3249 3767 3340; baseline 0.001 -32"><span class='ocrx_word' id='word_1_466' title='bbox 374 3269 575 3310; x_wconf 90' lang='lat' dir='ltr'>necem</span> <span class='ocrx_word' id='word_1_467' title='bbox 638 3254 909 3308; x_wconf 82' lang='lat' dir='ltr'>acerbam</span> <span class='ocrx_word' id='word_1_468' title='bbox 943 3254 1336 3309; x_wconf 86' lang='lat' dir='ltr'>dedcremus?</span> <span class='ocrx_word' id='word_1_469' title='bbox 1369 3258 1685 3325; x_wconf 86' lang='lat' dir='ltr'>Postquam</span> <span class='ocrx_word' id='word_1_470' title='bbox 1719 3255 1876 3309; x_wconf 84' lang='lat' dir='ltr'>enim</span> <span class='ocrx_word' id='word_1_471' title='bbox 1910 3270 2010 3323; x_wconf 91' lang='lat' dir='ltr'>pro</span> <span class='ocrx_word' id='word_1_472' title='bbox 2043 3273 2085 3340; x_wconf 68' lang='grc' dir='ltr'>ρ</span> <span class='ocrx_word' id='word_1_473' title='bbox 2127 3266 2241 3320; x_wconf 87' lang='lat' dir='ltr'>que</span> <span class='ocrx_word' id='word_1_474' title='bbox 2272 3249 2460 3320; x_wconf 90' lang='lat' dir='ltr'>palam</span> <span class='ocrx_word' id='word_1_475' title='bbox 2493 3251 3398 3324; x_wconf 85' lang='lat' dir='ltr'>caputhabitussupplicisfasac</span> <span class='ocrx_word' id='word_1_476' title='bbox 3417 3257 3767 3312; x_wconf 80' lang='lat' dir='ltr'>verecundia</span> 
     </span>
    </p>
   </div>
   <div class='ocr_carea' id='block_1_63' title="bbox 368 3342 2016 3414">
    <p class='ocr_par' dir='ltr' id='par_1_63' title="bbox 368 3342 2016 3414">
     <span class='ocr_line' id='line_1_63' title="bbox 368 3342 2016 3414; baseline -0.001 -17"><span class='ocrx_word' id='word_1_477' title='bbox 368 3342 536 3397; x_wconf 85' lang='lat' dir='ltr'>illius</span> <span class='ocrx_word' id='word_1_478' title='bbox 567 3343 632 3395; x_wconf 90' lang='lat' dir='ltr'>ad</span> <span class='ocrx_word' id='word_1_479' title='bbox 668 3358 776 3396; x_wconf 88' lang='lat' dir='ltr'>nos</span> <span class='ocrx_word' id='word_1_480' title='bbox 807 3342 1199 3413; x_wconf 84' lang='lat' dir='ltr'>confugientis</span> <span class='ocrx_word' id='word_1_481' title='bbox 1219 3343 1405 3397; x_wconf 89' lang='lat' dir='ltr'>salute</span> <span class='ocrx_word' id='word_1_482' title='bbox 1427 3343 1620 3414; x_wconf 86' lang='lat' dir='ltr'>capita</span> <span class='ocrx_word' id='word_1_483' title='bbox 1643 3347 2016 3408; x_wconf 82' lang='lat' dir='ltr'>nostra,uxo-</span> 
     </span>
    </p>
   </div>
   <div class='ocr_carea' id='block_1_64' title="bbox 371 3428 2016 3502">
    <p class='ocr_par' dir='ltr' id='par_1_64' title="bbox 371 3428 2016 3502">
     <span class='ocr_line' id='line_1_64' title="bbox 371 3428 2016 3502; baseline -0.001 -17"><span class='ocrx_word' id='word_1_484' title='bbox 371 3447 466 3486; x_wconf 91' lang='lat' dir='ltr'>res</span> <span class='ocrx_word' id='word_1_485' title='bbox 497 3432 554 3485; x_wconf 89' lang='lat' dir='ltr'>et</span> <span class='ocrx_word' id='word_1_486' title='bbox 585 3428 936 3484; x_wconf 84' lang='lat' dir='ltr'>charissima</span> <span class='ocrx_word' id='word_1_487' title='bbox 960 3447 1206 3502; x_wconf 66' lang='lat' dir='ltr'>quaeque</span> <span class='ocrx_word' id='word_1_488' title='bbox 1232 3430 1291 3485; x_wconf 92' lang='lat' dir='ltr'>in</span> <span class='ocrx_word' id='word_1_489' title='bbox 1324 3431 1638 3486; x_wconf 87' lang='lat' dir='ltr'>discrimen</span> <span class='ocrx_word' id='word_1_490' title='bbox 1665 3429 2016 3500; x_wconf 91' lang='lat' dir='ltr'>misimus,si</span> 
     </span>
    </p>
   </div>
   <div class='ocr_carea' id='block_1_65' title="bbox 372 3519 2015 3591">
    <p class='ocr_par' dir='ltr' id='par_1_65' title="bbox 372 3519 2015 3591">
     <span class='ocr_line' id='line_1_65' title="bbox 372 3519 2015 3591; baseline -0.001 -17"><span class='ocrx_word' id='word_1_491' title='bbox 372 3519 535 3574; x_wconf 87' lang='lat' dir='ltr'>hunc</span> <span class='ocrx_word' id='word_1_492' title='bbox 569 3519 741 3573; x_wconf 88' lang='lat' dir='ltr'>modo</span> <span class='ocrx_word' id='word_1_493' title='bbox 770 3525 992 3574; x_wconf 89' lang='lat' dir='ltr'>mutata</span> <span class='ocrx_word' id='word_1_494' title='bbox 1024 3526 1258 3591; x_wconf 88' lang='lat' dir='ltr'>repente</span> <span class='ocrx_word' id='word_1_495' title='bbox 1290 3520 1583 3575; x_wconf 87' lang='lat' dir='ltr'>sententia</span> <span class='ocrx_word' id='word_1_496' title='bbox 1615 3520 2015 3588; x_wconf 88' lang='lat' dir='ltr'>destituimus,</span> 
     </span>
    </p>
   </div>
   <div class='ocr_carea' id='block_1_66' title="bbox 373 3608 2016 3681">
    <p class='ocr_par' dir='ltr' id='par_1_66' title="bbox 373 3608 2016 3681">
     <span class='ocr_line' id='line_1_66' title="bbox 373 3608 2016 3681; baseline 0 -19"><span class='ocrx_word' id='word_1_497' title='bbox 373 3608 512 3679; x_wconf 87' lang='lat' dir='ltr'>quid</span> <span class='ocrx_word' id='word_1_498' title='bbox 539 3608 707 3664; x_wconf 91' lang='lat' dir='ltr'>nobis</span> <span class='ocrx_word' id='word_1_499' title='bbox 731 3609 801 3663; x_wconf 89' lang='lat' dir='ltr'>ad</span> <span class='ocrx_word' id='word_1_500' title='bbox 826 3609 1225 3664; x_wconf 79' lang='lat' dir='ltr'>deiensionem</span> <span class='ocrx_word' id='word_1_501' title='bbox 1247 3609 1526 3664; x_wconf 81' lang='lat' dir='ltr'>faciemus</span> <span class='ocrx_word' id='word_1_502' title='bbox 1550 3609 2016 3681; x_wconf 85' lang='lat' dir='ltr'>reliqui.quomi-</span> 
     </span>
    </p>
   </div>
   <div class='ocr_carea' id='block_1_67' title="bbox 375 3697 2018 3768">
    <p class='ocr_par' dir='ltr' id='par_1_67' title="bbox 375 3697 2018 3768">
     <span class='ocr_line' id='line_1_67' title="bbox 375 3697 2018 3768; baseline -0.001 -16"><span class='ocrx_word' id='word_1_503' title='bbox 375 3714 492 3752; x_wconf 91' lang='lat' dir='ltr'>nus</span> <span class='ocrx_word' id='word_1_504' title='bbox 507 3698 578 3750; x_wconf 89' lang='lat' dir='ltr'>ab</span> <span class='ocrx_word' id='word_1_505' title='bbox 621 3697 892 3751; x_wconf 87' lang='lat' dir='ltr'>omnibus</span> <span class='ocrx_word' id='word_1_506' title='bbox 913 3697 1259 3768; x_wconf 87' lang='lat' dir='ltr'>proditionis</span> <span class='ocrx_word' id='word_1_507' title='bbox 1277 3697 2018 3768; x_wconf 73' lang='lat' dir='ltr'>perﬁdiosissimmdamne-</span> 
     </span>
    </p>
   </div>
   <div class='ocr_carea' id='block_1_68' title="bbox 378 3784 2019 3856">
    <p class='ocr_par' dir='ltr' id='par_1_68' title="bbox 378 3784 2019 3856">
     <span class='ocr_line' id='line_1_68' title="bbox 378 3784 2019 3856; baseline 0 -16"><span class='ocrx_word' id='word_1_508' title='bbox 378 3801 514 3840; x_wconf 89' lang='lat' dir='ltr'>mur</span> <span class='ocrx_word' id='word_1_509' title='bbox 543 3784 570 3839; x_wconf 83' lang='lat'><strong>?</strong></span> <span class='ocrx_word' id='word_1_510' title='bbox 602 3788 684 3839; x_wconf 90' lang='lat' dir='ltr'>An</span> <span class='ocrx_word' id='word_1_511' title='bbox 717 3785 981 3840; x_wconf 86' lang='lat' dir='ltr'>dicemus</span> <span class='ocrx_word' id='word_1_512' title='bbox 1038 3801 1144 3840; x_wconf 90' lang='lat' dir='ltr'>nos</span> <span class='ocrx_word' id='word_1_513' title='bbox 1177 3786 1247 3840; x_wconf 91' lang='lat' dir='ltr'>ab</span> <span class='ocrx_word' id='word_1_514' title='bbox 1279 3785 1406 3856; x_wconf 91' lang='lat' dir='ltr'>ipso</span> <span class='ocrx_word' id='word_1_515' title='bbox 1432 3785 1696 3840; x_wconf 87' lang='lat' dir='ltr'>nolentes</span> <span class='ocrx_word' id='word_1_516' title='bbox 1730 3784 2019 3856; x_wconf 87' lang='lat' dir='ltr'>impulsos</span> 
     </span>
    </p>
   </div>
   <div class='ocr_carea' id='block_1_69' title="bbox 376 3873 2020 3945">
    <p class='ocr_par' dir='ltr' id='par_1_69' title="bbox 376 3873 2020 3945">
     <span class='ocr_line' id='line_1_69' title="bbox 376 3873 2020 3945; baseline 0 -17"><span class='ocrx_word' id='word_1_517' title='bbox 376 3878 731 3944; x_wconf 88' lang='lat' dir='ltr'>coactosque</span> <span class='ocrx_word' id='word_1_518' title='bbox 760 3874 786 3928; x_wconf 84' lang='lat'><strong>?</strong></span> <span class='ocrx_word' id='word_1_519' title='bbox 843 3873 1076 3929; x_wconf 87' lang='lat' dir='ltr'>Anobis</span> <span class='ocrx_word' id='word_1_520' title='bbox 1127 3875 1254 3943; x_wconf 89' lang='lat' dir='ltr'>jam</span> <span class='ocrx_word' id='word_1_521' title='bbox 1281 3878 1450 3929; x_wconf 85' lang='lat' dir='ltr'>antea</span> <span class='ocrx_word' id='word_1_522' title='bbox 1505 3875 1723 3945; x_wconf 84' lang='lat' dir='ltr'>paratis</span> <span class='ocrx_word' id='word_1_523' title='bbox 1781 3881 1837 3928; x_wconf 89' lang='lat' dir='ltr'>et</span> <span class='ocrx_word' id='word_1_524' title='bbox 1867 3874 2020 3928; x_wconf 75' lang='lat'>200</span> 
     </span>
    </p>
   </div>
   <div class='ocr_carea' id='block_1_70' title="bbox 379 3961 2021 4034">
    <p class='ocr_par' dir='ltr' id='par_1_70' title="bbox 379 3961 2021 4034">
     <span class='ocr_line' id='line_1_70' title="bbox 379 3961 2021 4034; baseline 0 -18"><span class='ocrx_word' id='word_1_525' title='bbox 379 3963 766 4032; x_wconf 79' lang='lat' dir='ltr'>gestientibus</span> <span class='ocrx_word' id='word_1_526' title='bbox 797 3979 901 4034; x_wconf 88' lang='lat' dir='ltr'>pro</span> <span class='ocrx_word' id='word_1_527' title='bbox 933 3961 1172 4016; x_wconf 89' lang='lat' dir='ltr'>domino</span> <span class='ocrx_word' id='word_1_528' title='bbox 1202 3962 1427 4032; x_wconf 87' lang='lat' dir='ltr'>injusta</span> <span class='ocrx_word' id='word_1_529' title='bbox 1459 3978 1630 4032; x_wconf 88' lang='lat' dir='ltr'>passo</span> <span class='ocrx_word' id='word_1_530' title='bbox 1673 3962 2021 4016; x_wconf 89' lang='lat' dir='ltr'>vindicando</span> 
     </span>
    </p>
   </div>
   <div class='ocr_carea' id='block_1_71' title="bbox 387 4049 2024 4122">
    <p class='ocr_par' dir='ltr' id='par_1_71' title="bbox 387 4049 2024 4122">
     <span class='ocr_line' id='line_1_71' title="bbox 387 4049 2024 4122; baseline 0.001 -18"><span class='ocrx_word' id='word_1_531' title='bbox 387 4067 650 4122; x_wconf 89' lang='lat' dir='ltr'>pugnare</span> <span class='ocrx_word' id='word_1_532' title='bbox 685 4049 1138 4121; x_wconf 88' lang='lat' dir='ltr'>supervenit.An</span> <span class='ocrx_word' id='word_1_533' title='bbox 1171 4049 1313 4104; x_wconf 91' lang='lat' dir='ltr'>illud</span> <span class='ocrx_word' id='word_1_534' title='bbox 1334 4049 1866 4120; x_wconf 88' lang='lat' dir='ltr'>causabimur,ejus</span> <span class='ocrx_word' id='word_1_535' title='bbox 1889 4066 2024 4120; x_wconf 86' lang='lat' dir='ltr'>gra—</span> 
     </span>
    </p>
   </div>
   <div class='ocr_carea' id='block_1_72' title="bbox 381 4138 2022 4210">
    <p class='ocr_par' dir='ltr' id='par_1_72' title="bbox 381 4138 2022 4210">
     <span class='ocr_line' id='line_1_72' title="bbox 381 4138 2022 4210; baseline -0.001 -16"><span class='ocrx_word' id='word_1_536' title='bbox 381 4139 467 4194; x_wconf 86' lang='lat' dir='ltr'>tia</span> <span class='ocrx_word' id='word_1_537' title='bbox 483 4139 854 4210; x_wconf 82' lang='lat' dir='ltr'>perturbatae</span> <span class='ocrx_word' id='word_1_538' title='bbox 869 4155 957 4193; x_wconf 90' lang='lat' dir='ltr'>res</span> <span class='ocrx_word' id='word_1_539' title='bbox 972 4145 1203 4194; x_wconf 88' lang='lat' dir='ltr'>nostras</span> <span class='ocrx_word' id='word_1_540' title='bbox 1221 4138 1378 4194; x_wconf 85' lang='lat' dir='ltr'>esse?</span> <span class='ocrx_word' id='word_1_541' title='bbox 1398 4139 1576 4209; x_wconf 87' lang='lat' dir='ltr'>Atqui</span> <span class='ocrx_word' id='word_1_542' title='bbox 1599 4143 1806 4192; x_wconf 66' lang='lat' dir='ltr'>nostrae</span> <span class='ocrx_word' id='word_1_543' title='bbox 1829 4139 2022 4193; x_wconf 89' lang='lat' dir='ltr'>verius</span> 
     </span>
    </p>
   </div>
   <div class='ocr_carea' id='block_1_73' title="bbox 386 4225 2024 4299">
    <p class='ocr_par' dir='ltr' id='par_1_73' title="bbox 386 4225 2024 4299">
     <span class='ocr_line' id='line_1_73' title="bbox 386 4225 2024 4299; baseline 0.001 -18"><span class='ocrx_word' id='word_1_544' title='bbox 386 4225 669 4299; x_wconf 67' lang='lat' dir='ltr'>praecipiti</span> <span class='ocrx_word' id='word_1_545' title='bbox 728 4227 794 4282; x_wconf 89' lang='lat' dir='ltr'>ad</span> <span class='ocrx_word' id='word_1_546' title='bbox 826 4228 1160 4282; x_wconf 86' lang='lat' dir='ltr'>novandum</span> <span class='ocrx_word' id='word_1_547' title='bbox 1194 4227 1447 4283; x_wconf 75' lang='lat' dir='ltr'>audacia:</span> <span class='ocrx_word' id='word_1_548' title='bbox 1485 4244 1652 4298; x_wconf 87' lang='lat' dir='ltr'>quam</span> <span class='ocrx_word' id='word_1_549' title='bbox 1691 4227 1823 4282; x_wconf 89' lang='lat' dir='ltr'>huic</span> <span class='ocrx_word' id='word_1_550' title='bbox 1855 4225 2024 4299; x_wconf 90' lang='lat' dir='ltr'>culpa</span> 
     </span>
    </p>
   </div>
   <div class='ocr_carea' id='block_1_74' title="bbox 382 4315 2025 4388">
    <p class='ocr_par' dir='ltr' id='par_1_74' title="bbox 382 4315 2025 4388">
     <span class='ocr_line' id='line_1_74' title="bbox 382 4315 2025 4388; baseline 0 -18"><span class='ocrx_word' id='word_1_551' title='bbox 382 4316 561 4370; x_wconf 89' lang='lat' dir='ltr'>istius</span> <span class='ocrx_word' id='word_1_552' title='bbox 596 4315 887 4370; x_wconf 88' lang='lat' dir='ltr'>tumultus</span> <span class='ocrx_word' id='word_1_553' title='bbox 918 4315 1420 4388; x_wconf 85' lang='lat' dir='ltr'>imputabitur.An</span> <span class='ocrx_word' id='word_1_554' title='bbox 1443 4317 1595 4387; x_wconf 92' lang='lat' dir='ltr'>quod</span> <span class='ocrx_word' id='word_1_555' title='bbox 1622 4333 1682 4371; x_wconf 85' lang='lat' dir='ltr'>se</span> <span class='ocrx_word' id='word_1_556' title='bbox 1707 4316 2025 4388; x_wconf 86' lang='lat' dir='ltr'>imperato-</span> 
     </span>
    </p>
   </div>
   <div class='ocr_carea' id='block_1_75' title="bbox 381 4404 2022 4474">
    <p class='ocr_par' dir='ltr' id='par_1_75' title="bbox 381 4404 2022 4474">
     <span class='ocr_line' id='line_1_75' title="bbox 381 4404 2022 4474; baseline 0.002 -16"><span class='ocrx_word' id='word_1_557' title='bbox 381 4420 504 4458; x_wconf 88' lang='lat' dir='ltr'>rem</span> <span class='ocrx_word' id='word_1_558' title='bbox 541 4420 667 4459; x_wconf 83' lang='lat' dir='ltr'>esse</span> <span class='ocrx_word' id='word_1_559' title='bbox 699 4404 1078 4474; x_wconf 88' lang='lat' dir='ltr'>simulavit,et</span> <span class='ocrx_word' id='word_1_560' title='bbox 1101 4405 1282 4459; x_wconf 87' lang='lat' dir='ltr'>uttali</span> <span class='ocrx_word' id='word_1_561' title='bbox 1304 4405 1413 4459; x_wconf 91' lang='lat' dir='ltr'>sibi</span> <span class='ocrx_word' id='word_1_562' title='bbox 1439 4422 2022 4462; x_wconf 87' lang='lat' dir='ltr'>sucurreremusora-</span> 
     </span>
    </p>
   </div>
   <div class='ocr_carea' id='block_1_76' title="bbox 379 4491 2025 4564">
    <p class='ocr_par' dir='ltr' id='par_1_76' title="bbox 379 4491 2025 4564">
     <span class='ocr_line' id='line_1_76' title="bbox 379 4491 2025 4564; baseline 0.003 -19"><span class='ocrx_word' id='word_1_563' title='bbox 379 4491 493 4546; x_wconf 85' lang='lat' dir='ltr'>vit?</span> <span class='ocrx_word' id='word_1_564' title='bbox 527 4491 789 4547; x_wconf 89' lang='lat' dir='ltr'>Primum</span> <span class='ocrx_word' id='word_1_565' title='bbox 825 4493 962 4564; x_wconf 90' lang='lat' dir='ltr'>quis</span> <span class='ocrx_word' id='word_1_566' title='bbox 989 4493 1101 4546; x_wconf 89' lang='lat' dir='ltr'>scit</span> <span class='ocrx_word' id='word_1_567' title='bbox 1130 4492 1445 4548; x_wconf 86' lang='lat' dir='ltr'>simulasse</span> <span class='ocrx_word' id='word_1_568' title='bbox 1476 4493 1730 4563; x_wconf 90' lang='lat' dir='ltr'>illum,et</span> <span class='ocrx_word' id='word_1_569' title='bbox 1751 4512 1864 4549; x_wconf 92' lang='lat' dir='ltr'>non</span> <span class='ocrx_word' id='word_1_570' title='bbox 1896 4511 2025 4550; x_wconf 87' lang='lat' dir='ltr'>esse</span> 
     </span>
    </p>
   </div>
   <div class='ocr_carea' id='block_1_77' title="bbox 382 4581 2021 4652">
    <p class='ocr_par' dir='ltr' id='par_1_77' title="bbox 382 4581 2021 4652">
     <span class='ocr_line' id='line_1_77' title="bbox 382 4581 2021 4652; baseline 0.002 -18"><span class='ocrx_word' id='word_1_571' title='bbox 382 4596 587 4635; x_wconf 83' lang='lat' dir='ltr'>verum</span> <span class='ocrx_word' id='word_1_572' title='bbox 622 4582 854 4652; x_wconf 89' lang='lat' dir='ltr'>qualem</span> <span class='ocrx_word' id='word_1_573' title='bbox 891 4597 952 4636; x_wconf 87' lang='lat' dir='ltr'>se</span> <span class='ocrx_word' id='word_1_574' title='bbox 976 4582 1242 4636; x_wconf 89' lang='lat' dir='ltr'>nominat</span> <span class='ocrx_word' id='word_1_575' title='bbox 1266 4581 1550 4637; x_wconf 88' lang='lat' dir='ltr'>Joannem</span> <span class='ocrx_word' id='word_1_576' title='bbox 1582 4583 1609 4636; x_wconf 84' lang='lat'><strong><em>?</em></strong></span> <span class='ocrx_word' id='word_1_577' title='bbox 1639 4583 1708 4636; x_wconf 89' lang='lat' dir='ltr'>Et</span> <span class='ocrx_word' id='word_1_578' title='bbox 1738 4583 1830 4637; x_wconf 91' lang='lat' dir='ltr'>cui</span> <span class='ocrx_word' id='word_1_579' title='bbox 1864 4588 2021 4638; x_wconf 88' lang='lat' dir='ltr'>certo</span> 
     </span>
    </p>
   </div>
   <div class='ocr_carea' id='block_1_78' title="bbox 380 4667 2021 4742">
    <p class='ocr_par' dir='ltr' id='par_1_78' title="bbox 380 4667 2021 4742">
     <span class='ocr_line' id='line_1_78' title="bbox 380 4667 2021 4742; baseline 0.002 -20"><span class='ocrx_word' id='word_1_580' title='bbox 380 4667 598 4740; x_wconf 90' lang='lat' dir='ltr'>poterit</span> <span class='ocrx_word' id='word_1_581' title='bbox 630 4675 898 4724; x_wconf 89' lang='lat' dir='ltr'>constare</span> <span class='ocrx_word' id='word_1_582' title='bbox 931 4669 1096 4724; x_wconf 89' lang='lat' dir='ltr'>illum</span> <span class='ocrx_word' id='word_1_583' title='bbox 1122 4668 1505 4742; x_wconf 86' lang='lat' dir='ltr'>alium,quem</span> <span class='ocrx_word' id='word_1_584' title='bbox 1525 4671 1829 4726; x_wconf 88' lang='lat' dir='ltr'>ostendere</span> <span class='ocrx_word' id='word_1_585' title='bbox 1853 4669 2021 4726; x_wconf 90' lang='lat' dir='ltr'>nobis</span> 
     </span>
    </p>
   </div>
   <div class='ocr_carea' id='block_1_79' title="bbox 380 4757 2022 4829">
    <p class='ocr_par' dir='ltr' id='par_1_79' title="bbox 380 4757 2022 4829">
     <span class='ocr_line' id='line_1_79' title="bbox 380 4757 2022 4829; baseline 0.002 -18"><span class='ocrx_word' id='word_1_586' title='bbox 380 4773 445 4811; x_wconf 88' lang='lat' dir='ltr'>se</span> <span class='ocrx_word' id='word_1_587' title='bbox 499 4761 731 4826; x_wconf 86' lang='lat' dir='ltr'>paratos</span> <span class='ocrx_word' id='word_1_588' title='bbox 788 4758 972 4824; x_wconf 88' lang='lat' dir='ltr'>aiunt,</span> <span class='ocrx_word' id='word_1_589' title='bbox 1033 4759 1391 4812; x_wconf 81' lang='lat' dir='ltr'>custoditum</span> <span class='ocrx_word' id='word_1_590' title='bbox 1425 4759 1577 4829; x_wconf 88' lang='lat' dir='ltr'>apud</span> <span class='ocrx_word' id='word_1_591' title='bbox 1609 4757 1769 4828; x_wconf 92' lang='lat' dir='ltr'>ipsos</span> <span class='ocrx_word' id='word_1_592' title='bbox 1806 4775 2022 4814; x_wconf 71' lang='lat' dir='ltr'>caecum</span> 
     </span>
    </p>
   </div>
   <div class='ocr_carea' id='block_1_80' title="bbox 383 4843 2022 4903">
    <p class='ocr_par' dir='ltr' id='par_1_80' title="bbox 383 4843 2022 4903">
     <span class='ocr_line' id='line_1_80' title="bbox 383 4843 2022 4903; baseline 0.001 -3"><span class='ocrx_word' id='word_1_593' title='bbox 383 4843 886 4900; x_wconf 87' lang='lat' dir='ltr'>adolescentulum</span> <span class='ocrx_word' id='word_1_594' title='bbox 947 4863 1143 4902; x_wconf 89' lang='lat' dir='ltr'>revera</span> <span class='ocrx_word' id='word_1_595' title='bbox 1197 4847 1481 4902; x_wconf 88' lang='lat' dir='ltr'>Joannem</span> <span class='ocrx_word' id='word_1_596' title='bbox 1514 4864 1642 4902; x_wconf 88' lang='lat' dir='ltr'>esse</span> <span class='ocrx_word' id='word_1_597' title='bbox 1674 4847 1966 4903; x_wconf 84' lang='lat' dir='ltr'>Lascarim</span> <span class='ocrx_word' id='word_1_598' title='bbox 1994 4847 2022 4902; x_wconf 86' lang='lat'><strong>?</strong></span> 
     </span>
    </p>
   </div>
   <div class='ocr_carea' id='block_1_81' title="bbox 385 4932 2020 5006">
    <p class='ocr_par' dir='ltr' id='par_1_81' title="bbox 385 4932 2020 5006">
     <span class='ocr_line' id='line_1_81' title="bbox 385 4932 2020 5006; baseline 0.002 -20"><span class='ocrx_word' id='word_1_599' title='bbox 385 4932 601 4987; x_wconf 82' lang='lat' dir='ltr'>Deinde</span> <span class='ocrx_word' id='word_1_600' title='bbox 629 4938 752 4988; x_wconf 88' lang='lat' dir='ltr'>esto</span> <span class='ocrx_word' id='word_1_601' title='bbox 807 4935 905 4997; x_wconf 89' lang='lat' dir='ltr'>ita,</span> <span class='ocrx_word' id='word_1_602' title='bbox 939 4934 1014 4989; x_wconf 89' lang='lat' dir='ltr'>sit</span> <span class='ocrx_word' id='word_1_603' title='bbox 1047 4951 1059 4989; x_wconf 91' lang='lat'><strong>:</strong></span> <span class='ocrx_word' id='word_1_604' title='bbox 1094 4940 1289 4990; x_wconf 89' lang='lat' dir='ltr'>tamen</span> <span class='ocrx_word' id='word_1_605' title='bbox 1323 4935 1417 4989; x_wconf 91' lang='lat' dir='ltr'>isti</span> <span class='ocrx_word' id='word_1_606' title='bbox 1453 4937 1658 5006; x_wconf 75' lang='lat' dir='ltr'>culpae,</span> <span class='ocrx_word' id='word_1_607' title='bbox 1694 4951 1764 4990; x_wconf 90' lang='lat' dir='ltr'>ne</span> <span class='ocrx_word' id='word_1_608' title='bbox 1787 4953 1820 4991; x_wconf 88' lang='lat' dir='ltr'>a</span> <span class='ocrx_word' id='word_1_609' title='bbox 1852 4936 2020 4990; x_wconf 89' lang='lat' dir='ltr'>nobis</span> 
     </span>
    </p>
   </div>
   <div class='ocr_carea' id='block_1_82' title="bbox 382 5023 2020 5094">
    <p class='ocr_par' dir='ltr' id='par_1_82' title="bbox 382 5023 2020 5094">
     <span class='ocr_line' id='line_1_82' title="bbox 382 5023 2020 5094; baseline 0.003 -19"><span class='ocrx_word' id='word_1_610' title='bbox 382 5025 503 5076; x_wconf 90' lang='lat' dir='ltr'>tam</span> <span class='ocrx_word' id='word_1_611' title='bbox 527 5023 1160 5079; x_wconf 85' lang='lat' dir='ltr'>atrocitervindicanda</span> <span class='ocrx_word' id='word_1_612' title='bbox 1194 5024 1477 5090; x_wconf 88' lang='lat' dir='ltr'>videatur,</span> <span class='ocrx_word' id='word_1_613' title='bbox 1507 5039 1776 5094; x_wconf 88' lang='lat' dir='ltr'>magnam</span> <span class='ocrx_word' id='word_1_614' title='bbox 1795 5029 2020 5094; x_wconf 90' lang='lat' dir='ltr'>partem</span> 
     </span>
    </p>
   </div>
   <div class='ocr_carea' id='block_1_83' title="bbox 383 5110 2022 5168">
    <p class='ocr_par' dir='ltr' id='par_1_83' title="bbox 383 5110 2022 5168">
     <span class='ocr_line' id='line_1_83' title="bbox 383 5110 2022 5168; baseline 0.002 -5"><span class='ocrx_word' id='word_1_615' title='bbox 383 5110 640 5165; x_wconf 85' lang='lat' dir='ltr'>detrahit</span> <span class='ocrx_word' id='word_1_616' title='bbox 673 5111 903 5166; x_wconf 79' lang='lat' dir='ltr'>invidias</span> <span class='ocrx_word' id='word_1_617' title='bbox 937 5112 1134 5167; x_wconf 78' lang='lat' dir='ltr'>innata</span> <span class='ocrx_word' id='word_1_618' title='bbox 1165 5112 1442 5167; x_wconf 88' lang='lat' dir='ltr'>omnibus</span> <span class='ocrx_word' id='word_1_619' title='bbox 1473 5118 1529 5168; x_wconf 86' lang='lat' dir='ltr'>et</span> <span class='ocrx_word' id='word_1_620' title='bbox 1554 5112 1668 5167; x_wconf 88' lang='lat' dir='ltr'>late</span> <span class='ocrx_word' id='word_1_621' title='bbox 1688 5113 2022 5168; x_wconf 86' lang='lat' dir='ltr'>communis</span> 
     </span>
    </p>
   </div>
   <div class='ocr_carea' id='block_1_84' title="bbox 386 5197 2018 5272">
    <p class='ocr_par' dir='ltr' id='par_1_84' title="bbox 386 5197 2018 5272">
     <span class='ocr_line' id='line_1_84' title="bbox 386 5197 2018 5272; baseline 0.004 -22"><span class='ocrx_word' id='word_1_622' title='bbox 386 5197 684 5269; x_wconf 87' lang='lat' dir='ltr'>cupiditas</span> <span class='ocrx_word' id='word_1_623' title='bbox 715 5201 958 5270; x_wconf 85' lang='lat' dir='ltr'>augendi</span> <span class='ocrx_word' id='word_1_624' title='bbox 994 5203 1287 5256; x_wconf 85' lang='lat' dir='ltr'>fortunam</span> <span class='ocrx_word' id='word_1_625' title='bbox 1313 5197 1832 5270; x_wconf 70' lang='lat' dir='ltr'>suam,praasertim</span> <span class='ocrx_word' id='word_1_626' title='bbox 1859 5200 2018 5272; x_wconf 83' lang='lat' dir='ltr'>inge-</span> 
     </span>
    </p>
   </div>
   <div class='ocr_carea' id='block_1_85' title="bbox 385 5287 2020 5344">
    <p class='ocr_par' dir='ltr' id='par_1_85' title="bbox 385 5287 2020 5344">
     <span class='ocr_line' id='line_1_85' title="bbox 385 5287 2020 5344; baseline 0.002 -4"><span class='ocrx_word' id='word_1_627' title='bbox 385 5290 550 5341; x_wconf 85' lang='lat' dir='ltr'>rente</span> <span class='ocrx_word' id='word_1_628' title='bbox 583 5304 644 5342; x_wconf 88' lang='lat' dir='ltr'>se</span> <span class='ocrx_word' id='word_1_629' title='bbox 675 5288 972 5343; x_wconf 87' lang='lat' dir='ltr'>crescendi</span> <span class='ocrx_word' id='word_1_630' title='bbox 1022 5289 1324 5344; x_wconf 88' lang='lat' dir='ltr'>occasione</span> <span class='ocrx_word' id='word_1_631' title='bbox 1372 5293 1429 5343; x_wconf 89' lang='lat' dir='ltr'>et</span> <span class='ocrx_word' id='word_1_632' title='bbox 1459 5287 1671 5342; x_wconf 90' lang='lat' dir='ltr'>studiis</span> <span class='ocrx_word' id='word_1_633' title='bbox 1715 5287 2020 5343; x_wconf 87' lang='lat' dir='ltr'>hominum</span> 
     </span>
    </p>
   </div>
   <div class='ocr_carea' id='block_1_86' title="bbox 391 5374 2022 5446">
    <p class='ocr_par' dir='ltr' id='par_1_86' title="bbox 391 5374 2022 5446">
     <span class='ocr_line' id='line_1_86' title="bbox 391 5374 2022 5446; baseline 0.003 -19"><span class='ocrx_word' id='word_1_634' title='bbox 391 5374 546 5429; x_wconf 90' lang='lat' dir='ltr'>ultro</span> <span class='ocrx_word' id='word_1_635' title='bbox 579 5376 649 5430; x_wconf 89' lang='lat' dir='ltr'>ad</span> <span class='ocrx_word' id='word_1_636' title='bbox 682 5377 904 5446; x_wconf 89' lang='lat' dir='ltr'>majora</span> <span class='ocrx_word' id='word_1_637' title='bbox 941 5377 1428 5446; x_wconf 87' lang='lat' dir='ltr'>vocantibus;quo</span> <span class='ocrx_word' id='word_1_638' title='bbox 1459 5380 1719 5446; x_wconf 90' lang='lat' dir='ltr'>tempore</span> <span class='ocrx_word' id='word_1_639' title='bbox 1750 5378 1883 5446; x_wconf 90' lang='lat' dir='ltr'>quis</span> <span class='ocrx_word' id='word_1_640' title='bbox 1908 5393 2022 5432; x_wconf 89' lang='lat' dir='ltr'>non</span> 
     </span>
    </p>
   </div>
   <div class='ocr_carea' id='block_1_87' title="bbox 379 5461 2022 5536">
    <p class='ocr_par' dir='ltr' id='par_1_87' title="bbox 379 5461 2022 5536">
     <span class='ocr_line' id='line_1_87' title="bbox 379 5461 2022 5536; baseline 0.004 -21"><span class='ocrx_word' id='word_1_641' title='bbox 379 5461 802 5534; x_wconf 86' lang='lat' dir='ltr'>veniadignam</span> <span class='ocrx_word' id='word_1_642' title='bbox 819 5465 1111 5520; x_wconf 82' lang='lat' dir='ltr'>existimet</span> <span class='ocrx_word' id='word_1_643' title='bbox 1128 5465 1504 5520; x_wconf 86' lang='lat' dir='ltr'>ambitionem</span> <span class='ocrx_word' id='word_1_644' title='bbox 1521 5465 1646 5535; x_wconf 89' lang='lat' dir='ltr'>ejus</span> <span class='ocrx_word' id='word_1_645' title='bbox 1663 5464 1761 5535; x_wconf 89' lang='lat' dir='ltr'>qui</span> <span class='ocrx_word' id='word_1_646' title='bbox 1778 5480 2022 5536; x_wconf 86' lang='lat' dir='ltr'>regnum</span> 
     </span>
    </p>
   </div>
   <div class='ocr_carea' id='block_1_88' title="bbox 383 5550 2026 5624">
    <p class='ocr_par' dir='ltr' id='par_1_88' title="bbox 383 5550 2026 5624">
     <span class='ocr_line' id='line_1_88' title="bbox 383 5550 2026 5624; baseline 0.004 -19"><span class='ocrx_word' id='word_1_647' title='bbox 383 5567 417 5605; x_wconf 89' lang='lat' dir='ltr'>a</span> <span class='ocrx_word' id='word_1_648' title='bbox 455 5550 788 5608; x_wconf 87' lang='lat' dir='ltr'>volentibus</span> <span class='ocrx_word' id='word_1_649' title='bbox 821 5553 1080 5608; x_wconf 86' lang='lat' dir='ltr'>delatum</span> <span class='ocrx_word' id='word_1_650' title='bbox 1113 5571 1228 5609; x_wconf 79' lang='lat' dir='ltr'>non</span> <span class='ocrx_word' id='word_1_651' title='bbox 1262 5552 1639 5609; x_wconf 85' lang='lat' dir='ltr'>recusaverit?</span> <span class='ocrx_word' id='word_1_652' title='bbox 1671 5552 1818 5618; x_wconf 87' lang='lat' dir='ltr'>Quid</span> <span class='ocrx_word' id='word_1_653' title='bbox 1851 5554 2026 5624; x_wconf 88' lang='lat' dir='ltr'>igitur</span> 
     </span>
    </p>
   </div>
   <div class='ocr_carea' id='block_1_89' title="bbox 392 5639 2030 5715">
    <p class='ocr_par' dir='ltr' id='par_1_89' title="bbox 392 5639 2030 5715">
     <span class='ocr_line' id='line_1_89' title="bbox 392 5639 2030 5715; baseline 0.004 -21"><span class='ocrx_word' id='word_1_654' title='bbox 392 5639 600 5696; x_wconf 87' lang='lat' dir='ltr'>attinet</span> <span class='ocrx_word' id='word_1_655' title='bbox 631 5640 800 5697; x_wconf 89' lang='lat' dir='ltr'>nobis</span> <span class='ocrx_word' id='word_1_656' title='bbox 831 5644 1000 5714; x_wconf 90' lang='lat' dir='ltr'>culpa</span> <span class='ocrx_word' id='word_1_657' title='bbox 1031 5641 1240 5700; x_wconf 86' lang='lat' dir='ltr'>solutis</span> <span class='ocrx_word' id='word_1_658' title='bbox 1282 5641 1365 5698; x_wconf 90' lang='lat' dir='ltr'>illi</span> <span class='ocrx_word' id='word_1_659' title='bbox 1400 5642 1617 5698; x_wconf 87' lang='lat' dir='ltr'>crimen</span> <span class='ocrx_word' id='word_1_660' title='bbox 1649 5641 1971 5715; x_wconf 85' lang='lat' dir='ltr'>impingere</span> <span class='ocrx_word' id='word_1_661' title='bbox 2001 5643 2030 5699; x_wconf 86' lang='lat'><strong>?</strong></span> 
     </span>
    </p>
   </div>
   <div class='ocr_carea' id='block_1_90' title="bbox 2127 3337 3763 3413">
    <p class='ocr_par' dir='ltr' id='par_1_90' title="bbox 2127 3337 3763 3413">
     <span class='ocr_line' id='line_1_90' title="bbox 2127 3337 3763 3413; baseline 0.006 -23"><span class='ocrx_word' id='word_1_662' title='bbox 2127 3337 2518 3408; x_wconf 87' lang='lat' dir='ltr'>confugientis</span> <span class='ocrx_word' id='word_1_663' title='bbox 2576 3338 2636 3393; x_wconf 90' lang='lat' dir='ltr'>in</span> <span class='ocrx_word' id='word_1_664' title='bbox 2697 3339 2870 3394; x_wconf 82' lang='lat' dir='ltr'>{idem</span> <span class='ocrx_word' id='word_1_665' title='bbox 2921 3345 3096 3411; x_wconf 87' lang='lat' dir='ltr'>atque</span> <span class='ocrx_word' id='word_1_666' title='bbox 3124 3341 3352 3413; x_wconf 85' lang='lat' dir='ltr'>asylum</span> <span class='ocrx_word' id='word_1_667' title='bbox 3387 3343 3763 3413; x_wconf 89' lang='lat' dir='ltr'>protectionis</span> 
     </span>
    </p>
   </div>
   <div class='ocr_carea' id='block_1_91' title="bbox 2129 3429 3767 3503">
    <p class='ocr_par' dir='ltr' id='par_1_91' title="bbox 2129 3429 3767 3503">
     <span class='ocr_line' id='line_1_91' title="bbox 2129 3429 3767 3503; baseline 0.007 -25"><span class='ocrx_word' id='word_1_668' title='bbox 2129 3430 2358 3494; x_wconf 69' lang='lat' dir='ltr'>nostrae,</span> <span class='ocrx_word' id='word_1_669' title='bbox 2394 3431 2667 3496; x_wconf 70' lang='lat' dir='ltr'>praestare</span> <span class='ocrx_word' id='word_1_670' title='bbox 2696 3429 2974 3484; x_wconf 90' lang='lat' dir='ltr'>intactum</span> <span class='ocrx_word' id='word_1_671' title='bbox 2996 3431 3436 3503; x_wconf 88' lang='lat' dir='ltr'>immunemque</span> <span class='ocrx_word' id='word_1_672' title='bbox 3467 3433 3767 3489; x_wconf 89' lang='lat' dir='ltr'>communi</span> 
     </span>
    </p>
   </div>
   <div class='ocr_carea' id='block_1_92' title="bbox 2126 3513 3785 3590">
    <p class='ocr_par' dir='ltr' id='par_1_92' title="bbox 2126 3513 3785 3590">
     <span class='ocr_line' id='line_1_92' title="bbox 2126 3513 3785 3590; baseline 0.007 -23"><span class='ocrx_word' id='word_1_673' title='bbox 2126 3513 2515 3570; x_wconf 86' lang='lat' dir='ltr'>humanitatis</span> <span class='ocrx_word' id='word_1_674' title='bbox 2541 3515 2730 3572; x_wconf 81' lang='lat' dir='ltr'>ofﬁcio</span> <span class='ocrx_word' id='word_1_675' title='bbox 2763 3518 3019 3572; x_wconf 85' lang='lat' dir='ltr'>deberet:</span> <span class='ocrx_word' id='word_1_676' title='bbox 3051 3536 3241 3590; x_wconf 91' lang='lat' dir='ltr'>neque</span> <span class='ocrx_word' id='word_1_677' title='bbox 3273 3522 3426 3575; x_wconf 90' lang='lat' dir='ltr'>enim</span> <span class='ocrx_word' id='word_1_678' title='bbox 3462 3525 3600 3578; x_wconf 89' lang='lat' dir='ltr'>tunc</span> <span class='ocrx_word' id='word_1_679' title='bbox 3644 3529 3785 3588; x_wconf 78' lang='lat' dir='ltr'>tam</span> 
     </span>
    </p>
   </div>
   <div class='ocr_carea' id='block_1_93' title="bbox 2127 3607 3766 3683">
    <p class='ocr_par' dir='ltr' id='par_1_93' title="bbox 2127 3607 3766 3683">
     <span class='ocr_line' id='line_1_93' title="bbox 2127 3607 3766 3683; baseline 0.005 -25"><span class='ocrx_word' id='word_1_680' title='bbox 2127 3608 2390 3673; x_wconf 88' lang='lat' dir='ltr'>spectare</span> <span class='ocrx_word' id='word_1_681' title='bbox 2420 3608 2711 3675; x_wconf 86' lang='lat' dir='ltr'>Oporteret</span> <span class='ocrx_word' id='word_1_682' title='bbox 2741 3607 2879 3677; x_wconf 87' lang='lat' dir='ltr'>quid</span> <span class='ocrx_word' id='word_1_683' title='bbox 2933 3623 3064 3662; x_wconf 89' lang='lat' dir='ltr'>eum</span> <span class='ocrx_word' id='word_1_684' title='bbox 3126 3609 3246 3678; x_wconf 83' lang='lat' dir='ltr'>pati</span> <span class='ocrx_word' id='word_1_685' title='bbox 3300 3611 3529 3679; x_wconf 90' lang='lat' dir='ltr'>justum</span> <span class='ocrx_word' id='word_1_686' title='bbox 3590 3618 3766 3683; x_wconf 89' lang='lat' dir='ltr'>esset,</span> 
     </span>
    </p>
   </div>
   <div class='ocr_carea' id='block_1_94' title="bbox 2130 3692 3770 3767">
    <p class='ocr_par' dir='ltr' id='par_1_94' title="bbox 2130 3692 3770 3767">
     <span class='ocr_line' id='line_1_94' title="bbox 2130 3692 3770 3767; baseline 0.009 -24"><span class='ocrx_word' id='word_1_687' title='bbox 2130 3706 2306 3761; x_wconf 86' lang='lat' dir='ltr'>quam</span> <span class='ocrx_word' id='word_1_688' title='bbox 2339 3692 2476 3760; x_wconf 90' lang='lat' dir='ltr'>quid</span> <span class='ocrx_word' id='word_1_689' title='bbox 2499 3708 2605 3746; x_wconf 89' lang='lat' dir='ltr'>nos</span> <span class='ocrx_word' id='word_1_690' title='bbox 2629 3694 2814 3748; x_wconf 84' lang='lat' dir='ltr'>facere</span> <span class='ocrx_word' id='word_1_691' title='bbox 2835 3695 3083 3750; x_wconf 90' lang='lat' dir='ltr'>deceret.</span> <span class='ocrx_word' id='word_1_692' title='bbox 3117 3696 3278 3752; x_wconf 88' lang='lat' dir='ltr'>Talia</span> <span class='ocrx_word' id='word_1_693' title='bbox 3301 3699 3543 3767; x_wconf 90' lang='lat' dir='ltr'>quidam</span> <span class='ocrx_word' id='word_1_694' title='bbox 3575 3700 3770 3756; x_wconf 90' lang='lat' dir='ltr'>disse-</span> 
     </span>
    </p>
   </div>
   <div class='ocr_carea' id='block_1_95' title="bbox 2128 3782 3768 3858">
    <p class='ocr_par' dir='ltr' id='par_1_95' title="bbox 2128 3782 3768 3858">
     <span class='ocr_line' id='line_1_95' title="bbox 2128 3782 3768 3858; baseline 0.007 -22"><span class='ocrx_word' id='word_1_695' title='bbox 2128 3786 2319 3836; x_wconf 90' lang='lat' dir='ltr'>rentes</span> <span class='ocrx_word' id='word_1_696' title='bbox 2335 3782 2764 3852; x_wconf 85' lang='lat' dir='ltr'>persuadebant</span> <span class='ocrx_word' id='word_1_697' title='bbox 2777 3783 3071 3856; x_wconf 88' lang='lat' dir='ltr'>aliquibus</span> <span class='ocrx_word' id='word_1_698' title='bbox 3089 3803 3201 3840; x_wconf 90' lang='lat' dir='ltr'>non</span> <span class='ocrx_word' id='word_1_699' title='bbox 3217 3803 3387 3858; x_wconf 88' lang='lat' dir='ltr'>posse</span> <span class='ocrx_word' id='word_1_700' title='bbox 3401 3789 3526 3844; x_wconf 90' lang='lat' dir='ltr'>sine</span> <span class='ocrx_word' id='word_1_701' title='bbox 3540 3807 3768 3847; x_wconf 87' lang='lat' dir='ltr'>summa</span> 
     </span>
    </p>
   </div>
   <div class='ocr_carea' id='block_1_96' title="bbox 2127 3869 3768 3946">
    <p class='ocr_par' dir='ltr' id='par_1_96' title="bbox 2127 3869 3768 3946">
     <span class='ocr_line' id='line_1_96' title="bbox 2127 3869 3768 3946; baseline 0.006 -22"><span class='ocrx_word' id='word_1_702' title='bbox 2127 3887 2246 3925; x_wconf 70' lang='lat' dir='ltr'>suae</span> <span class='ocrx_word' id='word_1_703' title='bbox 2275 3869 2466 3941; x_wconf 85' lang='lat' dir='ltr'>gentis</span> <span class='ocrx_word' id='word_1_704' title='bbox 2498 3869 2739 3926; x_wconf 83' lang='lat' dir='ltr'>infamia</span> <span class='ocrx_word' id='word_1_705' title='bbox 2772 3873 2935 3942; x_wconf 90' lang='lat' dir='ltr'>prodi</span> <span class='ocrx_word' id='word_1_706' title='bbox 2961 3873 3032 3927; x_wconf 90' lang='lat' dir='ltr'>ab</span> <span class='ocrx_word' id='word_1_707' title='bbox 3055 3873 3200 3945; x_wconf 88' lang='lat' dir='ltr'>ipsis</span> <span class='ocrx_word' id='word_1_708' title='bbox 3225 3876 3474 3946; x_wconf 90' lang='lat' dir='ltr'>dedique</span> <span class='ocrx_word' id='word_1_709' title='bbox 3498 3877 3768 3935; x_wconf 83' lang='lat' dir='ltr'>hostibus</span> 
     </span>
    </p>
   </div>
   <div class='ocr_carea' id='block_1_97' title="bbox 2130 3959 3764 4034">
    <p class='ocr_par' dir='ltr' id='par_1_97' title="bbox 2130 3959 3764 4034">
     <span class='ocr_line' id='line_1_97' title="bbox 2130 3959 3764 4034; baseline 0.006 -22"><span class='ocrx_word' id='word_1_710' title='bbox 2130 3959 2668 4029; x_wconf 88' lang='lat' dir='ltr'>supplicem.lidem</span> <span class='ocrx_word' id='word_1_711' title='bbox 2702 3963 2919 4014; x_wconf 89' lang='lat' dir='ltr'>tamem</span> <span class='ocrx_word' id='word_1_712' title='bbox 2957 3963 3112 4014; x_wconf 85' lang='lat' dir='ltr'>anxii</span> <span class='ocrx_word' id='word_1_713' title='bbox 3143 3979 3340 4018; x_wconf 87' lang='lat' dir='ltr'>secum</span> <span class='ocrx_word' id='word_1_714' title='bbox 3365 3965 3764 4034; x_wconf 88' lang='lat' dir='ltr'>inquirebant:</span> 
     </span>
    </p>
   </div>
   <div class='ocr_carea' id='block_1_98' title="bbox 2130 4045 3769 4125">
    <p class='ocr_par' dir='ltr' id='par_1_98' title="bbox 2130 4045 3769 4125">
     <span class='ocr_line' id='line_1_98' title="bbox 2130 4045 3769 4125; baseline 0.005 -25"><span class='ocrx_word' id='word_1_715' title='bbox 2130 4047 2268 4117; x_wconf 90' lang='lat' dir='ltr'>quid</span> <span class='ocrx_word' id='word_1_716' title='bbox 2304 4045 2483 4117; x_wconf 86' lang='lat' dir='ltr'>igitur</span> <span class='ocrx_word' id='word_1_717' title='bbox 2513 4047 2824 4118; x_wconf 87' lang='lat' dir='ltr'>agendum?</span> <span class='ocrx_word' id='word_1_718' title='bbox 2847 4046 3050 4104; x_wconf 89' lang='lat' dir='ltr'>Utrum</span> <span class='ocrx_word' id='word_1_719' title='bbox 3085 4051 3467 4122; x_wconf 88' lang='lat' dir='ltr'>pugnandum</span> <span class='ocrx_word' id='word_1_720' title='bbox 3492 4069 3721 4125; x_wconf 86' lang='lat' dir='ltr'>semper</span> <span class='ocrx_word' id='word_1_721' title='bbox 3741 4053 3769 4109; x_wconf 85' lang='lat'><strong>?</strong></span> 
     </span>
    </p>
   </div>
   <div class='ocr_carea' id='block_1_99' title="bbox 2131 4134 3764 4211">
    <p class='ocr_par' dir='ltr' id='par_1_99' title="bbox 2131 4134 3764 4211">
     <span class='ocr_line' id='line_1_99' title="bbox 2131 4134 3764 4211; baseline 0.006 -23"><span class='ocrx_word' id='word_1_722' title='bbox 2131 4135 2191 4188; x_wconf 93' lang='lat' dir='ltr'>Id</span> <span class='ocrx_word' id='word_1_723' title='bbox 2219 4134 2434 4205; x_wconf 90' lang='lat' dir='ltr'>quippe</span> <span class='ocrx_word' id='word_1_724' title='bbox 2450 4135 2776 4192; x_wconf 90' lang='lat' dir='ltr'>necessario</span> <span class='ocrx_word' id='word_1_725' title='bbox 2800 4136 3160 4208; x_wconf 80' lang='lat' dir='ltr'>consequiex</span> <span class='ocrx_word' id='word_1_726' title='bbox 3183 4139 3478 4208; x_wconf 88' lang='lat' dir='ltr'>proposito</span> <span class='ocrx_word' id='word_1_727' title='bbox 3501 4157 3764 4211; x_wconf 88' lang='lat' dir='ltr'>perseve-</span> 
     </span>
    </p>
   </div>
   <div class='ocr_carea' id='block_1_100' title="bbox 2132 4223 3766 4300">
    <p class='ocr_par' dir='ltr' id='par_1_100' title="bbox 2132 4223 3766 4300">
     <span class='ocr_line' id='line_1_100' title="bbox 2132 4223 3766 4300; baseline 0.005 -24"><span class='ocrx_word' id='word_1_728' title='bbox 2132 4223 2299 4278; x_wconf 88' lang='lat' dir='ltr'>randi</span> <span class='ocrx_word' id='word_1_729' title='bbox 2332 4224 2401 4277; x_wconf 89' lang='lat' dir='ltr'>ad</span> <span class='ocrx_word' id='word_1_730' title='bbox 2437 4229 2763 4280; x_wconf 82' lang='lat' dir='ltr'>extremum</span> <span class='ocrx_word' id='word_1_731' title='bbox 2796 4225 2940 4282; x_wconf 73' lang='lat'>20]</span> <span class='ocrx_word' id='word_1_732' title='bbox 2974 4224 3034 4279; x_wconf 91' lang='lat' dir='ltr'>in</span> <span class='ocrx_word' id='word_1_733' title='bbox 3066 4225 3404 4283; x_wconf 80' lang='lat' dir='ltr'>defensione</span> <span class='ocrx_word' id='word_1_734' title='bbox 3427 4229 3766 4300; x_wconf 87' lang='lat' dir='ltr'>pueri.Nisi,</span> 
     </span>
    </p>
   </div>
   <div class='ocr_carea' id='block_1_101' title="bbox 2131 4312 3768 4388">
    <p class='ocr_par' dir='ltr' id='par_1_101' title="bbox 2131 4312 3768 4388">
     <span class='ocr_line' id='line_1_101' title="bbox 2131 4312 3768 4388; baseline 0.006 -24"><span class='ocrx_word' id='word_1_735' title='bbox 2131 4312 2283 4382; x_wconf 91' lang='lat' dir='ltr'>quod</span> <span class='ocrx_word' id='word_1_736' title='bbox 2317 4313 2537 4382; x_wconf 89' lang='lat' dir='ltr'>sperari</span> <span class='ocrx_word' id='word_1_737' title='bbox 2565 4329 2678 4367; x_wconf 93' lang='lat' dir='ltr'>non</span> <span class='ocrx_word' id='word_1_738' title='bbox 2714 4318 2938 4384; x_wconf 85' lang='lat' dir='ltr'>poterat</span> <span class='ocrx_word' id='word_1_739' title='bbox 2963 4330 3078 4368; x_wconf 90' lang='lat' dir='ltr'>una</span> <span class='ocrx_word' id='word_1_740' title='bbox 3111 4313 3224 4385; x_wconf 91' lang='lat' dir='ltr'>ipsi</span> <span class='ocrx_word' id='word_1_741' title='bbox 3253 4332 3358 4371; x_wconf 91' lang='lat' dir='ltr'>nec</span> <span class='ocrx_word' id='word_1_742' title='bbox 3389 4333 3603 4388; x_wconf 87' lang='lat' dir='ltr'>magna</span> <span class='ocrx_word' id='word_1_743' title='bbox 3622 4335 3768 4388; x_wconf 82' lang='lat' dir='ltr'>gens</span> 
     </span>
    </p>
   </div>
   <div class='ocr_carea' id='block_1_102' title="bbox 2131 4402 3767 4477">
    <p class='ocr_par' dir='ltr' id='par_1_102' title="bbox 2131 4402 3767 4477">
     <span class='ocr_line' id='line_1_102' title="bbox 2131 4402 3767 4477; baseline 0.006 -21"><span class='ocrx_word' id='word_1_744' title='bbox 2131 4402 2470 4458; x_wconf 88' lang='lat' dir='ltr'>universum</span> <span class='ocrx_word' id='word_1_745' title='bbox 2498 4403 2554 4456; x_wconf 83' lang='lat' dir='ltr'>in</span> <span class='ocrx_word' id='word_1_746' title='bbox 2589 4418 2651 4457; x_wconf 92' lang='lat' dir='ltr'>se</span> <span class='ocrx_word' id='word_1_747' title='bbox 2683 4405 3056 4474; x_wconf 88' lang='lat' dir='ltr'>conjuratum</span> <span class='ocrx_word' id='word_1_748' title='bbox 3091 4405 3402 4477; x_wconf 84' lang='lat' dir='ltr'>imperium</span> <span class='ocrx_word' id='word_1_749' title='bbox 3446 4408 3767 4475; x_wconf 83' lang='lat' dir='ltr'>vincerent,</span> 
     </span>
    </p>
   </div>
   <div class='ocr_carea' id='block_1_103' title="bbox 2132 4491 3770 4564">
    <p class='ocr_par' dir='ltr' id='par_1_103' title="bbox 2132 4491 3770 4564">
     <span class='ocr_line' id='line_1_103' title="bbox 2132 4491 3770 4564; baseline 0.003 -17"><span class='ocrx_word' id='word_1_750' title='bbox 2132 4509 2198 4547; x_wconf 89' lang='lat' dir='ltr'>ac</span> <span class='ocrx_word' id='word_1_751' title='bbox 2242 4509 2314 4546; x_wconf 89' lang='lat' dir='ltr'>ne</span> <span class='ocrx_word' id='word_1_752' title='bbox 2348 4491 2396 4546; x_wconf 90' lang='lat' dir='ltr'>i</span> <span class='ocrx_word' id='word_1_753' title='bbox 2447 4491 2685 4564; x_wconf 91' lang='lat' dir='ltr'>quidem</span> <span class='ocrx_word' id='word_1_754' title='bbox 2737 4500 2934 4562; x_wconf 89' lang='lat' dir='ltr'>posset</span> <span class='ocrx_word' id='word_1_755' title='bbox 2963 4495 3296 4564; x_wconf 90' lang='lat' dir='ltr'>succedere,</span> <span class='ocrx_word' id='word_1_756' title='bbox 3330 4499 3527 4551; x_wconf 89' lang='lat' dir='ltr'>tamen</span> <span class='ocrx_word' id='word_1_757' title='bbox 3558 4499 3770 4553; x_wconf 88' lang='lat' dir='ltr'>tentari</span> 
     </span>
    </p>
   </div>
   <div class='ocr_carea' id='block_1_104' title="bbox 2130 4579 3768 4641">
    <p class='ocr_par' dir='ltr' id='par_1_104' title="bbox 2130 4579 3768 4641">
     <span class='ocr_line' id='line_1_104' title="bbox 2130 4579 3768 4641; baseline 0.002 -5"><span class='ocrx_word' id='word_1_758' title='bbox 2130 4580 2486 4636; x_wconf 87' lang='lat' dir='ltr'>conveniret.</span> <span class='ocrx_word' id='word_1_759' title='bbox 2516 4579 2618 4635; x_wconf 89' lang='lat' dir='ltr'>Hic</span> <span class='ocrx_word' id='word_1_760' title='bbox 2645 4597 2775 4635; x_wconf 81' lang='lat' dir='ltr'>vere</span> <span class='ocrx_word' id='word_1_761' title='bbox 2807 4598 2938 4636; x_wconf 91' lang='lat' dir='ltr'>cum</span> <span class='ocrx_word' id='word_1_762' title='bbox 2971 4583 3041 4636; x_wconf 88' lang='lat' dir='ltr'>ad</span> <span class='ocrx_word' id='word_1_763' title='bbox 3076 4583 3308 4638; x_wconf 90' lang='lat' dir='ltr'>unicam</span> <span class='ocrx_word' id='word_1_764' title='bbox 3333 4585 3582 4640; x_wconf 89' lang='lat' dir='ltr'>oblatam</span> <span class='ocrx_word' id='word_1_765' title='bbox 3607 4603 3768 4641; x_wconf 76' lang='lat' dir='ltr'>com-</span> 
     </span>
    </p>
   </div>
   <div class='ocr_carea' id='block_1_105' title="bbox 2133 4666 3768 4740">
    <p class='ocr_par' dir='ltr' id='par_1_105' title="bbox 2133 4666 3768 4740">
     <span class='ocr_line' id='line_1_105' title="bbox 2133 4666 3768 4740; baseline 0.004 -18"><span class='ocrx_word' id='word_1_766' title='bbox 2133 4669 2411 4738; x_wconf 68' lang='lat' dir='ltr'>ponendae</span> <span class='ocrx_word' id='word_1_767' title='bbox 2437 4667 2594 4738; x_wconf 90' lang='lat' dir='ltr'>pacis</span> <span class='ocrx_word' id='word_1_768' title='bbox 2617 4666 2901 4723; x_wconf 88' lang='lat' dir='ltr'>rationem</span> <span class='ocrx_word' id='word_1_769' title='bbox 2927 4669 3253 4724; x_wconf 68' lang='lat' dir='ltr'>referebant</span> <span class='ocrx_word' id='word_1_770' title='bbox 3275 4670 3640 4740; x_wconf 88' lang='lat' dir='ltr'>animum,ad</span> <span class='ocrx_word' id='word_1_771' title='bbox 3668 4673 3768 4729; x_wconf 90' lang='lat' dir='ltr'>de-</span> 
     </span>
    </p>
   </div>
   <div class='ocr_carea' id='block_1_106' title="bbox 2133 4755 3768 4832">
    <p class='ocr_par' dir='ltr' id='par_1_106' title="bbox 2133 4755 3768 4832">
     <span class='ocr_line' id='line_1_106' title="bbox 2133 4755 3768 4832; baseline 0.004 -22"><span class='ocrx_word' id='word_1_772' title='bbox 2133 4755 2414 4810; x_wconf 88' lang='lat' dir='ltr'>ditionem</span> <span class='ocrx_word' id='word_1_773' title='bbox 2449 4773 2656 4828; x_wconf 89' lang='lat' dir='ltr'>nempe</span> <span class='ocrx_word' id='word_1_774' title='bbox 2691 4757 2853 4826; x_wconf 89' lang='lat' dir='ltr'>pueri</span> <span class='ocrx_word' id='word_1_775' title='bbox 2885 4756 3156 4827; x_wconf 87' lang='lat' dir='ltr'>hospitis,</span> <span class='ocrx_word' id='word_1_776' title='bbox 3178 4759 3768 4832; x_wconf 79' lang='lat' dir='ltr'>abhorrebantatquo</span> 
     </span>
    </p>
   </div>
   <div class='ocr_carea' id='block_1_107' title="bbox 2136 4843 3773 4921">
    <p class='ocr_par' dir='ltr' id='par_1_107' title="bbox 2136 4843 3773 4921">
     <span class='ocr_line' id='line_1_107' title="bbox 2136 4843 3773 4921; baseline 0.004 -22"><span class='ocrx_word' id='word_1_777' title='bbox 2136 4844 2583 4912; x_wconf 86' lang='lat' dir='ltr'>aversabantur,</span> <span class='ocrx_word' id='word_1_778' title='bbox 2634 4843 2950 4915; x_wconf 88' lang='lat' dir='ltr'>potiusque</span> <span class='ocrx_word' id='word_1_779' title='bbox 2995 4847 3437 4916; x_wconf 88' lang='lat' dir='ltr'>propendebant</span> <span class='ocrx_word' id='word_1_780' title='bbox 3465 4849 3524 4904; x_wconf 92' lang='lat' dir='ltr'>in</span> <span class='ocrx_word' id='word_1_781' title='bbox 3558 4866 3773 4921; x_wconf 87' lang='lat' dir='ltr'>anceps</span> 
     </span>
    </p>
   </div>
   <div class='ocr_carea' id='block_1_108' title="bbox 2131 4931 3774 5008">
    <p class='ocr_par' dir='ltr' id='par_1_108' title="bbox 2131 4931 3774 5008">
     <span class='ocr_line' id='line_1_108' title="bbox 2131 4931 3774 5008; baseline 0.004 -22"><span class='ocrx_word' id='word_1_782' title='bbox 2131 4933 2593 5001; x_wconf 88' lang='lat' dir='ltr'>damnosumque</span> <span class='ocrx_word' id='word_1_783' title='bbox 2615 4931 2928 4987; x_wconf 86' lang='lat' dir='ltr'>consilium</span> <span class='ocrx_word' id='word_1_784' title='bbox 2949 4932 3203 4988; x_wconf 90' lang='lat' dir='ltr'>bellandi</span> <span class='ocrx_word' id='word_1_785' title='bbox 3235 4936 3305 4990; x_wconf 89' lang='lat' dir='ltr'>ad</span> <span class='ocrx_word' id='word_1_786' title='bbox 3324 4945 3648 4992; x_wconf 85' lang='lat' dir='ltr'>extremum</span> <span class='ocrx_word' id='word_1_787' title='bbox 3673 4955 3774 5008; x_wconf 88' lang='lat' dir='ltr'>pc-</span> 
     </span>
    </p>
   </div>
   <div class='ocr_carea' id='block_1_109' title="bbox 2132 5022 3774 5096">
    <p class='ocr_par' dir='ltr' id='par_1_109' title="bbox 2132 5022 3774 5096">
     <span class='ocr_line' id='line_1_109' title="bbox 2132 5022 3774 5096; baseline 0.005 -21"><span class='ocrx_word' id='word_1_788' title='bbox 2132 5022 2324 5077; x_wconf 89' lang='lat' dir='ltr'>riculo</span> <span class='ocrx_word' id='word_1_789' title='bbox 2359 5037 2729 5093; x_wconf 90' lang='lat' dir='ltr'>quocunque.</span> <span class='ocrx_word' id='word_1_790' title='bbox 2765 5025 2918 5077; x_wconf 83' lang='lat' dir='ltr'>Inter</span> <span class='ocrx_word' id='word_1_791' title='bbox 2944 5022 3051 5078; x_wconf 88' lang='lat' dir='ltr'>hos</span> <span class='ocrx_word' id='word_1_792' title='bbox 3085 5024 3400 5082; x_wconf 89' lang='lat' dir='ltr'>multorum</span> <span class='ocrx_word' id='word_1_793' title='bbox 3435 5032 3774 5096; x_wconf 72' lang='lat' dir='ltr'>testus,cum</span> 
     </span>
    </p>
   </div>
   <div class='ocr_carea' id='block_1_110' title="bbox 2131 5109 3773 5181">
    <p class='ocr_par' dir='ltr' id='par_1_110' title="bbox 2131 5109 3773 5181">
     <span class='ocr_line' id='line_1_110' title="bbox 2131 5109 3773 5181; baseline 0.005 -18"><span class='ocrx_word' id='word_1_794' title='bbox 2131 5109 2304 5181; x_wconf 86' lang='lat' dir='ltr'>longa</span> <span class='ocrx_word' id='word_1_795' title='bbox 2323 5109 2661 5181; x_wconf 87' lang='lat' dir='ltr'>perplexaru</span> <span class='ocrx_word' id='word_1_796' title='bbox 2674 5128 2727 5165; x_wconf 91' lang='lat' dir='ltr'>m</span> <span class='ocrx_word' id='word_1_797' title='bbox 2743 5110 3230 5168; x_wconf 85' lang='lat' dir='ltr'>deliberationum</span> <span class='ocrx_word' id='word_1_798' title='bbox 3247 5131 3410 5170; x_wconf 90' lang='lat' dir='ltr'>mora</span> <span class='ocrx_word' id='word_1_799' title='bbox 3426 5116 3566 5171; x_wconf 90' lang='lat' dir='ltr'>certi</span> <span class='ocrx_word' id='word_1_800' title='bbox 3581 5118 3773 5172; x_wconf 89' lang='lat' dir='ltr'>consi-</span> 
     </span>
    </p>
   </div>
   <div class='ocr_carea' id='block_1_111' title="bbox 2132 5199 3769 5271">
    <p class='ocr_par' dir='ltr' id='par_1_111' title="bbox 2132 5199 3769 5271">
     <span class='ocr_line' id='line_1_111' title="bbox 2132 5199 3769 5271; baseline 0.005 -18"><span class='ocrx_word' id='word_1_801' title='bbox 2132 5199 2192 5253; x_wconf 89' lang='lat' dir='ltr'>lii</span> <span class='ocrx_word' id='word_1_802' title='bbox 2221 5199 2364 5254; x_wconf 89' lang='lat' dir='ltr'>nihil</span> <span class='ocrx_word' id='word_1_803' title='bbox 2387 5201 2782 5270; x_wconf 85' lang='lat' dir='ltr'>expediretur,</span> <span class='ocrx_word' id='word_1_804' title='bbox 2811 5217 2999 5256; x_wconf 70' lang='lat' dir='ltr'>caecus</span> <span class='ocrx_word' id='word_1_805' title='bbox 3022 5202 3449 5271; x_wconf 83' lang='lat' dir='ltr'>advena,causa</span> <span class='ocrx_word' id='word_1_806' title='bbox 3471 5210 3769 5261; x_wconf 89' lang='lat' dir='ltr'>tantorum</span> 
     </span>
    </p>
   </div>
   <div class='ocr_carea' id='block_1_112' title="bbox 2137 5289 3773 5363">
    <p class='ocr_par' dir='ltr' id='par_1_112' title="bbox 2137 5289 3773 5363">
     <span class='ocr_line' id='line_1_112' title="bbox 2137 5289 3773 5363; baseline 0.003 -20"><span class='ocrx_word' id='word_1_807' title='bbox 2137 5292 2428 5356; x_wconf 88' lang='lat' dir='ltr'>motuum,</span> <span class='ocrx_word' id='word_1_808' title='bbox 2463 5289 2756 5344; x_wconf 88' lang='lat' dir='ltr'>dimissus</span> <span class='ocrx_word' id='word_1_809' title='bbox 2809 5291 2880 5345; x_wconf 89' lang='lat' dir='ltr'>ad</span> <span class='ocrx_word' id='word_1_810' title='bbox 2915 5294 3122 5344; x_wconf 89' lang='lat' dir='ltr'>Persas</span> <span class='ocrx_word' id='word_1_811' title='bbox 3163 5291 3329 5363; x_wconf 74' lang='lat' dir='ltr'>fugit.</span> <span class='ocrx_word' id='word_1_812' title='bbox 3365 5292 3471 5358; x_wconf 87' lang='lat' dir='ltr'>Qui</span> <span class='ocrx_word' id='word_1_813' title='bbox 3503 5310 3673 5363; x_wconf 92' lang='lat' dir='ltr'>porro</span> <span class='ocrx_word' id='word_1_814' title='bbox 3706 5300 3773 5350; x_wconf 75' lang='lat' dir='ltr'>ex</span> 
     </span>
    </p>
   </div>
   <div class='ocr_carea' id='block_1_113' title="bbox 2134 5377 3773 5448">
    <p class='ocr_par' dir='ltr' id='par_1_113' title="bbox 2134 5377 3773 5448">
     <span class='ocr_line' id='line_1_113' title="bbox 2134 5377 3773 5448; baseline 0.003 -16"><span class='ocrx_word' id='word_1_815' title='bbox 2134 5377 2432 5433; x_wconf 88' lang='lat' dir='ltr'>montanis</span> <span class='ocrx_word' id='word_1_816' title='bbox 2493 5379 2706 5448; x_wconf 89' lang='lat' dir='ltr'>pacisci</span> <span class='ocrx_word' id='word_1_817' title='bbox 2768 5394 2900 5433; x_wconf 92' lang='lat' dir='ltr'>cum</span> <span class='ocrx_word' id='word_1_818' title='bbox 2933 5379 3151 5434; x_wconf 87' lang='lat' dir='ltr'>nostris</span> <span class='ocrx_word' id='word_1_819' title='bbox 3183 5385 3240 5434; x_wconf 89' lang='lat' dir='ltr'>et</span> <span class='ocrx_word' id='word_1_820' title='bbox 3269 5397 3480 5436; x_wconf 87' lang='lat' dir='ltr'>arcano</span> <span class='ocrx_word' id='word_1_821' title='bbox 3521 5386 3773 5438; x_wconf 87' lang='lat' dir='ltr'>tractare</span> 
     </span>
    </p>
   </div>
   <div class='ocr_carea' id='block_1_114' title="bbox 2133 5468 3772 5542">
    <p class='ocr_par' dir='ltr' id='par_1_114' title="bbox 2133 5468 3772 5542">
     <span class='ocr_line' id='line_1_114' title="bbox 2133 5468 3772 5542; baseline 0.004 -20"><span class='ocrx_word' id='word_1_822' title='bbox 2133 5468 2352 5522; x_wconf 89' lang='lat' dir='ltr'>dudum</span> <span class='ocrx_word' id='word_1_823' title='bbox 2389 5474 2704 5538; x_wconf 66' lang='lat' dir='ltr'>coeperant,</span> <span class='ocrx_word' id='word_1_824' title='bbox 2737 5469 2774 5523; x_wconf 90' lang='lat' dir='ltr'>ii</span> <span class='ocrx_word' id='word_1_825' title='bbox 2808 5468 3124 5538; x_wconf 76' lang='lat' dir='ltr'>fcedusjam</span> <span class='ocrx_word' id='word_1_826' title='bbox 3142 5468 3335 5539; x_wconf 85' lang='lat' dir='ltr'>palam</span> <span class='ocrx_word' id='word_1_827' title='bbox 3357 5469 3772 5542; x_wconf 87' lang='lat' dir='ltr'>icerunt,rece-</span> 
     </span>
    </p>
   </div>
   <div class='ocr_carea' id='block_1_115' title="bbox 2135 5556 3774 5628">
    <p class='ocr_par' dir='ltr' id='par_1_115' title="bbox 2135 5556 3774 5628">
     <span class='ocr_line' id='line_1_115' title="bbox 2135 5556 3774 5628; baseline 0.003 -17"><span class='ocrx_word' id='word_1_828' title='bbox 2135 5556 2335 5628; x_wconf 91' lang='lat' dir='ltr'>ptique</span> <span class='ocrx_word' id='word_1_829' title='bbox 2365 5556 2424 5610; x_wconf 93' lang='lat' dir='ltr'>in</span> <span class='ocrx_word' id='word_1_830' title='bbox 2457 5557 2730 5627; x_wconf 88' lang='lat' dir='ltr'>gratiam,</span> <span class='ocrx_word' id='word_1_831' title='bbox 2764 5573 2895 5612; x_wconf 93' lang='lat' dir='ltr'>cum</span> <span class='ocrx_word' id='word_1_832' title='bbox 2923 5560 3139 5624; x_wconf 90' lang='lat' dir='ltr'>essent,</span> <span class='ocrx_word' id='word_1_833' title='bbox 3173 5562 3237 5611; x_wconf 89' lang='lat' dir='ltr'>ut</span> <span class='ocrx_word' id='word_1_834' title='bbox 3261 5557 3402 5626; x_wconf 83' lang='lat' dir='ltr'>dixi,</span> <span class='ocrx_word' id='word_1_835' title='bbox 3437 5563 3495 5614; x_wconf 89' lang='lat' dir='ltr'>et</span> <span class='ocrx_word' id='word_1_836' title='bbox 3527 5560 3692 5616; x_wconf 91' lang='lat' dir='ltr'>multi</span> <span class='ocrx_word' id='word_1_837' title='bbox 3717 5564 3774 5616; x_wconf 89' lang='lat' dir='ltr'>et</span> 
     </span>
    </p>
   </div>
   <div class='ocr_carea' id='block_1_116' title="bbox 2133 5642 3774 5718">
    <p class='ocr_par' dir='ltr' id='par_1_116' title="bbox 2133 5642 3774 5718">
     <span class='ocr_line' id='line_1_116' title="bbox 2133 5642 3774 5718; baseline 0.002 -18"><span class='ocrx_word' id='word_1_838' title='bbox 2133 5644 2412 5718; x_wconf 66' lang='lat' dir='ltr'>praecipui</span> <span class='ocrx_word' id='word_1_839' title='bbox 2446 5649 2883 5712; x_wconf 88' lang='lat' dir='ltr'>montanorum,</span> <span class='ocrx_word' id='word_1_840' title='bbox 2915 5642 3170 5714; x_wconf 88' lang='lat' dir='ltr'>reliquos</span> <span class='ocrx_word' id='word_1_841' title='bbox 3202 5645 3560 5706; x_wconf 81' lang='lat' dir='ltr'>inﬁrmiores</span> <span class='ocrx_word' id='word_1_842' title='bbox 3613 5647 3774 5705; x_wconf 89' lang='lat' dir='ltr'>illius</span> 
     </span>
    </p>
   </div>
  </div>
