4162 6292
462 374 568 429 643

1755 366 2055 421 GEORGII
2100 366 2558 421 PACHYMERE

3739 369 3840 425 644

460 499 696 557 ἐκείνους
728 494 1104 568 ἡμερωθέντες
1134 496 1250 551 τοῖς
1291 487 1485 551 ἄλλοις
1532 492 1710 549 κακῶς
1755 486 1844 541 καὶ
1877 487 2099 556 ἀπηνῶς
2131 490 2183 555 Α
2212 488 2300 540 καὶ
2356 490 2383 542 6
2441 487 2705 559 ἀδικήσας
2763 487 3057 563 κερδαίνειν
3133 487 3278 560 δόξοι
3341 490 3682 564 ἀνεχομένης
3748 500 3843 562 τῆς

464 584 881 660 προσεφέροντο,
931 581 1019 635 καὶ
1068 578 1413 653 προσετίμων
1466 576 1685 649 ζημίαις
1730 577 1793 629 οὐ
1838 579 2100 650 φορηταῖς

461 674 549 728 καί
588 672 822 743 μείζοσιν
857 670 890 738 ἢ
925 669 1051 723 ὥστ’
1103 669 1329 741 ἐνεγκεῖν
1383 665 1635 726 ἐκείνους.
1668 666 1744 721 Τὸ
1776 662 1821 717 δ’
1854 662 2095 717 ἐλαύνειν

384 758 387 761 λ
462 762 660 823 ἐκεῖθεν
706 759 1074 834 ἐξορίζοντας,
1142 753 1365 827 ἅσμενοι
1434 752 1491 806 ἂν
1562 753 1635 814 ε’ς
1678 751 1943 824 τιμωρίαν
2000 770 2095 821 με-

457 849 643 923 γίστην
704 848 1026 921 πράξοντες,
1082 846 1234 916 ὅμως
1292 840 1602 896 ἐκωλύοντο
1673 846 1967 914 πράττειν,
2019 838 2094 909 μή

458 938 667 997 καὶτὰς
715 934 879 1010 ἄκρας
922 934 1160 1006 ἐρημοῦν
1217 929 1424 1005 ἀνδρῶν
1466 930 1561 993 τάς
1608 930 1781 1001 ὁρμὰς
1820 932 1927 982 τῶν
1962 933 2095 999 Περ-

464 1030 567 1079 σῶν
620 1025 831 1098 ἀνέχειν
894 1021 1220 1093 δυναμένων.
1281 1022 1460 1075 Ταῦτα
1533 1017 1640 1093 ἕρῖ
1688 1018 1814 1078 τοὺς
1859 1019 2095 1090 Τρικοιι-

460 1116 661 1174 κιώτας
719 1113 807 1166 καὶ
857 1110 980 1172 τοὺς
1044 1114 1139 1165 τοῦ
1195 1112 1353 1183 ζυγοῦ
1411 1104 1828 1180 διαπραξάμενοι
1888 1103 2093 1177 ἀνεχώ-

462 1223 586 1276 ρουν
621 1201 703 1255 ἐπ’
736 1198 897 1254 οἷ’κων
911 1242 925 1256 .

460 1307 542 1363 ιδ’.
578 1310 763 1366 Ὅπως
796 1305 1009 1379 γιετέθη
1044 1306 1070 1357 6
1093 1304 1438 1391 rr‘artpnia'tplqc
1476 1302 1660 1391 pugni»:
1690 1298 1757 1354 τὰ
1788 1294 2089 1371 συμϐάντα,

789 1374 876 1431 καὶ
911 1378 1056 1437 ὅπως
1085 1376 1176 1428 τὸν
1216 1374 1437 1449 βασιλέα
1466 1374 1754 1451 ἀφώρισεν.

524 1468 593 1520 Τὸ
630 1465 807 1537 μέντοι
842 1466 962 1539 περὶ
1013 1466 1103 1519 τὸν
1155 1460 1322 1517 παῖδα
1363 1462 1617 1531 Ἰωάννην
1670 1454 1901 1532 συμϐὰν,
1939 1458 2091 1532 μεγι-

455 1576 578 1609 στον
629 1553 685 1607 ὃν
728 1554 762 1623 ἦ
799 1553 933 1607 ὥστε
990 1547 1280 1626 κρυϐῆναι,
1315 1548 1575 1604 ἔκπυστον
1629 1548 1818 1624 γέγονε
1869 1546 1955 1599 καὶ
2008 1550 2087 1615 τῷ

452 1643 782 1717 πατριάρχῃ.
832 1643 893 1698 Ὁ
945 1638 988 1693 δ’
1040 1640 1269 1699 ἆκοῦσας
1327 1637 1377 1691 ἐν
1439 1635 1593 1707 δεινῷ
1647 1635 1803 1697 ἐτίθει
1850 1635 1947 1701 τήν
1996 1633 2088 1707 ἆγ-

450 1731 659 1806 γελίαν,
690 1729 779 1783 καὶ
815 1729 911 1782 οὐκ
951 1730 1096 1801 εἶχεν
1132 1728 1161 1780 ὅ
1191 1747 1241 1779 τι
1272 1725 1360 1779 καὶ
1392 1725 1606 1798 πράξοι,
1658 1720 1781 1776 οὐδὲ
1831 1722 2086 1781 καθεκτὸς

2213 572 2388 645 δίκης.
2444 602 2471 627 ‹‹
2506 578 2579 633 Τὸ
2636 582 2764 651 γοῦν
2826 577 2875 648 ἐξ
2929 580 3113 650 ἡμῶν,
3147 603 3175 630 ι(
3210 574 3335 651 ἔφη,
3396 577 3454 631 ἂν
3514 577 3689 649 ἐκείνη
3748 602 3843 634 πε·-

2212 662 2487 737 ρίαργοίη,
2521 662 2726 719 δίκαιον
2768 666 3027 741 γίνεσθαι,
3079 667 3151 728 ὡς
3211 664 3268 719 ἂν
3326 670 3405 737 τῷ
3462 667 3582 737 περὶ
3644 667 3841 723 τούτων

2211 754 2525 826 ἀγανακτεῖν
2582 755 2945 826 μισοπόνηροι
3002 754 3263 826 δόξωμεν.
3299 778 3327 805 ››
3384 759 3562 809 Ταῦτα
3624 759 3684 828 [Ρ
3726 760 3837 831 135]

2207 845 2307 895 τοῦ
2363 841 2706 917 πατριάρχου
2766 842 3017 916 λὲγοντος
3085 843 3403 917 ἀπήχθοντο
3465 845 3559 915 μὲν
3621 846 3671 898 οἱ
3719 849 3834 920 περὶ

2208 930 2409 984 ἐκεῖνον
2472 929 2716 992 ἐκτόπως
2772 932 2861 985 καὶ
2920 932 3250 1005 άπεστῦγουν
3318 933 3384 985 τά
3442 935 3837 1007 παπραγμένα,

2208 1018 2266 1071 τὸ
2299 1015 2355 1071 δὲ
2381 1024 2481 1071 πᾶν
2538 1016 2621 1072 ἐπ’
2677 1019 2863 1091 ἐκείνῳ
2916 1025 3123 1081 κεῖσθαι
3184 1016 3581 1092 διωμολόγουν,
3631 1020 3706 1080 ὡς
3752 1022 3837 1074 καὶ

2210 1106 2385 1159 αὐτῶν
2449 1106 2749 1178 ἑψομένων,
2783 1105 2834 1160 εἶ’
2879 1128 2929 1160 τι
2984 1105 3045 1161 ἂν
3090 1105 3276 1179 ἐκείνῳ
3323 1108 3411 1160 καὶ
3466 1104 3636 1177 δόξοι.
3686 1109 3745 1165 Ὀ
3786 1107 3840 1163 δὲ

2207 1194 2381 1267 ὅρκων
2443 1194 2658 1249 ἐκείνων
2714 1196 3134 1265 καταστενάξας,
3201 1194 3289 1249 καὶ
3369 1196 3625 1267 μνησθεὶς
3691 1198 3835 1260 ὅπως

2206 1280 2528 1356 ἐμπεδοῖντο
2559 1284 2646 1337 καὶ
2688 1282 2854 1337 ἄλλοι
2917 1285 2991 1356 μὴ
3043 1284 3150 1338 οἶοί
3195 1305 3252 1338 τε
3307 1284 3559 1359 πράττειν
3591 1285 3657 1339 τὰ
3687 1286 3835 1358 ὁμωο

2208 1372 2475 1443 μοσμένα,
2512 1372 2671 1432 αὐτὸς
2716 1371 2777 1425 τὸ
2809 1371 2883 1432 εἷς
2914 1373 3113 1426 ἐκεῖνον
3147 1372 3279 1440 ἧκον
3322 1377 3499 1426 ποιεῖν
3546 1371 3831 1447 ἀνεδέχετο

2207 1459 2389 1531 μόνος.
2425 1459 2575 1527 Πλὴν
2644 1459 2704 1513 οὐ
2760 1464 3087 1531 σωματικῶς
3144 1462 3389 1536 σφάττειν
3446 1462 3633 1533 ᾑρεῖτο
3693 1459 3837 1532 (οὐδὲ

2200 1548 2299 1622 γὰρ
2360 1547 2547 1620 ἄξιον)’
2610 1546 2731 1602 ὅσον
2785 1545 2830 1601 δ’
2877 1549 2977 1616 ἧκε
3004 1548 3141 1602 κατὰ
3195 1549 3378 1622 ψυχὴν
3433 1550 3704 1623 πράττειν,
3735 1550 3833 1603 οὐκ

2204 1636 2512 1711 ἐρῥᾳούμει.
2566 1638 2642 1693 Τὸ
2675 1635 2720 1690 δ’
2749 1638 2814 1705 ἦν
2849 1636 3063 1697 πάντως
3117 1635 3247 1711 ὅπερ
3294 1634 3383 1690 διὰ
3410 1640 3507 1701 τῆς
3559 1638 3828 1712 μαχαίρας

2199 1730 2295 1780 τοῦ
2343 1725 2648 1796 πνεύματος
2697 1725 2918 1799 γίνεται,
2953 1726 2982 1778 δ
3011 1723 3118 1778 ἐστι
3156 1725 3307 1799 ῥῆμα
3354 1730 3509 1779 Θεοῦ⁴
3565 1726 3639 1787 ὡς
3689 1724 3828 1780 διαι-

450 1821 516 1888 ἦν
547 1818 754 1875 ἀλῦωνο
798 1818 928 1873 Εἶτα
983 1817 1057 1889 μὴ
1088 1814 1269 1889 κρίνας
1299 1811 1554 1887 ἀσφαλῶς
1588 1812 1761 1881 ἒαυτῷ
1791 1810 1876 1863 ἐπὶ
1904 1808 2084 1862 τοιαῦ-
2116 1822 2161 1883 Β
2198 1821 2313 1888 μεῖν
2347 1816 2436 1868 τὸν
2467 1812 2608 1882 ἄξιον
2637 1812 2725 1867 καὶ
2770 1813 2859 1867 τὸν
2908 1813 3139 1885 ἀνάξιον,
3172 1814 3257 1867 καὶ
3291 1814 3383 1867 τὸν
3418 1814 3512 1886 μὲν
3563 1813 3828 1889 εὐλογεῖν,

449 1928 568 1967 ταις
622 1906 840 1980 πράξεσι
894 1908 1098 1973 σιωπᾷν
1140 1902 1228 1956 καὶ
1287 1904 1362 1973 μὴ
1407 1900 1664 1969 ἐπεξιέναι
1723 1897 2079 1969 ἐπιτιμῶντα,

446 1972 955 2070 προσκαλεσάμενος
1015 1991 1140 2052 τοὺς
1215 1992 1337 2061 περὶ
1400 1989 1563 2043 αὐτου
1632 1988 1935 2063 ίεράρχας,
1992 1986 2081 2039 καὶ

448 2081 595 2138 δεινὰ
629 2081 953 2157 σχετλιάσας
1014 2081 1075 2133 τὸ
1117 2084 1334 2154 πρῶτον
1384 2079 1456 2139 ὡς
1507 2078 1846 2151 χλευασῦεἲς,
1878 2075 1966 2128 καὶ
2000 2074 2080 2128 ὅτι

443 2172 605 2243 νόμοι
636 2174 1060 2247 καταφρονοῖντο
1101 2171 1234 2222 Θεοῦ
1285 2164 1374 2221 διὰ
1413 2173 1513 2234 τῆς
1555 2170 1662 2219 τῶν
1705 2163 1881 2238 ὅρκων
1909 2183 2080 2236 παρα-

444 2256 632 2321 ϐασίας
686 2258 1215 2332 ὑπεραγανακτήσας,
1258 2254 1419 2315 τέλος
1470 2255 1519 2306 τί
1576 2250 1657 2307 δεῖ
1701 2256 1874 2305 ποιεῖν
1922 2272 2079 2305 κατε-

446 2349 729 2417 σκέπτετο,
778 2346 851 2407 ὡς
915 2346 989 2417 μὴ
1046 2340 1241 2417 ψεῦδος
1289 2339 1547 2411 ἀληθείας
1604 2341 2079 2415 κατακαυχήσαιτο

450 2547 640 2621 gentis
672 2549 766 2601 ira:
792 2546 1193 2601 ministrorum
1221 2543 1595 2614 imperatoris
1614 2541 2082 2611 objecerunt;qui

450 2653 548 2691 eos
580 2636 784 2690 acerbe
815 2634 1249 2703 crudeliterque
1279 2629 1906 2700 vexarunt,spoliantes
1927 2628 2080 2683 into-

452 2724 767 2779 lerabiliter
795 2723 1125 2789 miseros,et
1150 2720 1348 2774 multa:
1380 2720 1893 2775 nominesummas
1915 2719 1983 2771 ab
2009 2718 2080 2772 iis

446 2812 702 2884 pecunia:
718 2812 967 2879 majores
981 2813 1394 2879 extorquentes
1418 2824 1593 2878 quam
1620 2822 1866 2877 quas,ne
1889 2805 2080 2859 vendi-

446 2902 781 2971 tis'quidem
811 2916 937 2969 qum
972 2898 1265 2951 habebant
1292 2896 1602 2965 universis,
1640 2900 1876 2966 possent
1906 2893 2081 2948 confi-

445 3006 591 3045 cere.
625 2990 736 3043 Nec
772 2988 885 3041 ulla
922 2986 1325 3057 imperatorios
1360 2983 1755 3039 misericordia
1786 2982 1974 3035 tenuit
2005 2982 2077 3034 ab

443 3079 515 3133 iis
572 3076 1037 3131 exterminandis
1088 3078 1145 3127 et
1179 3073 1559 3126 exturbandis
1609 3072 1746 3133 sede
1799 3069 1985 3139 patria
2016 3069 2075 3123 in

443 3166 723 3220 ultionem
785 3163 1115 3217 rebellionis
1152 3177 1165 3214 :
1200 3163 1299 3214 sed
1360 3161 1431 3213 ab
1464 3177 1529 3213 eo
1561 3158 1801 3213 consilio
1849 3157 1949 3211 illa
1978 3174 2075 3211 eos

440 3270 578 3307 cura
624 3250 926 3313 revocavit,
960 3250 1111 3319 quod
1163 3247 1541 3317 providebant
1575 3247 1690 3301 fore
1724 3250 1785 3299 ut
1816 3246 1905 3299 his
1939 3245 2074 3298 inde

2189 1905 2277 1958 τὸν
2330 1901 2377 1956 δ’
2430 1901 2723 1972 ἐκπέμπειν
2771 1904 2868 1968 τῆς
2921 1898 3247 1973 ὁλομελείας
3290 1905 3387 1956 τοῦ
3438 1902 3689 1975 σώματος
3730 1908 3825 1959 τοῦ

2190 1992 2443 2062 Χριστου.
2506 1991 2684 2045 Ταῦτα
2731 1990 2926 2057 στήσας.
2975 1989 3094 2051 καθ’
3145 1988 3352 2055 ἑαυτὸν,
3382 1992 3488 2042 τῶν
3536 1986 3718 2043 ἄλλων
3746 1994 3826 2060 τῷ

2196 2078 2288 2149 μὲν
2323 2074 2515 2147 δικαίῳ
2559 2073 2992 2147 δυσωπουμένων
3025 2076 3103 2146 τῷ
3153 2072 3209 2129 δὲ
3262 2070 3480 2151 φοϐερῷ
3530 2076 3824 2131 συστελλο-

2193 2164 2366 2237 μὲνων
2404 2208 2416 2232 ,
2475 2166 2549 2236 μή
2609 2166 2695 2218 καὶ
2750 2161 3085 2239 ἀνεδέστερον
3143 2164 3551 2238 ἀπεργάσαιντο,
3611 2166 3828 2237 πεμψας

2193 2254 2395 2316 ἐκεῖνος
2438 2254 2549 2325 ἅμα
2595 2273 2651 2306 τε
2699 2250 2916 2328 ἐλέγχει
2962 2247 3301 2321 ἆσεϐτξσαντα
3348 2252 3435 2307 καὶ
3465 2254 3560 2326 ἅμ’
3588 2251 3822 2331 ἐπιφέρει

2188 2342 2284 2409 τὴν
2330 2345 2425 2395 τοῦ
2472 2340 2779 2413 πνεύματος
2828 2341 3005 2413 τομὴν
3056 2339 3148 2394 τὸν
3198 2340 3519 2415 ἀφορισμόν.
3568 2339 3822 2396 Ἐνταῧθά

2193 2559 2346 2607 mus,
2408 2543 2507 2597 sed
2569 2543 2774 2597 saltem
2844 2544 3341 2599 demonstratione
3380 2542 3577 2613 aliqua
3603 2542 3822 2613 insigni

2191 2632 2409 2686 mundo
2441 2635 2497 2685 et
2530 2631 2777 2701 posteris
2799 2632 3001 2685 testari
3022 2649 3133 2687 non
3158 2647 3297 2687 sane
3321 2630 3703 2703 probantibus
3725 2636 3823 2687 aut

2188 2719 2573 2773 tolerantibus
2606 2719 2772 2773 nobis
2805 2724 2863 2773 at
2893 2719 3266 2775 vehementer
3295 2719 3739 2789 indignantibus
3768 2724 3822 2775 et

2190 2808 2765 2875 detestantibus,tam
2796 2814 2956 2863 atrox
2979 2809 3169 2864 scelus
3190 2810 3370 2864 fuisse
3393 2813 3815 2880 perpetratum.

2188 2896 2345 2951 Talia
2376 2896 2649 2968 loquente
2682 2896 3010 2967 patriarcha
3032 2897 3454 2952 exhorruerunt
3484 2898 3553 2950 ad
3577 2897 3822 2951 mentio-

2188 3001 2316 3039 nem
2380 2985 2639 3039 fanaticas
2689 2984 3050 3039 crudelitatis
3082 2986 3179 3055 qui
3216 2986 3455 3039 aderant
3498 2985 3816 3049 antistites,

2187 3072 2462 3143 nulloque
2478 3090 2587 3128 non
2610 3072 2774 3145 signo
2799 3072 3169 3127 declararunt
3192 3073 3516 3127 abominari
3535 3089 3661 3128 sese
3684 3074 3821 3128 totis

2186 3162 2399 3216 animis
2433 3162 2659 3216 facinus
2679 3163 2819 3216 adeo
2852 3162 3223 3215 exsecrabile.
3258 3163 3683 3231 Adjunxerunt,
3717 3162 3819 3215 de-

2185 3255 2442 3304 cerneret
2470 3251 2621 3319 quod
2655 3249 2755 3304 tali
2787 3249 3086 3305 occasione
3119 3250 3205 3304 fas
3236 3253 3291 3304 et
3317 3266 3545 3320 aequum
3583 3264 3817 3319 poscere

443 3342 626 3411 pulsis
660 3357 827 3395 nemo
850 3307 1286 3407 jam‘esset‘qui
1315 3339 1459 3407 juga
1486 3336 1606 3399 illa,
1638 3332 2072 3405 propugnacula
2103 3307 2145 3373 Ο
2187 3343 2416 3409 putaret
2452 3307 2977 3408 :lcomprobaturos
3019 3353 3145 3392 sese
3167 3354 3231 3392 ac
3266 3355 3366 3407 pro
3383 3307 3550 3392 ‘virili
3582 3307 3814 3392 secutu-

444 3429 689 3484 Romani
724 3428 944 3492 limitis,
980 3444 1011 3480 a
1044 3427 1345 3479 Persarum
1378 3425 1612 3479 assidue
1646 3423 1759 3477 illis
1810 3424 2073 3494 partibus

440 3516 849 3571 insidiantium
885 3515 1197 3581 crebroque
1232 3512 1680 3582 irrumpentium
1723 3510 2072 3566 incursioni-

442 3608 551 3659 bus
586 3608 705 3658 tuta
733 3602 1165 3674 praestaretﬂis
1188 3602 1340 3655 circa
1367 3601 1754 3655 Tricocciotas
1776 3606 1827 3655 et
1857 3604 2075 3655 monta-

442 3710 549 3749 nos
586 3693 766 3763 gestis
801 3692 1073 3746 Romanis
1105 3691 1281 3760 copiae
1313 3691 1550 3745 domum
1586 3694 1964 3745 reverterunt.

456 3800 540 3853 14.
580 3800 641 3855 Ut
691 3800 913 3868 a/feclus
942 3799 1113 3865 fuerit
1144 3796 1459 3867 patriarcha
1490 3796 1679 3851 audita
1718 3797 2074 3850 excaicaliane

532 3872 785 3933 Joannis,
811 3878 855 3924 et
893 3878 948 3923 ut
991 3869 1375 3938 imperatorem
1408 3868 1981 3923 cxcommum’caverit.

510 3960 790 4014 Caeterum
827 3958 978 4029 quod
1018 3974 1193 4027 puero
1213 3955 1427 4012 Joanni
1453 3954 1941 4023 evenerat,majus
1966 3953 2073 4007 uti-

448 4062 559 4117 que
587 4052 757 4117 atque
790 4046 1042 4101 atrocius
1075 4062 1251 4116 quam
1288 4051 1349 4099 ut
1379 4044 1553 4099 taceri
1588 4044 1875 4115 posset,ad
1901 4058 2073 4097 aures

448 4135 793 4205 patriarchae
844 4151 1077 4205 quoque
1135 4135 1419 4203 perlatum
1453 4134 1605 4188 ποτ
1655 4138 1761 4186 est.
1798 4134 1851 4185 Is
1903 4148 2073 4202 porro

440 4224 645 4278 acerbo
676 4228 1086 4277 consternatus
1118 4223 1324 4276 nuntio
1364 4222 1649 4275 aestuabat
1679 4220 1894 4285 animo,
1930 4220 2069 4290 quid

437 4316 631 4381 ageret
663 4311 947 4371 incertus;
977 4326 1082 4365 nec
1116 4309 1294 4363 teneri
1331 4311 1553 4379 poterat
1585 4307 1725 4378 quin
1751 4308 1890 4362 sein
1916 4324 2069 4362 cun-

438 4404 529 4452 cta
562 4398 751 4468 palam
795 4397 1218 4451 luctuosissimi
1255 4396 1707 4450 dolorisindicia
1728 4395 2066 4450 effunderet.

437 4486 657 4541 Deinde
716 4490 877 4540 ratus
937 4484 1087 4539 haud
1124 4501 1393 4539 securum
1454 4500 1582 4538 esse
1617 4482 1729 4537 sibi
1762 4501 1939 4554 super
1967 4483 2069 4537 tali

436 4575 689 4628 facinore
720 4574 891 4628 silere
926 4574 1209 4643 necjusta:
1235 4573 1289 4627 id
1318 4571 1841 4627 animadversionis
1866 4571 2065 4625 ulcisci

2182 3444 2297 3481 ros.
2332 3427 2415 3479 Ad
2451 3442 2515 3479 ea
2547 3425 2642 3480 ille
2673 3426 2831 3496 gravi
2866 3442 2931 3480 ex
2958 3424 3073 3480 alto
3106 3430 3335 3497 pectore
3361 3427 3536 3480 ducto
3585 3424 3811 3495 gemitu,

2185 3514 2475 3569 recordari
2497 3531 2558 3568 se
2582 3519 2833 3568 testatus
2853 3530 2969 3584 qua
2991 3512 3664 3584 religionejurisjurandi
3687 3528 3816 3568 sese

2181 3619 2384 3657 omnes
2442 3602 2820 3656 astrinxerint
2877 3602 2945 3656 ad
2980 3601 3177 3657 statim
3206 3601 3616 3656 vindicandam
3653 3601 3813 3656 videt

2190 3706 2362 3745 manu
2420 3690 2746 3760 perfidiam,
2783 3690 2839 3743 in
2874 3694 3002 3744 utro
3059 3691 3455 3760 Augustorum
3508 3690 3812 3744 exsisteret

2181 3781 2343 3833 alteri
2370 3785 2570 3834 contra
2600 3785 2764 3851 pacta
2787 3784 3067 3835 conventa
3098 3779 3363 3834 insidiari
3386 3796 3452 3834 ac
3476 3781 3729 3851 grassari
3758 3780 3821 3835 in

2181 3868 2425 3923 alterum
2450 3868 3259 3940 audente,addidit,quoniam
3286 3872 3591 3940 appareret
3612 3869 3815 3924 deesse

2180 3957 2513 4012 facultatem
2572 3959 2795 4013 caeteris
2846 3959 3042 4025 jurata
3072 3956 3447 4026 exsequendi,
3482 3973 3543 4011 se
3575 3957 3810 4025 quidem

2179 4046 2332 4116 quod
2357 4050 2509 4101 esset
2538 4045 2595 4099 in
2629 4061 2689 4100 se
2721 4046 3032 4100 facturum.
3069 4044 3190 4099 Non
3224 4044 3563 4098 stricturum
3616 4050 3811 4100 autem

2182 4133 2518 4187 sensibilem
2552 4132 2808 4203 gladium
2836 4132 2893 4184 in
2919 4148 3132 4202 corpus
3156 4148 3221 4187 ac
3242 4131 3514 4203 jugulum
3541 4132 3813 4204 sacrilegi

2178 4222 2354 4292 (haud
2389 4223 2543 4275 enim
2580 4222 2632 4274 id
2668 4220 2777 4275 sibi
2804 4220 3153 4289 convenire),
3185 4221 3281 4275 sed
3316 4222 3468 4291 quod
3502 4238 3620 4275 suis
3653 4226 3809 4293 pote-

2177 4310 2343 4364 statis
2369 4311 2532 4373 foret,
2592 4307 2832 4362 minime
2866 4312 3274 4364 cunctaturum
3309 4309 3809 4379 exsequi,utendo

2175 4397 2367 4468 gladio
2420 4398 2687 4468 spiritus,
2747 4399 2898 4467 quod
2958 4402 3047 4452 est
3076 4399 3317 4452 verbum
3372 4398 3523 4452 203
3577 4398 3699 4462 Dei,
3734 4398 3804 4452 ad

2175 4485 2549 4541 dividendum
2594 4486 2819 4557 justum
2848 4486 2918 4541 ab
2950 4486 3149 4557 impio,
3185 4490 3241 4540 et
3273 4484 3354 4539 illi
3389 4486 3627 4556 quidem
3661 4486 3806 4541 bene

2177 4575 2531 4645 precandum
2597 4574 2749 4627 hunc
2808 4591 2941 4628 vero
3002 4573 3463 4629 abscindendum
3523 4573 3804 4628 aCbristi

436 4662 710 4728 vindicta,
741 4662 1070 4717 convocatis
1102 4663 1197 4732 qui
1233 4663 1301 4715 ad
1337 4677 1575 4716 manum
1605 4664 1765 4715 erant
1805 4659 2062 4731 praesuli-
2097 4660 2140 4724 D
2177 4678 2433 4733 corpore.
2492 4667 2624 4717 Haec
2656 4679 2716 4717 se
2764 4662 2932 4733 plane
2967 4664 3151 4717 facere
3183 4662 3509 4717 decrevisse
3540 4678 3670 4716 cum
3704 4662 3802 4717 ille

431 4751 567 4817 bus,
600 4752 848 4821 graviter
879 4768 1240 4821 conquerens
1275 4752 1527 4819 primum
1551 4766 1611 4805 se
1633 4750 1903 4805 delusum
1940 4748 2064 4803 irri-

435 4854 681 4908 sumque
741 4842 855 4891 tum
914 4839 1057 4891 foede
1106 4843 1469 4908 contemptus
1515 4839 1611 4893 Dei
1663 4838 1818 4909 leges
1845 4836 2063 4892 nefaria

434 4925 743 4980 violatione
794 4928 1288 4995 juramentorum,
1342 4926 1751 4995 indignitatem
1787 4926 2061 4980 horrendi

432 5013 630 5081 flagitii
666 5012 1053 5081 exaggeravit;
1088 5028 1151 5065 ac
1193 5012 1443 5083 denique
1463 5012 1901 5067 deliberandum
1932 5031 2062 5083 pro-

434 5101 629 5171 posuit
686 5102 823 5171 quid
886 5100 987 5155 tali
1044 5102 1346 5155 occasione
1378 5118 1438 5155 se
1470 5101 1656 5155 facere
1696 5102 1941 5166 deceret,
1994 5119 2063 5158 ne

440 5192 685 5244 mendax
706 5189 946 5261 perﬁdia
964 5189 1034 5242 de
1059 5189 1393 5244 conculcata
1417 5190 1655 5244 veritate
1676 5190 1917 5260 impune
1939 5191 2062 5261 glo-

431 5277 707 5347 riaretur,
740 5293 878 5331 neve
909 5282 1207 5348 grassator
1238 5278 1649 5347 iniquissimus
1683 5278 2061 5349 opimo,quod

429 5365 857 5420 immanissime
890 5366 1165 5435 rapuerit,
1201 5365 1384 5436 spolio
1416 5366 2061 5435 gauderet,connivente

421 5454 653 5523 justitia
712 5452 905 5507 divina
939 5474 951 5521 ;
1008 5470 1133 5521 quae
1165 5453 1213 5508 si
1246 5454 1390 5521 suis,
1425 5459 1487 5508 ut
1519 5453 1863 5527 plerumque
1893 5456 2058 5527 solet,

427 5540 811 5613 incompertis
859 5542 1117 5597 humano
1158 5542 1389 5614 ingenio
1447 5542 1708 5599 consiliis
1737 5548 2058 5613 cunctetur,

427 5634 625 5687 tamen
647 5630 865 5689 nostris
895 5648 1023 5689 esse
1042 5632 1346 5690 ofﬁciinon
1368 5631 1658 5705 negligere
1679 5634 1833 5705 quod
1854 5649 2060 5706 possu-

2174 4749 2585 4821 signiﬁcasset,
2640 4750 2769 4805 aliis
2828 4751 2900 4805 ob
2934 4751 3305 4805 manifestam
3340 4749 3420 4805 rei
3468 4750 3799 4821 aequitatem

2174 4839 2505 4909 improbare
2533 4856 2643 4893 non
2675 4839 3049 4903 audentibus,
3082 4844 3139 4893 et
3168 4844 3383 4894 terrore
3401 4843 3595 4893 tamen
3645 4838 3798 4893 haud

2174 4926 2350 4981 dubio
2374 4928 2691 4995 concussis,
2718 4944 2788 4982 ne
2819 4927 2963 4982 diris
2995 4944 3196 4982 omnes
3229 4927 3806 4998 suppliciis,satelli-

2174 5016 2333 5069 tibus
2364 5016 2433 5068 ab
2451 5015 2677 5070 irritato
2702 5015 3087 5069 anathematis
3113 5016 3434 5086 ignominia
3454 5015 3803 5085 imperatore

2174 5104 2481 5171 immissis,
2543 5103 3006 5175 conciderentur,
3065 5104 3394 5176 patriarcha
3424 5106 3797 5176 pronuntiato

2173 5192 2365 5267 palam
2421 5197 2479 5247 et
2537 5193 2745 5249 merita
2784 5194 3089 5249 severitate
3142 5194 3448 5265 objurgato
3501 5192 3800 5249 Michaelis

2174 5284 2418 5353 Augusti
2444 5283 3173 5356 scelere,ipsum,legitima
3202 5285 3423 5355 prolata
3445 5282 3802 5353 talisjudicii

2172 5375 2739 5445 formula,spirituali
2774 5375 3029 5430 sectione
3063 5392 3095 5429 a
3126 5376 3537 5429 communione
3568 5373 3797 5428 Christo

2171 5462 2527 5516 credentium
2562 5461 2669 5516 rite
2700 5467 2940 5517 resecat.
2974 5461 3103 5516 Fuit
3132 5462 3188 5515 in
3226 5463 3394 5516 modo
3439 5478 3505 5516 ac
3549 5460 3801 5515 circum-

2171 5550 2388 5605 stantia
2419 5551 2669 5622 quadam
2702 5552 2881 5621 hujus
2912 5550 3046 5606 facti
3079 5550 3233 5621 quod
3259 5550 3394 5619 jure
3425 5549 3557 5619 quis
3604 5564 3802 5619 repre-

2162 5638 2475 5696 'benderet:
2528 5639 2628 5695 sed
2676 5655 2780 5697 nec
2834 5639 3020 5696 defuit
3068 5639 3222 5709 quod
3269 5639 3339 5695 ad
3371 5636 3799 5695 excusationem
