4162 6292
312 321 420 377 645

1373 319 1470 372 DE
1507 313 1884 370 MICHAELE
1922 309 2367 366 PALEOLOGO
2403 309 2537 363 LIB.
2578 313 2673 364 III.

3597 309 3704 366 646

309 465 393 505 τις
422 444 513 498 καὶ
557 442 834 515 μέμψαιτο
888 443 1000 500 τοῖς
1046 438 1320 512 γεγονόσιν
1354 439 1428 499 ὡς
1459 436 1520 492 οὐ
1567 437 1704 490 κατά
1752 433 1954 507 τρόπον
1983 433 2036 499 Α
2067 453 2147 485 σιν
2194 433 2221 485 ὁ
2271 435 2504 503 κρατῶν,
2562 430 2651 484 καὶ
2707 429 2882 484 πόπον
2945 427 3126 492 διδοὺς
3173 436 3249 502 τῷ
3298 428 3491 503 δικαίῳ
3545 434 3704 505 Θυμῷ

313 531 609 607 γεγονόσι,
675 528 764 584 καὶ
844 528 1391 603 ὑπεραπολογήσαιτο
1461 530 1570 579 τῶν
1643 523 1963 596 παρξάντων

312 619 614 685 πάλιν.ὡς
676 618 780 671 οὐκ
836 615 1021 676 ἄλλως
1079 619 1251 668 ποιεῖν
1313 613 1574 688 ἐχόντων.
1609 610 1712 666 Καὶ
1767 612 1800 677 ἡ
1867 607 1960 679 μὲν

323 708 550 782 μέμψις,
593 705 678 759 ὅτι
723 704 832 764 θεὶς
874 704 965 756 τὸν
1016 700 1211 775 δεσμὸν
1267 699 1434 776 ἐφῆκε
1479 704 1595 752 τοῖς
1625 701 1721 751 τοῦ
1753 695 1963 768 κλήρου

319 794 550 868 ψάλλειν
590 792 794 847 ἐκείνου
844 790 1029 864 χάριν,
1080 789 1216 843 ὥστε
1268 790 1321 842 o't
1368 787 1459 841 καὶ
1503 789 1782 840 κοινωνεῖν
1829 781 1966 836 έκεί-

319 903 447 943 νους
503 879 594 934 διὰ.
647 885 754 933 τῶν
815 879 974 950 ἰερῶν
1034 876 1290 945 τελετῶν,
1350 875 1511 934 αὐτός
1566 894 1624 926 τε
1673 871 1767 930 τὰς
1823 869 1966 939 ἱεράς

324 970 496 1026 ἐτέλει
553 965 953 1042 μυσταγωγίας,
1010 965 1088 1023 ἐφ’
1137 966 1220 1025 αἷς
1270 966 1334 1031 ἦν
1391 959 1671 1036 ἀριδηλως
1719 959 1812 1013 τὸν
1855 955 1966 1010 δεσο

331 1063 460 1131 μοῖς
519 1058 904 1125 πνευματικοῖς
974 1051 1338 1124 κατεχόμενον
1417 1046 1841 1120 μνημονεύσθαι.
1902 1044 1964 1098 Ἡ

330 1145 375 1201 δ’
408 1145 496 1200 ἐπὶ
527 1145 740 1202 τούτοις
782 1140 1074 1213 ἀπολογία,
1127 1139 1208 1192 ὅτι
1260 1137 1542 1211 αὐτάρκως
1591 1136 1706 1208 εἶχε
1736 1131 1969 1203 τοιούτῳ

332 1235 612 1303 προσώπῳ
640 1232 706 1284 τὰ
731 1235 829 1297 τῆς
859 1227 1251 1296 ἐπιτιμήσεως,
1304 1225 1377 1284 ὡς
1407 1223 1450 1277 εἰ
1481 1222 1568 1276 καὶ
1618 1221 1968 1294 προσετίθετο

330 1321 527 1388 πλέον,
579 1315 901 1371 κινδυνεύειν
950 1313 1311 1388 συγκεχύσθαι
1360 1312 1426 1366 τά
1471 1313 1646 1364 πάντα
1693 1307 1830 1362 κατὰ
1876 1307 1969 1360 τὸν

329 1403 753 1479 Ἐμπεδόκλειον
805 1408 1064 1476 σφαῖροθ,
1117 1401 1206 1456 καί
1241 1422 1294 1456 τι
1339 1399 1430 1454 καὶ
1478 1398 1789 1473 παράλογον
1833 1415 1969 1479 προ-

329 1491 610 1563 ϐῆναιτοῦ
667 1491 931 1566 βασιλέως
976 1486 1461 1552 άπαυθαδίσαντος.
1519 1487 1578 1542 Ei
1626 1487 1728 1559 γάρ
1782 1481 1973 1558 δυσχε-

333 1586 417 1660 ρὲς
455 1581 615 1656 μέγαν
667 1580 810 1633 οἶκον
867 1579 1059 1652 μικράν
1122 1574 1410 1650 δυστυχίαν
1465 1573 1736 1649 δέχεσθαι,
1793 1575 1970 1647 ὥσπερ

329 1659 418 1727 καὶ
455 1670 646 1744 μικρὸν
685 1667 954 1742 μεγάλην,
988 1664 1113 1720 ἀλλ’
1147 1664 1236 1719 οὖν
1267 1665 1332 1720 τὸ
1361 1667 1458 1732 τήν
1497 1662 1744 1737 μεγάλην
1778 1659 1974 1715 δυστυ-

331 1760 462 1834 χίαν
516 1763 596 1829 τῷ
659 1755 893 1829 μεγίστῳ
948 1752 1082 1826 οᾶῳ
1131 1752 1544 1807 ἐπεισπεσοῦσαν
1598 1753 1674 1822 μή
1731 1749 1865 1803 κατὰ
1911 1748 1972 1801 τὸ

334 1849 479 1910 εἰκὸς
543 1845 983 1918 ἐκμειλιχθεῐσαν
1039 1843 1350 1918 καθυφιὲναι
1403 1847 1504 1908 τῆς
1563 1837 1822 1907 ἀπηνείας
1870 1837 1973 1891 οὐκ

335 1936 498 2010 ὀλίγα
570 1934 798 2009 βλάψειν
856 1931 964 1989 ἂν.
1042 1927 1332 1992 Οἰδίποδες
1403 1933 1567 1983 ταῦτα
1639 1927 1727 1980 καὶ

337 2025 572 2079 Θυέστου
601 2020 690 2075 καὶ
721 2021 920 2074 πλάνοι
962 2016 1256 2072 Ὀδύσσειοι
1309 2017 1767 2091 μαρτυρήσουσιν.
1819 2012 1976 2070 Οὕτω

341 2114 434 2186 μὲν
482 2111 575 2165 οὖν
623 2113 720 2162 τοῦ
772 2108 1114 2180 πατριάρχου
1172 2104 1532 2177 μετελθόντος
1571 2104 1632 2156 τὸ
1679 2103 1773 2156 τού
1826 2103 1978 2176 βασι-

334 2199 476 2262 λέως
504 2196 777 2270 τόλμημα
801 2242 816 2268 ,
848 2194 982 2249 ἑκὼν
1019 2195 1093 2267 μὴ
1127 2191 1298 2248 θέλων
1336 2189 1552 2266 δέχεται
1582 2191 1682 2259 τήν
1716 2189 1978 2261 ἐπιτίμη-

1802 1928 1971 1979 θοῖναι

341 2402 546 2452 contra
573 2395 829 2452 vicissim
853 2393 1208 2464 allegaretur
1234 2407 1336 2461 pro
1364 2389 1444 2442 sic
1467 2386 1801 2459 agentibus,
1824 2385 1978 2456 quod

344 2487 512 2541 aliter
537 2485 629 2538 vix
671 2488 925 2555 possent.
975 2483 1410 2550 Inconsequens
1440 2477 1621 2531 videri
1659 2475 1846 2547 potuit
1881 2490 1980 2544 pa-

345 2573 684 2643 triarcham,
715 2569 1217 2626 excommunicato
1255 2565 1603 2621 nominatim
1634 2563 1984 2634 imperatore

346 2662 698 2733 permittere,
715 2658 1210 2729 quemadmodum
1230 2653 1624 2722 fecit,clericis
1649 2657 1712 2706 ut
1734 2665 1982 2706 consue-

344 2754 435 2804 tas
467 2766 568 2820 pro
616 2765 680 2802 eo
713 2763 912 2818 preces
959 2745 1152 2817 palam
1202 2744 1259 2797 in
1312 2743 1488 2796 choro
1541 2738 1986 2811 pronuntiarent

347 2838 510 2908 (nam
544 2837 650 2891 hoc
681 2840 800 2890 erat
821 2835 982 2906 ipsos
1014 2849 1143 2887 cum
1165 2849 1230 2886 eo
1262 2832 1319 2884 in
1343 2829 1526 2886 sacris
1549 2826 1984 2883 communicare

341 2925 442 2996 qui
476 2942 508 2979 a
537 2925 946 2979 communione
971 2921 1268 2975 abscissus
1289 2918 1516 2988 fuerat),
1543 2924 1666 2970 tum
1711 2919 1987 2985 prmterea

340 3013 734 3084 patriarcham
786 3011 982 3082 ipsum
1035 3025 1137 3079 per
1167 3024 1229 3062 se
1277 3007 1501 3077 operari
1537 3005 1618 3058 rei
1664 3005 1890 3068 divinas,
1925 3002 1984 3055 in

341 3119 456 3172 qua
473 3101 698 3156 sciebat
718 3098 1034 3154 honoriﬁce
1055 3094 1498 3152 memorandum
1519 3109 1649 3148 eum
1676 3108 1849 3162 quem
1875 3088 1988 3143 diri

2067 519 2363 592 ἡσύχαζεν,
2417 515 2543 573 οὔτε
2596 518 2944 594 μεμφόμενος
2990 517 3074 591 (οὗ
3130 518 3228 592 γάρ
3279 519 3329 573 οἳ
3377 520 3567 591 ἀξιον),
3613 523 3704 574 καὶ

2067 608 2133 661 τά
2185 612 2283 671 τῆς
2342 609 2584 682 πράξεως
2641 608 2713 668 ὡς
2774 607 2918 680 εἶχεν
2987 606 3328 681 ἀπελογεῖτο.
3404 610 3594 682 Ὀμως
3652 609 3702 664 ἐν

2070 695 2326 773 ἀφύκτοις
2378 696 2481 749 οὐκ
2533 697 2739 770 ἀγνοῶν
2815 697 3188 770 κατεχόμενος
3257 695 3436 770 ἡρέμα
3499 695 3710 774 διέφερε

2069 785 2167 852 τήν
2216 784 2404 858 ὀργὴν,
2465 784 2552 837 καὶ
2610 785 2794 857 καιρὸν
2855 783 3138 856 μετανοίας
3192 783 3368 855 ἐζήτει
3428 786 3712 860 ἐφ’ᾦτῆν

2075 873 2423 946 συγχώρησιν
2484 870 2726 944 δέξασθαι
2764 917 2774 927 .
2845 872 3076 942 Ἢλπιζε
3143 874 3245 948 γάρ
3296 874 3368 934 ὡς
3420 874 3464 928 εἶ
3515 877 3709 950 μικρὸν

2072 961 2374 1034 ἡσυχάσας,
2410 961 2518 1015 εἶτα
2551 965 2886 1036 μεταγνῶναι
2935 959 3090 1031 δόξας
3144 963 3244 1030 τὴν
3303 962 3456 1018 λύσιν
3489 964 3708 1034 ζητοίη,

2071 1046 2258 1121 ἕψεταί
2290 1051 2340 1102 οἱ
2371 1051 2674 1125 παραυτίκα
2703 1049 2791 1104 καὶ
2823 1053 2857 1118 ἡ
2891 1052 3263 1126 συγχώρησις,

2078 1174 2143 1209 ιε.
2178 1155 2363 1216 Ὅπως
2398 1151 2486 1208 διὰ
2514 1159 2616 1229 τῶν
2667 1158 2935 1229 τριήρεων
2964 1153 3351 1229 νῄνδραγάθουν
3386 1159 3413 1212 ὁ
3443 1163 3539 1212 τοῦ
3588 1155 3711 1213 στό-

2515 1225 2613 1280 λου
2644 1225 2741 1295 τῆς
2773 1225 3263 1298 Ῥιομαῖὂοςλαός.

2149 1312 2210 1384 [Ρ
2246 1314 2366 1382 136]
2399 1311 2618 1383 Ἀμέλει
2665 1333 2748 1366 τοι
2797 1319 2885 1366 καὶ
2934 1315 3124 1386 μικρὸν
3149 1313 3390 1388 ἐπισχὼν
3438 1314 3503 1369 τά
3548 1315 3711 1369 αὐτοῦ

2077 1395 2352 1472 ἔπραττεν.
2402 1405 2455 1452 Ὁ
2487 1397 2532 1452 δ’
2563 1401 2652 1452 οὖν
2715 1401 2810 1468 σὴς
2861 1406 2957 1455 τοῦ
3016 1399 3318 1464 συνειδότος
3381 1403 3452 1464 ὡς
3516 1403 3702 1457 ὀστέον

2077 1489 2177 1555 τήν
2223 1485 2444 1562 καρδίαν
2479 1483 2752 1557 εϐόσκετο,
2797 1489 2885 1542 καὶ
2929 1490 3180 1552 ταπεινὸς
3239 1489 3434 1560 ἐδόκει,
3486 1490 3582 1545 κᾶν
3629 1490 3709 1563 τῷ

2080 1571 2298 1649 σοϐαρῷ
2354 1583 2452 1644 τῆς
2513 1574 2788 1650 βασιλείας
2845 1575 3085 1650 α”ρεσθαι
3145 1578 3484 1654 προύνοεῖτο,
3531 1578 3609 1656 ἐφ’
3669 1584 3714 1651 ᾦ

2086 1664 2160 1735 μὴ
2205 1664 2710 1740 καταφρονούμενος
2763 1665 2984 1720 καὶτῶν
3043 1665 3346 1742 ἀναγκαίων
3402 1668 3713 1742 ἀποτυγχά-

2079 1773 2179 1806 νοι.
2213 1753 2288 1807 Τὸ
2344 1756 2471 1825 γοῦν
2529 1753 2778 1807 ναυτικὸν
2840 1753 3014 1822 ἔπλει,
3075 1756 3162 1808 καὶ
3222 1756 3274 1808 αἱ
3303 1758 3546 1831 τριήρεις
3601 1763 3718 1820 ταῖς

2084 1842 2274 1909 νήσοις
2321 1841 2715 1915 προσίσχουσαι
2775 1843 2876 1896 οὐκ
2915 1841 3106 1917 ὀλίγας
3153 1842 3368 1898 ἐκείνων
3401 1845 3591 1919 ᾕρουν,
3624 1846 3714 1900 καὶ

2085 1929 2389 2002 παραυτίκα
2445 1929 2499 1982 αἱ
2555 1929 2782 1983 άλοῦσαι
2841 1936 3100 2004 φρουροῖς
3157 1931 3568 2008 ἠσφαλίζοντο,
3629 1935 3718 1988 καὶ

2089 2013 2379 2086 Ῥωμαίοις
2460 2020 2835 2089 προσεκτῶντο
2903 2018 2955 2070 αἱ
3009 2016 3258 2080 Λατίνοις
3342 2016 3716 2076 δουλεύουσαι.

2086 2101 2171 2171 Ἐξ
2227 2101 2299 2154 ὧν
2357 2100 2688 2175 ἁλισκομένη
2752 2105 2844 2176 μὲν
2900 2101 3131 2178 ἔγνωστο
3181 2107 3368 2177 Νάξος,
3419 2108 3719 2182 αἱρουμένη

2089 2187 2146 2243 δὲ
2192 2191 2368 2263 Πάρος
2419 2191 2670 2265 ἠκούετο,
2727 2194 2815 2246 καὶ
2865 2193 3016 2255 Κέως
3071 2193 3160 2247 καὶ
3220 2194 3491 2270 Κάρυστος
3550 2197 3722 2270 Ὠρεῷ

2091 2384 2202 2440 bus
2232 2385 2618 2456 praecipitatos
2651 2389 2883 2460 injuriis
2931 2395 3046 2445 tota
3078 2393 3344 2462 queritur
3383 2393 3724 2464 antiquitas,

2091 2477 2578 2544 responsantibus
2596 2475 2886 2548 hodieque
2907 2481 3142 2550 tragicis
3165 2481 3376 2536 scenis.
3402 2484 3602 2551 Itaque
3625 2499 3728 2553 pa-

2091 2561 2354 2618 triarchzs
2389 2581 2541 2620 nunc
2574 2582 2806 2637 quoque
2839 2567 3008 2623 istius
3041 2584 3161 2623 suae
3195 2569 3612 2630 moderationis
3637 2571 3730 2626 hic

2094 2651 2316 2706 fructus
2346 2653 2626 2720 constitit,
2663 2658 2726 2708 ut
2773 2654 3092 2726 imperator
3121 2673 3294 2710 suum
3328 2658 3554 2712 facinus
3587 2675 3730 2714 ana-

2092 2740 2348 2794 themate
2379 2740 2503 2794 diro
2525 2741 2878 2796 vindicatum
2906 2747 3006 2797 aut
3033 2743 3234 2798 tulerit
3258 2750 3357 2799 aut
3381 2746 3528 2801 ferre
3547 2747 3730 2801 simu-

2092 2827 2296 2882 laverit
2320 2830 2624 2899 patienter,
2646 2847 2710 2884 ac
2735 2831 2933 2885 volens
2961 2830 3163 2887 nolens
3189 2834 3484 2889 submissa
3501 2835 3729 2889 ferienti

2095 2919 2334 2987 cervice,
2367 2917 2513 2971 dans
2539 2918 2724 2972 locum
2751 2919 2925 2988 justaz
2949 2920 3069 2989 ira),
3100 2921 3404 2992 quieverit,
3431 2939 3544 2977 non
3571 2940 3732 2977 mur-

2098 3021 2338 3060 murans
2371 3005 2439 3060 de
2471 3023 2662 3077 pmna,
2695 3008 2794 3061 sed
2820 3007 3036 3062 factum
3071 3014 3130 3063 ut
3165 3014 3388 3080 poterat
3408 3026 3691 3065 excusans
3718 3025 3730 3064 :

2097 3109 2228 3147 cum
2264 3094 2419 3148 enim
2453 3111 2566 3148 non
2592 3095 2884 3165 ignoraret
2906 3097 3039 3151 talis
3070 3113 3131 3151 se
3153 3103 3512 3168 compertum
3539 3098 3734 3153 crimi-

341 3151 744 3246 anathematis
768 3187 1016 3242 vinculis
1042 3185 1344 3239 irretisset.
1380 3182 1589 3236 Verum
1617 3181 1685 3234 ad
1716 3180 1838 3233 hiec
1869 3177 1982 3231 dici
2017 3151 2058 3217 C
2101 3181 2190 3235 nis
2215 3182 2362 3251 quod
2393 3182 2552 3236 nulla
2574 3184 2716 3237 satis
2732 3188 2928 3254 posset
2947 3185 3458 3252 defensionedilui,
3493 3187 3734 3255 siquam

345 3284 538 3352 potest
559 3277 766 3331 merito
780 3277 969 3330 visum
994 3275 1260 3327 sufficere
1287 3272 1495 3326 debere
1529 3271 1586 3324 in
1612 3269 1713 3323 tali
1743 3283 1991 3339 persona

351 3367 722 3422 severitatem
747 3360 1292 3428 animadversionis,
1317 3375 1445 3430 quae
1468 3357 1687 3427 aliquid
1708 3372 1736 3410 e
1758 3370 1990 3410 summo

353 3455 547 3524 rigore
580 3454 937 3508 remitteret:
965 3449 1282 3520 periculum
1319 3447 1474 3501 enim
1505 3446 1705 3513 fuisse,
1740 3460 1810 3498 ne
1831 3442 1880 3497 si
1906 3439 1992 3495 vel

355 3539 686 3611 pauxillum
741 3537 874 3608 plus
924 3534 1257 3591 acerbitatis
1301 3534 1721 3588 admisceretur
1769 3530 1998 3599 negotio

355 3645 461 3700 per
481 3644 542 3683 se
559 3627 1005 3690 odioso,cuncta
1025 3624 1222 3678 statim
1241 3622 1470 3676 modico
1496 3624 1787 3674 momento
1802 3619 1860 3672 in
1878 3633 2000 3690 per-

354 3715 571 3772 niciem
594 3713 950 3786 praecipitata
969 3711 1485 3774 confunderentur,
1507 3707 2002 3778 quemadmodum

355 3808 419 3860 in
480 3801 867 3875 Empedocleo
899 3801 1277 3871 contingebat
1333 3799 1524 3868 globo,
1583 3813 1757 3868 quem
1816 3796 2004 3850 ventis

360 3893 714 3964 compressis
745 3896 802 3946 et
841 3888 1047 3961 sOpitis
1080 3888 1284 3942 foetum
1318 3888 1367 3942 si
1399 3886 1532 3956 quis
1579 3884 2008 3955 imprudentius

360 3982 779 4045 contrectaret,
811 3994 878 4033 ex
903 3994 969 4032 eo
996 3979 1234 4048 repente
1265 3973 1524 4046 procellas
1547 3973 1834 4027 immanes
1864 3988 2012 4026 cun-

360 4075 462 4126 cta
495 4069 608 4124 late
638 4071 1098 4137 conquassantcs
1129 4064 1536 4135 erumpebant.
1569 4062 1713 4116 Nam
1745 4078 1861 4132 quo
1895 4077 2009 4116 non

360 4163 494 4214 erat
513 4155 831 4211 verisimile
854 4155 1085 4226 prodire
1105 4151 1494 4208 immanitatis
1518 4166 1687 4222 posse
1709 4151 2011 4204 efferatum

363 4245 549 4302 nimis
582 4244 700 4299 acri
732 4241 1104 4305 contumelia,
1137 4239 1476 4296 irritabilem
1511 4238 1755 4309 alioqui,
1788 4238 1857 4292 ad
1891 4237 2012 4291 hac

363 4351 617 4390 summae
651 4331 958 4404 potestatis
996 4328 1107 4383 sibi
1139 4328 1435 4383 conscium
1485 4325 1854 4395 imperatoris
1884 4325 2014 4379 ani-

367 4440 558 4490 mum,
588 4421 682 4476 cui
714 4419 962 4475 tenendo
994 4419 1132 4471 dum
1155 4414 1480 4471 vehementi
1506 4415 1824 4484 cupiditate
1849 4429 2012 4484 rape-

2095 3269 2258 3323 intus
2290 3270 2348 3323 in
2383 3271 2582 3324 animo
2631 3271 2910 3326 adversus
2940 3271 3316 3327 ulciscentem
3347 3275 3493 3329 iram
3529 3291 3739 3330 conce-

2099 3357 2205 3427 pit,
2239 3358 2482 3428 prodere
2513 3357 2715 3413 saltem
2767 3359 3014 3430 distulit,
3049 3360 3107 3415 in
3142 3379 3395 3432 praesens
3426 3368 3736 3419 contentus

2097 3443 2214 3496 leni
2238 3459 2536 3513 responso,
2562 3446 2814 3515 spatium
2831 3448 2898 3500 ad
2922 3449 3317 3518 pmnitentiam
3344 3467 3596 3519 poscere,
3622 3467 3738 3521 qua

2103 3531 2421 3601 promereri
2453 3532 2682 3586 veniam
2714 3540 2930 3604 posset,
2964 3535 3046 3589 sic
3077 3552 3272 3590 secum
3307 3539 3597 3593 subducta
3619 3539 3742 3610 spei

2107 3635 2170 3673 ac
2211 3619 2504 3674 rationum
2537 3637 2791 3690 summa,
2826 3628 2958 3693 post
2988 3623 3215 3679 brevem
3243 3614 3499 3681 obnoxiae
3529 3626 3744 3696 quietis

2110 3724 2348 3774 moram,
2387 3708 2434 3762 si
2483 3707 2786 3778 velutjam
2820 3712 2972 3766 datis
3003 3714 3148 3767 satis
3199 3711 3526 3768 illustribus
3560 3716 3745 3785 poeni-

2108 3797 2303 3850 tentia:
2346 3813 2464 3852 suis
2509 3796 2690 3866 signis
2765 3799 3292 3856 reconciliationem
3344 3807 3584 3872 peteret,
3635 3803 3753 3858 voti

2112 3884 2308 3938 statim
2337 3901 2398 3939 se
2421 3889 2749 3955 compotem
2779 3885 3064 3954 futurum,
3114 3889 3330 3958 quippe
3359 3906 3487 3944 mox
3519 3890 3588 3944 ab
3614 3905 3753 3944 exo-

2112 3972 2256 4026 ratis
2275 3973 2626 4044 praesidibus
2647 3990 2944 4028 sacrorum
2965 3973 3211 4030 libenter
3233 3976 3750 4050 redintegrandum

2114 4060 2171 4114 in
2205 4067 2424 4115 statum
2458 4062 2796 4131 pristinum.

2153 4169 2237 4224 15.
2271 4168 2332 4225 Ut
2360 4168 2588 4223 navales
2618 4171 2987 4225 Romanorum
3033 4170 3206 4240 copiae
3235 4173 3554 4228 triremibus
3585 4173 3720 4230 bene

2715 4256 2828 4294 rem
2864 4243 3151 4310 gesserint.

2191 4328 2302 4381 lloc
2339 4327 2582 4382 consilio
2613 4342 2674 4381 se
2705 4327 2896 4398 ipsum
2931 4328 3206 4384 cohibens
3236 4329 3581 4401 aliquandiu
3617 4349 3757 4387 suas

2119 4417 2228 4472 sibi
2265 4417 2530 4487 privatim
2565 4433 2656 4470 res
2687 4416 2915 4486 habuit,
2942 4417 3081 4472 lucti
3114 4418 3452 4490 indulgens,
3485 4437 3619 4475 vero
3652 4422 3762 4476 for-

365 4515 550 4573 retur,
601 4506 872 4560 inﬁrmos
919 4520 1048 4559 esse
1098 4503 1455 4557 verecundia
1515 4501 1805 4557 cancellos
1835 4507 2010 4569 atque
2041 4493 2089 4558 Β
2122 4515 2272 4560 [asse
2304 4505 2521 4571 dolore,
2556 4521 2726 4576 quem
2760 4505 2959 4574 utique
2989 4508 3201 4560 vermis
3245 4508 3644 4578 conscientiae,
3676 4515 3762 4563 te-

367 4596 546 4652 ofﬁcii
581 4595 726 4650 satis
774 4598 895 4648 erat
933 4592 1292 4662 experientia
1338 4595 1726 4661 compertum.
1780 4593 1930 4644 Sane
1962 4590 2010 4644 si

371 4701 487 4740 non
523 4685 638 4738 fere
672 4682 990 4753 patientius
1022 4681 1234 4735 domus
1260 4695 1472 4751 magna
1503 4695 1747 4749 parvum
1775 4679 2014 4732 infortu-

373 4773 537 4828 nium
573 4788 746 4841 quam
782 4771 992 4824 domus
1026 4785 1198 4839 parva
1248 4768 1470 4822 cladem
1509 4769 1821 4821 maximam
1863 4767 2016 4821 204

373 4858 604 4928 tolerat,
637 4857 771 4927 quis
800 4860 968 4927 neget
1000 4856 1316 4926 prudenter
1333 4856 1546 4909 factum
1579 4858 1644 4908 ut
1665 4854 1733 4908 de
1765 4853 2017 4908 maxima

373 4949 435 5003 in
461 4947 739 5002 familiam
764 4943 1168 5016 potentissime
1191 4949 1530 5014 regnantem
1557 4943 1883 4997 necessario
1906 4942 2016 4996 im-

376 5037 665 5092 mittenda
686 5033 1040 5097 calamitate,
1061 5038 1344 5103 quantum
1372 5034 1590 5102 posset,
1616 5031 2020 5086 detraheretur

378 5130 436 5180 et
457 5121 1308 5195 adjungerenturdelinimenta
1322 5120 1534 5190 quibus
1551 5120 1850 5174 amarities
1873 5125 2019 5174 tem-

381 5217 700 5283 peraretur,
721 5227 791 5265 ne
807 5209 1230 5278 stimulisjusto
1249 5208 1487 5263 acutiori
1500 5215 1606 5262 bus
1625 5208 1709 5261 ira
1732 5209 2021 5262 concitata

380 5301 688 5356 ell‘erretur
719 5300 777 5354 in
809 5299 1179 5368 desperatum
1213 5296 1500 5367 impetum
1523 5295 1791 5350 universa
1823 5312 2019 5350 secum

383 5405 622 5460 pessum
657 5388 714 5441 in
743 5384 1264 5441 exitiumtrahendi
1286 5384 1525 5439 ‘?Testes
1557 5385 1733 5455 hujus
1749 5385 1826 5439 rei
1852 5384 2022 5440 ΟΕάί-

387 5478 589 5548 podes,
623 5492 801 5532 coenae
830 5475 1101 5546 Thyestis
1149 5477 1206 5527 et
1235 5471 1458 5544 Ulyssei
1487 5489 1735 5542 errores,
1767 5479 2024 5530 extrema

391 5566 590 5622 omnia
618 5563 886 5631 consilia,
919 5563 976 5616 in
1011 5578 1137 5633 quae
1169 5561 1394 5632 priscos
1425 5560 1632 5618 heroas
1662 5562 1842 5618 nimis
1873 5565 2023 5619 aeri-

2121 4592 2338 4648 redinis
2372 4592 2558 4647 instar
2587 4608 2719 4646 ossa
2761 4592 2967 4647 intime
2997 4594 3276 4660 rodentis,
3312 4611 3411 4650 cor
3443 4597 3762 4666 depascens

2122 4683 2318 4736 animo
2333 4681 2568 4751 penitus
2595 4680 2878 4746 infigeret.
2905 4681 3041 4734 Inde
3056 4680 3257 4736 habitu
3290 4683 3447 4737 tristi
3474 4684 3763 4739 demisso-

2125 4787 2236 4841 que
2289 4769 2612 4838 majestatis
2661 4768 3046 4838 imperatoriae
3103 4770 3467 4840 deprimebat
3525 4772 3762 4842 fastum,

2125 4873 2254 4912 cum
2283 4873 2348 4911 eo
2379 4861 2576 4910 tamen
2612 4859 2677 4909 ut
2708 4855 2884 4932 simul
2917 4863 3142 4912 caveret
3163 4874 3232 4914 ne
3266 4860 3323 4913 in
3356 4863 3765 4932 contemptum

2127 4945 2518 5017 perniciosum
2573 4929 2748 4998 rebus
2788 4943 2911 4998 suis
2961 4946 3069 5000 ista
3125 4945 3462 5002 humilitate
3512 4929 3765 5002 caderet.

2125 5034 2259 5095 Quae
2288 5032 2466 5102 igitur
2494 5048 2641 5103 opus
2657 5036 2824 5087 erant
2845 5049 2958 5087 non
2977 5033 3255 5089 omittens
3279 5035 3368 5090 vel
3388 5035 3489 5089 tali
3506 5040 3768 5105 tempore

2127 5136 2354 5188 curare,
2379 5120 2563 5189 jussit
2594 5120 2825 5190 prodire
2857 5121 3092 5176 navales
3125 5122 3357 5192 cepias;
3391 5128 3447 5177 et
3477 5123 3624 5178 205
3661 5125 3767 5176 tri-

2128 5225 2316 5264 remes
2340 5209 2408 5262 ad
2441 5207 2665 5262 insulas
2682 5208 2937 5279 appulsis
2955 5226 3066 5264 non
3094 5226 3308 5280 paucas
3323 5227 3523 5266 earum
3547 5211 3770 5265 Latinis

2130 5301 2298 5352 antea
2316 5296 2578 5352 subditas
2601 5304 3038 5368 recuperarunt,
3063 5303 3379 5369 captasque
3399 5298 3596 5353 statim
3626 5315 3770 5368 prae-

2131 5387 2297 5443 sidiis
2327 5386 2617 5458 impositis
2645 5387 2701 5441 in
2737 5387 3136 5444 Romanorum
3172 5389 3538 5459 possessione
3570 5389 3770 5442 ﬁrma-

2131 5480 2289 5530 runt.
2324 5475 2539 5531 Horum
2577 5475 2763 5530 nuntii
2797 5493 3134 5532 successum
3170 5477 3266 5531 alii
3294 5493 3470 5548 super
3500 5477 3644 5532 alios
3677 5477 3773 5532 ad-

2130 5565 2395 5621 volantes
2443 5564 2652 5620 merita
2701 5564 3092 5636 gratulatione
3140 5565 3601 5638 excipiebantur,
3635 5566 3776 5622 dum
