4158 6280
487 324 591 379 647

1780 306 2082 367 GEORGII
2122 309 2584 364 PACHYMERB

3767 311 3873 366 648

485 450 622 505 κατὰ
650 443 868 520 καιροὺς
900 441 1069 501 ἰδίους
1128 430 1614 510 συνελαμϐάνοντο,
1646 434 1733 487 καὶ
1785 431 1875 487 σὺν
1925 429 2119 496 ἄλλοις
2146 437 2201 502 Α
2233 430 2368 505 εἶχε.
2403 432 2477 488 Τὸ
2509 430 2565 487 δέ
2594 454 2656 506 γε
2682 434 2931 488 ναυτικὸν
2961 431 3113 491 ἔπλει
3163 436 3213 507 ἐξ
3261 437 3397 510 ἦρος
3437 435 3487 497 ἐς
3516 438 3877 508 ’Δρκτοῠρον,

489 536 628 611 ἄκρα
684 517 1108 600 Πελοποννήσου
1158 526 1295 603 ἀμφὶ
1350 517 1726 595 Μονεμϐασίαν
1761 520 1851 575 σὺν
1906 519 2125 596 Σπάρτῃ

489 627 578 681 καὶ
614 621 968 694 Λακεδαίμονι
1004 618 1105 671 ὑπὸ
1134 613 1425 687 Ῥωμαίοις
1460 610 1724 686 ἐγένοντο.

492 734 576 796 ις’.
610 733 798 789 "Ome:
832 729 881 780 οἱ
915 723 1139 799 ἀδελφοὶ
1172 726 1266 774 τοῦ
1303 718 1565 799 βασιλέως
1614 718 1706 777 τὰς
1752 720 1857 769 τῶν
1893 713 2120 770 δυτικῶν

904 789 1339 870 ἐνεχειρίσθησαν
1376 789 1691 860 διοικήσεις.

556 897 632 963 [Ρ.
675 892 793 961 13⁵1]
825 889 963 943 Τότε
990 885 1163 940 τοίνυν
1218 887 1333 945 τοῖς
1383 878 1646 954 ἀδελφοῖς
1698 875 2004 953 ἐγχειρίσας
2058 875 2123 929 τά

482 980 689 1049 δυτικά,
720 982 799 1048 τῷ
836 976 927 1048 μὲν
962 971 1193 1044 δεσπότῃ
1225 969 1442 1042 Ἰωάννῃ
1490 968 1584 1028 τὰς
1635 964 1961 1025 ἀνατολικὰς
2017 984 2121 1017 πα-

482 1068 675 1143 ραδοὺς
737 1064 987 1136 δυνάμεις
1048 1062 1259 1131 σύναμα
1315 1062 1395 1129 τῷ
1447 1058 1697 1126 Σκυθικῷ
1740 1056 1804 1109 τὰ
1832 1054 1966 1108 κατά
2017 1058 2117 1126 γῆν

478 1139 803 1233 προσέταττε
838 1151 1093 1224 μετιέναι,
1126 1149 1215 1203 καὶ
1264 1147 1329 1201 τὰ
1376 1150 1481 1201 τῶν
1516 1142 1803 1219 Ἰλλυριῶν
1869 1139 2116 1215 μεθέπειν

477 1228 568 1303 καὶ
599 1240 953 1320 Τριϐαλλῶν,
986 1239 1074 1293 καὶ
1099 1238 1165 1291 τὰ
1194 1241 1288 1291 τοῦ
1330 1238 1564 1304 Πηνειοῦ
1615 1231 1804 1307 πέραν,
1833 1232 1933 1299 τὴν
1967 1228 2118 1291 ἷδίως

476 1318 716 1390 Ἐλλάδα
765 1327 1099 1404 λεγομένην,
1146 1324 1516 1397 κατατρέχειν,
1565 1325 1644 1392 τῷ
1717 1318 1946 1392 δεσπότῃ
2010 1324 2113 1373 Μι-

477 1421 629 1499 χαὴλ
664 1419 1012 1491 πολεμοῦντα
1046 1434 1057 1445 ·
1096 1413 1218 1467 οὐδὲ
1248 1412 1349 1485 γὰρ
1388 1412 1455 1479 ἦν
1506 1408 1650 1479 αὐτῷ
1695 1406 2113 1484 προφασίζεσθαι

618 1506 715 1579 ἔξω
746 1530 849 1562 που
902 1512 999 1573 τῆς
1051 1499 1310 1576 πατρίδος
1345 1496 1496 1560 ὄντος
1554 1501 1649 1551 τοῦ
1708 1495 1974 1571 βασιλέως
2030 1491 2116 1547 δι-

472 1600 669 1654 καιοῖτ’
718 1596 775 1651 ἂν
835 1595 1081 1653 κάκεῖνος
1139 1590 1205 1644 τὰ
1264 1588 1401 1660 μέρη
1462 1587 1732 1659 κατέχειν.
1785 1584 1888 1639 Τὸν
1943 1580 1998 1635 δέ
2057 1603 2115 1656 γε

474 1684 939 1757 σεϐαστοκράτορα
997 1683 1357 1736 Κωνταντῖνον
1429 1674 1611 1728 ναυσὶν
1670 1666 1966 1744 ἐμϐιϐάσας
2024 1669 2110 1724 ἐπὶ

2233 521 2328 573 κάν
2366 519 2600 581 πολλοῖς
2632 521 2902 595 εὐστόχει.
2935 525 3067 598 Ἧγε
3116 522 3173 579 δὲ
3220 528 3378 579 τοῦτο
3412 525 3439 578 6
3472 523 3874 597 Φιλανθρωπη-

2231 606 2317 668 νὸς
2378 609 2405 661 6
2463 610 2896 684 πρωτοπράτωρ
2949 611 3214 684 Ἀλέξιος,
3276 615 3411 688 ἀνὴρ
3482 613 3709 687 γεραρὸς
3784 610 3870 664 καὶ

2229 701 2494 767 γενναῖος,
2528 700 2672 769 παρά
2726 704 2981 754 τοσοῦτον
3042 700 3356 775 εἰργόμενος
3402 706 3482 772 τῷ
3544 697 3870 775 μεγαλοδου-

2229 784 2377 855 κάτῳ
2406 785 2756 855 σεμνύνεσθαι
2808 788 3072 861 ἀξιώματι
3125 791 3251 863 παρ’
3282 789 3408 843 ὅσον
3440 789 3502 855 ἦν
3549 786 3724 850 ἄλλος
3783 786 3865 842 ἐπὶ

2228 877 2326 926 τοῦ
2358 873 2687 945 ἀξιώματος,
2717 876 2745 929 6
2774 876 2869 929 τοῦ
2899 877 3136 932 παλαιοῦ
3176 877 3413 951 Λάσκαρι
3455 881 3550 932 τοῦ
3602 874 3871 951 βασιλέως

2229 961 2585 1040 αὐτάδελφος,
2644 961 2841 1038 ἔξωρος
2898 964 3007 1037 ἤδη
3067 967 3157 1021 καὶ
3206 963 3546 1040 παρηϐηκὼς
3608 966 3696 1021 ἐπὶ
3771 974 3872 1036 τῆς

2230 1052 2639 1106 Κωνσταντίνου
2688 1055 3018 1126 καθήμενος,
3073 1057 3300 1131 βουλαῖς
3346 1057 3465 1119 καθ’
3508 1055 3744 1130 ἡσυχίαν
3796 1060 3874 1126 τῷ

2232 1138 2446 1214 βασιλεῖ
2474 1144 2570 1205 τῆς
2603 1145 2709 1195 τῶν
2742 1148 2938 1197 κοινῶν
2986 1142 3275 1220 φροντίδος
3335 1146 3410 1206 ὡς
3454 1142 3567 1198 ἐνὸν
3617 1144 3873 1216 συναιρό-

2231 1247 2412 1297 μενος,
2448 1229 2474 1281 ὁ
2524 1230 2707 1300 μέντοι
2758 1251 2821 1302 γε
2878 1228 3340 1305 Φιλανθρωπηνὸς
3392 1231 3734 1307 ἀγχιστιύων
3792 1232 3871 1301 τῷ

2230 1316 2615 1389 βασιλεῖ’τὸν
2674 1318 2776 1392 γάρ
2834 1319 3049 1392 ἀνεψιὸν
3110 1319 3314 1375 ἐκείνου
3371 1320 3461 1375 τὸν
3519 1327 3619 1389 τῆς
3650 1320 3870 1392 Μάρθας

2225 1404 2340 1457 υἱὸν
2402 1404 2631 1479 Μιχαὴλ
2690 1402 2936 1482 γαμϐρὸν
2997 1410 3138 1482 εἶχεν
3198 1408 3283 1462 ἐπὶ
3345 1409 3591 1482 Ουγατρί.
3624 1410 3681 1461 Ὀ
3738 1413 3865 1483 γοῦν

2222 1490 2469 1555 τοιοῦτος
2502 1500 2722 1568 κατεῖχε
2752 1496 2813 1549 τὸ
2870 1495 3136 1569 πλόϊμον,
3168 1498 3254 1551 καὶ
3307 1500 3441 1569 ἦρος
3484 1496 3868 1569 ἐξαρτυόμενος

2226 1581 2418 1635 στόλον
2478 1582 2764 1650 ἀπέπλεεν,
2806 1583 2960 1656 ὅμως
3020 1583 3067 1639 δ’
3116 1584 3394 1657 ἐσύστερον
3455 1587 3712 1649 θανόντος
3770 1589 3866 1638 τοῦ

2224 1670 2460 1741 Λάσκαρι
2519 1672 2617 1738 τήν
2676 1676 2774 1725 τοῦ
2827 1672 3067 1747 μεγάλου
3118 1670 3308 1735 δουκὸς
3340 1672 3484 1742 ἀξίαν
3517 1673 3664 1747 παρά
3710 1674 3867 1747 βασι-

470 1753 881 1846 Μονεμϐασίας-
913 1768 1197 1839 ἐκπέμπει,
1246 1762 1521 1838 παραδοὺς
1577 1761 1812 1830 κάκείνῳ
1870 1758 1993 1812 ὅσον
2044 1758 2110 1825 ἧν
2148 1785 2192 1849 Β
2225 1755 2363 1819 λέως
2399 1757 2473 1819 εἷς
2525 1753 2765 1831 ἀμοιϐὴν
2808 1764 2915 1814 τῶν
2964 1760 3149 1815 κόπων
3208 1756 3534 1834 ἐλάμϐανεν,
3567 1760 3642 1823 ὡς
3696 1760 3867 1836 ῥηθῆ-

469 1863 529 1919 ἐκ
584 1859 911 1938 Μαγεδὼνος
969 1856 1280 1927 Ῥωμαίων,
1340 1851 1427 1905 καὶ
1486 1851 1547 1904 τὸ
1607 1847 1865 1923 Περσικὸν
1925 1847 2060 1900 ἅπαν
2096 1865 2109 1878 ·

466 1954 530 2006 τὸ
584 1932 981 2025 γαρ-Ἰταλικὸν
1036 1946 1110 2017 μή
1162 1942 1399 2016 ἁρμόζον
1445 1938 1583 2010 πρὸς
1620 1937 1804 2025 μᾷἅχην
1840 1932 2111 2025 Ἰταλικὴν

468 2043 495 2096 ὁ
556 2020 819 2107 δεσπότης
880 2031 1285 2108 συνεπεφέρετο.
1346 2034 1590 2095 Συνῆσαν
1649 2023 1706 2078 δὲ
1752 2029 1829 2095 τῷ
1882 2024 1973 2095 μὲν
2027 2020 2111 2077 δε-

469 2130 640 2201 σπότῃ
688 2123 891 2181 πολλοῖ
942 2124 1035 2194 μὲν
1084 2121 1172 2175 καὶ
1222 2116 1386 2172 ἄλλοι
1434 2120 1541 2169 τῶν
1576 2112 1907 2188 μεγιστάνων
1962 2112 2051 2165 καὶ
2083 2111 2110 2165 6

464 2197 906 2283 Καντακουζηνὸς
953 2211 1185 2284 Μιχαὴλ
1235 2208 1262 2261 6
1311 2205 1401 2259 καὶ
1451 2205 1613 2277 μέγας
1667 2200 1718 2255 ἐν
1768 2197 1975 2274 ὑστέρῳ
2013 2220 2109 2253 κο-

463 2304 783 2373 νοσταῦλος,
846 2302 897 2355 οἱ
958 2297 1169 2371 ἀνεψιοὶ
1252 2294 1457 2347 ἐκείνου
1526 2292 1960 2364 Ταρχανειῶται,
2016 2286 2109 2341 καὶ

465 2392 629 2449 ἄλλοι
663 2390 854 2467 συχνοὶ
886 2388 945 2443 ἐκ
973 2394 1073 2456 τῆς
1107 2383 1307 2443 δύσεως
1362 2385 1443 2452 τῷ
1504 2377 1721 2467 βασιλεῖ
1771 2376 2106 2467 προσχωρή-

467 2464 781 2553 σαντες,
826 2476 881 2532 δέ
937 2498 996 2551 γε
1050 2469 1504 2546 σεϐαστοκράτορι
1550 2465 1711 2521 ἄλλοι
1742 2485 1800 2519 τε
1856 2464 2105 2518 πλεῖστοι

463 2572 552 2626 καὶ
586 2572 613 2625 ὁ
649 2569 814 2643 μέγας
865 2564 1188 2637 δομέστικος
1237 2561 1263 2613 ὁ
1307 2557 1485 2625 ψιλῆς
1514 2554 1786 2625 Ἀλέξιος,
1819 2552 1909 2643 σὺν
1964 2554 2109 2623 αὐτῷ

462 2656 518 2713 δὲ
573 2641 663 2713 καῖ
804 2653 1116 2723 Μακρηνὸς,
1150 2650 1206 2703 ’ὀν
1268 2645 1764 2721 παρακοιμώμενον
1816 2641 1843 2695 ὀ
1892 2646 2103 2718 κρατῶν

461 2860 740 2915 referrent
770 2855 942 2910 modo
972 2852 1197 2907 Naxum
1232 2854 1595 2920 occupatam,
1630 2844 1777 2899 alias
1806 2858 2103 2913 expugna-

460 2954 582 3004 tam
621 2948 824 3009 Paron,
874 2946 1020 2997 Ceon
1057 2957 1121 2994 ac
1152 2939 1457 3009 Carystum
1513 2949 1749 3006 quoque
1779 2948 1908 2986 cum
1957 2930 2102 2985 Oreo

463 3034 711 3092 subinde
762 3036 977 3101 capta;
1030 3032 1083 3083 et
1126 3031 1189 3080 ut
1237 3029 1444 3080 caetera
1493 3022 1780 3088 omittam,
1828 3022 2106 3072 montana

466 3120 843 3193 Peloponnesi
891 3118 1044 3172 circa
1096 3112 1554 3168 Manembasiam
1606 3125 1738 3163 cum
1785 3110 1995 3177 Sparta
2047 3107 2104 3159 et

466 3210 875 3266 Lacedaemone
899 3202 1177 3258 Romanis
1203 3216 1266 3255 ea
1284 3197 1646 3269 expeditione
1662 3196 1924 3265 subjecta
1946 3197 2103 3248 sunt.

499 3376 586 3431 46.
651 3376 713 3431 ω
760 3371 1035 3442 fratribus
1092 3364 1444 3447 imperatoris
1479 3361 1746 3447 .O‘ccidux
1769 3360 2072 3434 provinciae

996 3440 1302 3494 commissa?
1338 3440 1569 3506 fuerint.

531 3578 706 3625 Porro
757 3572 896 3622 tunc
945 3565 1266 3635 imperator
1311 3561 1435 3615 suis
1486 3558 1765 3612 fratribus
1814 3554 2099 3610 Occiduas

465 3656 794 3732 provincias
826 3651 1271 3709 commendavit.
1308 3656 1387 3704 Ac
1410 3649 1693 3703 Joannem
1726 3644 1959 3715 quidem
1988 3644 2099 3732 ydo-

464 3729 695 3819 spotam
730 3742 914 3813 copiis
962 3738 1362 3795 Orientalibus
1393 3741 1448 3790 et
1490 3734 1833 3806 Scytharum
1867 3729 2102 3785 auxiliis

466 3838 814 3891 instructum
851 3836 1005 3885 terra
1056 3842 1253 3897 gerere
1287 3841 1405 3880 rem
1434 3822 1615 3893 jussit
1666 3836 1766 3892 per
1792 3820 2017 3891 Illyrios
2044 3822 2102 3872 et

461 3922 770 3989 Triballos,
819 3929 992 3989 alque
1044 3916 1194 3970 ultra
1225 3919 1477 3969 Peneum
1530 3908 1819 3979 regionem
1871 3904 2103 3976 proprie

459 4014 736 4071 Graeciam
764 4016 1025 4065 vocatam
1052 4009 1371 4071 incursare,
1405 4002 1671 4056 bellando
1697 3999 1977 4053 adversus
1994 3998 2102 4051 Mi-
2142 4061 2149 4068 η

456 4103 715 4161 chaelem
751 4102 1074 4170 despotam.
1109 4095 1209 4149 Cui
1235 4096 1358 4163 jam
1391 4092 1628 4161 dempta
1659 4086 1899 4143 eratilla
1930 4101 2101 4141 excu-

456 4192 629 4257 satio,
662 4206 774 4260 qua
823 4187 1008 4258 prius,
1043 4200 1173 4237 cum
1212 4180 1537 4252 provincias
1584 4176 1715 4229 illas
1748 4178 2105 4245 repeteretur

461 4279 725 4349 excipere
758 4274 1002 4335 solebat,
1058 4286 1261 4342 parum
1311 4264 1621 4321 convenire
1666 4263 2103 4333 imperatorem,

464 4366 561 4438 qui
598 4366 739 4419 urbe
771 4379 877 4418 sua
904 4360 1090 4431 patria
1110 4353 1413 4426 etimperii
1440 4352 1629 4423 capite
1646 4354 1883 4416 careret,
1920 4365 2103 4403 mem-

464 4457 568 4511 bra
599 4454 697 4508 illa
729 4457 785 4506 et
818 4454 1008 4521 partes
1039 4447 1300 4517 ejusdem
1334 4441 1499 4513 quasi
1530 4438 1789 4509 corporis
1821 4443 2106 4493 extremas

462 4542 761 4613 requirere
792 4556 856 4593 ac
888 4537 1057 4608 longe
1098 4532 1391 4606 persequi.
1430 4530 1962 4584 Scbastocratorem
1997 4542 2103 4580 au-

464 4636 583 4687 tem
612 4626 1017 4685 Constantium
1054 4622 1392 4694 impositum
1419 4618 1665 4673 navibus
1687 4616 1966 4671 adversus
1986 4618 2101 4669 Mo-

460 4718 819 4774 nembasiam
857 4714 1055 4778 mittit,
1088 4713 1325 4766 tradens
1370 4708 1452 4761 illi
1487 4712 1770 4778 quantum
1815 4703 2103 4757 Romano-

461 4825 593 4863 rum
630 4806 792 4877 prius
824 4805 880 4857 in
931 4802 1313 4873 Magedonum
1368 4796 1600 4866 regione
1640 4792 2009 4896 militaverat,
2037 4795 2108 4896 ‘et
2137 4833 2182 4896 D

467 4896 798 4951 universam
837 4896 1110 4963 praeterea
1139 4886 1409 4942 militiam
1442 4884 1750 4939 Persicam.
1771 4881 1913 4936 Nam
1947 4878 2109 4934 Itali—

474 5000 604 5038 cum
635 4981 976 5040 exercitum,
1010 4978 1158 5031 hau'i
1195 4978 1395 5045 aptum
1430 4973 1617 5027 vis'um
1652 4968 1801 5024 bello
1832 4970 2109 5023 adversus

465 5072 641 5129 Italos
671 5070 947 5143 gerendo,
974 5067 1229 5121 Joannes
1254 5064 1496 5134 despota
1528 5075 1727 5115 secum
1767 5059 2105 5113 abduxerat.

462 5164 606 5218 Cum
635 5160 837 5215 eodem
863 5173 1029 5227 porro
1053 5157 1296 5224 despota
1318 5151 1560 5205 comites
1582 5147 1965 5219 expeditionis
1990 5146 2106 5201 ive-

461 5255 600 5306 runt
632 5248 728 5303 alii
764 5260 998 5318 quoque
1033 5242 1197 5296 multi
1219 5238 1588 5310 optimatum,
1611 5236 1761 5289 inter
1792 5250 1937 5304 quos
1958 5235 2107 5295 Can-V

458 5341 781 5392 tacuzenus
801 5330 1062 5395 Michael,
1098 5327 1196 5398 qui
1228 5332 1430 5399 postea
1460 5340 1710 5394 magnus
1730 5321 2106 5378 conostaulus

486 5427 592 5493 uit,
628 5424 907 5493 illiusque
930 5417 1221 5491 patrueles
1242 5414 1642 5468 Tarchaniotaa
1669 5431 1683 5479 ;
1708 5412 1951 5482 insuper
1982 5410 2104 5478 alii,

460 5515 559 5587 qui
591 5514 924 5583 frequentes
955 5526 1020 5564 ex
1054 5505 1325 5562 Occiduis
1359 5502 1641 5558 tractibus
1673 5501 1742 5556 ad
1774 5506 1967 5571 partes
1997 5499 2105 5556 im-

462 5601 753 5676 peratoris
783 5598 1159 5656 transierant.
1182 5593 1710 5652 Sebastocratorem
1730 5605 1864 5646 vero
1894 5605 2105 5662 seque-

2223 1866 2391 1901 σεται.
2425 1845 2581 1901 Ἀλλ’
2614 1848 2763 1901 οὗτοι
2801 1849 2892 1919 μὶν
2924 1856 3092 1924 τριχῆ
3125 1851 3496 1922 κοσμούμενοι
3543 1850 3642 1903 ἀνά
3701 1850 3866 1923 μέρος

2222 1934 2287 1986 τὰ
2342 1935 2476 1987 κατά
2534 1931 2681 1987 δύσιν
2742 1941 3014 2007 μεθεῖπον.
3069 1939 3168 1993 Καὶ
3234 1938 3262 1991 6
3321 1939 3415 2010 μὲν
3468 1935 3734 2006 δεσπότης
3785 1942 3871 2009 τῷ

2223 2020 2460 2094 Μιχαὴλ
2494 2019 2727 2088 δεσπότη
2758 2021 2966 2098 ἐπεῖχε,
3000 2024 3087 2079 καὶ
3147 2024 3462 2080 ἀνεκαλεῖτο
3496 2028 3581 2097 [Ρ.
3610 2028 3733 2098 138]
3762 2024 3865 2093 τὴν

2221 2107 2421 2163 ἐκείνου
2478 2112 2664 2185 χώραν
2712 2113 2786 2174 ὡς
2840 2111 3009 2167 πάλαι
3058 2117 3126 2187 τῇ
3181 2113 3430 2187 βασιλείᾳ
3458 2115 3864 2187 προσήκουσαν.

2215 2199 2274 2254 Ὀ
2334 2195 2390 2252 δὲ
2441 2199 2556 2272 εἶχε
2616 2200 2712 2271 μὲν
2772 2200 3034 2275 πρότερον
3092 2203 3536 2280 προφασίζεσθαι,
3568 2201 3657 2256 καὶ
3688 2200 3865 2276 ξέπρο-

2219 2286 2471 2358 φασίζετο
2530 2286 3084 2363 πιθανολογούμενος,
3140 2291 3212 2351 ὡς
3278 2290 3376 2344 οὐκ
3440 2290 3645 2365 ἀνάγκη
3696 2289 3865 2344 αὐτοῦ

2217 2381 2311 2431 τοῦ
2364 2374 2632 2451 βασιλέως
2679 2378 2769 2432 τὸν
2822 2385 2920 2447 τῆς
2966 2377 3244 2453 βασιλείας
3295 2380 3483 2453 θρόνον
3532 2380 3585 2449 (ὁ
3632 2376 3679 2433 δ’
3709 2380 3777 2449 ἦν
3821 2382 3860 2448 ὴ

2214 2465 2814 2537 Κωνσταντινοόπολις)
2880 2469 2955 2539 μὴ
3043 2466 3372 2541 κατέχοντος
3446 2467 3604 2522 αὐτὸν
3695 2468 3862 2522 ἀπαι-

2214 2556 2421 2608 τεῖσθαι
2449 2555 2511 2608 τὸ
2536 2552 2726 2608 λεῖπον
2762 2574 2775 2588 ο
2820 2555 3116 2625 ἀπαιτητέα
3144 2556 3248 2631 γὰρ
3298 2556 3431 2610 εἶναι
3494 2554 3706 2628 μᾶλλον
3766 2558 3864 2610 τὸν

2216 2640 2405 2716 Θρόνον
2438 2641 2564 2703 τοὺς
2596 2640 2837 2705 Ἰταλοὺς
2868 2644 2903 2712 ἢ
2950 2642 3150 2698 ἐκεῖνον
3196 2644 3263 2698 τὰ
3310 2644 3448 2699 κατὰ
3483 2640 3652 2711 δόσιν,
3684 2642 3862 2705 οὕτως

2213 2841 2424 2896 bantur
2455 2859 2587 2897 cum
2613 2841 2709 2897 alii
2744 2842 2981 2913 plurimi
3013 2846 3167 2901 206
3192 2848 3311 2900 tum
3337 2861 3589 2917 magnus
3619 2844 3861 2899 domes-

2212 2929 2362 2984 ticus
2395 2930 2586 2985 Philes
2616 2930 2890 3001 Alexius;
2923 2949 3052 2987 cum
3087 2934 3215 3005 ipso
3254 2933 3561 2989 Macrenus
3591 2937 3648 2987 et
3679 2948 3856 3003 quem

2214 3017 2534 3089 imperator
2564 3019 2820 3074 cubiculi
2853 3022 3184 3091 praefectum
3218 3022 3421 3077 habuit
3441 3021 3659 3077 Classis
3691 3020 3855 3075 navi-

2215 3106 2369 3176 gavit
2391 3124 2423 3161 a
2453 3123 2581 3162 vere
2610 3109 2677 3161 ad
2708 3109 3045 3175 Arcturum,
3077 3114 3135 3164 et
3167 3110 3353 3163 multa
3401 3126 3534 3164 cum
3576 3124 3855 3164 successu

2216 3196 2476 3250 tentavit.
2511 3196 2797 3251 Ductabat
2849 3196 3006 3251 illam
3039 3197 3276 3253 Alexius
3315 3197 3856 3268 Philanthropenus

2216 3288 2621 3353 protostrator,
2656 3284 2980 3339 honoratus
2998 3285 3083 3339 vir
3111 3290 3169 3340 et
3198 3289 3494 3353 strenuus,
3513 3284 3855 3355 designatus

2207 3371 2331 3440 jam
2352 3373 2465 3426 dux
2487 3388 2756 3443 magnus,
2776 3377 2832 3427 et
2848 3373 3151 3444 dignitatis
3169 3373 3340 3428 istius
3359 3372 3532 3428 titulo
3546 3378 3725 3443 atque
3744 3389 3850 3428 usu

2132 3476 2174 3542 ρ
2214 3462 2271 3515 in
2302 3464 2529 3515 tantum
2562 3460 2889 3531 abstinens,
2924 3462 3079 3530 quod
3100 3462 3327 3517 vivebat
3356 3461 3547 3517 adhuc
3580 3460 3852 3517 aliusillo

2212 3550 2561 3620 magistratu
2594 3548 2911 3620 insignitus
2936 3552 3111 3604 frater
3131 3566 3445 3620 germanus
3465 3550 3732 3605 Lascaris
3754 3567 3851 3604 se-

2206 3637 2387 3693 nioris
2417 3637 2685 3707 Augusti,
2708 3638 2913 3692 effetus
2935 3638 3063 3708 jam
3086 3637 3249 3693 senio
3272 3641 3328 3693 et
3351 3638 3467 3693 fere
3495 3638 3854 3713 decrepitus,

2206 3735 2262 3789 in
2290 3736 2481 3806 quiete
2496 3753 2668 3807 quam
2692 3740 2830 3791 aetas
2854 3746 3109 3791 extrema
3127 3736 3423 3805 poscebat,
3441 3734 3730 3791 consilliis
3747 3736 3853 3789 im-

2207 3824 2458 3895 peratori
2474 3824 2818 3895 opportunis
2834 3825 3222 3880 adcommune
3242 3824 3493 3894 regimen
3510 3840 3852 3895 cooperans.

2206 3912 2505 3967 Afﬁnitate
2538 3929 2707 3983 porro
2756 3912 3282 3984 Philanthropenus
3322 3912 3663 3983 imperatori
3695 3918 3855 3967 arcta

2207 4003 2557 4072 conjunctus
2590 4006 2734 4070 erat,
2759 4001 2977 4072 quippe
3007 4001 3108 4072 qui
3130 3999 3471 4057 Michaelem
3495 4000 3726 4055 Martha
3746 4000 3852 4055 im-

2206 4090 2487 4161 peratoris
2510 4107 2707 4145 sorore
2729 4095 2955 4158 natum,
2979 4089 3259 4144 collocata
3278 4089 3388 4160 ipsi
3413 4088 3551 4157 filia,
3574 4106 3852 4161 generum

2207 4177 2464 4233 haberet.
2499 4178 2655 4232 Talis
2687 4178 2866 4248 igitur
2893 4176 2980 4231 vir
3011 4176 3315 4232 navalibus
3347 4178 3649 4248 prefectus
3672 4178 3854 4249 copiis

2207 4264 2391 4320 classe
2425 4264 2612 4335 primo
2662 4281 2793 4321 vere
2838 4264 3125 4320 instructa
3158 4264 3470 4334 navigavit,
3511 4269 3569 4320 et
3621 4264 3855 4320 Lascari

2208 4350 2380 4422 paulo
2413 4356 2542 4421 post
2565 4356 2792 4405 mortuo
2812 4351 3040 4421 magnis
3070 4351 3236 4405 ducis
3267 4351 3611 4422 dignitatem
3639 4352 3713 4407 ab
3740 4353 3853 4406 im-

2209 4444 2470 4509 peratore
2504 4438 2561 4493 in
2594 4439 2896 4509 praemium
2927 4438 3187 4494 laborum
3223 4440 3466 4511 accepit,
3500 4444 3562 4493 ut
3594 4439 3843 4496 dicetur.

2209 4527 2373 4581 Hunc
2406 4527 2464 4581 in
2491 4530 2725 4581 modum
2779 4527 3069 4583 trifariam
3106 4527 3376 4582 instructi
3413 4529 3618 4583 fratres
3650 4534 3710 4583 et
3759 4546 3852 4583 ne-

2208 4615 2445 4671 cessarii
2462 4615 2826 4686 imperatoris
2848 4615 2903 4669 in
2928 4616 3171 4670 totidem
3192 4615 3575 4670 Occiduarum
3600 4616 3853 4687 partium

2210 4708 2430 4760 tractus
2462 4707 2784 4758 moverunt.
2836 4706 2914 4758 Ac
2944 4704 3191 4773 despota
3239 4703 3477 4772 quidem
3510 4704 3851 4760 Michaclem

2214 4793 2513 4863 despotam
2546 4794 2786 4847 adortus
2834 4793 3134 4863 repetebat
3159 4796 3472 4862 occupatas
3520 4793 3591 4847 ab
3623 4809 3691 4848 eo
3724 4810 3854 4864 pro-

2215 4880 2433 4935 vincias
2464 4886 2528 4934 ut
2558 4879 2695 4933 olim
2730 4880 2799 4934 ad
2834 4878 3146 4950 imperium
3191 4879 3570 4950 pertinentes.
3606 4880 3694 4933 Eae
3723 4894 3852 4934 cum

2217 4976 2387 5024 antea
2410 4968 2885 5039 reposcebantur;
2921 4966 3144 5022 solebat
3174 4966 3271 5022 ille
3301 4967 3693 5037 plansibiliter
3721 4984 3855 5023 cau-

2217 5059 2335 5113 sari
2369 5058 2522 5110 haud
2575 5057 2980 5128 tempestivam
3015 5056 3420 5127 repetitionem
3465 5057 3637 5111 istam
3685 5072 3850 5120 esse;

2217 5172 2349 5210 nam
2387 5154 2524 5223 quid
2560 5154 2833 5209 attineret
2862 5153 3270 5224 imperatorem
3304 5154 3439 5209 sede
3468 5154 3595 5224 ipsa
3625 5151 3854 5225 imperii

2217 5243 2360 5297 urbe
2388 5240 2912 5312 Constantinopoli,
2935 5240 3233 5296 exclusum
3260 5242 3331 5296 de
3354 5242 3527 5296 rebus
3558 5246 3723 5296 tanto
3746 5240 3853 5295 mi-

2215 5331 2373 5386 noris
2408 5330 2684 5385 momenti
2706 5329 3123 5399 recuperandis
3154 5344 3283 5383 esse
3302 5328 3615 5383 sollicitum
3640 5328 3668 5382 ?
3692 5327 3852 5383 Reci-

2215 5416 2376 5482 peret
2408 5411 2661 5481 primum
2697 5410 2769 5463 ab
2800 5407 2961 5463 Italis
2993 5410 3203 5463 solium
3242 5409 3427 5479 regni,
3457 5414 3581 5463 tum
3617 5425 3756 5463 sane
3784 5408 3853 5461 de

2213 5498 2574 5570 regiunculis
2622 5497 2754 5553 istis
2787 5496 3054 5552 Occiduis
3086 5498 3232 5552 201
3271 5498 3342 5552 ab
3375 5512 3437 5551 se
3481 5495 3853 5568 reposcendis

2215 5588 2516 5660 cogitaret.
2574 5586 2688 5643 Nec
2744 5601 2914 5657 porro
2969 5585 3144 5643 istam
3204 5602 3350 5657 rem,
3403 5602 3580 5657 quam
3637 5584 3851 5641 dixisse
