4162 6292
387 294 495 351 649

1449 288 1546 342 DE
1584 287 1955 341 MICHAELE
1993 286 2416 340 PALEOLOGO
2454 288 2584 340 LIB.
2619 291 2714 341 III.

3673 285 3781 339 650

384 414 795 492 ἀνηρτημένους
842 410 1064 484 πάμπαν
1115 411 1202 464 καὶ
1264 407 1425 481 μόλις
1482 403 1836 484 ὁριζομένους
1894 415 2025 462 Θεσ-
2061 413 2109 476 Α
2145 419 2225 470 Οεν
2287 408 2733 480 ἐπαναζεύξαντος
2785 409 3000 484 ὕστερον
3054 410 3248 473 αὐτοὺς
3301 407 3778 485 ἐγκαταλελεῖφθαι

386 505 670 576 σαλονίκῃ.
725 505 966 558 Τοιαῦτα
1013 502 1137 572 γοῦν
1187 495 1510 570 ἀπελογεῖτο
1559 497 1842 572 πρότερον.
1905 497 2035 550 Τότε

387 593 443 649 δὲ
499 591 646 647 ἀλλά
703 588 891 664 χώραν
945 589 1003 654 ἢν
1083 587 1134 639 οἱ
1193 591 1372 658 γονεῖς
1443 584 1648 639 ἐκείνου
1699 587 1886 646 πόνοις
1946 585 2035 638 καὶ

388 681 579 756 ἱδρῶσι
639 678 730 733 καὶ
794 677 956 748 μόνον
1019 673 1126 746 οὐχ
1184 671 1372 744 α’ίμασι
1419 675 1698 741 στάζοντες
1729 675 2036 748 προσεκτή-

389 790 550 825 σαντο
609 768 700 821 καὶ
756 763 964 838 κλῆρον
1019 762 1315 818 κατέλιπον
1374 767 1494 822 τεοῖς
1556 763 1746 830 παισὶ,
1806 766 1921 822 πῶς
1978 758 2036 813 ἂν

390 861 479 915 καὶ
539 856 766 916 δικαίως
844 854 1240 926 ἀπαιτούμενος
1313 849 1577 923 ἀποδῴη;
1636 851 1877 910 Ἰταλοὺς
1932 850 2034 923 γὰρ

393 944 850 1022 ἀφαιρουμένους,
907 941 993 994 καί
1057 942 1130 1013 μή
1184 938 1508 1010 Ῥωμαίους,
1563 937 1697 991 κατὰ
1732 936 1794 989 τὸ
1825 934 2032 989 δίκαιον

394 1036 484 1089 καὶ
540 1038 656 1093 τοῖς
710 1029 758 1102 ἐξ
819 1028 1028 1083 ἐκείνων
1082 1028 1156 1089 εἷς
1226 1024 1490 1100 διαδοχήν
1559 1023 1900 1079 καταλείπειν
1959 1023 2034 1084 ὡς

397 1123 652 1200 σφέτεφον
713 1117 925 1192 κλῆρον
983 1116 1034 1186 ἐξ
1094 1116 1308 1191 ἀρετῆς·
1373 1115 1427 1166 εὖ
1483 1114 1583 1188 γαρ
1633 1113 1722 1167 καὶ
1773 1111 2031 1185 λελέχθαι

398 1199 472 1272 ὡς
505 1207 655 1263 οὐδὲν
697 1203 910 1266 οὐδενὸς
957 1205 1102 1272 πλὴν
1151 1204 1245 1257 τοὸ
1298 1199 1696 1269 σπουδάζοντος
1745 1201 1880 1253 κατὰ
1933 1201 2032 1253 πό-

397 1299 586 1369 λεμον.
649 1294 743 1351 Καὶ
803 1292 942 1347 οὕτω
1003 1294 1096 1364 μὲν
1160 1285 1705 1366 διαμφισϐητούντων
1773 1289 1840 1342 τὰ
1895 1290 2032 1344 Ῥω-

396 1385 568 1458 μαίων
598 1388 676 1453 τῷ
709 1381 941 1454 δεσπότῃ
1003 1381 1374 1451 στρατεύματα
1430 1372 1838 1446 κατετρίϐοντο·
1904 1378 1930 1430 ὀ
1977 1373 2035 1430 δέ

391 1493 453 1546 γε
506 1466 946 1542 σεϐαστοκράτωρ
1003 1469 1072 1538 τῇ
1153 1461 1514 1539 Μονεμϐασίᾳ
1560 1465 1648 1518 καὶ
1706 1470 1822 1524 τοῖς
1879 1464 2030 1537 πέριξ

385 1560 831 1634 προσκαθήμενος
907 1554 1305 1630 καθημερινοὺς
1383 1551 1665 1624 πολέμους
1741 1553 1876 1628 πρὸς
1939 1553 2029 1606 τὸν

387 1646 654 1722 Πρίντζην
712 1644 884 1719 ἐξῆγε·
952 1643 1090 1715 μηδὲ
1145 1643 1245 1718 γάρ
1286 1642 1562 1718 ἀρκεῖσθαι
1613 1645 1692 1712 τῷ
1752 1641 1900 1714 μέρει
1931 1647 2029 1710 τῆς

384 1737 572 1805 νήσου,
607 1741 777 1788 πᾶσαν
813 1731 870 1788 δὲ
898 1739 1160 1808 κρατῆσαι
1203 1731 1399 1799 θέλων,
1455 1731 1734 1803 ὑπάρχους
1764 1729 1906 1804 ἔχων
1940 1730 2029 1784 τόν

382 1845 443 1878 τε
479 1823 643 1897 μέγαν
678 1820 997 1893 δομέστικον
1027 1822 1118 1875 τὸν
1153 1820 1330 1888 Φιλῆν
1361 1819 1450 1873 καὶ
1481 1819 1570 1872 τὸν
1603 1819 2030 1894 παρακοιμώμε-

385 1932 476 1966 νον
505 1911 821 1984 Μακρηνὸν,
853 1911 927 1973 ὡς
956 1909 1067 1964 ἐνὸν
1099 1909 1414 1984 ἠγωνίζετο.

533 2055 616 2120 ιζ’.
647 2052 727 2109 Τὰ
757 2053 896 2106 κατά
929 2051 1020 2106 τὸν
1054 2051 1547 2124 παρακοιμώμενον
1597 2050 1888 2124 Μακρηνὸν

1072 2141 1349 2209 Ἰωάννην.

460 2267 557 2321 Ἢν
613 2263 659 2319 δ’
716 2262 1020 2335 εὐδοκιμῶν
1079 2265 1106 2318 ὁ
1163 2261 1697 2338 παρακοιμώμενος,
1755 2261 1845 2314 καὶ
1904 2261 2029 2334 παρ’

390 2355 609 2429 ἐχθροῖς
665 2348 840 2425 ὄνομα
893 2351 1036 2426 ἔχων
1101 2351 1187 2406 ἐπὶ
1249 2351 1497 2424 στρατείᾳ
1545 2349 1636 2403 καὶ
1686 2349 1749 2403 τὸ
1799 2343 2026 2424 φοϐερὸν

395 2439 818 2513 ἐνδεικνύμενος,
865 2439 1004 2494 ὥστε
1057 2439 1146 2493 καὶ
1203 2443 1299 2494 τοῦ
1349 2434 1840 2514 σεϐαστοκράτορος
1890 2435 2026 2489 ἐκεῖ·

400 2641 639 2700 omnino
671 2637 1142 2711 prmertendam,
1205 2635 1430 2690 facilem
1488 2638 1588 2689 aut
1626 2634 1783 2688 brevi
1816 2633 2026 2687 transi-

399 2731 645 2803 gendam
681 2742 954 2798 apparere
992 2743 1002 2778 :
1040 2723 1210 2779 Italos
1242 2725 1397 2778 enim
1449 2728 1566 2778 tam
1610 2723 1807 2794 procul
1836 2737 1964 2775 esse
1997 2737 2030 2775 a

400 2818 690 2875 reddenda
719 2813 992 2871 Romanis
1024 2813 1254 2884 imperii
1283 2811 1602 2882 metmpoli,
1637 2816 1700 2864 ut
1730 2810 1903 2864 etiam
1927 2826 2029 2880 spe

405 2925 520 2964 non
557 2921 790 2976 prorsus
821 2919 968 2956 vana
998 2901 1322 2971 majoribus
1354 2900 1597 2964 inhient,
1638 2904 1695 2954 et
1724 2899 1865 2952 adeo
1916 2914 2027 2951 non

395 2993 838 3051 contemnendis
871 2993 991 3046 sint
1021 2990 1242 3044 viribus
1298 2993 1362 3043 ut
1416 3005 1618 3042 eorum
1679 2988 1821 3042 ditio
1880 3003 2030 3056 aegre

397 3084 820 3140 Thessalonica
866 3081 1126 3134 finiatur.
1173 3085 1316 3148 Hac,
1369 3079 1633 3148 inquam,
1674 3078 1800 3145 ejus
1847 3076 2029 3140 omni,

399 3191 515 3244 qua
545 3173 710 3244 prius
767 3187 829 3225 se
880 3171 1224 3239 jactaverat,
1285 3167 1542 3222 oratione
1592 3181 1745 3218 nunc
1777 3163 2028 3232 sublata,

392 3261 538 3316 illud
575 3261 746 3314 modo
779 3275 881 3330 pro
913 3275 974 3312 se
1005 3256 1315 3326 allegabat,
1349 3255 1643 3325 regionem
1679 3269 1740 3307 se
1772 3253 2031 3306 obtinere

395 3367 570 3422 quam
593 3353 784 3419 patres
812 3346 901 3400 sui
924 3343 1646 3411 laboribus,sudoribusac
1666 3345 1891 3395 tantum
1919 3356 2031 3394 non

400 3441 526 3494 fuso
573 3437 842 3492 stillatim
882 3433 1114 3504 proprio
1163 3432 1444 3500 sanguine
1498 3434 1823 3501 parassent.
1875 3432 2034 3482 Hanc

409 3526 796 3582 hereditatem
830 3523 904 3578 ab
935 3522 1078 3592 ipsis
1109 3522 1178 3575 ad
1213 3520 1364 3575 ﬁlios
1396 3518 1807 3574 transmissam
1850 3517 2031 3587 possi-

399 3617 533 3671 dere
563 3631 689 3670 sese
713 3615 850 3684 jure
882 3628 1056 3683 quam
1091 3610 1307 3681 optimo
1341 3625 1354 3663 :
1389 3625 1672 3679 quorsum
1727 3623 1864 3678 ergo
1907 3606 2033 3676 ipse

387 3703 551 3758 illam
586 3702 784 3772 inique
831 3699 1228 3771 repetentibus
1279 3697 1599 3753 relaxaret?
1647 3701 1794 3750 Sane
1827 3695 1874 3749 si
1909 3696 2032 3749 red-

387 3791 584 3844 denda
606 3791 782 3852 esset,
801 3787 871 3841 iis
897 3785 1090 3856 potius
1107 3785 1268 3839 reddi
1288 3787 1576 3854 oporteret
1598 3782 1811 3851 quibus
1834 3784 2028 3849 erepta

391 3879 491 3932 sit.
519 3877 645 3931 Non
661 3881 854 3930 autem
880 3874 1177 3939 Romanis,
1223 3872 1320 3926 sed
1365 3869 1522 3924 Italis
1559 3870 1720 3940 prius
1741 3871 1874 3938 jure
1897 3867 2030 3922 belli

395 3965 800 4021 obtinentibus
819 3969 1002 4018 terras
1027 3961 1220 4015 illasvi
1252 3958 1566 4014 extorsisse
1600 3957 1846 4026 majores
1869 3973 2030 4022 suos,

390 4071 643 4126 quorum
670 4070 731 4107 se
755 4057 1017 4124 posteros
1041 4067 1102 4104 ac
1129 4048 1388 4104 sobolem
1421 4047 1555 4114 frui,
1577 4061 1749 4116 quam
1773 4044 2030 4116 legitime

403 4142 741 4208 crevissent,
775 4140 1111 4194 haereditate
1150 4154 1213 4191 ac
1237 4135 1588 4207 patrimonio
1611 4133 1862 4199 virtutis,
1899 4132 2032 4203 quis

394 4248 512 4286 non
547 4229 632 4284 fas
689 4237 742 4283 et
792 4243 1023 4298 aequum
1075 4241 1203 4280 esse
1247 4223 1533 4278 fateatur?
1567 4221 1704 4276 Vere
1738 4221 2028 4291 siquidem

389 4319 610 4374 dictum
640 4317 784 4371 illud
848 4316 1004 4380 ferri,
1067 4311 1210 4367 nihil
1262 4312 1568 4384 cujusdam
1627 4309 1852 4365 meliori
1900 4311 2034 4380 jure

391 4408 696 4480 proprium
727 4405 948 4460 censeri
978 4419 1153 4474 quam
1185 4402 1340 4472 quod
1375 4405 1652 4471 satagens
1686 4399 1939 4470 quisque
1969 4414 2034 4453 ac

394 4495 736 4567 periclitans
768 4510 944 4548 manu
979 4491 1089 4547 sibi
1122 4507 1185 4545 ac
1209 4494 1388 4544 Marte
1419 4488 1726 4560 quaesierit.
1754 4491 1908 4542 Inter
1929 4487 2036 4542 has

390 4585 738 4654 utrinquein
755 4583 994 4653 longum
1014 4580 1393 4652 procedentes
1424 4596 1530 4633 sua
1547 4579 1680 4647 jura
1701 4577 1836 4630 hinc
1859 4581 2034 4646 atque

2141 499 2229 552 καὶ
2281 503 2381 552 τοῦ
2440 501 2836 574 στρατεύματος
2887 501 3098 575 ἄρχειν,
3153 502 3240 555 καὶ
3299 500 3365 568 δὴ
3429 501 3782 574 μαχομένους

2142 586 2412 641 πολλάκις
2471 588 2563 658 μὲν
2625 587 2923 661 εὐστοχεῖν,
2983 591 3108 660 μίαν
3144 587 3200 642 δέ
3230 610 3291 663 γε
3324 587 3617 662 σφαλέντας
3648 609 3778 660 κραο

2139 677 2370 743 τηθῆναι
2422 675 2555 728 κατά
2584 675 2826 748 πόλεμον
2861 678 2950 730 καὶ
2999 677 3362 754 ἀμφοτέρους.
3417 678 3552 733 Τότε
3598 676 3777 730 τοίνυν

2142 761 2223 815 ἐπ’
2275 761 2464 836 ὀλίγον
2515 764 2896 838 κατεχομένων
2945 768 3026 838 [Ρ.
3065 769 3184 838 139]
3237 767 3288 820 ἐν
3323 764 3590 839 φυλακαῖς
3623 766 3650 818 ὁ
3684 765 3778 835 μὲν

2145 852 2312 924 μέγας
2363 847 2680 922 δομέστικος
2737 853 3080 922 ἀποθνήσκει,
3127 857 3160 922 ἡ
3214 851 3257 907 δ’
3308 852 3510 907 ἐκείνου
3552 853 3783 927 πενθερά

2142 939 2384 1012 Εύλογία
2439 937 2585 992 δεινᾶ
2632 940 2797 993 ἐποίει
2871 946 2949 1012 τῷ
3023 941 3237 1016 βασιλεῖ
3301 939 3784 1016 προσαγγέλλουσα

2141 1027 2214 1087 ὡς
2246 1024 2470 1098 προδώη
2523 1029 2615 1098 μὲν
2669 1030 2696 1082 ὁ
2744 1031 3240 1102 παρακοιμώμενος
3272 1031 3364 1084 τὸν
3397 1030 3605 1099 ἐκείνης
3631 1050 3780 1104 γαμ-

2141 1110 2291 1188 ϐρὸν,
2351 1117 2438 1168 καὶ
2496 1116 2567 1176 ὡς
2620 1114 2872 1186 ἐπίτηδες
2905 1118 3196 1191 κρατηθείη
3258 1118 3345 1172 καὶ
3393 1119 3546 1180 οὗτος
3577 1117 3651 1178 εἰς
3681 1116 3785 1170 πό-

2141 1202 2308 1274 λεμον
2347 1247 2360 1271 ,
2427 1203 2666 1276 ὀρύσσων
2731 1206 2924 1279 βόθρον
2991 1212 3069 1278 τῷ
3129 1209 3503 1282 συστρατήγῳ,
3560 1204 3648 1259 καὶ
3707 1205 3781 1265 ὡς

2142 1291 2359 1361 ἀληθῶς
2417 1293 2502 1346 ἐπὶ
2552 1294 2764 1356 τούτοις
2811 1302 3214 1370 κατηγορεῖται,
3266 1295 3469 1371 λύγους
3518 1293 3660 1370 ἔχων
3693 1295 3784 1348 καὶ

2141 1381 2453 1457 συμφωνίας
2512 1384 2646 1453 πρὸς
2703 1385 2793 1437 τὸν
2856 1385 3118 1455 Ηρίντζην
3181 1382 3477 1458 λόμϐάνειν
3526 1386 3624 1452 τήν
3681 1387 3780 1437 τοῦ

2139 1468 2375 1544 Λάσκαρι
2409 1469 2691 1545 Θεοδώρου
2723 1477 2816 1526 τοῦ
2848 1473 3115 1546 βασιλέως
3167 1475 3428 1549 θυγατέρα
3473 1474 3779 1546 (κεχήρωτο

2138 1559 2242 1632 γὰρ
2297 1563 2397 1612 τοῦ
2454 1557 2672 1634 ἀνδρὸς)
2724 1561 2895 1615 ἐκεῖσε
2948 1559 3254 1637 διάγουσαν,
3299 1563 3391 1615 καὶ
3446 1563 3560 1634 μετ’
3609 1559 3781 1614 αὐτῶν

2139 1647 2270 1699 εἶναι
2329 1645 2640 1720 παραδόντα
2695 1651 2793 1718 τήν
2845 1652 3070 1725 χώραν,
3130 1650 3218 1704 καὶ
3275 1650 3649 1724 ἀντιπράττειν
3705 1650 3786 1717 τῷ

2144 1733 2376 1806 βασιλεῖ.
2429 1734 2603 1789 Ταῦτα
2634 1735 2863 1810 λέγουσα
2909 1738 2998 1792 καί
3048 1760 3109 1811 γε
3141 1740 3552 1811 προστιθεῖσα-ὴ
3605 1733 3783 1793 Εὐλο-

2137 1822 2225 1894 γία
2255 1824 2391 1896 πρὸς
2420 1824 2509 1876 τὸν
2544 1822 2775 1902 ἀδελφὸν
2806 1828 3000 1894 πιθανὴ
3035 1825 3228 1880 ἐδόκει·
3291 1828 3359 1896 ἦν
3418 1827 3521 1901 γὰρ
3552 1826 3611 1880 ἐκ
3640 1823 3783 1880 πολ-

2141 1910 2240 1964 λοῦ
2297 1916 2518 1966 τοιαῦτα
2565 1912 2794 1974 ἀκούσας
2849 1914 2972 1987 περὶ
3019 1915 3225 1969 ἐκείνου
3277 1917 3362 1969 καὶ
3423 1917 3450 1970 ὁ
3506 1913 3782 1990 βασιλεύς.

2140 1999 2373 2053 Συνίστα
2405 1997 2460 2054 δὲ
2508 2002 2600 2063 τὰς
2647 2003 2978 2078 κατηγορίας
3027 2003 3117 2058 καὶ
3163 2003 3229 2057 τὰ
3278 2008 3375 2057 τοῦ
3424 2001 3618 2075 ἀνδρὸς
3660 2023 3785 2057 κατ-

2139 2089 2454 2160 ορθώματα,
2487 2089 2559 2150 ὡς
2613 2088 2752 2151 εἰκὸς
2803 2091 2933 2144 εἶναι
2983 2091 3155 2154 οὕτως
3193 2089 3588 2164 εὐδοκιμοῦντα
3617 2090 3784 2146 ὑπελ-

2139 2179 2246 2237 Θεῖν
2295 2177 2494 2229 ἐκεῖνον
2551 2178 2640 2230 τὸν
2700 2178 2964 2252 Πρίντζην
3023 2179 3110 2232 καὶ
3170 2181 3393 2232 τοιαῦτα
3446 2179 3560 2250 μετ’
3619 2176 3783 2231 αὐτοῦ

2138 2263 2542 2330 συσκευάζεσθαι
2580 2309 2593 2322 .
2669 2266 2738 2319 Τὸ
2799 2264 2854 2319 δέ
2911 2287 2972 2339 γε
3027 2266 3161 2340 πρὸς
3220 2266 3317 2333 τὴν
3372 2266 3634 2340 θυγατέρα
3687 2267 3784 2318 τοῦ

2143 2353 2410 2423 βασιλέως
2439 2351 2607 2416 κῆδος
2638 2355 2727 2408 καὶ
2760 2352 2880 2408 λίαν
2916 2355 3094 2408 ἱκανὸν
3128 2354 3377 2427 οἰόμενος
3407 2354 3610 2408 πείθειν
3645 2352 3782 2408 ἐκεῖ·

2139 2459 2228 2492 νον
2263 2439 2336 2501 ὠς
2382 2439 2656 2515 μεγίστοις
2708 2437 3306 2517 ἒπιγαμϐρευσόμενον,
3353 2442 3442 2497 καὶ
3495 2440 3618 2498 λίαν
3642 2461 3784 2516 παρ-

2138 2637 2243 2702 ria,
2271 2639 2394 2707 jam
2428 2641 2579 2709 apud
2617 2639 2813 2695 hostes
2845 2639 3087 2694 celebris
3129 2639 3283 2696 fama
3331 2638 3552 2711 peritiae
3584 2653 3780 2693 rerum

2138 2725 2477 2781 bellicarum
2502 2732 2644 2782 eteo
2667 2729 2900 2782 nomine
2925 2729 3066 2799 ipsis
3089 2727 3401 2783 formidati.
3424 2727 3584 2782 Unde
3606 2729 3772 2781 seba-

2138 2819 2453 2869 stocratore
2477 2815 2635 2868 illinc
2668 2821 2865 2886 postea
2896 2817 3220 2879 recedente,
3253 2815 3302 2868 is
3335 2815 3412 2870 ibi
3445 2831 3579 2869 cum
3611 2814 3772 2870 Phile

2139 2907 2228 2956 est
2259 2903 2515 2962 relictus.
2543 2910 2605 2957 ut
2640 2904 2916 2959 exercitui
2951 2908 3285 2976 priecssent.
3321 2905 3443 2968 Qua
3475 2903 3532 2957 in
3567 2903 3770 2973 praefe-

2140 2997 2301 3044 ctura
2332 3009 2464 3045 cum
2499 3009 2648 3061 saepe
2681 3009 2954 3062 prospere
2987 2997 3370 3064 pugnassent,
3390 2992 3541 3047 208
3583 2989 3770 3046 semel

2140 3080 2521 3146 offenderunt,
2548 3081 2627 3135 ita
2661 3087 2723 3134 ut
2747 3080 2938 3150 przelio
2969 3081 3227 3135 infausto
3258 3081 3423 3135 ambo
3454 3078 3605 3150 capti
3639 3080 3773 3134 bos—

2139 3169 2286 3221 tium
2315 3169 2583 3222 custodia
2621 3168 3043 3234 detinerentur,
3067 3168 3124 3222 in
3150 3185 3266 3238 qua
3289 3184 3535 3238 magnus
3576 3169 3776 3222 dome-

2063 3281 2105 3346 6
2143 3257 2323 3310 sticus
2346 3262 2731 3312 estmorluus.
2756 3257 2940 3326 Hujus
2963 3274 3162 3311 socrus
3188 3255 3422 3324 Eulogia
3443 3272 3575 3310 cum
3597 3256 3775 3310 istum

2146 3345 2420 3399 nuntium
2452 3345 2646 3399 dolore
2695 3363 2801 3400 suo
2833 3346 3086 3400 maximo
3137 3345 3402 3400 auditum
3436 3345 3773 3416 imperatori

2145 3433 2399 3499 referret,
2427 3435 2720 3504 proditum
2754 3434 2825 3488 ab
2859 3435 3005 3489 sacri
3030 3433 3284 3488 cubiculi
3313 3432 3576 3504 praefecto
3599 3450 3771 3489 suum

2142 3536 2417 3590 generum
2448 3525 2653 3590 questa
2681 3526 2788 3587 est,
2819 3538 3087 3576 asserens
3119 3520 3407 3576 volentem
3437 3523 3771 3576 Macrenum

2144 3608 2290 3662 bello
2321 3607 2561 3673 victum,
2605 3611 2807 3678 fuisse,
2831 3615 2886 3664 et
2911 3626 2979 3664 ex
3009 3610 3330 3678 composito
3362 3609 3665 3664 inductum
3699 3610 3771 3663 ab

2139 3696 2266 3767 ipso
2301 3697 2353 3750 in
2380 3697 2638 3767 provisas
2670 3697 2916 3752 insidias
2949 3715 3221 3766 magnum
3257 3699 3662 3752 domesticum.
3704 3702 3773 3752 Et

2139 3800 2332 3840 revera
2365 3786 2629 3855 qumdam
2653 3784 3016 3839 increbuerat
3035 3802 3145 3839 non
3162 3801 3400 3855 prorsus
3421 3784 3769 3840 inverisimi-

2139 3873 2210 3927 lis
2245 3872 2378 3928 talis
2410 3875 2657 3943 perfidiae
2690 3873 2906 3944 opinio,
2931 3873 3130 3928 multis
3163 3890 3228 3927 ex
3262 3873 3590 3943 suspicione
3613 3875 3770 3928 affir-

2141 3961 2438 4015 mantibus
2470 3962 2659 4031 egisse
2705 3961 2852 4014 clam
2885 3966 2943 4014 et
2973 3959 3314 4015 convenisse
3346 3977 3477 4014 cum
3511 3961 3772 4033 principe

2140 4056 2496 4117 Macrenum,
2518 4050 2805 4120 promissa
2827 4049 2963 4102 huic
2985 4050 3058 4103 ab
3081 4049 3177 4103 illo
3198 4049 3484 4104 Theodori
3506 4051 3774 4105 Lascaris

2140 4137 2507 4207 imperatoris
2532 4137 2735 4208 nuperi
2762 4137 2878 4192 ﬁlia
2902 4155 2914 4192 :
2942 4137 3062 4191 haec
3079 4137 3234 4191 enim
3261 4137 3338 4191 ibi
3363 4141 3565 4207 nupta,
3600 4143 3664 4192 ut
3693 4137 3777 4192 di-

2143 4226 2334 4280 ximus
2363 4225 2482 4280 viro
2527 4226 2736 4280 deinde
2785 4230 3014 4280 mortuo
3047 4226 3201 4297 apud
3253 4226 3575 4296 principem
3603 4227 3779 4281 vidua

2144 4315 2461 4385 perstabat.
2486 4314 2814 4368 Pollicitum
2835 4319 3026 4368 autem
3053 4313 3152 4368 tali
3170 4314 3431 4367 mercede
3445 4314 3780 4369 Macrenum

2143 4402 2378 4457 aiebant
2399 4403 2750 4457 traditurum
2767 4419 2893 4458 sese
2910 4402 3156 4472 principi
3181 4419 3305 4473 quae
3328 4403 3573 4456 Romani
3598 4403 3652 4457 in
3678 4403 3780 4458 Pe-

2144 4492 2460 4563 loponneso
2483 4496 2777 4561 ceperant,
2818 4497 2876 4546 et
2914 4491 3251 4561 imperatori
3275 4495 3558 4560 quantum
3584 4504 3782 4562 posset

2145 4581 2520 4635 obstiturum.
2547 4585 2676 4633 Haec
2714 4579 2960 4650 Eulogia
3009 4580 3171 4632 fratri
3197 4579 3397 4632 dicens
3440 4579 3782 4634 verisimilia

390 4636 938 4743 inde—allegantiqu
973 4636 1380 4723 altercationes
1411 4636 1588 4737 c0piie
1638 4666 1882 4720 Joannis
1930 4636 2031 4720 de-
2064 4636 2110 4697 Β
2141 4669 2300 4738 loqui
2331 4669 2455 4722 visa
2475 4672 2582 4735 est,
2608 4683 2673 4720 eo
2694 4636 3230 4736 quodjamdudum
3257 4667 3395 4722 talia
3415 4667 3485 4722 de
3510 4667 3776 4723 Macreno

391 4766 572 4833 epota:
604 4762 780 4816 ductu
807 4759 1127 4813 militantes
1149 4761 1380 4826 tempus
1423 4770 1544 4809 rem
1569 4753 2032 4824 regendicontri-

389 4855 620 4906 verunt.
657 4853 731 4903 At
770 4848 1200 4903 sebastocrator
1221 4842 1682 4899 Monembasiam
1707 4846 1762 4896 et
1784 4841 2033 4896 circum-

391 4940 585 5013 posita
614 4937 890 4993 obsidens
914 4934 1090 5005 loqua
1112 4934 1372 5004 quotidie
1391 4947 1522 4986 cum
1540 4930 1799 5002 principe
1815 4947 2034 5001 pugna-

388 5027 528 5081 bat:
554 5041 666 5078 non
701 5022 856 5077 enim
889 5038 956 5076 ea
973 5037 1150 5092 quam
1184 5017 1431 5074 Romani
1458 5020 1580 5087 jam
1613 5024 2034 5088 occupaverant

390 5111 774 5183 Peleponnesi
799 5114 960 5180 parte
982 5113 1314 5172 contentus,
1349 5106 1681 5161 universam
1716 5107 2034 5177 subjugare

391 5201 723 5266 affectabat,
749 5198 820 5252 ad
854 5198 909 5251 id
947 5196 1057 5267 ipsi
1090 5212 1192 5266 pro
1225 5194 1376 5248 virili
1412 5195 1860 5262 c00perantibus
1886 5211 2034 5265 quos

390 5289 505 5346 sub
539 5304 599 5343 se
627 5286 880 5341 habebat
913 5286 1112 5352 duces,
1138 5282 1298 5337 Phile
1334 5281 1652 5354 praesertim
1687 5299 1897 5354 magno
1931 5284 2032 5338 do-

390 5374 636 5430 mestico
668 5377 724 5428 et
755 5377 1017 5426 Macreno
1052 5371 1200 5424 sacri
1233 5370 1483 5425 cubiculi
1514 5371 1802 5439 praefecto.

451 5463 540 5516 17.
570 5463 642 5516 De
660 5463 871 5517 Joanne
896 5463 1160 5514 Macreno
1180 5459 1407 5529 Augusti
1426 5459 1675 5512 cubiculi
1703 5462 1981 5528 praefecto.

472 5551 535 5604 In
569 5549 660 5604 bis
689 5549 842 5604 sacri
875 5545 1132 5602 cubiculi
1169 5545 1421 5617 praefecti
1453 5545 1741 5617 praecipua
1771 5553 1892 5601 crat
1915 5549 2034 5619 glo-

678 5668 947 5727 Punoc.
994 5665 1104 5725 Gn.
1143 5662 1403 5723 CXLIII.

2138 4758 2458 4827 imperator
2513 4755 2790 4809 audisset.
2850 4755 3155 4809 Addebant
3185 4759 3380 4810 autem
3424 4756 3782 4812 accusationi

2141 4846 2310 4899 fidem
2338 4843 2508 4898 fortia
2539 4843 2642 4896 viri
2669 4844 2910 4910 facta,ex
2931 4843 3146 4914 quibus
3169 4843 3444 4900 credibile
3465 4846 3784 4916 apparebat

2141 4938 2412 4987 conatum
2447 4931 2628 4986 fuisse
2668 4931 2991 5002 principem
3044 4931 3287 4986 delinire
3332 4937 3449 4987 tam
3501 4932 3782 5005 inclytum

2139 5021 2291 5075 bello
2323 5021 2530 5076 ducem
2563 5025 2619 5075 et
2649 5021 2707 5074 in
2740 5037 2877 5075 suas
2901 5037 3033 5075 eum
3059 5025 3252 5089 partes
3282 5022 3592 5077 attrahere.
3618 5022 3779 5085 Quod

2143 5127 2314 5181 porro
2338 5110 2664 5165 addebatur
2686 5109 2754 5164 de
2796 5109 3041 5180 conjuge
3066 5109 3177 5180 ipsi
3203 5111 3491 5164 destinata
3514 5109 3634 5164 ﬁlia
3665 5111 3779 5163 im-

2146 5199 2424 5271 peratoris
2454 5197 2761 5268 Theodori,
2793 5198 2848 5251 id
2884 5205 2939 5252 et
2968 5198 3388 5253 efﬁcassimum
3423 5199 3780 5253 incentivum

2145 5288 2372 5358 quidvis
2395 5288 2646 5341 audendi
2689 5292 2958 5341 Macreno
3001 5287 3261 5340 futurum
3302 5286 3556 5354 videbat,
3584 5286 3788 5356 utique

2145 5393 2375 5430 summe
2395 5375 2736 5444 expetibiles
2763 5375 2905 5429 tales
2931 5375 3168 5445 nuptias
3192 5374 3300 5428 sibi
3325 5375 3615 5428 crcdituro
3647 5392 3784 5444 pro-

2144 5471 2271 5534 pter
2291 5464 2630 5517 afﬁnitatem
2656 5479 2832 5533 quam
2866 5481 2966 5533 per
2993 5481 3088 5517 eas
3114 5479 3245 5518 cum
3289 5461 3565 5517 maximis
3612 5461 3788 5516 iniret

2145 5551 2441 5606 domibus.
2476 5551 2698 5621 thuia
2745 5553 2893 5605 idem
2921 5550 3364 5606 matrimonium
3413 5549 3785 5622 periculosi:-

3428 5670 3499 5725 21
