4158 6280
522 248 624 304 651
1823 245 2125 303 GEORGII
2160 247 2175 300 l

2283 245 2625 306 manu
3170 280 3173 281 ν
3776 224 3865 316 θεέ

521 370 721 438 ἔκνιζεν
753 367 830 431 εἷς
879 366 1045 442 ὀργὴν
1098 363 1188 421 διὰ
1230 367 1328 435 τὴν
1376 369 1472 420 τοῦ
1532 363 1721 437 μίσους
1766 371 1877 453 τῆς
1913 363 2164 453 γυναικὸς
2197 368 2248 433 Α
2278 365 2367 421 καὶ
2428 367 2711 443 βασιλικὸν
2744 369 3000 447 φρόνημα
3051 373 3079 427 ὁ
3136 373 3297 450 ἀνὴρ,
3353 371 3442 429 καὶ
3497 372 3554 429 οὐ
3589 374 3862 453 κατεδίχετο

523 454 778 529 ὑποψίαν.
838 455 995 518 Ὀθεν
1041 453 1131 509 καὶ
1190 454 1264 514 ὡς
1305 453 1540 523 ἀληθινὰ
1583 453 1649 507 τά
1694 452 1895 516 πιθανά
1942 450 2168 523 δεξάημε-
2276 440 2799 530 περιφρονούμενοςξ
2852 440 3009 522 Ὅθεν
3061 459 3150 514 καὶ
3185 440 3443 534 συχνάκις
3497 460 3583 532 μὶν
3634 440 3862 535 πρὸςητὸν

522 565 633 613 νος,
664 546 926 617 τιμωρεῖν
956 541 1261 615 παραυτίκα
1288 539 1454 609 ἤθελε
1482 540 1571 594 καὶ
1602 540 1748 615 παρὰ
1793 544 1909 601 τοῖς
1943 540 2170 614 ἐχθροῖς
2277 542 2455 597 πάπαν
2515 541 2767 618 πρέσϐεις
2822 546 2975 622 ἐξῆγε
3030 548 3118 602 καὶ
3178 545 3379 621 δώροις
3437 547 3722 624 ὑπήρχετο*
3771 555 3859 606 alb;

523 631 575 686 ἐν
620 634 688 704 τῇ
721 629 936 707 φυλακῇ
988 626 1388 703 συνεσχημένον
1438 630 1527 683 τὸν
1574 625 1756 702 ἄνδρα.
1802 626 1904 682 Καὶ
1953 625 2169 699 πέμψεις
2277 631 2381 704 γάρ
2450 631 2649 686 ἐκεῖθεν
2722 635 2812 688 τὸν
2887 632 3129 690 κίνδυνον
3201 636 3591 706 καθυώπτευεν,
3647 637 3712 699 ὠς
3760 639 3866 711 μηδ’

523 719 681 773 αὐτὸν
737 715 1095 772 ἀνταλλάττει
1157 715 1420 792 μεγίστων
1478 717 1785 790 προσώπων
1847 713 2168 785 Ἰταλικῶν,
2281 716 2527 774 ὁπωσοῦν
2579 721 2968 794 ἡρεμησόντων
3027 727 3134 777 τῶν
3189 721 3436 780 Ἰταλῶν.
3495 726 3567 777 Δι’
3597 723 3663 778 ὦν
3692 727 3767 780 καὶ
3791 728 3864 781 τά.

522 807 611 861 καὶ
669 800 1012 881 παρασχεδὸν
1077 806 1184 857 τῶν
1254 802 1553 881 ὀφθαλμῶν
1612 804 1914 879 ἀφαιρεῖται
1950 844 1963 869 ,
2024 801 2173 873 ἀξίας
2275 809 2412 861 κεῖθι
2471 809 2545 870 ὡς
2605 808 2716 864 ἐνὸν
2770 811 3304 887 κατασφαλιζύμενος
3353 810 3615 887 ἐπεχείρει
3657 819 3758 877 τοῖς
3792 812 3869 871 ἄλ.

525 891 824 955 ἀντιδόσεις
875 890 1057 953 διδοὺς
1112 895 1220 946 τῶν
1280 889 1777 968 ἀνδραγαθημάτων
1838 892 1909 945 ὧν
1966 889 2168 953 ἐκεῖνος
2278 894 2396 958 λοις
2455 897 2816 974 θαρρούντως.
2881 906 3120 974 Συχναῖς
3179 904 3305 975 γοῦν
3356 894 3652 974 πρεσϐείαις
3694 902 3771 956 καὶ
3800 900 3869 957 δε-

523 982 802 1058 είργέζετο
850 978 986 1035 κατᾶ
1030 978 1299 1053 πόλεμον,
1356 984 1474 1041 τοῖς
1525 979 1746 1055 ἐχθροῖς
1798 978 2052 1052 γενναίως
2078 976 2168 1031 καὶ

525 1068 796 1147 ἀνδρικῶς
845 1069 1249 1142 ἀνθιστάμενος.
1307 1065 1469 1124 Ἀλλ’
1528 1066 1670 1122 οὕτω
1723 1067 1817 1139 μὶν
1869 1072 1959 1121 καί
2003 1069 2172 1120 ταῦτα

522 1153 746 1228 συνέϐηο
778 1159 806 1213 ὁ
839 1155 897 1213 δέ
924 1178 983 1232 γε
1031 1155 1467 1232 πρωτοστράτωρ
1496 1154 1967 1231 Φιλανθρωπηνὸς
2012 1153 2162 1212 Ἀλέ-

523 1247 636 1316 ξιος
691 1250 812 1308 ταῖς
866 1247 1057 1315 νήσοις
1100 1242 1418 1318 προσίσχων
1476 1243 1572 1307 τὰς
1613 1247 1739 1305 ναῦς
1791 1243 1874 1317 (τὸ
1920 1242 2022 1319 γὰρ
2066 1249 2169 1297 Γα-

2277 982 2487 1053 ξιώσεσι
2524 987 2597 1058 μὴ
2634 988 2800 1059 μόνον
2829 988 2919 1042 τὸν
2962 989 3161 1060 πάπαν,
3193 987 3338 1042 ἀλλὰ
3385 987 3475 1041 καὶ
3523 987 3747 1050 πολλοῦς
3784 996 3871 1044 τῶν

2275 1069 2656 1148 καρδηναλίων
2688 1075 2775 1145 καὶ
2805 1079 2912 1130 τῶν
2944 1077 3071 1150 παρ’
3121 1075 3311 1148 ἐκεινῳ
3370 1073 3670 1149 δυναμένων
3700 1076 3875 1150 ἐξεμει-

2276 1157 2511 1216 λίσσετο.
2566 1162 2713 1235 Πρὸς
2764 1158 2820 1215 δέ
2865 1182 2925 1236 γε
2973 1160 3100 1225 τοὺς
3129 1161 3502 1237 Βουλγάρους,
3545 1159 3650 1217 οὐδ’
3680 1162 3876 1225 ἐκείνους

2276 1246 2498 1320 ἠρεμεῖν
2533 1245 2634 1319 εἷά,
2666 1246 2793 1304 ἀλλ’
2819 1249 2877 1304 ἐκ
2906 1254 3002 1304 τοῦ
3033 1248 3287 1324 σύνεγγυς
3329 1249 3616 1326 παρεκίνει.
3663 1253 3752 1307 Ἤν
3793 1253 3873 1328 γὰρ

525 1332 826 1408 σμουλικδν
889 1331 1232 1409 θαρρούντως
1297 1334 1417 1407 εἶχε
1470 1332 1606 1406 πρὸς
1656 1332 1756 1393 τὰς
1818 1332 2035 1407 μάχας,
2093 1331 2170 1393 ὡς

525 1423 719 1486 αὐτοὺς
772 1423 868 1497 μὲν
899 1422 1037 1497 πρὸς
1073 1419 1283 1495 μάχην,
1314 1419 1441 1482 τοὺς
1471 1418 1529 1475 δέ
1556 1441 1621 1496 γε
1668 1419 1997 1495 λεγομένους
2028 1440 2168 1495 προ-

523 1512 796 1574 σελῶντας
827 1510 904 1573 εἰς
941 1509 1160 1565 ἐλασίαν
1211 1508 1301 1564 καὶ
1354 1507 1525 1582 μόνην
1573 1506 1900 1581 τάττεσθαι),
1948 1506 2169 1582 προσέτι

524 1599 583 1656 δὶ
626 1599 719 1656 καὶ
776 1599 1091 1655 Λακωνικὸν
1139 1593 1285 1673 ἔχων
1341 1596 1433 1660 οὓς
1484 1594 1550 1666 δὴ
1600 1596 1706 1651 ἀπὸ
1749 1597 2170 1667 Πελοποννήσου

527 1689 819 1763 μετῴκιζεν
856 1687 883 1741 ὁ
912 1690 1149 1762 κρατῶν,
1178 1686 1410 1747 τούτους
1438 1685 1642 1757 πάντας
1680 1683 1768 1739 ἐπὶ
1798 1689 1944 1755 νηῶν
1992 1685 2166 1762 φέρων

522 1777 718 1833 ἐκάκου
747 1776 841 1839 τὰς
865 1778 1068 1847 νήσους
1097 1773 1189 1829 καὶ
1217 1774 1309 1828 τὸν
1342 1777 1448 1828 τῶν
1482 1772 1695 1849 ἐχθρῶν
1747 1771 1987 1828 πλοῦτον
2036 1794 2171 1850 προ-

525 1872 656 1941 σῆγε
682 1870 765 1938 τῷ
802 1862 1037 1941 βασιλεῖ.

530 1974 970 2057 ιη’.-Πρεσβεῖαι
1037 1979 1174 2057 προς
1234 1979 1438 2057 πάτεαν,
1483 1977 1584 2057 καὶ
1641 1973 1794 2057 ὅπως
1921 1975 2173 2057 βασιλεὺς

598 2051 665 2108 τὰ
729 2046 852 2126 περὶ
920 2050 1010 2106 τὸν
1082 2046 1263 2126 Ἀῖμον
1330 2046 1664 2126 διατεθείκει,
1737 2046 2172 2126 αύτὸςξιέπιτάτ-

599 2143 707 2178 των
777 2115 897 2186 τοῖς
970 2115 1295 2196 στρατηγοῖς
1348 2125 1456 2175 τῶν
1537 2118 1815 2191 δυνάμεων
1879 2115 2021 2174 οἷ’κοι
2078 2140 2172 2174 κα-

599 2197 858 2268 θήμενος›

601 2311 683 2382 [Ρ.
714 2308 840 2380 MO]
871 2306 947 2363 Ού
983 2306 1090 2379 μὴν
1123 2303 1252 2360 ἀλλ’
1306 2302 1426 2360 οὐδ’
1470 2304 1498 2359 ὁ
1535 2303 1789 2380 βασιλεὺς
1831 2301 1971 2359 οἷ’κοι
2004 2305 2172 2375 καθή-

533 2417 693 2472 μενος
751 2393 1015 2472 ἠπράκτεί
1064 2392 1155 2448 καὶ
1217 2397 1323 2449 τῶν
1375 2393 1708 2468 πραγμάτων
1755 2391 2171 2470 κατεῤῥᾳθύμει,

528 2484 731 2557 πόθεν;
788 2480 1004 2540 πολλοῦ
1033 2503 1098 2559 γε
1147 2482 1237 2538 καὶ
1291 2479 1393 2540 δεῖ.
1440 2482 1573 2557 Εἶχε
1600 2480 1701 2558 γὰρ
1729 2486 1847 2546 τοῖς
1890 2479 2175 2551 ἀληθείαις

531 2687 750 2746 simum
775 2686 953 2744 rebus
975 2685 1100 2742 suis
1119 2685 1383 2740 futurum
1397 2680 2009 2756 intelligebat,idoirco
2026 2685 2180 2755 quod

537 2794 663 2834 eam
697 2775 1004 2832 mulierem
1037 2778 1241 2846 utpote
1272 2788 1531 2829 sororem
1564 2771 1827 2828 excaecati
1856 2789 1888 2826 a
1919 2788 1979 2827 se
1998 2771 2179 2827 Joan-

535 2866 627 2922 nis
652 2864 767 2921 sibi
801 2880 931 2921 esse
962 2862 1252 2918 infensam
1281 2860 1716 2933 suspicabatur,
1748 2860 2076 2916 concitatus
2119 2861 2178 2916 in

532 2954 937 3011 vehementem
970 2951 1204 3017 iram,et
1225 2966 1352 3021 qua:
1383 2946 1613 3005 tantum
1638 2948 2181 3004 verisimititernar-

536 3041 840 3107 rebantur,
863 3057 966 3112 pro
992 3039 1147 3094 veris
1180 3042 1237 3093 et
1267 3036 1507 3092 omnino
1556 3036 1728 3091 certis
1759 3035 1984 3091 habens
2017 3041 2177 3092 atro-

2275 1334 2365 1389 καὶ
2396 1334 2582 1398 ἄλλως
2630 1338 2903 1415 προφανὲς
2924 1338 2985 1392 τὸ
3032 1338 3167 1414 πρὸς
3198 1335 3401 1393 ἐκεῖνον
3449 1334 3606 1414 ἔχθος
3633 1344 3722 1394 τοῦ
3747 1343 3877 1396 Κων-

2278 1424 2577 1493 σταντίνου,
2636 1422 3058 1502 ἐξοτρυνομένου
3105 1426 3253 1499 παρά
3306 1433 3407 1495 τῆς
3453 1427 3696 1503 γυναικὸς
3736 1427 3877 1501 Εἰρή-

2275 1531 2373 1581 νης
2424 1516 2519 1566 τοῦ
2577 1511 2770 1575 παιδὸς
2826 1514 2987 1589 χάριν
3040 1515 3293 1568 Ἰωάννου
3351 1511 3588 1592 ἀδελφοῦ
3626 1535 3682 1589 γε
3732 1511 3877 1581 ὄντος,

2275 1600 2363 1654 καὶ
2396 1598 2468 1654 ὧν
2529 1599 2579 1671 ἐξ
2614 1601 2848 1677 ὑπογύου
2882 1602 2982 1657 οὐκ
3037 1599 3282 1674 ἐνδίκως,
3340 1604 3384 1656 ὧ
3443 1599 3590 1672 δίκη,
3637 1603 3878 1659 πέπονθεν.

2279 1689 2510 1762 Ἀνάγκη
2570 1687 2616 1743 δ’
2662 1691 2730 1759 ἧν
2779 1689 2946 1765 ἔχθος
3002 1687 3197 1766 ἔχοντα
3252 1691 3379 1764 παρ’
3436 1691 3647 1746 ἐκείνων
3693 1691 3771 1745 τὸν
3801 1692 3881 1764 βα-

2277 1782 2432 1831 σιλέα
2460 1776 2548 1831 καὶ
2598 1776 2753 1832 αὐτὸν
2802 1777 3102 1853 ἐχθραίνειν
3151 1778 3242 1832 καὶ
3286 1778 3546 1848 άντιξύειν
3573 1779 3660 1833 τὸν
3703 1777 3879 1848 ξύοντα.

2278 1864 2488 1939 Μέχρις
2541 1864 2631 1919 οὖν
2687 1864 3027 1939 Ὀρεστιάδος
3084 1867 3413 1942 ὁριζομένης
3466 1873 3563 1935 τῆς
3618 1861 3884 1938 Ῥωμαίδος

2279 1952 2368 2007 καὶ
2430 1952 2591 2025 μόλις
2636 1950 2922 2029 πρότερον,
2956 1955 3031 2017 ὡς
3061 1958 3168 2010 τῶν
3217 1953 3415 2018 ἐκεῖθεν
3450 1954 3553 2009 ὑπὸ
3582 1952 3882 2027 Βουλγάροις

2282 2036 2490 2111 ὄντων,
2546 2043 2776 2115 πέμπων
2826 2043 2991 2105 αὐτὸς
3050 2042 3252 2118 συχνὰς
3310 2042 3619 2105 ἀποστολὰς
3668 2062 3883 2116 στρατευ-

2286 2130 2487 2201 μάτων,
2545 2130 2705 2194 αύτὸς
2759 2128 2996 2195 ἐντεῦθεν
3030 2129 3474 2205 διαταττόμενος,
3530 2132 3591 2186 τὸ
3628 2131 3885 2202 θαυμάσιον

2280 2219 2393 2289 (καὶ
2440 2219 2543 2293 γὰρ
2572 2215 2604 2272 ἃ
2649 2219 2743 2292 μὲν
2797 2215 2987 2291 ξυνέϐη
3039 2217 3197 2290 ἰδεῖν,
3244 2217 3465 2283 τούτοις
3496 2220 3764 2295 γινώσκων
3786 2215 3890 2279 τοὺς

2281 2307 2668 2378 πεμπομένους
2726 2306 2995 2380 ἐπέταττε,
3044 2309 3134 2363 καὶ
3191 2306 3323 2362 ὅπευ
3372 2305 3795 2385 προσκαθίσαιντ¹
3838 2303 3885 2358 ἂν

2281 2394 2371 2449 καὶ
2427 2394 2576 2456 ὅπως
2630 2391 2956 2469 ξυμϐαλοῖεν
3005 2396 3096 2451 καὶ
3145 2395 3263 2461 ὅθεν
3320 2398 3644 2471 ὁρμήσαιντ’
3686 2393 3890 2465 ἃν,ἢέκ

2283 2480 2472 2557 λόχων
2521 2481 2558 2552 ἢ
2607 2484 2849 2561 φανεροὶ,
2897 2483 3106 2560 ἡμέρας
3135 2484 3171 2554 ἢ
3213 2483 3303 2540 καὶ
3348 2488 3568 2569 νυκτὸς,
3607 2484 3796 2540 τάττων
3822 2479 3887 2536 ἐν·

2290 2688 2348 2741 et
2377 2686 2577 2741 crebro
2607 2687 2676 2741 ad
2710 2702 2923 2758 papam
2957 2686 3182 2759 legatos
3235 2687 3420 2755 misit,
3479 2691 3535 2745 et
3578 2687 3741 2744 donis
3783 2702 3888 2742 eum

2291 2773 2554 2829 delinivit
2578 2791 2590 2829 :
2617 2791 2750 2830 nam
2782 2775 2917 2829 inde
2938 2776 3172 2830 assidue
3188 2775 3520 2847 periculum
3536 2775 3890 2849 suspectabat,

2290 2877 2591 2933 nunquam
2624 2862 2932 2933 quieturis,
2965 2867 3032 2917 ut
3078 2863 3419 2935 apparebat,
3480 2864 3660 2920 Italis.
3708 2867 3890 2918 Verum

2287 2950 2572 3022 optimum
2608 2952 2760 3006 factu
2795 2951 3037 3022 putabat
3062 2950 3274 3007 ofﬁciis
3319 2956 3376 3008 et
3429 2950 3890 3026 propositionibus

2287 3038 2466 3109 pacis,
2496 3039 2688 3110 quoad
2725 3038 2847 3093 fieri
2872 3043 3116 3109 poterat,
3159 3056 3251 3095 res
3274 3040 3344 3094 ab
3375 3056 3449 3095 ea
3470 3047 3633 3112 parte
3676 3040 3891 3099 firmare,

540 3131 684 3185 citer
714 3127 914 3184 ulcisci
947 3127 1033 3182 vel
1067 3128 1313 3198 primam
1350 3124 1524 3179 istius
1550 3123 1720 3178 invisi
1755 3123 1867 3179 sibi
1899 3125 2177 3180 connubii
2210 3113 2251 3178 C
2290 3143 2402 3195 quo
2433 3132 2629 3197 posset
2658 3127 2781 3197 ipse
2812 3126 3167 3183 securiorem
3224 3127 3347 3198 jam
3406 3129 3637 3184 caeteris
3680 3129 3894 3182 mentem

546 3216 953 3290 cogitationem
1001 3214 1058 3268 in
1120 3213 1270 3270 209
1330 3213 1598 3268 Macreno
1646 3211 1974 3267 constituit.
2034 3213 2180 3283 Ergo

544 3320 680 3361 eum
711 3304 929 3359 ostium
958 3303 1149 3358 adhuc
1169 3300 2180 3372 custodiadetentum,permutatum

547 3410 683 3450 cum
714 3391 988 3448 maximis
1014 3390 1280 3463 personis
1314 3388 1496 3445 Italici
1544 3388 1772 3460 generis
1813 3390 1882 3444 ad
1917 3406 1978 3445 se
2001 3391 2184 3461 jussit

545 3481 778 3550 adduci,
801 3485 857 3536 et
879 3479 1195 3553 appulsum
1226 3477 1536 3534 confestim
1566 3477 1890 3548 excascavit,
1931 3478 2081 3534 hanc
2129 3478 2180 3534 ei

545 3570 785 3643 dignam
817 3567 1042 3626 scilicet
1066 3567 1394 3623 mercedem
1426 3567 1753 3638 rependens
1792 3569 1878 3621 tot
1915 3565 2179 3622 heroico-

543 3676 675 3715 rum
706 3657 1031 3714 facinorum
1066 3656 1139 3711 ab
1168 3656 1271 3712 illo
1318 3654 1632 3722 editorum,
1675 3656 1815 3710 dum
1846 3659 2048 3709 contra
2075 3655 2184 3711 ho-

543 3753 661 3805 stes
692 3746 936 3803 Romani
965 3744 1220 3801 nominis
1252 3744 1426 3799 toties
1457 3746 1578 3799 tam
1605 3759 1882 3815 generose
1913 3759 1978 3798 ac
2016 3742 2181 3797 forti-

543 3841 633 3893 ter
661 3838 968 3909 pugnaret.
997 3834 1067 3889 Et
1113 3834 1234 3889 haec
1283 3832 1524 3904 quidem
1585 3833 1667 3887 sic
1715 3848 1778 3888 se
1831 3831 2179 3887 habuerunt.

542 3928 828 3984 Caeterum
888 3926 1269 3995 protostrator
1323 3920 1576 3993 Alexius.
1628 3919 2181 3992 Philanthropenus,

546 4028 820 4085 egressus
849 4028 983 4067 cum
1013 4010 1220 4079 classe,
1256 4026 1433 4082 quam
1483 4007 1739 4064 habebat
1785 4008 2013 4081 egregie
2060 4008 2182 4065 ins-

543 4104 794 4157 tructam
827 4099 1117 4156 militibus
1147 4098 1466 4155 Gasmulici
1507 4098 1756 4170 generis,
1809 4099 2024 4168 quibus
2055 4114 2182 4153 ma-

540 4188 697 4247 xime
727 4190 788 4245 in
819 4187 1034 4261 praeliis
1065 4188 1283 4243 fidebat
1311 4186 1409 4258 (iis
1438 4185 1632 4242 solum
1680 4186 1751 4241 ad
1800 4185 2040 4242 bellicas
2090 4202 2181 4242 res

543 4283 738 4346 utens,
772 4275 906 4333 aliis
931 4292 1088 4342 vero,
1122 4291 1270 4346 quos
1304 4273 1670 4330 Proselontes
1699 4277 1929 4343 vocant,
1974 4274 2044 4329 ad
2089 4291 2181 4330 re-

541 4365 794 4439 migium
824 4363 1151 4435 duntaxat),
1194 4370 1470 4435 praeterea
1518 4362 1777 4417 Lacones
1825 4378 2025 4417 secum
2079 4362 2180 4417 ha-

2289 3216 2602 3269 advertere.
2635 3214 2821 3286 Igitur
2838 3214 3245 3286 frequentibus
3265 3215 3431 3271 hisce
3452 3212 3896 3272 missitationibus

2288 3301 2616 3373 legatorum
2652 3307 2707 3357 et
2757 3300 3171 3373 largitionibus
3204 3303 3545 3374 magnificis
3576 3320 3687 3359 non
3716 3313 3897 3373 papam

2288 3388 2502 3457 solum,
2533 3390 2634 3445 sed
2670 3390 2887 3446 multos
2944 3389 3121 3445 etiam
3173 3391 3328 3446 210
3388 3391 3762 3448 cardinalium
3813 3388 3893 3441 aut

2288 3478 2506 3550 alioqui
2535 3479 2687 3551 apud
2719 3477 2915 3551 ipsum
2947 3479 3278 3551 potentium
3309 3481 3591 3535 studebat
3619 3473 3888 3535 demereri.

2285 3568 2443 3632 Quod
2462 3567 2742 3639 Bulgaros
2761 3566 3329 3638 attinet,nequeillos
3343 3568 3646 3639 quiescere
3667 3564 3891 3639 patieba-

2285 3661 2403 3726 tur,
2436 3657 2536 3711 sed
2567 3671 2596 3711 e
2626 3655 2816 3711 vicino
2846 3656 3190 3711 lacessebat.
3216 3660 3350 3710 Erat
3381 3656 3541 3712 enim
3576 3653 3788 3728 publice
3806 3666 3890 3705 no-

2285 3749 2411 3799 tum
2441 3745 2723 3800 adversus
2747 3744 3158 3815 imperatorem
3179 3742 3377 3800 odium
3403 3741 3762 3801 Constantini
3784 3736 3893 3792 Bul-

2285 3832 2715 3905 gari,continuo
2738 3831 3023 3887 stimulati
3052 3834 3121 3886 ad
3148 3831 3204 3886 id
3228 3832 3301 3886 ab
3315 3849 3496 3889 uxore
3519 3834 3678 3888 Irene
3694 3830 3899 3903 propter

2287 3938 2532 3992 puerum
2576 3921 2862 3976 Joannem
2915 3921 3151 3975 fratrem
3198 3920 3406 3991 utique
3440 3921 3701 3976 mulieris
3730 3917 3899 3977 istius,

2285 4016 2406 4066 tam
2440 4010 2841 4081 injuste,ojus
2865 4008 3097 4080 fasque!
3125 4008 3409 4064 immania
3441 4025 3685 4082 passum
3706 4001 3902 4062 occulta

2285 4117 2354 4155 ex
2375 4098 2610 4153 insidiis
2631 4099 3000 4171 grassatione
3020 4095 3408 4153 crudelitatis.
3433 4100 3620 4169 Cujus
3648 4095 3755 4152 sibi
3783 4090 3899 4148 faci-

2289 4188 2447 4243 noris
2477 4187 2796 4259 imperator
2820 4184 3113 4255 conscius,
3136 4202 3268 4240 cum
3294 4201 3409 4241 non
3436 4190 3636 4259 posset
3666 4183 3798 4256 quin
3825 4180 3900 4233 in-

2285 4276 2445 4331 visus
2469 4280 2525 4331 et
2548 4274 2878 4347 capitaliter
2902 4289 3110 4329 exosus
3130 4277 3250 4328 tam
3275 4275 3632 4348 prOpinquis
3658 4283 3902 4345 oppresso

2287 4365 2510 4438 pupillo
2532 4364 2797 4436 personis
2819 4367 2993 4432 esset,
3017 4363 3372 4434 sequebatur
3396 4381 3467 4420 ex
3501 4380 3662 4419 more
3694 4378 3754 4417 ae
3781 4356 3898 4412 vitio

543 4455 712 4523 bons,
743 4469 906 4547 quos
939 4467 970 4508 e
1002 4449 1471 4547 Peloponneneso
1517 4449 1835 4547 imperator
1863 4450 2180 4507 transtule-
2209 4482 2258 4547 D
2289 4454 2527 4510 malitiae
2552 4452 2893 4508 utvicissim
2916 4450 3182 4522 illosipse
3197 4452 3420 4509 odisset
3442 4470 3510 4508 ac
3536 4456 3738 4507 mutua
3763 4444 3917 4505 collis

544 4545 653 4614 rat,
686 4557 817 4598 cum
848 4540 942 4598 his
973 4539 1249 4595 omnibus
1279 4538 1500 4596 bellum
1537 4555 1636 4611 per
1665 4537 1892 4594 insulas
1923 4539 2171 4595 circum-

538 4631 694 4702 tulit,
727 4630 919 4703 iisque
946 4628 1188 4686 vastatis
1219 4629 1554 4700 opulentam
1596 4644 1665 4684 ex
1716 4626 1989 4683 hostibus
2026 4644 2173 4699 prae-

537 4718 1025 4793 damimperatori
1057 4718 1288 4775 rediens
1320 4716 1552 4773 obtulit.

536 4827 602 4882 18
643 4827 959 4897 Legationes
1004 4825 1074 4881 ad
1118 4840 1352 4897 papam;
1402 4826 1453 4878 et
1496 4832 1560 4897 at
1604 4822 1905 4897 imperator
1942 4838 2058 4877 rem
2103 4823 2176 4878 ad

639 4895 883 4954 Haemum
907 4899 1098 4952 absens
1125 4900 1175 4951 et
1192 4895 1353 4951 ’domi
1381 4896 1621 4950 residens
1660 4895 1793 4951 bene
1820 4898 2065 4966 gesserit.

603 4985 766 5042 Haud
798 5002 968 5058 porro
999 4983 1234 5039 interim
1254 4982 1475 5038 otiosus
1490 4983 1645 5038 domi
1670 4983 1969 5038 desidebal
1991 4985 2173 5055 impe-

533 5075 819 5144 rator,aut
835 5070 1226 5128 indormiebat
1245 5068 1816 5141 rebus,negotiorum
1842 5071 2175 5126 occasiones

534 5161 1005 5232 praetermittens.
1049 5158 1213 5215 Unde
1253 5161 1448 5212 autem
1501 5160 1697 5229 posset
1720 5157 1830 5213 hoc
1861 5159 2173 5229 quisquam

535 5250 607 5305 de
636 5249 735 5306 illo
765 5245 1412 5316 autumare,quiatalis
1443 5245 1779 5317 suspicione
1812 5245 2173 5318 negligentiae

536 5337 880 5411 longissime
902 5334 1170 5392 omnium
1202 5333 1435 5389 abfuit?
1463 5334 1781 5389 Verissime
1812 5336 2027 5406 quippe
2058 5336 2175 5390 dici

534 5430 728 5498 potest
757 5427 940 5481 fuisse
968 5424 1095 5479 viro
1129 5420 1267 5476 huic
1297 5422 1563 5478 animum
1617 5427 1675 5478 et
1716 5422 1958 5495 spiritus
2005 5422 2174 5494 plane

531 5515 742 5586 regios;
766 5529 956 5585 neque
982 5511 1033 5569 is
1055 5526 1114 5567 se
1136 5526 1278 5567 sane
1298 5511 1589 5567 contemni
1625 5512 1978 5583 sustinebat,
2019 5513 2173 5568 unde

2289 4543 2451 4599 sione
2482 4543 2765 4598 detereret
2797 4541 3128 4596 obterentes
3159 4557 3241 4596 se.
3266 4540 3409 4595 Cum
3445 4542 3631 4611 igitur
3663 4540 3904 4594 Romana

2284 4632 2425 4687 dilio
2459 4630 2726 4685 {iniretur
2755 4630 3073 4695 Orestiade,
3122 4629 3335 4701 vixque
3381 4629 3542 4684 ultra
3588 4645 3714 4684 eam
3763 4628 3908 4680 antea

2287 4720 2684 4792 porrigeretur
2721 4718 2991 4791 Bulgaria
3032 4717 3303 4772 videlicet
3323 4716 3601 4772 ulteriora
3627 4708 3908 4771 obtinenti-

2283 4808 2661 4876 bus,crebras
2675 4806 3002 4862 eoimmisit
3019 4804 3363 4860 militarium
3381 4807 3687 4877 copiarum
3705 4814 3905 4864 manus,

2284 4897 2665 4969 praescribens
2699 4895 2844 4968 ipsis
2866 4893 3169 4965 sigillatim
3194 4895 3331 4965 quid
3355 4894 3532 4949 vellet
3556 4894 3699 4949 ﬁeri.
3726 4892 3784 4946 In
3812 4900 3906 4956 quo

2282 4990 2449 5041 erant
2469 4985 2716 5040 solertiae
2742 4984 2928 5056 ipsius
2947 4987 3004 5038 et
3026 4981 3244 5053 peritiae
3267 4981 3489 5038 bellicas
3531 4982 3672 5038 artis
3706 4972 3905 5050 experi-

2286 5078 2483 5130 menta
2506 5090 2744 5146 prorsus
2769 5073 2936 5127 mira.
2969 5070 3114 5125 Nam
3146 5071 3196 5124 si
3230 5086 3376 5141 quos
3411 5086 3619 5125 eorum
3670 5068 3903 5123 locorum

2283 5161 2408 5234 ipse
2437 5167 2606 5218 antea
2633 5161 2896 5227 vidisset,
2934 5159 3196 5215 edicebat
3223 5157 3440 5214 absens
3476 5157 3674 5214 missis
3721 5148 3907 5209 litteris

2284 5268 2399 5322 quo
2421 5251 2546 5307 loco
2560 5252 2766 5306 stativa
2783 5248 3083 5320 ﬁgere,ubi
3104 5251 3157 5301 et
3174 5247 3467 5318 quomodo
3490 5260 3748 5318 pugnare
3764 5254 3908 5311 opor-

2281 5345 2447 5409 teret,
2474 5341 2630 5394 unde
2664 5340 2949 5410 impetum
2983 5337 3193 5402 facere,
3218 5334 3306 5390 vel
3343 5352 3411 5390 ex
3437 5334 3671 5390 insidiis
3692 5330 3773 5386 vel
3796 5328 3908 5383 luce

2283 5427 2499 5498 palam,
2534 5432 2637 5483 aut
2665 5428 2841 5483 etiam
2882 5443 2986 5497 per
3017 5431 3266 5492 noclem,
3291 5439 3358 5478 ex
3390 5423 3640 5479 memori
3670 5421 3905 5476 visorum

2283 5517 2536 5589 imagine
2567 5521 2698 5589 apte
2740 5521 2953 5571 cuncta
2993 5512 3298 5581 ordinans,
3329 5509 3492 5567 velut
3523 5510 3575 5567 si
3601 5522 3787 5567 coram
3828 5503 3906 5558 in-
