4162 6292
373 295 482 351 653

1440 292 1533 344 DE
1566 286 1940 345 MICHAELE
1979 281 2419 338 PALIEOLOGO
2455 283 2587 336 LIB.
2629 287 2723 337 III.

3668 286 3776 342 654

371 421 552 480 τεῦθεν
599 416 665 471 τὰ
697 415 891 470 πάντα·
941 412 985 467 εἶ
1018 412 1063 468 δ⁹
1121 414 1220 468 οὑκ
1247 411 1354 467 εἶδε
1379 413 1470 466 τὸν
1529 409 1724 476 τόπον,
1776 403 2014 460 κελεύων
2048 411 2096 473 Α
2132 399 2287 470 δίκην
2340 402 2649 468 ἀποθέσθαι,
2713 404 2799 457 ὑπ’
2856 403 3168 478 ἀμηχανίας
3201 405 3273 460 ἐοῖ
3336 408 3553 478 μεσίτας
3609 411 3776 464 πνεύ-

377 503 687 582 διαγράιρειν
736 502 862 564 τοὺς
912 501 1120 564 εἰδότας
1185 501 1343 562 αὐτὸς
1386 500 1613 554 καθίστα
1655 494 2027 572 προστάττων,

374 599 467 648 καῖ
503 581 590 661 ἦν
621 590 974 665 ἐπηρτημένη
1025 591 1205 665 κρίσις
1250 591 1328 661 τῷ
1378 589 1820 661 παρακούσαντι),
1872 581 2032 642 αὐτὸς

379 681 562 736 τοίνυν
616 681 849 752 πέμπων
915 679 1008 739 τὰς
1086 675 1337 750 δυνάμεις
1393 682 1472 748 τῷ
1517 676 1640 730 τότε
1697 672 1870 746 συχνὰ
1921 673 2027 723 τῶν

385 771 498 824 ἐκεῖ
525 767 611 822 ὐπ’
655 767 804 838 αὐτῷ
864 765 1057 833 ἐποίει,
1117 766 1207 819 καὶ
1263 763 1520 833 ἡλίσκετο
1573 764 1664 836 μὲν
1720 755 2028 814 Φιλιππού-

386 858 573 928 πολις,
617 855 895 930 ἐκρατεῖτο
946 852 1002 908 δὲ
1049 853 1390 928 Σθενίμαχον
1442 852 1721 926 φρούριον,
1773 847 1863 902 καὶ
1893 847 2031 906 ἅπας

389 944 544 1016 etiam
573 950 670 1000 τοῦ
715 943 893 1016 Α’ίμου
943 943 1101 1016 ζυγὸς
1154 941 1558 1017 συγκατείχετο.
1609 936 1786 994 Ἑάλω
1836 934 1891 989 δὲ
1934 935 2030 988 τοῦ

392 1032 619 1102 Μυλτζῆ
678 1029 953 1098 διδόντος,
998 1031 1071 1091 ὡς
1129 1029 1494 1103 λεχθήσεται,
1544 1028 1632 1080 καὶ
1691 1020 2030 1097 Μεσέμϐρεια

392 1120 601 1197 μεγάλη
646 1118 828 1186 πόλις,
859 1118 944 1172 καὶ
978 1117 1276 1192 Ἀγχίαλος
1318 1114 1690 1184 συνηλίσκετο.
1728 1111 1837 1167 Καί
1867 1131 1925 1186 γε
1965 1110 2032 1164 τὰ

390 1209 544 1283 πέριξ
603 1208 816 1262 ἐκείνων
854 1251 868 1272 ,
927 1206 1061 1274 ἅπαξ
1147 1205 1449 1278 γευσάμενα
1531 1209 1630 1270 τῆς
1691 1195 2024 1272 μεταϐολῆς,

387 1301 611 1373 ἠγάπων
656 1295 758 1348 ύπὸ
821 1293 1031 1368 βασιλεῖ
1078 1292 1429 1364 διοικούμενα
1487 1292 1552 1363 [Ρ
1585 1291 1706 1360 141]
1743 1293 2026 1343 Κωνσταν-

385 1386 517 1456 τίνῳ
550 1381 604 1437 δὲ
637 1380 725 1436 διὰ
753 1386 917 1436 ταῦτα
964 1379 1223 1450 ἔκπληξις
1280 1378 1560 1452 ἐμπίπτει,
1593 1379 1682 1431 καὶ
1732 1376 2024 1447 ἀμύνεσθαι

391 1474 487 1544 μὲν
520 1470 620 1528 ούκ
650 1471 765 1544 εἶχε
803 1471 863 1523 τὸ
921 1467 1194 1537 τηνικάδε,
1249 1470 1398 1540 ὅμως
1431 1465 1477 1521 δ’
1510 1464 1737 1520 ἐνεκότει
1768 1468 1883 1524 τοῖς
1932 1483 2030 1515 πε-

381 1560 735 1634 πραγμένοις,
770 1557 860 1612 καὶ
915 1557 1102 1632 καιρὸν
1164 1558 1363 1626 ἐζήτει,
1410 1555 1466 1609 ὅν
1502 1553 1566 1622 δὴ
1599 1560 1692 1607 καῖ
1737 1557 1842 1606 τῶν
1902 1571 2030 1625 πρα·

379 1648 600 1721 γμάτων
635 1647 819 1721 ψυχὴν
855 1646 1125 1721 λέγουσιν,
1154 1645 1314 1716 ἀξίως
1345 1645 1683 1717 ἀμυνεῖσθαι.

383 1806 467 1868 ιδ’·
518 1807 712 1865 ’Ὅπως
753 1803 1136 1892 ,ὑπερχόιξενος
1168 1805 1196 1857 ὁ
1247 1800 1633 1892 βαῖίέκεδξξξν
1683 1799 2030 1872 πατριάρχην
2061 1796 2186 1867 Βτι
2241 1796 2331 1867 καὶ
2374 1796 2584 1888 γένοιτο
2641 1819 2733 1871 τὸν
2797 1819 3092 1892 ἀσορισμὸν
3157 1796 3344 1875 λύσειε

705 1876 806 1943 τήν
851 1872 948 1929 τού
979 1872 1294 1949 ’ἀφορισμόῦ
1325 1873 1476 1927 λύσιν
1512 1872 1711 1942 ἐζήτει.

448 2001 534 2068 Τῷ
595 1995 779 2068 μέντοι
835 2019 895 2071 γε
955 1995 1172 2071 βασιλεῖ
1247 1996 1334 2050 καὶ
1389 2000 1554 2049 ταῦτα
1630 1994 1919 2068 πράττοντι
1980 1991 2032 2042 οἳ

383 2086 641 2159 λογισμοὶ
705 2086 972 2160 ὁσημέραι
1031 2083 1461 2158 διεταράσσοντο.
1519 2081 1592 2139 Ού
1646 2082 1748 2156 γὰρ
1807 2081 2030 2154 ἠρεμεῖν

383 2175 583 2229 ἐκεῖνον
617 2173 700 2228 εἷά
739 2171 1002 2235 συνειδός·
1033 2174 1094 2227 τὸ
1157 2173 1255 2248 γὰρ
1312 2172 1584 2233 τοιούτοις
1641 2167 1862 2241 δεσμοῖς
1910 2187 2027 2219 συν‹

389 2261 629 2326 δεδέσθαι
663 2260 752 2316 ἴσα
789 2262 877 2317 καὶ
908 2261 970 2316 τὸ
1014 2259 1181 2334 μηδὲν
1240 2266 1372 2314 εῖναι
1431 2259 1612 2323 ἐτίθει.
1667 2262 1753 2328 Τῷ
1799 2274 1884 2310 τοι
1941 2252 2028 2306 καὶ

392 2354 532 2424 μήτε
560 2352 723 2406 τόπον
785 2347 1084 2426 ὀπολογίας
1141 2349 1285 2424 ἔχων
1349 2350 1476 2422 μήτ’
1534 2346 1772 2402 ἐπίνοιαν
1803 2347 1898 2399 τοῦ
1927 2343 2027 2411 τήν

395 2553 676 2605 tueretur.
711 2548 924 2612 Quodsi
956 2548 1147 2604 locum
1182 2548 1239 2602 in
1274 2564 1388 2619 quo
1419 2545 1622 2601 bellari
1653 2542 2028 2614 contingebat

400 2653 700 2708 nunquam
742 2654 994 2709 praesens
1039 2641 1378 2707 spectasset,
1413 2634 1860 2703 descriptionem
1901 2630 2027 2700 ejus

402 2726 461 2780 in
496 2725 690 2780 tabula
736 2726 1044 2796 figuratam
1091 2725 1160 2778 ab
1203 2724 1322 2778 illic
1366 2723 1610 2778 versatis
1649 2721 1871 2775 habens
1917 2734 2028 2788 pra:

399 2813 606 2879 oculis,
649 2814 869 2868 minute
909 2813 1107 2867 omnia
1148 2813 1466 2867 mandabat
1506 2825 1868 2883 quascunque
1911 2804 2030 2877 geri

397 2905 605 2976 agique
627 2921 655 2958 e
687 2921 746 2958 re
779 2904 963 2970 foret;
997 2907 1050 2957 et
1074 2903 1372 2958 saneiebat
1418 2901 1785 2972 disciplinam
1820 2904 2030 2963 metus,

394 2997 550 3048 certo
608 2993 980 3062 impendente
1027 3007 1141 3045 non
1192 2991 1729 3061 obtemperantibus
1779 2986 2033 3059 periculo

385 3080 616 3150 judicii,
661 3079 947 3150 supplicio
1000 3096 1130 3133 mox
1175 3081 1605 3133 damnationem
1651 3081 1941 3130 secuturo.
1973 3075 2034 3128 In

2139 511 2267 562 ματι
2302 496 2500 558 ζῶντας
2558 493 2645 546 καὶ
2699 495 2945 563 συνήθεις
2999 499 3078 564 τῷ
3133 495 3445 571 πατριόρχῃ
3500 499 3776 574 ἐτρέπετο,

2133 580 2222 632 καὶ
2279 575 2659 648 κατηντιϐόλει
2720 583 2934 653 Οερμῶς
3011 587 3105 636 τοῦ
3188 582 3388 656 δεσμοῦ
3443 588 3534 642 τὸν
3591 590 3774 661 ἱκέτην

2132 666 2476 736 ἀνεῖναι,καί
2536 671 2893 744 μετεγνωκότι
2946 672 3041 737 τὴν
3102 672 3382 745 θεραπείαν
3444 675 3682 750 ἐπάγειν,
3711 677 3779 747 ἦν

2134 754 2334 818 ἐκεῖνος
2396 755 2670 830 βούλεται·
2730 760 2861 811 εἶναι
2909 759 3007 834 γὰρ
3067 757 3283 832 ἕτοιμον
3344 761 3594 838 πράττειν
3644 765 3674 820 ὅ
3724 788 3776 822 τι

2132 845 2506 918 προστάσσοι,
2564 847 2625 898 τό
2682 848 2862 917 μέντοι
2917 868 2976 922 γε
3022 850 3239 923 γεγονὸς
3289 850 3551 920 ἀποίητον
3608 859 3778 917 θεῖναι

2139 934 2213 1001 μὴ
2249 930 2469 986 δυνατὸν
2531 932 2674 995 ὅλως
2708 937 2860 990 εἶναι.
2895 936 2961 990 Οἱ
2995 933 3051 989 δέ
3091 938 3234 1012 παρᾶ
3291 940 3380 992 τὸν
3430 942 3776 1018 πατριάρχην

2135 1019 2423 1095 ἐρχόμενοι
2498 1022 2841 1097 ἀπήγγελλον
2904 1025 2997 1094 μὲν
3056 1026 3144 1079 καὶ
3196 1027 3261 1081 τὰ
3311 1033 3407 1082 τοῦ
3471 1030 3778 1103 βασιλέως,

2133 1110 2222 1161 καὶ
2282 1110 2368 1183 ἀφ’
2420 1111 2595 1164 αὑτῶν
2659 1108 2714 1164 δὲ
2766 1110 2995 1166 πλεῖστα
3051 1114 3395 1187 πρετετίθουν
3434 1122 3512 1188 τῷ
3570 1117 3784 1192 βασιλεῖ

2134 1197 2506 1270 χαριζόμενοι.
2567 1199 2623 1250 Ὀ
2685 1197 2732 1251 δ’
2778 1200 3056 1274 ὑπερεώρα
3127 1205 3224 1269 τὴν
3285 1201 3464 1273 δέησιν
3531 1207 3619 1260 καὶ
3669 1205 3781 1261 οὐδ’

2133 1284 2276 1345 ὅλως
2309 1291 2590 1359 προσεῖχε,
2647 1289 2965 1361 Περιστερὰν
2997 1290 3095 1364 γὰρ
3133 1291 3318 1364 βαλεῖν
3373 1293 3449 1355 εἰς
3503 1296 3594 1348 τὸν
3646 1295 3779 1350 κόλ-

2133 1394 2230 1426 πον
2292 1371 2416 1450 ἔφη,
2469 1375 2720 1443 κάκείνην
2783 1386 3386 1451 μετασχηματισοεῖσαν
3422 1382 3495 1436 εἰ)
3531 1380 3649 1460 ὅφιν
3682 1382 3780 1454 δῆ-

2134 1462 2214 1530 ξαι
2241 1462 2376 1534 πρὸς
2410 1462 2650 1524 Θάνατον·
2687 1463 2962 1534 ὑπεδήλου
3013 1464 3069 1520 δὲ
3119 1465 3189 1520 δι’
3238 1469 3442 1544 ἀμφοῖν
3491 1477 3599 1525 τῶν
3629 1471 3780 1526 ἐναν-

2130 1549 2404 1603 τιωτάτων
2443 1553 2592 1620 ζώων
2625 1553 2714 1606 τὸν
2755 1554 2911 1607 αὐτὸν
2968 1555 3189 1628 βασιλέα
3240 1557 3328 1610 καὶ
3358 1555 3469 1629 ἕνα,
3505 1557 3564 1612 οὐ
3601 1559 3782 1635 φύσιν,

2135 1635 2279 1691 ἀλλα
2308 1640 2531 1710 γνώμην
2560 1640 2703 1717 σιρίσι
2764 1643 3251 1717 παρεικαζόμενον.
3305 1646 3415 1702 Κπὶ
3464 1651 3630 1702 ταῦτα
3688 1649 3783 1719 μὶν

2137 1727 2164 1779 ὁ
2195 1726 2539 1800 πατριάρχης
2583 1727 2670 1782 καί
2717 1730 2890 1784 πλείω
2938 1731 3169 1802 τούτων,
3219 1733 3306 1787 καὶ
3358 1735 3432 1796 ὡς
3482 1733 3594 1789 οὐδ’
3643 1733 3703 1789 ἂν
3736 1734 3791 1791 εἴ

3379 1866 3392 1889 ,
3436 1821 3530 1876 κᾶν
3582 1844 3784 1897 προσα-

2140 1899 2307 1975 πειλῇ
2360 1904 2426 1956 τὰ
2479 1905 2634 1971 κοκὰ,
2695 1905 2790 1959 κᾶν
2851 1908 3011 1962 αὐτὸν
3067 1907 3312 1963 Θάνατον.
3373 1911 3438 1967 Οἳ
3500 1909 3547 1966 δ’
3592 1914 3787 1968 ὑπονο-

2141 1994 2384 2052 στοῦντες
2414 1992 2599 2046 καὶτὰ
2627 1997 2722 2047 τοῦ
2766 1995 3112 2070 πατριάρχου
3169 1995 3466 2066 δηλοῦντες
3521 2001 3597 2064 εἰς
3649 2001 3791 2074 ἀμη-

2141 2079 2333 2151 χανίαν
2384 2079 2640 2150 πλείστην
2698 2078 2949 2137 ἐνέϐαλον
2998 2086 3089 2137 τὸν
3149 2091 3481 2156 κρατοῦντα.
3538 2090 3636 2142 Καὶ
3704 2087 3785 2157 ὃς,

2140 2164 2327 2235 ἐπειδή
2385 2168 2472 2222 καὶ
2521 2171 2583 2224 τὸ
2629 2170 3055 2245 αὐτοπρόσωπον
3090 2173 3498 2248 ἀντιφάρμακον
3559 2176 3784 2253 λέγουσι

2140 2255 2323 2324 (τοῦτο
2381 2257 2483 2330 γὰρ
2541 2258 2672 2312 εἶναι
2731 2264 2851 2320 ταῖς
2909 2260 3184 2326 ὑπονοίαις
3239 2262 3329 2317 καί
3400 2267 3500 2334 τὴν
3547 2268 3782 2342 Γοργὼ),

2139 2342 2304 2404 αὐτὸς
2387 2342 2526 2419 ἔγνω
2600 2349 3041 2423 προσερχόμενος
3127 2351 3460 2428 ἐντυγχάνειν
3511 2356 3599 2410 καὶ
3681 2356 3780 2424 τὴν

2139 2540 2389 2598 multum
2434 2544 2568 2600 licet
2609 2548 2896 2618 cogitans,
2938 2549 3308 2606 comminisci
3355 2556 3574 2622 posset,
3613 2552 3781 2624 inops

2138 2632 2512 2701 expeditioris
2555 2637 2784 2691 consilii
2826 2640 2994 2692 vertit
3038 2655 3166 2693 sese
3204 2641 3273 2694 ad
3319 2641 3668 2712 interpretes
3715 2657 3783 2696 ac

2141 2721 2544 2777 conciliatores
2576 2726 2735 2793 pacis
2767 2743 2869 2796 pro
2903 2742 2962 2780 se
2996 2728 3062 2780 ad
3101 2728 3489 2797 patriarcham
3525 2729 3777 2800 allegan-

2141 2809 2265 2862 dos.
2292 2809 2474 2871 Quam
2500 2812 2567 2864 ad
2596 2827 2713 2866 rem
2740 2818 2901 2867 ratus
2922 2813 3160 2869 idoneos
3185 2818 3470 2886 quosdam
3495 2817 3624 2872 vitae
3646 2835 3786 2873 san-

2142 2896 2342 2951 ctioris
2376 2899 2752 2968 professores,
2795 2901 3063 2956 assiduos
3095 2908 3150 2956 ct
3190 2903 3508 2958 familiares
3540 2905 3787 2974 patriar-

2145 2986 2396 3057 chm.per
2427 2987 2531 3041 hos
2563 3004 2760 3058 preces
2780 3006 2917 3044 suas
2942 2992 3010 3045 ad
3043 2991 3204 3045 illum
3239 2992 3787 3057 detulit,vehemen-

2149 3081 2232 3129 ter
2261 3092 2432 3130 orans
2465 3081 2527 3130 ut
2576 3093 2636 3131 se
2673 3079 2990 3148 supplicem
3025 3081 3174 3133 nodo
3215 3097 3328 3151 quo
3389 3081 3788 3153 stringebatur

395 3170 553 3224 hunc
585 3169 824 3223 modum
867 3168 1067 3222 missis
1106 3173 1242 3221 tunc
1275 3167 1456 3238 copiis
1499 3167 1771 3236 pleraque
1802 3164 2032 3218 illorum
2067 3169 2111 3236 α
2151 3165 2417 3227 solveret,
2453 3181 2515 3218 ac
2556 3167 2856 3236 pmnitonti
2898 3169 3358 3224 satisfactionem
3401 3187 3575 3240 quam
3617 3168 3789 3224 vellet

391 3261 690 3312 tractuum
707 3255 817 3309 sibi
841 3255 1109 3324 subjecit.
1144 3255 1287 3308 Nam
1311 3260 1476 3324 capta
1490 3258 1575 3308 est
1600 3250 2043 3333 Philippopolis,

400 3351 752 3415 occupatum
771 3343 1210 3398 Stenimachum
1236 3341 1560 3407 castellum,
1580 3343 1789 3412 jugum
1815 3339 2044 3394 univer-

406 3450 538 3489 sum
566 3438 727 3488 extra
749 3432 1008 3486 Haemum
1044 3432 1319 3485 Romana:
1341 3432 1681 3500 adjunctum
1707 3429 1910 3483 ditioni
1936 3432 2043 3482 est.

408 3523 658 3593 Recepta
689 3523 836 3577 2“
875 3525 963 3574 est
1002 3519 1232 3590 Myltza,
1265 3524 1330 3574 ut
1366 3521 1610 3585 dicetur,
1639 3519 1887 3573 dedente
1929 3517 2046 3570 Me-

410 3611 697 3677 sembrea,
731 3625 944 3680 magna
973 3609 1196 3677 civitas,
1231 3625 1363 3662 cum
1406 3625 1522 3680 qua
1552 3612 1607 3662 et
1636 3607 1954 3662 Ancbialus
1986 3605 2046 3659 in

404 3704 760 3772 potestatem
785 3701 1120 3752 nostrorum
1143 3697 1314 3750 venit.
1344 3697 1514 3751 Porro
1540 3713 1664 3766 quae
1698 3697 1916 3750 circum
1941 3694 2046 3748 has

404 3790 582 3843 urbes
614 3787 827 3857 oppida
861 3787 1109 3857 pagique
1139 3789 1326 3852 erant,
1360 3790 1533 3855 gustu
1560 3784 1738 3839 semel
1776 3783 2049 3838 mutatio-

403 3876 496 3930 nis
532 3878 766 3945 accepto
790 3874 1073 3928 malentes
1097 3872 1980 3943 imperatorisubesse,eertatim
2017 3888 2050 3925 a

403 3963 650 4033 Bulgaro
682 3962 1047 4016 deficiebant.
1073 3961 1328 4015 Urebant
1347 3961 1464 4015 haec
1493 3960 1695 4014 intime
1715 3959 2051 4015 Constanti-

407 4067 549 4106 num
565 4053 845 4122 imparem
866 4054 1004 4104 tunc
1022 4050 1350 4104 resistendo
1373 4049 1679 4118 etjaeturis
1699 4064 1763 4102 ac
1787 4047 2052 4101 cladibus

415 4140 590 4194 toties
621 4139 881 4209 repetitis
912 4138 1243 4193 attonitum.
1269 4138 1523 4208 Ringens
1545 4153 1679 4208 ergo
1703 4152 1768 4191 ac
1802 4137 2053 4189 fremens

417 4229 581 4300 (nam
613 4227 772 4281 aliud
807 4229 862 4280 in
900 4227 1207 4298 praesentia
1238 4244 1350 4282 non
1388 4226 1632 4297 poterat)
1661 4225 2054 4296 exepectabat,

415 4321 473 4371 et
490 4316 781 4372 inhianter
804 4315 1075 4385 captabat
1099 4315 1336 4370 ultionis
1354 4314 2054 4387 opportunitatem,quam

417 4403 676 4460 animam
720 4405 1086 4475 negotiorum
1132 4404 1365 4474 quidam
1399 4421 1512 4458 non
1562 4402 1855 4457 immerito
1898 4400 2056 4454 dixe-

426 4497 586 4549 runt.

427 4600 510 4653 19.
566 4600 628 4654 Ut
691 4598 1012 4667 patriarcha
1059 4607 1316 4655 convento
1372 4603 1424 4654 et
1489 4599 1810 4668 suppliciter
1877 4600 2061 4666 rogato

525 4669 830 4752 imperator
860 4670 1439 4726 excommunicationis
1480 4671 1866 4724 alsolutioncm
1893 4669 2062 4738 petie-

533 4749 626 4796 rit.

495 4845 624 4901 Haec
656 4847 878 4918 agentis
907 4847 1269 4921 imperatoris
1302 4867 1441 4905 cura
1462 4850 1667 4919 ingens
1697 4848 1904 4919 agebat
1924 4846 2062 4900 fere-

425 4935 640 5005 batque
659 4936 847 4990 anxiis
873 4938 1326 5008 cogitationibus
1352 4937 1755 5010 perturbatum
1777 4934 2061 4989 animum.

424 5023 550 5078 Non
573 5023 730 5078 enim
754 5024 920 5079 illum
941 5027 1151 5097 quietis
1169 5032 1392 5098 partem
1417 5025 1600 5080 ullam
1615 5040 1817 5095 capere
1838 5023 2087 5108 sinebat.

428 5129 661 5168 morsus
687 5114 932 5170 intimus
955 5117 1349 5185 conscientiae;
1377 5117 1636 5188 adeoque
1660 5116 1910 5170 fructum
1936 5111 2066 5166 nul-

429 5200 549 5255 lum
614 5204 913 5272 praesentis
965 5205 1260 5260 felicitatis
1304 5206 1609 5273 sentiebat,
1656 5205 1796 5258 dum
1847 5218 1907 5256 se
1955 5199 2064 5254 diri

433 5290 825 5348 anathematis
867 5295 1250 5350 constrictum
1298 5296 1541 5351 vinculis
1585 5294 1950 5355 meminerat,
2004 5293 2068 5342 ut

434 5378 534 5434 tali
568 5384 719 5434 statu
754 5397 882 5437 esse
919 5400 984 5437 ac
1026 5384 1169 5438 nihil
1210 5401 1337 5439 esse
1377 5385 1537 5455 paria
1581 5387 1824 5453 putaret.
1871 5381 2068 5448 Itaque

434 5483 568 5521 cum
603 5484 705 5523 nec
734 5471 1092 5540 probabilem
1126 5473 1305 5527 ullam
1358 5473 1617 5527 criminis
1666 5469 2066 5540 depulsionem

435 5571 542 5610 nec
572 5555 722 5611 viam
768 5563 870 5614 aut
919 5562 1201 5616 rationem
1249 5561 1602 5617 excutiendae
1643 5561 1816 5630 justze
1869 5573 2068 5627 pmure,

2152 3251 2508 3322 imperaret:
2564 3271 2626 3308 se
2690 3255 2907 3326 quippe
2976 3261 3310 3327 promptum
3380 3262 3644 3329 paratum
3712 3259 3785 3314 ad

2152 3343 2585 3410 exsequendum
2620 3345 3009 3415 quodcunque
3033 3347 3386 3417 praeciperet.
3421 3347 3537 3402 Hoc
3569 3352 3786 3402 restare

2157 3445 2372 3482 unum:
2409 3447 2540 3483 nam
2575 3433 2726 3500 quod
2765 3433 2980 3488 factum
3025 3435 3102 3488 sit
3142 3435 3418 3490 infectum
3461 3437 3621 3490 reddi
3663 3440 3785 3491 arte

2154 3521 2256 3570 aut
2299 3521 2506 3571 conatu
2571 3519 2688 3572 ullo
2737 3537 2849 3574 non
2899 3538 3088 3592 posse.
3141 3523 3218 3578 Ea
3263 3523 3344 3577 illi
3401 3523 3789 3594 patriarcham

2155 3606 2403 3660 adeunte
2451 3607 2682 3676 copiose
2723 3615 3108 3681 accurateque
3144 3613 3514 3684 imperatoris
3542 3613 3791 3683 Lnomine

2156 3698 2418 3765 egerunt,
2474 3693 2767 3764 multaque
2834 3700 3226 3767 adiunxerunt
3281 3701 3477 3757 studio
3536 3701 3791 3773 proprio,

2157 3799 2510 3855 magnopere
2561 3787 2898 3854 satagentes
2949 3790 3349 3855 persuadendo
3397 3806 3462 3844 ac
3511 3789 3794 3860 placando

2159 3872 2489 3940 patriarcha
2541 3872 2875 3942 imperatori
2934 3877 3272 3944 gratiﬁcari.
3336 3882 3405 3930 At
3464 3878 3799 3946 patriarcha

2159 3959 2297 4014 talia
2331 3965 2632 4030 precantes
2662 3961 2894 4031 repulit,
2929 3968 2985 4016 et
3018 3980 3086 4017 ne
3118 3965 3316 4019 audire
3348 3965 3583 4035 quidem
3615 3965 3797 4018 susti-

2164 4065 2308 4101 nens
2341 4048 2671 4102 columbam
2706 4050 2857 4105 212
2892 4051 3033 4105 dixit
3064 4068 3124 4106 se
3155 4053 3211 4105 in
3237 4052 3429 4106 sinum
3467 4052 3796 4121 admisisse,

2165 4135 2322 4190 illam
2357 4141 2548 4190 autem
2591 4136 2671 4192 ibi
2721 4143 3004 4194 mutatam
3052 4141 3108 4193 in
3156 4145 3486 4212 serpentem
3537 4156 3801 4194 morsum

2163 4224 2270 4277 sibi
2294 4222 2522 4279 letalem
2553 4224 2832 4295 infixisse,
2861 4244 3041 4281 unum
3067 4229 3456 4298 eumdemque
3480 4227 3801 4293 hominem,

2163 4312 2428 4367 videlicet
2449 4313 2879 4383 imperatorem,
2897 4317 3123 4370 duabus
3150 4316 3274 4371 istis
3300 4317 3548 4371 maxime
3573 4320 3804 4370 contra-

2165 4401 2382 4455 riarum
2404 4402 2789 4456 animantium
2815 4404 3523 4474 designanssymbolis,ad
3545 4404 3805 4458 indican-

2171 4491 2312 4544 dum
2356 4506 2467 4544 non
2500 4495 2718 4544 natura:
2761 4489 2820 4544 in
2855 4491 2972 4554 illo,
3007 4491 3106 4545 sed
3150 4507 3381 4546 morum
3425 4491 3807 4545 mutationem

2177 4581 2407 4632 factam.
2441 4578 2576 4633 Post
2606 4577 2726 4632 hzec
2755 4582 2813 4632 et
2841 4579 2957 4634 alia
2996 4579 3054 4632 in
3086 4595 3212 4634 eam
3243 4579 3592 4634 sententiam
3627 4579 3813 4633 multa

2176 4669 2395 4733 intulit,
2427 4684 2493 4723 eo
2522 4668 2688 4721 vultu
2738 4685 2802 4722 ac
2850 4669 3058 4739 spiritu
3110 4669 3211 4740 qui
3260 4668 3403 4724 satis
3451 4669 3815 4724 declararent

2175 4774 2475 4827 nunquam
2518 4757 2730 4828 ipsum,
2764 4758 3049 4828 quidquid
3091 4758 3274 4828 ﬁeret,
3307 4758 3703 4814 inducendum
3739 4759 3810 4813 ad

2175 4843 2796 4900 excommunicationis
2818 4846 3244 4902 absolutionem
3278 4847 3718 4919 indulgendam,
3742 4863 3814 4902 ne

2175 4934 2222 4988 si
2250 4933 2486 5003 quidem
2539 4932 2691 4988 mala
2733 4935 3043 5004 quantavis
3085 4935 3400 5006 imperator
3447 4940 3813 5007 mortemque

2172 5022 2362 5091 ipsam
2388 5021 2918 5086 minaretur.0uare
2937 5025 3336 5096 deprecatores
3351 5025 3542 5080 mmsti
3559 5024 3812 5094 repulsa,

2177 5127 2305 5180 quae
2330 5110 2634 5164 audierant
2672 5109 3008 5181 imperatori
3043 5112 3383 5180 referentes,
3417 5113 3478 5168 in
3509 5112 3814 5183 angustias

2177 5216 2307 5254 eum
2333 5204 2626 5270 aestusque
2647 5201 2817 5256 multo
2837 5203 3086 5271 majores
3103 5201 3602 5272 conjecerunt.llle
3619 5207 3814 5255 autem

2180 5307 2402 5344 memor
2432 5291 2688 5360 vulgaris
2719 5292 2850 5346 dicti
2895 5311 3009 5364 quo
3054 5294 3455 5366 significantur
3482 5293 3594 5348 vim
3625 5293 3816 5346 inesse

2180 5381 2528 5451 prmcipuam
2564 5383 2826 5450 prmsenti
2857 5384 3047 5437 lacieri
3076 5399 3268 5436 eorum
3297 5382 3529 5436 atlantis
3560 5380 3813 5436 medenti

2179 5470 2599 5523 offensionibus
2618 5475 2673 5524 et
2703 5472 2894 5535 gratim
2917 5472 3276 5526 (lcmerendm
3305 5472 3386 5542 (id
3413 5471 3567 5526 enim
3591 5470 3814 5524 indica-

2181 5564 2301 5612 tum
2349 5559 2612 5614 fabulosa
2660 5563 2949 5630 Gorgone,
2994 5563 3111 5616 oris
3173 5561 3400 5630 objecta
3462 5561 3813 5614 immutante
