4162 6292
489 275 597 330 655
1785 279 2087 334 GEORGII

2201 275 2587 335 ιΟΗΥΜΕΒΕ
3773 289 3878 349 656

491 397 645 453 λύσιν
686 397 1198 475 ἐξομολογούμενος
1251 401 1511 472 ἐκζητεῖν,
1545 406 1606 475 [Ρ
1640 404 1783 474 142]
1841 396 2402 477 ἘφίστατοΑάπρὶξ
2458 403 2566 454 τῶν
2639 402 2878 475 γονάτων
2962 400 3248 478 ἐχόμενον,
3319 403 3507 470 Οὕτως
3557 410 3590 478 ἡ
3651 410 3883 483 ἂμαρτία

486 487 660 541 τοίνυν
719 487 1012 558 πολλάκις,
1068 489 1156 542 καὶ
1215 489 1243 542 6
1306 490 1401 562 μὲν
1467 491 1642 559 ἐζήτει
1697 491 1794 556 τὴν
1851 483 2130 562 θεραπείαν
2240 484 2522 560 περιδεὲς,
2579 488 2752 550 οὕτως
2793 491 2827 559 ἡ
2870 463 3032 559 ἀρετῆ
3092 490 3294 564 τίμιον.
3353 495 3442 556 Ὠς
3500 463 3880 566 δέιπολλέὶκις

486 580 583 630 τοῦ
611 574 943 648 τραύματος,
973 578 1000 630 6
1030 578 1088 650 γέ
1115 577 1182 631 τά
1208 584 1306 647 τῆς
1341 578 1622 652 Θεραπείας
1663 578 1912 652 πράττειν
1962 595 2129 648 προσ·
2239 573 2569 648 παρακαλῶν
2649 577 2946 646 ἠκολούθει
3017 580 3105 633 καὶ
3181 581 3602 657 κατηνάγκαζεν,
3681 585 3880 652 ἐκεῖνος

487 662 709 733 ἐταττε,
767 662 913 731 πλὴν
974 664 1074 718 ούλ
1135 664 1222 718 ἐπὶ
1282 664 1490 740 ῥητοῖς,
1543 663 1670 719 ἀλλ’
1721 663 1985 739 ἀορίστως
2040 661 2128 716 καὶ
2239 662 2391 724 εὐθὺς
2438 665 2536 731 τήν
2585 662 2784 719 κέλλαν
2835 665 3227 739 ὑποδυόμενος,
3283 669 3548 744 ἀπεζύγου
3597 674 3689 735 τὰς
3721 675 3879 749 θύρας

485 753 730 829 ἀφανῶς.
793 754 888 806 Καὶ
947 753 974 807 ὁ
1028 753 1120 825 μέν
1193 752 1374 828 ῥητῶς
1443 751 1620 822 ἐζήτει
1681 755 1864 826 μαθεῖν
1922 751 2006 805 ἐπὶ
2064 751 2126 825 τιὸ
2237 750 2383 822 αύτῷ
2418 752 2554 806 κατᾶ
2605 755 2894 828 πρόσωπον
2945 757 3032 809 καὶ
3081 755 3243 831 ἀργὸν
3295 759 3462 832 ἠφίει.
3515 763 3696 817 Ταῦτα
3743 765 3878 821 πολ-

482 848 659 896 ποιεῖν
692 853 989 913 προθυμως
1021 842 1050 895 6'
1079 863 1130 894 τι
1163 844 1250 895 οιαὶ
1299 841 1474 917 λέγοι,
1512 843 1539 895 ὁ
1571 841 1628 895 δέ
1659 841 1746 895 καὶ
1779 839 1942 895 πάλιν
1974 840 2127 914 ἀορι-
2237 837 2391 900 λάκις
2445 842 2682 913 προσιὼν
2733 843 2822 896 καὶ
2885 841 3082 918 δράσας
3115 865 3172 897 τε
3201 846 3288 898 καὶ
3324 847 3508 910 παθὼν
3563 850 3651 903 καὶ
3715 850 3880 924 μηδὲν

484 929 706 983 σταίνων
733 924 902 1004 ἔλεγε,
941 953 967 979 ‹‹
1001 929 1154 984 ΙΙοίει
1184 932 1282 997 τήν
1333 931 1645 1002 θεραπείαν,
1676 930 1765 983 καὶ
1816 925 2061 1000 δέξομαι.
2094 949 2119 980 η

479 1019 566 1078 Ὦς
601 1015 657 1071 δέ
699 1015 971 1078 πολλάκις
1029 1017 1235 1078 ἐκεῖνος
1294 1018 1387 1090 μὲν
1447 1016 1626 1086 ἐζήτει
1681 1017 1747 1070 τὰ
1811 1015 2123 1093 φάρμακαὸ

479 1103 538 1159 δέ
568 1103 630 1159 οὐ
661 1109 904 1180 φανερῶς
953 1099 1158 1180 ἔλεγεν,
1209 1105 1376 1160 εἰπεῖν
1427 1106 1517 1160 τὸν
1553 1103 1797 1179 βασιλέα,
1831 1129 1858 1154 ‹‹
1894 1104 1994 1158 Καὶ
2038 1124 2121 1164 τις

479 1191 619 1248 οἶδεν
660 1191 709 1247 εἲ
754 1193 843 1247 καὶ
901 1190 1078 1247 πλείω
1135 1197 1396 1248 ποιοῦντα
1453 1193 1514 1248 ού
1572 1194 1856 1267 προσθήσῃ
1909 1195 2006 1246 τοῦ
2038 1189 2121 1245 δέ·

475 1284 658 1353 ξασθαι
688 1302 703 1350 ;
739 1302 764 1334 υ
793 1280 884 1334 καὶ
909 1281 1000 1335 τὸν
1033 1281 1420 1355 ἀποκρίνασθαι
1448 1281 1520 1342 ὡς
1568 1279 1824 1354 μεγάλων
1869 1281 2122 1355 ἁμαρτη-

477 1373 661 1442 μάτων
697 1367 944 1444 μεγάλην
983 1371 1113 1424 εῖναι
1173 1367 1256 1424 δεῖ
1308 1370 1399 1424 καὶ
1449 1370 1549 1437 τήν
1605 1368 1911 1424 ἀντίποινον
1963 1369 2118 1440 θερα-

471 1457 646 1515 πείαν.
681 1457 778 1514 Καὶ
806 1457 898 1512 τὸν
953 1457 1180 1532 βασιλέα
1217 1458 1354 1532 πρὸς
1401 1458 1464 1512 τὸ
1513 1458 1799 1532 βαθότερον
1855 1457 2118 1530 βαψαντα,

469 1571 499 1600 (ι
529 1547 596 1604 Τί
644 1544 753 1620 δαὶ,
785 1571 814 1600 ››
848 1544 1038 1616 εἷπεῖν,
1074 1571 1101 1598 ‹‹
1139 1549 1213 1620 μή
1263 1553 1364 1616 τῆς
1422 1544 1696 1609 βασιλείας
1749 1544 1998 1614 ἐκστῆναι
2029 1565 2116 1599 κε-

468 1633 645 1698 λεύεις
680 1655 694 1705 ;
731 1659 759 1687 ››
811 1635 902 1690 καὶ
953 1634 1095 1689 οίὶτω
1155 1634 1380 1708 λέγοντα
1433 1636 1532 1703 τὴν
1593 1635 1802 1703 σπάθην
1862 1633 2115 1701 ἀποζών-

465 1725 645 1778 νυσθαι
695 1725 787 1778 καὶ
837 1721 1067 1793 διδόναι,
1099 1723 1199 1792 τῆς
1251 1723 1454 1777 ἐκείνου
1507 1721 1754 1783 διανπίας
1806 1723 2116 1795 ἀποπειρώ-

473 1833 653 1884 μενον.
702 1812 945 1866 Ἐκείνου
1004 1810 1061 1866 δὲ
1123 1814 1222 1881 τήν
1267 1817 1428 1886 χεῖρα
1490 1832 1624 1867 κατα
1683 1809 1923 1880 σπουδὴν
1982 1833 2116 1887 προ-

464 1899 734 1963 τείναντος
796 1900 868 1955 ἐσ¹
920 1900 964 1972 ᾧ
1015 1895 1310 1972 λαμϐάνειν
1363 1899 1426 1954 τὸ
1479 1896 1635 1969 δῆθεν
1697 1897 1980 1972 διδόμενον
2037 1902 2110 1972 μή

466 2010 581 2050 πως
627 1987 828 2050 τελέως
873 1989 960 2043 καὶ
1020 1995 1122 2057 τῆς
1181 1989 1380 2065 ὀσφύος
1435 1986 1727 2056 ἀπολυθέν,
1769 1985 2109 2059 παλινῳδίαν

468 2098 526 2132 τε
554 2074 696 2148 ᾅδειν
727 2078 817 2132 τὸν
870 2074 1114 2152 βασιλέα,
1144 2077 1232 2130 καὶ
1282 2077 1354 2137 ὡς
1401 2071 1678 2148 ἐπιϐούλῳ
1725 2076 1781 2129 οἱ
1831 2082 1930 2144 τῆς
1982 2097 2110 2146 σφε-

466 2167 625 2239 τέρας
687 2170 832 2234 ζωῆς
887 2162 1143 2232 ὀνειδίζεν
1195 2163 1241 2218 εἰ
1271 2163 1414 2218 οὕτω
1474 2162 1750 2239 βούλεται.
1807 2163 1958 2232 Πλὴν
2017 2165 2108 2218 καὶ

464 2261 565 2323 τῆς
639 2251 879 2329 κεφαλῆς
952 2249 1264 2328 καλύπτραν
1341 2250 1733 2316 ἀποτιθέμενος
1809 2249 1862 2311 ἐς
1937 2248 2110 2313 πόδας

463 2340 653 2415 ἐκείνῳ
709 2341 892 2397 ἐαυτὸν
948 2340 1205 2417 ἐρρίπτει,
1253 2341 1343 2395 καὶ
1391 2339 1617 2394 πολλῶν
1681 2337 1990 2414 βλεπόντων
2042 2338 2103 2391 οὐ

459 2430 768 2507 κατῃδεῖτο.
817 2433 872 2484 Ὀ
904 2428 950 2484 δ’
979 2428 1292 2504 ἀπέπεμπεν
1340 2423 1617 2504 ἐμϐριθῶς
1677 2429 1768 2482 καὶ
1823 2429 2105 2502 ὑπερεώρα

455 2630 747 2701 homines)
779 2627 1032 2685 decrevit
1060 2644 1162 2700 per
1191 2643 1253 2682 se
1283 2625 1442 2681 adire
1477 2624 1873 2697 patriarcham
1907 2628 1962 2679 et
1990 2624 2102 2679 cri-

456 2737 588 2777 men
620 2718 672 2776 ei
703 2717 1004 2792 proprium
1037 2717 1343 2772 confessus
1389 2715 1618 2771 veniam
1650 2731 1842 2770 coram
1874 2729 2096 2784 rogare.

459 2809 563 2863 [vit
595 2805 961 2880 prociditque
1011 2805 1122 2876 ipsi
1170 2802 1418 2875 supplex
1461 2803 1711 2875 saepius;
1765 2807 1821 2857 et
1876 2803 2102 2857 detecto

455 2896 636 2951 animi
671 2893 906 2949 vulnere
938 2893 1296 2948 curationem
1317 2891 1501 2961 petiit.
1524 2891 1610 2946 Ad
1637 2908 1761 2961 quas
1793 2889 1891 2946 ille
1914 2889 2100 2944 facere

451 2984 647 3056 ipsum
681 2999 748 3038 ea
773 2981 990 3053 quibus
1023 2979 1214 3036 curari
1246 2983 1477 3034 tantum
1512 2978 1649 3033 mali
1691 2976 2094 3047 possetjussit.

449 3071 731 3126 Caeterum
763 3085 892 3140 quas
924 3068 1036 3122 ista
1065 3070 1259 3122 essent
1289 3082 1403 3119 non
1454 3063 1760 3134 expressit,
1795 3062 2095 3118 indefinite

455 3159 543 3214 sic
571 3163 745 3229 atque
775 3157 1020 3212 obscure
1050 3153 1362 3227 precipere
1405 3156 1737 3208 contentus.
1772 3153 2094 3222 Imperator

451 3263 582 3302 vero
629 3244 873 3316 rogabat
919 3243 1176 3298 indicare
1226 3241 1574 3296 nominatim
1637 3257 1706 3294 ne
1755 3243 2092 3312 gravaretur

445 3333 583 3404 quid
609 3333 733 3387 ﬁeri
765 3350 796 3387 a
827 3347 889 3386 se
909 3331 1100 3400 vellet,
1120 3347 1182 3386 se
1214 3329 1496 3385 exhibens
1515 3329 1586 3383 ad
1615 3332 1826 3383 cuncta
1848 3327 2094 3398 obsequi

442 3425 710 3493 paratum
744 3435 1106 3491 quaecunque
1133 3417 1399 3486 dixisset,
1427 3416 1759 3488 patriarcha
1790 3415 2090 3471 nihilomi-

441 3527 554 3565 nus
586 3509 645 3564 in
686 3508 801 3563 illis
839 3507 1159 3563 indefinitis
1200 3505 1737 3577 prescriptionibus
1769 3510 2087 3592 perstanlo,

443 3614 508 3655 ac
538 3602 772 3654 tantum
803 3597 947 3652 illud
987 3597 1248 3652 dicente:
1300 3617 1328 3646 «
1358 3593 1578 3650 Exhibe
1625 3594 2084 3651 satisfactionem

439 3687 623 3760 culpis
672 3686 1142 3758 respondentem,
1175 3689 1230 3740 et
1279 3684 1580 3756 accipiam.
1618 3706 1646 3734 ››
1703 3687 1845 3738 Cum
1891 3688 2084 3738 autem

437 3775 538 3832 ille
553 3775 766 3848 saepius
781 3775 1054 3831 distincte
1069 3773 1362 3845 praescribi
1389 3773 1504 3829 sibi
1526 3773 1782 3827 remedia
1797 3771 2081 3842 petiisset,

437 3882 542 3920 nec
575 3864 725 3920 clare
755 3863 1086 3935 patriarcha
1109 3862 1508 3934 responderet,
1531 3861 1748 3915 dixisse
1769 3859 2083 3931 imperato-

433 3968 556 4010 rem
588 3952 785 4009 aiunt:
849 3974 876 4002 «
919 3952 989 4006 Et
1017 3953 1149 4022 quis
1196 3951 1307 4007 scit
1338 3967 1434 4018 an,
1475 3965 1608 4004 cum
1659 3965 1764 4020 ego
1825 3947 2080 4020 plurima

431 4039 639 4109 fecero,
699 4045 763 4096 tu
821 4039 964 4096 satis
1023 4044 1372 4111 accepturus
1427 4037 1621 4094 sis?»
1681 4036 1785 4093 Cui
1828 4038 2078 4108 graviter

427 4129 804 4202 respondisse
832 4127 1227 4200 patriarcham
1279 4127 1606 4198 ingentium
1640 4126 1952 4181 criminum
1985 4125 2073 4180 in-

425 4218 626 4290 gentia
647 4233 776 4274 esse
795 4215 1027 4289 piacula
1053 4216 1440 4272 debereﬁla
1459 4216 1609 4270 Tum
1633 4213 2069 4285 imperatorem,

420 4311 485 4362 ut
517 4305 777 4379 penitius
801 4306 907 4360 viri
941 4304 1205 4360 animum
1238 4308 1515 4371 tentaret,
1552 4323 1578 4355 ιι
1608 4302 1755 4369 Quid
1789 4303 2006 4374 porro?
2041 4322 2064 4354 υ

416 4394 689 4451 intulisse
715 4394 944 4450 :«Num
979 4409 1069 4449 me
1095 4393 1269 4448 etiam
1301 4391 1545 4462 imperio
1568 4392 1744 4463 jubes
1775 4392 1976 4447 cedere
1998 4392 2066 4446 ‘2»

417 4486 604 4555 Atque
624 4483 732 4539 hoc
764 4482 1053 4538 dicentem
1086 4498 1287 4538 ensem
1307 4479 1542 4536 balthco
1576 4479 1798 4534 solvere
1821 4479 2066 4550 coepisse
2095 4536 2100 4554 Γ

419 4572 651 4644 ipsique
696 4571 1012 4644 porrigere,
1041 4587 1220 4627 causa
1262 4567 1599 4641 experiundi
1644 4567 1781 4640 quid
1827 4569 2062 4623 tandem

419 4660 611 4718 vellet.
641 4659 978 4717 Patriarcha
1006 4676 1140 4716 vero
1159 4659 1367 4731 cupide
1400 4674 1640 4714 manum
1683 4657 2063 4728 protendento

419 4750 586 4821 quasi
644 4751 714 4806 ad
774 4750 1182 4821 accipiendum
1242 4749 1396 4819 quod
1437 4747 1710 4813 dabatur,
1759 4762 2060 4813 revocasse

417 4841 747 4911 Augustum
798 4853 948 4908 sese,
981 4854 1047 4893 ac
1082 4837 1342 4892 nondum
1373 4853 1407 4891 a
1456 4836 1672 4892 femore
1719 4835 2050 4906 expeditum

417 4925 730 4982 retinuisse
763 4925 1050 4998 gladium,
1083 4925 1581 4995 exprobrasseque
1627 4923 1870 4995 insuper
1897 4923 2056 4979 velut

411 5014 717 5071 insidianti
747 5015 881 5070 vitae
911 5030 1052 5083 suae,
1094 5012 1192 5084 qui
1224 5028 1286 5068 se
1313 5012 1397 5068 sic
1431 5016 1792 5067 exarmatum
1830 5011 1967 5078 iret;
2002 5017 2055 5065 et

409 5109 607 5160 tamen
636 5101 890 5176 tegmine
911 5102 1120 5172 capitis
1141 5099 1401 5172 deposito
1427 5099 1674 5170 abjicere
1700 5115 1760 5156 se
1783 5099 1855 5154 ad
1877 5099 2052 5170 pedes

405 5193 767 5264 ejus,multis
794 5191 1151 5258 videntibus,
1169 5207 1285 5245 non
1308 5188 1634 5244 dubitasse:
1657 5188 2049 5260 patriarcham

403 5297 538 5336 vero
586 5281 779 5352 ipsum
835 5279 1041 5335 acerbe
1089 5277 1395 5350 repulisse,
1443 5276 1707 5348 nihilque
1772 5276 2048 5331 inﬂexum

405 5369 742 5441 despexisse
775 5373 932 5424 arcto
955 5366 1066 5424 sibi
1101 5365 1405 5437 complexu
1430 5381 1620 5437 genua
1643 5365 2047 5435 stringentem,

407 5459 549 5514 adeo
581 5456 959 5513 formidolosa
982 5454 1339 5512 conscientia
1365 5454 1600 5510 sceleris
1617 5459 1724 5510 est.
1752 5454 1908 5508 Adeo
1929 5453 2046 5508 vir-

403 5554 500 5603 tus
529 5545 880 5603 venerabilis
905 5545 916 5600 l
943 5545 1088 5601 Cum
1120 5549 1313 5600 autem
1348 5543 1560 5614 saepius
1584 5543 1735 5599 idem
1762 5559 1974 5614 rogans
1992 5548 2049 5599 et

2234 925 2404 980 ἀνύων
2459 926 2759 1003 ἐξηγρίαινέ
2817 952 2873 984 τε
2929 930 3167 1001 αὐτίκα,
3239 933 3327 987 καὶ
3382 935 3732 1008 σκληρότητα
3785 947 3881 995 τοῦ

2232 1016 2574 1090 πατριὲιρχου
2623 1017 2710 1071 ἐπὶ
2756 1018 2985 1074 πολλῶν
3039 1021 3355 1094 κατηγόρει,
3384 1024 3472 1077 καὶ
3522 1025 3598 1086 ὡς
3628 1028 3695 1080 τὰ
3721 1032 3878 1084 κοινᾶ

2233 1101 2449 1156 κελεύοι
2505 1107 2923 1176 καταπροεῖσθαι
2971 1103 3321 1182 διελοιδόρει,
3352 1111 3438 1162 καὶ
3499 1114 3638 1182 μήτε
3668 1114 3867 1190 φόρους

2229 1185 2466 1264 ἐκλέγειν
2530 1195 2667 1264 μήτε
2723 1191 2854 1262 τέλη
2933 1193 3184 1268 πράττειν
3263 1199 3399 1267 μήτε
3477 1185 3874 1275 μεταχε-ιρίζειν

2229 1278 2520 1366 πράγματα
2559 1281 2696 1351 μήτε
2730 1281 2836 1353 μὴν
2890 1278 3114 1336 διοικεῖν
3149 1285 3245 1351 τὴν
3281 1284 3459 1359 ἀρχὴν
3507 1286 3652 1351 ὅλως
3702 1312 3878 1366 προσ-

2225 1365 2455 1438 τάττων,
2515 1368 2657 1421 οὕτω
2715 1369 3024 1444 Θεραπεύειν
3086 1373 3314 1446 αἱρεῖται
3361 1376 3389 1428 6
3433 1380 3539 1430 τῶν
3593 1365 3875 1454 ἡμετέρων

2225 1456 2581 1528 θεραπευτής.
2645 1459 2744 1512 Καὶ
2802 1457 2958 1521 τέλος
3018 1459 3248 1524 ἐπετίθει
3306 1461 3578 1528 πολλάκις
3637 1468 3710 1530 ὡς
3757 1468 3876 1524 ἐπεὶ

2226 1545 2312 1597 καὶ
2355 1543 2596 1598 κανόνων
2652 1546 2978 1623 ὑπερφρονεῖ
3027 1549 3315 1620 ὁριζόντων
3379 1552 3878 1629 μετάνοιαν,προσ-

2225 1633 2442 1686 πίπτειν
2473 1638 2551 1705 τῷ
2593 1640 2691 1702 τῆς
2749 1634 2967 1706 Ῥώμης
3022 1636 3214 1708 πάππα
3272 1641 3460 1713 καιρὸς
3517 1643 3605 1696 καὶ
3652 1642 3870 1700 ἀντιϐο-

2225 1718 2338 1774 λεῖν
2397 1721 2679 1789 σώζεσθαι.
2738 1723 2928 1785 Οὕτως
2985 1720 3151 1798 ἔχων,
3186 1726 3422 1800 ἐγκοτων
3483 1729 3720 1796 ἐντεῦθεν
3776 1735 3871 1788 καὶ

2231 1808 2591 1882 βαρυνόμενος
2647 1807 2736 1863 ἐπὶ
2792 1812 2890 1878 τήν
2947 1817 3054 1865 τῶν
3114 1819 3309 1868 κοινῶν
3373 1814 3642 1887 διοίκησιν
3701 1819 3868 1875 πάλιν

2226 1894 2515 1969 ἐτράπετο,
2573 1896 2942 1969 ἀπειπάμενος
3005 1899 3098 1970 μέν
3159 1903 3516 1975 προσπίπτειν
3574 1907 3660 1959 καὶ
3716 1907 3872 1973 αὖθις

2225 1980 2366 2056 (ᾔδει
2391 1984 2491 2058 γὰρ
2524 1984 2622 2039 οὐκ
2660 1985 2910 2058 ἀνυσων),
2959 1985 3225 2062 ἐγκαίρως
3265 1991 3328 2064 γέ
3378 1992 3476 2060 τήν
3526 1991 3727 2067 ἄμυναν
3776 1995 3868 2052 δια

2223 2071 2401 2136 θέσθαι
2431 2077 2536 2126 τῶν
2567 2071 2794 2127 δεόντων
2826 2076 3036 2148 ἡγεῖτο.

2149 1775 2194 1836 Β

2218 2179 2313 2254 κ’.-
2345 2178 2531 2254 ’Όπως
2586 2176 2857 2254 συνῆλθον
2916 2179 2966 2234 ἐν
3027 2187 3205 2254 ταυτῴ
3260 2185 3397 2238 κατὰ
3474 2188 3743 2252 συνθεσίας
3800 2195 3860 2246 οὶ

2290 2245 2545 2302 δεσπόται
2617 2245 2871 2321 Ἰωάννης
2941 2272 2999 2306 τε
3070 2245 3189 2307 καῖ’
3231 2255 3467 2330 Μιχαὴλ
3525 2260 3553 2312 ὁ
3607 2245 3861 2329 τῆς-Δύέ

2288 2340 2444 2381 σεως.

2286 2429 2351 2495 [Ρ
2406 2427 2527 2498 143]
2585 2426 2716 2481 Τότε
2769 2427 2949 2482 τοίνυν
3005 2428 3094 2482 καὶ
3152 2428 3316 2485 πάλιν
3371 2432 3696 2511 ἀπεπειρᾶτο
3753 2443 3862 2493 τῶν

2213 2622 2586 2679 vehementer
2623 2623 2854 2680 instans
2902 2624 3076 2682 etiam
3121 2627 3432 2686 abeuntem
3486 2640 3855 2706 sequeretur.

2213 2711 2378 2782 quasi
2411 2713 2810 2784 expugnandae
2841 2713 2892 2768 vi
2927 2714 3025 2785 pia
3062 2717 3390 2774 severitatis
3421 2726 3639 2790 certus,
3668 2725 3867 2781 ferunt

2210 2799 2603 2870 patriarcham
2657 2800 2859 2855 cellam
2909 2802 3242 2873 ingressum
3287 2806 3438 2862 fores
3486 2809 3544 2864 in
3589 2827 3655 2866 os
3704 2818 3864 2868 arcte

2209 2886 2441 2942 clausas
2473 2887 2768 2943 obdidisse
2801 2892 3140 2958 assectanti,
3175 2893 3373 2964 sicque
3407 2895 3569 2951 illum
3602 2916 3851 2956 vacuum

2207 2978 2262 3028 et
2292 2977 2479 3045 preois
2511 2975 2743 3029 irritum
2785 2978 2963 3032 crude
2994 2978 3307 3036 dimisisse.
3341 2986 3454 3036 Nec
3495 2986 3676 3040 semel
3710 2989 3850 3042 talia

2203 3066 2473 3133 expertus
2505 3063 2840 3134 imperator,
2867 3067 2965 3120 sed
2999 3067 3200 3123 eadem
3222 3069 3344 3124 hmo
3377 3071 3588 3142 saepius
3617 3075 3854 3130 etlocu-

2200 3155 2296 3205 tus
2337 3155 2394 3205 et
2435 3157 2711 3222 Operatus
2757 3157 2814 3206 et
2857 3170 3088 3223 passus,
3141 3157 3541 3229 nequidquam
3589 3178 3841 3234 semper,

2203 3239 2475 3294 efferatus
2505 3240 2574 3294 ad
2601 3244 2923 3295 extremum
2943 3246 3052 3308 est,
3076 3248 3132 3298 et
3163 3245 3233 3298 de
3257 3245 3473 3301 duritia
3503 3249 3847 3318 patriarchas

2203 3329 2356 3398 apud
2382 3327 2596 3383 multos
2615 3333 2701 3382 est
2724 3330 3286 3400 questus,invidiose
3311 3338 3849 3407 exaggerans,velle

2191 3413 2402 3485 jubere
2424 3415 2586 3469 illum
2617 3416 2791 3486 abjici
2824 3433 2856 3471 a
2888 3433 2950 3472 se
2971 3435 3161 3474 curam
3181 3425 3584 3478 communium
3620 3443 3838 3494 rerum,

2205 3518 2304 3557 nec
2356 3503 2546 3558 sinere
2593 3520 2654 3558 se
2704 3504 2956 3575 amplius
3005 3512 3107 3562 aut
3136 3524 3165 3563 e
3195 3510 3365 3566 terris
3410 3513 3635 3568 tributa
3679 3521 3841 3571 ante

2202 3592 2602 3648 mercimoniis
2622 3595 2923 3665 vectigalia
2937 3596 3164 3668 exigere
3187 3617 3202 3667 ;
3228 3599 3478 3672 denique
3495 3604 3842 3661 tractatione

2195 3680 2353 3734 omni
2400 3680 2766 3750 publicorum
2815 3684 3178 3755 negotiorum
3229 3687 3594 3760 interdicere,
3653 3709 3719 3747 ac
3763 3710 3842 3751 ne

2194 3766 2370 3822 ullam
2392 3769 2663 3840 deinceps
2687 3770 3016 3841 reipublicae
3049 3780 3268 3843 partem
3302 3776 3713 3834 administrare
3737 3789 3839 3836 aut

2191 3857 2450 3912 omnimo
2483 3857 2768 3929 attingere
2797 3860 3115 3931 imperator
3156 3864 3390 3930 audeat,
3420 3871 3633 3924 vetare.
3670 3869 3832 3924 Hunc

2189 3944 2279 3998 sui
2325 3947 2565 4000 curandi
2601 3948 2835 4002 modum
2882 3950 3239 4020 excogitasse
3288 3955 3703 4023 patriarcham,
3737 3957 3832 4011 cui

2185 4049 2251 4088 ex
2281 4034 2472 4090 officio
2500 4036 2802 4090 incumbat
2831 4053 3084 4105 quarere
3115 4040 3395 4111 Optimam
3427 4043 3706 4100 rationem
3727 4047 3831 4100 ad-

2172 4121 2568 4191 juvandorum
2601 4127 2657 4178 et
2682 4123 2740 4176 in
2773 4127 2990 4178 statum
3025 4127 3340 4196 pristinum
3369 4132 3827 4200 reparandorum

2180 4225 2379 4263 eorum
2413 4211 2511 4280 qui
2544 4210 2886 4266 humanitus
2924 4212 3071 4283 lapsi
3107 4220 3264 4270 sunt.
3300 4216 3436 4272 Post
3477 4218 3597 4274 haec
3629 4221 3825 4276 decla-

2179 4302 2336 4352 mata
2377 4300 2530 4354 2I4
2579 4300 2960 4371 adjungebat,
2993 4303 3211 4375 saepius
3260 4305 3496 4375 iterans,
3546 4310 3822 4379 quoniam

2177 4388 2506 4456 patriarcha
2538 4388 2727 4458 palam
2762 4395 3163 4447 contemneret
3203 4411 3400 4450 sacros
3422 4412 3676 4454 canones
3698 4401 3822 4455 dari

2175 4475 2355 4547 lapsis
2379 4476 2780 4548 paenitentiam
2799 4479 3337 4554 jubentes,tempus
3360 4500 3486 4540 esse
3509 4503 3818 4544 recurren-

2172 4564 2228 4619 di
2262 4565 2331 4620 ad
2363 4581 2570 4636 papam
2623 4565 2814 4620 Romae
2847 4570 3167 4636 sedentem,
3191 4575 3247 4626 et
3277 4573 3347 4626 ab
3380 4589 3445 4628 eo
3477 4577 3820 4646 suppliciter

2171 4655 2399 4726 petendi
2435 4655 2689 4710 salutare
2724 4659 2942 4728 peccati
2986 4661 3329 4716 remedium.
3365 4663 3458 4718 Sic
3501 4665 3815 4737 indignans

2169 4747 2573 4814 exasperatum
2607 4749 2722 4800 tam
2757 4747 2925 4802 sazvis
2957 4749 3208 4819 repulsis
3239 4752 3500 4806 animum
3535 4753 3616 4808 ita
3649 4755 3809 4809 dein-

2169 4850 2303 4904 ceps
2347 4834 2417 4888 ad
2462 4833 2793 4905 reipublicae
2847 4837 3413 4894 administrationem
3477 4841 3699 4908 retulit,
3751 4847 3815 4898 ut

2163 4922 2418 4993 amplius
2448 4938 2563 4976 non
2603 4927 2832 4978 curaret
2863 4926 3169 4980 convenire
3221 4928 3633 5000 patriarcham,
3668 4931 3810 4986 satis

2163 5028 2379 5083 gnarus
2425 5027 2485 5067 se
2527 5011 2671 5066 nihil
2721 5014 3147 5085 profecturum,
3202 5021 3479 5088 pxazterea
3528 5019 3809 5089 judicans

2161 5099 2397 5156 omnino
2428 5100 2758 5166 convenire,
2791 5118 2857 5156 ac
2890 5103 3218 5158 curandum
3272 5104 3382 5160 sibi
3433 5123 3564 5162 esse
3594 5124 3805 5179 oppor-

2158 5193 2300 5244 tuno
2331 5193 2612 5259 tempore,
2647 5190 2896 5244 utistius
2918 5191 3130 5246 atrocis
3165 5193 3549 5249 inclementia;
3568 5195 3802 5268 culpam

2161 5278 2432 5350 congruis
2463 5277 2775 5348 aliquando
2803 5281 2986 5349 poenis
3019 5281 3352 5351 patriarcha
3383 5283 3588 5339 lueret.

2155 5385 2323 5460 20_Ut
2353 5383 2415 5438 de
2453 5388 2996 5460 pacebconvencrirgt
3048 5387 3196 5460 inter
3245 5405 3302 5460 se
3348 5390 3504 5444 ambo
3565 5391 3798 5460 despola:

2225 5457 2469 5510 Jaamzes
2499 5461 2551 5509 et
2571 5456 2799 5511 Michael
2833 5459 2893 5512 in
2935 5457 3222 5514 Occidente
3250 5459 3554 5515 dominans.

2157 5543 2322 5608 Quod
2391 5559 2545 5598 nunc
2623 5543 2902 5613 instabat,
2969 5544 3114 5600 nulli
3193 5548 3652 5618 praevertendam
3724 5547 3799 5604 rei
