4162 6292
344 453 450 509 657

1421 455 1516 505 DE
1557 452 1925 506 MICHAELE
1963 448 2387 504 PALEOLOGO
2422 450 2556 503 LIB.
2600 453 2697 504 III.

3634 440 3741 495 658

339 575 592 632 δυτικῶν.
653 570 798 630 Οὐδὲ
854 574 958 647 γὰρ
1015 576 1105 640 ἦν,
1157 573 1255 627 οὐκ
1310 573 1376 641 ἦν
1434 574 1517 627 ἐπὶ
1571 576 1768 628 ταυτοῧ
1804 571 1980 644 μένειν
2012 568 2321 642 Αέκείνῳ,
2379 569 2468 623 καὶ
2520 570 2699 623 πίστιν
2753 570 2993 645 γενέσθαι
3056 562 3273 642 βεϐαίαν
3330 566 3388 620 ἐκ
3441 572 3540 635 τῆς
3596 555 3737 640 πρὸς

337 664 617 729 ἐκείνους,
670 661 761 715 καὶ
823 658 913 714 διὰ
964 665 1127 714 τοῦτο
1186 660 1285 715 οὐκ
1342 661 1405 729 ἦν
1466 662 1687 735 ἠρεμεῖν
1746 660 1836 715 καὶ
1890 660 1981 713 τὸν

341 750 608 819 δεσπότην
670 748 925 817 Ἰωάννην
958 745 1082 802 οὐδὲ
1111 749 1244 821 πρὸς
1296 747 1512 822 ὀλίγον,
1544 749 1655 819 ἅμα
1688 750 1780 819 μὲν
1829 747 1984 801 καθὲ·

342 838 465 915 δρᾳ,
501 840 615 909 ἅμα
645 834 701 890 δὲ
741 836 830 890 καὶ
881 836 1210 910 ὁρμητηρίῳ
1261 836 1627 909 Θεσσαλονίκῃ
1681 838 1985 910 χρώμενον.

338 927 527 991 Ἔνθεν
583 946 668 979 τοι
721 927 812 978 καὶ
873 922 1024 985 αὖθις
1059 969 1073 989 ,
1131 924 1314 978 καίτοι
1388 929 1492 977 τῶν
1545 924 1659 977 κατ’
1715 923 1981 992 ἀνατολὴν

338 1015 698 1085 πονούντων,
758 1014 869 1084 ἅμα
928 1011 1181 1083 δυνάμεσι
1236 1012 1515 1074 πλείσταις
1570 1014 1659 1067 τὸν
1719 1009 1979 1083 δεσπότην

339 1104 629 1176 ἐκπέμπει.
690 1101 784 1154 Καὶ
819 1098 882 1169 δὴ
914 1101 1011 1167 τὴν
1052 1100 1314 1175 ταχίστην
1362 1097 1550 1163 ἐπιϐὰς
1597 1101 1798 1161 ἐκεῖνος
1851 1108 1981 1156 Θεσ-

340 1190 635 1260 σαλονίκης
691 1189 969 1243 συνέταττέ
1021 1210 1079 1243 τε
1151 1190 1246 1252 τὰς
1302 1186 1554 1261 δυνάμεις
1603 1188 1692 1243 καὶ
1741 1189 1984 1261 πόλεμον

338 1279 545 1352 ἐξάγειν
592 1278 725 1331 κατὰ
771 1274 1003 1350 Μιχαὴλ
1054 1276 1413 1352 εὐτρεπίζετο.
1465 1276 1561 1330 Καὶ
1615 1274 1756 1349 μηδὲ
1779 1277 1982 1339 τελέως

339 1365 616 1426 ἀκουσθείς
643 1363 857 1425 ἐπιστὰς
891 1365 986 1435 ἅμ’
1037 1364 1265 1433 ἠκούετο
1313 1365 1401 1419 καὶ
1449 1364 1561 1437 ἅμα
1606 1370 1725 1425 ταῖς
1774 1365 1983 1439 χώραις

335 1450 699 1530 προσέϐαλλε,
756 1450 900 1505 λείαν
963 1473 1020 1505 τε
1076 1451 1333 1521 πλείστην
1380 1448 1811 1526 περιϐαλόμενος
1849 1455 1980 1508 ὑπο-

337 1545 571 1617 στρέφει.
624 1543 721 1597 Καὶ
780 1542 806 1595 ὁ
869 1541 962 1611 μὲν
1017 1544 1112 1603 τὰς
1145 1540 1399 1615 δυνάμεις
1440 1548 1664 1617 κατεῖχε
1696 1540 1978 1617 διαχειμε-

334 1632 553 1708 ριούσας
582 1630 703 1703 περὶ
733 1632 823 1684 τὸν
858 1628 1185 1706 Βαρδάριον,
1235 1632 1308 1693 ὡς
1359 1629 1469 1704 ἅμα
1512 1636 1603 1706 ἦρι
1648 1629 1974 1708 προσϐαλὼν

330 1723 504 1785 αὖθις·
565 1722 593 1774 ὁ
651 1718 707 1773 δὲ
762 1719 992 1794 Μιχαὴλ
1051 1717 1204 1796 φόϐῳ
1256 1720 1484 1796 ληφθεὶς
1536 1722 1596 1775 ού
1631 1723 1835 1795 μετρίῳ
1863 1723 1974 1795 (τὸν

324 1808 427 1883 γὰρ
484 1805 749 1876 δεσπότην
810 1806 899 1860 καὶ
958 1806 1009 1876 ἐξ
1085 1808 1252 1876 ἀκοῆς
1312 1806 1605 1863 ἐδεδίττετο
1662 1810 1729 1862 τὰ
1792 1806 1977 1863 πολλὰ

2096 655 2380 727 ἀλλήλους
2413 660 2536 721 θὲας
2564 653 2847 713 ἐϐούλετο.
2904 659 2964 713 Ὀ
3021 661 3149 732 γοῦν
3180 653 3448 724 δεσπότης
3475 656 3574 724 τὴν
3607 673 3737 727 πρε-

2094 740 2273 799 σϐείαν
2336 744 2645 819 δεξάμενος,
2704 747 2777 808 ὡς
2833 740 3015 800 λαϐὼν
3064 745 3208 819 παρά
3259 742 3523 818 βασιλέως
3555 742 3737 815 ἐκχώ-

2094 853 2271 906 ρησιν,
2307 833 2519 889 ἐκέλευε
2544 834 2670 897 τοὺς
2703 836 2899 907 ὅρκους
2928 832 3197 909 γενέσθαι.
3238 831 3335 889 Καὶ
3368 829 3434 900 δὴ
3468 829 3736 886 συνελθὼν

2093 922 2237 993 αὐτῷ
2268 921 2343 999 ἐφ’
2364 922 2671 997 ὁρισθείσης
2695 922 2925 996 ἡμέρας,
2948 921 3037 976 καὶ
3060 920 3536 992 κατασπασάμενος
3561 916 3737 973 ἀπλά-

2091 1032 2201 1083 στῳ
2249 1011 2390 1081 ἤθει,
2443 1012 2489 1066 εἴ
2534 1012 2781 1076 κάκεῖνος
2812 1010 2902 1066 καὶ
2950 1010 3115 1066 πάλιν
3163 1010 3255 1065 τὸν
3290 1006 3453 1065 δόλον
3484 1005 3735 1083 ἔκρυπτε,

2091 1100 2224 1175 πρὸς
2256 1099 2320 1153 τὰ
2350 1100 2522 1154 οἰκεῖα
2552 1100 2838 1173 ἐκπέμπει.

2087 1221 2187 1270 κα’.
2218 1216 2403 1276 Ὃπως
2433 1216 2459 1268 ὁ
2492 1213 2757 1285 δεσπότης
2791 1217 3042 1288 Ἰωάννης
3085 1212 3577 1288 ἀπαλλαγεὶς-τῶν
3629 1221 3733 1288 Aut

2159 1291 2467 1361 TLZEJVﬁOEC
2499 1288 2613 1341 κατ’
2643 1280 2944 1361 Ἀνατολήν
2974 1280 3197 1361 ἐχθροῖς
3237 1280 3597 1361 πρὸσϐἀλλει.
3633 1284 3736 1343 Καὶ

2165 1355 2383 1431 μερικὸς
2409 1354 2624 1419 ἔπαινος
2649 1358 2865 1415 τούτου.

2159 1455 2221 1524 [Ρ
2256 1455 2375 1524 144]
2410 1453 2515 1509 Τὸν
2568 1454 2753 1525 μέντοι
2802 1474 2865 1527 γε
2915 1450 3180 1522 δεσπότην
3215 1451 3468 1522 Ἰωάννην
3503 1472 3732 1525 μετακα-

2088 1537 2379 1613 λεσάμενος
2426 1540 2484 1596 ἐκ
2513 1541 2913 1610 Θεσσαλονίκης
2958 1542 2985 1597 ὁ
3021 1539 3298 1617 βασιλεὺς,
3358 1542 3548 1616 μικρὸν
3605 1542 3727 1594 ὅσον

2088 1625 2441 1703 διατρίψαντα
2497 1632 2571 1697 οἱ,
2630 1631 2742 1703 ἅμα
2786 1634 2906 1693 ταῖς
2954 1627 3210 1702 δυνάμεσι
3268 1629 3404 1703 πρὸς
3458 1628 3726 1695 ἀνατολὴν

2084 1714 2371 1789 ἐκπέμπει,
2424 1724 2541 1779 τοῖς
2601 1718 2829 1794 Πέρσαις
2892 1719 2966 1779 ὡς
3022 1718 3088 1787 ἦν
3149 1718 3505 1791 συμμίξοντα.
3537 1719 3635 1773 Ἠν
3670 1714 3727 1771 δὲ

2082 1805 2314 1877 κάκείνῳ
2370 1807 2547 1882 τρυφή
2603 1808 2665 1861 τὸ
2722 1806 2948 1868 ἐκείνοις
3005 1806 3326 1877 ἐφεστάναι,
3382 1805 3470 1860 καί
3520 1826 3572 1860 τι
3627 1812 3729 1875 τῆς

323 1896 431 1972 πρὸ
488 1900 587 1951 τοῦ
641 1894 721 1967 τῷ
780 1894 1034 1966 Ἰταλικῷ
1095 1897 1453 1970 στρατεύματι
1523 1898 1923 1971 φρυαττόμενος
1961 1916 1971 1927 ·
2008 1893 2244 1993 Betui-oi}
2302 1891 2459 1964 δόξης
2525 1892 2670 1963 ἄξιον
2726 1892 3139 1970 διαπράξεσθαι.
3194 1896 3291 1951 Ἠν
3347 1895 3451 1969 γὰρ
3511 1894 3538 1948 ὁ
3589 1893 3726 1970 ἀνὴρ

326 1982 415 2039 διὰ
465 1986 567 2059 γὰρ
625 1986 688 2038 τὸ
748 1986 883 2059 πρὸς
940 1985 1031 2038 τὸν
1086 1989 1181 2038 τοῦ
1262 1983 1600 2061 Φρεδερίχου
1656 1984 1821 2039 παῖδα
1878 1986 1968 2039 τὸν

327 2074 521 2150 Manceps
577 2070 746 2141 κῆδος
807 2072 895 2126 ἐπὶ
944 2076 1011 2145 τῇ
1043 2073 1262 2149 θυγατρὶ
1291 2071 1509 2147 ἕτοιμον
1552 2076 1822 2148 βοηθῆσον
1857 2073 1972 2147 εἶχε

326 2164 387 2217 τὸ
436 2163 633 2226 ἐκεῖθεν
693 2163 1104 2236 στρατιωτικὸν)
1150 2163 1305 2239 ἀφεὶς
1359 2166 1420 2217 τὸ
1477 2163 1558 2217 ἐπ’
1589 2164 1812 2225 ἐκείνοις
1840 2164 1972 2237 θαρ-

327 2250 434 2325 ρεῖν
492 2249 585 2304 ἐπὶ
638 2247 871 2311 σπονδὰς
928 2250 1269 2326 καταφεύγει,
1324 2252 1411 2305 καὶ
1468 2253 1686 2325 πεμψας
1747 2250 1970 2305 ἱκετεύει

322 2339 417 2392 τὸν
467 2341 726 2407 Ἰωάννην
788 2336 1249 2410 μετακλαιόμενός
1304 2360 1361 2393 τε
1415 2340 1511 2400 τὰς
1568 2340 1832 2413 προτέρας
1865 2358 1968 2392 πα-

326 2421 655 2496 λιμϐολίας,
692 2424 781 2479 καὶ
806 2426 903 2499 πρὶ
932 2430 1038 2479 τῶν
1078 2424 1392 2497 μελλόντων
1442 2426 1696 2501 ἐχέγγυον
1738 2426 1970 2502 ἀσφαλὲς

326 2513 456 2575 τοὺς
489 2511 684 2587 ὅρκους
754 2509 952 2567 ἐδίδου.
1015 2513 1227 2584 Ἐζήτει
1285 2536 1341 2568 τε
1408 2516 1494 2569 καὶ
1555 2520 1825 2578 συνελθεῖν
1875 2513 1968 2585 ἅμ’

332 2709 559 2781 putavit
582 2709 999 2780 expeditionem
1034 2711 1089 2763 in
1124 2711 1411 2766 Occiduos
1433 2714 1657 2767 tractus
1682 2711 1916 2766 alteram
1945 2726 1957 2775 ;

332 2814 450 2853 non
485 2797 660 2865 enim,
712 2814 822 2851 non
868 2797 1070 2868 utique
1120 2802 1222 2853 aut
1272 2800 1625 2870 sperandum
1677 2802 1818 2865 erat,
1871 2802 1972 2853 aut

334 2886 572 2941 omnino
604 2886 722 2940 ﬁeri
755 2890 982 2956 poterat
1025 2892 1087 2940 ut
1117 2888 1501 2956 praesentibus
1532 2889 1970 2958 acquiescerent

327 2980 429 3029 aut
478 2990 677 3029 secure
724 2974 1023 3045 quiescere
1074 2992 1177 3029 nos
1214 2976 1483 3031 sinerent
1522 2975 1970 3047 inquietissimaa

318 3068 542 3135 gentes.
576 3066 759 3129 Quare
789 3064 1239 3129 cessandum,ac
1273 3081 1344 3119 ne
1377 3067 1780 3120 cunctandum
1815 3082 1849 3135 q
1874 3064 1969 3119 ui-

315 3153 449 3207 dem
482 3152 567 3208 vel
602 3152 935 3220 minimum,
969 3152 1037 3206 ab
1060 3152 1143 3206 eis
1166 3151 1318 3208 ultro
1340 3153 1691 3209 invadendis
1732 3158 1788 3209 et
1814 3153 1973 3208 malo

316 3241 609 3295 donandis
649 3240 861 3295 Joanni
893 3241 1146 3312 despotze
1200 3258 1313 3297 non
1345 3249 1487 3312 erat,
1532 3258 1809 3313 magnam
1842 3243 1970 3311 ejus

2079 1986 2196 2043 ταῖς
2246 1979 2527 2050 ἀληθείαις
2578 1982 2853 2052 ὀξύτατος,
2908 1983 2981 2045 ὡς
3031 1987 3119 2036 νῦν
3180 1984 3276 2055 μὲν
3309 1982 3512 2036 ἐνταῦθ’
3540 1982 3730 2038 ἀκούε-

2078 2072 2219 2142 σθαι,
2267 2074 2355 2124 νῦν
2406 2067 2463 2123 δὲ
2509 2076 2759 2145 παρεῖναι
2811 2072 2947 2125 ὅπου
2996 2091 3078 2131 τις
3139 2067 3279 2142 μηδὲ
3329 2068 3728 2144 προσεδόκησεν

2078 2156 2137 2211 ἂν
2171 2159 2414 2214 πώποτε.
2466 2158 2665 2219 Σκευὰς
2726 2156 2771 2212 δ’
2819 2158 3020 2221 ὲκείνας
3064 2158 3153 2212 καὶ
3199 2156 3489 2232 ταγμᾶτων
3539 2156 3726 2229 πλήθη

2077 2246 2166 2299 καὶ
2224 2247 2506 2320 θεραπείας
2562 2246 2754 2323 ἀφιεὶς.
2808 2246 3034 2322 ἐσπὲρας
3087 2245 3481 2319 σκευαζόμενος
3536 2244 3731 2309 ἵπποις

2078 2333 2282 2408 ἐχρῆτο
2339 2332 2774 2408 ταχυδρομοῦσι,
2831 2335 2922 2390 καὶ
2978 2342 3096 2397 τοῖς
3160 2332 3289 2407 μηδ’
3346 2334 3421 2398 εἷς
3474 2339 3595 2390 νοῦν
3629 2337 3726 2403 τήν

2078 2421 2279 2477 ἐκείνου
2332 2420 2519 2497 ἔχουσι
2602 2426 2894 2499 παρουσίαν
2958 2423 3211 2498 ἐφίστατο
3251 2463 3263 2482 .
3335 2422 3439 2479 Καὶ
3502 2420 3587 2477 ἵνα
3650 2425 3724 2496 μὴ

2077 2510 2440 2585 καταχαλῷτο
2487 2511 2549 2566 τὸ
2599 2517 2756 2584 σῶμα
2806 2510 3128 2584 κινούμενον
3160 2510 3239 2589 ἐφ’
3265 2510 3452 2565 ’ίππων
3481 2512 3570 2565 καὶ
3601 2512 3727 2565 ἀνα-

2077 2706 2470 2763 immutabilis
2525 2708 2741 2779 pignus
2779 2713 2953 2779 atque
2983 2709 3246 2764 obsidem
3297 2707 3510 2763 obtulit
3546 2707 3728 2778 juris-

2072 2795 2315 2863 jurandi
2348 2796 2709 2865 religionem,
2744 2814 2859 2868 qua
2891 2798 3158 2867 praesenti
3208 2812 3271 2852 se
3315 2797 3726 2868 obstringeret,

2080 2882 2353 2953 colloquii
2407 2884 2637 2955 cupiam
2686 2886 2757 2939 ad
2810 2885 2866 2939 id
2919 2885 3251 2955 postulans,
3298 2890 3353 2939 et
3387 2902 3625 2956 sperare
3668 2901 3730 2941 se

2087 2970 2245 3025 aiens
2277 2976 2480 3025 mutuo
2531 2976 2845 3043 conspectu
2880 2972 3117 3028 sincerae
3150 2990 3268 3028 suae
3318 2973 3638 3029 voluntatis
3669 2974 3728 3028 in

2079 3063 2352 3114 aeternam
2368 3059 2742 3115 concordiam
2761 3060 2956 3124 ﬁdem,
2982 3061 3728 3131 quantumlibetdubitanti

2082 3163 2144 3201 se
2177 3148 2487 3202 facturum.
2522 3148 2686 3203 Haud
2721 3154 3069 3218 aspernatus
3102 3148 3449 3220 legationem
3483 3149 3729 3220 despota

2080 3234 2354 3305 Joannes,
2387 3235 2486 3306 qui
2520 3251 2579 3291 se
2612 3235 2784 3306 plena
2815 3236 2883 3290 ad
2930 3237 3301 3291 tractandum
3336 3241 3619 3307 potestate
3641 3239 3728 3292 in-

326 3328 461 3408 belli
484 3328 1090 3383 habentefacultatem
1108 3346 1310 3385 secura
1339 3331 1712 3402 possessione
1729 3330 1971 3385 Thessa-
2008 3342 2050 3408 ρ
2088 3327 2375 3378 structum
2410 3324 2481 3378 ab
2531 3324 2878 3396 imperatore
2910 3325 3277 3390 meminerat,
3313 3325 3465 3380 diem
3503 3326 3729 3381 locum-

321 3403 641 3471 lonicensis
674 3417 979 3484 urbis,ubi
1004 3422 1060 3471 et
1093 3418 1403 3474 stationem
1436 3425 1651 3475 certam
1686 3424 1742 3474 et
1762 3420 1831 3473 ad
1866 3420 1972 3472 im-

328 3507 498 3575 petus
512 3505 916 3559 incursionum
934 3506 989 3559 in
1006 3522 1231 3561 omnem
1247 3507 1693 3581 circumquaque
1706 3509 1849 3563 sitas
1867 3513 1966 3563 ter-

327 3607 423 3646 ras
439 3591 706 3647 Michaeli
720 3594 1018 3663 subjectae
1032 3595 1283 3665 despotaa
1298 3596 1549 3652 habebat
1562 3601 1968 3669 opportunam,

326 3697 458 3734 cum
494 3685 694 3750 parato
727 3686 978 3752 receptu.
1014 3683 1111 3736 His
1141 3684 1211 3737 de
1241 3686 1435 3741 causis
1466 3702 1531 3741 eo
1554 3702 1759 3741 rursus
1782 3686 1969 3757 impe-

326 3773 487 3822 rator
526 3768 811 3823 Joannem
852 3770 1149 3840 despotam
1192 3773 1353 3827 misit
1390 3790 1523 3828 cum
1572 3775 1969 3845 maximapar-

332 3860 389 3911 te
417 3857 738 3928 copiarum,
774 3856 906 3912 licet
934 3858 1005 3913 iis
1037 3858 1367 3915 laborantes
1401 3866 1457 3915 et
1490 3862 1624 3933 ipsae
1647 3862 1968 3918 Orientales

322 3945 631 4015 provincia:
659 3962 773 3999 non
798 3962 1003 4016 parum
1027 3946 1463 4019 indigerent.‘is
1495 3966 1664 4019 porro
1696 3951 1806 4005 cito
1837 3967 1964 4021 per-

318 4037 519 4087 vectus
544 4032 1019 4089 Thessalonicam
1043 4037 1361 4091 exercitum
1380 4037 1437 4091 in
1460 4038 1795 4093 Michaelem
1822 4039 1962 4095 adeo

319 4119 871 4189 celeriterimmisit,
906 4128 969 4176 ut
1006 4123 1219 4180 famam
1252 4125 1699 4196 Opinionemque
1718 4144 1958 4197 praever-

318 4213 451 4263 tens
473 4208 563 4263 vix
587 4210 751 4280 prius
776 4212 1009 4267 auditus
1031 4220 1363 4268 cerneretur
1383 4218 1437 4269 et
1460 4215 1771 4270 sentiretur
1791 4232 1957 4287 agere

323 4298 593 4368 ferreque
610 4298 911 4354 Michaelis
928 4300 1206 4356 ditionem
1227 4302 1384 4357 omni
1404 4302 1565 4358 clade
1584 4303 1736 4359 belli.
1765 4306 1958 4361 Praeda

317 4385 537 4440 dehinc
569 4386 760 4443 omnis
789 4389 1018 4458 generis
1048 4395 1291 4445 onustas
1324 4392 1378 4446 in
1414 4396 1603 4447 tutum
1638 4393 1833 4464 copias
1867 4411 1956 4449 re-

315 4475 492 4544 cepit,
526 4478 581 4528 et
611 4476 763 4531 circa
794 4478 1133 4533 Bardarium
1168 4496 1398 4535 amnem
1433 4481 1956 4538 hiematuraslocis

315 4564 642 4618 commodis
656 4564 970 4635 disposuit,
992 4572 1054 4621 ut
1070 4568 1413 4623 videlicetex
1431 4571 1577 4626 215
1602 4572 1950 4643 propinquo,

2089 3413 2687 3481 quejuramentorum
2711 3413 3066 3469 caeremoniae
3089 3413 3423 3480 constituit;
3449 3430 3632 3485 eoque
3654 3416 3725 3469 ad

2087 3498 2417 3553 condictum
2454 3516 2789 3567 occurrens,
2823 3506 2888 3555 ut
2918 3508 3039 3556 erat
3068 3501 3321 3556 naturali
3364 3502 3643 3557 facilitate
3673 3510 3727 3558 et

2084 3587 2219 3641 recti
2255 3587 2607 3642 conscientia
2636 3589 2932 3658 credulus,
2967 3590 3194 3645 sincera
3224 3590 3351 3660 ipse
3383 3595 3574 3649 mente
3607 3608 3720 3647 non

2081 3675 2206 3746 pari
2238 3676 2485 3730 candore
2508 3676 2810 3743 jurantem
2829 3695 2893 3732 ac
2912 3678 3074 3734 dolos
3106 3683 3247 3734 tunc
3269 3695 3499 3751 quoque
3517 3680 3719 3736 verbo-

2084 3799 2209 3837 rum
2244 3781 2473 3837 fallacia
2503 3782 2786 3837 celantem
2823 3784 3044 3838 audivit
3066 3784 3433 3852 Michaelem,
3469 3801 3722 3857 eumque

2078 3871 2291 3926 foedere
2321 3870 2433 3926 icto
2458 3870 2683 3926 remisit
2711 3871 2777 3925 ad
2806 3871 3056 3941 propria.

2073 3986 2176 4058 21._
2221 3987 2301 4058 Ut,
2336 3986 2552 4052 despola
2597 3987 2831 4058 Joannes
2871 3987 3196 4058 perfunctus
3268 3987 3610 4058 expeditione
3658 3986 3720 4043 in

2148 4056 2424 4130 Occiduos,
2458 4073 2583 4130 cum
2614 4056 2868 4130 hostibus
2899 4057 2959 4111 in
2991 4059 3203 4112 oriente
3230 4058 3303 4113 sit
3336 4056 3667 4130 congressus
3701 4080 3715 4127 ;

2133 4130 2185 4183 et
2214 4126 2445 4181 laudum
2473 4128 2590 4199 ejus
2619 4127 2933 4182 distinctior
2960 4129 3306 4198 praedicatio.

2138 4226 2213 4277 At
2245 4222 2566 4294 imperator
2612 4224 2915 4295 despotam
2959 4224 3244 4280 Joannem
3292 4224 3711 4283 Thessalonica

2067 4316 2395 4367 revocatum
2413 4317 2540 4384 post
2569 4313 2858 4368 modicam
2876 4314 3029 4385 apud
3054 4329 3116 4368 se
3133 4329 3355 4369 moram
3372 4331 3504 4370 cum
3528 4316 3713 4386 copiis

2065 4400 2125 4455 in
2144 4400 2423 4455 orientem
2462 4400 2661 4469 mittit,
2713 4402 2995 4456 adversus
3019 4401 3223 4457 Persas
3254 4401 3374 4457 illic
3423 4408 3683 4474 pugnatu

2066 4504 2216 4545 rum.
2252 4486 2651 4542 Delectabatur
2679 4487 2771 4540 hic
2793 4486 3006 4542 viristo
3028 4488 3463 4559 expeditionum
3482 4490 3676 4546 labore
3694 4530 3708 4557 ,

2065 4579 2121 4629 et
2152 4592 2395 4631 summie
2430 4575 2509 4629 illi
2533 4574 2852 4646 voluptatis
2884 4574 3008 4630 loco
3027 4580 3151 4630 erat
3181 4575 3401 4648 aliquid
3426 4576 3595 4634 laude
3618 4579 3704 4633 di-

313 4666 447 4704 vere
468 4650 721 4721 primum
756 4652 1147 4721 illucescente,
1174 4656 1414 4711 hostiles
1444 4656 1655 4712 iterum
1687 4658 1951 4730 regiones
1990 4687 2035 4749 D
2066 4681 2246 4735 gnum
2290 4680 2509 4736 gerere.
2544 4667 2692 4718 Vera
2733 4664 2861 4732 ejus
2890 4664 3074 4733 gloria
3120 4669 3244 4719 erat
3276 4664 3705 4724 velocissimum

314 4737 675 4793 invaderent.
702 4742 771 4794 At
795 4740 1061 4811 Michael,
1088 4743 1283 4799 dolore
1309 4746 1655 4799 damnorum
1687 4748 1949 4818 quaajam

314 4832 584 4881 senserat
628 4827 1063 4885 imminentium
1099 4835 1253 4886 metu
1288 4832 1603 4897 cumulato,
1636 4834 1948 4889 vehemen-

317 4918 405 4967 ter
440 4914 693 4969 afﬂictus
727 4917 795 4970 ad
824 4918 1066 4973 Joannis
1089 4919 1175 4974 vel
1195 4919 1377 4974 solam
1405 4921 1760 4977 mentionem
1784 4940 1951 4978 cons-

317 5003 679 5068 ternabatur,
714 5006 959 5061 re'nissa
990 5024 1103 5061 non
1138 5024 1342 5078 parum
1369 5008 1468 5063 illa
1499 5011 1711 5066 ferocia
1750 5012 1948 5081 priori,

312 5106 433 5160 qua
456 5090 667 5146 solitus
687 5098 855 5149 antea
873 5100 995 5150 erat
1016 5096 1383 5167 insolescere,
1413 5098 1623 5153 fiducia
1649 5099 1843 5169 utique
1866 5100 1950 5154 Ita

310 5177 560 5234 licorum
593 5181 941 5237 auxiliorum
965 5201 997 5238 a
1019 5185 1311 5239 Mant‘redo
1334 5202 1568 5257 genere,
1589 5188 1861 5243 Friderici
1880 5190 1945 5242 ﬁ-

310 5264 412 5334 lio,
447 5266 557 5337 ipsi
590 5274 947 5338 paratorum.
972 5272 1082 5326 Sed
1117 5276 1253 5327 tunc
1276 5274 1389 5328 ista
1413 5292 1515 5346 spe
1540 5292 1763 5347 opeque
1784 5279 1944 5332 dam-

310 5360 449 5409 nata
470 5357 641 5425 quasi
665 5359 833 5414 malis
848 5361 1188 5428 urgentibus
1206 5368 1433 5432 reperta
1453 5364 1679 5434 impari,
1704 5366 1772 5419 ad
1794 5370 1942 5421 trac-

310 5443 591 5499 tationem
616 5447 773 5517 pacis
797 5448 1088 5517 cont‘ugit;
1114 5448 1388 5519 etlegatis
1411 5451 1478 5505 ad
1503 5452 1783 5507 Joannem
1801 5470 1941 5524 sup-

306 5528 562 5602 plicibus
597 5534 816 5600 missis,
844 5536 998 5590 serio
1039 5536 1163 5604 jam
1198 5537 1472 5606 poenitere
1502 5556 1629 5594 sese
1674 5541 1938 5596 fraudum

307 5618 434 5673 etin
449 5621 861 5690 quietudinum
880 5624 1302 5693 praeteritarum
1318 5624 1561 5681 obnoxie
1574 5643 1638 5681 ac
1653 5627 1937 5683 lamenta-

306 5704 508 5762 biliter
535 5709 852 5783 professus,
885 5708 1018 5765 fidei
1046 5711 1506 5783 constantiaeque
1532 5712 1589 5768 in
1635 5720 1936 5785 posterum

2066 4753 2280 4806 ducum
2331 4752 2590 4807 omnium
2647 4752 2705 4804 in
2740 4751 3137 4822 belligerando
3168 4770 3317 4820 esse,
3349 4754 3430 4809 ita
3460 4759 3524 4810 ut
3570 4773 3702 4811 cum

2062 4839 2275 4895 alicubi
2309 4839 2528 4894 versari
2555 4838 2876 4905 audiretur,
2907 4855 3036 4893 mox
3062 4839 3181 4895 illic
3212 4844 3438 4897 adesset
3459 4859 3573 4914 quo
3611 4862 3705 4899 ne-

2062 4944 2156 4983 mo
2188 4944 2449 4997 unquam
2483 4926 2871 4982 existimasset
2902 4928 3055 4982 216
3098 4934 3214 4983 tam
3250 4931 3407 4986 brevi
3437 4937 3701 5004 tempore

2061 5014 2356 5086 pervolare
2388 5015 2670 5086 potuisse.
2704 5015 2921 5085 Nempe
2952 5015 3377 5087 impedimenta
3407 5020 3698 5092 suppelle-

2058 5102 2212 5158 ctilis
2244 5103 2559 5159 castrensis
2589 5108 2645 5158 et
2675 5102 2804 5158 illas
2829 5103 3171 5160 ambitiosas
3190 5106 3407 5161 ducum
3436 5108 3697 5163 sarcinas

2057 5190 2503 5263 ministeriaque
2538 5190 2879 5246 famulorum
2913 5196 2971 5245 et
3020 5190 3225 5263 longas
3255 5195 3693 5251 clitellariorum

2055 5279 2351 5336 mulorum
2377 5281 3041 5351 mandras,apparatum
3062 5282 3226 5335 tarde
3252 5282 3693 5351 mobilem,ubi-

2054 5385 2285 5440 cunque
2305 5370 2696 5440 oppressisset
2716 5368 3246 5438 vesper,omittens,
3271 5370 3604 5440 pernicibus
3634 5371 3693 5426 in

2052 5460 2219 5527 equis
2250 5457 2553 5528 expeditus
2580 5461 2743 5513 vasta
2773 5456 3047 5510 noctibus
3069 5456 3348 5512 emetiens
3380 5458 3589 5529 spatia,
3613 5459 3691 5514 ibi

2051 5550 2288 5615 repente
2316 5544 2634 5617 apparebat
2655 5560 2770 5615 quo
2795 5542 3079 5615 perlatum
3104 5548 3223 5598 tam
3247 5545 3469 5601 volucri
3494 5545 3693 5602 celeri-

2051 5635 2168 5687 tate
2199 5633 2367 5689 ﬁdem
2390 5648 2621 5688 omnem
2654 5648 2719 5687 ac
2742 5630 3154 5702 cogitationem
3181 5635 3515 5702 excederet;
3538 5639 3690 5691 etne

2046 5719 2356 5792 rapiditate
2385 5718 2783 5777 incitatissimi
2808 5722 3002 5773 motus
3024 5734 3234 5790 corpus
3254 5720 3315 5777 in
3340 5722 3507 5793 equis
3538 5722 3685 5778 etfu-
