4162 6292
433 447 540 500 659

1741 460 2040 517 GEORGII
2078 459 2537 514 PACHYMERE

3721 445 3828 502 660

430 570 797 643 ϐρασσόμενον
860 577 1138 647 συνεχῶς,
1185 576 1412 652 κειρίαις
1461 579 1522 633 τὸ
1580 582 1737 652 σῶμα
1792 577 2160 651 διείληπτόΑ
2193 575 2249 632 δέ
2303 580 2350 654 γ’
2405 575 2889 655 ἀφιλοχρηματίας
2946 576 2982 645 ἢ
3063 574 3272 649 μᾶλλον
3333 567 3776 647 μισοχρηματίας
3812 611 3826 637 ,

431 679 488 712 τε
541 659 630 712 καὶ
690 662 1091 738 συνεσρίγγετο.
1155 664 1250 719 Διά
1295 670 1463 720 ταῦτα
1511 667 1597 720 καὶ
1629 665 1950 743 ἠνδραγάθει
2007 668 2074 721 τὰ

437 747 678 819 μέγιστα,
739 744 970 825 φοϐερὸς
1022 752 1214 806 ἅπασιν
1275 754 1385 825 ὥν,
1449 755 1542 828 ἅμ’
1600 757 1932 828 ἀκουόμενος
1988 755 2076 810 καὶ

435 836 526 908 ἅμ’
591 834 943 911 ἐφιστάμενος
978 884 990 896 .
1041 843 1116 895 Τὸ
1192 843 1370 913 μέντοι
1427 864 1489 917 γε
1548 845 1928 917 στρατιωτικὸν
1989 843 2079 898 καὶ

438 926 628 1000 λόγοις
661 925 859 982 ἔθαλπε
906 931 992 984 καὶ
1030 929 1228 1006 δώροις
1259 934 1565 1008 ἐθεράπευε,
1597 935 1687 989 καὶ
1716 936 1777 989 τὸ
1813 937 2081 1010 μέγιστον,

442 1013 502 1069 ού
536 1013 866 1078 δεσποτικῶς
897 1017 1143 1091 ἐκείνοις,
1177 1018 1302 1075 ἀλλ’
1354 1020 1660 1096 ἀδελφικῶς
1703 1026 2086 1100 προσεφέρετο,

443 1102 578 1175 ἀνὴρ
612 1101 874 1176 θεοφιλὴς
919 1104 1008 1158 καὶ
1057 1114 1228 1177 πρᾶος
1275 1107 1365 1162 καὶ
1414 1110 1680 1184 χρηστὸς,
1712 1111 2088 1184 ἀνυπόκριτος.

442 1189 537 1251 Εἰς
571 1187 625 1244 δὲ
657 1189 990 1265 φιλοδωρίαν
1023 1194 1112 1248 καὶ
1145 1197 1346 1258 πάντας
1390 1197 1556 1254 ἐνίκα.
1613 1200 1867 1268 Ἐπγςνθει
1899 1197 1956 1253 δὲ
2002 1197 2092 1252 καὶ

445 1278 506 1331 τὸ
538 1282 753 1353 σῶφρον
786 1278 994 1352 ἐκείνῳ,
1052 1284 1124 1344 ὡς
1189 1281 1355 1356 μηδὲν
1406 1286 1550 1359 παρὰ
1595 1287 1717 1359 μίαν
1766 1287 2093 1355 ἀκουσθῆναι

451 1365 805 1438 ὑποταγεῖσαν
839 1367 981 1438 αὐτῷ
1007 1369 1151 1437 πλὴν
1203 1373 1300 1438 τὴν
1349 1373 1570 1448 σύζυγον
1618 1373 1693 1434 εἰς
1744 1373 1946 1444 ἡδονῆς
1997 1372 2095 1428 νό-

453 1463 549 1515 θου
579 1455 876 1508 κλωπείαν·
927 1457 1135 1526 Ἑκείνη
1199 1458 1244 1512 δ’
1275 1458 1333 1514 ἐκ
1377 1460 1590 1523 νοΟείας
1630 1462 1719 1515 καὶ
1756 1464 1893 1533 μόνη
1921 1461 2098 1532 τούτῳ

455 1542 738 1616 θυγάτριον
785 1545 1030 1615 φυσικὸν,
1083 1544 1206 1601 ἀλλ’
1269 1548 1328 1601 ού
1384 1549 1618 1621 νόμιμον
1670 1550 2100 1624 ἀπεγέννησεν,ὃ

457 1629 547 1683 καὶ
594 1635 673 1701 τῷ
723 1631 873 1688 Μέπε
902 1629 1143 1707 Ἰϐηρίας
1181 1634 1342 1689 Δαυίδ
1385 1637 1461 1700 εἷς
1511 1641 1686 1710 γάμον
1735 1635 1962 1694 ἐδίδοτο.
2021 1636 2104 1694 Τὰ

463 1714 510 1772 δ’
559 1717 702 1773 ἄλλα
753 1721 970 1794 μέτριος
1016 1722 1083 1789 ἦν
1131 1723 1220 1776 καὶ
1269 1727 1587 1798 καρτερικὸς
1640 1726 1718 1802 ἐφ’
1767 1729 1980 1796 ἅπασιν,
2031 1726 2106 1785 εἷς

466 1805 513 1862 δ’
544 1806 819 1875 οἰκειακήν
851 1808 995 1878 τάξιν
1023 1809 1112 1864 καὶ
1165 1809 1284 1865 λίαν
1337 1812 1653 1886 φιλότιμος,
1686 1818 1773 1869 καὶ
1800 1817 1861 1870 τὸ
1893 1814 2105 1888 σύμπαν

466 1898 789 1969 περιφανής.
847 1897 949 1952 Καὶ
1007 1894 1206 1970 ἀκριϐῆ
1257 1907 1457 1972 σημεῖα
1500 1906 1596 1970 τῆς
1651 1905 1743 1974 μὲν
1789 1904 2110 1980 φιλαγαθίας

471 1983 634 2039 αὐτοῦ
693 1984 783 2038 καί
832 1985 1156 2059 φιλοκαλίας
1202 1989 1323 2062 περὶ
1385 1992 1510 2052 τοὺς
1561 1991 1812 2060 οἰκείους,
1865 1995 2011 2065 [MS]
2061 1993 2111 2066 ἐξ

479 2072 552 2128 ὧν
612 2072 850 2135 ἐκείνους
915 2074 1256 2140 παιδεύεσθαι
1328 2075 1624 2134 συνέϐαινεν
1681 2080 1732 2142 ἐς
1785 2082 1846 2136 τὸ
1898 2078 2116 2156 ἀκριϐὲς

475 2161 565 2217 καὶ
619 2162 694 2224 εἰς
747 2161 1040 2233 ἀληθινοὺς
1093 2167 1362 2241 ὑπηρέτας
1393 2165 1719 2238 ἀποϐαίνειν,
1768 2171 1828 2223 τὸ
1862 2169 2115 2233 θανόντος

477 2249 680 2305 ἐκείνου
734 2251 860 2312 τοὺς
913 2252 1116 2308 ἐκείνου
1174 2257 1496 2330 θεραπευτάς
1555 2256 1636 2310 ἐπ’
1697 2258 1963 2327 ἀξιώαασι
2024 2279 2120 2330 με-

474 2340 684 2413 γίστοις
733 2339 908 2410 ἀξίους
943 2346 1262 2417 λογισθῆναι
1314 2342 1587 2400 δουλεύειν
1618 2345 1697 2418 τῷ
1733 2344 1965 2420 βασιλεῖ.
2001 2350 2119 2415 Τῆς

479 2534 714 2592 sissime
760 2539 1129 2594 currentibus
1187 2545 1445 2597 aestuans
1497 2543 1873 2614 relaxaretur,
1921 2543 2120 2599 devin-

481 2628 640 2680 ctum
673 2623 820 2680 illud
873 2642 1104 2697 semper
1133 2628 1384 2684 habebat
1430 2631 1649 2697 fasciis,
1692 2636 1815 2687 arto
1864 2633 2123 2702 undique

481 2711 748 2784 amplexu
793 2714 1239 2786 stringentibus.
1285 2718 1366 2772 Ea
1408 2718 1817 2788 praeclarorum
1865 2718 1923 2774 in
1970 2719 2122 2774 bello

481 2817 864 2857 successuum
897 2820 1076 2859 causa
1106 2804 1190 2859 illi
1223 2822 1438 2878 magna
1469 2812 1612 2877 erat,
1654 2808 1972 2879 imperatos
2000 2807 2125 2878 ple-

481 2902 733 2962 rumque
765 2892 848 2946 sic
877 2892 1335 2962 deprehendenti
1358 2895 1556 2951 hostes
1579 2895 1736 2950 haud
1759 2896 1926 2951 facile
1956 2896 2126 2951 aliter

481 2979 868 3050 superabiles,
900 2980 1073 3036 simul
1097 2981 1266 3054 longe
1296 2983 1552 3050 auditus,
1575 2984 1751 3040 simul
1776 2989 2123 3054 conspectus

483 3083 742 3138 praesens
771 3069 958 3124 etvim
983 3069 1239 3125 inferens
1262 3071 1697 3126 ineluctabilem
1725 3093 1740 3140 ;
1764 3073 1918 3126 unde
1940 3077 2126 3127 terror

485 3155 614 3224 ejus
647 3155 761 3210 late
791 3155 849 3210 in
871 3156 1068 3212 hostes
1093 3164 1451 3224 manaverat,
1477 3160 1702 3214 cunctis
1725 3161 1794 3215 ad
1816 3161 1943 3229 ejus
1962 3176 2122 3215 men-

489 3243 712 3299 tionem
755 3244 1203 3314 trepidantibus.
1245 3246 1554 3302 Militarem
1599 3248 2036 3304 multitudinem
2070 3255 2126 3305 et

490 3332 799 3388 verborum
851 3332 1208 3404 benignitate
1275 3335 1686 3392 consolabatur
1733 3342 1788 3392 et
1841 3337 2128 3392 donorum

501 3420 772 3492 largitate
803 3421 1210 3491 demulcebat;
1271 3429 1327 3478 et
1357 3425 1513 3494 quod
1536 3429 1711 3496 caput
1740 3430 1847 3496 est,
1881 3443 1995 3482 non
2029 3426 2131 3480 do-

494 3509 639 3564 mini
662 3509 1067 3581 supercilium,
1084 3512 1182 3566 sed
1199 3513 1470 3568 affectum
1489 3515 1685 3569 fratris
1703 3531 1836 3570 cum
1857 3515 1930 3570 iis
1954 3529 2131 3584 agens

494 3599 952 3653 demonstrabat.
990 3599 1122 3654 Erat
1137 3599 1292 3654 idem
1317 3599 1802 3673 religiosissimus
1824 3603 1924 3658 Dei
1947 3601 2134 3658 cultor

495 3691 553 3741 et
593 3689 836 3754 amator,
870 3687 1054 3756 mitis,
1098 3688 1409 3759 benignus,
1454 3689 1850 3746 simulationis
1892 3707 2134 3762 expers;

501 3774 904 3831 muniﬁcentia
935 3792 1068 3830 vero
1100 3781 1157 3830 et
1178 3777 1247 3832 ad
1272 3778 1608 3834 donandum
1634 3779 1923 3851 pronitate
1945 3777 2134 3832 omni-

502 3864 614 3920 bus
637 3863 993 3920 antecelluit.
1020 3863 1427 3922 Eﬁlorescebat
1446 3867 1504 3922 in
1525 3885 1590 3922 eo
1614 3867 1970 3922 castimonia:
1999 3882 2137 3937 quo-

502 3967 613 4023 que
643 3953 844 4021 decus,
879 3955 1022 4009 adeo
1055 3961 1116 4009 ul
1149 3971 1218 4009 ne
1250 3957 1424 4011 fando
1455 3957 1688 4027 quidem
1725 3955 2041 4027 aliquando
2060 3955 2138 4010 sit

501 4041 767 4096 auditum
784 4041 1013 4097 furtivis
1035 4059 1170 4098 eum
1196 4043 1292 4098 iud
1305 4044 1515 4100 ulsisse
1528 4045 1825 4100 amoribus
1845 4043 2136 4100 autaliam

499 4146 762 4202 unquam
784 4131 1099 4202 voluptatis
1131 4148 1308 4187 causa
1330 4133 1636 4188 mulierem
1665 4134 1926 4204 attigisse
1957 4148 2135 4203 quam

499 4220 794 4291 propriam
819 4221 1150 4292 conjugem.
1184 4224 1254 4276 At
1275 4222 1399 4278 haec
1422 4223 1676 4278 multum
1704 4223 1782 4278 illi
1807 4223 2134 4287 dissimilis,

503 4307 684 4363 ﬁliam
717 4324 785 4363 ex
816 4308 928 4364 alio
971 4309 1214 4380 peperit,
1258 4309 1582 4366 naturalem
1624 4312 1724 4365 sed
1767 4311 2136 4383 illegitimam

504 4397 742 4466 prolem,
773 4413 899 4467 quae
935 4398 983 4452 ei
1019 4403 1217 4468 postea
1259 4398 1422 4470 Mepe
1454 4399 1649 4454 Iberia
1681 4399 1880 4455 Davidi
1913 4401 2048 4454 data
2077 4399 2137 4453 in

501 4500 741 4541 uxorem
775 4488 882 4540 est.
916 4485 997 4539 De
1028 4490 1234 4540 cetero
1269 4488 1606 4543 moderatus
1637 4491 1761 4542 erat
1797 4497 1850 4542 et
1881 4487 2046 4542 fortis
2077 4487 2137 4542 in

502 4573 796 4628 omnibus.
839 4573 1164 4644 Disciplina
1203 4575 1554 4631 domesticos
1594 4580 1792 4632 exacta
1829 4576 2135 4631 continuit.

504 4659 686 4718 Mirus
716 4661 775 4715 in
799 4661 1018 4717 familia
1036 4679 1267 4734 semper
1288 4665 1452 4732 ordo,
1478 4666 1931 4735 incompositum
1957 4663 2139 4735 nihil;

503 4755 712 4806 cuncta
741 4752 814 4806 ad
847 4752 1220 4823 splendorem
1253 4755 1716 4826 dignitatemque
1747 4753 1963 4810 illustri
1995 4771 2140 4825 qua-

503 4840 637 4894 dam
670 4844 726 4895 et
757 4841 935 4912 digna
967 4841 1228 4914 principe
1261 4844 1585 4900 ambitione
1635 4848 1984 4916 comparata.
2017 4845 2139 4908 Quo

503 4927 563 4982 in
595 4943 803 4999 genere
825 4929 1054 4999 insigne
1084 4931 1297 4985 deinde
1317 4938 1729 5002 argumentum
1755 4932 1976 4990 exstitit
2006 4933 2140 4987 dili-

507 5016 714 5087 gentiie
745 5018 892 5072 217
929 5022 986 5072 et
1011 5017 1304 5086 elegantiae
1336 5019 1522 5089 ipsius
1547 5023 1605 5075 in
1630 5023 2023 5076 familiaribus
2040 5038 2142 5077 cu-

507 5104 730 5174 randis,
753 5106 905 5176 quod
929 5106 1026 5178 qui
1043 5107 1092 5160 ei
1117 5107 1610 5176 ministraverant,
1628 5110 1781 5164 sicin
1797 5111 1953 5165 omni
1972 5110 2144 5166 laude

506 5191 686 5247 istius
701 5192 878 5248 ofﬁcii
893 5193 1108 5248 eruditi
1125 5198 1181 5248 et
1196 5195 1493 5249 exercitati
1512 5204 1815 5251 evaserunt
1830 5201 1894 5252 ut
1907 5213 2006 5251 eos
2020 5203 2151 5268 post

507 5281 696 5353 ipsius
719 5283 938 5338 obitum
963 5298 1164 5338 omnes
1186 5283 1569 5354 requirerent,
1596 5289 1794 5357 utpote
1817 5286 1913 5356 qui
1938 5285 2146 5342 callere

508 5371 580 5426 ad
617 5387 873 5443 unguem
900 5387 1103 5427 omnes
1133 5376 1286 5427 artes
1308 5373 1483 5428 aulici
1509 5374 1841 5444 ministerii,
1875 5381 1930 5429 et
1951 5392 2141 5430 veram

509 5460 702 5516 ideam
719 5462 1106 5532 perfectorum
1128 5461 1478 5517 famulorum
1494 5464 1720 5519 cunctis
1734 5467 2146 5534 repraesentare

510 5548 845 5604 viderentur
873 5567 886 5615 ;
919 5566 1097 5620 quare
1127 5550 1288 5619 digni
1321 5549 1502 5606 habiti
1537 5556 1675 5608 sunt
1704 5553 1804 5623 qui
1847 5568 2145 5623 promove-

514 5641 717 5692 reutur
747 5639 814 5693 ad
840 5637 1092 5693 maxima
1122 5654 1364 5709 quaeque
1393 5643 1449 5694 et
1478 5640 1931 5696 honoratissima
1958 5639 2149 5696 ofﬁcia

517 5725 726 5782 domus
774 5729 1070 5798 Augusta.
1110 5729 1325 5789 Verum
1374 5727 1468 5785 hic
1498 5730 1653 5786 idem
1685 5729 1775 5784 vir
1804 5745 1983 5800 quam
2030 5745 2144 5784 non

2185 665 2353 720 εἷ’πεῖν
2410 666 2762 740 οἰκειότερον,
2802 667 2891 719 καὶ
2921 668 3018 719 τοῦ
3050 663 3220 718 πάντα
3250 661 3603 737 στρατιώταις
3643 655 3827 731 προίε-

2187 766 2343 823 σθαι,
2392 755 2454 809 τὸ
2502 755 2612 824 ἐξὸν
2665 755 2924 816 πιθάκνας
2974 749 3118 827 ἔχειν
3175 749 3474 827 χρημάτων
3525 746 3613 800 καὶ
3668 745 3832 818 ὑπερ-

2187 849 2440 898 πλουτεῖν
2475 844 2547 904 ὡς
2577 840 2822 903 πολλοὺς
2853 842 2939 895 καὶ
2996 840 3266 916 μεγάλους
3299 836 3637 912 διενεγκόντα
3665 832 3833 887 πολέ-

2197 953 2330 1004 μους
2358 931 2446 986 καὶ
2495 933 2683 1006 χώρας
2714 931 2886 991 πάσας
2916 934 3038 992 ταῖς
3071 930 3485 1002 στρατιωτικαῖς
3536 921 3840 996 ἐμπειρίαις

2194 1021 2697 1094 παραστησάμενον,
2751 1013 2827 1072 ἔτι
2886 1015 2942 1072 δὲ
2989 1018 3093 1071 κάκ
3136 1020 3242 1070 τῶν
3289 1014 3515 1068 ἐνόντων
3569 1011 3647 1072 εἷς
3701 1007 3844 1071 ἰδίας

2199 1108 2512 1181 οἷκονομίας
2556 1111 2921 1184 προσκτᾶσθαι
2980 1105 3204 1161 πλείονα
3237 1148 3250 1174 ,
3303 1103 3365 1158 τὸ
3426 1099 3792 1176 μετριώτατον
3831 1139 3844 1163 ,

2201 1195 2281 1251 ὅτι
2331 1198 2419 1252 καὶ
2468 1196 2702 1260 πολλοῖς
2751 1193 2900 1250 δοκεῖ
2949 1195 3141 1270 ἀρετῆς
3189 1190 3354 1268 ἄκρας
3402 1195 3628 1263 σημεῖον
3679 1188 3740 1242 τὸ
3784 1189 3847 1239 τα

2203 1285 2376 1339 οἷ’κεῖα
2427 1285 2778 1358 καρπίζεσθαι
2834 1281 2999 1355 μηδὲν
3052 1279 3242 1352 ἔξωθεν
3291 1279 3770 1354 προσκτωμένους,
3823 1275 3848 1328 ὁ

2207 1371 2263 1428 δὲ
2288 1373 2539 1435 τοιαύτας
2569 1373 2642 1432 εἷς
2672 1371 2734 1425 τὸ
2783 1375 3042 1424 πλουτεῖν
3095 1368 3342 1445 ἀφορμὰς
3384 1362 3850 1441 προϐαλλομένης

2204 1469 2304 1529 τῆς
2354 1461 2532 1534 τύχης
2579 1460 2639 1513 τὸ
2671 1458 2813 1512 οὕτω
2843 1457 3098 1513 πλουτεῖν
3145 1457 3205 1512 ἐκ
3255 1454 3562 1527 πλεονεξίας
3609 1452 3851 1510 ἐκτόπως

2210 1549 2474 1622 ἀπέστυγε
2519 1548 2608 1601 καὶ
2641 1547 2835 1619 ἐμίσει,
2894 1546 3029 1619 μόνῃ
3058 1549 3125 1618 τῇ
3181 1543 3308 1618 δόξῃ
3357 1543 3737 1614 ένασμενίζων,
3787 1542 3852 1606 ἦς

2212 1635 2363 1692 οὐδέν
2395 1638 2511 1710 εἶχε
2540 1641 2808 1711 προτιμᾷν
2846 1634 3010 1691 ἄλλο.
3055 1630 3208 1703 Μόνη
3258 1633 3362 1707 γὰρ
3393 1632 3499 1685 τῶν
3549 1631 3684 1684 κατὰ
3735 1629 3855 1702 βίον

2212 1728 2540 1801 πραγμάτων
2589 1721 2716 1792 δόξα
2755 1728 2869 1783 τοῖς
2927 1722 3219 1777 ἀπελτοῦσι
3250 1718 3576 1794 παρέπεσθαι
3629 1719 3855 1794 πέφυκε.

2218 1815 2319 1871 Καὶ
2388 1815 2414 1868 ὁ
2477 1814 2569 1886 μὲν
2627 1811 2795 1884 νόμος
2852 1811 2946 1864 τοῦ
3002 1816 3108 1865 τῶν
3169 1812 3499 1883 Χριστιανῶν
3556 1805 3857 1879 νομοθέτου

2217 1906 2476 1973 Χριστοῦ,
2534 1901 2595 1955 οὐ
2648 1899 2902 1960 Σόλωνος
2952 1897 3076 1953 οὐδὲ
3128 1898 3467 1972 Λυκούργου,
3518 1893 3642 1950 ἀλλ’
3695 1894 3860 1948 αὐτοῦ

2219 1995 2315 2044 τοῦ
2365 1988 2607 2044 πλάστου
2644 1988 2734 2040 καὶ
2784 1990 3016 2055 ποιητοῦ
3064 1985 3152 2038 καὶ
3185 1988 3338 2053 Θεοῦ,
3390 1983 3581 2036 ἐκτῶν
3632 1981 3863 2055 προσόνο

2222 2100 2328 2132 των
2375 2075 2581 2131 διδόναι
2632 2073 2720 2128 καὶ
2754 2070 3165 2145 ἀντιλαμϐάνειν
3216 2073 3281 2126 τὰ
3336 2071 3525 2144 μείζω.
3556 2072 3624 2126 ’Ό
3657 2067 3721 2137 δή
3771 2069 3864 2122 καὶ

2225 2168 2534 2222 πιστευτέον
2587 2163 2898 2236 ἐπάναγκες,
2957 2162 3002 2216 εί
3059 2161 3304 2216 πιστεύοι
3359 2180 3440 2220 τις
3492 2163 3573 2230 τῷ
3641 2160 3864 2231 Χριστῷ

2231 2258 2305 2328 μή
2359 2255 2522 2328 μόνον
2572 2251 2761 2306 καθότι
2813 2252 3156 2324 βαπτίζοιτο.
3190 2249 3332 2305 ἀλλὰ
3378 2247 3568 2311 καθότι
3596 2247 3679 2301 καὶ
3721 2244 3860 2314 ἀλη-

2225 2342 2369 2398 θινὸν
2403 2342 2606 2397 ἐκεῖνον
2640 2334 2762 2413 ἔχοι
2792 2337 2871 2414 ἐφ’
2921 2342 3003 2401 οἷς
3055 2338 3462 2414 ἐπαγγέλλεται.
3512 2332 3856 2391 Βαπτισθέντα

2234 2540 2514 2596 amaverit
2541 2539 2873 2611 pecuniam,
2905 2541 3007 2592 aut
3036 2534 3232 2606 potius
3255 2537 3540 2604 quantum
3571 2546 3698 2585 eam
3733 2546 3871 2585 con—

2231 2629 2555 2700 tempserit,
2591 2643 2916 2684 memorare
2946 2623 3384 2681 convenientius
3417 2619 3608 2675 fuerit.
3636 2619 3766 2674 Erat
3798 2617 3877 2686 ei,

2233 2718 2281 2773 si
2311 2716 2509 2784 vellet,
2542 2716 2886 2772 facillimum
2919 2713 3112 2780 doliis,
3148 2717 3212 2766 ut
3237 2709 3422 2780 aiunt,
3458 2707 3645 2780 plenis
3667 2722 3875 2776 conge-

2231 2822 2355 2860 rere
2387 2822 2525 2876 opes
2557 2809 2612 2859 et
2645 2819 2952 2859 numerum
2986 2800 3298 2870 omnisque
3329 2796 3559 2870 generis
3589 2795 3876 2868 pretiosa-

2233 2911 2362 2949 rum
2396 2909 2592 2949 rerum
2633 2908 2868 2948 acervos
2905 2895 3130 2947 struere
3161 2889 3506 2953 immensos,
3540 2884 3746 2957 utique
3776 2884 3878 2954 qui

2233 2981 2382 3038 bello
2414 2998 2646 3052 semper
2677 2980 2810 3036 felix
2843 2993 3228 3051 quascunque
3259 2975 3500 3032 hostiles
3533 2973 3751 3028 invasit
3781 2989 3866 3027 re-

2231 3071 2432 3142 giones
2463 3070 2702 3142 (invasit
2731 3072 2927 3124 autem
2959 3065 3244 3138 plurimas
3271 3078 3489 3136 easque
3520 3061 3867 3130 ditissimas)

2225 3159 2360 3228 jure
2389 3157 2638 3213 victorias
2672 3156 3000 3227 diripuerit.
3054 3154 3155 3208 llle
3185 3169 3317 3208 vero
3351 3152 3603 3222 praedam
3635 3163 3882 3219 semper

2240 3253 2365 3303 erat
2388 3247 2618 3312 solitus,
2643 3263 2712 3301 ne
2741 3244 2988 3299 minima
3013 3244 3248 3315 quidem
3273 3242 3398 3313 ejus
3426 3244 3589 3312 parte
3613 3237 3726 3294 sibi
3753 3237 3881 3291 exi-

2241 3336 2356 3390 mie
2388 3339 2636 3400 servata,
2684 3332 2857 3387 militi
2906 3332 3235 3387 condonare
3283 3329 3658 3393 universam;
3711 3343 3776 3382 ac
3810 3341 3882 3380 ne

2241 3423 2658 3495 patrimonium
2713 3421 2949 3493 quidem
3013 3424 3114 3475 aut
3160 3435 3279 3474 rem
3313 3415 3662 3473 familiarem
3712 3430 3882 3469 suam

2242 3528 2452 3582 augere
2503 3511 2798 3566 consuetis
2830 3514 2886 3564 et
2915 3509 3095 3564 licitis
3145 3507 3390 3573 artibus,
3439 3510 3496 3560 et
3535 3505 3593 3559 in
3646 3503 3888 3558 modum

2241 3599 2864 3672 splendidis’expensis
2896 3599 3129 3654 abunde
3158 3596 3271 3652 sibi
3301 3592 3888 3664 heredibusquesuf-

2245 3689 2532 3743 facturum
2589 3693 2804 3744 attente
2853 3686 3176 3758 colligendo
3228 3685 3476 3740 formare
3534 3696 3888 3752 magnopere

2244 3793 2504 3848 unquam
2536 3779 2781 3846 studuit,
2832 3777 2969 3832 licet
2999 3775 3055 3829 id
3101 3775 3160 3828 in
3193 3777 3357 3845 parte
3404 3769 3716 3826 laudabilis
3747 3786 3884 3840 pro-

2243 3866 2508 3922 videntiae
2539 3867 2677 3922 boni
2709 3867 2882 3922 etiam
2915 3870 2972 3920 et
3021 3862 3303 3918 moderati
3355 3862 3662 3915 numerent
3708 3857 3888 3928 pleri-

2245 3971 2377 4025 que.
2408 3955 2539 4010 Alia
2591 3957 2719 4027 ejus
2751 3959 2907 4014 secta
2950 3953 3061 4008 fuit
3108 3951 3396 4023 planeque
3445 3948 3674 4002 diversa
3716 3947 3890 4015 ratio,

2246 4044 2345 4114 qui
2379 4047 2565 4100 totum
2600 4045 2713 4100 sibi
2747 4046 2944 4099 sinum
2981 4040 3293 4113 pandentis
3315 4039 3579 4101 fortunae,
3615 4034 3892 4106 ultroque

2245 4132 2630 4204 congerendis
2681 4133 2940 4203 undique
3007 4127 3413 4186 occasionibus
3461 4123 3724 4179 lucrandi
3773 4139 3892 4178 non

2246 4219 2464 4290 injuste
2491 4222 2562 4276 ad
2589 4221 2930 4276 innocenter
2959 4218 3364 4274 ditcscendum
3398 4213 3725 4279 invitantis,
3762 4227 3894 4266 mu-

2248 4325 2389 4364 nera
2416 4325 2627 4381 magno
2661 4325 2894 4381 semper
2924 4309 3121 4364 animo
3154 4305 3441 4377 rejecerit,
3472 4301 3725 4357 avaritia:
3760 4317 3894 4371 spe-

2248 4398 2393 4453 ciem
2430 4398 2486 4452 in
2537 4398 2742 4453 sedula
2773 4398 3151 4470 congestione
3199 4392 3582 4466 quantumvis
3633 4388 3893 4461 legitime

2248 4491 2549 4558 partorum
2575 4487 2888 4554 quamdam
2904 4503 3022 4542 sua;
3048 4484 3248 4540 virtuti
3263 4497 3495 4538 exesam
3518 4478 3892 4534 abominans.

2246 4578 2487 4630 Amores
2516 4575 2646 4644 ejus
2676 4592 2878 4630 omnes
2911 4576 2970 4630 in
3023 4574 3268 4646 gloriam
3304 4570 3676 4626 ferebantur:
3712 4582 3891 4622 unam

2173 4653 2219 4716 D
2251 4665 2569 4735 spectabat,
2605 4681 2721 4720 una
2752 4664 2849 4719 illa
2875 4663 3295 4730 delectabatur,
3331 4658 3478 4714 nihil
3505 4672 3770 4727 unquam
3791 4655 3895 4710 ad-

2253 4751 2498 4807 miratus
2531 4757 2633 4808 aut
2680 4753 3017 4824 complexus
3062 4752 3217 4822 quod
3266 4747 3350 4803 illi
3379 4746 3694 4818 praeferret,
3745 4741 3892 4798 nihil

2251 4845 2403 4914 quod
2439 4861 2542 4915 pro
2576 4843 2672 4898 illa
2707 4843 3090 4916 promercnda
3139 4839 3517 4912 parandaque
3555 4851 3670 4890 non
3707 4834 3896 4905 pacis-

2253 4938 2479 4988 ceretur
2511 4950 2575 4988 ac
2626 4934 2964 5005 proﬁigaret
2996 4931 3408 4993 libentissime,
3468 4925 3685 4997 quippe
3717 4939 3892 4996 quam

2253 5022 2406 5077 inter
2435 5039 2642 5078 omnes
2674 5040 2766 5077 res
2811 5023 3099 5077 humanas
3131 5020 3352 5074 sciebat
3401 5031 3577 5071 unam
3609 5027 3740 5068 esse
3771 5026 3892 5083 qua:

2256 5111 2489 5166 duraret
2521 5118 2648 5182 post
2680 5110 2830 5165 hanc
2861 5111 3035 5164 vitam
3069 5113 3124 5163 et
3156 5105 3344 5162 funeri
3378 5105 3677 5174 superstes
3711 5104 3895 5154 morte

2257 5199 2388 5255 hinc
2421 5201 2744 5271 migrantes
2772 5202 3123 5255 coronatura
3153 5199 3517 5266 sequeretur.
3550 5192 3611 5245 In
3645 5189 3894 5244 eleemo-

2257 5305 2434 5358 synas
2482 5287 2778 5359 profusus,
2812 5287 2963 5342 hanc
3013 5287 3140 5356 ejus
3170 5283 3320 5341 218
3369 5279 3553 5337 studii
3603 5277 3890 5333 rationem

2257 5375 2604 5440 disserebat,
2655 5373 2840 5445 legem
2874 5389 3002 5430 esse
3051 5389 3165 5428 non
3207 5369 3436 5427 Solonis
3486 5369 3585 5421 aut
3632 5360 3895 5435 Lycurgi,

2257 5464 2356 5519 sed
2407 5463 2757 5535 legislatoris
2813 5461 3277 5517 Christianorum
3328 5454 3566 5523 Christi,
3624 5447 3900 5506 creatoris

2257 5553 2521 5623 ejusdem
2548 5550 3088 5621 conservatorisque
3115 5564 3309 5604 rerum
3331 5543 3597 5601 omnium
3623 5537 3750 5609 Dei,
3772 5552 3896 5608 quis

2259 5658 2366 5696 nos
2404 5641 2611 5711 jubeat
2641 5639 2792 5705 quod
2827 5655 3146 5710 possumus
3175 5655 3242 5692 ex
3273 5629 3549 5707 praesenti
3590 5625 3758 5697 copia
3788 5624 3898 5679 lar-

2261 5730 2393 5802 giri,
2419 5747 2520 5801 ape
2550 5733 2708 5784 certa
2738 5725 3056 5799 recipiendi
3087 5727 3329 5798 majora.
3364 5719 3504 5778 Huic
3526 5714 3898 5790 promissioni
