4158 6280
345 461 449 516 661

1407 463 1499 513 DE
1537 462 1901 514 MICHAELE
1939 463 2385 520 PALJEOLOGO
2420 466 2552 518 LIB.
2598 466 2693 517 III.

3635 454 3740 508 662

346 581 403 637 δὲ
431 580 521 636 καὶ
552 580 910 635 πιστεύσαντα
943 582 1017 652 μὴ
1051 584 1167 643 τοῖς
1197 578 1389 653 λόγοις
1437 579 1702 635 πιστεύειν
1750 578 1975 649 ἐκείνου,
2010 587 2062 653 Α
2095 584 2211 639 σθαι
2243 587 2663 659 παρασκευάσοι,
2696 585 2770 647 ὡς
2830 583 3065 646 ἐντεῦθεν
3123 568 3332 651 μηδένα
3374 574 3580 632 διδόναι
3630 578 3738 630 τῶν

350 670 490 744 μηδὲ
519 672 581 724 τὸ
608 672 840 745 πρώτως
894 669 1160 724 πιστεύειν
1216 665 1387 744 ἔχειν,
1419 669 1515 723 γᾶν
1549 669 1578 723 ὅ
1604 692 1655 723 τι
1689 668 1859 745 λέγοι.
1887 671 1987 725 Καὶ

348 760 376 813 ὁ
414 760 504 832 μὶν
535 760 771 832 Χριστοῦ
827 753 991 828 νόμος
1052 758 1209 817 οὗτος
1269 753 1684 830 ἀνταμείϐεσθαι
1742 760 1878 812 κατὰ
1929 758 1991 811 τὸ

346 845 839 901 ἓκατονταπλάσιον
894 844 1282 920 ἐπαγγέλλεται
1332 866 1344 876 ·
1402 846 1577 922 χωρὶς
1637 845 1692 899 δὲ
1747 845 1836 900 καὶ
1895 850 1991 899 τοῦ

343 933 650 1009 προσδοκᾷν
708 938 875 988 ταῦτα
929 934 1150 1009 ἀπόχρη
1206 933 1294 987 καὶ
1356 935 1494 1006 μόνη
1545 938 1577 1003 ἡ
1610 933 1993 1007 παραμένουσα

346 1022 493 1095 δόξα,
552 1022 628 1077 τίν’
684 1021 826 1078 εἷ’ποι
875 1044 955 1085 τις
1010 1023 1099 1077 καὶ
1158 1025 1273 1078 κατ’
1306 1021 1842 1099 ἄνθρωπον,πείθειν
1899 1025 1990 1077 τὸν

343 1114 561 1167 συνετὸν
593 1113 704 1185 οὐχ
730 1111 878 1175 ὅπως
907 1112 1309 1174 πλεονεκτικῶς
1365 1112 1815 1186 χρηματίζεσθαι,
1849 1111 1992 1166 ἀλλὰ

342 1204 434 1257 καὶ
491 1203 559 1256 τὰ
606 1202 881 1275 προσόντα
932 1206 1050 1263 τοῖς
1104 1206 1336 1276 τυχοῦσι
1403 1200 1704 1277 προίεσθαι.
1768 1201 1992 1273 Ἐξαίρω

345 1290 404 1346 δὲ
457 1312 519 1366 γε
570 1290 666 1345 τοῦ
756 1285 921 1363 λόγου
1000 1289 1129 1353 τοὺς
1182 1290 1263 1344 ἐπ’
1318 1291 1629 1364 ἀναγκαίαις
1707 1288 1990 1353 δοκούσαις

346 1380 560 1456 χρείαις
604 1379 725 1433 τινὰ
774 1383 880 1434 τῶν
932 1374 1099 1433 ὄντων
1158 1379 1656 1455 παρακατέχοντας,
1690 1379 1735 1433 εἶ
1798 1381 1872 1451 μή
1933 1400 1993 1454 γε

343 1471 436 1525 καὶ
492 1468 642 1531 αὖθις
691 1465 868 1545 ἔχοιεν
920 1470 1319 1545 ἐκπορίζεσθαι.
1356 1469 1533 1525 ’Λλλᾶ
1586 1474 1751 1524 ταῦτα
1813 1471 1904 1541 μὲν
1964 1469 1991 1522 ό

348 1558 616 1628 δεσπότης
650 1558 907 1628 Ἰωάννης
958 1558 1048 1612 καὶ
1114 1557 1238 1613 λίαν
1298 1554 1459 1633 ἔγνω,
1493 1559 1580 1612 καὶ
1638 1557 1796 1632 γνοὺς
1826 1556 1890 1610 τά
1940 1558 1990 1610 οἱ

345 1646 663 1702 συνοίσοντα
694 1646 969 1721 ἔπραττεν.
1008 1649 1153 1703 Ἐπεὶ
1215 1644 1271 1701 δὲ
1316 1650 1366 1701 o't
1401 1649 1537 1721 ἀμφὶ
1599 1649 1690 1701 τὸν
1751 1648 1991 1721 μοναχὸν

343 1737 564 1806 Νεῖλον,
597 1737 655 1799 ὃς
710 1736 769 1790 ἐκ
826 1735 1078 1799 Σικελίας
1137 1739 1230 1809 μὲν
1290 1737 1539 1811 ὥρμητο,
1583 1736 1669 1791 ἐπὶ
1726 1741 1876 1808 κακῷ
1934 1735 1991 1790 δὲ

340 1833 443 1893 τῆς
526 1830 633 1878 τῶν
706 1823 990 1896 Ῥωμαίων
1073 1825 1356 1886 πολιτείας
1443 1825 1660 1896 ἐπέστη,
1721 1822 1985 1878 διδάσκων

339 1911 763 1988 γλισχρεύεσθαι
794 1912 885 1966 καὶ
934 1918 1236 1987 προμηθεῖς
1295 1914 1425 1967 εἶναι
1483 1913 1613 1973 τοὺς
1670 1912 1986 1986 ἀνθρώπους
2019 1949 2064 2012 Β

341 2001 467 2075 περὶ
524 2001 620 2069 τὴν
656 1997 822 2068 δόσιν,
860 2002 1060 2072 μήπως
1091 2000 1268 2064 λαθών
1300 2022 1381 2063 τις
1419 2000 1651 2075 μετρίως
1697 2005 1803 2054 τῶν
1848 2019 1986 2075 πρα-

340 2090 565 2166 γμάτων
598 2086 743 2162 ἔχων
778 2083 961 2143 λαϐὼν
1012 2094 1090 2161 τῷ
1141 2091 1233 2162 μὲν
1290 2088 1495 2144 διδόντι
1527 2091 1625 2158 τὴν
1653 2094 1749 2143 τοῦ
1806 2092 1986 2149 κακῶς

342 2178 656 2249 οἰκονομεῖν
710 2179 775 2231 τά
833 2178 883 2231 οἱ
933 2178 1204 2253 προσόντα
1260 2179 1585 2252 προστρίψοι
1641 2177 1987 2250 μὲμψιν,τὴν

342 2266 401 2323 δὲ
430 2266 595 2343 χάριν
627 2266 833 2337 ἐκείνην
868 2267 965 2322 οὐκ
994 2268 1081 2322 ἐπὶ
1135 2270 1328 2340 μισθῷ,
1364 2265 1490 2322 ἀλλ’
1521 2268 1572 2321 ἐν
1605 2273 1782 2328 κενοῖς
1840 2263 1988 2339 γενέ-

344 2468 677 2524 necessario
726 2468 1078 2522 credendum
1126 2468 1197 2521 ab
1238 2485 1302 2523 eo
1334 2468 1537 2538 utique
1564 2471 1652 2523 est
1682 2465 1782 2537 qui
1817 2466 1987 2520 tidem

341 2560 402 2613 in
454 2558 755 2613 Christum
802 2558 1127 2629 proﬁtetur,
1160 2575 1274 2613 non
1303 2557 1495 2613 solum
1524 2562 1814 2629 quatenus
1843 2556 1987 2625 bap-

344 2649 586 2703 tismum
640 2649 918 2718 suscepit,
974 2648 1075 2702 sed
1122 2652 1412 2719 quatenus
1462 2648 1636 2703 etiam
1669 2646 1861 2719 palam
1893 2660 1987 2698 ac-

342 2736 597 2807 quiescit
626 2735 955 2791 assentiens
988 2752 1163 2792 sacras
1186 2737 1457 2792 doctrinae
1483 2737 1703 2809 passim
1726 2736 1785 2789 in
1805 2732 1987 2790 eccle-

347 2822 442 2878 sia
490 2823 819 2894 propositae.
882 2823 1055 2879 Porro
1113 2824 1467 2895 baptizatum
1519 2824 1882 2896 quempiam,
1933 2824 1989 2875 et

362 2910 634 2966 assentiri
663 2929 722 2968 se
751 2913 1202 2968 irrevocabiliter
1228 2913 1580 2970 Christianis
1612 2911 1986 2984 dogmatibus

354 2997 709 3069 professum,
739 3000 954 3055 Christi
994 3000 1204 3055 deinde
1232 3001 1425 3055 verbis
1462 3002 1713 3055 fructum
1746 2999 1985 3053 uberem

348 3087 727 3158 eleemosynae
773 3088 1188 3159 pollicentibus
1233 3106 1346 3144 non
1380 3089 1614 3143 credere
1645 3093 1985 3158 argumento

344 3180 437 3231 est
480 3175 673 3246 ipsum
723 3194 911 3248 neque
959 3184 1129 3233 antea
1158 3194 1288 3233 vere
1319 3178 1983 3247 credidisse,quantum-

346 3279 581 3333 cunque
613 3280 674 3319 se
705 3265 938 3319 credere
969 3264 1331 3320 simulaverit
1354 3268 1409 3319 et
1442 3262 1980 3331 afﬁrmaverit.‘._Nec

343 3350 604 3423 vulgaris
626 3354 1023 3409 remuneratio
1055 3358 1144 3409 est
1182 3371 1357 3424 quam
1377 3354 1467 3408 lex
1486 3353 1701 3409 Christi
1722 3350 1979 3423 largitori

347 3442 711 3499 misericordi
772 3445 1078 3516 promittit,
1140 3446 1238 3500 sed
1273 3462 1399 3516 quae
1459 3450 1695 3501 centum
1728 3460 1831 3516 pro
1864 3458 1980 3497 uno

347 3533 574 3587 referat.
610 3534 698 3587 Me
727 3550 880 3602 vero,
910 3540 965 3588 et
991 3535 1274 3605 quemvis,
1308 3538 1373 3588 ut
1422 3535 1693 3603 arbitror,
1724 3534 1980 3605 pruden-

345 3624 460 3674 tem
494 3620 993 3689 hominem,etiam
1027 3622 1284 3676 humano
1317 3623 1597 3677 duntaxat
1631 3639 1741 3677 usu
1774 3637 1981 3676 sensu-

344 3725 459 3777 que
490 3710 560 3763 de
594 3710 767 3764 rebus
791 3709 1181 3782 judicantem,
1213 3711 1297 3766 vel
1333 3711 1382 3766 si
1416 3711 1561 3766 nihil
1593 3712 1707 3767 tale
1738 3712 1979 3783 jubere-

344 3814 477 3853 mur
506 3805 1122 3870 exspectare,moveret
1145 3802 1373 3855 abunde
1398 3802 1465 3855 ad
1498 3802 1979 3857 benefaciendum

340 3888 653 3958 egentibus
681 3888 805 3960 ipse
838 3890 1114 3960 splendor
1143 3891 1563 3946 efﬂorescentis
1592 3891 1728 3945 inde
1762 3892 1980 3963 glorias,

344 3977 404 4029 in
454 3993 642 4031 aevum
692 3994 864 4032 omne
914 3995 1334 4049 permansurae;
1365 3980 1534 4049 cujus
1568 3996 1669 4050 spe
1700 3978 1981 4033 invitante

345 4081 463 4118 non
499 4066 664 4119 modo
697 4070 926 4122 avertor
956 4067 1026 4121 ab
1054 4084 1221 4121 avare
1254 4068 1637 4137 congerendis
1669 4066 1983 4137 superﬂuis

347 4153 584 4223 opibus,
610 4170 809 4209 verum
843 4156 1020 4210 etiam
1054 4155 1221 4210 facile
1253 4156 1498 4211 inducor
1530 4157 1601 4210 ad
1636 4155 1983 4211 subtrahen-

345 4242 486 4295 dum
523 4242 727 4299 usibus
758 4244 931 4299 etiam
966 4244 1109 4315 ipsis
1141 4244 1284 4300 meis
1316 4263 1441 4315 quae
1466 4246 1520 4299 in
1544 4245 1741 4300 obvios
1765 4259 1982 4316 paupe-

348 4347 441 4385 res
466 4332 910 4398 ell‘undammon
942 4338 1140 4388 tamen
1176 4338 1277 4389 aut
1311 4333 1369 4388 in
1404 4334 1536 4389 aliis
1568 4334 1853 4388 damnans
1886 4336 1985 4387 aut

346 4419 487 4473 mihi
536 4425 735 4475 vetans
787 4439 1080 4477 reservare
1112 4440 1237 4494 quas
1271 4427 1597 4494 opportuna
1628 4422 1984 4476 videbuntur

342 4507 431 4562 vel
454 4509 579 4578 jam
614 4511 960 4580 urgentibus
989 4510 1077 4565 vel
1102 4511 1159 4565 in
1185 4516 1481 4581 posterum
1504 4510 1983 4583 impendentibus

345 4597 795 4653 necessitatibus
827 4598 1305 4667 vitaa,prwsertim
1340 4600 1437 4653 ubi
1471 4600 1696 4655 occasio
1728 4614 1982 4669 praesens

2097 653 2329 728 πάντων.
2363 676 2412 743 ἐξ
2464 675 2705 749 ἀνάγκης
2761 672 2997 747 ἐχόντων
3051 690 3127 741 τι,
3160 673 3241 739 [Ρ.
3273 668 3399 739 446]
3452 663 3591 719 διότι
3644 653 3743 749 καί

2095 766 2189 815 τοῦ
2240 764 2295 816 εὖ
2353 763 2579 836 πάσχειν
2639 762 2775 817 κατὰ
2826 761 2917 815 τὸν
2961 758 3175 813 ἐκείνων
3206 758 3372 829 νόμον
3432 737 3743 829 ἀπείργοιτ²

2098 848 2155 903 ἂν
2190 851 2493 926 εὐπρεπῶς,
2525 851 2612 905 καὶ
2668 848 2839 913 οὕτως
2887 848 2914 903 ό
2945 854 3042 918 τῆς
3096 842 3433 921 μεταδόσεως
3487 841 3736 913 ἀσθενοίη

2094 938 2461 1011 νόμος,-ὧ
2520 945 2633 1002 πῶς
2690 938 2856 995 ταῦτά
2914 958 2995 999 τις
3054 937 3141 990 καὶ
3207 931 3534 1008 ἐξαγγείλαι,
3592 927 3737 985 ἰδίου

2095 1033 2285 1101 καιροῦ
2316 1028 2632 1103 χρῄζοντα;
2663 1029 2691 1083 ὁ
2721 1031 2850 1103 γοῦν
2904 1024 3167 1094 δεσπότης
3222 1019 3363 1098 ἔχων
3423 1021 3559 1095 πρὸς
3611 1022 3736 1080 τοῖς

2096 1114 2291 1180 ἄλλοις
2319 1116 2508 1179 καλοῖς
2536 1118 2623 1171 καὶ
2654 1118 2716 1171 τὸ
2747 1113 3152 1194 φιλομόναχον,
3185 1111 3418 1173 ἐκείνους
3446 1131 3552 1165 που
3596 1127 3737 1182 παρ-

2097 1208 2489 1282 εισφρήσαντας
2543 1209 2611 1278 τῇ
2670 1205 2813 1276 οἰκίᾳ
2869 1206 2944 1267 ὡς
3001 1203 3198 1275 ἀρετῆς
3240 1199 3434 1278 φίλους
3491 1197 3734 1273 δέχεται,

2096 1294 2375 1357 κάντεῦθεν
2443 1293 2702 1367 σύγχυσίς
2757 1314 2840 1355 τις
2896 1291 2982 1347 ἐπὶ
3040 1296 3230 1365 μικρὸν
3289 1290 3413 1361 περὶ
3484 1288 3581 1367 τὰς
3628 1290 3734 1341 τῶν

2098 1382 2310 1436 οἰκείων
2368 1364 2654 1444 δόσεις-ἐκ
2707 1389 2805 1451 τῆς
2854 1381 3069 1436 ἐκείνων
3120 1375 3469 1438 διδασκαλίας
3527 1364 3738 1443 ἐπηκο-

2098 1468 2301 1526 λούθει.
2339 1470 2435 1524 Καὶ
2483 1470 2547 1524 τὲ
2607 1470 2701 1542 μὲν
2757 1469 2891 1523 κατὰ
2920 1469 3009 1523 τὸν
3042 1466 3305 1537 δεσπότην
3340 1464 3482 1519 οὕτω
3514 1481 3528 1496 °
3564 1460 3741 1531 ἐνίαζε

2096 1558 2195 1633 γὰρ
2246 1564 2362 1619 ταῖς
2420 1558 2771 1631 προθυμίαις,
2800 1556 2890 1611 καὶ
2948 1555 3120 1625 δῆλος
3169 1556 3234 1623 ἦν
3292 1556 3390 1622 τήν
3445 1559 3545 1621 τῆς
3604 1552 3738 1607 Ῥω-

2101 1644 2293 1719 μα’ίδος
2354 1646 2600 1700 σύστασιν
2658 1646 2781 1721 περὶ
2865 1644 3125 1700 πλείστου
3202 1642 3551 1715 ποιούμενος.
3608 1640 3740 1693 Τότε

2093 1736 2274 1789 τοίνυν
2322 1740 2431 1789 τῶν
2481 1738 2616 1789 κατὰ
2667 1736 2766 1804 τὴν
2814 1731 2888 1789 ἕω
2918 1731 3254 1808 πραγμάτων
3287 1735 3466 1791 κακῶς
3497 1728 3735 1803 ἐχόντων

2096 1824 2185 1878 σὺν
2218 1821 2415 1895 πολλῷ
2444 1829 2522 1895 τῷ
2542 1824 2702 1897 τάχει
2726 1828 2842 1886 τοῖς
2870 1822 3006 1877 κατὰ
3050 1822 3140 1875 τὸν
3191 1816 3498 1895 Μαίανδρον
3544 1818 3734 1879 τόποις

2095 1912 2484 1987 ἐπεχωρίαζεν.
2519 1914 2630 1966 Ἔτι
2667 1909 2723 1965 δὲ
2768 1911 2857 1965 καὶ
2903 1914 3213 1985 περιφανεῖς
3257 1908 3374 1962 κατ’
3417 1906 3588 1962 ἐκεῖνο
3643 1905 3734 1960 καὶ

2100 1999 2333 2074 μεγάλαι
2365 2000 2521 2072 μοναὶ
2571 2000 2672 2054 ὑπὸ
2731 2003 2916 2070 σκοπῷ
2964 1999 3053 2054 καὶ
3112 1997 3311 2075 φύλακι
3366 2000 3445 2069 τῷ
3500 1993 3731 2069 δεσπότῃ

2098 2088 2427 2144 συνίσταντο.
2488 2089 2586 2141 Καὶ
2647 2086 2712 2158 δὴ
2773 2088 2805 2141 ἃ
2860 2089 2954 2161 μὲν
3013 2088 3064 2141 οἱ
3129 2086 3331 2159 Πέρσαι
3390 2081 3739 2156 προκαταλα-

2098 2172 2281 2241 ϐόντες
2308 2178 2573 2251 κατέσχον
2608 2177 3141 2252 συνεκχωρησάντων
3169 2179 3277 2228 τῶν
3334 2171 3559 2228 πολλῶν
3610 2170 3744 2226 ἐκεῖο

2097 2267 2181 2319 θεν
2214 2271 2329 2327 τοῖς
2367 2267 2670 2339 βασιλεῦσι,
2699 2265 2950 2320 κάκείνου
2996 2263 3308 2330 λείποντος,
3337 2260 3404 2316 τὰ
3460 2258 3585 2335 περὶ
3639 2261 3741 2329 τὴν

2098 2484 2264 2538 illum
2300 2484 2528 2539 fraudet
2560 2484 2776 2539 frustra
2805 2486 3040 2554 sperata
3071 2481 3336 2536 mercede
3367 2479 3498 2535 talis
3519 2478 3733 2549 operis,

2100 2574 2315 2644 quippe
2330 2574 2485 2642 quod
2500 2574 2745 2642 nonjam
2762 2571 2873 2643 ipsi
2891 2569 3731 2647 adgprzemiumimputandum,

2099 2662 2196 2716 sed
2226 2662 2375 2714 inter
2407 2677 2553 2714 vana
2583 2666 2639 2714 et
2665 2660 2849 2715 otiosa
2866 2659 3298 2714 numerandum
3320 2656 3733 2725 sit.Exhujus-

2098 2748 2256 2803 modi
2289 2748 2553 2803 doctrina
2582 2747 2798 2803 credita
2818 2755 3160 2819 receplaque
3179 2744 3505 2801 necessario
3523 2759 3730 2814 seque-

2096 2838 2272 2892 batur
2299 2842 2360 2891 ut
2391 2854 2561 2892 nemo
2593 2836 2809 2907 aliquid
2836 2836 3178 2891 habentium
3213 2834 3535 2905 quidquam
3567 2831 3735 2888 alteri

2097 2926 2357 2992 donaret,
2409 2925 2610 2996 sicque
2655 2925 2847 2979 omnis
2880 2940 2946 2978 ex
2977 2923 3363 2995 eleemosynis
3395 2925 3735 2994 proventus,

2097 3031 2211 3084 quo
2243 3030 2376 3084 spes
2408 3014 2671 3083 ratioque
2700 3012 2886 3067 victus
2905 3029 2969 3067 ac
2989 3016 3177 3067 status
3210 3010 3625 3082 plerorumque
3657 3013 3739 3063 te-

2098 3103 2304 3157 nuium
2357 3102 2715 3170 continetur,
2760 3102 2871 3156 hac
2918 3101 3163 3156 istorum
3209 3116 3387 3171 prava
3422 3097 3739 3170 disciplina

2097 3190 2362 3245 funditus
2416 3190 2905 3244 exterminaretur
2953 3205 2983 3243 e
3031 3187 3454 3243 consuetudine
3503 3202 3741 3257 usuque

2012 3312 2053 3379 Ο
2094 3279 2531 3347 hominum,illo
2565 3278 2858 3351 plausibili
2892 3281 3168 3349 pratextu
3195 3275 3532 3347 inquirendi
3563 3274 3735 3329 anxie

2093 3372 2225 3423 ante
2278 3367 2668 3439 largitionem,
2725 3383 2933 3423 verene
2965 3383 3039 3422 an
3071 3364 3342 3422 simulate
3374 3367 3611 3436 egerent
3636 3377 3740 3433 qui

2091 3456 2386 3527 petebant,
2432 3455 2661 3510 nullum
2715 3456 2835 3525 jam
2871 3454 3192 3526 erogationi
3248 3453 3518 3509 beneficce
3545 3451 3739 3507 locum

2090 3544 2495 3614 relinquente;
2551 3549 2728 3614 atque
2772 3544 2913 3598 adeo
2967 3543 3073 3597 hac
3122 3546 3328 3613 arguta
3369 3540 3738 3596 cavillatione

2089 3636 2213 3687 tota
2243 3633 2333 3686 lex
2364 3630 2864 3701 eleemosynarum
2898 3631 3354 3700 abrogaretur.0
3387 3629 3522 3700 quis
3555 3628 3737 3698 hujus

2092 3719 2407 3792 perniciem
2440 3719 2731 3789 dogmatis
2764 3718 2907 3774 satis
2938 3718 3204 3790 explicet!
3243 3719 3313 3773 ad
3348 3718 3503 3789 quod
3534 3717 3735 3786 utique

2092 3808 2325 3883 proprio
2374 3808 2501 3879 ejus
2546 3806 2873 3876 argumenti
2924 3806 3346 3862 commentario
3377 3809 3532 3861 esset
3561 3821 3730 3875 opus.

2092 3900 2276 3971 Igitur
2333 3898 2595 3968 despota,
2645 3893 2739 3949 cui
2796 3894 3000 3949 laudes
3049 3895 3203 3949 inter
3259 3899 3495 3949 caeteras
3536 3893 3725 3948 inerat

2093 4004 2257 4041 amor
2288 3986 2485 4039 nullus
2512 3982 2925 4052 veneratioque
2954 3982 3398 4049 monachorum,
3431 3982 3725 4051 quosdam

2091 4091 2121 4129 e
2150 4073 2261 4127 Nili
2295 4072 2563 4127 sectariis
2595 4088 2721 4125 eam
2752 4070 2927 4125 vitam
2959 4070 3293 4141 profitentes
3324 4073 3380 4124 et
3410 4085 3471 4123 se
3501 4068 3727 4123 insinu-

2093 4166 2257 4217 antes
2312 4160 2370 4215 in
2429 4160 2557 4229 ejus
2616 4159 2855 4213 domum
2916 4157 3084 4213 facile
3142 4157 3201 4211 in
3235 4157 3723 4212 consuetudinem

2092 4249 2328 4320 recepit,
2387 4249 2541 4303 viros
2601 4248 2784 4302 bonos
2844 4263 2874 4301 e
2930 4250 3089 4301 veste
3142 4245 3502 4302 existimans.
3564 4244 3725 4300 Unde

2092 4338 2336 4409 contigit
2388 4336 2559 4407 longe
2616 4336 2892 4406 deinceps
2953 4350 3190 4389 manare
3247 4334 3502 4405 parcius,
3536 4349 3724 4405 pravae

2090 4426 2264 4482 istius
2296 4426 2571 4480 doctrinas
2604 4425 2855 4491 quodam
2890 4423 3051 4478 obice
3080 4422 3464 4494 prohibitum,
3499 4423 3721 4476 fontem

2091 4515 2487 4571 beneﬁcentia:
2518 4529 2724 4585 greges
2755 4513 2995 4583 inopum
3030 4528 3098 4566 ex
3128 4510 3229 4566 illo
3260 4511 3494 4566 haurire
3524 4509 3723 4565 solito-

2093 4622 2224 4659 rum
2258 4609 2428 4659 antea
2454 4608 2573 4658 tam
2606 4602 2855 4673 benigne
2884 4598 3408 4671 irrigantem.Talis
3440 4602 3563 4654 erat
3591 4598 3723 4653 des-

346 4684 633 4754 largiendi
690 4704 805 4741 non
864 4686 1133 4741 occurrit.
1166 4686 1333 4742 Tales
1379 4688 1620 4758 despota
1647 4687 1901 4741 Joannes
1933 4689 1986 4741 et
2017 4677 2061 4741 D
2094 4697 2239 4765 potas
2289 4691 2517 4747 indoles
2565 4691 2815 4760 vitaeque
2864 4688 3032 4756 ratio,
3071 4688 3179 4743 viri
3218 4688 3423 4759 utique
3450 4688 3519 4743 ad
3552 4702 3726 4742 omne

346 4773 463 4829 alte
495 4773 813 4844 impressos
836 4775 1121 4846 pleneque
1153 4791 1463 4846 persuasos
1497 4777 1762 4830 versabat
1782 4776 1977 4830 animo

349 4878 585 4930 sensus,
619 4867 673 4918 et
703 4863 775 4919 iis
813 4870 1200 4919 consentanee
1229 4880 1476 4935 operans
1509 4864 1577 4918 ad
1619 4863 1979 4935 pr0positum

349 4951 465 5022 ipsi
510 4951 684 5005 finem
744 4951 939 5023 glorias
1000 4952 1295 5007 tendebat.
1330 4953 1491 5007 Istud
1516 4956 1707 5006 tamen
1740 4954 1866 5023 ejus
1894 4952 1983 5006 in-

352 5057 529 5095 censu
544 5057 595 5093 ni
625 5039 783 5111 large
801 5041 1053 5095 donandi
1073 5041 1332 5096 studium
1352 5038 1657 5110 paululum
1677 5040 1983 5112 refrigera-

353 5132 491 5183 runt
538 5132 853 5183 sectatores
898 5128 1011 5182 Nili
1058 5127 1553 5199 pseudomonachi
1585 5144 1613 5182 e
1644 5128 1840 5184 Sicilia
1871 5130 1984 5183 huc

353 5232 566 5287 magno
600 5217 754 5270 malo
786 5217 1061 5271 Romanae
1092 5217 1424 5288 reipublicae
1446 5218 1985 5288 profecti,docentes

359 5304 736 5376 pareimoniae
786 5305 1106 5375 attendere,
1163 5306 1597 5376 suadentesque
1648 5305 1986 5361 hominibus

352 5410 568 5464 magna
598 5394 1120 5465 circumspectione
1147 5394 1204 5447 in
1238 5395 1429 5448 dando
1458 5394 1539 5447 uti
1573 5395 1725 5450 219
1750 5412 1819 5448 ne
1843 5395 1985 5450 forte

348 5481 478 5552 quis
537 5481 708 5547 clam,
770 5480 989 5553 alioqui
1026 5482 1252 5538 habens
1282 5483 1437 5553 quod
1471 5483 1614 5537 satis
1647 5483 1759 5553 ipsi
1791 5484 1886 5547 sit,
1932 5489 1987 5539 et

349 5568 553 5625 callide
574 5569 850 5625 simulata
870 5574 1146 5641 egestate,
1165 5570 1414 5641 pecunia
1435 5586 1757 5640 emungens
1779 5589 1986 5643 parum

349 5661 589 5714 cautum
640 5658 1098 5728 misericordem,
1127 5658 1317 5714 labem
1368 5657 1451 5713 illi
1495 5657 1700 5714 allinat
1732 5662 1985 5719 multum

350 5746 542 5803 facilis
571 5754 626 5804 et
656 5764 764 5804 sua
793 5745 1123 5804 inconsulte
1149 5746 1530 5819 dilapidantis
1557 5763 1569 5814 ;
1594 5753 1989 5823 praetereaque

2091 4784 2272 4837 decus
2306 4781 2482 4836 alacri
2514 4781 2735 4849 impetu
2768 4777 3017 4841 ruentis,
3048 4777 3382 4849 natique,ut
3411 4775 3728 4849 apparebat

2092 4887 2157 4925 ac
2188 4869 2465 4924 divinitus
2500 4867 2632 4923 facti
2657 4866 2726 4921 ad
2763 4867 3186 4921 restituendam
3218 4865 3277 4919 in
3310 4864 3486 4921 decus
3526 4863 3725 4936 pristi-

2094 4974 2231 5013 num
2267 4957 2583 5011 Romanam
2618 4971 2763 5010 rem.
2804 4955 2969 5008 Tunc
3019 4970 3154 5025 ergo
3198 4954 3372 5009 rebus
3416 4950 3726 5009 Orientalis

2093 5044 2298 5100 limitis
2348 5043 2499 5099 male
2549 5041 2928 5107 habentibus,
2981 5058 3214 5098 summa
3264 5042 3315 5097 is
3345 5040 3635 5096 celeritate
3666 5040 3726 5093 in

2094 5134 2359 5206 regiones
2392 5133 2682 5188 Maeandro
2714 5133 3086 5189 circumsitas
3110 5148 3172 5187 se
3202 5127 3688 5201 contulit,maxim

2096 5224 2246 5277 inter
2304 5227 2511 5277 caetera
2555 5222 2708 5278 bono
2764 5223 2985 5278 dudum
3043 5224 3467 5276 exstructorum
3514 5217 3575 5270 in
3608 5215 3728 5270 illis

2093 5312 2266 5366 terris
2300 5328 2643 5379 magnorum
2679 5314 2851 5381 atque
2874 5308 3191 5365 illustrium
3216 5302 3750 5372 monasteriorum,

2096 5417 2224 5471 qua:
2256 5400 2617 5469 providentia
2646 5399 3029 5470 custodiaque
3057 5397 3243 5468 ipsius
3273 5413 3306 5450 a
3336 5394 3498 5450 clade
3527 5393 3729 5448 ruina-

2098 5503 2208 5558 que
2241 5486 2451 5542 ultima
2477 5493 2705 5543 servata
2730 5491 2867 5542 sunt
2895 5487 3115 5541 Horum
3149 5484 3414 5556 quaedam
3441 5484 3564 5553 jam
3595 5487 3730 5536 Per-

2099 5592 2174 5630 sas
2220 5582 2624 5647 prmoccupata
2675 5574 3037 5639 detinebant,
3085 5571 3380 5644 plerisque
3407 5569 3640 5642 oppidis
3669 5585 3735 5625 ac

2098 5663 2265 5735 pagis
2315 5664 2373 5718 in
2426 5680 2493 5719 ea
2544 5661 2758 5717 vicinia
2802 5662 3010 5732 positis
3040 5661 3194 5717 220
3223 5660 3283 5715 in
3314 5659 3624 5715 Persarum
3656 5656 3740 5713 di-

2097 5753 2256 5809 tione
2287 5752 2467 5808 simul
2498 5756 2600 5807 aut
2630 5750 2687 5805 vi
2722 5750 2918 5816 rectis,
2955 5754 3056 5805 aut
3086 5765 3157 5804 ne
3187 5747 3559 5804 traherentur
3590 5746 3742 5802 ultro
