4158 6280
385 410 493 466 663
1690 408 1992 463 GEORGII
2030 409 2099 460 ΡΛ

2205 404 2491 459 lYMERE
3671 375 3782 432 664

389 528 693 610 Στρόϐιλον
724 529 870 608 λέγω
893 532 983 588 καὶ
1026 533 1123 601 τὴν
1180 529 1634 608 Σταδιοτραχίαν,
1668 532 1741 592 ὡς
1799 527 2031 584 ἀδύνατα
2062 533 2115 600 Α
2144 527 2363 603 χώρους
2421 519 2704 577 ἀντίποινα
2756 515 2856 571 ούκ
2902 508 3143 568 ἐδικαίου
3168 508 3262 610 ,τὸ
3318 498 3786 610 σύνολον.ηῐ])ιην

389 588 429 590 —
452 588 479 610 7|
516 588 521 589 ⁷
803 588 814 608 Ι
1084 588 1093 601 ⁵
1417 588 1426 608 |
1488 588 1526 606 In
1621 588 1634 602 1
1728 588 1739 592 '
2062 588 2115 600 ο.-
2150 588 2185 603 ιν.
2238 588 2247 601 ι

388 617 517 677 ὄντα
572 619 1066 690 έπανακεκλῆσθαι,
1126 618 1239 674 οόδ’
1296 619 1568 695 ἐπεχείρει
1652 618 1789 672 κατὰ
1844 622 2033 691 πεῖραν
2144 612 2476 673 ἱκετεύοντας
2534 604 2918 680 προσεδέχετο,
2950 601 3040 656 καὶ
3088 596 3267 674 σφίσιν
3324 593 3483 667 ὅρους
3515 590 3700 658 ἐτίθει,
3732 588 3784 648 ές

3311 678 3340 695 ο
3386 681 3397 695 Ι
3734 681 3757 692 υ

903 678 913 690 ⁵
1055 678 1066 690 '
1399 678 1433 695 Α.
1490 678 1498 694 ι
1940 678 1949 691 ι
2581 678 2588 680 ἡ
2770 678 2806 680 Π

387 715 680 784 κατασχεῖν
718 729 730 741 ’
766 709 890 763 ὅσον
922 707 965 764 δ’
997 710 1062 778 ἦν
1095 711 1157 764 τὸ
1196 710 1330 764 κατὰ
1378 706 1684 781 Μαίανδρον
1730 708 1819 761 καὶ
1856 704 2034 780 Τρᾶλ-
2143 702 2341 758 ὁπόσον
2402 700 2459 754 ἂν
2518 698 2608 753 καὶ
2679 695 2947 762 κινηθεῖεν
3028 678 3578 761 προσκαταϐαίνοντες
3665 681 3786 738 ταῖς

2806 783 2811 784 ν
3003 776 3022 784 Α
3057 778 3066 784 -
3328 769 3375 784 λι
3559 767 3572 784 9

564 767 603 784 ιχ.
1022 767 1032 778 ι
1595 767 1602 781 .
1901 767 1908 780 .

390 809 505 860 Λεις
555 799 645 853 καὶ
704 800 1004 872 Κάϋστρον,
1036 801 1103 852 τὰ
1150 802 1251 864 τῆς
1302 798 1482 862 Ἀσίας
1542 796 1830 872 βαθύτατα,
1879 794 2034 867 ἐκρά-
2144 796 2387 861 σκηναῖς,
2412 790 2487 850 ὡς
2539 786 2633 847 τὰς
2693 783 2944 857 μεγίστας
3000 776 3266 835 δώσοντες
3325 769 3495 836 δίκας,
3530 767 3575 821 εἶ
3616 786 3788 839 παραυ

492 856 502 860 Ὗ
888 856 896 872 ί
991 856 1003 867 ’
1208 856 1248 864 ”
1470 856 1481 862 ⁷
1543 856 1552 872 Ι
1820 856 1828 861 ⁷
1944 856 1952 867 1
2234 856 2244 861 -
2372 856 2383 861 ν
2776 856 2783 857 κ

387 889 512 942 τυνέ
570 908 630 942 τε
686 886 1057 963 προπολεμῶν
1108 887 1197 942 καὶ
1254 894 1353 956 τῆς
1406 888 1539 942 κατὰ
1584 892 1719 961 σφᾶς
1748 882 2038 960 ἀσφαλείας
2145 877 2448 935 σπονδοῖεν.
2483 875 2586 933 Καὶ
2641 873 2782 928 οὕτω
2845 871 2939 942 μὶν
2983 868 3010 922 ὁ
3068 862 3334 930 δεσπότης
3386 860 3454 914 τὰ
3494 856 3628 912 κατᾶ
3658 857 3783 963 ρτήν

2896 959 2905 963 -
3074 952 3095 963 Α
3204 952 3222 963 \
3324 948 3336 963 Ι
3455 947 3469 963 η
3539 944 3560 963 \
3592 944 3602 961 '

396 974 641 1051 μετέχειν
702 938 904 1031 éfcM300-
944 938 1091 1037 ιΤοὺς
1154 972 1210 1029 δέ
1266 996 1326 1050 γε
1378 938 1759 1050 Μαγεδωύίτας
1821 938 2037 1043 (ἐκάκου
2143 969 2218 1025 ἓω
2268 968 2531 1022 καθιστῶν
2588 969 2690 1030 τῆς
2746 938 3012 1036 προτέρας
3070 948 3399 1051 δυσκληρξας
3445 938 3789 1051 ἀνελάμέανε

396 1031 407 1049 .
528 1031 565 1051 η,
1078 1031 1089 1037 -
1280 1031 1290 1050 ,
1380 1031 1387 1032 κ
1485 1031 1495 1050 ,
1748 1031 1756 1034 -
1825 1031 1834 1043 .
2792 1031 2799 1036 _
2920 1031 2925 1033 .

394 1065 497 1139 γὰρ
525 1063 718 1127 αὐτοὺς
746 1066 808 1120 τὸ
841 1064 1067 1121 πολλῶν
1101 1060 1245 1128 ἔνθεν
1303 1063 1378 1126 εἷς
1435 1065 1531 1125 τὰς
1562 1065 1697 1118 κατὰ
1733 1060 1879 1116 δύσιν
1915 1057 2038 1114 δου-
2146 1056 2272 1119 τοὺς
2319 1054 2450 1121 ἐκεῖ,
2497 1051 2587 1107 καὶ
2645 1048 2861 1125 θαρρεῖν
2906 1047 3164 1120 παρεῖχεν
3215 1035 3409 1107 ἀνέδην
3457 1035 3553 1096 τὰς
3612 1031 3784 1086 αὐτῶν

395 1138 546 1215 λείας
628 1155 1009 1230 μεταγομένων
1096 1152 1381 1228 καταῤῥεῖν
1475 1156 1582 1206 τῶν
1661 1148 2036 1222 λελειμμένων
2147 1147 2523 1220 γεωργοῦντας
2549 1138 2919 1214 καρπίζεσθαι.

394 1241 521 1297 τοὺς
573 1238 801 1317 Πέρσας)
843 1243 926 1297 καὶ
978 1241 1098 1297 λίαν
1151 1241 1372 1295 συνίστα
1421 1242 1510 1294 καὶ
1560 1238 1888 1317 ἠσφαλίζετο
1923 1257 1936 1271 ·
1976 1236 2042 1305 ἦν
2148 1261 2255 1336 κβι.
2308 1261 2492 1319 «om»:
2566 1254 2737 1310 ἐνόσει
2809 1248 3170 1322 ἀπολλύμενα
3223 1243 3291 1299 τὰ
3341 1240 3479 1297 κατά
3535 1239 3795 1336 Μαῗυαν.

439 1330 450 1336 -
574 1331 583 1336 .
648 1330 661 1336 -
743 1331 751 1336 .
960 1329 975 1336 -
1239 1329 1249 1336 .
1523 1330 1558 1336 ,μ
1749 1329 1759 1336 .
1909 1327 1921 1336 1
2025 1324 2033 1336 ι
2227 1328 2244 1336 μ
2361 1328 2371 1336 .
2543 1327 2555 1336 ι
2644 1329 2682 1336 -ι
2820 1322 2838 1336 \
2861 1322 2879 1336 κ
2914 1324 2924 1336 ι
3000 1319 3020 1336 ,1
3298 1314 3325 1336 ,‘
3406 1314 3432 1336 Α(
3506 1316 3617 1336 Πμ--
3669 1327 3760 1336 ..-ιιι

394 1256 521 1297 τοὺς
573 1256 801 1317 Πέρσας)
843 1256 926 1297 ιιαί
980 1256 1098 1297 Mdv
1151 1256 1372 1295 συνιστα
1421 1256 1510 1294 και
1560 1256 1888 1317 ησφαλιςετο
1923 1257 1936 1271 ·
1976 1256 2042 1305 ην
2148 1261 2255 1336 κβν.
2308 1261 2492 1319 «om»:
2566 1256 2737 1310 ἐνόσει
2809 1256 3170 1322 ἀπολλύμενα
3223 1256 3291 1299 τά
3341 1256 3479 1297 κατα
3538 1256 3795 1365 “diu”.

394 1330 496 1407 γὰρ
535 1331 611 1384 τὸ·
645 1330 858 1385 ἐκείνων
917 1329 1131 1400 πλῆθος
1186 1329 1410 1384 πίσυνον
1471 1330 1649 1399 τόξοις
1678 1329 1765 1382 καὶ
1801 1327 1924 1401 περὶ
1979 1324 2042 1379 τὸ
2223 1328 2444 1399 δηνοὺς,
2500 1327 2569 1382 τὰ
2644 1319 3025 1398 Βουκελλάριά
3101 1338 3157 1373 τε
3235 1314 3326 1371 καὶ
3405 1314 3441 1381 ἡ
3504 1316 3621 1386 Παφ
3666 1327 3799 1383 αγο-

400 1402 720 1493 ἆντιμαχεῖν
782 1417 1120 1491 δεξιώτατον,
1177 1420 1265 1473 καί
1315 1440 1379 1493 γε
1443 1418 1538 1481 τὰς
1594 1415 1897 1492 προθυμίας
1952 1412 2041 1489 έρ-
2219 1402 2328 1456 νία-

405 1479 577 1584 ῥώννυ
604 1479 866 1582 Νχρυσίῳζ
915 1507 1003 1562 καὶ
1056 1479 1188 1585 mea;
1247 1479 1917 1582 Edmpsitopiionniwq.
1978 1479 2046 1558 bl.
2225 1503 2310 1573 [P.
2350 1499 2466 1569 14η
2498 1495 2701 1550 Ἐνόσει
2735 1490 2791 1547 δὲ
2818 1490 2886 1545 τὰ
2912 1494 3016 1544 τῶν
3067 1479 3486 1556 Βουκελλαρίων
3537 1484 3793 1581 Magnam:

412 1559 475 1583 iv‘V
528 1559 569 1562 γ’
638 1559 866 1582 ΛιΓήίΠΓῖ
919 1559 1000 1562 "‘H
1065 1559 1186 1585 ’λίγ’
1252 1559 1492 1582 V—vvliﬁriv
1569 1559 1578 1582 ι
1749 1559 1759 1576 δ
1884 1559 1892 1564 “
2226 1559 2242 1573 ι
2457 1559 2466 1569 ³

412 1596 593 1670 μέντοι
642 1618 704 1670 γε
752 1595 950 1670 Πέρσαι
980 1598 1041 1651 τὸ
1072 1596 1241 1671 τάχος
1299 1603 1397 1664 τῆς
1432 1593 1741 1655 ἐπιστασίας
1791 1591 2049 1665 μαθόντες
2155 1587 2332 1659 δηνῶν
2386 1606 2443 1640 τε
2498 1583 2587 1638 καὶ
2645 1575 3012 1655 Παφλαγόνων
3045 1575 3134 1631 καὶ
3174 1572 3297 1628 λίαν
3328 1569 3588 1643 οἷ’κτρῶς.
3621 1565 3693 1618 Τὸ
3754 1559 3801 1618 δ’

3058 1664 3070 1671 ι
3507 1652 3518 1671 Ι
3756 1669 3765 1671 ᾼ

2155 1587 2332 1659 δηνῶν
2386 1606 2443 1640 τε
2498 1583 2587 1638 καὶ
2645 1575 3012 1655 Παφλαγόνων
3045 1575 3134 1631 καὶ
3174 1572 3297 1628 λίαν
3328 1569 3588 1643 οἷ’κτρῶς.
3621 1565 3693 1618 Τὸ
3754 1565 3782 1618 δ

403 1682 801 1761 κατωρρώδουν
832 1706 912 1752 τε,
939 1686 1029 1739 καὶ
1058 1687 1209 1747 αὖθις
1240 1684 1692 1744 παλινοστοῦντες
1749 1686 1869 1741 ταῖς
1931 1676 2051 1733 δυσ-

405 1774 641 1849 χωρίαις
688 1770 985 1842 ἐνεδύοντο,
1030 1773 1354 1847 ἀπογνόντες
1415 1770 1471 1825 δὲ
1525 1775 1626 1825 τοῦ
1686 1768 1897 1843 θαῤῥεῖν
1953 1766 2049 1820 αὐ-

406 1860 530 1915 τίκα
561 1856 1005 1937 διεπρεσϐεύοντο
1063 1858 1296 1914 ἆπέλυόν
1354 1881 1414 1914 τε
1472 1857 1600 1919 τοὺς
1657 1854 2049 1931 αἰχμαλώτους
2082 1892 2133 1956 Β

410 1949 503 2006 καὶ
534 1950 761 2025 ἠγάπων
796 1948 1120 2021 σωζόμενοι.
1152 1950 1213 2005 Ὀ
1247 1946 1303 2003 δὲ
1357 1949 1419 2002 τὸ
1479 1947 1572 2019 μὲν
1629 1943 1863 2019 ἡσυχίαν
1913 1944 2054 2017 σχή-

428 2057 536 2093 σειν
594 2037 829 2100 ἐκείνους
868 2037 1102 2101 είσαῦθις
1156 2036 1246 2091 καὶ
1308 2033 1454 2108 μάλα
1507 2034 1717 2109 θαῤῥῶν
1780 2031 2068 2097 ἐπίστευεν,

431 2126 534 2180 οὐκ
587 2126 638 2197 ἐξ
695 2126 769 2180 ὧν
824 2124 1016 2180 έκεῖνοι
1068 2122 1470 2200 διωμολόγουν,
1520 2120 1645 2177 ἀλλ’
1677 2121 1726 2193 ἐξ
1777 2120 1849 2173 ὢν
1912 2118 2071 2179 αὐτὸς

431 2212 574 2268 οἶδεν
634 2212 1032 2287 ἐπιθησόμενος
1089 2214 1179 2267 καὶ
1229 2215 1491 2283 νικήσων,
1523 2209 1575 2265 εἷ’
1595 2231 1699 2264 που
1754 2206 1844 2262 καὶ
1900 2226 2073 2280 παρα-

427 2302 697 2371 κινηθεῖεν
733 2322 747 2335 ν
781 2302 844 2357 τὸ
877 2299 934 2356 δὲ
963 2302 1038 2375 μὴ
1069 2301 1257 2355 παθεῖν
1304 2297 1376 2353 ὧν
1436 2293 1662 2374 ἔδρασαν
1719 2294 1845 2357 τοὺς
1904 2314 2074 2368 προσ-

433 2501 799 2560 cedentibus.
853 2499 1018 2556 Unde
1047 2503 1106 2555 et
1135 2498 1249 2554 alia
1279 2497 1379 2553 illa
1402 2501 1626 2553 tractus
1656 2497 1784 2566 ejus
1808 2495 1933 2565 jam
1965 2493 2076 2547 im-

433 2590 804 2664 peratoribus
836 2604 1038 2662 parere
1069 2588 1380 2643 desierant:
1413 2603 1479 2641 ea
1512 2585 1638 2639 dico
1668 2600 1793 2654 quae
1824 2579 2077 2638 Strobilo

436 2683 495 2735 et
543 2676 991 2734 Stadiotrachiss
1044 2676 1277 2747 ajacent
1320 2673 1472 2741 loca,
1506 2673 1590 2728 ita
1617 2671 1825 2728 validis
1852 2670 2082 2725 incesse

440 2766 733 2842 praesidiis
783 2766 1069 2834 hostium,
1123 2768 1188 2819 ut
1221 2779 1422 2819 eorum
1453 2761 1949 2833 recuperationem
1984 2758 2081 2812 de-

443 2861 733 2928 speratam
752 2872 823 2911 ne
837 2855 1177 2911 tentandam
1194 2853 1428 2924 quidem
1447 2855 1548 2906 aut
1564 2856 1703 2905 tunc
1715 2848 2080 2921 cogitandam

448 2947 700 3002 Joannes
720 2943 1332 3014 putaverit.Quantum
1355 2945 1549 2995 autem
1567 2942 1688 2994 erat
1706 2938 1856 2993 circa
1870 2940 2080 2991 Maean-

450 3035 646 3100 drum,
697 3030 923 3087 Tralles
960 3047 1026 3086 ac
1077 3033 1380 3102 Caystrum
1417 3032 1473 3084 et
1505 3028 1653 3082 Asiae
1680 3026 1911 3093 intima,
1944 3039 2083 3077 con-

449 3120 701 3178 ﬁrmavit
730 3122 1315 3191 propugnans,atque
1336 3120 1400 3169 ut
1430 3130 1630 3169 secure
1660 3112 1909 3184 propriis
1934 3110 2085 3165 indi-

448 3226 611 3284 gente
666 3208 1024 3274 fruerentur,
1082 3203 1432 3298 proferendq
1484 3201 1637 3257 ullra
1694 3199 1846 3257 bello
1877 3198 2082 3298 etfacit.
2117 3233 2160 3298 Ο

450 3297 839 3370 Magedonum
872 3309 1104 3365 quoque
1128 3294 1361 3364 gentem
1398 3291 1658 3345 Romano
1690 3287 1942 3344 asseruit
1971 3287 2086 3340 im-

450 3369 697 3460 perio,in
712 3387 967 3440 extremo
981 3386 1124 3437 tunc
1143 3380 1391 3452 positam
1416 3379 1759 3434 discrimine
1780 3369 2093 3432 deﬁciendi

451 3474 523 3531 ad
560 3473 756 3529 Persas
786 3474 890 3526 aut
924 3469 1070 3541 ipsis
1102 3464 2094 3524 succumbendi.Laborabantenim

451 3561 688 3618 illorum
742 3575 856 3629 res,
905 3557 1202 3629 plerisque
1260 3555 1496 3612 illorum
1529 3555 1778 3610 evocatis
1809 3555 1881 3609 ab
1913 3554 2099 3625 impe-

454 3654 645 3706 ratore
692 3652 749 3704 et
791 3646 1108 3712 militatum
1168 3644 1369 3699 missis
1397 3648 1602 3698 contra
1632 3643 1828 3698 hostes
1860 3641 2096 3698 Occidui

458 3737 687 3804 limitis,
719 3736 919 3807 ibique
945 3734 1218 3807 praesidio
1250 3732 1492 3797 relictis,
1525 3731 1739 3787 idcirco
1773 3732 1927 3803 quod
1970 3730 2098 3800 ejus

462 3826 716 3900 generis,
749 3828 950 3896 utpote
980 3822 1235 3879 arcubus
1265 3820 1620 3891 peritissime
1652 3819 1890 3885 utentis,
1925 3834 2101 3889 opera

469 3916 530 3972 in
565 3913 1004 3970 velitationibus
1036 3916 1095 3967 et
1123 3909 1338 3982 praeliis
1368 3909 1724 3964 laudaretur.
1762 3907 1900 3962 Inde
1934 3923 2100 3978 porro

459 4005 680 4061 factum
731 4006 797 4058 ut
843 4000 1021 4057 vicini
1071 3998 1276 4065 Persas,
1334 3997 1437 4069 qui
1471 3996 1691 4067 alioqui
1725 4011 2100 4051 numerosam

461 4091 756 4149 nationem
772 4087 1090 4160 sagittandi
1106 4086 1513 4143 exercitatione
1536 4084 1964 4141 formidabilem
1989 4101 2102 4140 non

464 4185 684 4235 temere
708 4178 1240 4245 lacesserent,nunc
1261 4190 1387 4229 eam
1409 4173 1731 4228 delectibus
1758 4173 2102 4229 exhaustam

470 4269 757 4341 imparem
790 4266 862 4321 ob
895 4264 1247 4337 paucitatem
1271 4261 1599 4332 juventutis
1630 4261 1756 4317 suis
1787 4261 2105 4319 insultibus

470 4357 584 4413 rati
644 4355 921 4411 audacter
950 4353 1311 4418 invaderent,
1363 4350 1519 4405 haud
1578 4350 1754 4405 dubie
1780 4351 2105 4422 subacturi,

473 4442 977 4516 despondentibus
1000 4442 1127 4511 jam
1160 4440 1391 4493 animos
1422 4437 1643 4507 exiguis
1668 4436 1787 4493 illis
1819 4438 2106 4510 reliquiis,

475 4533 536 4589 ni
568 4549 602 4588 a
627 4535 851 4587 Joanne
878 4530 1124 4599 despota
1152 4527 1661 4593 conﬁrmarentur,
1692 4543 1830 4581 auro
1862 4526 2023 4597 ipsos
2054 4529 2112 4581 et

2156 1674 2327 1730 αἴτιον
2363 1674 2445 1727 ὅτι
2494 1675 2591 1725 τοῦ
2648 1672 2970 1743 κρατοῦντος
3015 1664 3083 1718 τὰ
3128 1652 3592 1732 τεθησαυρισμένα
3642 1669 3803 1720 σκορ-

2155 1764 2414 1822 πίσαντος
2440 1757 2577 1814 κατᾶ
2629 1738 2695 1812 τε·
2741 1752 2885 1825 κήδη
2944 1751 3035 1807 καὶ
3090 1748 3310 1824 βαρείας
3367 1739 3689 1822 φιλοτιμίας
3738 1738 3805 1790 τὰ

2161 1852 2295 1925 πρὸς
2341 1849 2408 1903 τὰ
2459 1845 2608 1916 ἔθνη,
2664 1849 2886 1919 συχναῖς
2959 1836 3291 1897 ἀποστολαῖς
3367 1830 3697 1925 χρωμένουὲ
3736 1859 3804 1925 :—

2167 1908 2246 2009 [P.
2284 1908 2405 2009 ΜΒ]
2437 1935 2539 1989 οὐκ
2568 1908 2687 1986 cide:
2824 1928 2875 1983 εἷ’
2917 1928 3004 1982 καὶ
3067 1926 3267 1996 σκῆψις
3315 1921 3381 1989 ἦν
3434 1918 3498 2009 τὸ
3554 1908 3810 2009 προϐαλιτ

2180 2002 2429 2098 λόμενον,
2460 2023 2521 2076 τὸ
2553 2018 2725 2083 ἐνδεὲς
2756 2014 2969 2088 δηλαδή
3000 2015 3137 2087 πρὸς
3175 2010 3272 2072 τὰς
3318 2005 3511 2098 χρείας
3545 2022 3557 2035 '
3719 2002 3810 2055 καὶ

2184 2092 2399 2187 μᾶλλον
2431 2113 2497 2181 ἦν
2528 2111 2589 2165 τὸ
2620 2109 2709 2165 ὑπ’
2738 2104 2930 2162 ὁδόντα
2977 2101 3298 2178 λεγόμενον,
3321 2096 3406 2187 Δὠς
3462 2094 3525 2149 τὸ
3578 2092 3825 2187 ὑπήκοον

2183 2199 2500 2257 ὑποπτεύων
2550 2196 2639 2253 διὰ
2696 2197 2763 2251 τὰ
2818 2188 3096 2267 συμϐάντα
3149 2193 3227 2261 τῷ
3283 2185 3437 2255 ἀλαῷ
3477 2185 3675 2237 κακοῦν
3731 2183 3829 2247 ζη-

2186 2290 2332 2364 μίαις
2362 2288 2635 2363 συμφέρον
2675 2279 2834 2360 ἔγνω,
2870 2284 2947 2356 μὴ
3004 2279 3094 2336 καὶ
3144 2275 3580 2346 κατεξανασταῖεν
3642 2267 3823 2343 ἐντρυ-

2183 2488 2234 2544 si
2267 2487 2408 2560 quid
2440 2484 2693 2557 amplius
2753 2482 3069 2548 moverent,
3101 2477 3185 2532 ita
3216 2473 3365 2530 male
3397 2467 3740 2560 multandos
3763 2468 3829 2560 ut

2187 2554 2614 2652 praeteritarum
2674 2572 3025 2643 injuriarum
3087 2563 3414 2623 cumulatas
3463 2554 3821 2631 persoluturi

2187 2644 2390 2742 poenas
2422 2663 2744 2732 forent,isto
2776 2665 2935 2716 metu
2957 2655 3341 2714 continendos
3374 2649 3510 2705 illos
3537 2648 3596 2702 in
3629 2644 3822 2701 ofﬁcio

2190 2738 2461 2831 speravit.
2519 2755 2717 2810 Pacem
2769 2754 2961 2807 autem
2997 2747 3157 2803 dedit
3185 2744 3259 2799 iis
3283 2738 3823 2831 petentibus,_q_uos

2190 2823 2252 2905 se
2283 2845 2434 2901 bello
2467 2845 2902 2915 superaturum,
2935 2838 2985 2893 si
3016 2836 3346 2899 conaretur,
3379 2829 3528 2892 221
3582 2823 3830 2881 minime

2191 2935 2519 2999 dubitabat,
2547 2913 2924 2986 miseratione
2954 2925 3216 2998 gentium
3246 2920 3469 2976 vicinos
3492 2915 3641 2988 ipsis
3671 2913 3828 2968 inco-

2190 3024 2439 3081 lentium
2488 3023 2735 3085 tractus,
2764 3033 2836 3072 ne
2865 3014 3003 3071 victi
3034 3012 3121 3068 illi
3149 3009 3439 3066 malorum
3468 3022 3534 3061 ac
3565 3002 3823 3058 cladium

2192 3129 2340 3185 quas
2399 3109 2555 3183 passi
2612 3105 2759 3163 bello
2813 3108 3011 3161 essent
3061 3100 3343 3157 ultionem
3376 3089 3826 3185 adebiliorihus

2194 3177 2480 3258 vexationi
2527 3194 2894 3269 opportunis,
2940 3196 3205 3262 tempore
3246 3185 3456 3243 deinde
3486 3184 3678 3254 capto,
3710 3177 3833 3233 exi—

2202 3267 2715 3365 gerent.Caeter_um
2735 3299 2851 3355 quo
2869 3280 3068 3336 minus
3086 3294 3274 3334 causa
3292 3274 3576 3329 haberent
3590 3287 3622 3324 a
3641 3267 3832 3365 pactis

2204 3357 2525 3442 resiliendi,
2586 3375 2731 3429 ﬁnes
2791 3372 2864 3427 iis
2890 3366 3241 3442 praescripsit
3273 3364 3416 3420 satis
3461 3361 3649 3426 laxos,
3680 3357 3837 3412 intra

2205 3484 2352 3541 quos
2384 3465 2618 3521 abunde
2646 3475 3000 3535 pascuorum
3036 3457 3161 3514 suis
3182 3450 3464 3510 armentis
3484 3453 3541 3505 et
3555 3445 3837 3520 gregibus

2202 3532 2505 3623 haberent,
2537 3532 2686 3608 serio
2716 3550 2973 3616 edicens,
3007 3545 3057 3601 si
3088 3543 3241 3599 ultra
3269 3540 3666 3609 erumperent,
3715 3532 3845 3588 vio-

2204 3645 2305 3703 lati
2338 3642 2568 3699 foederis
2610 3637 2903 3712 piaculum
2936 3633 3189 3691 maxime
3219 3631 3482 3703 ipsorum
3515 3623 3845 3712 calamitate

2203 3733 2510 3789 luendum.
2544 3709 2799 3782 In—hunc
2827 3725 3069 3780 modum
3102 3736 3205 3794 per
3232 3715 3486 3774 Orientis
3517 3709 3849 3786 provincias

2207 3824 2463 3893 despota,
2518 3816 2711 3873 deleta
2750 3811 3074 3887 ignominia
3126 3809 3291 3882 prius
3321 3811 3693 3893 acceptarum

2206 3886 2465 3968 cladium
2520 3910 2579 3963 et
2634 3886 2831 3961 rerum
2864 3906 3020 3959 statu
3052 3899 3384 3959 emendato,
3415 3890 3693 3948 ﬁduciam
3730 3886 3849 3942 illis

2208 3999 2482 4073 gentibus
2513 3992 2790 4063 fecit,otio
2821 4008 2886 4048 ac
2917 4006 3057 4062 pace
3086 3987 3307 4057 ubique
3336 3980 3648 4047 restitutis,
3670 3976 3853 4033 libere

2210 4070 2488 4156 deinceps
2546 4080 2885 4139 attendendi
2944 4076 3186 4133 culturae
3242 4085 3517 4145 agrorum
3565 4070 3855 4156 etsecure

2211 4151 2441 4248 legendi
2469 4173 2695 4228 fructus
2728 4170 2936 4224 uberes
2968 4169 3256 4222 terrarum
3293 4163 3351 4216 in
3385 4158 3604 4231 quibus
3634 4151 3860 4209 habita-

2212 4268 2360 4320 rent.

2210 4361 2301 4415 22.
2338 4359 2400 4415 Ut
2426 4354 2744 4430 pessimojn
2760 4356 2908 4430 statu
2927 4350 3139 4424 fuerint
3154 4346 3328 4430 ptime
3346 4338 3857 4430 perditmﬁqrgan-

2213 4411 2485 4487 dena—raris
2503 4411 2658 4485 PBuce
2667 4411 3071 4495 llariorur'nque
3087 4411 3335 4489 regiones
3346 4411 3400 4471 et
3413 4417 3488 4470 Pa
3493 4411 3767 4485 phalagon
3778 4411 3854 4463 ia.

2288 4526 2659 4583 Laborabant
2689 4526 2881 4580 autem
2917 4525 2973 4577 et
2994 4519 3274 4576 miserum
3291 4514 3352 4569 in
3375 4511 3617 4567 modum
3632 4506 3859 4562 afﬂictae

481 4619 779 4678 muniﬁcis
828 4592 1242 4690 largitionibus
1282 4614 1618 4684 deliniente,
1650 4592 1843 4685 sicque
1877 4592 1945 4670 ad
1977 4614 2109 4669 ﬁdei
2142 4607 2188 4672 D
2210 4617 2485 4690 jacebant
2521 4611 2977 4670 Bucellariorum
3019 4613 3077 4664 et
3115 4601 3644 4676 Maryandenorum
3676 4592 3863 4666 regio-

484 4725 625 4782 erga
650 4709 965 4780 imperium
998 4704 1391 4762 constantiam
1424 4709 1479 4760 et
1509 4704 1815 4760 resistendi
1848 4704 2117 4760 hostibus

486 4797 842 4856 alacritatem
874 4794 1177 4852 excitante.
1230 4794 1413 4849 Persae
1472 4811 1643 4866 porro
1672 4793 2027 4850 incurrentis
2057 4793 2117 4847 in

486 4888 650 4958 ipsos
677 4887 843 4940 tanta
872 4883 1166 4939 celeritate
1200 4883 1454 4953 despotae
1480 4883 1813 4952 improvisis
1858 4886 2121 4939 conster-

490 4974 613 5032 nati
661 4972 908 5041 nuntiis,
966 4975 1186 5026 terrore
1240 4986 1305 5025 ac
1362 4971 1763 5041 desperatione
1816 4988 2123 5028 successus

492 5061 683 5119 aversi
739 5069 890 5115 retro
948 5062 1109 5123 sunt,
1142 5073 1319 5128 seque
1351 5058 1551 5113 statim
1585 5058 1643 5113 in
1674 5075 1938 5128 suorum,
1972 5062 2125 5116 unde

500 5147 1168 5224 prodierant,inaccessa
1195 5144 1438 5200 latibula
1481 5146 1767 5201 montium
1787 5149 2127 5205 recondide-

499 5243 659 5297 runt.
692 5244 775 5295 Ac
802 5235 965 5293 velut
996 5251 1066 5290 ne
1097 5233 1218 5289 illic
1253 5233 1489 5305 quidem
1519 5249 1580 5289 se
1598 5241 1752 5291 tutos
1770 5235 2129 5309 rati,legatis

500 5331 702 5388 missis
735 5326 981 5400 captivis
1027 5323 1292 5391 redditis,
1325 5339 1522 5395 pacem
1559 5325 1838 5393 fecerunt,
1872 5324 1929 5381 in
1969 5312 2130 5381 lucro

506 5423 791 5493 ponentes
839 5415 990 5487 quod
1044 5411 1189 5469 salvi
1222 5418 1616 5483 superessent.
1648 5414 1905 5469 Joannes
1939 5419 2131 5472 autem

507 5509 815 5581 quieturos
845 5506 1004 5576 ipsos
1032 5502 1090 5557 in
1121 5505 1420 5574 posterum
1453 5506 1610 5557 certo
1641 5501 1987 5570 conﬁdebat,
2018 5518 2133 5557 non

511 5597 790 5670 quoniam
806 5593 1113 5666 promissis
1130 5592 1391 5664 ipsorum
1414 5592 1667 5648 multum
1686 5592 1819 5647 ﬁdei
1834 5591 2132 5657 tribueret,

513 5688 616 5744 sed
664 5685 804 5760 quia
850 5683 962 5743 sibi
1007 5680 1277 5740 conscius
1325 5686 1382 5739 et
1408 5682 1619 5740 virium
1647 5690 1703 5740 el.
1731 5681 1911 5739 animi
1934 5682 2005 5739 ad
2037 5698 2137 5740 eos

2226 4685 2610 4775 nes,itemque
2640 4697 3059 4772 Paphlagonia;
3094 4694 3263 4765 cujus
3282 4690 3362 4746 rei
3382 4703 3562 4745 causa
3576 4685 3700 4739 haec
3719 4687 3861 4738 erat.

2226 4796 2548 4865 Imperator
2569 4791 2646 4846 iis
2676 4771 2802 4861 quae
2822 4785 3193 4860 superiorum
3213 4776 3552 4853 principum
3572 4771 3868 4845 parcimo-

2230 4861 2334 4939 nia
2383 4882 2755 4953 congesserat
2809 4872 3172 4945 consumptis
3201 4870 3263 4924 in
3318 4870 3405 4923 tot
3429 4861 3773 4935 largitiones
3804 4871 3868 4911 ac

2233 4952 2816 5027 donativaﬁambitosa
2846 4968 3241 5036 praetereaque
3263 4958 3322 5012 in
3347 4952 3605 5027 pretiosa
3622 4960 3869 5036 munera

2237 5057 2602 5132 principibus
2634 5058 2735 5110 aut
2763 5030 2973 5108 exteris
3005 5048 3281 5123 gentibus
3311 5042 3516 5104 missa,
3540 5037 3764 5109 quibus
3787 5030 3872 5088 illi

2238 5129 2308 5208 ad
2364 5151 2560 5206 federa
2614 5152 2671 5203 et
2703 5144 3012 5202 societates
3072 5139 3469 5202 allicerentur,
3521 5129 3873 5186 exhaustum

2237 5240 2507 5297 aerarium
2556 5233 2832 5308 supplere
2871 5231 3073 5289 crebro
3129 5227 3330 5283 missis
3379 5238 3483 5295 per
3512 5229 3878 5308 omnespro:

2240 5328 2463 5385 vincies
2511 5301 2950 5398 qui-pecunias
3006 5316 3367 5388 colligerent,
3417 5301 3877 5398 curabat.

2241 5433 2410 5489 porro
2457 5386 2577 5470 scio
2638 5386 2710 5466 an
2764 5424 2905 5465 vera
2952 5405 3053 5462 illa
3104 5386 3279 5459 fu—erit
3309 5392 3629 5456 exinanitio
3660 5386 3879 5488 publici

2239 5476 2606 5569 thesauri,an
2640 5517 2754 5557 non
2787 5496 3166 5570 potius,quod
3203 5491 3441 5564 quidam
3463 5476 3877 5570 introspicien-

2243 5598 2332 5652 tes
2380 5591 2635 5667 penitius
2674 5562 3260 5647 submurmurabant,
3291 5575 3609 5667 imperator
3628 5583 3705 5665 eo.
3730 5562 3875 5667 falso

2242 5651 2521 5756 praetextu
2555 5682 2952 5744 obtento,vere
2969 5678 3234 5731 metuens
3259 5684 3330 5726 ne
3345 5651 3869 5741 propterinvidiam
