4162 6292
356 389 466 446 665
1426 394 1514 446 ΒΕ
1551 391 1921 448 MICHAELE
1957 389 2396 445 PALEOLOGO
2432 392 2567 443 LIB.
2609 391 2681 444 II.
3669 383 3776 438 666

358 516 588 589 φῶντες.
640 510 859 581 Ταύτης
916 516 1043 588 γοῦν
1095 513 1195 581 τῆς
1254 510 1428 575 αἶ’τίας
1456 514 1491 582 ἢ
1541 512 1703 578 οῧσης
1732 513 1765 581 ἢ
1794 513 1884 566 καὶ
1918 509 2007 566 δο-
2041 516 2094 579 Α
2124 510 2174 563 οἱ
2204 516 2319 570 ταῖς
2352 508 2537 585 ἄκραις
2586 512 3046 585 προσκαθήμενοι,
3098 512 3179 580 τῷ
3206 530 3264 562 τε
3294 509 3528 580 πάσχειν
3564 503 3770 568 ἐνθένδε

358 600 567 669 κούσης
604 597 757 653 ἑνεκα
791 620 1017 674 συχναις
1065 601 1398 676 ἀναγραφαῖς
1440 601 1533 662 τὰς
1584 601 1769 675 χώρας
1817 598 2013 686 ἐκαλαῖ
2122 599 2318 668 καὶτῷ
2361 596 2599 666 ἐλπίζειν
2658 597 2853 652 ἐκεῖθεν
2908 598 2973 651 τὰ
3030 595 3231 668 λῴονα,
3283 596 3327 649 εί
3376 596 3538 667 μόνον
3597 614 3770 664 προσ-

366 694 525 760 μᾶτο.
577 689 918 743 Ἐνεπίστευε
980 686 1037 742 δὲ
1091 689 1184 750 τὰς
1241 690 1494 751 τοιαύτας
1552 688 1868 761 οἷκονομίας
1924 682 2013 740 καἰ
2125 691 2355 760 χωροῖεν
2407 686 2639 757 ἑκόντες,
2689 691 3034 761 προσχωρεῖν
3076 683 3307 761 ἔγνωσαν
3358 682 3446 737 καὶ
3499 682 3766 753 ὁσημέραι

363 776 637 848 ἐξισώσεις
697 774 950 851 ἀνδράσιν
1020 776 1195 831 οὐδέσι
1232 822 1244 846 ,
1336 776 1584 851 μεγάλων
1646 776 1733 831 ἐπὶ
1802 776 2013 835 τούτοις
2122 776 2500 848 προσετίθεντο
2554 780 2805 849 Ηέρσαις.
2867 776 3043 831 Τούτο
3095 778 3221 848 γοῦν
3284 772 3365 826 ἐπ’
3423 771 3520 825 οὐκ
3580 770 3763 844 ὀλίγον

362 866 699 939 τεταγμένων
760 866 822 919 τὸ
898 866 1183 941 πρότερον
1272 871 1480 940 Καῖσπρ
1567 867 1668 939 γαρ
1742 863 2015 935 Ῥωμανὸς
2123 864 2426 936 γενόμενον,
2487 864 2678 935 σῦναμ¹
2738 864 2959 926 ἐκείνοις
3017 864 3068 917 οἱ
3126 864 3321 934 Πέρσαι
3376 858 3602 933 ὁδηγοῖς
3653 864 3765 930 ’ἅμα

362 953 453 1007 καὶ
491 955 661 1028 μέγας
690 950 1013 1025 δομέστικος
1056 955 1083 1007 ὁ
1126 958 1221 1007 τοῦ
1278 952 1545 1028 βασιλέως
1600 954 1780 1026 πατὴρ
1829 953 2010 1023 ἐξισω-
2120 951 2211 1005 καὶ
2266 954 2583 1025 συμμάχοις
2628 953 2908 1026 χρώμενοι
2953 950 3303 1026 καταθαρρεῖν
3337 950 3488 1022 εἶχον
3533 952 3639 1001 τῶν
3677 945 3769 1000 λε-

362 1041 451 1095 ταὶ
528 1042 665 1095 κατὰ
735 1038 1091 1115 Σκάμανδρον
1169 1042 1322 1108 ἦσαν.
1384 1041 1534 1109 Πλὴν
1606 1036 2009 1114 ἐχρυσολὸγουν
2122 1039 2430 1111 λειμμένων
2468 1084 2479 1094 .
2541 1040 2635 1094 Καὶ
2689 1045 2906 1108 πρῶτον
2990 1041 3081 1112 μὲν
3142 1037 3409 1111 ἐκδρομὰς
3485 1040 3767 1094 ποιοῦντες

365 1127 605 1192 ἐντεῦθεν
639 1129 727 1183 καὶ
769 1135 847 1200 τῷ
902 1135 1070 1201 κοινῷ
1128 1130 1361 1201 ταμιείῳ
1418 1129 1694 1204 προσῆγον
1748 1129 1814 1182 τὰ
1870 1129 2014 1201 χρή-
2120 1127 2366 1191 κατέθεον
2426 1131 2523 1197 τὴν
2580 1136 2680 1202 γῆν
2738 1128 2990 1197 ἐκείνων,
3049 1129 3135 1182 καὶ
3196 1125 3538 1185 σκυλεόοντες
3593 1120 3766 1195 (οὐδὲ

370 1237 533 1288 ματα.
567 1220 736 1272 Τοῦτο
788 1212 996 1288 συμϐὰν
1052 1216 1142 1270 καὶ
1198 1222 1315 1278 τοῖς
1372 1213 1689 1289 Παφλαγόσι
1746 1216 1836 1270 καὶ
1894 1220 2011 1275 τοῖς
2118 1216 2217 1290 γὰρ
2276 1216 2532 1292 ἐθάρρουν
2598 1216 2797 1289 μένειν)
2854 1218 3181 1293 ὑπεστρεφον
3220 1235 3231 1247 ·
3296 1215 3408 1269 εἶτα
3482 1217 3590 1267 τῶν
3669 1212 3761 1283 μὶν

363 1305 714 1377 προσωτέρω,
767 1305 1247 1378 ἠιογυρολογοῦντο
1304 1308 1383 1375 τῷ
1441 1304 1629 1378 χρόνῳ
1690 1303 2008 1374 κάμνοντες.
2122 1304 2593 1377 ὑποκλινομένων,
2626 1310 2730 1359 τῶν
2794 1304 2849 1360 δέ
2878 1307 2965 1359 καὶ
3028 1304 3461 1377 ἀποικιζομένων
3520 1299 3627 1355 δέει
3681 1304 3762 1371 τῷ

361 1394 484 1448 Τῶν
521 1392 615 1463 μὲν
656 1389 938 1465 χρεῖωδῶν
999 1393 1087 1445 καὶ
1142 1413 1201 1466 γε
1258 1391 1378 1445 λίαν
1440 1394 1587 1465 εἶχον
1642 1391 1887 1462 εὐπόρως
1920 1388 2009 1443 δι·
2118 1394 2241 1466 περί
2293 1398 2390 1447 τοῦ
2436 1399 2554 1464 ζῆν,
2606 1394 2847 1469 εὐχερεῖν
2888 1393 2945 1448 ἐκ
2981 1398 3075 1448 τοῦ
3108 1394 3272 1468 ῥᾷστα
3330 1396 3443 1452 τοῖς
3502 1389 3762 1449 ἐναντίοις

361 1477 559 1548 δούσης
613 1487 712 1547 τῆς
769 1486 891 1554 γῆς,
950 1482 1305 1551 νομισμάτων
1339 1479 1395 1534 δὲ
1424 1484 1701 1555 πενιχρῶς
1738 1481 1885 1553 εἶχον
1937 1480 2011 1541 ὡς
2116 1480 2325 1547 ἧν,καὶ
2376 1482 2740 1557 κατασχόντες
2768 1485 2864 1551 τὴν
2929 1484 3112 1557 χώραν
3175 1481 3335 1536 κακὸν
3396 1480 3530 1547 ἦσαν
3586 1476 3761 1551 γειτό-

358 1568 570 1622 πάντων
628 1570 1010 1644 γεωργούντων
1058 1573 1124 1624 τὰ
1177 1571 1455 1646 ἀναγκαῖα.
1518 1569 2008 1647 Κεφαλαιουμένων
2115 1588 2265 1639 νημα
2292 1575 2409 1633 τοῖς
2439 1570 2696 1639 πλησίον.
2739 1575 2831 1641 Τῷ
2866 1570 3048 1641 μέντοι
3095 1590 3153 1642 γε
3190 1567 3404 1643 βασιλεῖ
3461 1564 3612 1635 δόξαν
3649 1566 3765 1617 ἁνα-

354 1661 483 1730 γοῦν
516 1662 623 1711 τῶν
650 1657 824 1712 τελῶν
858 1658 943 1712 ἐπὶ
975 1660 1274 1731 νομίσμασι
1320 1659 1549 1733 χρυσίου
1598 1660 1685 1713 καὶ
1728 1659 2006 1733 ἀργυρίου,
2114 1657 2347 1726 κλητέον
2395 1658 2594 1715 ἐκείνθν
2649 1661 2803 1732 εἶναι,
2862 1661 2950 1715 ’ὀτε
3003 1658 3068 1726 δὴ
3127 1658 3216 1712 καὶ
3260 1656 3504 1726 θελήσοι,
3557 1655 3628 1716 ὡς
3674 1643 3761 1706 ἐπὶ

356 1742 602 1807 διδόντες
647 1747 709 1800 τὸ
758 1747 906 1809 τεθὲν
956 1746 1006 1816 ἐξ
1054 1746 1287 1821 ἀνάγκης
1332 1746 1716 1821 ἐξηποροῦντο.
1761 1749 1926 1803 Ἦσαν
1962 1740 2007 1799 δ’
2115 1744 2275 1817 θύρας
2315 1768 2493 1819 οῃσαν,
2528 1748 2587 1801 οὐ
2624 1748 2790 1819 μέλον
2848 1749 2936 1815 ἦν,
2991 1745 3137 1801 ἀλλά
3165 1746 3298 1821 πρὸς
3351 1749 3466 1803 τοῖς
3526 1740 3762 1800 δευτικοῖς

354 1830 543 1894 ἄλλως
571 1836 657 1888 καὶ
688 1834 966 1908 στρατείας
987 1833 1137 1889 οὐδὲν
1163 1833 1383 1896 εἶδότες.
1415 1838 1599 1908 Ὅμως
1633 1834 1815 1899 ἔθνους
1848 1834 2005 1913 φιλο·
2042 1868 2085 1930 Β
2115 1840 2284 1887 πᾶσαν
2314 1836 2429 1908 εἶχε
2473 1836 2569 1902 τὴν
2630 1833 2919 1909 ἀγχολίαν,
2951 1836 3016 1888 τὰ
3072 1834 3122 1887 ἐν
3176 1833 3302 1887 ποσὶ
3360 1830 3762 1901 καταπροῖέμε-

354 1918 581 1995 κερδοῦς
612 1922 877 1996 πονηρίαν
911 1921 1096 1977 πολλᾶ
1125 1923 1182 1976 ἂν
1216 1924 1380 1995 κάμοι
1411 1945 1493 1987 τις
1525 1922 1773 1997 διορθοῦν
1806 1923 2001 1990 θέλων,
2042 1918 2083 1930 υ
2112 1942 2224 1982 νος.
2267 1920 2441 1984 Εἷ¹ωθε
2490 1924 2592 1996 γὰρ
2651 1924 2732 1977 ἀεὶ
2775 1924 2836 1977 τὸ
2895 1924 2989 1994 μὲν
3017 1922 3111 1976 ἀνὰ
3170 1926 3359 1995 χεῖρας
3411 1921 3758 1995 καταφρονεῖ-

356 2008 520 2062 εἶκαὶ
556 2011 632 2080 μὴ
692 2010 919 2085 πάσχοι.
955 2009 1001 2064 εἰ
1033 2008 1089 2063 δὲ
1120 2012 1342 2085 πάσχει,
1376 2013 1475 2065 οὑκ
1523 2010 1663 2065 ἔστιν
1715 2013 1862 2073 ὅπως
1926 2013 2001 2083 μή
2116 2013 2236 2064 σθαι
2286 2008 2372 2064 διὰ
2417 2012 2479 2065 τὸ
2540 2013 2780 2081 σύνηθες,
2842 2017 3113 2081 ζητεῖσθαι
3173 2007 3230 2064 δέ
3286 2030 3343 2082 γε
3384 2008 3445 2061 τὸ
3494 2007 3569 2079 μή
3628 2026 3757 2079 κρα-

359 2097 646 2170 ἆπρακτεῖν
678 2102 849 2153 πᾶσαν
884 2098 1142 2155 ἐπίνοιαν.
1174 2100 1404 2154 Ἐκεῖνοι
1433 2102 1634 2173 τοίνυν,
1667 2102 1755 2155 καὶ
1791 2100 2001 2173 μᾶλλον
2113 2098 2373 2171 τοῦμενον
2407 2100 2481 2163 ὡς
2523 2097 2706 2170 θέλξον
2757 2098 2865 2169 ἤδη
2918 2100 2968 2169 ἐξ
3016 2099 3316 2169 ἀσυνήθους
3366 2094 3753 2172 προσγεγονός-

361 2261 629 2315 excacati
659 2261 900 2317 Joannis
931 2266 986 2317 et
1005 2262 1143 2319 inde
1180 2267 1441 2319 secutam
1475 2281 1507 2317 a
1542 2262 1867 2335 patriarcha
1908 2278 2003 2317 ex-
2114 2266 2264 2317 certe
2283 2264 2870 2334 quandoexacerbata
2892 2263 3125 2318 damnis
3147 2262 3498 2332 acribusque
3522 2257 3753 2329 injuriis

361 2349 951 2405 communicationem
1026 2352 1335 2422 provincire
1397 2352 1766 2415 rebellarent,
1828 2352 2004 2405 rebus
2114 2352 2182 2405 ad
2209 2353 2675 2422 desperationem
2709 2352 2946 2408 efferata
2977 2351 3168 2416 fuerit,
3204 2352 3420 2405 frustra
3441 2346 3748 2420 quantavis

361 2438 508 2490 tunc
534 2438 657 2491 suis
688 2438 828 2493 utile
857 2441 1146 2509 putaverit
1174 2441 1427 2511 spoliare
1450 2440 1717 2495 subditos
1740 2443 1795 2494 et
1819 2439 2002 2493 facul-
2114 2442 2489 2498 adhibebitur
2532 2444 2821 2499 industria
2867 2445 2936 2498 ad
2990 2444 3144 2498 illam
3182 2443 3239 2497 in
3273 2443 3384 2498 ﬁde
3442 2441 3750 2511 ofﬁcioque

368 2524 593 2580 tatibus
628 2524 950 2596 privare,ne
977 2528 1045 2582 ad
1074 2533 1274 2584 contra
1301 2545 1362 2583 se
1397 2530 1825 2599 insurgendum
1854 2528 2006 2581 vires
2114 2530 2544 2586 continendam.
2569 2531 2751 2602 Igitur
2772 2530 2876 2598 illi,
2902 2530 3186 2602 praecipue
3216 2546 3346 2585 vero
3378 2546 3624 2600 quorum
3654 2545 3747 2582 ar-

370 2612 679 2668 haberent.
714 2614 786 2669 Ut
820 2632 1051 2685 cunque
1082 2616 1181 2679 sit,
1206 2634 1273 2671 ea
1301 2621 1442 2671 tunc
1468 2618 1557 2671 vel
1590 2634 1722 2671 vera
1752 2616 1837 2671 vel
1873 2617 2007 2670 ficta
2115 2618 2281 2673 cibus
2343 2619 2563 2674 Persico
2594 2620 2860 2691 praesidio
2918 2618 3163 2674 insessis
3215 2617 3523 2673 viciniores
3581 2616 3746 2670 sedes

370 2721 551 2760 causa
583 2707 852 2776 egestatis
884 2708 1097 2775 ararii,
1134 2708 1354 2762 crebris
1385 2708 1703 2779 imperator
1732 2708 2006 2763 censibus
2115 2711 2299 2771 erant,
2333 2709 2487 2777 quod
2529 2726 2561 2763 a
2588 2709 2805 2763 nostris
2837 2708 3067 2779 quidem
3120 2707 3338 2763 atrocia
3391 2710 3745 2778 paterentur,

375 2810 441 2849 ac
491 2794 983 2865 descriptionibus
1043 2813 1143 2866 per
1191 2796 1494 2851 ministros
1536 2812 2006 2867 quoquoversum
2116 2795 2185 2847 ab
2219 2794 2485 2850 hostibus
2518 2813 2649 2851 vero
2693 2797 3090 2851 commodiora
3121 2802 3439 2867 sperarent,
3474 2794 3749 2865 pollicen—

380 2881 658 2937 dimissos
688 2898 857 2938 avare
889 2899 953 2937 ac
985 2884 1271 2954 rapaciter
1301 2884 1562 2940 exercitis
1591 2885 1741 2940 222
1775 2884 2007 2956 spicile-
2116 2882 2272 2937 tibus
2302 2883 2570 2939 videlicet
2599 2884 2717 2939 illis
2748 2890 2825 2951 et,
2859 2884 2908 2939 si
2948 2886 3099 2940 ultro
3150 2901 3211 2939 se
3259 2885 3559 2948 dederent,
3612 2881 3749 2935 mite

374 2969 470 3040 gia
505 2969 806 3040 regionum
843 2971 1161 3037 factitabat,
1197 2977 1367 3027 utens
1400 2973 1468 3027 ad
1501 2972 1557 3027 id
1592 2989 1767 3042 opera
1819 2972 2007 3026 bomi-
2114 2969 2425 3041 imperium
2459 2974 2904 3042 spondentibus,
2951 2973 3196 3028 deficere
3217 2974 3287 3027 ad
3321 2972 3523 3027 Persas
3556 2972 3751 3024 decre-

373 3075 517 3112 num
546 3058 733 3127 nihili,
768 3075 902 3113 cum
932 3062 1101 3114 antea
1161 3060 1563 3130 hujuscemodi
1620 3061 1823 3116 lustris
1873 3078 2007 3115 con-
2046 3117 2081 3132 η
2115 3066 2342 3127 verunt,
2378 3062 2710 3131 ﬁebantque
2741 3061 2988 3115 aliorum
3034 3066 3163 3132 post
3207 3060 3352 3115 alios
3401 3059 3749 3129 quotidiana:

369 3147 579 3200 dendis
610 3117 1142 3217 coll'ationibusque
1192 3117 1491 3219 egigendis
1522 3149 1867 3220 populorum
1904 3166 2008 3203 no-
2041 3117 2082 3182 C
2117 3117 2492 3202 transitiones
2515 3149 2583 3203 ad
2602 3117 3066 3219 benigniores,u.t
3089 3117 3551 3218 putabant,é23
3572 3145 3753 3199 domi-

373 3233 650 3289 bilissimi
685 3235 902 3305 quique
952 3236 1164 3305 pratici
1186 3235 1339 3291 soliti
1365 3243 1565 3290 essent
1608 3252 1620 3288 :
1666 3253 1799 3290 nam
1823 3240 2013 3291 Caesar
2113 3252 2239 3290 nos.
2259 3237 2418 3301 Quod
2443 3236 2629 3307 primo
2656 3255 2687 3290 a
2709 3237 2961 3309 singulis
2984 3242 3297 3303 tentatum,
3324 3240 3379 3291 et
3400 3235 3498 3290 ubi
3522 3251 3751 3289 succes-

367 3319 670 3377 Romanus
702 3326 760 3377 et
790 3339 1041 3392 magnus
1087 3323 1831 3394 domesticusimperatoris
1854 3327 2013 3393 pater
2114 3340 2213 3378 sus
2243 3324 2483 3393 impune
2531 3325 2656 3379 fieri
2701 3326 2984 3395 probavit,
3035 3324 3427 3379 crebrioribus
3475 3322 3755 3391 exemplis

374 3425 656 3463 censuras
677 3409 845 3464 istius
867 3410 1097 3481 generis
1125 3428 1225 3480 per
1246 3410 1510 3481 regiones
1541 3410 1690 3465 circa
1734 3412 2012 3466 Scaman-
2118 3412 2573 3480 frequentatum,
2595 3413 2961 3484 irreparabili
2987 3415 3229 3484 jactura
3254 3412 3557 3483 provincia
3579 3411 3757 3465 totius

371 3498 541 3552 drum
578 3498 723 3552 sitas
754 3503 1075 3569 gesserant.
1118 3499 1184 3553 Hi
1236 3516 1403 3568 porro
1434 3499 1706 3554 vilissimi
1758 3500 2013 3554 ministri
2118 3499 2479 3553 occasionem
2506 3500 2687 3568 dedit,
2721 3502 3013 3571 siquidem
3047 3501 3230 3555 Persa
3263 3500 3354 3554 his
3386 3501 3482 3570 qui
3514 3501 3583 3553 ad
3615 3515 3750 3568 par-

382 3601 585 3640 aurum
616 3587 1158 3643 immisericorditer
1179 3592 1463 3642 extortum
1500 3589 1758 3658 undique
1790 3589 1849 3643 in
1872 3605 2011 3643 ara-
2116 3593 2203 3643 tes
2228 3589 2486 3659 ipsorum
2512 3591 2864 3646 transierant
2894 3591 3143 3645 ducibus
3166 3595 3223 3645 et
3246 3590 3613 3661 adiutoribus
3637 3590 3750 3659 usi,

393 3673 544 3729 rium
579 3675 989 3746 congerebant.
1016 3676 1272 3740 Quicum
1305 3676 1532 3730 obirent
1562 3676 2014 3747 Paphlagoniam
2119 3676 2473 3747 paucitatem
2505 3693 2707 3732 eorum
2741 3679 2839 3749 qui
2873 3684 3207 3734 constantes
3255 3679 3314 3732 in
3363 3678 3476 3732 fide
3505 3676 3754 3746 impera-

373 3765 432 3816 et
489 3761 797 3817 ulteriores
848 3763 1114 3833 regiones
1163 3763 1427 3834 pecuniis
1459 3764 1660 3818 acerbe
1709 3765 2016 3819 corraden-
2119 3764 2227 3819 tori
2252 3766 2451 3835 jurata
2486 3766 2821 3836 perstabant
2849 3771 3305 3833 contemnentes,
3340 3770 3522 3820 terras
3549 3780 3750 3817 eorum

374 3849 487 3919 dis,
522 3867 587 3905 eo
622 3850 808 3922 magis
854 3851 1226 3906 oﬂ'endebant
1258 3850 1386 3905 illos
1439 3851 1703 3921 populos,
1739 3853 1891 3921 quod
1923 3869 2015 3907 ve-
2117 3853 2336 3907 crebris
2368 3852 3096 3910 infestareincursionibus
3122 3858 3450 3925 caperant;
3484 3852 3752 3922 equibus

374 3939 669 3993 xationem
690 3955 790 4009 per
812 3955 871 3993 se
901 3939 1163 3994 odiosam
1189 3938 1675 4007 intempestivitas
1706 3944 1842 3994 tunc
1867 3956 2020 4010 qua-
2117 3942 2313 3996 onusti
2345 3943 2560 4012 prada,
2588 3941 2853 4013 spoliatis
2884 3942 3129 3996 subinde
3183 3942 3434 4005 miseris,
3486 3940 3753 3995 redibant

382 4026 519 4081 dam
548 4028 919 4098 aggravabat.
951 4027 1336 4099 Agricultura
1357 4026 2014 4098 gentesillaplusquam
2118 4029 2379 4093 domum,
2412 4032 2673 4084 nondum
2704 4030 2783 4084 ibi
2816 4031 2943 4085 ausi
2974 4030 3295 4097 considere,
3327 4030 3517 4099 quoad
3549 4027 3751 4081 multis

386 4115 787 4170 mercimoniis
842 4116 1069 4184 dedita,
1104 4116 1280 4171 rebus
1323 4115 1393 4169 ad
1426 4115 1643 4169 victum
1686 4131 1831 4185 quas
1862 4120 2017 4170 terra
2119 4116 2366 4171 istorum
2439 4118 2794 4188 experientia
2853 4118 3137 4173 malorum
3196 4116 3617 4173 inclinantibus
3675 4118 3747 4170 ad

381 4203 568 4274 gignit
602 4204 1001 4268 abundabant,
1038 4204 1280 4275 signata
1310 4203 1565 4274 pecunia
1596 4220 1802 4275 parum
1834 4204 2015 4258 habe-
2118 4208 2347 4268 Persas,
2381 4204 2583 4260 multis
2641 4206 2982 4276 quotidiana
3035 4206 3160 4260 vita
3222 4203 3478 4276 pericula
3527 4205 3664 4275 fuga
3694 4210 3751 4259 et

379 4290 542 4345 bant.
577 4293 761 4356 Quare
790 4290 937 4362 ipsis
969 4295 1091 4345 erat
1120 4292 1461 4362 perdifficile
1504 4308 1710 4346 aureos
1750 4296 2014 4363 argente-
2117 4291 2442 4346 voluntario
2462 4292 2661 4348 exsilio
2682 4293 3384 4361 redimentibus,subactu
3402 4293 3524 4362 jam
3550 4292 3747 4347 faciles

376 4396 559 4449 osque
591 4396 889 4445 nummos,
941 4379 1039 4449 qui
1091 4379 1324 4451 singula
1356 4380 1413 4433 in
1455 4381 1644 4451 capita
1675 4380 2012 4435 indiceban-
2118 4380 2304 4435 Persa
2340 4381 2601 4451 regiones
2625 4398 2741 4435 sua
2765 4382 2971 4436 ditioni
2997 4382 3372 4451 subjunxere,
3400 4380 3645 4449 fixisque
3672 4379 3749 4434 ibi

374 4471 492 4533 tur,
526 4484 872 4532 numerare;
906 4475 961 4522 et
992 4484 1054 4522 se
1084 4469 1152 4522 ad
1177 4469 1331 4538 quod
1365 4485 1478 4523 non
1513 4476 1751 4539 possent
1782 4469 2011 4523 damnis
2047 4459 2088 4523 D
2120 4468 2427 4523 domiciliis
2459 4470 2673 4523 malam
2728 4470 2993 4523 finitimis
3048 4468 3319 4523 viciniam
3376 4470 3749 4539 prastabant,

374 4572 441 4611 ac
470 4556 959 4627 prehensionibus
1007 4554 1134 4626 cogi
1174 4555 1585 4627 indignissime
1612 4555 1834 4611 scilicet
1863 4558 2012 4611 fere-
2119 4557 2463 4613 infestantes
2487 4556 2946 4612 eoslatrociniis.
2980 4557 3106 4610 Hac
3148 4556 3391 4611 audiens
3436 4556 3753 4627 imperator

372 4646 532 4709 bant,
564 4643 883 4715 prasertim
919 4644 1196 4714 quoniam
1230 4644 1362 4698 inde
1389 4645 1742 4715 sequebatur
1772 4649 1892 4699 toto
1924 4645 2009 4715 ip-
2119 4662 2185 4700 eo
2216 4662 2484 4700 accurere
2516 4644 2788 4715 neglexit,
2832 4644 3177 4699 existimans
3225 4662 3284 4699 se
3336 4648 3479 4699 istas
3523 4645 3749 4715 provin-

372 4749 471 4788 sos
504 4732 779 4804 deinceps
832 4749 984 4787 anno
1047 4732 1390 4787 necessariis
1450 4748 1640 4803 egere,
1699 4736 2009 4804 postquam
2116 4733 2257 4801 cias,
2299 4734 2528 4803 quippe
2560 4733 2617 4785 in
2662 4731 2990 4803 propinquo
3050 4732 3218 4799 sitas,
3272 4738 3751 4803 recuperaturum

372 4837 597 4877 messes
630 4826 687 4876 et
716 4821 1064 4887 vindemias,
1100 4827 1162 4875 ut
1193 4836 1456 4876 summas
1481 4820 1727 4875 indictas
1748 4838 2011 4892 quoquo-
2120 4823 2587 4892 quandocunque
2625 4819 3042 4885 foretlibitum,
3067 4825 3121 4873 et
3142 4824 3283 4875 tunc
3313 4820 3371 4873 in
3405 4838 3495 4875 res
3518 4819 3752 4876 Occidui

371 4912 543 4965 modo
576 4911 948 4975 conﬁcerent,
984 4908 1171 4964 alieno
1203 4914 1465 4980 tempore
1517 4908 1616 4963 vili
1672 4910 1854 4980 pretio
1887 4910 2009 4963 dis-
2117 4915 2341 4963 tractus
2365 4924 2467 4978 spe
2497 4924 2562 4961 ac
2586 4908 2904 4978 cupiditate
2929 4912 3085 4962 totus
3122 4908 3458 4975 imminens,
3480 4909 3537 4963 in
3569 4925 3751 4979 eaque

368 4997 605 5053 trahere
662 5003 814 5053 totas
869 5002 1204 5052 exactorum
1282 4996 1660 5052 inclementia
1723 4997 2010 5067 compulsi
2119 5015 2235 5052 una
2263 4997 2479 5051 deiixas
2507 5013 2646 5051 cura
2669 4996 3051 5067 cogitationes
3075 4996 3318 5065 habens,
3345 5014 3503 5052 more
3532 4997 3748 5068 ingenii

370 5087 624 5140 fuerant.
658 5085 897 5140 Nullum
930 5084 1166 5155 quidem
1199 5085 1317 5139 fere
1349 5084 1612 5154 plerique
1662 5083 1895 5138 illorum
1930 5084 2012 5139 rei
2118 5084 2382 5151 humani,
2410 5083 2775 5155 plerumque,
2809 5085 2949 5137 dum
2984 5083 3171 5137 inhiat
3201 5083 3556 5155 longinquis,
3589 5085 3755 5138 amit-

371 5172 592 5228 bellica
626 5190 801 5227 usum
834 5172 1148 5242 habebant,
1174 5177 1237 5225 ut
1260 5171 1497 5226 rebellio
1519 5172 1718 5227 minus
1750 5172 2013 5226 timenda
2117 5174 2294 5227 tentis
2341 5189 2534 5228 coram
2586 5173 2796 5243 posita,
2827 5177 2883 5226 et
2914 5171 3272 5242 voluptatem
3307 5190 3374 5226 ex
3416 5172 3746 5227 absentium

372 5260 689 5316 videretur.
745 5260 960 5315 Tamen
1020 5259 1210 5331 gentis
1273 5257 1421 5314 lucri
1475 5259 1717 5331 cupida,
1777 5259 2010 5314 etiamsi
2119 5261 2502 5332 acquisitione
2545 5264 2857 5331 speratam,
2892 5261 3046 5329 quod
3096 5260 3331 5314 insolita
3363 5260 3439 5313 sit
3467 5260 3746 5329 potiorem

376 5348 543 5403 nulla
597 5350 925 5403 extorsione
957 5347 1212 5417 irritata,
1247 5364 1347 5419 per
1378 5365 1438 5403 se
1471 5364 1708 5419 pronam
1758 5348 1824 5401 ad
1856 5363 2009 5418 qua-
2117 5349 2452 5406 arbitrantis
2485 5349 2671 5403 fructu
2723 5353 2956 5419 propter
2988 5349 3305 5419 quamdam
3349 5348 3748 5403 assuetudinis

367 5443 638 5496 stuosum
672 5439 996 5509 perjurium
1030 5438 1283 5493 indolem
1317 5455 1446 5493 cum
1486 5455 1717 5509 semper
1761 5454 2011 5510 magnus
2117 5454 2397 5495 nauseam
2433 5437 2627 5493 minus
2650 5437 2931 5509 jucunde,
2966 5436 3064 5508 qui
3096 5452 3164 5490 ex
3204 5437 3573 5506 prasentium
3607 5436 3745 5492 olim

366 5528 537 5584 labor
566 5528 646 5583 sit
689 5528 761 5582 ab
803 5526 929 5582 utili
987 5525 1111 5581 visa
1168 5526 1493 5582 defectione
1558 5526 1848 5596 cohibere,
1881 5531 2007 5583 tum
2117 5543 2520 5600 possessorum
2554 5531 2829 5582 consueto
2858 5524 3121 5595 amplexu
3162 5522 3497 5595 percipitur.
