4158 6280
416 427 522 481 667

1706 444 2001 497 GEORGII
2042 446 2501 501 PACHYMERE

3702 446 3815 501 668

419 549 527 623 κγ’,
560 549 642 637 Τά
700 553 825 638 περὶ
861 557 979 642 A106
1036 557 1292 642 φανέντος
1346 562 1601 642 πομήτρυ
1635 563 1717 642 ⁵ἐκ
1776 561 1948 642 eopse
1976 562 2066 617 ἐπῖ
2094 567 2147 633 Α
2178 566 2299 639 περῖ
2330 572 2425 621 τοῦ
2470 569 2834 642 πατριάρχου.
2889 568 3037 623 Έκτῖ
3085 567 3185 642 γὰρ
3232 566 3321 622 καὶ
3368 587 3504 621 τισιν
3551 566 3816 621 ἐκινοῦντο

495 622 629 708 μησὶ
684 622 799 708 τοῖς
847 622 1082 708 θέρους,
1138 631 1256 708 καὶ
1300 638 1397 708 τῆς
1427 622 1435 633 ’
1469 622 1556 708 ἐπὶ
1632 622 1785 688 δύσινΙ
1834 622 2061 708 ἐπέστρα-

486 693 631 819 ⁸’ἰξίας
689 699 783 785 τοῦ
845 693 1139 771 βασιλέως,
1217 702 1317 757 Καὶ
1356 693 1511 778 ’περὶ
1569 711 1667 759 τοῦ
1718 693 2061 783 πατριαὶρῂου

558 785 794 819 ρσενιου.

557 785 675 837 ρσεν
688 787 768 819 ιου
783 809 794 822 .

494 917 555 987 [Ρ
588 918 710 988 449]
752 918 903 973 Οὕτω
958 920 1137 977 τοίνυν
1195 922 1407 978 ἐκείνων
1465 928 1837 999 κακουμένων,
1892 926 2060 999 ἀστὴρ

415 1007 668 1077 κομήτης
724 1006 781 1060 ἐκ
829 1005 1042 1071 δώσεως
1096 1013 1229 1065 κατὰ
1283 1014 1344 1067 τὸ
1403 1013 1622 1069 ἑωθινὸν
1683 1014 1977 1088 ἐξέλαμπεν
2011 1014 2062 1083 ἐξ

415 1094 551 1165 ἦρος
596 1093 647 1155 ἐς
701 1096 1068 1171 φθινόπωρον,
1128 1096 1309 1176 ἐφόϐει
1365 1100 1421 1155 δὲ
1468 1102 1591 1165 τοὺς
1637 1106 1875 1178 ὁρῶντας
1932 1102 2062 1178 πυρὶ

415 1180 619 1235 καπνὸν
674 1184 978 1255 σύμμικτον
1030 1187 1396 1260 ἀποπάλλων,
1448 1190 1520 1254 ὥς
1548 1213 1600 1245 τι
1630 1192 1793 1246 κακὸν
1852 1211 2061 1265 προση-

421 1268 766 1340 μαίνων.Ἥν
796 1272 919 1347 γὰρ,
955 1274 1053 1328 οὐκ
1098 1277 1186 1346 ᾖν,
1233 1278 1572 1354 φαινόμένων
1616 1280 1878 1335 τοιούτων
1928 1278 2061 1350 ἐξαι-

417 1359 547 1410 σίων
579 1361 694 1413 κατ’
745 1362 971 1435 οὐρανὸν
1026 1364 1189 1433 οὕτω,
1225 1368 1298 1436 μὴ
1358 1368 1447 1421 καὶ
1503 1390 1623 1423 τινα
1652 1370 1788 1423 κατὰ
1811 1374 1910 1444 γῆν
1970 1369 2056 1421 καὶ

412 1443 534 1515 ἔθνη
566 1448 707 1521 παρά
757 1450 819 1503 τὸ
877 1464 1101 1519 συνηοες
1154 1454 1412 1527 γίνεσθαι.
1472 1457 1532 1512 Εἰ
1592 1456 1765 1512 δὲκαὶ
1805 1462 1912 1510 τῶν
1967 1477 2061 1509 κο-

419 1539 606 1605 μητῶν
637 1536 736 1589 εἶεν
798 1538 847 1590 οἱ
900 1536 1290 1613 φοϐερώτατοι,
1345 1545 1419 1606 ὡς
1467 1544 1672 1606 ἐλεῖνος
1719 1548 1784 1612 ἦν
1833 1544 1954 1598 τότε
1998 1544 2060 1598 τὸ

412 1623 575 1675 κακὸν
625 1623 904 1698 πρόδηλον
956 1627 1334 1702 ἐλευσόμενον.
1388 1633 1698 1709 Μαρτύριον
1734 1632 1791 1687 δὲ
1836 1638 1932 1687 106
1965 1631 2058 1687 λό-

411 1733 511 1785 γου
544 1712 632 1766 καὶ
663 1713 724 1766 τὸ
774 1713 1095 1789 λεγόμενον,
1148 1744 1173 1769 ι(
1211 1718 1403 1784 Οὐδεὶς
1441 1725 1695 1794 κομήτης
1740 1721 1885 1782 ὅστις
1916 1719 1997 1776 οὕ.
2032 1744 2059 1772 ››

412 1803 748 1875 προστιθεῖσι
803 1805 904 1878 γὰρ
953 1807 1041 1859 καὶ
1089 1808 1151 1861 τὸ
1213 1811 1406 1864 Λοιπὸν
1469 1813 1521 1865 ot
1576 1810 1631 1863 εὖ
1698 1809 1900 1872 εἰδότες
1953 1814 2059 1863 τῶν

410 1889 694 1961 τοιούτων,
722 1892 784 1946 τὸ
822 1914 842 1942 ι
876 1894 1028 1965 φύσει
1076 1896 1262 1967 κακός,
1296 1899 1403 1958 »ὡς
1452 1886 1690 1974 γίνεσθαι
1736 1899 1797 1953 τὸ
1845 1898 2060 1970 σύμπαν

418 1972 636 2047 ίάμϐον.

488 2065 625 2121 Τότε
681 2069 857 2123 τοίνυν
908 2068 1061 2142 δόξαν
1112 2079 1191 2144 τῷ
1246 2071 1460 2149 βασιλεῖ
1514 2079 1619 2128 τῶν
1683 2073 1911 2129 δυτικῶν
1970 2072 2059 2127 καὶ

415 2151 565 2216 αὖθις
595 2158 945 2229 κινουμένων,
991 2161 1063 2221 ὡς
1110 2162 1200 2214 καὶ
1248 2167 1627 2235 παρασπᾶσθαι
1673 2167 1797 2235 παρ’
1844 2158 2058 2215 ἐκείνων

413 2242 479 2296 τὰ
509 2242 735 2315 τούτων,
784 2246 886 2300 οὐκ
933 2247 1120 2324 ὀλίγας
1172 2247 1425 2322 δυνάμεις
1466 2251 1777 2325 συναγαγὼν
1821 2256 1921 2318 τῆς
1971 2248 2058 2302 ἐπὶ

412 2337 510 2399 τῆς
571 2332 963 2404 Θεσσαλονίκης
1018 2338 1260 2406 ἥπτετο,
1324 2339 1399 2400 ὡς
1455 2339 1653 2393 ἐκεῖθεν
1716 2336 2056 2412 συναρτύσων

408 2419 475 2472 τὰ
503 2424 599 2473 106
632 2420 900 2495 πολέμου.
938 2424 1028 2487 Εἲς
1060 2429 1322 2481 Ξάδθειαν
1376 2425 1465 2480 οὖν
1507 2429 1843 2496 καταντήσας
1893 2426 2060 2479 ἐκεῖσε

407 2515 697 2583 κατασχεῖν
747 2508 886 2586 ἔγνω
938 2511 1413 2589 διαχειμεριούσας
1462 2516 1556 2576 τὰς
1609 2516 1899 2584 συντάξεις.
1949 2516 2059 2569 T06

406 2602 599 2669 καιροῦ
655 2604 781 2672 γοῦν
838 2597 1186 2675 τριϐομένου,
1236 2636 1305 2645 -
1365 2606 1717 2677 συνήχθησαν
1769 2604 1867 2678 γὰρ
1924 2602 2059 2676 ἀμφ’

407 2682 607 2737 ἐκεῖνον
653 2687 744 2742 καὶ
791 2692 899 2743 τῶν
952 2690 1224 2766 ἱεραρχῶν
1272 2692 1371 2747 οὐκ
1415 2688 1616 2765 ὀλίγοι,
1659 2692 1747 2746 καὶ
1777 2694 1840 2760 ἦν
1872 2690 2056 2763 σκέψις

384 2995 494 3049 ~23.
530 2998 603 3051 De
630 3004 835 3052 cometa
879 3013 951 3050 ex
996 3005 1150 3064 parte
1198 2996 1407 3053 boreati
1437 3000 1734 3066 apparente
1773 2994 2043 3049 mensibus

474 3069 698 3137 aestivis,
729 3071 777 3123 et
809 3068 1153 3138 expeditione
1186 3069 1543 3137 imperatoris
1576 3070 1633 3120 in
1665 3066 2041 3130 Occidentem;

476 3138 709 3208 denique
740 3140 810 3194 de
838 3141 1063 3193 Arsem'o
1092 3140 1461 3207 partriarcha.

476 3260 597 3315 Illis
632 3262 690 3315 in
723 3260 877 3315 hunc
909 3261 1143 3317 modum
1168 3259 1315 3316 male
1338 3260 1708 3328 habentibus,
1743 3262 2047 3314 cometaex

414 3349 711 3405 occidente
742 3350 798 3403 in
831 3354 1022 3404 ortum
1056 3349 1276 3404 effulsit
1318 3367 1350 3403 a
1402 3366 1528 3406 vere
1560 3365 1747 3419 usque
1776 3349 1845 3403 ad
1876 3352 2045 3402 autu-

407 3453 611 3491 mnum
655 3454 667 3493 ζ

409 3526 647 3581 mistum
685 3526 974 3594 evibrans;
1008 3526 1108 3581 illa
1140 3526 1268 3598 ipsa
1298 3526 1559 3582 horribili
1595 3527 1787 3598 specie
1818 3524 2043 3580 cunctis

409 3615 690 3669 suadente
721 3615 956 3685 aliquod
1003 3614 1224 3670 malum
1262 3616 1372 3670 isto
1405 3616 1568 3685 signo
1616 3614 1905 3686 portendi.
1938 3614 2046 3667 Vix

405 3702 561 3756 enim
590 3701 649 3756 in
682 3702 967 3757 memoria
1000 3704 1158 3757 omni
1192 3703 1447 3774 reperias
1477 3707 1609 3774 post
1648 3703 1789 3757 talia
1819 3705 2049 3756 ostenta

409 3807 512 3860 per
541 3790 744 3845 caelum
776 3790 884 3845 hoc
917 3792 1087 3846 modo
1122 3791 1247 3846 visa
1278 3808 1391 3847 non
1442 3792 1670 3862 aliquas
1702 3807 1803 3861 per
1831 3795 2046 3844 terram

401 3894 468 3931 ac
524 3882 727 3949 gentes
810 3885 1017 3949 praeter
1080 3879 1319 3935 solitum
1380 3879 1734 3935 mutationes
1792 3880 2046 3932 secutas.

406 3965 625 4028 Quodsi
673 3972 1021 4037 apparentes
1051 3974 1288 4023 cometae
1323 3969 1392 4023 de
1422 3983 1632 4039 genere
1677 3965 2050 4038 peculiariter

403 4054 794 4110 terriﬁcorum
829 4056 967 4119 sint,
1001 4056 1190 4126 qualis
1222 4056 1460 4111 omnino
1494 4055 1587 4111 hic
1619 4056 1749 4123 fuit,
1802 4053 2046 4109 manife-

402 4146 561 4196 stum
594 4142 905 4212 augurium
934 4148 1023 4197 est
1053 4143 1354 4198 infortunii
1389 4148 1489 4198 aut
1519 4143 1702 4198 cladis
1731 4141 2047 4196 imminen-

402 4230 505 4297 tis,
536 4230 891 4300 astipulante
944 4231 1169 4301 vulgari
1225 4232 1378 4285 224
1429 4232 1604 4285 dicto.
1658 4230 1925 4287 «Nullus
1956 4247 2049 4284 co-

405 4322 562 4371 meta
594 4318 736 4387 quin
770 4317 865 4384 sit,
900 4337 929 4365 »
962 4317 1056 4372 cui
1085 4318 1369 4372 inchoatae
1403 4317 1703 4373 sententiae
1746 4320 1915 4373 nemo
1946 4335 2045 4388 pe-

409 4404 559 4459 ritus
590 4405 835 4460 audiens
867 4422 982 4460 non
1015 4407 1293 4461 continuo
1326 4406 1605 4477 subjiciat
1638 4406 1785 4460 illud
1818 4408 1887 4461 ad
1936 4406 2045 4460 ab-

406 4491 748 4548 solvendum
782 4493 973 4548 Graece
1020 4493 1317 4549 senarium
1366 4494 1688 4549 iambicum
1720 4494 1997 4548 deﬁciens
2032 4510 2044 4547 :

409 4601 435 4628 ‹‹
469 4580 687 4635 Natura
724 4580 937 4636 malus.
975 4604 1002 4629 »

478 4670 640 4723 Tunc
675 4685 845 4739 porro
884 4670 1077 4725 visum
1129 4670 1493 4741 imperatori,
1541 4669 1779 4725 Occidui
1822 4672 2045 4725 tractus

2178 650 2335 728 λόγοι
2370 657 2505 731 πρὸς
2538 656 2738 710 ἐκεῖνον
2788 656 3200 733 ἀναφερόμενοι,
3226 652 3481 730 ἔγκλημα
3532 657 3607 716 ὡς
3660 653 3809 723 δῆθεν

2174 743 2573 810 καθοσιώσεως,
2622 742 2712 797 καὶ
2764 741 2852 797 διὰ
2897 748 3062 797 ταῦτα
3124 742 3443 815 διεμηνόετο
3496 742 3585 796 καὶ
3639 745 3668 797 ὁ
3715 764 3813 797 πα-

2174 831 2445 903 τριάρχης
2478 829 2612 884 κατά
2658 831 2918 884 Ξάνθειαν
2972 832 3229 902 ἀπαντᾷν,
3262 831 3613 904 πεμφθέντων
3667 828 3811 885 δυοῖν

2175 915 2481 992 ἀρχειρέοιν
2512 916 2586 978 εἰς
2616 922 2797 975 10610.
2856 920 3109 980 Κάκεῖνος
3164 920 3273 993 οὐχ
3325 918 3629 987 ὑπακούων,
3664 921 3810 991 ὅμως

2172 1004 2263 1058 τὸν
2293 1005 2475 1075 καιρὸν
2529 1008 2587 1077 [Ρ
2639 1008 2761 1078 150]
2811 1006 3140 1081 Θεραπεύων,
3189 1005 3277 1060 καί
3330 1008 3465 1078 ἅπαξ
3515 1008 3604 1060 καὶ
3648 1004 3728 1068 δὶς
3762 1006 3815 1061 ἐκ

2172 1098 2276 1146 τῶν
2326 1098 2421 1147 106
2467 1091 2679 1167 κλήρου
2739 1096 2813 1156 ὡς
2869 1094 3091 1171 βασιλία
3138 1094 3457 1166 ἀπέστελλε,
3506 1100 3669 1150 10610
3723 1097 3810 1168 μὶν

2172 1181 2259 1235 καὶ
2320 1181 2609 1257 εἰρηνικῶς
2651 1184 2773 1257 περὶ
2828 1188 2934 1237 τῶν
2991 1184 3287 1259 βασιλικῶν
3340 1185 3533 1258 ὑγειῶν
3574 1185 3813 1256 μαθησό-

2175 1291 2335 1342 μενος
2391 1275 2550 1326 τοῦτο
2606 1268 2662 1325 δὲ
2718 1271 2805 1324 καὶ
2860 1273 2958 1325 ἀντὶ
3018 1273 3179 1347 μέρος
3235 1270 3677 1345 ἀπολογούμενος
3736 1274 3809 1343 τῷ

2171 1360 2503 1433 προσ-τείνειν
2532 1359 2703 1414 αἰτίαν
2740 1357 3004 1413 δολοῦσαν
3047 1356 3271 1435 εὔλογον
3318 1365 3414 1414 106
3462 1363 3537 1431 μὴ
3580 1362 3811 1434 παραγί-

2170 1449 2451 1511 νεσθαι.Ὀ
2484 1449 2577 1520 μὲν
2628 1447 2718 1501 οὖν
2783 1448 3035 1523 βασιλεὺς
3090 1450 3223 1503 ἑκὼν
3282 1450 3425 1503 ἄκων
3483 1450 3577 1510 τάς
3607 1449 3808 1503 ἀπολο-

2169 1536 2288 1611 γίας
2347 1536 2563 1611 ἐδέχετο
2629 1536 2718 1591 καὶ
2772 1542 3151 1611 προσεποιεῖτο
3210 1538 3302 1598 τὰς
3360 1537 3671 1612 εἰρηνικὰς,
3729 1539 3811 1592 καὶ

2174 1627 2307 1697 πρὸς
2352 1627 2445 1698 μὲν
2505 1627 2596 1681 τὸν
2673 1630 3018 1702 πατριάρχην
3097 1626 3446 1698 ἀντιπέμπων
3507 1628 3572 1681 τὰ
3630 1626 3815 1703 φιλικά

2176 1714 2507 1789 ὑπεκρίνετο,
2556 1716 2645 1768 καὶ
2696 1716 2747 1768 οἱ
2800 1714 3040 1786 εὐμενῶς
3088 1713 3232 1789 ἔχειν
3278 1713 3472 1770 ἐδόκει.
3535 1719 3669 1776 Τοῖς
3723 1716 3812 1787 μὲν

2171 1804 2259 1856 οὖν
2293 1803 2653 1876 ἀρχιερεῦσιν,
2714 1802 2788 1865 ὡς
2845 1803 3041 1857 ἐννοεῖν
3102 1806 3190 1871 ἦν,
3252 1800 3375 1857 οὐδὲ
3420 1805 3525 1877 γὰρ
3574 1803 3726 1879 ἠφίει
3756 1804 3814 1857 τὸ

2091 1925 2138 1989 Β
2170 1888 2425 1963 ἔγκλημα
2472 1891 2607 1944 κατὰ
2655 1890 2717 1943 τὸ
2775 1888 3009 1958 λεληθὸς
3060 1890 3126 1943 τὰ
3182 1890 3306 1964 περὶ
3360 1889 3556 1944 τούτου
3613 1895 3812 1959 ζητεῖν·

2169 1976 2417 2051 οὐδὲγὰρ
2451 1979 2639 2053 ἐχρῆν,
2691 1975 3027 2052 δημηγορῶν
3057 2000 3139 2039 τις
3194 1974 3369 2052 ἔλεγε,
3401 1980 3498 2047 τὴν
3558 1983 3653 2033 106
3685 1999 3815 2032 παν-

2166 2068 2257 2128 τὸς
2288 2064 2510 2141 καρδίαν
2552 2066 2642 2119 τὸν
2682 2064 2906 2139 βασιλέα
2936 2066 3010 2137 μὴ
3065 2067 3210 2139 παρά
3256 2073 3358 2135 τῆς
3393 2065 3687 2136 ἐκκλησίας
3718 2068 3813 2133 τὴν

2168 2155 2364 2227 θάλψιν
2395 2154 2564 2229 ἔχειν,
2594 2152 2719 2208 ἀλλ’
2771 2153 2966 2208 ἐκεῖθεν
3018 2153 3092 2214 ὥς
3139 2175 3255 2208 τινα
3304 2156 3636 2231 φθοροποιὸν
3688 2154 3816 2227 ἀέρα

2164 2244 2264 2311 τὴν
2321 2241 2563 2296 δύσνοιαν
2622 2239 3005 2317 εἷσδεχόμενον
3056 2239 3384 2297 κινδυνεύειν
3417 2286 3428 2298 .
3489 2244 3588 2298 Καὶ
3648 2247 3813 2296 ταῦτα

2171 2333 2264 2405 μὲν
2299 2334 2326 2386 ὁ
2354 2336 2565 2405 κρατῶν
2591 2332 2680 2386 καὶ
2714 2330 2858 2385 ἄλλα
2905 2329 3188 2406 προῦτεινε
3237 2331 3487 2403 πλεῖστα,
3521 2333 3814 2407 ’ἀποπροσ-

2166 2420 2496 2493 ποιούμενος
2533 2421 2624 2493 μὲν
2674 2421 2772 2488 τὴν
2823 2421 2958 2495 πρὸς
3007 2421 3097 2475 τὸν
3145 2421 3493 2496 πατριάρχην
3547 2418 3810 2475 δοκοῦσαν

2169 2508 2529 2582 δυσμένειαν,
2610 2508 2832 2571 ἐκείνοις
2888 2507 2945 2563 δὲ
3000 2510 3378 2583 προανατιθεὶς
3456 2509 3672 2585 ἐρευνᾷν
3746 2510 3817 2572 ὡς

2166 2596 2309 2669 ἄξιον
2339 2595 2395 2652 ὅν
2431 2603 2702 2669 ζητεῖσθαι
2735 2599 2870 2653 κατᾶ
2899 2598 3111 2673 σχολὴν
3142 2600 3208 2653 τὰ
3235 2598 3555 2671 κινούμενα.

2147 2992 2356 3060 jussus
2388 2990 2456 3043 ad
2500 2989 2830 3045 Xantbeam
2865 3006 2927 3046 se
2954 2991 3182 3060 sistere,
3232 2992 3464 3048 duobus
3513 2994 3582 3047 ad
3634 2991 3809 3048 illum

2151 3078 2463 3133 antistibus
2493 3094 2557 3132 ea
2588 3094 2763 3134 causa
2809 3079 3029 3135 missis.
3080 3084 3204 3135 Non
3258 3081 3453 3151 paruit
3506 3080 3605 3135 ille
3664 3081 3805 3152 qui-

2157 3168 2313 3228 dem,
2345 3171 2541 3220 tamen
2593 3165 3024 3236 aliquantulum
3057 3168 3126 3222 de
3156 3168 3371 3223 duritie
3404 3170 3708 3225 remittens
3731 3174 3796 3225 ut

2158 3256 2410 3326 tempori
2443 3255 2706 3322 serviret,
2760 3256 2937 3312 semel
2991 3257 3320 3329 iterumque
3369 3265 3555 3315 certos
3594 3262 3664 3315 de
3699 3277 3806 3315 suo

2156 3344 2311 3399 clero
2360 3344 2428 3398 ad
2482 3344 2889 3415 imperatorem
2947 3346 3107 3401 misit
3151 3348 3408 3403 officiose
3458 3348 3623 3402 illum
3658 3365 3691 3403 a
3741 3364 3803 3403 se

725 3438 976 3493 terrebat
1033 3442 1227 3493 autem
1273 3437 1588 3502 intuentes,
1636 3437 1831 3508 ignem
1889 3437 2045 3490 fumo
2078 3435 2119 3500 C
2158 3432 2534 3496 salutaturos,
2568 3438 2621 3485 et
2652 3436 3087 3503 percontaturos
3119 3451 3185 3489 ex
3218 3452 3326 3490 usu
3389 3436 3540 3491 inter
3577 3435 3802 3492 amicos

2155 3520 2599 3577 consuetudinis
2630 3520 2899 3576 humanae
2929 3527 2994 3577 ut
3033 3525 3332 3595 Augustus
3382 3541 3512 3579 cum
3545 3526 3797 3596 conjuge

2155 3626 2220 3664 ac
2250 3608 2450 3663 liberis
2479 3608 2717 3675 valeret,
2748 3609 3042 3681 simulque
3062 3617 3465 3680 excusaturos,
3494 3613 3655 3668 velut
3687 3630 3785 3668 ne-

2154 3696 2465 3753 cessariam
2498 3697 2567 3751 ob
2600 3714 2808 3752 causas
2850 3698 2993 3753 alias
3022 3700 3326 3768 dicendas,
3399 3718 3465 3756 eo
3513 3719 3669 3756 nunc
3714 3718 3807 3757 oc-

2156 3785 2395 3840 curendi
2430 3802 2675 3840 moram.
2708 3786 2811 3840 His
2843 3788 3049 3842 ofﬁciis
3082 3805 3419 3859 quanquam
3467 3806 3579 3844 non
3626 3790 3796 3861 plene

2157 3874 2481 3929 satisﬁebat
2511 3874 2872 3946 imperatori,
2907 3879 3103 3931 tamen
3134 3877 3258 3948 ipse
3290 3894 3523 3949 quoque
3574 3879 3633 3932 in
3665 3896 3799 3948 pra:-

2155 3979 2291 4035 sens
2325 3963 2504 4016 animi
2536 3962 2772 4017 vulnere
2800 3963 3177 4020 dissimulato
3210 3970 3267 4021 et
3306 3966 3715 4021 salutationem
3750 3972 3807 4022 et

2156 4051 2589 4107 excusationem
2642 4051 2869 4122 placido
2911 4054 3134 4124 excepit
3180 4054 3370 4120 vultu,
3419 4055 3799 4125 vicissimque

2156 4156 2259 4210 per
2316 4140 2597 4210 quosdam
2652 4156 2681 4193 e
2735 4140 3011 4194 comitatu
3066 4141 3344 4214 allegatos
3403 4143 3797 4213 patriarcham

2156 4228 2341 4283 amice
2373 4226 2662 4296 salutavit,
2698 4226 2924 4299 placido
2958 4246 3020 4285 se
3050 4230 3107 4284 in
3139 4230 3306 4285 illum
3338 4247 3464 4287 esse
3495 4232 3693 4287 animo
3723 4234 3801 4289 si.

2154 4315 2460 4387 gniﬁcans.
2494 4316 2774 4371 Caeterum
2810 4315 2961 4372 inter
3009 4318 3312 4391 episcopos
3343 4337 3519 4375 causa
3549 4320 3807 4375 crimen-

2154 4420 2267 4474 que
2334 4403 2674 4473 patriarchre
2744 4405 2970 4460 occulta
3028 4408 3174 4463 225
3238 4407 3619 4479 inquisitione
3690 4416 3806 4463 tra-

2154 4492 2453 4547 ctabatur.
2483 4493 2605 4555 Qua
2626 4494 2695 4547 de
2728 4509 2786 4547 re
2819 4495 3056 4550 auditus
3087 4512 3154 4550 ex
3187 4495 3301 4551 illis
3336 4512 3627 4552 nonnemo
3660 4498 3802 4552 dum

2153 4580 2273 4634 haec
2332 4580 2848 4637 concionabundus
2899 4583 3273 4647 declamaret,
3335 4601 3438 4639 nec
3488 4592 3801 4640 consenta-

2155 4684 2329 4723 neum
2366 4684 2469 4722 nec
2502 4668 2805 4722 ferendum
2837 4669 3018 4725 videri
3045 4671 3390 4743 principem,
3444 4689 3542 4727 cor
3591 4673 3799 4745 utique

410 4756 620 4811 incolis
653 4773 860 4812 rursus
892 4758 1269 4813 turbantibus
1300 4760 1377 4813 ita
1407 4763 1471 4813 ut
1502 4760 1571 4814 ab
1612 4758 1729 4815 illis
1775 4774 1866 4813 res
1907 4775 2046 4814 nos-
2076 4788 2122 4851 Β
2156 4755 2508 4851 reipublicae,
2540 4772 2653 4851 non
2685 4756 2756 4810 ab
2785 4757 3039 4813 Ecclesia
3072 4759 3245 4814 foveri
3277 4764 3340 4815 ut
3370 4761 3426 4814 id
3458 4776 3528 4814 ex
3559 4777 3676 4831 quo
3706 4778 3799 4815 sa-

406 4850 629 4899 trorum
662 4850 1024 4916 raperentur,
1075 4846 1553 4902 Thessalonicam
1603 4847 1890 4919 proﬁcisci
1935 4848 2041 4902 du-

402 4933 511 4989 ctis
544 4948 743 4987 secum
775 4934 957 5005 copiis
1009 4952 1123 4989 non
1165 4936 1387 5006 paucis,
1418 4940 1482 4990 ut
1503 4936 1620 4991 illic
1651 4952 1681 4991 e
1710 4937 2036 5009 propinquo

401 5021 765 5076 commodius
798 5020 1019 5077 bellum
1051 5022 1390 5089 adornaret;
1423 5023 1522 5077 sed
1554 5039 1685 5077 cum
1718 5023 2037 5080 Xantheam

402 5126 466 5164 eo
499 5109 702 5164 itinere
732 5109 1009 5176 venisset,
1042 5110 1121 5164 ibi
1158 5111 1417 5165 detinere
1448 5106 1700 5165 decrevit
1738 5110 1795 5164 in
1846 5111 2039 5167 hiber-

403 5197 495 5252 nis
526 5198 868 5253 exercitum.
906 5200 1093 5262 Quare
1119 5198 1255 5252 dum
1288 5204 1522 5268 tempus
1552 5199 1903 5269 expeditioni
1939 5216 2037 5269 ap-

402 5290 527 5341 tum
560 5291 953 5357 exspectatur,
988 5302 1089 5355 per
1118 5284 1262 5340 illud
1294 5286 1373 5339 ibi
1405 5287 1610 5351 otium,
1642 5303 1772 5341 cum
1803 5288 1874 5343 ad
1906 5304 2038 5343 eum

399 5374 656 5445 episcopi
688 5390 804 5429 non
836 5373 1007 5446 pauci
1050 5374 1492 5445 conﬂuxissent,
1542 5375 1634 5446 agi
1679 5376 1750 5430 de
1794 5376 2040 5447 patriar-

400 5463 512 5516 cha
570 5465 826 5533 emptum
885 5466 975 5517 est
1044 5462 1403 5533 quibusdam
1463 5479 1577 5518 non
1637 5462 2041 5518 dubitantibus

404 5566 570 5604 reum
621 5548 815 5618 ipsum
869 5550 1252 5620 pronuntiare
1300 5550 1634 5622 irreligiosus
1666 5553 2040 5607 contumaciae

404 5638 465 5691 in
514 5636 783 5705 neganda
856 5642 1056 5693 contra
1120 5654 1317 5694 sacros
1372 5655 1622 5695 canones
1681 5639 2038 5709 pcenitentia.

404 5724 589 5790 Quare
615 5737 684 5778 ex
712 5722 959 5781 istorum
982 5726 1274 5783 sententia
1316 5727 1528 5785 citatus
1577 5727 1627 5783 is
1678 5727 1787 5784 rite
1832 5734 1942 5800 est,
1975 5745 2042 5786 ac

2152 4844 2246 4899 lus
2280 4843 2449 4898 unice
2482 4844 2729 4913 pendeat
2758 4845 3013 4914 publica.
3065 4846 3244 4910 Quale
3285 4848 3467 4918 igitur
3518 4849 3716 4913 fuerit,
3749 4849 3797 4903 si

2150 4950 2266 4988 non
2299 4932 2469 4987 modo
2497 4931 2633 4987 inde
2664 4950 2779 4987 non
2813 4934 3098 5003 foveatur,
3134 4938 3233 4992 sed
3269 4938 3533 5009 maligno
3566 4942 3624 4993 et
3662 4955 3797 5010 pes-

2147 5021 2333 5076 tilenti
2370 5021 2755 5076 dissensionis
2783 5024 2993 5094 spiritu
3027 5026 3220 5081 afﬂato
3244 5025 3299 5079 in
3327 5026 3644 5081 discrimen
3677 5043 3799 5080 ma-

2150 5110 2423 5164 nifestum
2447 5110 2758 5165 inducatur
2779 5112 2806 5166 ?
2838 5112 2914 5166 Ea
2944 5114 3053 5167 etsi
3083 5112 3229 5168 clam
3282 5122 3629 5186 procurante
3678 5115 3796 5169 im-

2150 5203 2415 5271 peratore
2461 5199 2807 5269 agebantur,
2840 5206 3037 5257 tamen
3068 5202 3118 5257 is
3148 5203 3277 5259 istis
3308 5220 3434 5274 quae
3484 5204 3796 5259 retulimus

2150 5294 2206 5343 et
2236 5287 2367 5343 aliis
2401 5286 2670 5358 plurimis
2702 5290 3118 5346 benevolentiae
3169 5292 3697 5363 signiﬁcationibus
3736 5293 3791 5345 in

2149 5377 2319 5431 illum
2349 5375 2546 5441 editis,
2580 5377 2891 5448 diligenter
2915 5380 3233 5437 simulabat
3261 5398 3491 5451 aequum
3524 5398 3661 5452 erga
3689 5397 3792 5450 pa-

2160 5464 2476 5519 triarcham
2524 5469 2580 5519 et
2629 5466 2947 5523 oﬂensione
2996 5469 3157 5525 omni
3205 5487 3451 5525 vacuum
3505 5471 3789 5533 animum,

2151 5553 2234 5609 sic
2291 5551 2469 5608 libere
2529 5552 2730 5609 sinens
2774 5560 3155 5628 congregatos
3208 5561 3407 5613 Patres
3452 5574 3557 5629 per
3606 5556 3789 5613 otium

2149 5642 2519 5697 considerare
2551 5642 2689 5711 quid
2721 5642 2825 5699 tali
2859 5648 3014 5700 statu
3074 5662 3269 5702 rerum
3319 5647 3608 5717 optimum
3641 5642 3786 5715 ipsis

2151 5730 2309 5787 factu
2336 5727 2519 5786 videri
2549 5744 2614 5786 ac
2648 5731 2957 5790 decernere
2988 5749 3094 5806 par
3118 5737 3287 5791 esset.
