4158 6280
377 397 477 453 671

1679 406 1972 459 GEORGII
2012 405 2469 460 PACHYMERE

3658 404 3774 458 672

388 526 589 594 μικροῦ
623 521 925 599 ὕπέροφρυς
977 524 1051 586 ὡς
1108 524 1384 581 έκσπάσων
1434 526 1527 581 κᾶν
1578 526 1631 582 εἶ’
1677 550 1728 582 τι
1784 530 2014 603 γένοιτο,
2049 533 2099 597 Α
2134 548 2290 599 μενον
2350 527 2686 597 συμπαθείας
2744 525 2979 601 ἀνάγκην
3033 524 3198 603 ἔχειν,
3253 524 3349 581 κᾶν
3424 530 3555 601 γοῦν
3634 529 3773 600 πρὸς

378 614 496 670 τοῖς
531 612 623 680 μὲν
658 609 877 685 ἀνδράσι
908 614 969 666 τὸ
1000 614 1141 688 ἱερὸν
1196 619 1454 669 πατοῦσιν
1516 617 1569 669 αἱ
1619 617 1783 688 ὁρμαὶ
1818 616 2023 669 ἀνεῖντο

385 699 459 769 μὴ
519 696 772 766 δεδιόσιν,
808 699 1013 761 ἐκεῖνος
1072 700 1128 756 δὲ
1186 705 1322 777 πρὸς
1378 704 1471 764 τὰς
1525 702 1696 765 οἷ’κίας
1752 706 2024 779 τρέπεται.

379 785 679 857 Ἀμπέλοις
714 785 758 840 δ’
790 787 1059 853 ἐπιθέσθαι
1120 791 1221 845 οὐκ
1276 794 1364 861 ἦν,
1399 794 1482 846 ὅτι
1537 790 1653 847 οὐδ’
1702 793 1833 860 ἦσαν
1894 791 2029 845 ἐκεί-

380 894 499 934 νοις
526 872 765 946 ἄμπελοι
821 875 973 950 τῇδε.
1010 878 1184 934 Ἀλλὰ
1239 881 1328 933 καὶ
1381 886 1487 935 τῶν
1549 881 1733 934 οἰκιῶν
1794 878 2027 953 ἀποτρέ-

382 983 538 1015 πεται
570 963 645 1024 ὡς
684 966 758 1034 μὴ
790 964 969 1038 σφίσιν
1002 966 1225 1034 ἀληθῶς
1259 967 1454 1038 οὐσῶν,
1490 966 1634 1022 ἄλλᾶ
1668 967 1880 1040 μᾶλλον
1932 969 2029 1034 τῆς

387 1048 714 1120 Ἑκκλησίας
747 1052 1135 1126 λογιζομένων.
1171 1057 1544 1131 Ἒκκρουσθεὶς
1578 1057 1667 1111 οὗν
1707 1063 1823 1118 τοῖς
1880 1056 2032 1118 ὅλοις

388 1139 414 1191 ὁ
442 1137 771 1211 ἐπιτιμητὴς
797 1140 1000 1204 ἐκεῖνος
1034 1145 1237 1216 πέμπει
1295 1145 1575 1216 Νικαίαζε,
1608 1146 1696 1199 καὶ
1747 1146 1814 1198 τὰ
1860 1164 2032 1217 προσ-

388 1230 692 1301 τεταγμένα
752 1229 837 1285 ἐπὶ
898 1238 1017 1294 τοῖς
1074 1238 1220 1309 σφῶν
1306 1237 1542 1307 κτήμασι
1628 1232 2028 1306 διαπράττεται.

389 1314 667 1378 ΚωλυΟεῖς
723 1316 778 1371 δὲ
826 1319 1171 1391 ἀποπέμπειν
1225 1320 1497 1395 δεσμίους,
1530 1324 1602 1383 ὡς
1652 1325 1686 1390 ἡ
1746 1321 2035 1397 πρόσταξις

393 1407 529 1478 εἶχε,
566 1403 918 1463 συνεϐούλευε
950 1410 1126 1487 σφίσιν
1162 1411 1354 1476 αὐτοὺς
1406 1413 1622 1474 ἀνέτους
1675 1413 1749 1473 ὡς
1810 1410 2033 1487 βασιλέα

390 1501 615 1569 χωρεῖν,
650 1498 712 1567 [Ρ
750 1500 868 1569 152]
926 1504 1020 1552 τοῦ
1080 1500 1297 1569 ἀληθῶς
1358 1502 1618 1577 φρουρίου
1662 1497 2030 1563 ἀποσπασθέν-

386 1603 504 1647 τας,
539 1584 612 1643 ὡς
643 1584 705 1651 ἦν
738 1587 763 1638 ὁ
814 1590 942 1649 ναὸς
1000 1585 1265 1663 ἄντικρυς.
1303 1590 1631 1664 Ἀπολογίαν
1685 1590 1785 1664 γὰρ
1837 1589 2035 1642 ἐκεῖνον

389 1664 532 1744 ἔχειν
594 1674 728 1746 πρὸς
790 1675 1013 1748 βασιλέα
1061 1679 1160 1745 τὴν
1195 1678 1420 1731 ἀσυλίαν
1452 1677 1548 1731 τοῖ’)
1579 1680 1727 1747 ἱεροῦ
1785 1677 1873 1730 καὶ
1932 1677 2030 1743 τήν

385 1762 482 1812 τοῦ
541 1762 883 1835 πατριάρχου
946 1761 1208 1831 κώλυσιν,
1239 1768 1325 1819 καὶ
1388 1767 1460 1827 ὡς
1516 1766 1709 1827 αὐτοὺς
1766 1764 1887 1828 εὐθὺ
1940 1768 2037 1818 τοῦ

394 1846 661 1921 βασιλέως
694 1851 977 1922 ὁρμῶντας
1002 1849 1278 1925 δεσμεύειν
1312 1854 1410 1908 οὐκ
1438 1855 1527 1926 ἦν,
1561 1855 1633 1916 ὡς
1690 1854 1815 1928 παρ’
1847 1851 2028 1913 αὐτοῖς

394 1935 663 2007 μενούσης
727 1944 826 2006 τῆς
890 1948 1209 2017 προσφυγῆς
1277 1946 1435 1996 τοῦτο
1518 1942 1608 1995 μὲν
1682 1946 1757 2012 τῷ
1808 1942 2026 2001 ἑκόντας

390 2023 713 2101 ἀποιροιτᾷν,
742 2028 901 2081 τοῦτο
936 2025 991 2082 δὲ
1016 2029 1105 2083 καὶ
1151 2030 1243 2084 τὸν
1290 2029 1637 2106 πατριάρχην
1692 2030 2031 2101 ἐπιτιμῶντα

389 2113 657 2191 ἀμφέπειν
716 2122 998 2190 πανταχοῦ
1057 2116 1363 2194 διάγοντας.
1418 2122 1645 2194 Προσέτι
1704 2118 1761 2173 δὶ
1824 2117 1912 2173 καί
1968 2119 2031 2172 τὸ

384 2207 484 2268 τῆς
534 2201 607 2263 εἷς
660 2203 886 2276 βασιλέα
934 2204 1207 2278 προσόδου
1256 2212 1450 2281 σχῆμα
1505 2209 1567 2262 τὸ
1626 2206 1841 2268 ἀνέτους
1900 2212 2034 2283 σφᾶς

388 2285 760 2364 διατηρεῖσθαι
819 2289 1007 2347 δίδωσι
1043 2314 1054 2326 '
1090 2294 1383 2365 πρόσωπον
1438 2298 1537 2371 γὰρ
1595 2292 1863 2370 βασιλέως
1897 2294 2031 2358 θεώ-

391 2493 813 2565 perculsusque
867 2512 899 2549 a
955 2499 1142 2566 coepto
1202 2497 1428 2552 destitit
1488 2497 1586 2568 qui
1648 2502 1807 2552 tanto
1868 2496 2030 2567 prius

390 2583 542 2637 fastu
589 2586 979 2637 extracturum
1034 2600 1095 2638 se
1145 2584 1459 2655 supplices,
1511 2586 1789 2655 quidquid
1841 2583 2031 2654 quivis

390 2676 592 2726 contra
624 2671 945 2735 moliretur,
998 2674 1373 2740 ostenderat;
1406 2689 1587 2743 eoque
1620 2689 1745 2727 sese
1790 2674 2030 2727 domum

389 2759 711 2829 recipiente
760 2775 820 2815 re
862 2759 1095 2828 infecta,
1130 2761 1349 2816 Veccus
1394 2766 1448 2816 et
1494 2762 1835 2833 Xiphilinus
1882 2762 2035 2814 intra

391 2850 557 2915 septa
587 2846 725 2899 aedis
758 2862 934 2900 sacrae
967 2848 1075 2901 tuti
1122 2849 1430 2919 securique
1471 2851 1857 2905 versabantur
1889 2873 1901 2915 ;
1933 2848 2033 2902 sed

392 2951 497 2989 nec
528 2935 727 2989 vincas
773 2935 1106 2991 exscindere
1150 2938 1358 3007 potuit,
1392 2954 1522 2992 cum
1564 2944 1767 2993 neuter
1800 2937 2035 2992 illorum

391 3022 587 3077 vineta
619 3023 775 3077 circa
808 3023 1372 3094 Constantinopolim
1411 3025 1685 3090 haberet;
1720 3026 1790 3078 ab
1822 3024 2036 3076 aedium

394 3127 627 3182 quoque
669 3111 883 3181 quibus
916 3114 1237 3166 utebantur
1286 3113 1657 3167 demolitione
1707 3112 2036 3183 prohibitus

393 3204 501 3268 est,
537 3200 882 3254 denuntiato
921 3199 1033 3269 ipsi
1066 3200 1219 3253 haud
1252 3215 1380 3255 esse
1409 3199 1540 3255 illas
1564 3201 1718 3271 juris
1750 3201 2032 3270 ipsorum,

395 3288 497 3342 sed
530 3287 821 3349 Ecclesiae,
856 3304 981 3356 quae
1029 3303 1199 3342 usum
1244 3289 1528 3344 duntaxat
1569 3290 1871 3343 habitandi
1911 3288 2034 3343 suis

394 3374 513 3429 illic
546 3375 833 3429 ministris
866 3376 1190 3445 precarium
1227 3378 1585 3431 concederet.
1617 3382 1765 3446 Ergo
1797 3376 1890 3431 hic
1920 3384 2034 3430 tam

395 3482 522 3521 scer
568 3465 721 3520 ultor
764 3466 1022 3535 undique
1070 3468 1341 3537 rejectus,
1396 3472 1451 3521 et
1494 3467 1719 3522 cunctis
1766 3468 2037 3522 exclusus

396 3571 523 3624 quae
557 3558 825 3619 tentarat,
874 3570 943 3609 ne
976 3554 1120 3609 nihil
1172 3561 1385 3627 ageret,
1415 3556 1664 3610 Nicaeam
1713 3560 1898 3610 certos
1931 3555 2038 3608 mi-

398 3641 476 3695 sit
508 3639 607 3710 qui
640 3641 696 3693 in
750 3641 984 3712 praediis
1038 3643 1285 3698 istorum
1336 3644 1393 3697 in
1428 3643 1525 3698 illo
1576 3643 1863 3697 territorio
1913 3641 2040 3697 sitis

398 3729 785 3784 vastationem
842 3731 911 3785 ab
958 3730 1305 3801 imperatore
1363 3732 1757 3803 przescriptam
1817 3745 2041 3785 exerce-

402 3822 549 3872 rent.
602 3817 747 3872 Cum
802 3824 994 3874 autem
1042 3820 1309 3889 nequiret
1357 3822 1587 3875 mittere
1634 3819 1765 3873 illos
1795 3818 2038 3883 vinctos,

402 3910 464 3960 ut
497 3906 682 3960 fuerat
709 3906 941 3976 jussus,
973 3908 1218 3963 suadere
1249 3908 1395 3979 ipsis
1437 3908 1653 3963 institit
1696 3912 1757 3961 ut
1789 3906 1938 3960 ultro
1971 3906 2040 3959 ad

404 3998 816 4063 imperatorem
886 3995 1176 4066 proficisci
1244 3997 1480 4063 vellent,
1538 3995 1594 4049 id
1656 3994 2044 4050 communiter

403 4086 523 4136 tam
554 4082 696 4152 ipsis
725 4099 900 4154 quam
934 4083 1042 4138 sibi
1070 4084 1379 4139 consilium
1402 4100 1529 4139 esse
1553 4083 1695 4139 utile
1725 4084 2043 4148 disserens,

402 4170 678 4240 quoniam
714 4171 761 4225 si
806 4171 1064 4227 volentes
1113 4172 1226 4243 ipsi
1276 4190 1440 4229 sacro
1489 4172 1648 4244 asylo
1699 4172 2046 4227 absisterent

404 4258 655 4312 adeundi
690 4257 969 4329 principis
998 4276 1197 4325 causa,
1232 4260 1438 4315 idonea
1469 4260 1578 4330 ipsi
1611 4261 1762 4331 apud
1795 4260 2043 4331 impera-

406 4350 591 4400 torem
626 4346 823 4401 futura
852 4353 1026 4415 iesset
1056 4347 1351 4402 excusatio
1395 4348 1623 4403 omissa
1669 4348 2044 4419 comprehen-

406 4435 591 4490 sionis
621 4439 676 4489 et
706 4435 1135 4491 constrictionis
1156 4436 1419 4507 ipsorum
1452 4437 1563 4492 sibi
1596 4438 1667 4492 ab
1700 4454 1764 4492 eo
1796 4436 2048 4507 impera-

408 4529 501 4577 ιω.
534 4523 679 4577 Nam
714 4540 783 4578 ne
816 4522 946 4578 illos
978 4524 1131 4578 intra
1162 4524 1443 4595 templum
1477 4529 1730 4597 caperet,
1764 4525 2046 4580 sanctita-

408 4617 525 4665 tem
579 4611 687 4666 loci
734 4614 790 4666 et
842 4612 993 4668 228
1045 4584 1399 4668 occurrentis
1451 4630 1515 4668 ac
1548 4584 1902 4685 ‘repellentis
1945 4630 2046 4683 pa-
2078 4584 2126 4645 D

406 4699 675 4753 triarchae
736 4701 1141 4755 auctoritatem
1203 4702 1594 4772 prohibuisse,
1656 4701 2049 4773 plausibiliter

406 4793 785 4843 causaturum
838 4806 982 4845 sese.
1031 4795 1203 4846 Porro
1239 4792 1398 4861 ipsos
1450 4797 1657 4864 sponte
1709 4792 2049 4846 abdicantes

407 4876 653 4929 tutelam
687 4892 988 4932 sacrorum
1032 4880 1338 4949 adytorum
1394 4884 1457 4933 ut
1486 4879 1781 4935 communi
1813 4879 2047 4934 domino

409 4980 470 5019 se
504 4965 799 5034 sisterent,
835 4966 921 5021 fas
952 4966 1106 5021 haud
1140 4967 1322 5022 fuisse
1354 4968 1457 5022 abs
1475 4984 1537 5022 se
1570 4968 1778 5039 corripi
1806 4968 2049 5039 darique

408 5052 469 5106 in
502 5052 757 5119 vincula,
812 5054 975 5109 facile
1015 5055 1282 5125 quemvis
1330 5056 1544 5121 videre,
1580 5072 1684 5110 nec
1727 5057 2048 5125 imperato—

409 5157 533 5195 rem
583 5140 1011 5197 dubitaturum.
1067 5142 1301 5197 Plenam
1349 5143 1529 5213 igitur
1577 5143 1648 5198 ab
1698 5160 1759 5198 se
1811 5144 2046 5213 quidem

408 5229 530 5284 fore
561 5230 704 5301 ipsis
746 5231 1116 5286 securitatem
1148 5229 1429 5285 inviolatae
1467 5229 1772 5297 libertatis,
1819 5232 1861 5285 si
1896 5233 2048 5302 quod

410 5317 693 5373 suadebat
742 5319 1013 5374 facerent.
1051 5318 1288 5375 Nullum
1339 5321 1529 5373 autem
1582 5318 1652 5373 ab
1702 5318 1814 5373 alio
1847 5320 2051 5389 quovis

412 5407 794 5462 metuendum
827 5408 973 5480 ipsis
1006 5425 1130 5464 esse
1160 5407 1273 5463 tale
1322 5406 1647 5479 periculum
1682 5408 2049 5464 demonstra-

410 5495 531 5563 bat,
590 5495 675 5549 vel
736 5498 890 5567 quod
951 5505 1103 5553 recta
1154 5496 1527 5553 tendentibus
1599 5496 1669 5551 ad
1729 5495 2050 5568 principem

411 5601 581 5640 nemo
615 5587 899 5643 facessere
923 5589 1251 5643 molestiam
1283 5586 1544 5656 auderet,
1574 5584 1662 5640 vel
1693 5586 1831 5656 quia
1860 5586 2050 5641 decla-

412 5676 537 5730 rato
569 5672 629 5729 in
658 5672 819 5745 ipsos
852 5676 1191 5748 patriarcha
1232 5674 1425 5748 palam
1469 5672 1827 5747 protegentis
1858 5681 2049 5747 palro-

2132 615 2296 688 ὥραν,
2328 620 2443 675 τοῖς
2474 612 2840 688 κατακρίτοις.
2873 616 3051 670 Ταῦτα
3106 616 3195 669 καὶ
3251 615 3317 669 τὰ
3362 616 3576 675 τούτοις
3606 613 3777 687 ὅμοια

2132 701 2307 775 λέγων
2342 696 2518 755 ἔπειθέ
2548 723 2604 755 τε
2633 702 2759 763 τοὺς
2792 701 2983 775 ἄνδρας
3038 702 3342 779 ἀποφοιτᾷν
3393 724 3450 756 τε
3496 706 3592 756 τοῦ
3643 708 3776 756 ναοῦ

2130 792 2216 844 καὶ
2279 791 2414 864 πρὸς
2483 787 2707 864 βασιλέα
2764 796 2989 865 χωρεῖν.
3047 792 3141 844 Καὶ
3201 788 3267 858 δὴ
3327 790 3469 864 παρά
3524 795 3620 844 τοῦ
3670 812 3778 844 πα-

2129 878 2395 953 τριάρχου
2458 877 2862 952 ἐκχωρηθέντες
2946 876 3099 948 δόξαν
3183 885 3429 933 συνοῖσον
3508 878 3652 955 σφίσι
3713 880 3777 933 τὸ

2132 966 2381 1020 ἀπελθεῖν
2430 966 2515 1038 (τά
2569 967 2668 1040 γὰρ
2720 961 2997 1038 συμϐάντα
3052 966 3266 1028 τούτοις
3312 968 3503 1041 πικρὰ,
3550 967 3641 1020 καὶ
3704 968 3781 1027 ὡς

2134 1054 2181 1108 εἷ
2212 1053 2297 1107 ἐπὶ
2330 1054 2651 1114 καθοσιώσει
2707 1054 3017 1125 εὐθύνοντο)
3050 1052 3203 1116 εὐθὺς
3256 1060 3376 1115 ταῖς
3430 1059 3529 1107 τοῦ
3589 1055 3781 1129 ἱερέως

2135 1140 2537 1218 ἐφοδιασθέντες
2571 1140 2758 1215 εὐχαῖς
2788 1163 2845 1195 τε
2876 1141 2965 1195 καὶ
3015 1142 3286 1217 εὐλογίαις
3344 1149 3443 1212 τῆς
3493 1143 3629 1215 πρὸς
3679 1143 3778 1210 τήν

2136 1228 2532 1299 Θεσσαλονίκην
2569 1230 2834 1306 φερούσης
2867 1231 3144 1284 ἅπτονται.
3178 1234 3245 1287 Ἀ
3298 1233 3393 1303 μὲν
3447 1229 3537 1285 οὖν
3594 1229 3781 1301 ἐπιμί-

2137 1318 2278 1388 ξασιν
2340 1319 2563 1379 ἐκείνοις
2624 1316 2989 1392 Θεσσαλονίκῃ
3018 1320 3109 1372 καὶ
3173 1318 3389 1392 βασιλεῖ
3418 1317 3782 1393 προσελθοῦσι

2138 1402 2357 1475 συνέϐη,
2392 1407 2451 1460 οὐ
2504 1411 2597 1460 τοῦ
2655 1406 2921 1481 παρόντος
2973 1406 3149 1481 λέγειν
3196 1412 3408 1482 καιροῦ.
3445 1406 3597 1476 Πλὴν
3634 1407 3785 1461 εἰκά-

2140 1497 2274 1549 σαιτ’
2306 1493 2365 1548 ἄν
2397 1516 2479 1556 τις
2504 1496 2578 1556 ὡς
2607 1494 2705 1549 οὐκ
2750 1492 2807 1547 ἂν
2868 1496 2923 1549 εὗ
2982 1494 3178 1549 έκεῖΟεν
3241 1494 3455 1567 ἔπαθον,
3489 1495 3533 1549 εἰ
3592 1497 3665 1567 μή
3725 1515 3785 1568 γε

2138 1583 2489 1658 Οεραπεύουσι
2519 1584 2610 1637 τὸν
2643 1585 2826 1658 καιρὸν
2890 1580 3081 1653 συνέϐη
3142 1588 3307 1638 ταῦτα
3364 1586 3572 1638 παθεῖν.
3607 1586 3783 1639 Τοῦτο

2142 1669 2186 1725 δ’
2217 1674 2282 1740 ἧν
2320 1676 2667 1743 μεμονῶσθαι
2709 1672 2799 1725 τὸν
2860 1670 3204 1745 πατριάρχην
3258 1672 3684 1742 ὑποκλιθέντων,
3714 1670 3789 1729 ὡς

2140 1759 2228 1814 καὶ
2258 1765 2363 1813 τῶν
2398 1758 2603 1828 ἄλλων,
2638 1760 2873 1813 ἐκείνων.

2064 1893 2109 1958 Β
2139 1911 2230 1965 κε’.
2262 1910 2337 1963 Τὰ
2362 1909 2485 1983 περὶ
2512 1913 2606 1963 τοῦ
2638 1908 2867 1963 σουλτάν
2901 1908 3208 1983 ’ᾼζατίνου,
3241 1909 3331 1962 καὶ
3389 1909 3454 1963 τὰ
3501 1908 3625 1983 περὶ
3675 1912 3783 1961 τῶν

2810 1980 3093 2054 Τοχάρων.

2215 2117 2277 2187 [Ρ
2309 2117 2429 2186 153]
2466 2111 2830 2183 ’Δναληπτέον
2885 2112 2973 2167 καὶ
3031 2114 3092 2167 τὸ
3149 2118 3245 2168 τοῦ
3305 2113 3533 2169 σουλτάν
3567 2114 3788 2183 ’Λζατί-

2141 2223 2261 2271 νου,
2294 2202 2351 2263 ὃς
2407 2202 2573 2274 μοῖρά
2618 2220 2701 2261 τις
2747 2199 2933 2274 γέγονε
2989 2197 3261 2274 δυστυχής
3296 2199 3620 2269 Μακεδόσιν,
3654 2200 3791 2256 εἷ’πω

2145 2289 2201 2345 δε
2225 2289 2313 2344 καὶ
2371 2290 2676 2365 Θρᾳξὶ,καὶ
2724 2291 2786 2344 τὸ
2842 2292 2935 2343 τοῦ
2993 2291 3243 2361 κομήτου
3292 2289 3652 2365 προάγγελμα
3712 2291 3791 2354 εἷς

2139 2491 2289 2547 cinio
2322 2490 2433 2546 tuti
2467 2490 2683 2561 ubique
2724 2489 3103 2561 inviolatique
3130 2490 3312 2546 futuri
3363 2495 3577 2557 essent,
3612 2494 3786 2547 tantas

2140 2579 2300 2635 illius
2370 2595 2434 2633 ac
2509 2582 2627 2633 tam
2696 2577 3048 2634 venerabilis
3133 2583 3401 2650 respectu
3461 2579 3789 2649 potestatis.

2140 2667 2397 2738 Denique
2443 2671 2755 2737 postquam
2788 2684 2852 2721 eo
2899 2668 3319 2739 pervenissent,
3348 2668 3476 2739 ipso
3525 2666 3691 2722 vultu
3727 2683 3791 2722 ac

2142 2759 2453 2825 conspectu
2481 2754 2768 2826 principis
2790 2755 3185 2810 certissimum
3214 2756 3792 2827 aciebataccepturos

2143 2844 2303 2915 ipsos
2354 2844 2564 2898 salutis
2610 2848 2665 2896 et
2718 2844 3053 2898 securitatis
3104 2844 3357 2915 pignus;
3394 2860 3529 2899 nam
3582 2844 3790 2899 faciem

2144 2931 2512 3002 imperatoris
2543 2947 2736 2985 coram
2770 2930 2857 2986 vel
2880 2932 2951 2985 ad
2986 2936 3345 2986 momentum
3380 2931 3566 2987 oculis
3598 2931 3796 3001 objec-

2144 3023 2261 3074 tam
2322 3019 2521 3090 gratim
2553 3036 2619 3073 ac
2667 3019 2844 3073 veniae
2876 3036 3015 3089 erga
3066 3020 3381 3089 intuentes,
3434 3020 3610 3075 etiam
3645 3037 3793 3091 prae—

2146 3108 2454 3162 damnatos
2509 3124 2654 3173 reos,
2708 3108 3103 3162 necessariam
3155 3124 3395 3163 causam
3435 3107 3785 3163 existimari.

2150 3196 2275 3248 llch
2308 3201 2363 3249 et
2386 3196 2560 3265 hujus
2580 3196 2884 3249 sententiae
2916 3194 3029 3249 alia
3060 3212 3193 3249 cum
3219 3196 3516 3265 allegaret,
3554 3212 3791 3266 persua-

2148 3282 2221 3337 sit
2254 3284 2405 3353 quod
2438 3282 2691 3345 volebat,
2735 3281 3026 3351 siquidem
3078 3282 3161 3336 illi
3194 3282 3561 3337 conducibile
3593 3283 3647 3337 id
3680 3283 3791 3337 sibi

2146 3370 2407 3425 futurum
2445 3369 2574 3435 rati,
2603 3370 2946 3440 patriarcha:
2980 3370 3038 3423 in
3094 3372 3149 3423 id
3185 3370 3293 3425 iter
3323 3385 3568 3424 assensu
3603 3370 3789 3439 impe-

2145 3463 2315 3523 trato,
2346 3458 2548 3529 templi
2580 3458 2872 3529 refugium
2907 3457 3231 3528 relinquere
3255 3460 3442 3528 adque
3472 3458 3793 3529 imperato-

2148 3569 2269 3607 rem
2304 3568 2364 3605 se
2396 3552 2656 3605 conferre
2688 3553 3088 3619 decreverunt,
3122 3552 3298 3605 etiam
3333 3551 3469 3605 inde
3502 3550 3786 3605 allucente

2149 3654 2458 3694 successus
2489 3638 2543 3692 in
2594 3637 2692 3693 tali
2740 3637 2982 3694 consilio
3033 3654 3155 3709 spe,
3209 3638 3363 3708 quod
3410 3638 3554 3693 satis
3584 3636 3796 3693 intelli-

2149 3732 2347 3799 gerent
2376 3746 2441 3782 ea
2499 3745 2626 3797 quae
2674 3728 2735 3782 in
2766 3728 2925 3798 ipsos
2982 3733 3094 3782 tam
3148 3728 3350 3781 acerbe
3395 3732 3523 3782 acta
3576 3731 3793 3794 essent,

2152 3820 2381 3873 decreta
2437 3835 2566 3873 esse
2625 3820 2696 3873 ab
2756 3818 3093 3889 imperatore
3148 3818 3429 3873 arbitrato
3476 3818 3645 3872 utilia
3696 3818 3793 3871 illa

2152 3925 2281 3964 esse
2328 3909 2685 3964 emolliendae
2710 3908 2944 3963 duritiei
2968 3908 3311 3979 patriarcha
3335 3912 3389 3963 et
3414 3908 3791 3979 impetrandae

2153 3999 2223 4053 ab
2274 4013 2338 4051 eo
2389 4013 2506 4051 sua:
2550 3996 2737 4067 ipsius
2806 3996 3275 4052 reconciliatonis
3322 4013 3457 4051 cum
3518 3996 3792 4051 Ecclesia.

2152 4086 2357 4140 Statim
2389 4086 2588 4156 igitur,
2624 4087 2767 4140 bene
2800 4089 3071 4155 precante
3103 4086 3248 4156 ipsis
3280 4084 3339 4138 in
3391 4086 3659 4157 digressu
3695 4101 3791 4155 pa'

2154 4174 2409 4229 triarcha
2456 4181 2507 4227 et
2558 4173 2709 4228 viam
2752 4172 2902 4227 votis
2950 4178 3360 4244 prosequente,
3415 4172 3791 4227 Thessaloni-

2155 4278 2279 4317 cam
2314 4277 2516 4315 versus
2548 4260 2963 4331 profectionem
3005 4264 3412 4331 susceperunt.
3447 4260 3596 4326 Quid
3627 4275 3794 4331 porro

2154 4350 2323 4421 ipsis,
2383 4354 2692 4419 postquam
2737 4364 2802 4404 eo
2854 4353 3240 4419 pervenerunt
3283 4354 3340 4403 et
3383 4350 3791 4419 imperatorem

2156 4440 2447 4507 adierunt,
2482 4436 2809 4509 contigerit,
2840 4454 2955 4492 non
2990 4438 3169 4505 hujus
3195 4442 3283 4492 est
3311 4437 3594 4508 temporis
3627 4438 3795 4491 refer-

2158 4543 2234 4582 re.
2270 4530 2551 4580 Caeterum
2586 4525 2769 4580 facilis
2801 4525 3185 4595 prudentibus
3220 4526 3552 4594 conjectura
3584 4542 3798 4596 sugge-

2158 4620 2244 4670 ret
2274 4615 2727 4685 haudquaquam
2759 4614 2890 4669 illos
2922 4614 3240 4684 quidquam
3263 4614 3462 4684 gratiae
3494 4618 3596 4668 aut
3628 4616 3796 4668 bene-

2160 4703 2275 4758 ﬁcii
2311 4702 2490 4757 fuisse
2536 4702 2607 4757 ab
2642 4702 2987 4772 imperatore
3038 4706 3401 4772 accepturos,
3452 4701 3565 4757 nisi
3616 4719 3797 4774 quan-

2156 4798 2283 4847 tum
2329 4790 2646 4861 promereri
2689 4791 3063 4861 obsequendo
3116 4794 3432 4860 potuerunt
3481 4791 3797 4845 servientes

2160 4880 2448 4951 tempori;
2502 4880 2655 4933 unde
2706 4879 2951 4950 contigit
2980 4879 3156 4949 (quod
3217 4878 3274 4932 in
3336 4879 3542 4949 primis
3600 4880 3802 4934 avebat

2158 4968 2476 5039 imperator
2492 4972 2652 5022 tanto
2676 4967 2864 5038 magis
2896 4966 3083 5021 solum
3110 4964 3361 5035 relinqui
3382 4966 3803 5036 patriarcham,

2162 5058 2311 5113 229
2350 5056 2441 5111 his
2467 5071 2715 5125 quoque,
2750 5053 2923 5131 sicuti
2968 5054 3091 5123 jam
3126 5052 3223 5107 alii
3257 5054 3532 5122 fecerant,
3567 5056 3637 5109 ad
3675 5072 3799 5126 par-

2160 5148 2247 5200 tes
2278 5143 2649 5215 imperatoris
2679 5142 3143 5197 transeuntibus.

2404 5287 2490 5340 25.
2522 5288 2595 5341 De
2614 5286 2829 5340 sullane
2850 5282 3084 5339 Ακαίὶηο
3113 5285 3162 5338 et
3192 5282 3257 5337 de
3286 5282 3561 5339 Tocharis.

2232 5411 2601 5465 Resumenda
2645 5427 2800 5465 nunc
2868 5413 2956 5464 est
3003 5409 3228 5462 naratio
3294 5422 3488 5461 rerum
3554 5409 3802 5465 sultanis

2159 5497 2401 5565 Azatini,
2438 5498 2537 5569 qui
2564 5498 2747 5553 fatum
2778 5496 2947 5552 triste
2965 5499 3139 5566 atque
3160 5494 3481 5549 infaustum
3506 5498 3801 5567 quoddam

2162 5587 2577 5642 Macedonibus
2608 5587 2831 5642 exstitit
2851 5585 2941 5641 aio
2994 5584 3171 5639 etiam
3214 5581 3577 5655 Thracibus;
3608 5591 3807 5657 etquae

2159 5673 2304 5731 laeva
2347 5689 2612 5746 sevaquo
2660 5674 2857 5731 minax
2900 5674 3129 5729 cometa
3179 5670 3553 5741 portenderat
3598 5676 3803 5731 eventu
