4158 6280
333 297 441 354 673

1393 303 1489 354 DE
1528 303 1897 357 MICHAELE
1938 304 2380 362 PALJEOLOGO
2417 311 2549 364 LIB.
2593 311 2691 367 ΙΙΙ.

3630 321 3737 378 674

341 418 559 478 ἔκϐασιν
605 417 754 485 ἔθετο
805 422 1096 498 προφανῆ.
1147 421 1388 484 Ἐκεῖνος
1435 422 1533 495 γὰρ
1592 423 1678 476 ἐπὶ
1727 422 1982 479 πλεῖστον
2014 428 2068 493 Α
2095 427 2294 501 γνόειν,
2327 432 2387 485 τὸ
2419 439 2660 506 κρεῖττον
2692 443 2790 506 τῆς
2831 435 2980 503 λείας
3025 439 3113 494 καὶ
3163 439 3320 495 αὐτὸν
3371 439 3734 518 διαφερόντως

341 514 412 583 τῇ
465 507 877 564 Κωνσταντίνου
921 506 1325 579 προστετηκὼς,
1369 509 1458 562 καὶ
1506 508 1770 584 ὁσημέραι
1822 530 1994 584 προσ-

343 596 522 653 δοκῶν
571 595 850 666 ἐπανήξειν
899 597 1014 667 μεθ’
1064 596 1146 650 ὅτι
1197 595 1459 665 πλείστης
1507 596 1720 672 ἰσχύος,
1766 596 1878 652 ἐπεὶ
1930 601 1991 653 τὸ

341 686 392 741 ἐν
450 684 661 740 ἐλπίσιν
717 683 1031 758 ἀπέγνωστο
1063 680 1204 755 (ᾔδει
1261 684 1361 759 γὰρ
1416 683 1560 738 ἄλλα
1613 686 1706 739 τὸν
1769 686 1992 760 βασιλέα

340 773 882 849 πραγματευόμενον,
934 772 1022 826 καὶ
1081 772 1142 825 τὸ
1199 770 1365 840 κῆδος
1421 767 1598 826 ἔπειθε
1642 773 1705 827 τὸ
1735 775 1868 848 πρὸς
1899 775 1988 829 τὸν

344 866 580 936 Ἀπαγᾶν
643 862 716 922 ὡς
775 860 949 914 οὐκέθ’
1009 859 1454 934 ὑποστρέψειεν),
1513 860 1680 935 εὑρὼν
1737 867 1815 933 τῷ
1869 863 1992 917 τότε

339 953 526 1027 καιρὸν
573 950 630 1005 ὄν
681 953 714 1019 ἡ
764 953 860 1003 τοῦ
909 948 1178 1024 βασιλέως
1225 949 1420 1003 ἀπουσί
1480 946 1664 1004 δέοντά
1696 952 1746 1004 οἱ
1800 957 1992 1028 παρεῖ-

339 1063 456 1118 χεν,
491 1039 847 1114 διαμηνῦεται
877 1043 984 1093 τῶν
1015 1060 1122 1093 τινι
1156 1044 1451 1114 συγγενῶν,
1503 1039 1736 1112 ἐπιδόξῳ
1765 1062 1824 1117 γε
1875 1063 1986 1096 οντι

337 1131 475 1185 κατὰ
529 1131 597 1184 τὰ
653 1131 791 1203 πρὸς
849 1124 1045 1203 ἄρκτον
1108 1130 1244 1204 μέρη
1302 1133 1398 1182 τοῦ
1452 1129 1699 1201 Εὐξείνου
1761 1130 1986 1198 πόντου,

340 1220 604 1276 δυσωπῶν
652 1219 920 1292 ἐπαμῦναί
972 1220 1023 1272 οἱ
1091 1217 1336 1294 ἀσιδήρῳ
1392 1219 1792 1294 πεφυλαγμένῳ
1847 1222 1992 1296 παρὰ

337 1310 487 1389 φίλῳ
514 1311 593 1382 τῷ
644 1306 878 1384 βασιλεῖ,
922 1306 1072 1362 οὐδὲν
1107 1308 1309 1382 ἐχθροῦ
1342 1306 1670 1386 διαφέροντι.
1706 1312 1855 1366 Εἶναι
1888 1311 1988 1386 γὰρ

339 1400 552 1472 ἐκείνῳ,
582 1399 627 1452 εἰ
681 1396 936 1472 βούλοιτο
991 1398 1231 1472 βοηθεῖν,
1281 1397 1549 1462 συνελθεῖν
1601 1401 1992 1471 Κωνσταντίνῳ

343 1489 435 1543 καὶ
494 1484 793 1542 σπεύδοντα
848 1490 1180 1558 παροτρῦναι
1233 1489 1369 1561 πρὸς
1416 1489 1514 1557 τήν
1569 1493 1665 1541 τοῦ
1725 1487 1992 1561 βασιλέως

342 1577 614 1642 ἐπίθεσιν.
675 1577 779 1631 Καὶ
824 1576 980 1630 αὐτὸν
1043 1575 1354 1648 οἰκονομεῖν
1411 1579 1537 1651 παρ’
1586 1575 1786 1630 ἐκεῖνον
1839 1577 1990 1645 ἰέναι,

337 1668 431 1723 καὶ
492 1666 664 1728 οὕτως
696 1665 886 1738 ἐκείνῳ
936 1665 1162 1720 συνόντα
1211 1665 1336 1740 ῥᾷον
1393 1672 1512 1729 καθ’
1571 1664 1694 1720 ὁδὸν
1752 1665 1990 1720 ἐκπεσεῖν

341 1755 423 1816 εἰς
453 1760 642 1829 χεῖρας
677 1752 920 1815 ἐκείνοις.
972 1751 1022 1807 εἶ’
1072 1752 1231 1824 μόνον
1283 1755 1558 1827 Τοχαροις
1608 1753 1832 1825 συνεξίοι
1885 1756 1996 1826 ἅμα
2029 1779 2072 1841 Β

345 1843 742 1915 Κωνσταντίνῳ
793 1843 926 1914 μετᾶ
972 1841 1318 1916 Βουλγάρων.
1365 1843 1467 1898 Καὶ
1524 1842 1575 1895 εἷ’
1627 1843 1719 1914 μὲν
1757 1843 1873 1913 διλῷ
1903 1845 1993 1897 καὶ

339 1932 504 1992 αὐτὸς
553 1929 846 2004 βασιλεὺς,
896 1930 950 1983 εὗ
998 1930 1130 1984 εἶναι
1177 1936 1292 1991 τοῖς
1343 1929 1800 2002 ἐπιθησομένοις·
1853 1932 1899 1984 εἰ
1950 1929 1996 1984 δ’

342 2023 466 2090 οὖν,
514 2018 662 2074 ἀλλᾶ
710 2019 857 2075 λείαν
890 2015 1361 2094 περιϐαλομένους
1401 2017 1659 2089 πλείστην
1707 2018 1860 2090 ὅσην,
1917 2016 1995 2074 ἔτι

342 2107 409 2163 δὲ
456 2109 540 2162 καὶ
586 2112 693 2162 τῶν
742 2111 838 2162 τοῦ
887 2105 1152 2181 βασιλέως
1181 2105 1366 2161 πολλὰ
1411 2101 1675 2168 λαϐόντας
1709 2106 2000 2176 ἐπαναζευ-

340 2305 681 2373 manifesto,
701 2303 937 2375 pernice
967 2302 1204 2373 publica
1237 2301 1502 2372 patravit.
1537 2302 1641 2356 Hic
1690 2308 1998 2374 postquam

354 2395 458 2450 diu
495 2392 649 2464 apud
703 2389 1272 2460 Constantinopolim
1313 2390 1555 2445 taediosa
1599 2391 2002 2447 contabuisset

355 2499 546 2548 mora,
580 2481 637 2534 in
688 2479 812 2534 dies
867 2483 1206 2549 exspectans
1245 2477 1444 2532 reduci
1503 2494 1565 2532 se
1605 2494 1740 2532 cum
1788 2495 2000 2550 magno

363 2569 623 2628 exercitu
682 2568 742 2622 in
801 2566 1116 2634 Persidem,
1169 2565 1270 2620 ubi
1321 2583 1456 2637 spes
1503 2566 1629 2633 ejus
1679 2566 1759 2621 rei
1809 2567 2000 2623 omnis

362 2657 654 2715 exstincta
681 2655 793 2727 ipsi
828 2654 1094 2710 funditus
1124 2659 1234 2724 est,
1266 2658 1391 2708 tum
1424 2653 1600 2725 longa
1639 2655 2002 2710 inﬁnitarum

373 2745 816 2802 frustrationum
855 2744 1230 2814 experientia,
1271 2747 1395 2798 tum
1430 2744 1677 2799 maxime
1707 2745 1861 2815 quod
1889 2761 2004 2800 non

373 2835 668 2905 ignoraret
713 2833 811 2904 qui
870 2849 1001 2886 cum
1060 2831 1184 2886 suis
1233 2830 1504 2886 hostibus
1536 2831 1685 2886 clam
1737 2837 2008 2887 tractaret

377 2923 706 2992 imperator,
739 2925 797 2976 et
853 2921 1042 2974 foedus
1091 2921 1160 2974 ab
1201 2935 1266 2974 eo
1315 2919 1495 2974 ictum
1550 2936 1683 2974 cum
1734 2922 2006 2991 Apagane

373 3015 732 3080 compertum
765 3010 1026 3076 haberet,
1059 3009 1212 3063 unde
1252 3009 1398 3063 satis
1446 3009 1734 3063 intellexit
1783 3009 2005 3066 nullam

2100 516 2416 603 ᾀγομένους.
2474 523 2794 594 Μεμνῆσθαί
2851 545 2908 579 τε
2967 526 3271 601 συγγενείας
3328 516 3591 603 προτέρας
3645 531 3734 586 καὶ

2100 600 2277 673 δόξης.
2330 608 2423 662 Καὶ
2484 608 2534 662 εἷ’
2591 611 2664 682 μὴ
2701 609 2769 664 δι’
2796 610 2959 689 ἄμφω
3002 600 3091 668 καὶ
3123 615 3197 678 ὡς
3227 624 3456 690 συγγενῆ
3488 600 3732 673 σπεύδειν

2099 691 2186 744 καὶ
2243 693 2316 756 ὡς
2372 694 2664 765 ἐλπίζοντα
2722 697 3155 773 μεταλαμϐάνειν
3210 702 3375 757 πάλιν
3427 705 3493 759 τὰ
3565 705 3736 778 μείζω

2169 780 2183 798 J
2210 780 2221 799 ι
2258 788 2277 798 ι-
2402 784 2413 800 9
2504 787 2514 806 ν
2609 787 2631 803 ν
2717 785 2740 804 α
2824 785 2832 804 ι
3204 789 3211 804 ι

2101 791 2328 855 θερρειν,
2390 782 2494 838 αλλ
2571 807 2661 839 ουν
2713 787 2861 842 σι’ἷεν
2916 789 3120 844 τούτων
3183 792 3326 864 ἄξιον
3374 794 3738 868 συμπράττειν

2100 868 2325 938 οἴεσθαι,
2465 875 2539 934 ὡς
2579 881 2820 950 συγγενεῖ
2871 876 3170 950 βοηθοῦντα
3209 879 3244 948 ἢ
3299 882 3371 942 ὡς
3405 879 3583 937 εἰδότα
3611 905 3738 940 κατ-

2100 957 2349 1014 ελιεοῦντα
2382 1003 2395 1016 .
2449 966 2620 1016 Ταῦτα
2676 961 2931 1034 δηλώσας
2978 971 3056 1038 τῷ
3105 967 3231 1040 θείῳ
3288 966 3333 1022 δ’
3390 970 3735 1047 ἀποῤῥήτων,

2097 1045 2163 1100 τὰ
2212 1048 2373 1101 πιστᾶ
2422 1046 2604 1104 λαϐὼν
2655 1050 2852 1106 ἐκεῖθεν
2906 1051 2995 1108 διὰ
3047 1057 3387 1130 γραμμάτων
3444 1045 3736 1135 προσεποι-

2099 1140 2208 1188 εῖτο
2267 1135 2455 1211 ἐφετήν
2514 1139 2645 1193 εἶναι
2706 1141 2755 1193 οἱ
2821 1142 2917 1208 τὴν
2977 1143 3243 1216 βασιλέως
3272 1144 3737 1224 θέαν,καίγράμ-

2103 1245 2261 1295 μασιν
2285 1223 2489 1294 ἐδήλου
2532 1231 2610 1298 τῷ
2665 1228 2897 1301 βασιλεί,
2945 1231 3032 1284 καὶ
3084 1232 3314 1286 ἱκέτευεν
3363 1234 3563 1310 ἐφεῖναι
3600 1223 3738 1312 παρ’

2101 1309 2300 1365 ἐκεῖνον
2378 1315 2657 1387 γενέσθαι·
2740 1314 2868 1370 οὐδὲ
2923 1319 3023 1394 γὰρ
3084 1319 3275 1374 ἀνεκτά
3335 1309 3409 1375 oi,
3462 1324 3594 1377 εἶναι
3651 1309 3739 1380 ἐπὶ

2099 1404 2354 1454 τοσοῦτον
2410 1401 2720 1476 ἐστερῆσθαι
2778 1413 2879 1473 τῆς
2935 1404 3223 1479 βασιλικῆς
3255 1405 3447 1480 ὅψεως.
3499 1412 3559 1467 Εἰ
3609 1418 3738 1488 γοῦν

2100 1489 2450 1560 προστάσσοιο
2512 1491 2560 1544 εἷ’
2612 1489 2656 1545 δ’
2714 1491 2828 1560 οὖν,
2891 1493 3017 1548 ἀλλ’
3073 1497 3234 1549 αὐτὸν
3284 1497 3396 1566 ἥξει
3424 1500 3509 1553 καὶ
3545 1500 3737 1570 οὕτως,

2102 1575 2212 1630 ἐπεὶ
2273 1578 2440 1642 πόθος
2498 1578 2696 1654 ἐπείγει
2754 1582 2839 1635 καὶ
2894 1589 3173 1656 τυραννεῖ.
3230 1588 3410 1640 Ταῦτα
3470 1591 3649 1658 μαθὼν
3710 1591 3737 1643 ὁ

2106 1662 2380 1738 βασιλεὺς,
2433 1668 2539 1738 (καὶ
2589 1673 2692 1722 ποῦ
2739 1669 2839 1743 γὰρ
2884 1670 2975 1723 τὸν
3029 1666 3190 1725 δόλον
3233 1673 3376 1746 εἶχεν
3431 1675 3738 1751 ὑπονοεῖνς)

2104 1748 2192 1804 διὰ
2258 1752 2591 1825 γραμμάτων
2672 1759 2752 1828 [Ρ.
2814 1759 2938 1827 154]
2999 1756 3210 1832 ἐφίησιν
3278 1760 3558 1834 ἀφικέσθαι
3613 1748 3739 1838 παρ’

2103 1838 2339 1893 ἐκεῖνον·
2394 1839 2526 1895 ἰδεῖν
2583 1843 2682 1916 γὰρ
2739 1845 2828 1897 καὶ
2881 1843 3129 1906 δυτικοὺς
3181 1848 3380 1911 τόπους
3437 1853 3742 1925 ἐγγενέσθαι

2105 1928 2178 1994 oi,
2234 1926 2324 1989 οὓς
2372 1930 2473 1984 οὐκ
2527 1931 2595 1998 ἦν
2649 1934 2774 2005 ὁρᾷν
2817 1934 2932 1986 κατ’
2959 1931 3224 1998 ἀνατολὰς
3253 1933 3520 2010 διάγοντα.
3553 1943 3614 1997 Ὀ
3647 1941 3741 2012 μὲν

2106 2015 2196 2069 οὗν
2255 2016 2501 2072 -σουλτὰν
2582 2017 2918 2094 ἐκχωρῃθείς
2997 2023 3094 2090 τὴν
3177 2020 3357 2092 ἔξοδον
3427 2025 3739 2102 ἐπετάχυνε,

2104 2105 2192 2158 καὶ
2249 2104 2462 2174 πλῆθος
2510 2109 2812 2181 χρημάτων
2870 2109 3044 2186 ἀφεὶς,
3102 2104 3179 2163 ἔτι
3239 2109 3295 2165 δὲ
3341 2114 3430 2168 καὶ
3487 2122 3744 2190 γυναῖκας

2106 2302 2380 2359 felicitate
2408 2304 2468 2359 in
2501 2321 2674 2376 quam
2712 2307 3009 2363 miseriam
3041 2313 3158 2364 tam
3210 2314 3336 2366 arta
3378 2312 3489 2382 ipsi
3529 2329 3744 2385 cogna-

2110 2392 2287 2447 tionis
2320 2394 2752 2450 necessitudine
2775 2396 3080 2452 devinctus
3103 2398 3376 2471 princeps
3407 2401 3746 2466 decidisset,

2108 2485 2386 2550 reputans
2421 2481 2750 2537 miseretur.
2787 2486 3002 2548 Quodsi
3035 2485 3155 2540 haec
3186 2504 3391 2558 parum
3453 2494 3750 2544 moverent

2111 2569 2180 2622 ad
2199 2570 2534 2624 audendum
2551 2573 2700 2642 quod
2722 2574 3176 2642 suadel)atur,ae
3195 2577 3444 2632 fructum
3469 2578 3750 2647 cogitaret

2110 2655 2245 2710 inde
2277 2657 2386 2727 ipsi
2420 2665 2835 2728 proventurum
2885 2663 3122 2717 uberem
3154 2665 3240 2720 vel
3295 2681 3569 2721 successu
3612 2667 3748 2721 belli

2110 2743 2339 2798 lucroso
2375 2747 2742 2819 praemiisque
2769 2749 3045 2820 victoriae,
3076 2751 3163 2806 vel
3195 2769 3226 2806 a
3257 2753 3490 2823 propria
3510 2754 3749 2824 gratitu-

2113 2832 2247 2887 dine
2277 2834 2365 2886 sui
2393 2834 2600 2904 ipsius,
2635 2841 2941 2907 postquam
2974 2855 3101 2894 sese
3141 2839 3200 2894 in
3234 2845 3452 2895 statum
3501 2842 3745 2896 fortunas

2115 2921 2427 2991 pristinum
2482 2925 2824 2992 reposuerit,
2872 2927 3068 2981 omnia
3126 2928 3419 2983 liberatori
3471 2929 3746 2986 debituri.

2115 3008 2242 3062 Haec
2292 3010 2339 3064 si
2388 3010 2721 3066 viderentur
2766 3013 2994 3069 inﬁrma
3051 3015 3304 3087 singula,
3343 3016 3517 3070 simul
3552 3021 3748 3072 tamen

370 3098 487 3153 sibi
519 3097 798 3152 redeundi
830 3112 1086 3167 unquam
1135 3095 1390 3166 amplius
1421 3097 1492 3150 ad
1527 3097 1812 3151 amissum
1847 3099 2006 3169 prin-
2035 3129 2076 3195 C
2116 3099 2425 3168 conjuncta
2454 3100 2652 3154 omnia
2680 3103 2794 3156 vim
2829 3102 3039 3157 habere
3069 3103 3381 3158 maximam
3415 3105 3568 3175 apud
3619 3106 3746 3173 ejus

365 3189 627 3259 cipatum
691 3186 973 3257 reliquam
1021 3200 1150 3240 esse
1182 3185 1458 3240 ﬁduciam
1518 3186 1749 3256 debere,
1796 3192 2004 3242 nactus

361 3276 800 3331 accomodatam
835 3274 957 3329 suis
1013 3273 1338 3328 rationibus
1368 3273 1758 3340 occasionem,
1790 3276 2001 3330 absen-

363 3367 508 3421 tiam
540 3363 933 3435 imperatoris,
968 3362 1180 3434 allegat
1215 3363 1391 3416 ﬁdum
1424 3363 1532 3418 sibi
1579 3364 1874 3419 hominem
1932 3365 2003 3419 ad

364 3454 684 3527 quemdam
704 3469 734 3507 e
759 3451 1023 3522 cognatis
1053 3451 1112 3504 in
1146 3451 1576 3520 septentrionali
1604 3452 1807 3505 Euxini
1844 3453 2008 3507 Ponti

367 3547 560 3596 tractu
594 3543 1034 3611 praepotentem,
1059 3554 1232 3592 orans
1261 3543 1325 3592 ut
1355 3538 1466 3592 sibi
1511 3539 1845 3593 subveniret
1867 3539 2010 3593 citra

364 3632 592 3686 ferrum
625 3633 684 3682 et
713 3625 945 3681 vincula
975 3625 1242 3681 custodia
1273 3627 1506 3680 detento
1557 3628 1628 3680 ab
1662 3627 2009 3699 imperatore

363 3718 561 3774 amico
597 3717 654 3771 in
690 3715 962 3788 speciem,
995 3731 1193 3771 revera
1223 3713 1372 3768 nihil
1404 3715 1476 3769 ab
1498 3715 2006 3771 hostediff’erente.

361 3814 551 3863 Posse
580 3806 734 3861 enim
758 3804 925 3859 illum
947 3803 1134 3868 facile,
1154 3803 1417 3871 sivellet,
1446 3803 1711 3858 auxiliari
1737 3805 1846 3858 sibi
1872 3822 2012 3875 opes

360 3913 506 3954 cum
563 3894 946 3949 Constantino
1006 3893 1432 3962 conjungendo,
1486 3897 1542 3945 et
1594 3893 1750 3946 hunc
1807 3899 2011 3963 sponte

359 3988 706 4040 currentem
747 3981 1043 4035 incitando
1085 3981 1155 4034 ad
1210 3980 1552 4034 irruendum
1584 3980 1897 4050 improviso
1954 3981 2011 4034 in

360 4075 808 4142 imperatorem.
845 4069 981 4124 Sese
1007 4069 1196 4139 ipsum
1233 4070 1349 4137 iam
1389 4068 1447 4121 id
1474 4083 1663 4138 agere,
1697 4085 1761 4122 ac
1809 4085 2015 4124 conse-

357 4168 646 4221 cuturum
678 4177 929 4232 sperare,
965 4164 1028 4214 ut
1059 4159 1218 4214 adire
1247 4158 1657 4229 imperatorem
1688 4159 1798 4213 sibi
1824 4159 2015 4228 liceat,

359 4269 440 4307 eo
473 4249 717 4304 consilio
750 4253 814 4303 ut
847 4263 1101 4320 praesens
1132 4263 1265 4302 eum
1299 4245 1744 4301 dissimulanter
1768 4246 1825 4301 in
1855 4264 2018 4318 para-

362 4345 467 4395 tas
531 4355 634 4410 per
674 4338 821 4392 viam
863 4337 1109 4392 insidias
1162 4336 1502 4407 praecipitet.
1537 4336 1741 4390 Venire
1788 4341 2017 4391 tantum

362 4435 432 4484 et
483 4428 728 4482 eductos
800 4441 1000 4480 secum
1062 4424 1356 4479 Tochoros
1437 4441 1568 4479 cum
1641 4425 2020 4480 Constantino

369 4515 767 4588 Bulgarisque
795 4513 853 4568 in
878 4529 1250 4568 communem
1277 4513 1703 4582 expeditionem
1729 4513 2014 4581 traheret;

366 4622 446 4663 ac
480 4605 529 4660 si
564 4604 824 4675 quidem,
855 4603 1010 4671 quod
1036 4617 1282 4670 pronum
1315 4606 1550 4671 speratu
1577 4600 1900 4664 videbatur,
1927 4618 2021 4655 ca-

369 4697 620 4768 peretur
651 4693 991 4763 imperator,
1028 4689 1193 4744 facile
1225 4705 1502 4760 apparere
1549 4694 1835 4757 quantum
1867 4691 2020 4745 230

370 4783 516 4837 inde
546 4782 832 4836 bonorum
866 4779 925 4833 in
959 4779 1118 4848 ipsos
1142 4778 1605 4832 redundaturum
1631 4782 1821 4831 esset:
1850 4777 1940 4832 sin
1963 4779 2020 4833 id

370 4889 496 4927 non
546 4869 912 4935 succederet,
974 4871 1126 4922 certe
1178 4883 1291 4920 non
1355 4881 1526 4935 posse
1576 4864 1828 4918 dubitari
1878 4867 2021 4936 quin

369 4958 836 5032 questuossima
865 4955 975 5026 ipsi
1010 4955 1159 5010 foret
1197 4954 1310 5009 ista
1350 4953 1581 5023 militia,
1614 4951 1816 5022 utique
1847 4955 2023 5008 redu-

369 5055 546 5104 cturo
597 5064 665 5101 ex
712 5062 778 5101 ea
829 5045 1025 5115 copias
1082 5048 1323 5098 onustas
1383 5041 1578 5111 opima
1620 5043 1831 5111 praeda,
1890 5059 2021 5098 cum

368 5136 628 5192 aliarum
661 5134 854 5189 omnis
902 5131 1132 5204 generis
1182 5146 1398 5199 rerum,
1432 5134 1555 5183 tum
1600 5134 1924 5199 apparatus
1958 5147 2023 5186 ac

369 5222 763 5295 supellectilis
797 5221 1207 5292 imperatoriae,
1242 5236 1310 5274 ex
1340 5217 1554 5288 quibus
1595 5218 1855 5287 excipere
1906 5219 2020 5274 sibi

369 5311 934 5384 praestantissimum
956 5310 1211 5380 quidque
1241 5313 1454 5379 posset,
1482 5310 1538 5361 et
1567 5305 1761 5376 ipsum
1783 5323 2029 5363 consan-

369 5399 657 5471 guineum
678 5398 1000 5469 supplicem
1023 5397 1260 5468 indigna
1283 5394 1556 5450 custodia
1579 5399 1842 5465 ereptum
1869 5396 2029 5452 inco-

370 5490 581 5544 lumen
613 5505 678 5542 ac
726 5487 980 5541 liberum
1037 5502 1169 5540 cum
1226 5483 1498 5555 pretiosis
1538 5481 1741 5553 spoliis
1784 5486 2025 5542 domum

374 5575 662 5646 recipere.
719 5573 1081 5632 Meminisset
1137 5572 1350 5644 prioris
1394 5586 1513 5626 suae
1559 5569 1776 5640 gloriae,
1828 5589 1896 5628 ex
1920 5591 2034 5645 qua

2115 3186 2378 3242 animum
2414 3205 2514 3258 par
2543 3205 2690 3244 esse.
2723 3192 2924 3258 Ageret
2967 3191 3166 3262 igitur,
3187 3196 3243 3245 et
3273 3192 3358 3246 vel
3390 3192 3747 3262 consangui-

2117 3275 2318 3330 nitatis
2343 3282 2605 3348 respectu
2631 3278 2844 3332 auxilio
2866 3278 3200 3343 veniret,vel
3224 3296 3343 3333 sum
3366 3279 3746 3345 infelicitatis,

2115 3379 2290 3431 quam
2321 3364 2432 3435 ipsi
2465 3365 2969 3436 aperiret,-'notitia
2998 3366 3238 3437 indigna
3269 3367 3547 3422 ferentem
3575 3370 3749 3423 mise-

2118 3457 2360 3506 raretur.
2410 3455 2512 3507 His
2546 3471 2756 3510 arcano
2807 3455 3084 3525 expositis
3142 3461 3373 3525 patruo,
3423 3455 3752 3526 litterisque

2118 3540 2307 3611 ipsius
2340 3543 2562 3596 mutuis
2611 3559 2854 3597 assensu
2897 3543 3084 3613 ipsius
3125 3543 3353 3613 ﬁdeque
3385 3550 3638 3614 accepta,
3673 3545 3752 3599 si-

2125 3628 2366 3682 mulavit
2387 3629 2716 3684 desiderare
2745 3647 2807 3685 se
2833 3633 3109 3701 majorem
3135 3631 3192 3685 in
3222 3633 3460 3686 modum
3485 3649 3755 3703 conspec-

2124 3724 2243 3770 tum
2272 3717 2656 3788 imperatoris,
2691 3719 2746 3770 in
2780 3735 3027 3789 eamque
3059 3720 3406 3774 sententiam
3465 3722 3533 3774 ad
3566 3720 3755 3791 impe-

2126 3809 2377 3860 ratorem
2412 3803 2667 3876 scripsit,
2702 3822 2875 3859 orans
2909 3807 3083 3861 etiam
3126 3815 3295 3878 atque
3344 3808 3513 3861 etiam
3549 3812 3612 3862 ut
3641 3808 3755 3862 sibi

2127 3893 2490 3963 permitteret
2523 3892 2715 3963 ipsum
2761 3893 3141 3963 adire.Neque
3159 3894 3312 3947 enim
3338 3893 3449 3947 sibi
3465 3895 3767 3950 tolerabile

2128 3979 2306 4034 videri
2341 3986 2504 4034 tanto
2528 3982 2653 4049 jam
2690 3987 2946 4049 tempore
2975 3997 3084 4035 usu
3118 3997 3182 4034 ac
3214 3981 3342 4034 visu
3375 3981 3589 4049 privari
3622 3981 3758 4036 cha-

2127 4067 2347 4122 rissimi
2376 4074 2550 4138 atque
2577 4068 3020 4123 honoratissimi
3050 4068 3160 4123 sibi
3205 4069 3482 4138 principis
3514 4085 3526 4124 :
3555 4071 3761 4138 jubere

2129 4157 2308 4228 igitur
2337 4156 2774 4227 quamprimum
2801 4157 3139 4227 dignaretur
3168 4173 3229 4210 se
3251 4157 3479 4224 venire;
3520 4158 3609 4212 sin
3632 4173 3764 4228 gra-

2129 4245 2336 4299 tiﬁcari
2370 4244 2476 4298 hoc
2508 4245 2617 4299 sibi
2671 4245 2944 4311 differret,
2986 4247 3163 4300 sciret
3193 4249 3358 4300 tanta
3387 4263 3449 4300 se
3501 4247 3588 4300 uri
3639 4248 3769 4317 ejus

2131 4350 2324 4388 coram
2367 4333 2631 4387 intuendi
2660 4333 3002 4404 cupiditate,
3038 4339 3102 4387 ut
3145 4333 3240 4391 vix
3287 4333 3398 4388 sibi
3447 4337 3770 4404 temperare

2134 4426 2384 4492 posseta
2413 4422 2768 4491 profectione
2801 4421 2950 4476 istuc
2972 4422 3203 4489 injussu
3248 4422 3528 4475 tentanda
3561 4440 3574 4488 ;
3610 4423 3764 4492 quod

2054 4493 2100 4556 D
2132 4511 2180 4565 si
2216 4509 2671 4581 faceretignosci
2703 4526 2932 4579 aequum
2963 4511 3471 4580 fore,tyrannicam
3501 4525 3629 4564 esse
3651 4510 3765 4564 vim

2133 4598 2430 4664 desiderii,
2471 4604 2528 4652 et
2556 4613 2861 4668 erumpere
2919 4597 3263 4668 plerumque
3321 4598 3472 4652 ultra
3523 4597 3770 4652 rationis

2133 4692 2305 4758 atque
2328 4686 2570 4741 humani
2602 4686 2825 4740 arbitrii
2861 4686 3199 4756 praescripta
3227 4686 3455 4740 frenum
3485 4685 3771 4741 eluctatos

2132 4777 2260 4845 ejus
2282 4774 2556 4844 impetus.
2590 4774 2690 4828 His
2707 4774 3022 4845 imperator
3037 4773 3307 4845 acceptis,
3337 4790 3439 4829 nec
3453 4774 3770 4845 quidquam

2133 4867 2204 4919 de
2237 4863 2480 4919 occultis
2513 4880 2659 4933 quas
2687 4863 3490 4919 diximusmachinationibus
3515 4863 3774 4934 suspica-

2136 4959 2254 5019 tus,
2287 4953 2585 5025 rescripsit
2615 4953 2951 5008 humaniter
2981 4953 3294 5025 indulgens
3343 4953 3560 5008 sultani
3617 4952 3774 5024 quod

2138 5043 2390 5114 petebat,
2423 5043 2577 5098 ultro
2611 5043 2752 5113 quin
2793 5043 2968 5096 etiam
3019 5042 3270 5097 invitans
3301 5043 3371 5097 ad
3407 5041 3772 5096 occasionem

2141 5132 2547 5202 usurpandam
2577 5131 2803 5186 visendi
2861 5131 3184 5200 provincias
3216 5135 3272 5185 et
3326 5130 3501 5184 urbes
3535 5127 3779 5182 Occidui

2141 5223 2383 5283 tractus,
2421 5235 2666 5289 quarum
2707 5235 3009 5289 nunquam
3033 5219 3340 5282 hactenus,
3375 5216 3591 5287 quippe
3619 5232 3777 5269 sem-6

2141 5324 2240 5380 per
2272 5311 2528 5362 moratus
2559 5306 2618 5360 in
2663 5305 2920 5372 Oriente,
2978 5323 3171 5360 coram
3222 5310 3278 5360 et
3328 5322 3437 5358 usu
3503 5302 3779 5374 praesenti

2141 5396 2675 5466 cognoscendarum
2703 5395 2868 5466 copia
2892 5394 3002 5465 ipsi
3029 5393 3520 5464 contigisset.Non
3548 5391 3779 5470 distulit

2139 5483 2335 5541 sultan
2384 5500 2661 5538 concessa
2712 5485 2856 5539 231
2925 5483 3006 5537 uti
3057 5481 3352 5548 facultate,
3405 5481 3505 5534 sed
3555 5479 3779 5544 statim,

2142 5572 2404 5645 pecuniae
2427 5587 2641 5643 magna
2671 5572 2724 5626 vi
2768 5587 3065 5642 opumque
3095 5573 3456 5638 ceterarum,
3505 5568 3785 5624 uxoribus
