4158 6280
457 269 567 326 675

1758 272 2057 332 GEORGII
2094 273 2556 334 PACHYMERE

3745 280 3846 336 676

453 394 540 447 καὶ
573 392 731 448 τέκνα
758 393 845 448 καὶ
898 392 1137 472 ἀδελφὴν
1189 395 1277 449 καὶ
1329 394 1558 470 μητέρα,
1605 395 1667 450 τὸ
1719 395 2096 469 μὲνέπιλύων
2128 403 2182 469 Α
2215 400 2377 454 Ταῦτ’
2431 396 2531 472 ἄρα
2580 401 2667 454 καὶ
2716 401 2828 473 ἅμα
2861 401 2956 473 μὲν
3005 402 3031 455 6
3083 399 3333 477 βασιλεὺς
3379 400 3514 476 πρὸς
3559 403 3658 472 τήν
3691 402 3848 458 πόλιν

452 483 552 550 τὴν
585 481 840 555 ὑποψίαν,
889 483 951 536 τὸ
995 480 1051 536 δὲ
1097 483 1283 537 καὶτὰ
1331 481 1585 555 ἐμποδὼν
1643 485 1930 556 ὑποτεμεῖν
1983 482 2102 560 ἄρι-

457 593 578 628 στον
627 571 808 646 γνοὺς,
868 567 1024 644 ἔξεισι
1055 570 1145 624 σὺν
1188 577 1303 632 τοῖς
1337 571 1556 634 οἰκείοις
1585 579 1683 642 τῆς
1730 572 1964 639 πόλεως,
2011 573 2103 628 καὶ

451 655 776 716 καταλαϐεῖν
827 661 918 714 τὸν
975 659 1200 734 βασιλέα
1248 659 1525 734 ἠπείγετο.
1584 666 1637 712 Ὁ
1683 658 1739 714 δέ
1797 682 1860 734 γε
1919 661 2104 736 ῥηθεὶς

453 752 596 811 Οεῖος
644 748 851 803 ἐκείνου
881 749 1026 822 παρὰ
1053 749 1142 802 τὸν
1198 748 1420 823 βασιλέα
1453 747 1781 823 Βουλγάρων
1817 753 2099 804 Κωνσταν-

447 844 594 893 τῖνον
646 839 907 913 γεγονὼς,
966 839 998 906 ἢ
1063 835 1273 910 μᾶλλον
1327 838 1427 905 τὴν
1484 836 1692 892 ἐκείνου
1725 839 1974 912 σύζυγον,
2006 838 2098 902 τὰς

449 927 586 980 κατὰ
662 925 931 1000 βασιλέως
1021 927 1296 995 ὑποθήκας
1379 925 1679 1000 προτείνων
1759 926 1848 980 καὶ
1923 924 2094 980 πάλαι

448 1015 982 1088 παρακεκινημένους
1035 1011 1209 1068 ἔπειθε
1243 1057 1255 1068 .
1309 1014 1407 1067 Καὶ
1457 1011 1522 1081 δὴ
1583 1013 1802 1087 πέμψας
1867 1035 2094 1087 μετακα-

449 1105 624 1158 λεῖται
673 1101 889 1171 πλῆθος
933 1102 1198 1177 Τοχάρων
1249 1102 1324 1164 ὡς
1366 1099 1756 1174 κερδανοῦντας
1796 1101 2006 1172 αὐτίκα,
2050 1103 2093 1157 εἰ

451 1191 706 1261 ἐπεξίοιεν
759 1192 852 1263 ἅμ’
905 1190 1050 1261 αὐτῷ
1079 1190 1170 1244 καὶ
1200 1190 1553 1264 Βουλγάροις.
1603 1192 1668 1248 Οἳ
1701 1188 1757 1245 δὲ
1785 1191 1873 1244 καὶ
1905 1189 2092 1253 ἄλλως

450 1283 664 1349 πλῆθος
709 1275 855 1340 ὄντες
906 1278 1210 1351 αὐτόνομον
1264 1275 1339 1332 ἔτι
1391 1275 1567 1351 (οῧπω
1616 1279 1716 1354 γὰρ
1766 1279 1966 1340 τελέως
2014 1284 2092 1351 τῷ

448 1371 601 1442 Νογᾷ
641 1370 760 1430 καθ’
811 1367 1086 1437 ὑπηκόους
1120 1366 1509 1443 ὑποτετάχατοο
1545 1369 1570 1421 ὁ
1625 1369 1727 1442 γὰρ
1767 1369 1945 1442 Νογᾶς
1970 1367 2091 1423 τότε

446 1457 679 1530 πρώτως
725 1457 1044 1510 ἀποστατεῖν
1091 1461 1198 1510 τῶν
1250 1455 1523 1510 δεσποτῶν
1569 1453 1775 1530 ἤρχετο
1817 1457 1904 1510 καὶ
1933 1455 2092 1532 φίλος

446 1546 512 1613 ἦν
544 1545 658 1598 κατ’
717 1543 909 1604 αὐτοὺς
970 1543 1020 1596 ἐν
1075 1541 1181 1616 ⁸ίσῳ
1239 1541 1461 1619 διᾶγων,
1515 1543 1594 1598 ὅτι
1645 1545 1731 1597 καὶ
1767 1546 1881 1615 μετ’
1912 1545 2089 1598 αὐτῶν

448 1631 780 1696 ἀποσταλεὶς
835 1635 958 1706 παρ’
1018 1631 1233 1686 ἐκείνων
1294 1633 1359 1686 οὐ
1415 1637 1493 1703 τῷ
1555 1634 1722 1705 Κάνῃ,
1782 1633 1856 1693 ὡς
1929 1633 2083 1686 αὐτοὶ

449 1727 624 1799 φαῖεν,
676 1721 771 1784 τὰς
828 1721 1015 1794 χώρας
1061 1719 1271 1789 ἐκτᾶτο,
1323 1717 1446 1774 ἀλλ’
1497 1720 1765 1794 ἀρετὼσας
1796 1716 1924 1773 ἰδὼν
1964 1718 2084 1774 ἐαυ-
2120 1760 2167 1824 Β

483 1815 508 1824 -
606 1809 617 1824 .
739 1809 752 1824 η
831 1809 842 1824 ,
1029 1807 1042 1824 ς
1254 1809 1300 1824 ι..
1397 1813 1407 1824 .
1485 1806 1509 1822 ,ι
1562 1809 1573 1824 .
1641 1808 1653 1824 ς
1745 1807 1756 1823 ,
2015 1808 2027 1824 ,

443 1815 522 1882 τῷ
573 1809 662 1864 σὺν
736 1809 958 1870 ἐκείνοις
1024 1807 1412 1885 ἐσφετερίζετο)
1479 1806 1573 1880 ἅμ’
1631 1807 1915 1873 ἀκούοντες
1968 1808 2090 1863 τότε

445 1895 722 1966 ἔσπευδον,
775 1895 927 1967 δίκην
963 1901 1136 1950 κυνῶν
1185 1896 1386 1970 ἀγαθὰς
1437 1898 1623 1971 χώρας
1667 1896 2086 1971 κατατρωξείον-

442 2009 552 2048 τες.
601 1989 718 2042 Ἔτι
771 1983 827 2039 δὲ
870 1985 958 2039 καὶ
1006 1985 1067 2038 τὸ
1116 1982 1284 2053 κῆδος
1331 1986 1393 2040 τὸ
1442 1985 1575 2058 πρὸς
1615 1989 1788 2059 Νογᾶν
1822 1981 1974 2038 οὔπω
2017 1986 2084 2053 ἦν

445 2077 706 2134 συνεστὼς
736 2117 749 2142 ,
807 2072 938 2146 ὅπερ
997 2072 1130 2145 μετὰ
1173 2076 1340 2128 ταῦτα
1403 2071 1491 2126 ἐπὶ
1560 2071 1704 2144 νόθῳ
1751 2071 1972 2147 θυγατρὶ
2015 2077 2082 2146 τῇ

440 2162 757 2242 Εὐφροσύνῃ
805 2163 832 2216 6
886 2166 1095 2235 κρατῶν
1145 2162 1282 2236 πρὸς
1333 2159 1534 2215 ἐκεῖνον
1576 2158 1778 2233 ἔμελλε
1809 2165 2080 2232 συνιστᾷν.

450 2381 726 2451 praeterea
756 2375 1075 2450 liberisque
1106 2394 1240 2432 cum
1271 2392 1468 2433 sorore
1501 2394 1564 2433 ac
1595 2381 1782 2433 matre
1811 2381 2092 2433 Constan-

450 2465 693 2537 tinopoli
727 2465 972 2532 relictis,
1005 2465 1198 2520 itineri
1232 2481 1294 2521 se
1324 2465 1504 2520 dedit.
1531 2467 1854 2521 Tantorum
1886 2467 2092 2537 pigno-

444 2571 576 2610 rum
605 2555 687 2608 ibi
725 2555 1215 2610 dimittendorum
1248 2571 1426 2610 causa
1455 2554 1542 2608 illi
1564 2554 1676 2610 fuit
1705 2555 1917 2626 partim
1950 2571 2092 2609 cura

444 2644 672 2699 celandi
704 2660 830 2714 quae
861 2645 1145 2714 coquebat
1175 2642 1466 2711 animo,et
1495 2659 1728 2698 omnem
1759 2660 1791 2697 a
1813 2660 1874 2698 se
1893 2642 2086 2713 suspi-

448 2733 677 2788 cionem
712 2731 1050 2798 amoliendi,
1082 2732 1298 2802 partim
1332 2732 1590 2802 prudens
1630 2737 1822 2787 metus
1855 2749 1924 2786 ne
1967 2748 2083 2786 non

448 2821 591 2875 satis
623 2820 929 2889 expeditus
977 2825 1133 2874 esset
1189 2820 1260 2874 ad
1294 2835 1362 2873 ea
1413 2837 1538 2891 quae.
1572 2820 1984 2890 meditabatur,
2040 2819 2087 2874 si

447 2909 630 2964 tantis
663 2908 973 2962 charorum
997 2908 1253 2979 capitum
1275 2908 1582 2964 affectibus
1611 2912 1668 2963 et
1697 2909 2084 2979 pretiosarum

452 2997 820 3052 sarcinarum
881 2997 1318 3068 impedimentis
1377 2997 1802 3067 implicaretur.
1856 2997 1942 3050 Ita
1990 2995 2087 3051 ille

444 3101 578 3140 cum
613 3084 884 3140 familiari
908 3086 1187 3138 comitatu
1217 3101 1488 3156 egressus
1512 3086 1654 3140 urbe
1677 3086 1746 3139 ad
1764 3084 2084 3156 imperato-

442 3189 564 3227 rem
591 3172 924 3227 festinabat.
944 3172 1178 3226 Interim
1213 3177 1404 3227 autem
1431 3174 1560 3242 ejus
1592 3179 1833 3244 patruus
1864 3174 2086 3244 profec-

439 3264 536 3315 tus
570 3261 639 3315 ad
677 3260 1121 3314 Constantinum
1167 3260 1548 3332 Bulgarorum
1581 3277 1797 3332 regem,
1844 3278 1973 3316 cum
2007 3261 2080 3329 ei,

439 3355 562 3404 tum
597 3349 973 3420 potissimum
997 3351 1125 3418 ejus
1141 3350 1376 3420 conjugi
1401 3350 1642 3404 consilia
1666 3351 1777 3405 sibi
1811 3355 2084 3421 suggesta

449 3437 823 3508 imperatoris
871 3437 1182 3492 invadendi
1243 3439 1734 3507 communicavit;
1777 3444 1832 3494 et
1892 3439 2082 3503 facile,

445 3525 588 3581 olim
603 3525 871 3580 videlicet
891 3543 956 3581 eo
971 3527 1540 3598 propendentes,quo
1557 3527 1785 3583 volebat
1803 3527 2078 3599 perpulit.

444 3615 574 3685 Ipse
607 3613 809 3669 statim
842 3614 1014 3670 certis
1047 3614 1386 3670 hominibus
1440 3616 1754 3672 submissis
1802 3633 2080 3687 magnum

448 3703 519 3756 ad
544 3719 606 3758 se
627 3703 952 3758 Tocharum
992 3719 1303 3759 nume-rum
1355 3705 1628 3760 evocavit.
1674 3709 1790 3760 Nec
1847 3704 2082 3759 difficile

458 3791 571 3846 fuit
597 3792 869 3863 pellicere
913 3808 1016 3864 spe
1060 3794 1408 3848 ostentanda
1464 3795 1721 3865 ingentis
1770 3810 1834 3847 ac
1894 3793 2080 3860 parati

440 3879 664 3948 lucri,si
703 3881 999 3950 conjuncti
1030 3881 1296 3952 Bulgaris
1329 3883 1648 3952 praedatum
1701 3881 1759 3935 in
1792 3881 2080 3935 Romano-

444 3985 575 4022 rum
621 3974 809 4023 terras
863 3970 1106 4023 exirent.
1161 3969 1490 4025 'l'ocharum
1552 3985 1866 4024 numerosa
1938 3986 2081 4040 gens

440 4061 580 4112 tunc
601 4056 793 4111 adhuc
827 4057 916 4111 sui
963 4057 1120 4127 juris
1151 4063 1312 4112 erat:
1347 4059 1605 4112 nondum
1639 4057 1795 4113 enim
1819 4073 1945 4112 eam
1970 4057 2081 4111 sibi

445 4144 612 4216 plene
639 4145 802 4215 Nega
849 4146 1314 4215 subjecerat.Hic
1333 4146 1600 4201 videlicet
1623 4147 1782 4216 Noga
1804 4145 2083 4201 rebellare

428 4238 568 4289 tunc
596 4234 854 4304 primum
884 4238 941 4288 et
991 4234 1363 4288 dominorum
1391 4236 1604 4305 jugum
1636 4239 1905 4290 excutere
1931 4233 2081 4288 inci-

443 4321 662 4400 piebat,
705 4322 875 4376 amici
937 4321 1337 4376 familiaritate
1405 4339 1538 4377 cum
1611 4322 1900 4377 militibus
1961 4323 2082 4378 suis

441 4409 722 4466 Tocharis
776 4413 833 4464 et
886 4410 1219 4480 aequalitate
1251 4411 1404 4465 civili
1462 4412 1683 4478 vivens,
1719 4412 1910 4466 socios
1939 4417 2080 4466 tunc

2212 486 2278 540 τὰ
2307 488 2441 541 κατά
2471 484 2620 542 δύσιν
2667 488 2966 564 περιελθὼν
3009 487 3229 544 ἐνέτεινε
3273 488 3371 551 τὰς
3418 487 3595 560 ὁδοὺς,
3648 491 3760 563 ἅμα
3807 490 3849 546 δ’

2211 573 2407 628 ἐκεῖνοι
2483 573 2734 652 ἐξαίφνης
2809 574 3245 652 καταδραμόντες
3317 576 3406 630 σὺν
3466 580 3847 652 Κωνσταντίνῳ

2212 664 2304 723 τὰς
2362 661 2674 738 δυσχωρίας
2727 669 2823 717 τοῦ
2878 663 3055 737 Αἵμου
3107 662 3471 726 διεκπαίοντες
3528 666 3844 738 παμπληθεῖ

2211 756 2452 828 φανερῶς
2510 750 3026 828 ἐστρατοπεδεύοντο
3062 795 3076 810 .
3139 754 3254 810 Οὐκ
3309 754 3374 822 ἧν
3435 751 3492 808 δὲ
3548 754 3764 819 τούτοις
3812 760 3842 827 ἡ

2207 840 2448 910 σύνταξις
2497 840 2593 913 μία
2622 841 2710 895 καὶ
2762 839 2842 918 ἐφ’
2873 840 2947 894 ἐνὶ
3005 842 3156 914 τόπῳ
3208 846 3460 918 κυροῦσα,
3494 841 3617 897 ἀλλ’
3649 843 3845 919 ἀγελη-

2207 926 2296 982 δὸν
2357 931 2472 983 κατ’
2525 929 2796 1002 εὐλαμοὺς
2856 927 3258 998 ἐσκεδαννυντο,
3315 931 3403 984 καὶ
3453 931 3590 985 κατὰ
3642 932 3844 1007 λόχους

2205 1019 2318 1089 ἅμα
2345 1023 2462 1081 τοῖς
2489 1016 2680 1080 ἄλλοις
2713 1014 3114 1091 προσέϐαλλον,
3147 1019 3232 1072 καὶ
3264 1017 3410 1073 δεινᾶ
3452 1017 3695 1088 ἐποίουν,
3730 1043 3844 1076 σχυσ

2204 1103 2470 1174 λεύοντες,
2524 1105 2876 1182 σφάττοντες,
2925 1105 3306 1180 ἀπαγόμενοι,
3359 1104 3512 1161 οὐδὲν
3571 1109 3600 1162 ’ὀ
3659 1129 3710 1162 τι
3770 1111 3838 1179 μὴ

2201 1194 2527 1266 πράττοντες
2580 1199 2687 1249 τῶν
2746 1198 2944 1248 κακῶν
2998 1196 3059 1250 Ὁ
3119 1194 3302 1266 μέντοι
3360 1217 3421 1270 γε
3470 1195 3727 1271 βασιλεὺς
3783 1200 3844 1253 τὰ

2302 1283 2313 1302 9
2406 1283 2417 1301 ν
2497 1281 2661 1316 ὶ,‹,
2733 1281 2807 1320 «με
2907 1283 2941 1313 ν.
3002 1282 3024 1317 Ir
3245 1281 3298 1301 ’κ
3379 1285 3438 1317 ..κ
3590 1286 3600 1300 ι
3760 1286 3839 1317 .κ

2199 1302 2296 1335 κατ
2358 1303 2552 1343 αυτουι,
2587 1304 2660 1343 ως
2706 1303 2849 1345 ante;
2897 1303 3128 1344 ακολσας
3183 1284 3330 1354 (ουοὲ
3393 1304 3480 1358 (αρ
3535 1283 3710 1359 λαθρα
3762 1308 3841 1340 και

2198 1369 2623 1446 πεφυλαγμένως
2679 1371 2776 1433 τὰς
2835 1365 3088 1434 εἰσϐολὰς
3135 1369 3442 1437 ἐποιοῦντο,
3489 1371 3633 1427 ἀλλὰ
3692 1372 3838 1440 δίκην

2197 1459 2364 1532 πυρὸς
2412 1459 2604 1532 ἀγρίου
2654 1455 2741 1512 διὰ
2788 1457 2998 1532 ταχέων
3029 1459 3118 1512 τὸν
3152 1463 3335 1532 χῶρον
3380 1460 3583 1514 ἅπαντα
3615 1458 3838 1533 διελάμ-

2198 1541 2378 1618 ϐανον)
2412 1589 2426 1615 ,
2484 1545 2577 1607 τὰς
2634 1545 2826 1623 φρένας
2907 1547 3274 1608 κατασεισΟεὶς
3333 1547 3531 1622 ἀθρόον
3591 1548 3838 1605 ἐπεισπε-

2196 1632 2395 1701 σούσης
2441 1641 2540 1702 τῆς
2597 1636 2812 1707 φήμης,
2874 1633 2925 1688 ἐν
2978 1635 3266 1708 ἀμηχανίᾳ
3321 1637 3549 1690 παντοία
3604 1643 3699 1691 τοῦ
3749 1644 3842 1692 ποῖ

2194 1720 2455 1796 τράποιτο
2659 1717 2797 1778 Οὔτε
2846 1722 2946 1796 γὰρ
3008 1721 3072 1789 ἦν
3130 1721 3396 1795 μάχεσθαι
3430 1725 3838 1796 συνταξάμενον·

2198 1809 2252 1862 αἱ
2298 1810 2398 1884 γὰρ
2431 1806 2682 1880 δυνάμεις
2732 1806 3171 1883 προδιελύθησαν
3226 1810 3298 1872 εἷς
3327 1811 3393 1865 τὰ
3445 1808 3573 1880 ἴδια,
3605 1813 3694 1866 καὶ
3731 1813 3841 1883 μετ’

2198 1896 2400 1973 ὀλίγων
2435 1897 2635 1958 ἐκεῖνος
2665 1897 2754 1952 καὶ
2784 1902 2890 1951 τῶν
2942 1905 3043 1966 τῆς
3074 1897 3304 1959 αὐλαίας
3349 1900 3512 1954 αὐτοῦ
3561 1900 3840 1970 ἐπανεζεύ-

2193 2007 2308 2061 γνυ,
2333 1985 2423 2039 καὶ
2456 1983 2641 2047 ἄλλως
2676 1984 2732 2040 δὲ
2780 1985 3044 2060 ἀμάχητα
3094 1988 3231 2060 πρὸς
3279 1988 3578 2060 Ῥωμαίους
3614 1989 3684 2043 τὰ
3733 1995 3839 2044 τῶν

2193 2075 2462 2148 Τοχάρων
2495 2116 2509 2130 .
2568 2071 2706 2129 Οὔτε
2767 2075 2872 2145 μὴν
2933 2074 3142 2150 φεύγειν
3198 2073 3432 2130 εὐώδει·
3498 2077 3686 2148 κύκλῳ
3743 2078 3840 2153 γὰρ

2193 2165 2274 2234 [Ρ.
2308 2163 2429 2234 155]
2463 2159 2804 2240 διειληφότες
2857 2162 2946 2216 καὶ
2994 2162 3347 2238 περισχόντες
3389 2166 3456 2219 τὰ
3502 2165 3841 2240 ὀχυρώματα

2202 2375 2564 2446 compositis,
2596 2376 2708 2431 iter
2735 2376 3088 2448 capessivit;
3115 2382 3172 2433 et
3199 2378 3285 2434 illi
3317 2379 3388 2434 de
3417 2379 3637 2450 quibus
3690 2381 3839 2436 dixi-

2203 2483 2356 2533 mus,
2381 2464 2602 2536 junctis
2627 2481 2760 2520 cum
2792 2467 3178 2522 Constantino
3210 2467 3416 2539 copiis,
3459 2474 3695 2540 repente
3740 2488 3838 2542 per

2200 2553 2385 2608 invias
2418 2570 2774 2625 asperasque
2803 2553 2985 2608 Haemi
3017 2555 3278 2610 saltuum
3298 2573 3362 2611 ac
3390 2556 3642 2613 faucium
3662 2575 3838 2629 angu-

2199 2642 2344 2696 stias
2375 2641 2599 2712 ingenti
2632 2640 3008 2696 multitudine
3023 2641 3420 2713 populabundi
3437 2649 3834 2714 erumpentes,

2197 2730 2389 2800 palam
2446 2747 2507 2785 se
2553 2731 2749 2784 hostes
2798 2730 3192 2801 declararunt,
3247 2731 3455 2788 castris
3487 2732 3545 2787 in
3578 2737 3838 2788 Romana

2197 2824 2350 2874 terra
2386 2819 2611 2891 positis.
2648 2820 2771 2876 Non
2811 2825 2935 2874 erat
2959 2826 3154 2876 autem
3189 2839 3301 2876 una
3333 2839 3537 2877 eorum
3595 2840 3832 2888 manus,

2199 2924 2387 2978 neque
2443 2907 2541 2962 uni
2585 2907 2800 2978 pariter
2850 2924 3054 2962 omnes
3102 2900 3488 2964 imminebant
3536 2909 3683 2965 loco.
3736 2913 3834 2966 sed

2195 2995 2480 3066 gregatim
2514 3011 2614 3065 per
2645 2994 2912 3049 cohortes
2944 3001 3044 3049 aut
3064 2995 3393 3065 manipulos
3415 2996 3833 3067 dispergeban-

2197 3088 2314 3149 tur,
2346 3088 2402 3137 et
2432 3083 2666 3138 insidiis
2683 3083 2884 3138 mullis
2917 3082 3256 3139 simullocis
3293 3085 3450 3139 varie
3495 3086 3701 3156 positis
3719 3103 3830 3140 uno

2195 3172 2392 3226 omnia
2422 3177 2682 3242 tempore
2711 3171 3088 3238 infestabant,
3120 3173 3459 3243 spoliantes,
3490 3179 3828 3241 mactantes,

2194 3262 2549 3316 abducentes
2581 3262 2802 3325 obvios,
2837 3261 3064 3315 nullum
3083 3278 3198 3316 non
3226 3261 3444 3340 passim
3467 3263 3717 3318 barbare
3741 3281 3828 3318 ra-

2193 3350 2458 3419 pacitatis
2490 3367 2556 3405 ac
2588 3349 2952 3405 crudelitatis
3001 3350 3238 3405 edentes
3296 3349 3650 3421 exemplum.
3705 3351 3825 3406 Non

2191 3439 2384 3506 potuit
2410 3453 2523 3493 non
2569 3437 2767 3492 statim
2802 3437 2921 3491 haec
2976 3437 3177 3492 audire
3239 3438 3577 3508 imperator,
3629 3438 3828 3510 utique

2192 3541 2322 3580 cum
2345 3525 2444 3580 isti
2470 3542 2578 3580 non
2604 3525 3045 3580 dissimulanter
3065 3529 3165 3580 aut
3182 3525 3514 3580 clanculum
3555 3527 3654 3581 has
3677 3544 3832 3599 gras-

2191 3614 2446 3669 sationes
2497 3619 2857 3678 exercerent,
2911 3614 3010 3669 sed
3073 3614 3254 3669 libere
3313 3631 3378 3669 ac
3437 3613 3627 3685 palam
3673 3632 3833 3671 more

2192 3702 2344 3773 ignis
2376 3701 2707 3758 luculenter
2737 3701 3050 3758 emicantis
3084 3707 3140 3756 et
3161 3702 3390 3758 cunctis
3420 3719 3550 3773 quae
3601 3703 3651 3757 vi
3687 3721 3836 3759 saeva

2198 3789 2707 3860 comprehenderit
2739 3789 2956 3843 arentis
2989 3788 3145 3843 silva
3181 3789 3444 3859 partibus
3475 3806 3832 3860 exsuperan-

2197 3882 2307 3932 tem
2343 3878 2457 3932 alte
2519 3878 2816 3933 ﬂammam
2876 3878 3228 3932 ostentantis
3284 3877 3504 3948 procul.
3557 3879 3831 3934 Ardentis

2191 3968 2371 4038 igitur
2401 3967 2715 4037 improviso
2756 3967 2866 4020 isto
2892 3967 3159 4020 incendio
3188 3966 3472 4022 universae
3503 3967 3615 4022 late
3643 3968 3832 4039 regio-

2191 4057 2282 4110 nis
2314 4055 2526 4126 raptim
2559 4057 2629 4110 ad
2665 4055 3074 4125 imperatorem
3107 4055 3341 4110 evolans
3374 4056 3529 4110 fama
3587 4056 3834 4127 perculit

2189 4144 2562 4198 vehementer
2591 4145 2718 4212 ejus
2750 4142 3036 4210 animum,
3061 4146 3117 4196 et
3139 4141 3198 4197 in
3231 4159 3474 4214 magnos
3508 4159 3638 4198 eum
3673 4145 3830 4215 cogi-

2193 4233 2476 4287 tationum
2529 4237 2673 4286 testu
2739 4231 3162 4302 angustiasque
3212 4231 3478 4301 conjecit.
3520 4231 3834 4288 Nesciebat

2191 4320 2291 4392 qui
2347 4321 2572 4376 consilii
2630 4324 2861 4390 caperet
2909 4336 3095 4390 quove
3128 4337 3188 4374 se
3241 4325 3506 4374 verteret.
3541 4320 3666 4375 Non
3701 4325 3829 4375 erat

2191 4410 2511 4465 instructus
2533 4411 2604 4465 ad
2635 4410 2954 4481 gerendum
2987 4407 3203 4464 bellum
3230 4428 3243 4475 ;
3275 4409 3457 4480 copiis
3487 4409 3643 4464 enim
3689 4427 3832 4480 pace

441 4499 573 4553 illos
598 4498 942 4554 defectionis
973 4499 1188 4554 habere
1219 4505 1528 4555 contentus
1557 4516 1570 4555 :
1606 4517 1740 4554 nam
1764 4517 1898 4555 cum
1931 4501 2077 4572 ipsis
2106 4483 2153 4547 D
2185 4500 2448 4555 confecta
2495 4499 2668 4570 paulo
2699 4504 2836 4554 ante
2892 4502 3256 4554 sacramento
3311 4497 3544 4565 solutis,
3579 4498 3826 4553 domum

440 4587 680 4653 missus,
715 4604 890 4657 opera
915 4588 1149 4644 illorum
1179 4589 1452 4645 subactas
1484 4589 1635 4644 bello
1663 4590 1925 4661 regiones
1960 4607 2074 4645 non

438 4676 578 4732 Cani
638 4676 986 4747 (principem
1037 4678 1157 4733 illic
1209 4679 1293 4733 sic
1324 4680 1551 4751 vocant)
1575 4680 1934 4751 acquirebat,
1970 4681 2072 4735 sed

435 4765 645 4819 uberes
681 4769 856 4835 atque
881 4766 1133 4836 optimas
1165 4766 1294 4822 illas
1325 4783 1454 4824 esse
1484 4772 1671 4823 terras
1704 4768 2076 4823 animadver-

428 4857 560 4908 tens
591 4869 696 4908 suo
725 4855 958 4925 proprio
991 4859 1164 4925 atque
1194 4854 1432 4910 illorum
1463 4857 1766 4912 obtinebat
1817 4857 2072 4913 nomine.

428 4941 497 4995 Hi
527 4948 664 4996 tunc
695 4942 918 5008 audita,
953 4959 1130 5014 quam
1156 4943 1436 5012 diximus,
1469 4945 1810 5000 invitatione
1831 4946 1900 5000 ad
1935 4963 2071 5017 prae-

434 5029 568 5083 dam
626 5037 1006 5084 accurrerunt
1056 5029 1215 5102 quali
1273 5048 1446 5086 canes
1495 5034 1565 5087 ad
1598 5033 1860 5103 saginam
1895 5038 2075 5088 ruunt

435 5117 681 5188 impetu,
715 5117 934 5172 fertiles
967 5122 1024 5172 et
1054 5117 1364 5188 opulentas
1411 5119 1740 5175 devoraturi
1782 5121 2069 5191 regiones.

432 5206 704 5261 Nondum
722 5207 910 5261 ftedus
943 5206 1245 5262 affinitatis
1275 5208 1506 5263 vinculo
1522 5209 1823 5263 astrictum
1852 5210 2069 5279 Nogam

430 5294 766 5364 imperatori
802 5296 1204 5365 conjunxerat,
1249 5297 1402 5366 quod
1436 5297 1531 5352 illc
1576 5297 1695 5352 filia
1744 5297 1926 5352 notha
1955 5299 2068 5353 Eu-

432 5383 691 5455 phosyne
722 5383 895 5455 Nogze
918 5384 976 5438 in
1020 5400 1258 5438 uxorem
1291 5386 1481 5439 danda
1513 5385 1722 5440 deinde
1765 5386 2068 5440 contraxit.

433 5473 598 5528 Tunc
632 5489 804 5544 porro
836 5473 1044 5528 eodem
1100 5489 1344 5543 prorsus
1402 5474 1652 5529 articulo
1701 5474 1984 5546 temporis
2015 5479 2075 5532 et

436 5562 590 5618 232
621 5561 941 5632 imperator
971 5562 1174 5619 urbem
1205 5577 1434 5630 versus,
1459 5562 1632 5619 rebus
1672 5564 1731 5619 in
1762 5565 2072 5623 Occidente

2191 4588 2443 4643 militum
2478 4603 2770 4658 quemque
2800 4587 3154 4653 demiserat;
3194 4591 3250 4640 et
3280 4603 3411 4641 cum
3445 4585 3648 4656 paucis
3679 4587 3830 4658 ipse,

2186 4678 2500 4732 domestico
2532 4677 2813 4730 duntaxat
2845 4677 3143 4743 comitatu,
3179 4675 3393 4746 quippe
3422 4691 3524 4746 per
3563 4681 3830 4746 pacatas,

2185 4767 2270 4820 uti
2303 4767 2650 4832 crediderat,
2683 4765 3034 4836 provincias,
3057 4765 3117 4819 in
3153 4764 3357 4820 urbem
3407 4765 3828 4819 revertebatur.

2183 4856 2252 4910 Et
2281 4870 2387 4909 nec
2436 4854 2483 4908 si
2521 4854 2759 4909 haberet
2807 4853 3125 4908 exercitum
3185 4853 3426 4907 auderet
3456 4853 3834 4908 committere

2183 4959 2315 4998 cum
2373 4942 2678 5011 Tocharis,
2740 4941 2987 4997 terribili
3066 4948 3203 4996 tunc
3271 4941 3552 4996 Romanis
3628 4946 3826 5012 gente,

2184 5048 2290 5086 nec
2349 5030 2806 5087 helloanostris
2863 5029 3181 5100 superabili
3241 5029 3483 5083 credita.
3540 5028 3832 5084 Restabat

2186 5120 2334 5191 fugae
2392 5119 2701 5174 consilium
2738 5136 2750 5173 :
2789 5120 2887 5175 sed
2943 5134 3071 5174 eam
3118 5117 3588 5173 intercludebant
3616 5117 3828 5170 valida:

2182 5208 2438 5263 hostium
2513 5223 2740 5273 manus,
2810 5223 3059 5278 quorum
3121 5205 3410 5278 praesidiis
3470 5204 3594 5260 loca
3669 5204 3830 5258 edita

2181 5297 2454 5352 universa
2523 5296 2859 5367 faucesque.
2933 5295 3186 5366 denique
3263 5294 3456 5349 aditus
3513 5291 3828 5364 exitusque

2181 5403 2382 5441 omnes
2416 5387 2783 5441 tenebantur.
2820 5385 3265 5454 Probabantque
3289 5382 3508 5452 ubique
3546 5398 3609 5436 se
3651 5382 3828 5435 ades-

2181 5491 2242 5528 se
2273 5491 2532 5545 unquam
2577 5490 2689 5528 non
2747 5474 3043 5545 stragibus
3100 5472 3364 5538 edendis,
3423 5475 3481 5526 et
3521 5468 3827 5525 solutissi-

2181 5580 2276 5619 ma
2333 5571 2491 5619 metu
2544 5562 2703 5619 omni
2763 5577 3237 5634 quoquoversum
3269 5558 3826 5616 incursandilicen-
