4162 6292
361 278 468 334 677
1428 274 1525 328 DE
1560 271 1932 329 MICHAELE
1965 267 2406 324 PALEOLOGO
2444 267 2578 322 LIB.
2621 270 2721 322 III.
3658 257 3766 313 678

360 400 454 455 σὺν
486 395 665 454 οὐδενὶ
700 391 854 473 φόϐῳ
886 394 1088 460 διέθεον
1124 397 1429 468 πανταχοῦ,
1461 392 1554 454 οὒς
1609 393 1702 464 μὶν
1737 389 2003 469 σφάττον-
2036 394 2089 460 Α
2119 387 2275 442 σιλέα
2330 389 2450 459 περῖ
2483 389 2673 442 ἐαυτοῦ
2721 384 3022 464 φροντίζειν
3057 382 3205 446 ὅπως
3239 381 3457 452 σωθείη.
3479 471 3486 473 ἓ
3508 378 3761 473 Σ-πουδήν

357 509 446 548 τες
496 468 841 559 παμπλήθεὶς
896 483 986 545 οὓς
1037 482 1094 538 δὲ
1146 482 1442 554 ἀπάγοντες
1485 478 1693 534 ἐλεεινᾶ
1727 468 1843 540 τοῖς
1876 480 2010 554 βαρ·
2116 477 2217 551 γὰρ
2240 473 2465 538 ἕκαστος
2494 474 2730 528 ἐποιεῖτο
2758 479 2854 529 τοῦ
2882 473 3045 547 μόνον
3098 474 3358 536 σωθῆναι,
3404 471 3493 524 καὶ
3537 468 3758 542 ἀμελεῖν

362 574 550 651 ϐάροις
579 558 771 641 σκῦλα,
806 575 878 635 ὡς
915 572 1084 646 μηδὲν
1115 572 1245 625 εἶναι
1278 570 1416 624 ὅπου
1447 566 1688 644 προσϐάς
1719 591 1799 630 τις
1845 565 2012 636 ἤθελε
2118 563 2512 636 παρεσκεύαζον
2540 567 2636 616 τοῦ
2667 561 2904 632 πλησίον
2936 559 3030 623 οὓς
3083 562 3178 632 μὲν
3233 561 3285 614 οἱ
3327 559 3630 634 προμηθεὶς
3662 558 3760 634 φό-

366 647 626 733 σῶζεσθαι
676 663 926 721 ἐπιεικῶς
980 658 1279 734 ἐλεύθερον.
1333 659 1436 713 Καὶ
1489 656 1554 725 δὴ
1614 657 1801 728 κύκλῳ
1856 675 2009 729 περι·
2120 648 2208 706 ϐοι
2237 651 2328 713 οὒς
2356 649 2411 705 δὲ
2441 652 2527 705 καὶ
2563 649 2758 706 δειλίαι
2789 649 3023 724 ἄκαιροι,
3063 647 3190 710 τοὺς
3239 650 3330 721 μὶν
3366 649 3439 708 ὡς
3489 647 3540 716 ἐξ
3589 647 3758 719 ἀνάγ-

366 752 581 812 στάντες
641 750 763 804 ὅσον
819 745 971 802 οὔπω
1009 745 1327 821 προσμίξειν
1381 750 1459 816 τῷ
1505 751 1813 821 κρατοῦντι.
1873 740 2014 800 Οὐδέ
2120 762 2242 810 κης,
2302 740 2346 794 εἰ
2405 743 2478 813 μὴ
2540 736 2914 806 σπουδάὶσαιεν,
2965 737 3266 800 ἁλώσεσθαι
3323 734 3760 810 προσδοκῶντας,

369 842 474 916 γὰρ
507 839 628 894 ὅσον
654 838 746 892 καὶ
777 839 1030 910 ἡμισείας
1060 836 1269 908 ἡμέρας
1302 833 1707 904 ἱππηλιατοῦντι
1742 830 2014 902 διαστημα
2120 829 2246 890 τοὺς
2280 827 2336 882 δὲ
2382 826 2508 900 μηδ’
2568 826 2775 888 εἰδότας
2825 829 2879 881 οἴ
2905 829 3075 880 κακοῦ
3125 827 3398 899 γεγόνασι,
3427 829 3506 896 τῷ
3541 822 3758 897 βλέπειν

368 912 455 998 ia;
488 934 587 997 τῆς
621 924 772 992 ὁδοῦ,
822 925 902 1001 ἐφ’
929 925 1053 979 ὅσον
1085 926 1205 998 παρ’
1240 923 1464 997 ἑκάτερα
1490 923 1540 976 οἱ
1573 921 1834 994 πολέμιοι
1860 919 2012 992 διηγ-
2123 916 2326 980 ἄλλους
2375 917 2450 978 εἷς
2503 912 2706 971 ἔννοιαν
2759 914 3091 991 ἐρχομένους
3123 913 3212 968 καὶ
3239 913 3327 968 διὰ
3354 914 3500 968 ταῦτ’
3532 914 3762 987 ἀποχω-

367 1015 633 1092 γέλλοντο
689 1015 756 1068 τὰ
806 1011 946 1067 δεινὰ
1001 1011 1290 1086 πράττειν,
1355 1012 1428 1072 ὡς
1485 1009 1718 1070 ἐκείνους
1791 1008 2015 1082 ἑσπέρας
2126 1012 2347 1082 ροῦντας
2415 1006 2522 1077 ὅπη
2597 1028 2681 1068 τις
2738 1004 2940 1074 ἤλπιζε
3005 1006 3362 1074 σωθήσεσθαι.
3419 1005 3496 1061 Οὐ
3543 1005 3643 1077 γὰρ
3697 1001 3758 1068 ἦν

373 1089 728 1174 κατασκηνεῖν
782 1101 900 1165 ὅθεν
961 1099 1170 1174 πρωίας
1229 1099 1444 1172 ἐξώρμα
1499 1100 1526 1152 6
1581 1095 1865 1172 βασιλεὺς,
1927 1094 2017 1149 καὶ
2126 1092 2518 1163 συνησπικότας
2619 1095 2752 1148 κατὰ
2835 1094 3105 1162 συντάξεις
3178 1091 3425 1153 ἐπιόντας
3511 1089 3762 1166 δέχεσθαι

378 1190 585 1252 ἄλλους
637 1191 835 1252 ἐκεῖθεν
893 1188 1122 1262 ἐξορμᾷν
1179 1190 1417 1260 τήμερον
1470 1187 1607 1240 ὅπου
1655 1186 1783 1260 χθὲς
1815 1183 2016 1245 ἐκεῖνος
2125 1183 2249 1245 τοὺς
2281 1182 2531 1258 ἐχθρούς·
2584 1184 2611 1237 6
2658 1183 2757 1257 γὰρ
2809 1180 2954 1256 ἄγων
2999 1181 3236 1242 ἐκείνους
3264 1181 3352 1234 καὶ
3385 1179 3544 1241 αὐτὸς
3576 1199 3761 1232 συντε-

379 1276 681 1350 κατέμεινε.
732 1276 874 1346 Τόση
935 1296 1016 1337 τις
1062 1277 1128 1343 ἦν
1174 1274 1432 1348 σύγχυσις
1488 1278 1594 1327 τῶν
1655 1271 1914 1325 ἐπιόντων
1947 1271 2019 1332 ὡς
2124 1271 2355 1346 ταρακτό
2401 1292 2459 1324 τε
2502 1275 2580 1342 τῷ
2634 1267 2903 1346 αἰφνιδίῳ,
2946 1270 3035 1324 καὶ
3087 1270 3192 1338 ὅπη
3248 1269 3408 1343 φύγοι
3458 1267 3760 1322 ἐσκέπτετο.

386 1364 518 1438 μηδ’
572 1364 763 1426 αὐτοὺς
794 1365 927 1418 κατᾶ
953 1362 1230 1441 φάλαγγας
1291 1362 1491 1433 μένειν,
1541 1359 1686 1414 ἀλλὰ
1739 1363 2019 1433 πανταχοῦ
2125 1359 2381 1432 Ὀλίγους
2411 1363 2534 1433 γοῦν
2568 1358 2688 1432 περὶ
2738 1357 2894 1412 αὐτὸν
2925 1355 3091 1432 ἔχων,
3136 1357 3222 1411 καὶ
3262 1357 3494 1428 μάλιστα
3521 1356 3650 1418 τοὺς
3680 1356 3764 1409 οἱ-

380 1452 576 1516 ἐκθέειν
611 1451 918 1524 λημμάτων
947 1447 1131 1503 ἐλπίδι
1166 1450 1297 1524 ὑπὲρ
1348 1449 1466 1509 δέος
1497 1452 1592 1501 τοῦ
1623 1452 1809 1510 παθεῖν
1861 1448 2016 1500 ἅπαν.
2129 1448 2437 1509 κειοτάτους
2486 1448 2575 1501 καὶ
2625 1448 2704 1508 οἷς
2758 1446 2994 1500 ἐπίστευε
3025 1446 3212 1516 πλέον,
3260 1445 3350 1498 σὺν
3403 1445 3628 1508 ἐκείνοις
3654 1443 3766 1516 ἅμα

377 1543 477 1597 Ἢν
539 1539 586 1594 δ’
626 1539 726 1592 ἀνᾶ
773 1537 936 1613 μέρος
988 1537 1078 1592 καὶ
1131 1538 1158 1590 6
1208 1541 1617 1597 Κωνσταντῖνος
1676 1535 1756 1612 ἐφ’
1812 1537 2022 1606 ἁμάξης
2135 1537 2227 1609 μὲν
2268 1537 2362 1598 τὰς
2418 1537 2801 1611 ὑποχωρήσεις
2831 1540 2936 1589 τῶν
2967 1529 3210 1611 φοϐερῶν
3267 1533 3502 1588 ἐποιεῖτο
3550 1533 3637 1587 καὶ
3669 1533 3765 1604 ’ἀμ’

373 1628 669 1702 φερόμενος
718 1627 801 1700 (τὸ
847 1627 946 1700 γὰρ
1000 1623 1192 1686 σκέλος
1239 1625 1516 1699 κατεαγὼς
1573 1644 1703 1678 ποτε
1762 1623 1859 1677 οὐκ
1908 1623 2022 1696 εἶχε
2131 1625 2334 1700 ἑτέροις
2389 1621 2646 1701 φοϐεροῖς
2691 1625 3071 1699 προσέκρουεν,
3124 1623 3197 1684 ὡς
3249 1621 3372 1684 τοὺς
3424 1623 3515 1693 μὲν
3573 1618 3767 1675 ἀποδι-

369 1716 511 1771 κατά
554 1715 757 1785 τρόπον
816 1719 933 1775 τοῖς
992 1714 1150 1767 ποσὶν
1202 1714 1276 1773 εἷς
1335 1710 1454 1766 ὁδὸν
1484 1711 1607 1766 τότε
1633 1713 1868 1785 χρῆσθαι
1903 1709 2024 1764 οὔτε
2056 1758 2098 1785 η
2133 1710 2376 1785 δράσκειν
2433 1718 2550 1772 τοῖς
2611 1709 2654 1765 δ’
2714 1711 3021 1783 ἐμπίπτειν,
3077 1710 3166 1764 καὶ
3213 1714 3318 1764 τῶν
3377 1710 3652 1783 προτέρων
3689 1710 3765 1782 μὴ

373 1807 539 1877 πεζῇ,
590 1804 698 1877 οὐχ
750 1802 912 1870 ἦττον
949 1799 1006 1856 δὲ
1048 1802 1135 1855 καὶ
1190 1801 1305 1873 μεθ’
1354 1798 1587 1870 ἵππων),
1617 1799 1743 1860 τοὺς
1777 1797 2023 1872 Βουλγά-
2055 1795 2100 1821 ³³
2135 1800 2348 1878 φθάνειν
2421 1800 2656 1863 ἀνεῖσθαι
2732 1795 2902 1875 φόϐον
2976 1798 3065 1852 καὶ
3121 1796 3398 1870 δευτέρους
3457 1795 3771 1871 ἐκδέχεσθαι

375 1912 506 1966 ρους
568 1893 700 1966 ἀμφ’
746 1889 904 1945 αὐτὸν
937 1888 1102 1964 ἔχων,
1134 1888 1224 1942 καὶ
1259 1889 1366 1941 αἱὲν
1414 1886 1522 1954 ὅπη
1557 1886 1783 1956 σκηνοίη
1815 1887 2025 1961 ἐπέχων
2137 1891 2374 1962 μείζους.
2432 1888 2533 1944 Καὶ
2591 1889 2694 1962 γὰρ
2741 1889 2827 1941 καὶ
2884 1886 3017 1940 αὖτᾶ
3069 1888 3135 1940 τὰ
3191 1891 3300 1940 τῶν
3359 1888 3497 1960 ὀρῶν
3548 1887 3772 1956 ἀναστή-

379 1981 457 2041 ὡς
505 1978 964 2051 καταληψόμενος
1017 1977 1345 2050 μονωθέντα.
1393 1977 1459 2032 Oi.
1506 1977 1604 2049 γὰρ
1637 1975 1758 2050 περὶ
1789 1976 1878 2029 τὸν
1938 1977 2027 2050 βα·
2138 1997 2279 2048 ματα
2325 1975 2610 2051 φαντασίαν
2667 1981 2933 2050 παρεῖχον
2990 1973 3296 2046 πολεμίων,
3351 1973 3772 2042 ἐπεισπεσούσης

378 2066 536 2122 σιλέα
586 2067 802 2139 πάντες,
861 2067 984 2120 ὅσον
1041 2067 1108 2134 ἦν
1166 2065 1547 2139 Θεραπευτικὸν
1605 2063 1693 2116 καὶ
1752 2061 2023 2134 οίκίδιον,
2137 2061 2343 2125 δειλίας
2393 2063 2618 2140 ἀφάτου.
2672 2064 2866 2133 ’Ὁμως
2909 2061 2964 2116 δὲ
3011 2063 3097 2116 καὶ
3145 2059 3331 2124 ἄλλως
3361 2059 3658 2134 ἠγγέλλετο
3709 2061 3772 2114 τὸ

379 2157 513 2232 ἀμφ’
571 2155 757 2215 αὐτοῖς
816 2150 1038 2214 ἕκαστος
1091 2151 1397 2220 δείσαντες,
1458 2150 1630 2212 ἄλλος
1689 2149 1892 2205 ἄλλοσέ
1948 2173 2022 2220 πη
2138 2149 2332 2206 δεινόν·
2366 2151 2428 2206 οὐ
2475 2153 2576 2226 γὰρ
2633 2154 2697 2218 ἦν
2747 2152 2892 2212 ὅστις
2937 2151 3026 2205 καὶ
3073 2149 3315 2224 προσιὼν
3363 2151 3397 2220 ἢ
3456 2149 3544 2203 καὶ
3595 2148 3774 2227 φανεὶς

378 2245 526 2318 ὁρμῇ
585 2241 731 2317 πάσῃ
782 2241 1061 2319 φεύγοντες
1105 2239 1458 2315 παρεδύοντο,
1520 2239 1736 2318 ἀφέντες
1793 2237 1882 2293 καί
1931 2241 2027 2313 βα-
2136 2239 2188 2310 ἐξ
2219 2240 2441 2312 ἐτοίμου
2472 2241 2536 2295 οὐ
2586 2234 2752 2314 φόϐον
2782 2237 3044 2314 ἤγγελλε.
3099 2238 3200 2292 Κᾶν
3233 2258 3336 2292 που
3367 2237 3456 2292 καὶ
3486 2257 3780 2312 παρεσκευ-

387 2447 490 2516 tia,
551 2446 777 2502 cunctis
835 2446 1052 2518 pariter
1108 2445 1253 2501 locis
1327 2444 1538 2516 partim
1609 2445 2035 2500 trucidatorum
2148 2445 3246 2516 festimirruendicapiendiqueipsum
3276 2445 3562 2516 penejam
3595 2442 3786 2499 solum

395 2534 704 2590 acervatim
765 2534 1030 2590 cumulos
1088 2536 1406 2603 struentes,
1467 2532 1678 2604 partim
1736 2537 2038 2604 reptantes
2147 2534 2434 2589 relictum.
2467 2533 2612 2588 Nam
2645 2549 2773 2604 quae
2803 2534 2978 2587 turba
3009 2533 3174 2587 illum
3227 2532 3462 2588 familiae
3493 2548 3558 2587 ac
3615 2531 3796 2586 mini-

397 2624 552 2679 288
583 2622 763 2678 libera
787 2639 1031 2694 corpora
1061 2622 1254 2678 omnis
1285 2621 1470 2676 sitatis
1498 2621 1556 2676 in
1587 2621 1929 2677 cervitutem
1964 2624 2035 2678 ad
2148 2623 2308 2678 sterii
2340 2622 2645 2678 domestici
2677 2622 2940 2677 comitari
2973 2626 3226 2693 cceperat
3273 2622 3382 2676 hoc
3435 2621 3544 2676 iter
3600 2621 3794 2692 ingre-

399 2713 684 2767 barbaros
714 2710 1128 2780 miserabilem,
1162 2710 1242 2764 ita
1273 2716 1337 2764 ut
1392 2710 1630 2765 omnino
1689 2727 2038 2782 quocunque
2149 2711 2424 2778 dientem,
2459 2710 2759 2765 difﬂuebat
2791 2712 2850 2764 in
2884 2711 3079 2777 horas,
3113 2715 3271 2765 metu
3315 2710 3489 2764 ﬁdem
3523 2725 3589 2765 ac
3621 2725 3792 2764 reve—

399 2801 532 2869 quis
565 2800 798 2871 prodire
831 2797 1367 2870 cogitaret,nullam
1390 2798 1540 2852 viam
1570 2815 1603 2853 a
1625 2800 1890 2869 praesenti
1918 2800 2037 2853 exi-
2149 2800 2394 2852 rentiam
2425 2799 2707 2865 vincente,
2742 2814 3089 2870 unoquoque
3121 2815 3222 2869 pro
3268 2813 3330 2853 se
3361 2797 3632 2862 sollicito,
3667 2814 3794 2851 mo-

400 2890 476 2945 tio
511 2906 623 2944 non
648 2889 774 2944 dico
803 2888 974 2960 plane
1008 2893 1216 2955 tutam,
1242 2889 1339 2942 sed
1367 2905 1436 2942 ne
1468 2888 1644 2943 talem
1676 2888 1912 2959 quidem
1947 2889 2039 2943 cui
2151 2888 2223 2941 do
2253 2904 2420 2941 suam
2462 2887 2651 2957 ipsius
2682 2887 2864 2941 veloci
2897 2887 3032 2957 fuga
3063 2895 3116 2942 et
3175 2885 3492 2957 penetratis
3524 2884 3788 2940 latibulis

400 2977 795 3033 verisimiliter
823 2976 1192 3048 aliquatenus
1226 2981 1420 3047 posset
1454 2978 1628 3030 fidere
1655 2982 1710 3031 et
1741 2982 1916 3048 caput
1945 2994 2038 3032 sa-
2151 2976 2366 3047 ignotis
2411 2975 2563 3030 hosti
2595 2975 2843 3031 salutem
2904 2977 2960 3030 in
3016 2980 3141 3030 tuto
3201 2975 3533 3048 possuisset
3587 2990 3793 3045 parum

395 3066 706 3134 lutemque
737 3081 904 3119 suam
937 3081 1068 3119 cum
1102 3063 1386 3119 nonnulla
1417 3064 1500 3118 vel
1534 3065 1712 3118 dubia
1751 3082 1852 3135 spe
1883 3082 2040 3120 com-
2152 3066 2316 3135 pensi
2350 3065 2503 3119 234
2534 3064 2782 3120 habente
2838 3065 2979 3136 quid
3023 3064 3217 3134 sociis,
3251 3065 3391 3135 quid
3423 3063 3535 3134 ipsi
3564 3061 3796 3117 contin-

398 3153 651 3217 mittere,
685 3151 868 3207 ullam
901 3169 1147 3222 usquam
1199 3152 1496 3222 reperiret.
1527 3151 1808 3206 Caeterum
1845 3153 1882 3206 ii
1913 3171 2040 3208 om-
2076 3202 2114 3224 η
2155 3158 2313 3222 geret
2345 3153 2613 3224 principi.
2643 3154 2704 3208 In
2741 3169 2854 3224 quo
2887 3157 3008 3208 erat
3042 3154 3189 3207 mira
3211 3157 3268 3207 et
3299 3153 3514 3207 misera
3544 3152 3796 3204 varietas

401 3202 650 3217 --ων-η,
908 3202 1147 3222 “rm——
1847 3202 1882 3206 --
1917 3202 2004 3208 νπ-
2155 3202 2312 3222 οην-
2348 3202 2613 3224 run-ru
2644 3202 2704 3208 ---
2745 3202 2850 3224 ..η
2891 3202 3008 3208 --ν
3217 3202 3266 3207 --
3302 3202 3514 3207 --ηπ-π
3777 3202 3790 3204 -

396 3241 495 3295 nia
529 3257 631 3311 per
689 3239 996 3294 circuitum
1054 3239 1114 3294 in
1175 3239 1353 3306 hunc,
1388 3255 1561 3310 quem
1621 3239 1759 3308 dixi,
1798 3241 2038 3295 modum
2073 3202 2114 3267 Ο
2155 3241 2448 3296 incondite
2483 3258 2953 3313 quoquoversum
2988 3241 3306 3306 ruentium,
3331 3257 3464 3295 cum
3496 3240 3642 3294 alios
3666 3254 3800 3308 pru-

391 3329 554 3384 velut
581 3328 860 3399 indagine
896 3327 1174 3398 amplexi,
1209 3328 1290 3381 ita
1337 3344 1403 3382 ex
1453 3327 1611 3382 omni
1645 3332 1804 3398 parte
1836 3345 2042 3400 prope-
2153 3331 2297 3384 ciens
2323 3330 2520 3397 timor,
2554 3330 2702 3384 alios
2732 3331 2939 3402 panica
2956 3329 3368 3396 consternatio,
3401 3328 3545 3384 alios
3592 3342 3793 3382 rumor

400 3418 630 3484 rabant,
666 3421 732 3470 ut
761 3421 990 3470 tantum
1023 3432 1138 3470 non
1171 3415 1429 3486 contigui
1464 3416 1594 3470 telis
1652 3433 1718 3471 ac
1778 3418 2046 3473 mrnibus
2156 3417 2363 3486 falsus,
2397 3419 2708 3488 quosdam,
2742 3419 2974 3489 ignaros
3029 3418 3248 3489 alioqui
3308 3417 3448 3488 quid
3506 3419 3798 3488 ageretur,

401 3506 461 3558 in
494 3508 787 3558 momenta
814 3502 1047 3574 singula
1077 3503 1647 3570 cominusadorituri
1676 3505 2042 3572 timerentur,
2157 3506 2280 3576 ipse
2311 3505 2599 3561 tumultus
2630 3508 2798 3560 anxie
2826 3505 3448 3577 circumspectantium
3477 3510 3533 3560 et
3565 3521 3806 3559 cursan-

400 3592 494 3646 vix
525 3595 680 3647 tanto
712 3593 784 3646 ab
816 3590 933 3645 illis
967 3607 1115 3662 pone
1149 3591 1505 3647 instantibus
1541 3591 1728 3661 spatio
1762 3601 2043 3662 quantum
2157 3595 2302 3648 tium
2337 3595 2680 3664 contagione
2731 3595 3160 3666 inquietudinis
3215 3595 3465 3666 quadam
3517 3593 3811 3664 abriperet

401 3680 608 3735 itinere
639 3679 892 3734 dimidiae
925 3679 1039 3734 diei
1071 3677 1237 3734 facile
1285 3683 1527 3749 possent
1585 3680 1829 3747 emetiri,
1865 3681 2048 3751 impe-
2159 3700 2273 3754 quo
2305 3682 2526 3738 salvum
2582 3700 2644 3737 se
2702 3685 2952 3754 quisque
3012 3684 3286 3754 sperabat
3343 3685 3484 3746 fore,
3517 3682 3627 3736 hoc
3683 3684 3806 3751 jam

400 3771 592 3823 ratore
625 3783 755 3822 cum
790 3767 1181 3822 familiaribus
1215 3767 1417 3834 paucis
1469 3767 1766 3837 equitante
1815 3771 2050 3823 eodem-
2160 3772 2403 3827 effusius
2439 3776 2495 3826 et
2526 3773 2874 3826 verecundia
2906 3772 3143 3836 minori,
3181 3773 3333 3841 quod
3398 3787 3500 3826 nec
3561 3771 3607 3824 si
3664 3771 3807 3840 quid

405 3873 519 3927 que
543 3856 780 3910 assidue
799 3857 1029 3910 turbato
1055 3855 1495 3910 accurrentibus
1514 3855 1585 3909 ab
1601 3861 1850 3925 utroque
1872 3856 2048 3911 latere
2162 3859 2436 3930 cuiquam
2470 3859 2772 3930 przesentis
2797 3860 2866 3912 ad
2892 3859 3281 3914 resistendum
3312 3864 3467 3913 esset
3497 3857 3696 3926 animi,
3719 3860 3806 3913 fa-

410 3944 654 4014 trepidis
718 3943 940 3998 nuntiis
1000 3943 1397 4014 direptionum
1475 3959 1539 3997 ac
1597 3943 1862 4009 czedium,
1923 3961 2049 4015 quze
2164 3948 2348 4002 cultas
2382 3950 2508 4017 ejus
2542 3949 2619 4001 rei
2655 3949 2888 4002 adesset
2911 3945 3424 4017 ulle,utiqueipso
3458 3947 3809 4001 ductoreno-

414 4046 707 4102 nusquam
733 4047 846 4085 non
881 4030 1389 4085 circumstantium
1425 4030 1678 4085 locorum
1705 4031 2051 4087 exerceban-
2161 4037 2334 4090 vitate
2367 4035 2504 4088 mali
2537 4036 2713 4088 subiti
2749 4034 3036 4105 perculso,
3062 4051 3220 4104 spem
3247 4032 3436 4103 palam
3474 4049 3808 4104 repugnan-

410 4125 524 4175 tur.
561 4121 1031 4191 Admovebatque
1074 4125 1293 4174 metum
1324 4121 1477 4190 quod
1515 4122 1628 4176 fere
1660 4121 2051 4194 contingebat,
2163 4124 2220 4176 di
2252 4124 2566 4177 damnante
2599 4140 2855 4190 omnem,
2881 4128 2935 4178 et
2958 4123 3096 4176 nihil
3123 4122 3278 4177 aliud
3309 4138 3486 4192 quam
3521 4122 3716 4193 fugam
3750 4125 3808 4177 et

411 4211 570 4263 unde
601 4225 772 4264 mane
804 4208 1172 4263 discessisset
1222 4208 1560 4279 imperator,
1595 4209 1672 4262 ibi
1733 4209 1930 4266 hostes
1961 4217 2051 4268 ta-
2162 4212 2415 4266 latebras
2447 4216 2759 4277 quaerente.
2786 4213 2887 4266 Hic
2913 4228 3044 4278 ergo
3076 4227 3207 4266 cum
3234 4211 3435 4280 paucis
3459 4226 3606 4280 quos
3628 4209 3808 4264 habe-

413 4297 731 4352 bernacula
753 4313 993 4367 vespere
1024 4297 1220 4368 ﬁgere,
1254 4303 1309 4352 et
1337 4297 1397 4352 in
1431 4314 1546 4368 quo
1578 4314 1725 4369 pago
1758 4303 1858 4354 aut
1889 4302 2054 4371 oppi-
2164 4301 2264 4354 bat
2289 4316 2483 4355 secum
2518 4301 2770 4370 reliquos
2801 4317 2868 4355 ex
2903 4300 3148 4354 maxime
3191 4298 3414 4353 intimis
3467 4315 3532 4352 ac
3589 4297 3807 4353 fidissi-

411 4387 486 4441 do
517 4385 644 4456 ipse
670 4385 793 4440 heri
826 4389 1240 4457 pernoctasset,
1274 4402 1341 4440 ex
1379 4403 1444 4441 eo
1478 4387 1708 4456 prodire
1763 4387 1937 4444 hodie
1968 4390 2056 4445 in-
2167 4389 2300 4456 mis,
2335 4405 2604 4459 prorsum
2642 4395 2980 4453 retrorsum,
3015 4387 3156 4442 laeva
3210 4388 3432 4450 dextra,
3465 4385 3522 4439 in
3581 4391 3805 4456 partem

408 4475 590 4529 festas
616 4474 698 4530 ita
753 4474 994 4529 licenter
1035 4491 1098 4529 ac
1161 4491 1362 4530 secure
1423 4475 1895 4531 latrocinantium
1929 4494 2055 4532 ma-
2166 4493 2396 4532 omnem
2434 4494 2495 4532 se
2526 4477 2960 4549 circumagebat
2989 4476 3344 4530 vitabundus
3393 4479 3449 4529 et
3482 4476 3807 4540 incurrens,

409 4578 544 4630 nus,
577 4566 642 4616 ut
671 4560 1082 4632 manipulatim
1121 4560 1315 4631 palare
1347 4561 1596 4632 dispersi
1627 4567 1682 4618 et
1717 4580 2058 4636 quocunque
2091 4565 2134 4626 D
2166 4565 2300 4620 hinc
2325 4565 2591 4636 repulsus
2616 4574 2829 4620 terrore
2855 4565 3147 4635 conspecti
3173 4562 3516 4635 mali,pejus
3539 4563 3659 4617 illic
3681 4579 3808 4633 quae

411 4650 669 4705 alliceret
701 4652 896 4722 praeda
951 4650 1263 4705 inordinati
1324 4668 1623 4706 accurrere
1681 4669 1791 4706 non
1828 4654 2057 4710 dubita-
2170 4655 2462 4725 refugerat
2493 4656 2808 4725 reperiens,
2846 4658 2965 4708 tum
3000 4670 3030 4706 τι
3063 4653 3308 4724 quaesito
3359 4651 3498 4706 alibi
3547 4652 3810 4722 perfugio

410 4743 570 4794 rent:
592 4755 656 4792 eo
684 4739 906 4793 fiduciae
931 4755 995 4794 ac
1017 4743 1386 4810 contemptus
1406 4745 1740 4795 nostrorum
1760 4759 2056 4798 armorum
2171 4744 2360 4814 specie
2390 4743 2645 4798 tetrioris
2678 4743 2812 4797 inde
2843 4759 2904 4798 se
2934 4741 3282 4796 ostentantis
3331 4741 3484 4796 exitii
3517 4739 3816 4802 exclusus,

417 4829 657 4897 impune
691 4827 969 4882 hactenus
996 4844 1273 4882 ausorum
1307 4829 1663 4899 experientia
1690 4830 2060 4888 devenerant.
2168 4832 2375 4885 anxius
2406 4846 2635 4901 semper
2666 4836 2721 4885 et
2747 4831 3398 4900 mstuans,perturbatzn,
3426 4835 3490 4884 ut
3521 4830 3603 4897 lit,
3631 4828 3812 4882 menti

412 4916 705 4969 Ductabat
735 4915 794 4968 in
823 4915 1146 4986 propinquo
1181 4918 1512 4987 sejunctum
1547 4934 1579 4970 a
1610 4917 1888 4974 Tocharis
1923 4937 2062 4975 suo-
2173 4935 2366 4974 errore
2428 4918 2760 4974 occulorum
2816 4918 3186 4973 formidinem
3238 4919 3512 4984 addente,
3551 4933 3615 4972 ac
3673 4917 3814 4987 iuga

410 5018 544 5056 rum
577 5019 782 5074 agmen
803 5003 1218 5058 Constantinus
1245 5020 1417 5057 curru
1442 5003 1676 5059 vehens:
1705 5007 1882 5061 fracto
1904 5009 2061 5063 enim
2174 5007 2461 5062 montium
2501 5006 2724 5077 aliaque
2756 5007 2944 5062 obiter
2965 5005 3376 5078 apparentiain
3403 5007 3597 5059 hostes
3623 5020 3816 5058 arma-

415 5091 710 5160 quondam
743 5106 910 5145 crure
940 5090 1019 5145 ita
1054 5107 1208 5145 nunc
1240 5090 1431 5146 adhuc
1464 5091 1737 5147 utebatur
1767 5095 1965 5166 debili,
2000 5102 2062 5152 ut
2175 5100 2264 5151 tos
2297 5097 2702 5166 irruentesque
2735 5096 3116 5151 deformante.
3143 5093 3541 5165 lmaginabant
3563 5092 3813 5147 subinde

416 5194 522 5232 nec
556 5178 731 5249 pedes
763 5178 1029 5234 incedere
1082 5197 1185 5233 nec
1242 5179 1504 5251 equitare
1538 5181 1690 5250 potis
1749 5191 1919 5237 esset.
1953 5189 2059 5241 Te-
2176 5185 2469 5238 miseriam
2503 5184 2860 5254 desperantis
2884 5185 3007 5254 jam
3045 5182 3327 5254 principis
3358 5180 3660 5235 obviorum
3697 5196 3808 5232 un-

417 5267 594 5320 nebat
635 5266 785 5322 circa
841 5284 902 5322 se
961 5267 1240 5339 Bulgaros
1304 5269 1588 5338 plurimos
1648 5272 1946 5340 expeditos
2004 5274 2060 5328 in
2174 5274 2478 5344 deeunque
2510 5277 2732 5327 atroces
2774 5273 3163 5341 nuntii,vera,
3199 5269 3396 5336 dubia,
3424 5269 3576 5333 ficta,
3601 5267 3814 5321 tristis-

419 5353 607 5424 equis,
643 5356 872 5425 evagari
907 5372 1003 5410 eos
1037 5362 1101 5410 ut
1128 5357 1418 5411 Tocharos
1451 5373 1562 5411 non
1596 5358 1819 5424 sinens,
1843 5363 1941 5416 sed
1976 5361 2062 5416 in-
2174 5364 2326 5418 sima
2354 5364 2553 5418 omnia
2583 5364 2986 5434 horrendaque
3018 5361 3412 5418 referentium.
3436 5359 3492 5412 1d
3530 5373 3680 5428 saepe
3711 5373 3810 5411 co-

422 5446 586 5496 tenta
615 5457 750 5497 cura
782 5459 1012 5514 semper
1039 5445 1341 5515 inquirens
1375 5446 1615 5500 ubinam
1673 5446 2066 5505 diversaretur
2175 5453 2344 5508 mites
2375 5455 2590 5525 experti
2623 5456 3049 5508 submovebant
3089 5451 3299 5506 deinde
3354 5448 3678 5508 venientes,
3710 5462 3815 5501 nec

431 5529 766 5600 imperator,
787 5532 1082 5603 proposito
1133 5532 1353 5588 scilicet
1383 5549 1448 5587 ac
1478 5533 1796 5604 cupiditate
1829 5553 1893 5593 eo
1925 5555 2064 5596 con-
2176 5540 2338 5597 aﬂ‘ari
2364 5541 2687 5614 principem
2709 5541 2999 5613 sinebant,
3025 5541 3178 5596 unde
3203 5540 3372 5597 etiam
3398 5536 3629 5594 utilium
3670 5535 3817 5590 indi-
