4162 6292
465 338 571 393 679

1764 328 2062 385 GEORGII
2101 331 2559 387 PACHYMERE

3746 334 3848 391 680

468 463 621 528 ἀζετο
670 455 1005 533 συγκατήναι
1053 456 1131 528 [Ρ.
1186 455 1309 525 156]
1362 451 1498 525 πρὸς
1547 447 1675 509 τοὺς
1725 446 1958 521 ἐχθροὺς
2017 447 2104 502 ἐπὶ
2136 455 2185 520 Α
2217 455 2405 525 χεῖρας
2458 452 2519 505 τὸ
2549 458 2648 521 τῆς
2681 450 2848 508 Αἴνου
2879 452 3136 531 φρούριον
3187 453 3529 517 ὑπεισδῦντες
3572 457 3679 509 τῶν
3742 453 3846 509 δει-

463 555 540 622 τῷ
588 550 773 621 μαθεῖν
827 546 1017 601 ὁπόσοι
1074 544 1163 598 καὶ
1220 542 1367 602 ὅπως
1420 540 1582 609 ἳοιεν,
1642 538 1693 591 οἱ
1746 536 1869 611 περὶ
1900 536 2099 591 ἐκεῖνον

464 637 552 693 διὰ
601 639 662 691 τὸ
714 638 936 709 μέγεοος
965 638 1060 688 τοῦ
1092 628 1338 685 κινδύνου
1386 633 1664 701 κατεῖχον,
1699 627 1770 687 ὡς
1821 624 1906 679 ἐπὶ
1939 626 2097 697 μόνον

460 728 586 802 ὀρᾷν
630 727 692 779 τὸ
748 724 1028 792 σώζεσθαι,
1088 720 1263 780 Μόλις
1318 722 1447 791 γοῦν
1505 715 1617 785 νυξὶ
1673 714 1763 767 καὶ
1815 711 2101 787 παροδίαις

463 801 832 889 βγοηθοόμενος
890 805 1198 885 προσϐαίνει
1255 812 1335 879 τῷ
1399 802 1570 876 Γᾶνῳ,
1629 802 1913 857 ἀπολιπὼν
1974 801 2101 866 τοὺς

459 903 684 963 λοιποὺς
718 907 894 970 ζητεῖν
928 900 1035 967 ὅπη
1070 899 1352 966 σώζοιντο.
1401 898 1523 951 Τῶν
1568 892 1669 965 γὰρ
1724 890 1946 945 κατόπιν
1985 888 2098 943 ἷόν-

452 1016 559 1047 των
610 992 699 1046 καὶ
752 988 880 1062 μάλ’
930 986 1292 1061 ἀπεγίνωσκεν
1343 984 1417 1044 ὡς
1464 980 1829 1051 ἁλωσομὲνων
1860 1021 1872 1032 .
1925 980 2095 1034 Ἦσαν

455 1082 499 1137 δ’
559 1082 708 1135 οὗτοι
740 1080 790 1133 οἳ
825 1076 891 1145 δή
920 1076 983 1130 τὸ
1034 1072 1313 1148 βασιλικὸν
1345 1075 1590 1143 ταμιεῖον
1643 1066 1975 1138 διεκόμιζον,
2004 1065 2094 1119 καὶ

451 1172 503 1226 οἱ
561 1168 697 1245 ἀμφὶ
762 1168 851 1221 τὸν
912 1164 1140 1219 σουλτὰν
1189 1161 1475 1229 ’Δζατίνην
1558 1160 1793 1216 Ἐκεῖνος
1845 1155 1937 1226 μὲν
2002 1152 2095 1207 οὖν

452 1241 663 1317 ὑποδὺς.
709 1257 772 1309 τὸ
832 1251 977 1329 ὄρος,
1038 1248 1420 1325 ταχυδρόμους
1479 1245 1733 1318 πέμπων,
1794 1241 1935 1297 ἔνθεν
1998 1243 2091 1314 μὲν

451 1348 732 1402 ἐσκέπτετο
788 1342 914 1403 τοὺς
973 1339 1203 1414 ἐχθροὺς
1262 1336 1511 1396 ἐπιόντας
1568 1331 1842 1387 λανθάνων
1903 1331 2092 1407 ἐκφεύ-

446 1457 581 1509 γειν,
633 1429 777 1488 ἔνθεν
840 1429 896 1485 δὲ
952 1428 1040 1483 καὶ
1094 1429 1527 1500 ταχυναυτοῦσαν
1578 1423 1776 1493 τριήρη
1828 1424 2089 1493 προσχεῖν

450 1507 539 1578 διὰ
566 1523 780 1597 ταχέων
830 1525 945 1580 τοῖς
979 1514 1125 1592 ὄρεσι
1174 1512 1553 1589 παρεσκεύαζε.
1608 1510 1707 1565 Καὶ
1739 1508 1803 1575 δὴ
1836 1507 1962 1567 τοὺς
1996 1508 2088 1578 μὲν

447 1613 505 1666 ἐκ
560 1611 730 1665 τόπου
786 1608 950 1662 τόπον
1030 1599 1268 1676 ἀμείϐων
1340 1604 1571 1659 συνετῶς
1626 1598 1875 1673 ἐμφανεῖς
1936 1597 2091 1654 ὄντας

447 1702 583 1755 κατᾶ
634 1700 697 1753 τὸ
729 1695 961 1764 λεληθὸς
996 1689 1355 1762 διεδίδρασκε·
1413 1690 1513 1755 τὴν
1564 1684 1619 1740 δὲ
1684 1684 1865 1758 μαθὼν
1909 1685 2089 1758 εὑτρε-

2211 542 2314 591 νῶν
2373 538 2738 593 ἀναπνεουσιψ
2793 539 2867 597 Οὐ
2931 542 3036 612 μὴν
3088 540 3143 595 δὲ
3189 542 3277 595 καὶ
3333 542 3409 605 εἷς
3465 540 3608 595 πολὺ
3675 543 3843 618 σερίσιν

2210 626 2277 694 ἦν
2337 628 2370 695 ἡ
2432 631 2537 679 τῶν
2596 627 2773 681 πόνων
2838 626 3035 697 ἄνεσις,
3092 628 3217 683 ἀλλ’
3277 629 3470 683 ἐκεῖνοι
3507 629 3843 701 μαθόντεςτᾶ

2209 716 2330 791 περὶ
2388 718 2477 771 τὸν
2524 717 2778 789 σουλτᾶν,
2828 719 2917 772 καὶ
2950 720 3031 772 ὅτι
3080 722 3148 791 τῇ
3181 717 3329 790 Αἴνῳ
3380 718 3689 794 προσμένει,
3740 722 3842 791 ἁμα

2210 801 2266 857 δὲ
2312 803 2402 857 καὶ
2434 806 2555 879 περῖ
2605 810 2709 859 τῶν
2763 805 2972 873 ἄλλων,
3006 807 3172 860 ἐκεῖσε
3219 804 3491 880 πανδημεῖ
3525 807 3734 879 σῦναμα
3760 809 3839 863 καὶ

2205 898 2283 963 τῷ
2342 895 2727 966 Κωνσταντίνῳ
2785 896 3251 968 συναθροισθέντες
3309 897 3407 964 τήν
3454 894 3615 949 πόλιν
3667 916 3839 967 περιε-

2204 981 2438 1051 κάθηντο
2496 982 2584 1036 καὶ
2618 980 2764 1036 δεινὰ
2794 983 3030 1053 ἐποίουν,
3064 982 3226 1053 δῆλοι
3274 979 3422 1046 ὄντες
3453 984 3526 1044 ὡς
3555 984 3836 1039 ἀνάστατον

2203 1072 2543 1138 ποιήσοντες.
2592 1067 3046 1147 Ἠκροϐολίζοντο
3094 1076 3218 1146 γοῦν
3274 1072 3387 1125 καθ’
3436 1068 3643 1146 ἡμέραν
3693 1093 3837 1147 περι-

2203 1155 2525 1221 κυκλοῦντες
2578 1160 2640 1213 τὸ
2690 1159 2967 1235 φρούριον,
3016 1159 3106 1213 καί
3144 1158 3407 1228 ἠπείλουν
3439 1165 3552 1221 τοῖς
3595 1160 3762 1229 ἐντὸς,
3796 1162 3835 1215 εἰ

2208 1247 2282 1318 μὴ
2315 1244 2586 1320 προδοῖεν,
2616 1248 2681 1300 τὰ
2713 1248 2982 1322 χείριστα,
3032 1250 3097 1303 Oi
3132 1246 3187 1301 δὲ
3240 1249 3466 1323 ὁρῶντες
3516 1249 3610 1320 μὲν
3660 1248 3749 1302 καὶ
3779 1252 3837 1303 τὰ

2204 1331 2353 1387 δεινὰ
2384 1334 2433 1387 ἐν
2464 1336 2586 1408 χρῷ
2619 1335 2793 1411 σφίσιν
2848 1338 2995 1406 ὅντα,
3045 1337 3134 1390 καὶ
3187 1337 3259 1397 ὡς
3313 1336 3372 1389 οὗ
3413 1336 3587 1412 φυκτὰ
3614 1337 3682 1391 τὰ
3710 1340 3837 1391 κατὰ

2202 1428 2359 1499 σφᾶς,
2404 1423 2446 1475 εἰ
2506 1418 2836 1496 ἐπιϐρίσειαν
2870 1422 3081 1492 πλῆθος
3128 1419 3276 1485 ὄντες
3326 1420 3439 1477 οὐδ’
3497 1424 3581 1478 ἐπὶ
3649 1426 3833 1496 μικρὸν

2200 1510 2571 1583 λογιζόμενοι,
2603 1513 2833 1586 ὁρῶντες
2860 1510 2916 1565 δὲ
2945 1513 3033 1566 καὶ
3082 1513 3142 1565 τὸ
3193 1511 3448 1589 φρούριον
3483 1513 3558 1573 ὡς
3605 1533 3832 1582 κατερη-

2202 1597 2463 1673 ριμμὲνον
2525 1599 2614 1652 καὶ
2657 1596 2889 1653 ἐνδῶσον
2930 1600 3118 1653 αὐτίκα
3168 1599 3211 1653 εἰ
3266 1602 3628 1673 μηχανήμασι
3672 1620 3834 1672 προσ-

2199 1688 2464 1759 κρουσθῇ,
2499 1684 2549 1739 ἐν
2609 1684 2805 1748 δεινοῖς
2852 1690 3010 1755 ἦσαν.
3066 1687 3216 1755 Πλὴν
3249 1685 3362 1741 οὐδ’
3411 1686 3461 1740 οἵ
3493 1708 3555 1761 γε
3579 1687 3835 1763 κατερρᾳ-

447 1794 723 1851 πισθεῖσαν
784 1790 1076 1860 παρεῖναι,
1157 1772 1495 1854 συγκαταϐὰς
1547 1780 1663 1837 τοῖς
1724 1773 1940 1833 λοιποῖς
1993 1777 2089 1826 τοῦ
2121 1811 2165 1874 Β
2201 1772 2404 1845 θύμουν
2468 1776 2542 1845 μὴ
2594 1773 2681 1828 καὶ
2748 1780 2997 1846 προνοεῖν
3049 1776 3259 1835 ἑαυτοῖς
3305 1774 3372 1829 τὰ
3424 1774 3499 1835 εἰς
3544 1775 3833 1848 σωτηρίαν.

760 1870 780 1874 -
885 1871 892 1874 .
1103 1869 1112 1874 .
1176 1868 1189 1874 -
1661 1862 1672 1874 .
1757 1860 1775 1874 κ
1899 1858 1923 1874 ,ς
2035 1861 2045 1874 .
2200 1862 2257 1874 ..-
2397 1862 2405 1874 ,
2550 1859 2589 1874 κ.
2718 1863 2731 1874 .
2817 1863 2829 1874 .
2992 1862 3005 1874 .
3098 1864 3110 1874 .
3297 1863 3310 1874 .
3560 1867 3582 1874 _
3692 1863 3707 1874 .
3771 1862 3785 1874 .

2034 1861 2045 1879 1

447 1878 605 1952 ὅρους
654 1858 899 1929 ἐπέϐαινε
927 1892 986 1925 τε
1032 1869 1119 1923 καὶ
1173 1868 1225 1928 ἐς
1277 1860 1842 1919 Κωνσταντινοόπολιν
1896 1858 2086 1914 διεσώ-

448 1946 584 2034 ζετο.
642 1965 704 2015 Οἱ
760 1961 805 2015 δ’
865 1958 1029 2013 ἄλλοι
1100 1951 1602 2023 διασκεδαννοόμενοι
1658 1946 1939 2023 πανταχοῦ
1990 1955 2089 2016 τῆς

447 2053 659 2127 Θρᾴκης
688 2051 739 2104 οἱ
792 2050 887 2120 μὲν
934 2045 1249 2115 ἡλίσκοντο,
1302 2043 1352 2095 οἱ
1404 2038 1458 2095 δὲ
1488 2041 1687 2127 ἐκῗτοῦ
1735 2037 1876 2111 παρὰ
1931 2034 2085 2127 δόξαν

444 2123 534 2195 καὶ
566 2137 910 2206 διεσώζοντο.
943 2134 1005 2187 Οἱ
1041 2127 1222 2205 μέντοι
1269 2150 1329 2203 γε
1371 2132 1477 2182 τῶν
1526 2126 1763 2195 οἰκείων,
1814 2127 1895 2184 οἷς
1938 2144 1997 2177 τε
2025 2123 2087 2177 τὸ

444 2230 620 2285 κοινὸν
652 2231 897 2299 ταμιεῖον
948 2222 1329 2295 ἑπετὲτραπτο,
1390 2215 1480 2271 σύν
1538 2214 1751 2275 τούτοις
1804 2210 1859 2266 δὲ
1900 2211 1989 2266 καὶ
2035 2212 2086 2265 οἱ

444 2317 584 2394 ἀμφὶ
614 2316 703 2370 τὸν
730 2298 986 2382 σουλτᾶν,
1035 2310 1129 2371 τὰς
1173 2311 1280 2362 τῶν
1314 2304 1522 2380 ἐχθρῶν
1573 2300 1734 2375 μόλις
1778 2298 2085 2373 διαδράντες

445 2551 541 2591 ces
572 2534 668 2605 qui
695 2534 765 2587 de
791 2529 1062 2587 hostibus
1085 2542 1201 2596 quo
1223 2523 1349 2579 loco
1371 2524 1568 2577 essent
1590 2523 1647 2573 et
1670 2517 1807 2605 quid
1831 2518 2090 2605 agerent,

442 2604 770 2677 necessaria
801 2620 949 2673 scitu
1010 2610 1339 2684 suggesturi
1397 2607 1759 2669 advolarant,
1792 2604 2088 2658 inauditos

441 2708 640 2781 repelli
675 2705 1069 2776 contingebat,
1104 2696 1498 2771 imprudentia
1528 2696 1653 2749 sine
1685 2692 1861 2747 dubio
1890 2691 2084 2746 exclu-

442 2798 704 2853 dentium
738 2809 988 2866 magna:
1022 2791 1122 2845 sed
1157 2805 1259 2843 sua
1289 2803 1387 2841 eos
1416 2786 1797 2839 excascaverat
1825 2784 2084 2834 conster-

443 2883 849 2953 natio,nimio,
885 2886 949 2935 ut
1005 2880 1069 2932 fit
1099 2877 1248 2933 ‘235
1292 2873 1449 2928 exitii
1512 2876 1667 2925 metu
1726 2870 1783 2923 in
1843 2868 2080 2922 exitium

451 2978 703 3029 ruentes.
736 2969 993 3025 Tandem
1030 2960 1683 3035 mgerrime,faventibus
1714 2957 1971 3010 noctium
2000 2960 2084 3009 te-

440 3064 659 3127 nebris,
686 3061 921 3129 juvante
953 3056 1021 3108 ad
1047 3052 1345 3106 latendum
1381 3046 1692 3102 solitudine
1723 3043 1957 3097 callium
1992 3042 2082 3095 in-

2200 1862 2284 1915 Ἐν
2348 1862 2497 1936 μὲρει
2547 1859 2603 1914 δὲ
2644 1863 2735 1915 καὶ
2785 1863 2836 1914 οἱ
2884 1862 3007 1935 περί
3059 1864 3120 1915 τὸ
3169 1863 3348 1916 κοινὸν
3398 1867 3642 1934 ταμιεῖον
3687 1863 3739 1916 ἐν
3767 1862 3836 1916 ἐν·

2195 1948 2369 2011 νοίαις
2422 1948 2664 2019 μείζοσιν
2724 1951 2758 2018 ἢ
2817 1950 2992 2025 φερειν
3047 1951 3202 2021 ἦσαν,
3261 1954 3377 2010 πῶς
3436 1948 3493 2002 ἂν
3546 1947 3830 2021 διασωθείη

2194 2036 2352 2096 τόσος
2403 2036 2577 2109 σωρὸς
2609 2035 2935 2109 χρημάτων,
2966 2036 3089 2097 ὅσος
3143 2036 3193 2090 ἐν
3230 2036 3531 2109 νομίσμασι
3576 2038 3663 2091 καὶ
3713 2039 3832 2098 ὅσος

2198 2122 2247 2176 ἐν
2309 2120 2586 2199 διαφόροις
2645 2122 3014 2198 θεωρουμεννς
3073 2122 3271 2179 εἶ’δεσι.
3327 2124 3423 2178 Καί
3475 2145 3537 2197 γε
3578 2124 3666 2178 καὶ
3710 2125 3827 2199 περὲ

2196 2209 2450 2272 πλείονος
2497 2218 2596 2280 τῆς
2630 2216 2773 2288 σφῶν
2823 2211 3091 2286 σωτηρίας
3135 2215 3436 2279 ποιοῦντες,
3467 2209 3638 2266 δεινὸν
3665 2213 3825 2286 ἡγού-

2199 2320 2351 2373 μενοι
2380 2300 2468 2353 καὶ
2520 2301 2792 2353 πεσόντων
2855 2299 3068 2354 ἐκείνων
3103 2299 3150 2353 εἷ’
3188 2301 3360 2354 τόσων
3410 2299 3472 2353 τὸ
3517 2301 3682 2355 κοινὸν
3712 2320 3817 2353 στε-

2199 2516 2814 2587 obsederunt,0ppugn
2824 2518 2985 2571 antes
3000 2531 3170 2585 quam
3183 2521 3444 2586 poterant
3458 2516 3830 2585 ferocissime,

2197 2621 2264 2659 ac
2296 2605 2466 2675 plane
2498 2622 2611 2675 prae
2645 2621 2706 2659 se
2736 2605 2987 2659 ferentes
3019 2604 3422 2659 destructuros
3462 2621 3525 2659 se
3554 2605 3827 2675 oppidum

2196 2709 2329 2746 cum
2364 2709 2514 2747 arce.
2545 2692 2769 2747 Corona
2799 2692 2979 2763 igitur
3004 2692 3255 2746 cinctam
3320 2693 3705 2747 munitionem
3739 2710 3831 2747 sa—

2194 2780 2357 2850 gittis
2388 2781 2647 2852 undique
2679 2782 2830 2835 236
2858 2798 2922 2834 ac
2949 2780 3160 2850 jaculis
3209 2798 3310 2852 per
3364 2782 3520 2835 diem
3562 2781 3831 2837 continue

2194 2870 2485 2939 petebant,
2511 2874 2567 2923 et
2596 2868 2959 2922 atrocissima
2991 2885 3236 2939 quaeque
3264 2868 3663 2939 praesidiariis,
3690 2870 3746 2923 ni
3774 2886 3831 2923 se

2192 2958 2457 3011 dederint
2486 2958 2878 3012 minabantur.
2909 2957 3015 3020 Qui
3044 2962 3238 3012 autem
3273 2958 3431 3012 intus
3463 2962 3628 3012 erant
3649 2958 3707 3012 in
3741 2976 3826 3012 ar-

2189 3050 2247 3099 to
2276 3062 2337 3099 se
2363 3046 2774 3116 deprehensos,
2808 3046 3042 3099 admota
3081 3046 3349 3100 cominus
3380 3050 3435 3099 et
3481 3047 3605 3115 jam
3636 3052 3824 3100 cutem

435 3150 683 3212 viorum,
736 3148 961 3201 Ganum
1024 3144 1282 3194 montem
1344 3134 1681 3191 conscendit
1737 3132 2071 3202 imperator,
2108 3135 2149 3201 α
2187 3148 2388 3186 exorsa
2422 3149 2588 3187 urere
2619 3130 3009 3186 ineluctabilis
3037 3132 3095 3185 vi
3153 3132 3313 3198 mali,
3349 3133 3687 3201 sentientes,
3720 3150 3828 3187 sas-

436 3237 651 3293 relictis
666 3232 1004 3295 comitibus,
1020 3232 1076 3283 et
1098 3226 1201 3281 sibi
1230 3228 1395 3295 prout
1411 3223 1656 3291 quisque
1681 3219 2077 3288 possetjussis

436 3323 756 3380 consulere.
778 3321 923 3375 Nam
944 3334 1041 3372 eos
1064 3329 1305 3369 suorum
1331 3312 1428 3381 qui
1462 3326 1610 3381 pone
1638 3306 2080 3362 assectabantur

438 3412 627 3483 magis
661 3411 964 3477 magisque
996 3402 1341 3474 desperabat
1370 3400 1620 3467 effugere
1654 3412 1821 3467 posse
1867 3410 2076 3483 manus

435 3482 716 3555 hostium.
749 3497 927 3550 Erant
956 3498 1148 3547 autem
1178 3490 1239 3543 hi
1274 3488 1374 3559 qui
1418 3502 1632 3556 penum
1666 3489 1722 3537 et
1772 3482 2075 3550 pecuniam

434 3584 867 3659 imperatoriam
898 3582 1227 3652 portabant,
1259 3582 1316 3631 et
1359 3575 1556 3629 sultan
1602 3572 1882 3627 Azatinus
1928 3586 2072 3659 cum

433 3658 578 3732 suis.
612 3681 787 3730 Porro
819 3672 1137 3740 imperator
1169 3666 1267 3720 ubi
1311 3670 1564 3718 montem
1625 3660 1826 3725 subiit,
1859 3658 2073 3713 celeres

430 3767 489 3820 in
524 3765 751 3818 diversa
783 3760 1043 3825 mittens,
1076 3755 1169 3809 hic
1203 3754 1439 3824 quidem
1495 3752 1881 3807 adventantes
1939 3761 2072 3815 spe-

430 3854 755 3915 culabatur,
789 3846 1106 3903 attentione
1145 3858 1379 3898 summa
1402 3844 1671 3908 satagens
1705 3835 1882 3889 latere
1913 3834 2072 3904 ipsos

436 3948 492 3999 et
522 3941 809 4010 effugere;
844 3937 901 3990 in
935 3934 1109 3989 aliam
1139 3948 1271 3988 vero
1332 3933 1553 4000 partem
1612 3928 1824 3979 missos
1871 3939 2075 3977 curare

433 4031 744 4101 diligenter
766 4023 947 4094 jussit
970 4026 1033 4076 ut
1052 4019 1307 4074 triremis
1336 4032 1508 4086 quam
1533 4013 1781 4085 primum
1808 4026 2073 4067 occurre-

432 4124 540 4186 ret,
565 4115 747 4171 monti
771 4130 886 4183 qua
918 4126 1077 4165 mare
1108 4106 1297 4177 tangit
1318 4104 1620 4159 confestim
1653 4119 1713 4156 se
1737 4103 2069 4165 admovens;

431 4214 488 4261 et
518 4206 718 4260 hostes
749 4202 985 4271 quidem
1019 4214 1153 4251 mox
1196 4197 1541 4265 apparentes
1598 4190 1792 4244 locum
1850 4206 1918 4243 ex
1946 4188 2070 4242 loco

432 4299 669 4350 mutans
702 4290 946 4345 solerter
976 4284 1171 4347 elusit,
1206 4297 1509 4350 nunquam
1541 4279 1614 4333 iis
1646 4278 1753 4333 etsi
1795 4276 2071 4331 acerrime

429 4379 847 4452 indagantibus
869 4378 1235 4443 conspectus.
1255 4370 1573 4424 Triremem
1606 4372 1798 4422 autem
1824 4382 1956 4420 cum
1973 4381 2070 4420 co-

428 4470 721 4542 gnovisset
751 4466 1100 4519 instructam
1136 4463 1342 4554 praesto
1383 4473 1511 4511 esse
1698 4454 2064 4554 designatum
2100 4491 2143 4554 Β

426 4538 612 4624 littus,
646 4570 712 4608 eo
744 4568 877 4606 cum
911 4549 1137 4621 exiguis
1178 4546 1490 4601 comitatus
1540 4542 1751 4612 dilapsi
1803 4538 2065 4609 reliquiis

428 4643 786 4701 descendens
818 4658 847 4695 e
878 4646 1071 4695 monte
1102 4635 1439 4692 conscendit
1461 4633 1517 4686 in
1554 4636 1813 4703 paratam
1846 4630 2063 4697 navim,

427 4741 485 4791 et
516 4735 601 4789 sic
631 4727 1193 4799 ConstantinOpolim
1226 4725 1422 4780 salvus
1448 4723 1651 4778 tenuit.
1684 4719 1794 4775 Alii
1843 4718 2059 4790 passim

425 4819 678 4894 dispersi
709 4834 811 4890 per
840 4817 1145 4872 Thraciam
1210 4813 1417 4883 partim
1452 4810 1602 4881 capti
1659 4813 1815 4873 sunt,
1850 4806 2061 4878 partim

424 4916 633 4984 praeter
662 4907 993 4979 opinionem
1028 4903 1351 4958 incolumes
1380 4902 1710 4955 evaserunt.
1740 4900 1810 4951 At
1843 4896 1925 4950 illi
1958 4898 2063 4984 d70-

424 4983 803 5053 rnesticorum
838 4993 1055 5063 quibus
1086 4994 1211 5045 erat
1232 4987 1621 5058 imperatoriae
1642 4983 2061 5054 suppellectilis

422 5092 478 5142 et
509 5085 768 5158 pecunia:
801 5081 1122 5135 deferendae
1152 5094 1291 5132 cura
1321 5074 1657 5140 commissa,
1680 5072 2063 5141 quibuscum,

422 5182 484 5231 ut
514 5180 604 5230 est
632 5175 875 5237 dictum,
903 5170 1096 5224 sultan
1131 5168 1271 5234 ibat,
1304 5180 1453 5235 aegre
1484 5162 1758 5217 manibus
1803 5161 2057 5214 hostium

420 5263 600 5335 elapsi
616 5262 739 5318 [Eni
764 5275 954 5316 arcem
978 5258 1293 5312 subeuntes
1310 5251 1613 5323 paululum
1644 5266 1676 5303 a
1698 5248 2059 5319 gravissimis

419 5353 695 5407 aerumnis
730 5349 1114 5419 respirarunt.
1137 5344 1249 5398 Sed
1284 5358 1394 5396 non
1422 5340 1593 5408 longa
1625 5337 1745 5391 illis
1776 5336 2062 5407 contingit

418 5441 686 5497 remissio
718 5439 1007 5493 laborum.
1039 5432 1184 5487 Nam
1243 5430 1441 5484 hostes
1473 5426 1703 5498 cognita
1733 5426 1803 5479 de
1830 5424 2059 5479 sultane

417 5529 519 5584 ubi
550 5531 725 5592 esset,
759 5530 817 5580 et
841 5539 975 5579 eum
1008 5538 1141 5577 cum
1176 5519 1308 5574 aliis
1339 5518 1397 5571 in
1446 5516 1575 5570 Eni
1635 5530 1764 5569 arce
1813 5514 2055 5579 versari,

416 5617 615 5674 statim
642 5610 977 5686 congregati
1008 5625 1144 5667 cum
1166 5606 1550 5664 Constantino
1575 5600 1832 5659 universi
1857 5602 2057 5656 urbem

2184 3221 2428 3275 tuabant
2458 3219 2609 3274 anxii
2643 3224 2697 3273 et
2725 3224 2953 3274 tantum
2988 3236 3101 3274 non
3135 3220 3577 3290 despondebant
3600 3221 3825 3276 animos

2184 3308 2643 3378 haudquaquam
2705 3324 2833 3361 sese
2866 3323 3031 3377 pares
3090 3307 3439 3378 repellendis
3497 3309 3821 3363 assultibus

2184 3396 2462 3462 hostium,
2497 3396 2567 3461 si,
2616 3396 2769 3467 quod
2805 3411 2939 3449 mox
2996 3397 3251 3449 futurum
3308 3396 3628 3465 apparebat
3684 3398 3820 3451 totis

2182 3484 2403 3539 viribus
2435 3484 2741 3549 irruerent,
2777 3483 2992 3554 quippe
3017 3484 3117 3554 qui
3140 3498 3197 3537 se
3221 3487 3379 3538 tanto
3402 3483 3548 3553 ipsis
3588 3484 3822 3538 inferio-

2183 3589 2272 3627 res
2288 3589 2531 3626 numero
2548 3572 2830 3640 viderent,
2850 3572 2920 3626 ad
2946 3571 3066 3624 haec
3086 3588 3215 3625 arce
3231 3570 3491 3625 inclusos
3506 3588 3565 3626 se
3588 3572 3686 3626 inii
3699 3589 3820 3626 rma

2182 3667 2239 3717 et
2270 3662 2633 3723 semidiruta,
2669 3661 2838 3729 cujus
2869 3676 2997 3730 quae
3039 3660 3337 3715 restabant
3391 3661 3615 3731 integra
3663 3661 3817 3715 haud

2180 3751 2493 3806 essentiam
2517 3749 2683 3805 solidi
2700 3748 2888 3819 operis
2902 3748 3663 3819 utposssentmachinarum
3687 3766 3819 3804 mox

2180 3839 2438 3909 undique
2452 3839 2945 3893 admovendarum
2971 3837 3261 3891 sustinere
3282 3836 3817 3907 impetum.Tamen

2180 3929 2239 3982 in
2268 3928 2445 3982 tantis
2484 3927 2654 3981 malis
2686 3943 2969 3981 memores
3001 3926 3233 3979 virtutis
3257 3925 3476 3980 nullam
3504 3926 3815 3997 diligentiae

2180 4016 2675 4087 providentiwque
2719 4019 2939 4086 partem
2992 4014 3359 4081 omittebant,
3392 4016 3546 4069 omni
3598 4017 3817 4071 ratione

2180 4111 2508 4176 satagentes
2530 4110 2584 4159 et
2619 4121 2677 4159 se
2697 4105 2855 4173 ipsos
2871 4109 2924 4158 et
2951 4104 3059 4158 sibi
3074 4105 3443 4159 commissam
3469 4122 3697 4160 servare
3728 4122 3817 4161 ar-

2177 4211 2322 4249 cem.
2360 4192 2671 4247 Peculiaris
2717 4191 2873 4245 inter
2902 4190 3023 4243 haec
3055 4191 3383 4245 sollicitudo
3440 4197 3565 4247 erat
3620 4200 3815 4247 custo-

2176 4283 2317 4337 dum
2341 4281 2725 4352 imperatoriae
2744 4280 3163 4350 suppellectilis
3184 4296 3247 4335 ac
3279 4281 3812 4350 pecunimpublicae,

2177 4388 2292 4442 quo
2318 4372 2602 4425 ferrentet
2623 4368 2718 4422 ubi
2743 4368 2967 4422 salvum
2989 4368 3045 4423 ir.
3071 4373 3195 4423 tuto
3209 4369 3564 4439 deponerent
3584 4374 3813 4424 tantum

2176 4475 2444 4515 acervum
2463 4473 2653 4512 rerum
2675 4456 3256 4527 pretiosissimarum,
3274 4458 3626 4525 quantumin
3652 4457 3812 4513 cistis

2175 4548 2475 4602 conditum
2510 4562 2819 4600 numerum
2854 4546 3114 4600 ferebant
3146 4546 3358 4617 partim
3392 4562 3575 4601 aurea
3606 4562 3811 4616 argen-

2176 4641 2395 4705 teaeque
2415 4638 2680 4700 moneta,
2702 4633 2911 4703 partim
2942 4649 3203 4688 vasorum
3230 4649 3295 4686 ac
3317 4633 3565 4687 vestium
3590 4632 3817 4704 conspi-

2173 4740 2291 4777 cua:
2324 4722 2465 4777 artis
2498 4739 2562 4775 ac
2605 4721 2815 4792 pretiii.
2848 4722 3103 4776 Tandem
3157 4720 3239 4775 rei
3280 4728 3575 4775 momento
3632 4727 3690 4775 et
3720 4721 3811 4776 sui

2172 4811 2429 4881 ipsorum
2463 4810 2637 4864 ofﬁcii
2672 4809 2865 4864 debito
2907 4825 3211 4879 perpensa,
3245 4825 3488 4863 suarum
3521 4826 3649 4864 esse
3680 4826 3812 4879 par-

2172 4900 2317 4953 tium
2335 4898 2851 4953 statueruntvitam
2875 4898 3069 4967 potius
3090 4898 3438 4967 profundere
3453 4914 3628 4968 quam
3647 4902 3813 4951 tanto

2172 4988 2446 5042 thesauro
2480 4987 2534 5039 in
2572 5002 2782 5039 manus
2812 4985 3066 5040 hostium
3127 4986 3413 5039 tradendo
3448 4984 3812 5057 irreparabili

2171 5078 2381 5131 damno
2412 5074 2829 5145 rempublicam
2890 5073 3163 5144 afﬂigere.
3197 5074 3348 5129 Certi
3402 5090 3539 5146 ergo
3597 5078 3807 5128 conatu

2171 5164 2328 5219 omni
2364 5168 2539 5233 atque
2566 5163 2859 5217 industria
2901 5163 3249 5217 contendere
3309 5163 3367 5216 in
3426 5162 3809 5217 custodiendo

2171 5252 2313 5307 tanti
2346 5250 2515 5321 pretii
2568 5251 2828 5320 deposito
2878 5250 3131 5320 primum
3193 5249 3616 5321 pretiosissima
3646 5265 3805 5319 gem-

2170 5356 2295 5393 mas
2313 5344 2370 5393 et
2392 5338 2735 5407 margaritas
2764 5336 2907 5392 velis
2928 5338 3141 5407 quibus
3165 5342 3329 5391 erant
3356 5336 3589 5391 intexta
3612 5338 3800 5391 detra-

2166 5429 2390 5495 hentes,
2425 5442 2541 5479 una
2589 5442 2719 5479 cum
2781 5425 3140 5480 ornamentis
3196 5424 3590 5495 imperatoriis
3651 5430 3707 5478 et
3736 5440 3802 5479 eo

2165 5516 2315 5585 quod
2348 5515 2405 5567 in
2436 5519 2556 5569 tota
2586 5530 2737 5585 penu
2762 5520 2886 5569 erat
2927 5512 3324 5584 exquisitioris
3356 5511 3547 5582 pretii,
3570 5513 3810 5566 abstru-

2166 5603 2417 5660 sissimis
2438 5603 2789 5659 infodientes
2812 5604 2921 5659 sub
2953 5607 3107 5658 terra
3144 5601 3633 5658 commendarunt
3664 5600 3809 5656 late-
