  <div class='ocr_page' id='page_1' title='image "/cluster/home/n/w/nwhite01/storage/ocr_20150623/143/mdp.39015078384784/348.png"; bbox 0 0 4162 6292; ppageno 0'>
   <div class='ocr_carea' id='block_1_1' title="bbox 303 311 408 367">
    <p class='ocr_par' dir='ltr' id='par_1_1' title="bbox 303 311 408 367">
     <span class='ocr_line' id='line_1_1' title="bbox 303 311 408 367; baseline 0 0"><span class='ocrx_word' id='word_1_1' title='bbox 303 311 408 367; x_wconf 85' lang='grc'>681</span> 
     </span>
    </p>
   </div>
   <div class='ocr_carea' id='block_1_2' title="bbox 1370 298 2664 358">
    <p class='ocr_par' dir='ltr' id='par_1_2' title="bbox 1370 298 2664 358">
     <span class='ocr_line' id='line_1_2' title="bbox 1370 298 2664 358; baseline -0.005 -1"><span class='ocrx_word' id='word_1_2' title='bbox 1370 305 1464 357; x_wconf 80' lang='lat' dir='ltr'>DE</span> <span class='ocrx_word' id='word_1_3' title='bbox 1508 301 1876 358; x_wconf 76' lang='lat' dir='ltr'>MICHAELE</span> <span class='ocrx_word' id='word_1_4' title='bbox 1912 298 2355 355; x_wconf 74' lang='lat' dir='ltr'>PALEOLOGO</span> <span class='ocrx_word' id='word_1_5' title='bbox 2391 300 2525 352; x_wconf 88' lang='lat' dir='ltr'>LIB.</span> <span class='ocrx_word' id='word_1_6' title='bbox 2568 301 2664 352; x_wconf 84' lang='lat' dir='ltr'>III.</span> 
     </span>
    </p>
   </div>
   <div class='ocr_carea' id='block_1_3' title="bbox 3602 290 3710 345">
    <p class='ocr_par' dir='ltr' id='par_1_3' title="bbox 3602 290 3710 345">
     <span class='ocr_line' id='line_1_3' title="bbox 3602 290 3710 345; baseline 0 0"><span class='ocrx_word' id='word_1_7' title='bbox 3602 290 3710 345; x_wconf 86' lang='lat'>682</span> 
     </span>
    </p>
   </div>
   <div class='ocr_carea' id='block_1_4' title="bbox 309 415 3713 510">
    <p class='ocr_par' dir='ltr' id='par_1_4' title="bbox 309 415 3713 510">
     <span class='ocr_line' id='line_1_4' title="bbox 309 415 3713 510; baseline -0.006 -20"><span class='ocrx_word' id='word_1_8' title='bbox 309 440 481 510; x_wconf 84' lang='grc' dir='ltr'>ροῖτο,</span> <span class='ocrx_word' id='word_1_9' title='bbox 504 430 764 506; x_wconf 87' lang='grc' dir='ltr'>πρόνοιαν</span> <span class='ocrx_word' id='word_1_10' title='bbox 804 428 1053 505; x_wconf 80' lang='grc' dir='ltr'>φυλακῆς</span> <span class='ocrx_word' id='word_1_11' title='bbox 1084 428 1327 482; x_wconf 77' lang='grc' dir='ltr'>ἐποίουν.</span> <span class='ocrx_word' id='word_1_12' title='bbox 1378 427 1482 481; x_wconf 81' lang='grc' dir='ltr'>Καὶ</span> <span class='ocrx_word' id='word_1_13' title='bbox 1514 424 1589 492; x_wconf 77' lang='grc' dir='ltr'><strong>δὴ</strong></span> <span class='ocrx_word' id='word_1_14' title='bbox 1626 423 1816 488; x_wconf 80' lang='grc' dir='ltr'>λίθους</span> <span class='ocrx_word' id='word_1_15' title='bbox 1866 425 1959 497; x_wconf 77' lang='grc' dir='ltr'>μὶν</span> <span class='ocrx_word' id='word_1_16' title='bbox 1989 426 2042 492; x_wconf 73' lang='grc' dir='ltr'><strong>Α</strong></span> <span class='ocrx_word' id='word_1_17' title='bbox 2070 423 2159 477; x_wconf 85' lang='grc' dir='ltr'>καὶ</span> <span class='ocrx_word' id='word_1_18' title='bbox 2211 424 2504 510; x_wconf 78' lang='grc' dir='ltr'>χρήμασι,</span> <span class='ocrx_word' id='word_1_19' title='bbox 2553 422 2642 510; x_wconf 82' lang='grc' dir='ltr'>καὶ</span> <span class='ocrx_word' id='word_1_20' title='bbox 2689 420 2999 485; x_wconf 73' lang='grc' dir='ltr'>τούντεῦθεν</span> <span class='ocrx_word' id='word_1_21' title='bbox 3044 423 3513 510; x_wconf 66' lang='grc' dir='ltr'>καθυπισχνοῦντο</span> <span class='ocrx_word' id='word_1_22' title='bbox 3568 415 3713 510; x_wconf 56' lang='grc' dir='ltr'>σφίσὶ</span> 
     </span>
    </p>
   </div>
   <div class='ocr_carea' id='block_1_5' title="bbox 312 513 1963 593">
    <p class='ocr_par' dir='ltr' id='par_1_5' title="bbox 312 513 1963 593">
     <span class='ocr_line' id='line_1_5' title="bbox 312 513 1963 593; baseline -0.008 -15"><span class='ocrx_word' id='word_1_23' title='bbox 312 523 546 583; x_wconf 81' lang='grc' dir='ltr'>ἐκείνους</span> <span class='ocrx_word' id='word_1_24' title='bbox 599 521 689 575; x_wconf 89' lang='grc' dir='ltr'>καὶ</span> <span class='ocrx_word' id='word_1_25' title='bbox 752 517 1068 593; x_wconf 83' lang='grc' dir='ltr'>μαργάρους</span> <span class='ocrx_word' id='word_1_26' title='bbox 1120 520 1227 570; x_wconf 81' lang='grc' dir='ltr'>τῶν</span> <span class='ocrx_word' id='word_1_27' title='bbox 1285 513 1511 569; x_wconf 76' lang='grc' dir='ltr'>πέπλων</span> <span class='ocrx_word' id='word_1_28' title='bbox 1561 515 1817 569; x_wconf 84' lang='grc' dir='ltr'>ἀπέσπων</span> <span class='ocrx_word' id='word_1_29' title='bbox 1874 513 1963 566; x_wconf 80' lang='grc' dir='ltr'>καὶ</span> 
     </span>
    </p>
   </div>
   <div class='ocr_carea' id='block_1_6' title="bbox 312 601 1963 688">
    <p class='ocr_par' dir='ltr' id='par_1_6' title="bbox 312 601 1963 688">
     <span class='ocr_line' id='line_1_6' title="bbox 312 601 1963 688; baseline -0.007 -22"><span class='ocrx_word' id='word_1_30' title='bbox 312 612 362 666; x_wconf 70' lang='grc' dir='ltr'>ἓν</span> <span class='ocrx_word' id='word_1_31' title='bbox 408 612 595 688; x_wconf 72' lang='grc' dir='ltr'>ἀφανεῖ</span> <span class='ocrx_word' id='word_1_32' title='bbox 635 608 1000 681; x_wconf 65' lang='grc' dir='ltr'>κατέκρυπτον</span> <span class='ocrx_word' id='word_1_33' title='bbox 1062 606 1175 677; x_wconf 80' lang='grc' dir='ltr'>ἅμα</span> <span class='ocrx_word' id='word_1_34' title='bbox 1228 603 1320 657; x_wconf 81' lang='grc' dir='ltr'>καὶ</span> <span class='ocrx_word' id='word_1_35' title='bbox 1349 609 1464 664; x_wconf 83' lang='grc' dir='ltr'>τοῖς</span> <span class='ocrx_word' id='word_1_36' title='bbox 1521 601 1816 676; x_wconf 73' lang='grc' dir='ltr'>βασιλείοις</span> <span class='ocrx_word' id='word_1_37' title='bbox 1862 619 1963 676; x_wconf 79' lang='grc' dir='ltr'>φο-</span> 
     </span>
    </p>
   </div>
   <div class='ocr_carea' id='block_1_7' title="bbox 317 689 1963 777">
    <p class='ocr_par' dir='ltr' id='par_1_7' title="bbox 317 689 1963 777">
     <span class='ocr_line' id='line_1_7' title="bbox 317 689 1963 777; baseline -0.008 -23"><span class='ocrx_word' id='word_1_38' title='bbox 317 700 533 777; x_wconf 72' lang='grc' dir='ltr'>ρέμασι,</span> <span class='ocrx_word' id='word_1_39' title='bbox 565 705 645 771; x_wconf 82' lang='grc' dir='ltr'>[Ρ.</span> <span class='ocrx_word' id='word_1_40' title='bbox 688 699 811 768; x_wconf 74' lang='grc'>457]</span> <span class='ocrx_word' id='word_1_41' title='bbox 854 696 943 750; x_wconf 89' lang='grc' dir='ltr'>καὶ</span> <span class='ocrx_word' id='word_1_42' title='bbox 1000 698 1102 747; x_wconf 74' lang='grc' dir='ltr'>πᾶν</span> <span class='ocrx_word' id='word_1_43' title='bbox 1139 692 1192 746; x_wconf 85' lang='grc' dir='ltr'>εἶ’</span> <span class='ocrx_word' id='word_1_44' title='bbox 1231 712 1283 745; x_wconf 88' lang='grc' dir='ltr'>τι</span> <span class='ocrx_word' id='word_1_45' title='bbox 1336 690 1588 766; x_wconf 87' lang='grc' dir='ltr'>λαμπρὸν</span> <span class='ocrx_word' id='word_1_46' title='bbox 1643 691 1732 745; x_wconf 86' lang='grc' dir='ltr'>καὶ</span> <span class='ocrx_word' id='word_1_47' title='bbox 1782 689 1963 761; x_wconf 87' lang='grc' dir='ltr'>τίμιον</span> 
     </span>
    </p>
   </div>
   <div class='ocr_carea' id='block_1_8' title="bbox 317 778 1963 861">
    <p class='ocr_par' dir='ltr' id='par_1_8' title="bbox 317 778 1963 861">
     <span class='ocr_line' id='line_1_8' title="bbox 317 778 1963 861; baseline -0.008 -17"><span class='ocrx_word' id='word_1_48' title='bbox 317 783 722 861; x_wconf 74' lang='grc' dir='ltr'>παραϐυοῦντες</span> <span class='ocrx_word' id='word_1_49' title='bbox 772 782 1005 857; x_wconf 76' lang='grc' dir='ltr'>ἐτέρουν,</span> <span class='ocrx_word' id='word_1_50' title='bbox 1054 780 1211 835; x_wconf 75' lang='grc' dir='ltr'>αὐτοὶ</span> <span class='ocrx_word' id='word_1_51' title='bbox 1270 782 1322 833; x_wconf 68' lang='grc' dir='ltr'>εὶ</span> <span class='ocrx_word' id='word_1_52' title='bbox 1376 782 1511 853; x_wconf 82' lang='grc' dir='ltr'>πρὸς</span> <span class='ocrx_word' id='word_1_53' title='bbox 1567 784 1647 834; x_wconf 82' lang='grc' dir='ltr'>τῶ</span> <span class='ocrx_word' id='word_1_54' title='bbox 1704 778 1963 849; x_wconf 81' lang='grc' dir='ltr'>πολεμεῖν</span> 
     </span>
    </p>
   </div>
   <div class='ocr_carea' id='block_1_9' title="bbox 319 862 1968 945">
    <p class='ocr_par' dir='ltr' id='par_1_9' title="bbox 319 862 1968 945">
     <span class='ocr_line' id='line_1_9' title="bbox 319 862 1968 945; baseline -0.007 -15"><span class='ocrx_word' id='word_1_55' title='bbox 319 879 457 944; x_wconf 80' lang='grc' dir='ltr'>ἦσαν</span> <span class='ocrx_word' id='word_1_56' title='bbox 490 874 582 927; x_wconf 68' lang='grc' dir='ltr'>σὺν</span> <span class='ocrx_word' id='word_1_57' title='bbox 628 878 742 933; x_wconf 83' lang='grc' dir='ltr'>τοῖς</span> <span class='ocrx_word' id='word_1_58' title='bbox 797 869 1040 939; x_wconf 79' lang='grc' dir='ltr'>λοιποῖς,</span> <span class='ocrx_word' id='word_1_59' title='bbox 1089 869 1177 923; x_wconf 84' lang='grc' dir='ltr'>καὶ</span> <span class='ocrx_word' id='word_1_60' title='bbox 1236 868 1316 945; x_wconf 69' lang='grc' dir='ltr'>ἐφ’</span> <span class='ocrx_word' id='word_1_61' title='bbox 1374 867 1498 921; x_wconf 85' lang='grc' dir='ltr'>ὅσον</span> <span class='ocrx_word' id='word_1_62' title='bbox 1556 862 1748 940; x_wconf 61' lang='grc' dir='ltr'>1ἴσχυον</span> <span class='ocrx_word' id='word_1_63' title='bbox 1804 884 1968 939; x_wconf 81' lang='grc' dir='ltr'>παρε-</span> 
     </span>
    </p>
   </div>
   <div class='ocr_carea' id='block_1_10' title="bbox 321 955 1968 1033">
    <p class='ocr_par' dir='ltr' id='par_1_10' title="bbox 321 955 1968 1033">
     <span class='ocr_line' id='line_1_10' title="bbox 321 955 1968 1033; baseline -0.009 -15"><span class='ocrx_word' id='word_1_64' title='bbox 321 966 671 1031; x_wconf 80' lang='grc' dir='ltr'>σκευάζοντο,</span> <span class='ocrx_word' id='word_1_65' title='bbox 729 957 937 1022; x_wconf 71' lang='grc' dir='ltr'>ἔνδόθεν</span> <span class='ocrx_word' id='word_1_66' title='bbox 998 956 1290 1033; x_wconf 75' lang='grc' dir='ltr'>βάλλοντες</span> <span class='ocrx_word' id='word_1_67' title='bbox 1344 955 1522 1027; x_wconf 81' lang='grc' dir='ltr'>τόξοις</span> <span class='ocrx_word' id='word_1_68' title='bbox 1574 972 1631 1007; x_wconf 87' lang='grc' dir='ltr'>τε</span> <span class='ocrx_word' id='word_1_69' title='bbox 1675 955 1764 1008; x_wconf 83' lang='grc' dir='ltr'>καὶ</span> <span class='ocrx_word' id='word_1_70' title='bbox 1811 974 1968 1029; x_wconf 76' lang='grc' dir='ltr'>σφεν-</span> 
     </span>
    </p>
   </div>
   <div class='ocr_carea' id='block_1_11' title="bbox 325 1041 1970 1120">
    <p class='ocr_par' dir='ltr' id='par_1_11' title="bbox 325 1041 1970 1120">
     <span class='ocr_line' id='line_1_11' title="bbox 325 1041 1970 1120; baseline -0.009 -13"><span class='ocrx_word' id='word_1_71' title='bbox 325 1052 534 1112; x_wconf 82' lang='grc' dir='ltr'>δόναις.</span> <span class='ocrx_word' id='word_1_72' title='bbox 560 1048 713 1105; x_wconf 68' lang='grc' dir='ltr'>Ἀλλ’</span> <span class='ocrx_word' id='word_1_73' title='bbox 746 1048 845 1101; x_wconf 74' lang='grc' dir='ltr'>οὐκ</span> <span class='ocrx_word' id='word_1_74' title='bbox 873 1044 1062 1115; x_wconf 74' lang='grc' dir='ltr'>ἤνυτον</span> <span class='ocrx_word' id='word_1_75' title='bbox 1102 1047 1165 1100; x_wconf 86' lang='grc' dir='ltr'>τὸ</span> <span class='ocrx_word' id='word_1_76' title='bbox 1195 1041 1466 1120; x_wconf 72' lang='grc' dir='ltr'>παράπαν·</span> <span class='ocrx_word' id='word_1_77' title='bbox 1518 1046 1602 1113; x_wconf 74' lang='grc' dir='ltr'>τῷ</span> <span class='ocrx_word' id='word_1_78' title='bbox 1632 1044 1737 1116; x_wconf 70' lang='grc' dir='ltr'>γὰρ</span> <span class='ocrx_word' id='word_1_79' title='bbox 1768 1042 1970 1111; x_wconf 77' lang='grc' dir='ltr'>πλήθει</span> 
     </span>
    </p>
   </div>
   <div class='ocr_carea' id='block_1_12' title="bbox 328 1130 1973 1214">
    <p class='ocr_par' dir='ltr' id='par_1_12' title="bbox 328 1130 1973 1214">
     <span class='ocr_line' id='line_1_12' title="bbox 328 1130 1973 1214; baseline -0.007 -20"><span class='ocrx_word' id='word_1_80' title='bbox 328 1143 383 1194; x_wconf 74' lang='grc' dir='ltr'>οἳ</span> <span class='ocrx_word' id='word_1_81' title='bbox 440 1137 632 1214; x_wconf 75' lang='grc' dir='ltr'>ἐχθροὶ</span> <span class='ocrx_word' id='word_1_82' title='bbox 689 1142 948 1209; x_wconf 83' lang='grc' dir='ltr'>περιῆσαν</span> <span class='ocrx_word' id='word_1_83' title='bbox 983 1176 998 1205; x_wconf 85' lang='grc'><strong><em>,</em></strong></span> <span class='ocrx_word' id='word_1_84' title='bbox 1059 1134 1150 1187; x_wconf 85' lang='grc' dir='ltr'>καὶ</span> <span class='ocrx_word' id='word_1_85' title='bbox 1219 1130 1494 1203; x_wconf 84' lang='grc' dir='ltr'>κλίμακας</span> <span class='ocrx_word' id='word_1_86' title='bbox 1566 1131 1973 1205; x_wconf 85' lang='grc' dir='ltr'>εὐτρεπίσαντες</span> 
     </span>
    </p>
   </div>
   <div class='ocr_carea' id='block_1_13' title="bbox 331 1218 1973 1296">
    <p class='ocr_par' dir='ltr' id='par_1_13' title="bbox 331 1218 1973 1296">
     <span class='ocr_line' id='line_1_13' title="bbox 331 1218 1973 1296; baseline -0.009 -13"><span class='ocrx_word' id='word_1_87' title='bbox 331 1227 599 1283; x_wconf 76' lang='grc' dir='ltr'>ἐπιθεῖναι</span> <span class='ocrx_word' id='word_1_88' title='bbox 654 1229 770 1285; x_wconf 85' lang='grc' dir='ltr'>τοῖς</span> <span class='ocrx_word' id='word_1_89' title='bbox 824 1224 1057 1296; x_wconf 76' lang='grc' dir='ltr'>τείχεσιν</span> <span class='ocrx_word' id='word_1_90' title='bbox 1116 1222 1444 1293; x_wconf 78' lang='grc' dir='ltr'>ἐπειρῶντοο</span> <span class='ocrx_word' id='word_1_91' title='bbox 1497 1222 1815 1293; x_wconf 80' lang='grc' dir='ltr'>παρώτρυνε</span> <span class='ocrx_word' id='word_1_92' title='bbox 1869 1218 1973 1292; x_wconf 77' lang='grc' dir='ltr'>γὰρ</span> 
     </span>
    </p>
   </div>
   <div class='ocr_carea' id='block_1_14' title="bbox 332 1305 1972 1382">
    <p class='ocr_par' dir='ltr' id='par_1_14' title="bbox 332 1305 1972 1382">
     <span class='ocr_line' id='line_1_14' title="bbox 332 1305 1972 1382; baseline -0.007 -13"><span class='ocrx_word' id='word_1_93' title='bbox 332 1315 572 1374; x_wconf 78' lang='grc' dir='ltr'>ἐκείνους</span> <span class='ocrx_word' id='word_1_94' title='bbox 620 1311 789 1368; x_wconf 85' lang='grc' dir='ltr'>πλέον</span> <span class='ocrx_word' id='word_1_95' title='bbox 830 1310 918 1363; x_wconf 88' lang='grc' dir='ltr'>καὶ</span> <span class='ocrx_word' id='word_1_96' title='bbox 949 1312 982 1377; x_wconf 78' lang='grc' dir='ltr'>ἡ</span> <span class='ocrx_word' id='word_1_97' title='bbox 1013 1315 1117 1364; x_wconf 81' lang='grc' dir='ltr'>τῶν</span> <span class='ocrx_word' id='word_1_98' title='bbox 1176 1308 1480 1382; x_wconf 74' lang='grc' dir='ltr'>χρημάτων</span> <span class='ocrx_word' id='word_1_99' title='bbox 1522 1306 1598 1366; x_wconf 79' lang='grc' dir='ltr'>εἰς</span> <span class='ocrx_word' id='word_1_100' title='bbox 1625 1311 1815 1379; x_wconf 86' lang='grc' dir='ltr'>χεῖρας</span> <span class='ocrx_word' id='word_1_101' title='bbox 1850 1305 1972 1359; x_wconf 82' lang='grc' dir='ltr'>ὅσον</span> 
     </span>
    </p>
   </div>
   <div class='ocr_carea' id='block_1_15' title="bbox 337 1390 1973 1475">
    <p class='ocr_par' dir='ltr' id='par_1_15' title="bbox 337 1390 1973 1475">
     <span class='ocr_line' id='line_1_15' title="bbox 337 1390 1973 1475; baseline -0.007 -18"><span class='ocrx_word' id='word_1_102' title='bbox 337 1403 492 1457; x_wconf 79' lang='grc' dir='ltr'>οὕπω</span> <span class='ocrx_word' id='word_1_103' title='bbox 539 1398 915 1475; x_wconf 74' lang='grc' dir='ltr'>γενησομένων</span> <span class='ocrx_word' id='word_1_104' title='bbox 963 1396 1153 1463; x_wconf 74' lang='grc' dir='ltr'>ἐλπὶς,</span> <span class='ocrx_word' id='word_1_105' title='bbox 1208 1395 1297 1449; x_wconf 85' lang='grc' dir='ltr'>καὶ</span> <span class='ocrx_word' id='word_1_106' title='bbox 1348 1390 1630 1468; x_wconf 77' lang='grc' dir='ltr'>ἐπέϐριθον</span> <span class='ocrx_word' id='word_1_107' title='bbox 1678 1396 1751 1455; x_wconf 85' lang='grc' dir='ltr'>ὡς</span> <span class='ocrx_word' id='word_1_108' title='bbox 1798 1393 1973 1469; x_wconf 75' lang='grc' dir='ltr'>λαφύο</span> 
     </span>
    </p>
   </div>
   <div class='ocr_carea' id='block_1_16' title="bbox 333 1481 1974 1559">
    <p class='ocr_par' dir='ltr' id='par_1_16' title="bbox 333 1481 1974 1559">
     <span class='ocr_line' id='line_1_16' title="bbox 333 1481 1974 1559; baseline -0.006 -14"><span class='ocrx_word' id='word_1_109' title='bbox 333 1492 534 1559; x_wconf 83' lang='grc' dir='ltr'>ξοντες.</span> <span class='ocrx_word' id='word_1_110' title='bbox 572 1488 744 1543; x_wconf 83' lang='grc' dir='ltr'>Ἀλλὰ</span> <span class='ocrx_word' id='word_1_111' title='bbox 772 1490 935 1539; x_wconf 78' lang='grc' dir='ltr'>ταῦτα</span> <span class='ocrx_word' id='word_1_112' title='bbox 982 1487 1077 1556; x_wconf 66' lang='grc' dir='ltr'>μὲν</span> <span class='ocrx_word' id='word_1_113' title='bbox 1102 1484 1164 1537; x_wconf 84' lang='grc' dir='ltr'>τὸ</span> <span class='ocrx_word' id='word_1_114' title='bbox 1196 1484 1339 1539; x_wconf 79' lang='grc' dir='ltr'>πολὺ</span> <span class='ocrx_word' id='word_1_115' title='bbox 1388 1483 1622 1551; x_wconf 76' lang='grc' dir='ltr'>πλῆθος,</span> <span class='ocrx_word' id='word_1_116' title='bbox 1669 1483 1747 1542; x_wconf 81' lang='grc' dir='ltr'>οἷς</span> <span class='ocrx_word' id='word_1_117' title='bbox 1782 1481 1880 1536; x_wconf 78' lang='grc' dir='ltr'>οὐκ</span> <span class='ocrx_word' id='word_1_118' title='bbox 1908 1482 1974 1549; x_wconf 88' lang='grc' dir='ltr'>ἧν</span> 
     </span>
    </p>
   </div>
   <div class='ocr_carea' id='block_1_17' title="bbox 338 1566 1978 1647">
    <p class='ocr_par' dir='ltr' id='par_1_17' title="bbox 338 1566 1978 1647">
     <span class='ocr_line' id='line_1_17' title="bbox 338 1566 1978 1647; baseline -0.005 -16"><span class='ocrx_word' id='word_1_119' title='bbox 338 1578 481 1632; x_wconf 80' lang='grc' dir='ltr'>ἄλλο</span> <span class='ocrx_word' id='word_1_120' title='bbox 531 1579 566 1645; x_wconf 69' lang='grc' dir='ltr'><strong>ἢ</strong></span> <span class='ocrx_word' id='word_1_121' title='bbox 622 1578 683 1629; x_wconf 77' lang='grc' dir='ltr'>τὸ</span> <span class='ocrx_word' id='word_1_122' title='bbox 734 1571 1031 1647; x_wconf 77' lang='grc' dir='ltr'>κερδαίνειν</span> <span class='ocrx_word' id='word_1_123' title='bbox 1091 1570 1372 1646; x_wconf 73' lang='grc' dir='ltr'>προῦργου</span> <span class='ocrx_word' id='word_1_124' title='bbox 1424 1570 1643 1633; x_wconf 84' lang='grc' dir='ltr'>παντός·</span> <span class='ocrx_word' id='word_1_125' title='bbox 1704 1570 1755 1623; x_wconf 80' lang='grc' dir='ltr'>οἱ</span> <span class='ocrx_word' id='word_1_126' title='bbox 1813 1566 1871 1624; x_wconf 65' lang='grc' dir='ltr'>δὲ</span> <span class='ocrx_word' id='word_1_127' title='bbox 1920 1590 1978 1643; x_wconf 86' lang='grc' dir='ltr'>γε</span> 
     </span>
    </p>
   </div>
   <div class='ocr_carea' id='block_1_18' title="bbox 330 1657 1977 1740">
    <p class='ocr_par' dir='ltr' id='par_1_18' title="bbox 330 1657 1977 1740">
     <span class='ocr_line' id='line_1_18' title="bbox 330 1657 1977 1740; baseline -0.005 -21"><span class='ocrx_word' id='word_1_128' title='bbox 330 1669 669 1740; x_wconf 83' lang='grc' dir='ltr'>προεστῶτες</span> <span class='ocrx_word' id='word_1_129' title='bbox 703 1662 792 1717; x_wconf 85' lang='grc' dir='ltr'>καὶ</span> <span class='ocrx_word' id='word_1_130' title='bbox 840 1660 918 1721; x_wconf 72' lang='grc' dir='ltr'>οἷς</span> <span class='ocrx_word' id='word_1_131' title='bbox 962 1662 1029 1729; x_wconf 85' lang='grc' dir='ltr'>ἦν</span> <span class='ocrx_word' id='word_1_132' title='bbox 1079 1663 1114 1729; x_wconf 78' lang='grc' dir='ltr'><strong>ἡ</strong></span> <span class='ocrx_word' id='word_1_133' title='bbox 1164 1663 1368 1733; x_wconf 82' lang='grc' dir='ltr'>σκέψις,</span> <span class='ocrx_word' id='word_1_134' title='bbox 1412 1660 1473 1713; x_wconf 83' lang='grc' dir='ltr'>τὸ</span> <span class='ocrx_word' id='word_1_135' title='bbox 1525 1660 1617 1731; x_wconf 71' lang='grc' dir='ltr'>μὲν</span> <span class='ocrx_word' id='word_1_136' title='bbox 1680 1657 1977 1729; x_wconf 77' lang='grc' dir='ltr'>κερδαίνειν</span> 
     </span>
    </p>
   </div>
   <div class='ocr_carea' id='block_1_19' title="bbox 2068 504 3713 585">
    <p class='ocr_par' dir='ltr' id='par_1_19' title="bbox 2068 504 3713 585">
     <span class='ocr_line' id='line_1_19' title="bbox 2068 504 3713 585; baseline -0.005 -20"><span class='ocrx_word' id='word_1_137' title='bbox 2068 511 2169 578; x_wconf 84' lang='grc' dir='ltr'>τὴν</span> <span class='ocrx_word' id='word_1_138' title='bbox 2207 508 2405 565; x_wconf 78' lang='grc' dir='ltr'>ἄδειαν.</span> <span class='ocrx_word' id='word_1_139' title='bbox 2437 514 2558 571; x_wconf 81' lang='grc' dir='ltr'>Τοῖς</span> <span class='ocrx_word' id='word_1_140' title='bbox 2593 507 2638 563; x_wconf 85' lang='grc' dir='ltr'>δ’</span> <span class='ocrx_word' id='word_1_141' title='bbox 2672 510 2956 564; x_wconf 82' lang='grc' dir='ltr'>ἀκούσασιν</span> <span class='ocrx_word' id='word_1_142' title='bbox 3006 513 3039 579; x_wconf 88' lang='grc' dir='ltr'>ἡ</span> <span class='ocrx_word' id='word_1_143' title='bbox 3096 510 3270 585; x_wconf 79' lang='grc' dir='ltr'>βουλὴ</span> <span class='ocrx_word' id='word_1_144' title='bbox 3323 505 3577 580; x_wconf 81' lang='grc' dir='ltr'>διάνδιχα</span> <span class='ocrx_word' id='word_1_145' title='bbox 3623 504 3713 572; x_wconf 77' lang='grc' dir='ltr'>ἦν·</span> 
     </span>
    </p>
   </div>
   <div class='ocr_carea' id='block_1_20' title="bbox 2069 592 3716 672">
    <p class='ocr_par' dir='ltr' id='par_1_20' title="bbox 2069 592 3716 672">
     <span class='ocr_line' id='line_1_20' title="bbox 2069 592 3716 672; baseline -0.005 -18"><span class='ocrx_word' id='word_1_146' title='bbox 2069 604 2185 660; x_wconf 86' lang='grc' dir='ltr'>τοῖς</span> <span class='ocrx_word' id='word_1_147' title='bbox 2231 600 2324 670; x_wconf 72' lang='grc' dir='ltr'>μὲν</span> <span class='ocrx_word' id='word_1_148' title='bbox 2370 600 2473 672; x_wconf 78' lang='grc' dir='ltr'>γὰρ</span> <span class='ocrx_word' id='word_1_149' title='bbox 2523 595 2697 653; x_wconf 73' lang='grc' dir='ltr'>ἐδόκει</span> <span class='ocrx_word' id='word_1_150' title='bbox 2746 596 2977 671; x_wconf 79' lang='grc' dir='ltr'>διδόναι,</span> <span class='ocrx_word' id='word_1_151' title='bbox 3026 599 3102 659; x_wconf 85' lang='grc' dir='ltr'>ὡς</span> <span class='ocrx_word' id='word_1_152' title='bbox 3150 603 3391 672; x_wconf 84' lang='grc' dir='ltr'>κρεῖττον</span> <span class='ocrx_word' id='word_1_153' title='bbox 3453 592 3508 649; x_wconf 80' lang='grc' dir='ltr'>ὅν</span> <span class='ocrx_word' id='word_1_154' title='bbox 3559 594 3716 648; x_wconf 79' lang='grc' dir='ltr'>αὐτὸν</span> 
     </span>
    </p>
   </div>
   <div class='ocr_carea' id='block_1_21' title="bbox 2072 685 3721 763">
    <p class='ocr_par' dir='ltr' id='par_1_21' title="bbox 2072 685 3721 763">
     <span class='ocr_line' id='line_1_21' title="bbox 2072 685 3721 763; baseline -0.001 -22"><span class='ocrx_word' id='word_1_155' title='bbox 2072 687 2331 748; x_wconf 70' lang='grc' dir='ltr'>ὶκονυίως</span> <span class='ocrx_word' id='word_1_156' title='bbox 2385 685 2639 749; x_wconf 82' lang='grc' dir='ltr'>ἐκδόντας</span> <span class='ocrx_word' id='word_1_157' title='bbox 2692 688 2871 743; x_wconf 74' lang='grc' dir='ltr'>τᾶλλα</span> <span class='ocrx_word' id='word_1_158' title='bbox 2926 693 3227 763; x_wconf 85' lang='grc' dir='ltr'>περιποιεῖν</span> <span class='ocrx_word' id='word_1_159' title='bbox 3260 686 3294 754; x_wconf 73' lang='grc' dir='ltr'>ἢ</span> <span class='ocrx_word' id='word_1_160' title='bbox 3331 687 3405 757; x_wconf 82' lang='grc' dir='ltr'>μή</span> <span class='ocrx_word' id='word_1_161' title='bbox 3436 685 3721 749; x_wconf 82' lang='grc' dir='ltr'>θέλοντνας</span> 
     </span>
    </p>
   </div>
   <div class='ocr_carea' id='block_1_22' title="bbox 2073 772 3718 850">
    <p class='ocr_par' dir='ltr' id='par_1_22' title="bbox 2073 772 3718 850">
     <span class='ocr_line' id='line_1_22' title="bbox 2073 772 3718 850; baseline -0.003 -19"><span class='ocrx_word' id='word_1_162' title='bbox 2073 778 2207 850; x_wconf 86' lang='grc' dir='ltr'>πρὸς</span> <span class='ocrx_word' id='word_1_163' title='bbox 2264 780 2345 847; x_wconf 79' lang='grc' dir='ltr'>τῷ</span> <span class='ocrx_word' id='word_1_164' title='bbox 2403 772 2798 831; x_wconf 77' lang='grc' dir='ltr'>συναποϐοιλεῖν</span> <span class='ocrx_word' id='word_1_165' title='bbox 2856 777 3001 847; x_wconf 81' lang='grc' dir='ltr'>αὐτῷ</span> <span class='ocrx_word' id='word_1_166' title='bbox 3055 777 3122 830; x_wconf 77' lang='grc' dir='ltr'>τὰ</span> <span class='ocrx_word' id='word_1_167' title='bbox 3176 775 3345 829; x_wconf 79' lang='grc' dir='ltr'>πάντα</span> <span class='ocrx_word' id='word_1_168' title='bbox 3394 774 3485 828; x_wconf 86' lang='grc' dir='ltr'>καὶ</span> <span class='ocrx_word' id='word_1_169' title='bbox 3526 773 3718 835; x_wconf 81' lang='grc' dir='ltr'>αὐτοὺς</span> 
     </span>
    </p>
   </div>
   <div class='ocr_carea' id='block_1_23' title="bbox 2074 862 3717 939">
    <p class='ocr_par' dir='ltr' id='par_1_23' title="bbox 2074 862 3717 939">
     <span class='ocr_line' id='line_1_23' title="bbox 2074 862 3717 939; baseline -0.002 -20"><span class='ocrx_word' id='word_1_170' title='bbox 2074 862 2439 932; x_wconf 73' lang='grc' dir='ltr'>κινδυνεύειν,</span> <span class='ocrx_word' id='word_1_171' title='bbox 2500 867 2551 918; x_wconf 74' lang='grc' dir='ltr'>οὶ</span> <span class='ocrx_word' id='word_1_172' title='bbox 2603 863 2660 918; x_wconf 72' lang='grc' dir='ltr'>δὲ</span> <span class='ocrx_word' id='word_1_173' title='bbox 2705 868 2796 919; x_wconf 86' lang='grc' dir='ltr'>τὸν</span> <span class='ocrx_word' id='word_1_174' title='bbox 2832 864 2889 919; x_wconf 79' lang='grc' dir='ltr'>ἐκ</span> <span class='ocrx_word' id='word_1_175' title='bbox 2938 870 3032 919; x_wconf 78' lang='grc' dir='ltr'>τοῦ</span> <span class='ocrx_word' id='word_1_176' title='bbox 3094 862 3359 939; x_wconf 88' lang='grc' dir='ltr'>βασιλέως</span> <span class='ocrx_word' id='word_1_177' title='bbox 3416 862 3717 916; x_wconf 82' lang='grc' dir='ltr'>ἀντετίθουν</span> 
     </span>
    </p>
   </div>
   <div class='ocr_carea' id='block_1_24' title="bbox 2076 948 3718 1030">
    <p class='ocr_par' dir='ltr' id='par_1_24' title="bbox 2076 948 3718 1030">
     <span class='ocr_line' id='line_1_24' title="bbox 2076 948 3718 1030; baseline -0.002 -23"><span class='ocrx_word' id='word_1_178' title='bbox 2076 948 2267 1030; x_wconf 75' lang='grc' dir='ltr'>φόϐον,</span> <span class='ocrx_word' id='word_1_179' title='bbox 2322 955 2409 1007; x_wconf 85' lang='grc' dir='ltr'>καὶ</span> <span class='ocrx_word' id='word_1_180' title='bbox 2460 954 2538 1007; x_wconf 84' lang='grc' dir='ltr'>ὡσ</span> <span class='ocrx_word' id='word_1_181' title='bbox 2595 955 2969 1025; x_wconf 79' lang='grc' dir='ltr'>ὑπομονητέον</span> <span class='ocrx_word' id='word_1_182' title='bbox 3029 951 3244 1025; x_wconf 76' lang='grc' dir='ltr'>ἔλεγον·</span> <span class='ocrx_word' id='word_1_183' title='bbox 3302 952 3445 1027; x_wconf 79' lang='grc' dir='ltr'>τάχα</span> <span class='ocrx_word' id='word_1_184' title='bbox 3487 953 3588 1026; x_wconf 78' lang='grc' dir='ltr'>γὰρ</span> <span class='ocrx_word' id='word_1_185' title='bbox 3622 951 3718 1004; x_wconf 75' lang='grc' dir='ltr'>κα-</span> 
     </span>
    </p>
   </div>
   <div class='ocr_carea' id='block_1_25' title="bbox 2075 1040 3716 1116">
    <p class='ocr_par' dir='ltr' id='par_1_25' title="bbox 2075 1040 3716 1116">
     <span class='ocr_line' id='line_1_25' title="bbox 2075 1040 3716 1116; baseline -0.003 -18"><span class='ocrx_word' id='word_1_186' title='bbox 2075 1044 2246 1098; x_wconf 85' lang='grc' dir='ltr'>κεῖθεν</span> <span class='ocrx_word' id='word_1_187' title='bbox 2297 1042 2731 1116; x_wconf 83' lang='grc' dir='ltr'>προσαποστελεῖ</span> <span class='ocrx_word' id='word_1_188' title='bbox 2773 1041 3001 1115; x_wconf 82' lang='grc' dir='ltr'>δύναμιν</span> <span class='ocrx_word' id='word_1_189' title='bbox 3059 1040 3224 1114; x_wconf 77' lang='grc' dir='ltr'>(μηδὲ</span> <span class='ocrx_word' id='word_1_190' title='bbox 3278 1043 3378 1115; x_wconf 81' lang='grc' dir='ltr'>γὰρ</span> <span class='ocrx_word' id='word_1_191' title='bbox 3418 1041 3716 1112; x_wconf 71' lang='grc' dir='ltr'>ἀμελήσειν</span> 
     </span>
    </p>
   </div>
   <div class='ocr_carea' id='block_1_26' title="bbox 2074 1126 3723 1205">
    <p class='ocr_par' dir='ltr' id='par_1_26' title="bbox 2074 1126 3723 1205">
     <span class='ocr_line' id='line_1_26' title="bbox 2074 1126 3723 1205; baseline -0.002 -21"><span class='ocrx_word' id='word_1_192' title='bbox 2074 1131 2246 1185; x_wconf 82' lang='grc' dir='ltr'>τόσων</span> <span class='ocrx_word' id='word_1_193' title='bbox 2305 1132 2635 1204; x_wconf 83' lang='grc' dir='ltr'>χρημάτων)</span> <span class='ocrx_word' id='word_1_194' title='bbox 2700 1131 2789 1184; x_wconf 81' lang='grc' dir='ltr'>καὶ</span> <span class='ocrx_word' id='word_1_195' title='bbox 2837 1126 3245 1205; x_wconf 76' lang='grc' dir='ltr'>προσϐοηθήσει</span> <span class='ocrx_word' id='word_1_196' title='bbox 3308 1126 3397 1183; x_wconf 72' lang='grc' dir='ltr'>διὰ</span> <span class='ocrx_word' id='word_1_197' title='bbox 3450 1128 3723 1197; x_wconf 79' lang='grc' dir='ltr'>θαλάσσης</span> 
     </span>
    </p>
   </div>
   <div class='ocr_carea' id='block_1_27' title="bbox 2076 1216 3720 1291">
    <p class='ocr_par' dir='ltr' id='par_1_27' title="bbox 2076 1216 3720 1291">
     <span class='ocr_line' id='line_1_27' title="bbox 2076 1216 3720 1291; baseline -0.002 -18"><span class='ocrx_word' id='word_1_198' title='bbox 2076 1220 2165 1273; x_wconf 82' lang='grc' dir='ltr'>καὶ</span> <span class='ocrx_word' id='word_1_199' title='bbox 2198 1220 2333 1291; x_wconf 74' lang='grc' dir='ltr'>ἡμῖν</span> <span class='ocrx_word' id='word_1_200' title='bbox 2363 1219 2624 1291; x_wconf 77' lang='grc' dir='ltr'>ἐπαμυνεῖ</span> <span class='ocrx_word' id='word_1_201' title='bbox 2657 1220 2748 1273; x_wconf 87' lang='grc' dir='ltr'>τὸν</span> <span class='ocrx_word' id='word_1_202' title='bbox 2796 1216 3066 1274; x_wconf 81' lang='grc' dir='ltr'>κίνδυνον.</span> <span class='ocrx_word' id='word_1_203' title='bbox 3098 1219 3160 1274; x_wconf 78' lang='grc' dir='ltr'>Εἰ</span> <span class='ocrx_word' id='word_1_204' title='bbox 3194 1216 3240 1271; x_wconf 86' lang='grc' dir='ltr'>δ’</span> <span class='ocrx_word' id='word_1_205' title='bbox 3272 1218 3387 1286; x_wconf 80' lang='grc' dir='ltr'>οὖν,</span> <span class='ocrx_word' id='word_1_206' title='bbox 3437 1216 3583 1270; x_wconf 75' lang='grc' dir='ltr'>ἀλλὰ</span> <span class='ocrx_word' id='word_1_207' title='bbox 3620 1218 3720 1285; x_wconf 76' lang='grc' dir='ltr'>τὴν</span> 
     </span>
    </p>
   </div>
   <div class='ocr_carea' id='block_1_28' title="bbox 2083 1300 3726 1383">
    <p class='ocr_par' dir='ltr' id='par_1_28' title="bbox 2083 1300 3726 1383">
     <span class='ocr_line' id='line_1_28' title="bbox 2083 1300 3726 1383; baseline -0.002 -23"><span class='ocrx_word' id='word_1_208' title='bbox 2083 1312 2181 1361; x_wconf 80' lang='grc' dir='ltr'>τοῦ</span> <span class='ocrx_word' id='word_1_209' title='bbox 2230 1306 2462 1361; x_wconf 78' lang='grc' dir='ltr'>σουλτὰν</span> <span class='ocrx_word' id='word_1_210' title='bbox 2492 1309 2735 1383; x_wconf 77' lang='grc' dir='ltr'>κεφαλὴν</span> <span class='ocrx_word' id='word_1_211' title='bbox 2790 1307 3161 1379; x_wconf 82' lang='grc' dir='ltr'>ἀποτεμόντας</span> <span class='ocrx_word' id='word_1_212' title='bbox 3211 1300 3311 1375; x_wconf 75' lang='grc' dir='ltr'>ἔξω</span> <span class='ocrx_word' id='word_1_213' title='bbox 3358 1308 3453 1359; x_wconf 80' lang='grc' dir='ltr'>τοῦ</span> <span class='ocrx_word' id='word_1_214' title='bbox 3501 1305 3726 1378; x_wconf 81' lang='grc' dir='ltr'>τείχους</span> 
     </span>
    </p>
   </div>
   <div class='ocr_carea' id='block_1_29' title="bbox 2080 1393 3725 1471">
    <p class='ocr_par' dir='ltr' id='par_1_29' title="bbox 2080 1393 3725 1471">
     <span class='ocr_line' id='line_1_29' title="bbox 2080 1393 3725 1471; baseline -0.002 -22"><span class='ocrx_word' id='word_1_215' title='bbox 2080 1401 2194 1456; x_wconf 87' lang='grc' dir='ltr'>τοῖς</span> <span class='ocrx_word' id='word_1_216' title='bbox 2226 1395 2449 1470; x_wconf 78' lang='grc' dir='ltr'>ἐχθροῖς</span> <span class='ocrx_word' id='word_1_217' title='bbox 2489 1395 2718 1471; x_wconf 79' lang='grc' dir='ltr'>ῥιπτεῖν,</span> <span class='ocrx_word' id='word_1_218' title='bbox 2752 1396 2826 1458; x_wconf 84' lang='grc' dir='ltr'>ὡς</span> <span class='ocrx_word' id='word_1_219' title='bbox 2851 1396 2885 1463; x_wconf 68' lang='grc' dir='ltr'><strong>ἢ</strong></span> <span class='ocrx_word' id='word_1_220' title='bbox 2913 1393 3347 1470; x_wconf 80' lang='grc' dir='ltr'>καραδόκήσασιν</span> <span class='ocrx_word' id='word_1_221' title='bbox 3383 1396 3725 1467; x_wconf 80' lang='grc' dir='ltr'>ἀποχωρεῖν,</span> 
     </span>
    </p>
   </div>
   <div class='ocr_carea' id='block_1_30' title="bbox 2082 1479 3730 1556">
    <p class='ocr_par' dir='ltr' id='par_1_30' title="bbox 2082 1479 3730 1556">
     <span class='ocr_line' id='line_1_30' title="bbox 2082 1479 3730 1556; baseline -0.002 -18"><span class='ocrx_word' id='word_1_222' title='bbox 2082 1486 2115 1553; x_wconf 77' lang='grc' dir='ltr'>ἢ</span> <span class='ocrx_word' id='word_1_223' title='bbox 2172 1483 2518 1555; x_wconf 73' lang='grc' dir='ltr'>ὅρμηθέντων</span> <span class='ocrx_word' id='word_1_224' title='bbox 2565 1484 2857 1556; x_wconf 79' lang='grc' dir='ltr'>ἀμύνεσθαι</span> <span class='ocrx_word' id='word_1_225' title='bbox 2906 1486 3056 1555; x_wconf 75' lang='grc' dir='ltr'>ἡμᾶς</span> <span class='ocrx_word' id='word_1_226' title='bbox 3108 1484 3351 1555; x_wconf 83' lang='grc' dir='ltr'>ἀντέχειν</span> <span class='ocrx_word' id='word_1_227' title='bbox 3402 1479 3506 1543; x_wconf 72' lang='grc' dir='ltr'>ἕως</span> <span class='ocrx_word' id='word_1_228' title='bbox 3561 1483 3730 1544; x_wconf 74' lang='grc' dir='ltr'>θαναο</span> 
     </span>
    </p>
   </div>
   <div class='ocr_carea' id='block_1_31' title="bbox 2081 1570 3729 1646">
    <p class='ocr_par' dir='ltr' id='par_1_31' title="bbox 2081 1570 3729 1646">
     <span class='ocr_line' id='line_1_31' title="bbox 2081 1570 3729 1646; baseline -0.002 -20"><span class='ocrx_word' id='word_1_229' title='bbox 2081 1592 2200 1640; x_wconf 85' lang='grc' dir='ltr'>του,</span> <span class='ocrx_word' id='word_1_230' title='bbox 2231 1574 2320 1626; x_wconf 86' lang='grc' dir='ltr'>καὶ</span> <span class='ocrx_word' id='word_1_231' title='bbox 2363 1572 2398 1641; x_wconf 73' lang='grc' dir='ltr'>ἢ</span> <span class='ocrx_word' id='word_1_232' title='bbox 2432 1577 2565 1627; x_wconf 77' lang='grc' dir='ltr'>Θεοῦ</span> <span class='ocrx_word' id='word_1_233' title='bbox 2606 1593 2711 1626; x_wconf 89' lang='grc' dir='ltr'>που</span> <span class='ocrx_word' id='word_1_234' title='bbox 2758 1571 3011 1646; x_wconf 77' lang='grc' dir='ltr'>συνεργίᾳ</span> <span class='ocrx_word' id='word_1_235' title='bbox 3049 1572 3422 1645; x_wconf 71' lang='grc' dir='ltr'>περιγενέσθαι</span> <span class='ocrx_word' id='word_1_236' title='bbox 3451 1572 3486 1640; x_wconf 74' lang='grc' dir='ltr'>ἢ</span> <span class='ocrx_word' id='word_1_237' title='bbox 3517 1570 3729 1624; x_wconf 81' lang='grc' dir='ltr'>πίπτειν</span> 
     </span>
    </p>
   </div>
   <div class='ocr_carea' id='block_1_32' title="bbox 2086 1658 3731 1737">
    <p class='ocr_par' dir='ltr' id='par_1_32' title="bbox 2086 1658 3731 1737">
     <span class='ocr_line' id='line_1_32' title="bbox 2086 1658 3731 1737; baseline -0.002 -21"><span class='ocrx_word' id='word_1_238' title='bbox 2086 1662 2217 1737; x_wconf 68' lang='grc' dir='ltr'>ὑπὲρ</span> <span class='ocrx_word' id='word_1_239' title='bbox 2246 1668 2346 1730; x_wconf 81' lang='grc' dir='ltr'>τῆς</span> <span class='ocrx_word' id='word_1_240' title='bbox 2393 1662 2468 1725; x_wconf 84' lang='grc' dir='ltr'>είς</span> <span class='ocrx_word' id='word_1_241' title='bbox 2517 1661 2743 1735; x_wconf 76' lang='grc' dir='ltr'>βασιλέα</span> <span class='ocrx_word' id='word_1_242' title='bbox 2790 1662 3043 1723; x_wconf 86' lang='grc' dir='ltr'>πίστεως.</span> <span class='ocrx_word' id='word_1_243' title='bbox 3092 1665 3267 1715; x_wconf 82' lang='grc' dir='ltr'>Ταῦτα</span> <span class='ocrx_word' id='word_1_244' title='bbox 3320 1658 3731 1735; x_wconf 71' lang='grc' dir='ltr'>βουλευομένων</span> 
     </span>
    </p>
   </div>
   <div class='ocr_carea' id='block_1_33' title="bbox 334 1745 3733 1846">
    <p class='ocr_par' dir='ltr' id='par_1_33' title="bbox 334 1745 3733 1846">
     <span class='ocr_line' id='line_1_33' title="bbox 334 1745 3733 1846; baseline -0.004 -30"><span class='ocrx_word' id='word_1_245' title='bbox 334 1750 467 1815; x_wconf 71' lang='grc' dir='ltr'>τοὺς</span> <span class='ocrx_word' id='word_1_246' title='bbox 499 1750 718 1807; x_wconf 70' lang='grc' dir='ltr'>ἐκείνων</span> <span class='ocrx_word' id='word_1_247' title='bbox 749 1752 839 1805; x_wconf 64' lang='grc' dir='ltr'>καὶ</span> <span class='ocrx_word' id='word_1_248' title='bbox 872 1750 1063 1821; x_wconf 68' lang='grc' dir='ltr'>ἔξωθεν</span> <span class='ocrx_word' id='word_1_249' title='bbox 1097 1749 1155 1802; x_wconf 68' lang='grc' dir='ltr'>ἐκ</span> <span class='ocrx_word' id='word_1_250' title='bbox 1184 1756 1283 1817; x_wconf 82' lang='grc' dir='ltr'>τῆς</span> <span class='ocrx_word' id='word_1_251' title='bbox 1327 1748 1515 1823; x_wconf 76' lang='grc' dir='ltr'>χώρας</span> <span class='ocrx_word' id='word_1_252' title='bbox 1567 1748 1713 1820; x_wconf 73' lang='grc' dir='ltr'>εἶχον</span> <span class='ocrx_word' id='word_1_253' title='bbox 1755 1745 1975 1819; x_wconf 63' lang='grc' dir='ltr'>ἕτοιμον</span> <span class='ocrx_word' id='word_1_254' title='bbox 2014 1780 2059 1846; x_wconf 75' lang='grc' dir='ltr'><strong>Β</strong></span> <span class='ocrx_word' id='word_1_255' title='bbox 2088 1751 2296 1824; x_wconf 79' lang='grc' dir='ltr'>ἐκράτει</span> <span class='ocrx_word' id='word_1_256' title='bbox 2332 1749 2426 1821; x_wconf 76' lang='grc' dir='ltr'>μὶν</span> <span class='ocrx_word' id='word_1_257' title='bbox 2454 1753 2487 1818; x_wconf 82' lang='grc' dir='ltr'><strong>ἡ</strong></span> <span class='ocrx_word' id='word_1_258' title='bbox 2513 1748 2734 1823; x_wconf 82' lang='grc' dir='ltr'>δευτέρα</span> <span class='ocrx_word' id='word_1_259' title='bbox 2785 1752 2980 1824; x_wconf 79' lang='grc' dir='ltr'>βουκὴ,</span> <span class='ocrx_word' id='word_1_260' title='bbox 3038 1755 3314 1824; x_wconf 82' lang='grc' dir='ltr'>καρτερεῖν</span> <span class='ocrx_word' id='word_1_261' title='bbox 3366 1749 3455 1802; x_wconf 80' lang='grc' dir='ltr'>καὶ</span> <span class='ocrx_word' id='word_1_262' title='bbox 3513 1745 3590 1802; x_wconf 78' lang='grc' dir='ltr'>ἔτι</span> <span class='ocrx_word' id='word_1_263' title='bbox 3643 1748 3733 1802; x_wconf 80' lang='grc' dir='ltr'>ὲκ-</span> 
     </span>
    </p>
   </div>
   <div class='ocr_carea' id='block_1_34' title="bbox 333 1833 1983 1913">
    <p class='ocr_par' dir='ltr' id='par_1_34' title="bbox 333 1833 1983 1913">
     <span class='ocr_line' id='line_1_34' title="bbox 333 1833 1983 1913; baseline -0.004 -18"><span class='ocrx_word' id='word_1_264' title='bbox 333 1839 391 1895; x_wconf 80' lang='grc' dir='ltr'>ὄν</span> <span class='ocrx_word' id='word_1_265' title='bbox 424 1842 512 1895; x_wconf 83' lang='grc' dir='ltr'>καὶ</span> <span class='ocrx_word' id='word_1_266' title='bbox 562 1840 733 1894; x_wconf 78' lang='grc' dir='ltr'>πλέον</span> <span class='ocrx_word' id='word_1_267' title='bbox 777 1837 812 1907; x_wconf 75' lang='grc' dir='ltr'>ἤ</span> <span class='ocrx_word' id='word_1_268' title='bbox 857 1840 955 1905; x_wconf 73' lang='grc' dir='ltr'>τὴν</span> <span class='ocrx_word' id='word_1_269' title='bbox 1006 1842 1152 1913; x_wconf 68' lang='grc' dir='ltr'>σφῶν</span> <span class='ocrx_word' id='word_1_270' title='bbox 1211 1834 1487 1909; x_wconf 79' lang='grc' dir='ltr'>ἐμπιπλᾷν</span> <span class='ocrx_word' id='word_1_271' title='bbox 1545 1833 1855 1906; x_wconf 74' lang='grc' dir='ltr'>ἐπιθυμίαν,</span> <span class='ocrx_word' id='word_1_272' title='bbox 1888 1835 1983 1889; x_wconf 84' lang='grc' dir='ltr'>αὐ-</span> 
     </span>
    </p>
   </div>
   <div class='ocr_carea' id='block_1_35' title="bbox 333 1924 1982 2001">
    <p class='ocr_par' dir='ltr' id='par_1_35' title="bbox 333 1924 1982 2001">
     <span class='ocr_line' id='line_1_35' title="bbox 333 1924 1982 2001; baseline -0.004 -17"><span class='ocrx_word' id='word_1_273' title='bbox 333 1929 462 1990; x_wconf 77' lang='grc' dir='ltr'>τοὺς</span> <span class='ocrx_word' id='word_1_274' title='bbox 492 1928 536 1982; x_wconf 83' lang='grc' dir='ltr'>δ’</span> <span class='ocrx_word' id='word_1_275' title='bbox 587 1929 632 1981; x_wconf 83' lang='grc' dir='ltr'>εί</span> <span class='ocrx_word' id='word_1_276' title='bbox 663 1928 951 2001; x_wconf 79' lang='grc' dir='ltr'>ἀστοχοῖεν</span> <span class='ocrx_word' id='word_1_277' title='bbox 995 1930 1099 1979; x_wconf 81' lang='grc' dir='ltr'>τῶν</span> <span class='ocrx_word' id='word_1_278' title='bbox 1150 1925 1199 1996; x_wconf 75' lang='grc' dir='ltr'>ἐξ</span> <span class='ocrx_word' id='word_1_279' title='bbox 1250 1926 1429 1998; x_wconf 81' lang='grc' dir='ltr'>ἀρχῆς</span> <span class='ocrx_word' id='word_1_280' title='bbox 1482 1926 1855 1999; x_wconf 69' lang='grc' dir='ltr'>προκειμένων</span> <span class='ocrx_word' id='word_1_281' title='bbox 1895 1924 1982 1997; x_wconf 84' lang='grc' dir='ltr'>γέ-</span> 
     </span>
    </p>
   </div>
   <div class='ocr_carea' id='block_1_36' title="bbox 336 2009 1987 2092">
    <p class='ocr_par' dir='ltr' id='par_1_36' title="bbox 336 2009 1987 2092">
     <span class='ocr_line' id='line_1_36' title="bbox 336 2009 1987 2092; baseline -0.004 -20"><span class='ocrx_word' id='word_1_282' title='bbox 336 2018 492 2073; x_wconf 83' lang='grc' dir='ltr'>λωτα</span> <span class='ocrx_word' id='word_1_283' title='bbox 545 2013 731 2092; x_wconf 76' lang='grc' dir='ltr'>ὅφλειν</span> <span class='ocrx_word' id='word_1_284' title='bbox 790 2014 1078 2087; x_wconf 75' lang='grc' dir='ltr'>ἐνόμιζον.</span> <span class='ocrx_word' id='word_1_285' title='bbox 1140 2014 1292 2069; x_wconf 85' lang='grc' dir='ltr'>Ὅθεν</span> <span class='ocrx_word' id='word_1_286' title='bbox 1342 2009 1433 2066; x_wconf 82' lang='grc' dir='ltr'>καὶ</span> <span class='ocrx_word' id='word_1_287' title='bbox 1491 2012 1800 2085; x_wconf 71' lang='grc' dir='ltr'>πέμψαντες</span> <span class='ocrx_word' id='word_1_288' title='bbox 1854 2013 1987 2083; x_wconf 77' lang='grc' dir='ltr'>μετὰ</span> 
     </span>
    </p>
   </div>
   <div class='ocr_carea' id='block_1_37' title="bbox 336 2098 1985 2178">
    <p class='ocr_par' dir='ltr' id='par_1_37' title="bbox 336 2098 1985 2178">
     <span class='ocr_line' id='line_1_37' title="bbox 336 2098 1985 2178; baseline -0.005 -17"><span class='ocrx_word' id='word_1_289' title='bbox 336 2108 437 2178; x_wconf 81' lang='grc' dir='ltr'>τὴν</span> <span class='ocrx_word' id='word_1_290' title='bbox 492 2105 818 2178; x_wconf 79' lang='grc' dir='ltr'>παράστασιν</span> <span class='ocrx_word' id='word_1_291' title='bbox 864 2107 969 2157; x_wconf 82' lang='grc' dir='ltr'>τῶν</span> <span class='ocrx_word' id='word_1_292' title='bbox 1013 2100 1201 2156; x_wconf 78' lang='grc' dir='ltr'>δεινῶν</span> <span class='ocrx_word' id='word_1_293' title='bbox 1245 2100 1335 2155; x_wconf 81' lang='grc' dir='ltr'>καὶ</span> <span class='ocrx_word' id='word_1_294' title='bbox 1374 2100 1438 2155; x_wconf 87' lang='grc' dir='ltr'>τὸ</span> <span class='ocrx_word' id='word_1_295' title='bbox 1482 2098 1648 2170; x_wconf 79' lang='grc' dir='ltr'>δεῖξαι</span> <span class='ocrx_word' id='word_1_296' title='bbox 1698 2101 1771 2161; x_wconf 89' lang='grc' dir='ltr'>ὡς</span> <span class='ocrx_word' id='word_1_297' title='bbox 1812 2101 1985 2154; x_wconf 73' lang='grc' dir='ltr'>ικανοί</span> 
     </span>
    </p>
   </div>
   <div class='ocr_carea' id='block_1_38' title="bbox 339 2176 1985 2266">
    <p class='ocr_par' dir='ltr' id='par_1_38' title="bbox 339 2176 1985 2266">
     <span class='ocr_line' id='line_1_38' title="bbox 339 2176 1985 2266; baseline -0.003 -19"><span class='ocrx_word' id='word_1_298' title='bbox 339 2176 447 2247; x_wconf 76' lang='grc' dir='ltr'>είσῖ</span> <span class='ocrx_word' id='word_1_299' title='bbox 476 2176 847 2266; x_wconf 69' lang='grc' dir='ltr'>περιγενέσθαι</span> <span class='ocrx_word' id='word_1_300' title='bbox 890 2192 975 2244; x_wconf 82' lang='grc' dir='ltr'>καὶ</span> <span class='ocrx_word' id='word_1_301' title='bbox 1026 2186 1177 2243; x_wconf 69' lang='grc' dir='ltr'>πᾶντ⁹</span> <span class='ocrx_word' id='word_1_302' title='bbox 1221 2184 1390 2263; x_wconf 81' lang='grc' dir='ltr'>ἔχειν,</span> <span class='ocrx_word' id='word_1_303' title='bbox 1447 2188 1527 2261; x_wconf 80' lang='grc' dir='ltr'>ἐφ’</span> <span class='ocrx_word' id='word_1_304' title='bbox 1579 2186 1653 2241; x_wconf 74' lang='grc' dir='ltr'>ἐνὶ</span> <span class='ocrx_word' id='word_1_305' title='bbox 1699 2193 1777 2259; x_wconf 82' lang='grc' dir='ltr'>τῷ</span> <span class='ocrx_word' id='word_1_306' title='bbox 1824 2187 1985 2242; x_wconf 71' lang='grc' dir='ltr'>σουλ-</span> 
     </span>
    </p>
   </div>
   <div class='ocr_carea' id='block_1_39' title="bbox 338 2275 1988 2351">
    <p class='ocr_par' dir='ltr' id='par_1_39' title="bbox 338 2275 1988 2351">
     <span class='ocr_line' id='line_1_39' title="bbox 338 2275 1988 2351; baseline -0.004 -15"><span class='ocrx_word' id='word_1_307' title='bbox 338 2282 435 2335; x_wconf 78' lang='grc' dir='ltr'>τὰν</span> <span class='ocrx_word' id='word_1_308' title='bbox 464 2281 525 2335; x_wconf 89' lang='grc' dir='ltr'>τὸ</span> <span class='ocrx_word' id='word_1_309' title='bbox 556 2284 659 2335; x_wconf 79' lang='grc' dir='ltr'>πᾶν</span> <span class='ocrx_word' id='word_1_310' title='bbox 702 2279 933 2351; x_wconf 72' lang='grc' dir='ltr'>ἐτίθουν,</span> <span class='ocrx_word' id='word_1_311' title='bbox 962 2279 1049 2332; x_wconf 86' lang='grc' dir='ltr'>καὶ</span> <span class='ocrx_word' id='word_1_312' title='bbox 1099 2276 1340 2348; x_wconf 76' lang='grc' dir='ltr'>ἀπῄτουν</span> <span class='ocrx_word' id='word_1_313' title='bbox 1391 2275 1592 2329; x_wconf 79' lang='grc' dir='ltr'>ἐκεῖνον</span> <span class='ocrx_word' id='word_1_314' title='bbox 1646 2278 1758 2348; x_wconf 78' lang='grc' dir='ltr'>ἅμα</span> <span class='ocrx_word' id='word_1_315' title='bbox 1788 2276 1905 2347; x_wconf 78' lang='grc' dir='ltr'>λαῷ</span> <span class='ocrx_word' id='word_1_316' title='bbox 1932 2296 1988 2330; x_wconf 88' lang='grc' dir='ltr'>τε</span> 
     </span>
    </p>
   </div>
   <div class='ocr_carea' id='block_1_40' title="bbox 351 2469 1987 2547">
    <p class='ocr_par' dir='ltr' id='par_1_40' title="bbox 351 2469 1987 2547">
     <span class='ocr_line' id='line_1_40' title="bbox 351 2469 1987 2547; baseline -0.006 -12"><span class='ocrx_word' id='word_1_317' title='bbox 351 2479 501 2534; x_wconf 90' lang='lat' dir='ltr'>bris.</span> <span class='ocrx_word' id='word_1_318' title='bbox 535 2476 648 2547; x_wconf 91' lang='lat' dir='ltr'>Ipsi</span> <span class='ocrx_word' id='word_1_319' title='bbox 680 2475 763 2529; x_wconf 89' lang='lat' dir='ltr'>sic</span> <span class='ocrx_word' id='word_1_320' title='bbox 785 2470 1036 2545; x_wconf 78' lang='lat' dir='ltr'>expediti</span> <span class='ocrx_word' id='word_1_321' title='bbox 1068 2471 1444 2527; x_wconf 87' lang='lat' dir='ltr'>accinxerunt</span> <span class='ocrx_word' id='word_1_322' title='bbox 1475 2487 1535 2525; x_wconf 92' lang='lat' dir='ltr'>se</span> <span class='ocrx_word' id='word_1_323' title='bbox 1582 2485 1713 2525; x_wconf 88' lang='lat' dir='ltr'>cum</span> <span class='ocrx_word' id='word_1_324' title='bbox 1765 2469 1987 2525; x_wconf 67' lang='lat' dir='ltr'>cazteris</span> 
     </span>
    </p>
   </div>
   <div class='ocr_carea' id='block_1_41' title="bbox 350 2558 1989 2639">
    <p class='ocr_par' dir='ltr' id='par_1_41' title="bbox 350 2558 1989 2639">
     <span class='ocr_line' id='line_1_41' title="bbox 350 2558 1989 2639; baseline -0.005 -13"><span class='ocrx_word' id='word_1_325' title='bbox 350 2570 422 2626; x_wconf 90' lang='lat' dir='ltr'>ad</span> <span class='ocrx_word' id='word_1_326' title='bbox 448 2583 624 2639; x_wconf 89' lang='lat' dir='ltr'>quam</span> <span class='ocrx_word' id='word_1_327' title='bbox 658 2564 969 2621; x_wconf 73' lang='lat' dir='ltr'>fortissime</span> <span class='ocrx_word' id='word_1_328' title='bbox 1001 2562 1406 2634; x_wconf 87' lang='lat' dir='ltr'>pugnandum,</span> <span class='ocrx_word' id='word_1_329' title='bbox 1439 2561 1763 2632; x_wconf 72' lang='lat' dir='ltr'>iaculantes</span> <span class='ocrx_word' id='word_1_330' title='bbox 1812 2558 1989 2617; x_wconf 84' lang='lat' dir='ltr'>simul</span> 
     </span>
    </p>
   </div>
   <div class='ocr_carea' id='block_1_42' title="bbox 348 2648 1986 2723">
    <p class='ocr_par' dir='ltr' id='par_1_42' title="bbox 348 2648 1986 2723">
     <span class='ocr_line' id='line_1_42' title="bbox 348 2648 1986 2723; baseline -0.005 -10"><span class='ocrx_word' id='word_1_331' title='bbox 348 2672 559 2713; x_wconf 89' lang='lat' dir='ltr'>omnes</span> <span class='ocrx_word' id='word_1_332' title='bbox 590 2670 619 2709; x_wconf 91' lang='lat' dir='ltr'>e</span> <span class='ocrx_word' id='word_1_333' title='bbox 649 2652 832 2708; x_wconf 89' lang='lat' dir='ltr'>muris</span> <span class='ocrx_word' id='word_1_334' title='bbox 864 2655 921 2707; x_wconf 91' lang='lat' dir='ltr'>in</span> <span class='ocrx_word' id='word_1_335' title='bbox 945 2654 1381 2723; x_wconf 82' lang='lat' dir='ltr'>oppugnatores</span> <span class='ocrx_word' id='word_1_336' title='bbox 1400 2651 1653 2706; x_wconf 82' lang='lat' dir='ltr'>arcubus</span> <span class='ocrx_word' id='word_1_337' title='bbox 1680 2656 1735 2705; x_wconf 87' lang='lat' dir='ltr'>et</span> <span class='ocrx_word' id='word_1_338' title='bbox 1757 2648 1986 2720; x_wconf 84' lang='lat' dir='ltr'>fundis;</span> 
     </span>
    </p>
   </div>
   <div class='ocr_carea' id='block_1_43' title="bbox 350 2739 1989 2816">
    <p class='ocr_par' dir='ltr' id='par_1_43' title="bbox 350 2739 1989 2816">
     <span class='ocr_line' id='line_1_43' title="bbox 350 2739 1989 2816; baseline -0.004 -16"><span class='ocrx_word' id='word_1_339' title='bbox 350 2760 691 2816; x_wconf 83' lang='lat' dir='ltr'>quanquam</span> <span class='ocrx_word' id='word_1_340' title='bbox 721 2742 779 2795; x_wconf 89' lang='lat' dir='ltr'>in</span> <span class='ocrx_word' id='word_1_341' title='bbox 811 2742 919 2796; x_wconf 85' lang='lat' dir='ltr'>hoc</span> <span class='ocrx_word' id='word_1_342' title='bbox 947 2740 1182 2811; x_wconf 87' lang='lat' dir='ltr'>quidem</span> <span class='ocrx_word' id='word_1_343' title='bbox 1227 2739 1607 2809; x_wconf 80' lang='lat' dir='ltr'>proficiebant</span> <span class='ocrx_word' id='word_1_344' title='bbox 1639 2756 1863 2809; x_wconf 86' lang='lat' dir='ltr'>parum,</span> <span class='ocrx_word' id='word_1_345' title='bbox 1889 2742 1989 2794; x_wconf 89' lang='lat' dir='ltr'>ob-</span> 
     </span>
    </p>
   </div>
   <div class='ocr_carea' id='block_1_44' title="bbox 352 2826 1992 2897">
    <p class='ocr_par' dir='ltr' id='par_1_44' title="bbox 352 2826 1992 2897">
     <span class='ocr_line' id='line_1_44' title="bbox 352 2826 1992 2897; baseline -0.006 -8"><span class='ocrx_word' id='word_1_346' title='bbox 352 2837 562 2889; x_wconf 89' lang='lat' dir='ltr'>ruente</span> <span class='ocrx_word' id='word_1_347' title='bbox 596 2830 972 2885; x_wconf 90' lang='lat' dir='ltr'>multitudine</span> <span class='ocrx_word' id='word_1_348' title='bbox 1005 2826 1152 2883; x_wconf 71' lang='lat'>281</span> <span class='ocrx_word' id='word_1_349' title='bbox 1190 2827 1469 2895; x_wconf 88' lang='lat' dir='ltr'>hostium,</span> <span class='ocrx_word' id='word_1_350' title='bbox 1504 2827 1602 2896; x_wconf 88' lang='lat' dir='ltr'>qui</span> <span class='ocrx_word' id='word_1_351' title='bbox 1635 2827 1808 2882; x_wconf 86' lang='lat' dir='ltr'>etiam</span> <span class='ocrx_word' id='word_1_352' title='bbox 1844 2844 1992 2897; x_wconf 68' lang='lat' dir='ltr'>pra:-</span> 
     </span>
    </p>
   </div>
   <div class='ocr_carea' id='block_1_45' title="bbox 356 2912 1994 2992">
    <p class='ocr_par' dir='ltr' id='par_1_45' title="bbox 356 2912 1994 2992">
     <span class='ocr_line' id='line_1_45' title="bbox 356 2912 1994 2992; baseline -0.003 -18"><span class='ocrx_word' id='word_1_353' title='bbox 356 2918 578 2992; x_wconf 88' lang='lat' dir='ltr'>paratis</span> <span class='ocrx_word' id='word_1_354' title='bbox 592 2917 763 2973; x_wconf 80' lang='lat' dir='ltr'>scalis</span> <span class='ocrx_word' id='word_1_355' title='bbox 782 2914 839 2971; x_wconf 90' lang='lat' dir='ltr'>in</span> <span class='ocrx_word' id='word_1_356' title='bbox 857 2931 1056 2971; x_wconf 89' lang='lat' dir='ltr'>muros</span> <span class='ocrx_word' id='word_1_357' title='bbox 1070 2912 1297 2970; x_wconf 88' lang='lat' dir='ltr'>insilire</span> <span class='ocrx_word' id='word_1_358' title='bbox 1313 2916 1698 2970; x_wconf 89' lang='lat' dir='ltr'>conabantur.</span> <span class='ocrx_word' id='word_1_359' title='bbox 1729 2915 1994 2969; x_wconf 78' lang='lat' dir='ltr'>Addebat</span> 
     </span>
    </p>
   </div>
   <div class='ocr_carea' id='block_1_46' title="bbox 353 3002 1990 3063">
    <p class='ocr_par' dir='ltr' id='par_1_46' title="bbox 353 3002 1990 3063">
     <span class='ocr_line' id='line_1_46' title="bbox 353 3002 1990 3063; baseline -0.003 0"><span class='ocrx_word' id='word_1_360' title='bbox 353 3009 510 3063; x_wconf 90' lang='lat' dir='ltr'>enim</span> <span class='ocrx_word' id='word_1_361' title='bbox 543 3006 850 3060; x_wconf 89' lang='lat' dir='ltr'>ruentibus</span> <span class='ocrx_word' id='word_1_362' title='bbox 884 3003 1072 3058; x_wconf 85' lang='lat' dir='ltr'>calcar</span> <span class='ocrx_word' id='word_1_363' title='bbox 1102 3004 1244 3058; x_wconf 91' lang='lat' dir='ltr'>odor</span> <span class='ocrx_word' id='word_1_364' title='bbox 1281 3003 1677 3058; x_wconf 89' lang='lat' dir='ltr'>subemanans</span> <span class='ocrx_word' id='word_1_365' title='bbox 1716 3008 1887 3058; x_wconf 60' lang='lat' dir='ltr'>tanta;</span> <span class='ocrx_word' id='word_1_366' title='bbox 1931 3002 1990 3058; x_wconf 88' lang='lat' dir='ltr'>in</span> 
     </span>
    </p>
   </div>
   <div class='ocr_carea' id='block_1_47' title="bbox 2094 1834 3732 1912">
    <p class='ocr_par' dir='ltr' id='par_1_47' title="bbox 2094 1834 3732 1912">
     <span class='ocr_line' id='line_1_47' title="bbox 2094 1834 3732 1912; baseline 0 -21"><span class='ocrx_word' id='word_1_367' title='bbox 2094 1837 2426 1912; x_wconf 81' lang='grc' dir='ltr'>δεχομένους</span> <span class='ocrx_word' id='word_1_368' title='bbox 2464 1839 2738 1912; x_wconf 77' lang='grc' dir='ltr'>βοήθειαν.</span> <span class='ocrx_word' id='word_1_369' title='bbox 2786 1836 2875 1891; x_wconf 82' lang='grc' dir='ltr'>καὶ</span> <span class='ocrx_word' id='word_1_370' title='bbox 2923 1843 3038 1899; x_wconf 87' lang='grc' dir='ltr'>τοῖς</span> <span class='ocrx_word' id='word_1_371' title='bbox 3086 1838 3178 1909; x_wconf 75' lang='grc' dir='ltr'>μὲν</span> <span class='ocrx_word' id='word_1_372' title='bbox 3231 1834 3329 1908; x_wconf 78' lang='grc' dir='ltr'>ἔξω</span> <span class='ocrx_word' id='word_1_373' title='bbox 3380 1836 3603 1911; x_wconf 79' lang='grc' dir='ltr'>ἀναρτᾷν</span> <span class='ocrx_word' id='word_1_374' title='bbox 3636 1835 3732 1891; x_wconf 71' lang='grc' dir='ltr'>ἔλ-</span> 
     </span>
    </p>
   </div>
   <div class='ocr_carea' id='block_1_48' title="bbox 2092 1922 3734 1996">
    <p class='ocr_par' dir='ltr' id='par_1_48' title="bbox 2092 1922 3734 1996">
     <span class='ocr_line' id='line_1_48' title="bbox 2092 1922 3734 1996; baseline -0.001 -17"><span class='ocrx_word' id='word_1_375' title='bbox 2092 1924 2251 1986; x_wconf 79' lang='grc' dir='ltr'>πίδας</span> <span class='ocrx_word' id='word_1_376' title='bbox 2308 1926 2382 1987; x_wconf 82' lang='grc' dir='ltr'>ὡς</span> <span class='ocrx_word' id='word_1_377' title='bbox 2433 1923 2842 1994; x_wconf 70' lang='grc' dir='ltr'>ὖκόωσείοντας,</span> <span class='ocrx_word' id='word_1_378' title='bbox 2896 1924 3091 1979; x_wconf 69' lang='grc' dir='ltr'>αὐτοὺς</span> <span class='ocrx_word' id='word_1_379' title='bbox 3147 1922 3203 1977; x_wconf 76' lang='grc' dir='ltr'>δὲ</span> <span class='ocrx_word' id='word_1_380' title='bbox 3254 1925 3507 1996; x_wconf 79' lang='grc' dir='ltr'>μένοντας</span> <span class='ocrx_word' id='word_1_381' title='bbox 3566 1926 3620 1977; x_wconf 75' lang='grc' dir='ltr'>εὖ</span> <span class='ocrx_word' id='word_1_382' title='bbox 3666 1924 3734 1978; x_wconf 81' lang='grc' dir='ltr'>τὰ</span> 
     </span>
    </p>
   </div>
   <div class='ocr_carea' id='block_1_49' title="bbox 2092 2012 3732 2089">
    <p class='ocr_par' dir='ltr' id='par_1_49' title="bbox 2092 2012 3732 2089">
     <span class='ocr_line' id='line_1_49' title="bbox 2092 2012 3732 2089; baseline -0.001 -21"><span class='ocrx_word' id='word_1_383' title='bbox 2092 2014 2229 2068; x_wconf 74' lang='grc' dir='ltr'>κατὰ</span> <span class='ocrx_word' id='word_1_384' title='bbox 2282 2019 2415 2089; x_wconf 72' lang='grc' dir='ltr'>σφᾶς</span> <span class='ocrx_word' id='word_1_385' title='bbox 2470 2015 2543 2074; x_wconf 82' lang='grc' dir='ltr'>ὡς</span> <span class='ocrx_word' id='word_1_386' title='bbox 2599 2014 2715 2067; x_wconf 80' lang='grc' dir='ltr'>οἷόν</span> <span class='ocrx_word' id='word_1_387' title='bbox 2766 2034 2825 2066; x_wconf 85' lang='grc' dir='ltr'>τε</span> <span class='ocrx_word' id='word_1_388' title='bbox 2880 2014 3161 2081; x_wconf 82' lang='grc' dir='ltr'>τίθεσθαι,</span> <span class='ocrx_word' id='word_1_389' title='bbox 3220 2013 3293 2073; x_wconf 89' lang='grc' dir='ltr'>ὡς</span> <span class='ocrx_word' id='word_1_390' title='bbox 3350 2012 3732 2085; x_wconf 75' lang='grc' dir='ltr'>ἀνθεξομένους</span> 
     </span>
    </p>
   </div>
   <div class='ocr_carea' id='block_1_50' title="bbox 2096 2098 3737 2176">
    <p class='ocr_par' dir='ltr' id='par_1_50' title="bbox 2096 2098 3737 2176">
     <span class='ocr_line' id='line_1_50' title="bbox 2096 2098 3737 2176; baseline 0 -21"><span class='ocrx_word' id='word_1_391' title='bbox 2096 2101 2324 2165; x_wconf 55' lang='grc' dir='ltr'>ἂρ’δσον</span> <span class='ocrx_word' id='word_1_392' title='bbox 2367 2101 2610 2176; x_wconf 82' lang='grc' dir='ltr'>παρείκει</span> <span class='ocrx_word' id='word_1_393' title='bbox 2666 2102 2757 2155; x_wconf 87' lang='grc' dir='ltr'>καὶ</span> <span class='ocrx_word' id='word_1_394' title='bbox 2813 2104 2890 2173; x_wconf 81' lang='grc' dir='ltr'>μή</span> <span class='ocrx_word' id='word_1_395' title='bbox 2949 2100 3199 2175; x_wconf 86' lang='grc' dir='ltr'>βοηθείας</span> <span class='ocrx_word' id='word_1_396' title='bbox 3256 2100 3531 2176; x_wconf 73' lang='grc' dir='ltr'>φανείσης.</span> <span class='ocrx_word' id='word_1_397' title='bbox 3584 2100 3647 2155; x_wconf 79' lang='grc' dir='ltr'>Εἰ</span> <span class='ocrx_word' id='word_1_398' title='bbox 3680 2098 3737 2155; x_wconf 72' lang='grc' dir='ltr'>δὶ</span> 
     </span>
    </p>
   </div>
   <div class='ocr_carea' id='block_1_51' title="bbox 2095 2185 3734 2263">
    <p class='ocr_par' dir='ltr' id='par_1_51' title="bbox 2095 2185 3734 2263">
     <span class='ocr_line' id='line_1_51' title="bbox 2095 2185 3734 2263; baseline -0.001 -19"><span class='ocrx_word' id='word_1_399' title='bbox 2095 2188 2451 2244; x_wconf 80' lang='grc' dir='ltr'>κινδυνεύοιεν</span> <span class='ocrx_word' id='word_1_400' title='bbox 2520 2188 2765 2244; x_wconf 84' lang='grc' dir='ltr'>πλεόνων</span> <span class='ocrx_word' id='word_1_401' title='bbox 2843 2185 3233 2263; x_wconf 72' lang='grc' dir='ltr'>ἐπιϐρισάντων</span> <span class='ocrx_word' id='word_1_402' title='bbox 3300 2192 3407 2242; x_wconf 82' lang='grc' dir='ltr'>τῶν</span> <span class='ocrx_word' id='word_1_403' title='bbox 3474 2188 3734 2263; x_wconf 79' lang='grc' dir='ltr'>χαλεπῶν</span> 
     </span>
    </p>
   </div>
   <div class='ocr_carea' id='block_1_52' title="bbox 2096 2276 3739 2353">
    <p class='ocr_par' dir='ltr' id='par_1_52' title="bbox 2096 2276 3739 2353">
     <span class='ocr_line' id='line_1_52' title="bbox 2096 2276 3739 2353; baseline 0 -21"><span class='ocrx_word' id='word_1_404' title='bbox 2096 2278 2338 2351; x_wconf 80' lang='grc' dir='ltr'>κεφαλὴν</span> <span class='ocrx_word' id='word_1_405' title='bbox 2376 2279 2470 2351; x_wconf 75' lang='grc' dir='ltr'>μὲν</span> <span class='ocrx_word' id='word_1_406' title='bbox 2497 2282 2595 2332; x_wconf 77' lang='grc' dir='ltr'>τοῦ</span> <span class='ocrx_word' id='word_1_407' title='bbox 2645 2277 2876 2333; x_wconf 71' lang='grc' dir='ltr'>σουλτὰν</span> <span class='ocrx_word' id='word_1_408' title='bbox 2935 2280 3059 2350; x_wconf 78' lang='grc' dir='ltr'>μήτ’</span> <span class='ocrx_word' id='word_1_409' title='bbox 3120 2276 3397 2331; x_wconf 70' lang='grc' dir='ltr'>ἰκκόπτειν</span> <span class='ocrx_word' id='word_1_410' title='bbox 3458 2280 3599 2349; x_wconf 78' lang='grc' dir='ltr'>μήτε</span> <span class='ocrx_word' id='word_1_411' title='bbox 3660 2279 3739 2353; x_wconf 74' lang='grc' dir='ltr'>ῥι-</span> 
     </span>
    </p>
   </div>
   <div class='ocr_carea' id='block_1_53' title="bbox 2098 2471 3737 2543">
    <p class='ocr_par' dir='ltr' id='par_1_53' title="bbox 2098 2471 3737 2543">
     <span class='ocr_line' id='line_1_53' title="bbox 2098 2471 3737 2543; baseline 0.001 -17"><span class='ocrx_word' id='word_1_412' title='bbox 2098 2488 2228 2526; x_wconf 91' lang='lat' dir='ltr'>nem</span> <span class='ocrx_word' id='word_1_413' title='bbox 2284 2488 2415 2527; x_wconf 88' lang='lat' dir='ltr'>cum</span> <span class='ocrx_word' id='word_1_414' title='bbox 2468 2471 2679 2543; x_wconf 87' lang='lat' dir='ltr'>populo</span> <span class='ocrx_word' id='word_1_415' title='bbox 2720 2477 2775 2527; x_wconf 92' lang='lat' dir='ltr'>et</span> <span class='ocrx_word' id='word_1_416' title='bbox 2818 2472 3065 2543; x_wconf 84' lang='lat' dir='ltr'>pecunia</span> <span class='ocrx_word' id='word_1_417' title='bbox 3099 2472 3399 2539; x_wconf 79' lang='lat' dir='ltr'>dederent,</span> <span class='ocrx_word' id='word_1_418' title='bbox 3438 2472 3550 2543; x_wconf 86' lang='lat' dir='ltr'>ipsi</span> <span class='ocrx_word' id='word_1_419' title='bbox 3593 2473 3737 2527; x_wconf 89' lang='lat' dir='ltr'>salvi</span> 
     </span>
    </p>
   </div>
   <div class='ocr_carea' id='block_1_54' title="bbox 2098 2560 3737 2631">
    <p class='ocr_par' dir='ltr' id='par_1_54' title="bbox 2098 2560 3737 2631">
     <span class='ocr_line' id='line_1_54' title="bbox 2098 2560 3737 2631; baseline 0.001 -17"><span class='ocrx_word' id='word_1_420' title='bbox 2098 2561 2327 2616; x_wconf 85' lang='lat' dir='ltr'>abirent</span> <span class='ocrx_word' id='word_1_421' title='bbox 2358 2575 2471 2631; x_wconf 91' lang='lat' dir='ltr'>quo</span> <span class='ocrx_word' id='word_1_422' title='bbox 2507 2562 2731 2625; x_wconf 85' lang='lat' dir='ltr'>liberet,</span> <span class='ocrx_word' id='word_1_423' title='bbox 2764 2560 2957 2615; x_wconf 90' lang='lat' dir='ltr'>omnis</span> <span class='ocrx_word' id='word_1_424' title='bbox 2989 2561 3058 2615; x_wconf 89' lang='lat' dir='ltr'>ab</span> <span class='ocrx_word' id='word_1_425' title='bbox 3092 2577 3152 2617; x_wconf 87' lang='lat' dir='ltr'>se</span> <span class='ocrx_word' id='word_1_426' title='bbox 3194 2560 3475 2616; x_wconf 70' lang='lat' dir='ltr'>molestias</span> <span class='ocrx_word' id='word_1_427' title='bbox 3524 2563 3737 2617; x_wconf 87' lang='lat' dir='ltr'>securi.</span> 
     </span>
    </p>
   </div>
   <div class='ocr_carea' id='block_1_55' title="bbox 2103 2648 3742 2707">
    <p class='ocr_par' dir='ltr' id='par_1_55' title="bbox 2103 2648 3742 2707">
     <span class='ocr_line' id='line_1_55' title="bbox 2103 2648 3742 2707; baseline 0.002 -4"><span class='ocrx_word' id='word_1_428' title='bbox 2103 2648 2198 2704; x_wconf 84' lang='lat' dir='ltr'>His</span> <span class='ocrx_word' id='word_1_429' title='bbox 2231 2648 2476 2704; x_wconf 85' lang='lat' dir='ltr'>Romani</span> <span class='ocrx_word' id='word_1_430' title='bbox 2508 2649 2799 2705; x_wconf 88' lang='lat' dir='ltr'>auditisin</span> <span class='ocrx_word' id='word_1_431' title='bbox 2819 2650 2966 2705; x_wconf 89' lang='lat' dir='ltr'>duas</span> <span class='ocrx_word' id='word_1_432' title='bbox 2985 2665 3045 2704; x_wconf 89' lang='lat' dir='ltr'>se</span> <span class='ocrx_word' id='word_1_433' title='bbox 3076 2651 3405 2705; x_wconf 88' lang='lat' dir='ltr'>contrarias</span> <span class='ocrx_word' id='word_1_434' title='bbox 3422 2650 3742 2707; x_wconf 84' lang='lat' dir='ltr'>sententias</span> 
     </span>
    </p>
   </div>
   <div class='ocr_carea' id='block_1_56' title="bbox 2101 2737 3741 2809">
    <p class='ocr_par' dir='ltr' id='par_1_56' title="bbox 2101 2737 3741 2809">
     <span class='ocr_line' id='line_1_56' title="bbox 2101 2737 3741 2809; baseline 0.002 -19"><span class='ocrx_word' id='word_1_435' title='bbox 2101 2738 2418 2792; x_wconf 86' lang='lat' dir='ltr'>sciderunt.</span> <span class='ocrx_word' id='word_1_436' title='bbox 2454 2737 2814 2803; x_wconf 83' lang='lat' dir='ltr'>Quibusdam</span> <span class='ocrx_word' id='word_1_437' title='bbox 2854 2738 3163 2793; x_wconf 79' lang='lat' dir='ltr'>videbatur</span> <span class='ocrx_word' id='word_1_438' title='bbox 3192 2738 3582 2809; x_wconf 66' lang='lat' dir='ltr'>praestabilius</span> <span class='ocrx_word' id='word_1_439' title='bbox 3616 2741 3741 2795; x_wconf 87' lang='lat' dir='ltr'>dari</span> 
     </span>
    </p>
   </div>
   <div class='ocr_carea' id='block_1_57' title="bbox 2104 2825 3745 2898">
    <p class='ocr_par' dir='ltr' id='par_1_57' title="bbox 2104 2825 3745 2898">
     <span class='ocr_line' id='line_1_57' title="bbox 2104 2825 3745 2898; baseline 0.002 -18"><span class='ocrx_word' id='word_1_440' title='bbox 2104 2825 2252 2880; x_wconf 89' lang='lat' dir='ltr'>ultro</span> <span class='ocrx_word' id='word_1_441' title='bbox 2284 2831 2511 2880; x_wconf 89' lang='lat' dir='ltr'>mature</span> <span class='ocrx_word' id='word_1_442' title='bbox 2545 2826 2698 2895; x_wconf 89' lang='lat' dir='ltr'>quod</span> <span class='ocrx_word' id='word_1_443' title='bbox 2733 2840 2864 2881; x_wconf 80' lang='lat' dir='ltr'>mox</span> <span class='ocrx_word' id='word_1_444' title='bbox 2894 2828 3359 2898; x_wconf 76' lang='lat' dir='ltr'>extorquendum</span> <span class='ocrx_word' id='word_1_445' title='bbox 3407 2828 3460 2881; x_wconf 88' lang='lat' dir='ltr'>vi</span> <span class='ocrx_word' id='word_1_446' title='bbox 3510 2834 3653 2894; x_wconf 87' lang='lat' dir='ltr'>erat,</span> <span class='ocrx_word' id='word_1_447' title='bbox 3687 2834 3745 2884; x_wconf 87' lang='lat' dir='ltr'>et</span> 
     </span>
    </p>
   </div>
   <div class='ocr_carea' id='block_1_58' title="bbox 2103 2914 3747 2988">
    <p class='ocr_par' dir='ltr' id='par_1_58' title="bbox 2103 2914 3747 2988">
     <span class='ocr_line' id='line_1_58' title="bbox 2103 2914 3747 2988; baseline 0.002 -20"><span class='ocrx_word' id='word_1_448' title='bbox 2103 2914 2382 2969; x_wconf 81' lang='lat' dir='ltr'>beneﬂcio</span> <span class='ocrx_word' id='word_1_449' title='bbox 2412 2914 2651 2969; x_wconf 83' lang='lat' dir='ltr'>exitium</span> <span class='ocrx_word' id='word_1_450' title='bbox 2685 2915 2965 2969; x_wconf 84' lang='lat' dir='ltr'>redimere</span> <span class='ocrx_word' id='word_1_451' title='bbox 2994 2931 3125 2969; x_wconf 89' lang='lat' dir='ltr'>cum</span> <span class='ocrx_word' id='word_1_452' title='bbox 3150 2916 3261 2970; x_wconf 87' lang='lat' dir='ltr'>sibi</span> <span class='ocrx_word' id='word_1_453' title='bbox 3280 2921 3405 2970; x_wconf 89' lang='lat' dir='ltr'>tum</span> <span class='ocrx_word' id='word_1_454' title='bbox 3437 2916 3509 2971; x_wconf 89' lang='lat' dir='ltr'>iis</span> <span class='ocrx_word' id='word_1_455' title='bbox 3530 2919 3747 2988; x_wconf 89' lang='lat' dir='ltr'>pariter</span> 
     </span>
    </p>
   </div>
   <div class='ocr_carea' id='block_1_59' title="bbox 2103 3003 3747 3075">
    <p class='ocr_par' dir='ltr' id='par_1_59' title="bbox 2103 3003 3747 3075">
     <span class='ocr_line' id='line_1_59' title="bbox 2103 3003 3747 3075; baseline 0.002 -19"><span class='ocrx_word' id='word_1_456' title='bbox 2103 3003 2471 3073; x_wconf 86' lang='lat' dir='ltr'>impendens,</span> <span class='ocrx_word' id='word_1_457' title='bbox 2524 3018 2649 3073; x_wconf 70' lang='lat' dir='ltr'>quae</span> <span class='ocrx_word' id='word_1_458' title='bbox 2700 3004 2883 3058; x_wconf 85' lang='lat' dir='ltr'>stulta</span> <span class='ocrx_word' id='word_1_459' title='bbox 2930 3018 3109 3075; x_wconf 88' lang='lat' dir='ltr'>supra</span> <span class='ocrx_word' id='word_1_460' title='bbox 3154 3006 3306 3059; x_wconf 90' lang='lat' dir='ltr'>vires</span> <span class='ocrx_word' id='word_1_461' title='bbox 3356 3005 3747 3061; x_wconf 81' lang='lat' dir='ltr'>obstinatione</span> 
     </span>
    </p>
   </div>
   <div class='ocr_carea' id='block_1_60' title="bbox 354 3090 3747 3187">
    <p class='ocr_par' dir='ltr' id='par_1_60' title="bbox 354 3090 3747 3187">
     <span class='ocr_line' id='line_1_60' title="bbox 354 3090 3747 3187; baseline -0 -37"><span class='ocrx_word' id='word_1_462' title='bbox 354 3094 683 3167; x_wconf 86' lang='lat' dir='ltr'>propinquo</span> <span class='ocrx_word' id='word_1_463' title='bbox 716 3107 781 3147; x_wconf 87' lang='lat' dir='ltr'>ae</span> <span class='ocrx_word' id='word_1_464' title='bbox 817 3091 985 3163; x_wconf 88' lang='lat' dir='ltr'>quasi</span> <span class='ocrx_word' id='word_1_465' title='bbox 1018 3092 1128 3144; x_wconf 91' lang='lat' dir='ltr'>sub</span> <span class='ocrx_word' id='word_1_466' title='bbox 1160 3104 1399 3145; x_wconf 89' lang='lat' dir='ltr'>manum</span> <span class='ocrx_word' id='word_1_467' title='bbox 1436 3090 1692 3161; x_wconf 64' lang='lat' dir='ltr'>pecunia;</span> <span class='ocrx_word' id='word_1_468' title='bbox 1716 3091 1994 3159; x_wconf 78' lang='lat' dir='ltr'>jacentis,</span> <span class='ocrx_word' id='word_1_469' title='bbox 2026 3120 2070 3187; x_wconf 70' lang='lat' dir='ltr'>c</span> <span class='ocrx_word' id='word_1_470' title='bbox 2107 3091 2257 3146; x_wconf 85' lang='lat' dir='ltr'>tueri</span> <span class='ocrx_word' id='word_1_471' title='bbox 2289 3093 2727 3147; x_wconf 83' lang='lat' dir='ltr'>contenderent.</span> <span class='ocrx_word' id='word_1_472' title='bbox 2762 3093 2849 3146; x_wconf 83' lang='lat' dir='ltr'>Ab</span> <span class='ocrx_word' id='word_1_473' title='bbox 2881 3090 2973 3147; x_wconf 88' lang='lat' dir='ltr'>his</span> <span class='ocrx_word' id='word_1_474' title='bbox 3002 3092 3101 3147; x_wconf 85' lang='lat' dir='ltr'>alii</span> <span class='ocrx_word' id='word_1_475' title='bbox 3132 3094 3577 3161; x_wconf 77' lang='lat' dir='ltr'>dissentiebant,</span> <span class='ocrx_word' id='word_1_476' title='bbox 3612 3111 3747 3151; x_wconf 85' lang='lat' dir='ltr'>con-</span> 
     </span>
    </p>
   </div>
   <div class='ocr_carea' id='block_1_61' title="bbox 351 3178 1994 3254">
    <p class='ocr_par' dir='ltr' id='par_1_61' title="bbox 351 3178 1994 3254">
     <span class='ocr_line' id='line_1_61' title="bbox 351 3178 1994 3254; baseline -0.005 -15"><span class='ocrx_word' id='word_1_477' title='bbox 351 3185 522 3254; x_wconf 89' lang='lat' dir='ltr'>cujus</span> <span class='ocrx_word' id='word_1_478' title='bbox 568 3181 776 3253; x_wconf 63' lang='lat' dir='ltr'>opima:</span> <span class='ocrx_word' id='word_1_479' title='bbox 808 3181 1071 3250; x_wconf 43' lang='lat' dir='ltr'>‘objectse</span> <span class='ocrx_word' id='word_1_480' title='bbox 1120 3178 1386 3233; x_wconf 81' lang='lat' dir='ltr'>faucibus</span> <span class='ocrx_word' id='word_1_481' title='bbox 1431 3192 1498 3232; x_wconf 89' lang='lat' dir='ltr'>ac</span> <span class='ocrx_word' id='word_1_482' title='bbox 1559 3178 1727 3249; x_wconf 90' lang='lat' dir='ltr'>quasi</span> <span class='ocrx_word' id='word_1_483' title='bbox 1780 3179 1994 3232; x_wconf 85' lang='lat' dir='ltr'>famem</span> 
     </span>
    </p>
   </div>
   <div class='ocr_carea' id='block_1_62' title="bbox 352 3265 1999 3337">
    <p class='ocr_par' dir='ltr' id='par_1_62' title="bbox 352 3265 1999 3337">
     <span class='ocr_line' id='line_1_62' title="bbox 352 3265 1999 3337; baseline -0.004 -11"><span class='ocrx_word' id='word_1_484' title='bbox 352 3272 553 3327; x_wconf 82' lang='lat' dir='ltr'>afﬂatu</span> <span class='ocrx_word' id='word_1_485' title='bbox 580 3286 649 3325; x_wconf 85' lang='lat' dir='ltr'>ex</span> <span class='ocrx_word' id='word_1_486' title='bbox 678 3268 865 3323; x_wconf 84' lang='lat' dir='ltr'>vicina</span> <span class='ocrx_word' id='word_1_487' title='bbox 898 3268 1098 3321; x_wconf 89' lang='lat' dir='ltr'>nidore</span> <span class='ocrx_word' id='word_1_488' title='bbox 1132 3266 1468 3337; x_wconf 84' lang='lat' dir='ltr'>proritsntis</span> <span class='ocrx_word' id='word_1_489' title='bbox 1509 3266 1812 3320; x_wconf 83' lang='lat' dir='ltr'>confestim</span> <span class='ocrx_word' id='word_1_490' title='bbox 1849 3265 1999 3320; x_wconf 86' lang='lat' dir='ltr'>abli-</span> 
     </span>
    </p>
   </div>
   <div class='ocr_carea' id='block_1_63' title="bbox 353 3355 1999 3432">
    <p class='ocr_par' dir='ltr' id='par_1_63' title="bbox 353 3355 1999 3432">
     <span class='ocr_line' id='line_1_63' title="bbox 353 3355 1999 3432; baseline -0.004 -18"><span class='ocrx_word' id='word_1_491' title='bbox 353 3359 649 3432; x_wconf 69' lang='lat' dir='ltr'>guriendaa</span> <span class='ocrx_word' id='word_1_492' title='bbox 682 3358 918 3413; x_wconf 88' lang='lat' dir='ltr'>admota</span> <span class='ocrx_word' id='word_1_493' title='bbox 969 3356 1175 3427; x_wconf 66' lang='lat' dir='ltr'>praedm</span> <span class='ocrx_word' id='word_1_494' title='bbox 1224 3372 1358 3425; x_wconf 87' lang='lat' dir='ltr'>spes</span> <span class='ocrx_word' id='word_1_495' title='bbox 1405 3355 1662 3409; x_wconf 78' lang='lat' dir='ltr'>immane</span> <span class='ocrx_word' id='word_1_496' title='bbox 1713 3360 1999 3426; x_wconf 86' lang='lat' dir='ltr'>quantum</span> 
     </span>
    </p>
   </div>
   <div class='ocr_carea' id='block_1_64' title="bbox 360 3443 2004 3517">
    <p class='ocr_par' dir='ltr' id='par_1_64' title="bbox 360 3443 2004 3517">
     <span class='ocr_line' id='line_1_64' title="bbox 360 3443 2004 3517; baseline -0.004 -15"><span class='ocrx_word' id='word_1_497' title='bbox 360 3446 755 3517; x_wconf 79' lang='lat' dir='ltr'>rapacissimae</span> <span class='ocrx_word' id='word_1_498' title='bbox 786 3444 999 3515; x_wconf 89' lang='lat' dir='ltr'>gentis,</span> <span class='ocrx_word' id='word_1_499' title='bbox 1032 3448 1154 3497; x_wconf 84' lang='lat' dir='ltr'>toto</span> <span class='ocrx_word' id='word_1_500' title='bbox 1186 3444 1407 3497; x_wconf 90' lang='lat' dir='ltr'>dudum</span> <span class='ocrx_word' id='word_1_501' title='bbox 1441 3443 1572 3497; x_wconf 89' lang='lat' dir='ltr'>nisu</span> <span class='ocrx_word' id='word_1_502' title='bbox 1607 3443 2004 3498; x_wconf 81' lang='lat' dir='ltr'>incumbentis</span> 
     </span>
    </p>
   </div>
   <div class='ocr_carea' id='block_1_65' title="bbox 363 3530 2004 3605">
    <p class='ocr_par' dir='ltr' id='par_1_65' title="bbox 363 3530 2004 3605">
     <span class='ocr_line' id='line_1_65' title="bbox 363 3530 2004 3605; baseline -0.003 -16"><span class='ocrx_word' id='word_1_503' title='bbox 363 3536 435 3589; x_wconf 85' lang='lat' dir='ltr'>ad</span> <span class='ocrx_word' id='word_1_504' title='bbox 465 3533 960 3605; x_wconf 84' lang='lat' dir='ltr'>perrumpendum</span> <span class='ocrx_word' id='word_1_505' title='bbox 1020 3530 1249 3601; x_wconf 83' lang='lat' dir='ltr'>quidvis</span> <span class='ocrx_word' id='word_1_506' title='bbox 1276 3532 1537 3599; x_wconf 85' lang='lat' dir='ltr'>obstans,</span> <span class='ocrx_word' id='word_1_507' title='bbox 1569 3532 1731 3585; x_wconf 90' lang='lat' dir='ltr'>novis</span> <span class='ocrx_word' id='word_1_508' title='bbox 1753 3530 2004 3586; x_wconf 90' lang='lat' dir='ltr'>cumulis</span> 
     </span>
    </p>
   </div>
   <div class='ocr_carea' id='block_1_66' title="bbox 364 3620 2003 3691">
    <p class='ocr_par' dir='ltr' id='par_1_66' title="bbox 364 3620 2003 3691">
     <span class='ocr_line' id='line_1_66' title="bbox 364 3620 2003 3691; baseline -0.002 -14"><span class='ocrx_word' id='word_1_509' title='bbox 364 3624 420 3677; x_wconf 88' lang='lat' dir='ltr'>fu</span> <span class='ocrx_word' id='word_1_510' title='bbox 431 3624 577 3677; x_wconf 89' lang='lat' dir='ltr'>roris</span> <span class='ocrx_word' id='word_1_511' title='bbox 593 3620 1288 3689; x_wconf 86' lang='lat' dir='ltr'>inﬂammabatimpetus.</span> <span class='ocrx_word' id='word_1_512' title='bbox 1307 3621 1395 3673; x_wconf 79' lang='lat' dir='ltr'>Eas</span> <span class='ocrx_word' id='word_1_513' title='bbox 1410 3624 1605 3674; x_wconf 83' lang='lat' dir='ltr'>tamen</span> <span class='ocrx_word' id='word_1_514' title='bbox 1621 3620 2003 3691; x_wconf 88' lang='lat' dir='ltr'>cogitationes</span> 
     </span>
    </p>
   </div>
   <div class='ocr_carea' id='block_1_67' title="bbox 362 3707 2002 3781">
    <p class='ocr_par' dir='ltr' id='par_1_67' title="bbox 362 3707 2002 3781">
     <span class='ocr_line' id='line_1_67' title="bbox 362 3707 2002 3781; baseline -0.003 -15"><span class='ocrx_word' id='word_1_515' title='bbox 362 3719 527 3766; x_wconf 86' lang='lat' dir='ltr'>erant</span> <span class='ocrx_word' id='word_1_516' title='bbox 564 3710 722 3781; x_wconf 82' lang='lat' dir='ltr'>vulgi</span> <span class='ocrx_word' id='word_1_517' title='bbox 774 3710 1055 3764; x_wconf 84' lang='lat' dir='ltr'>duntaxat</span> <span class='ocrx_word' id='word_1_518' title='bbox 1107 3707 1351 3763; x_wconf 88' lang='lat' dir='ltr'>minoris</span> <span class='ocrx_word' id='word_1_519' title='bbox 1401 3723 1467 3761; x_wconf 88' lang='lat' dir='ltr'>ac</span> <span class='ocrx_word' id='word_1_520' title='bbox 1508 3707 1777 3762; x_wconf 88' lang='lat' dir='ltr'>militaris</span> <span class='ocrx_word' id='word_1_521' title='bbox 1825 3707 2002 3773; x_wconf 65' lang='lat' dir='ltr'>fiscis,</span> 
     </span>
    </p>
   </div>
   <div class='ocr_carea' id='block_1_68' title="bbox 362 3796 2006 3865">
    <p class='ocr_par' dir='ltr' id='par_1_68' title="bbox 362 3796 2006 3865">
     <span class='ocr_line' id='line_1_68' title="bbox 362 3796 2006 3865; baseline -0.004 -10"><span class='ocrx_word' id='word_1_522' title='bbox 362 3800 594 3855; x_wconf 89' lang='lat' dir='ltr'>lucrum</span> <span class='ocrx_word' id='word_1_523' title='bbox 626 3797 909 3854; x_wconf 85' lang='lat' dir='ltr'>intuentis</span> <span class='ocrx_word' id='word_1_524' title='bbox 934 3812 1141 3863; x_wconf 87' lang='lat' dir='ltr'>unum,</span> <span class='ocrx_word' id='word_1_525' title='bbox 1175 3811 1241 3851; x_wconf 92' lang='lat' dir='ltr'>eo</span> <span class='ocrx_word' id='word_1_526' title='bbox 1258 3800 1468 3850; x_wconf 91' lang='lat' dir='ltr'>cuncta</span> <span class='ocrx_word' id='word_1_527' title='bbox 1501 3796 1824 3865; x_wconf 80' lang='lat' dir='ltr'>referentis,</span> <span class='ocrx_word' id='word_1_528' title='bbox 1846 3802 2006 3850; x_wconf 82' lang='lat' dir='ltr'>extra</span> 
     </span>
    </p>
   </div>
   <div class='ocr_carea' id='block_1_69' title="bbox 362 3883 2003 3959">
    <p class='ocr_par' dir='ltr' id='par_1_69' title="bbox 362 3883 2003 3959">
     <span class='ocr_line' id='line_1_69' title="bbox 362 3883 2003 3959; baseline -0.004 -17"><span class='ocrx_word' id='word_1_529' title='bbox 362 3889 420 3942; x_wconf 89' lang='lat' dir='ltr'>id</span> <span class='ocrx_word' id='word_1_530' title='bbox 456 3888 602 3942; x_wconf 87' lang='lat' dir='ltr'>nihil</span> <span class='ocrx_word' id='word_1_531' title='bbox 633 3900 984 3959; x_wconf 83' lang='lat' dir='ltr'>magnopere</span> <span class='ocrx_word' id='word_1_532' title='bbox 1016 3884 1292 3940; x_wconf 88' lang='lat' dir='ltr'>curantis.</span> <span class='ocrx_word' id='word_1_533' title='bbox 1329 3883 1455 3938; x_wconf 82' lang='lat' dir='ltr'>Alia</span> <span class='ocrx_word' id='word_1_534' title='bbox 1484 3885 1814 3939; x_wconf 86' lang='lat' dir='ltr'>sentiebant</span> <span class='ocrx_word' id='word_1_535' title='bbox 1855 3884 2003 3954; x_wconf 84' lang='lat' dir='ltr'>opti-</span> 
     </span>
    </p>
   </div>
   <div class='ocr_carea' id='block_1_70' title="bbox 368 3972 2008 4044">
    <p class='ocr_par' dir='ltr' id='par_1_70' title="bbox 368 3972 2008 4044">
     <span class='ocr_line' id='line_1_70' title="bbox 368 3972 2008 4044; baseline -0.002 -14"><span class='ocrx_word' id='word_1_536' title='bbox 368 3982 557 4031; x_wconf 88' lang='lat' dir='ltr'>mates</span> <span class='ocrx_word' id='word_1_537' title='bbox 597 3993 663 4030; x_wconf 91' lang='lat' dir='ltr'>ac</span> <span class='ocrx_word' id='word_1_538' title='bbox 707 3977 905 4039; x_wconf 90' lang='lat' dir='ltr'>duces,</span> <span class='ocrx_word' id='word_1_539' title='bbox 959 3988 1210 4044; x_wconf 88' lang='lat' dir='ltr'>quorum</span> <span class='ocrx_word' id='word_1_540' title='bbox 1282 3972 1520 4027; x_wconf 90' lang='lat' dir='ltr'>arbitrio</span> <span class='ocrx_word' id='word_1_541' title='bbox 1561 3972 2008 4027; x_wconf 83' lang='lat' dir='ltr'>deliberationes</span> 
     </span>
    </p>
   </div>
   <div class='ocr_carea' id='block_1_71' title="bbox 368 4060 2004 4133">
    <p class='ocr_par' dir='ltr' id='par_1_71' title="bbox 368 4060 2004 4133">
     <span class='ocr_line' id='line_1_71' title="bbox 368 4060 2004 4133; baseline -0.002 -15"><span class='ocrx_word' id='word_1_542' title='bbox 368 4064 867 4119; x_wconf 83' lang='lat' dir='ltr'>concludebantur</span> <span class='ocrx_word' id='word_1_543' title='bbox 896 4070 953 4117; x_wconf 89' lang='lat' dir='ltr'>et</span> <span class='ocrx_word' id='word_1_544' title='bbox 983 4062 1242 4133; x_wconf 88' lang='lat' dir='ltr'>regimen</span> <span class='ocrx_word' id='word_1_545' title='bbox 1273 4060 1603 4115; x_wconf 87' lang='lat' dir='ltr'>vertebatur</span> <span class='ocrx_word' id='word_1_546' title='bbox 1645 4060 2004 4115; x_wconf 87' lang='lat' dir='ltr'>universum.</span> 
     </span>
    </p>
   </div>
   <div class='ocr_carea' id='block_1_72' title="bbox 369 4148 2010 4223">
    <p class='ocr_par' dir='ltr' id='par_1_72' title="bbox 369 4148 2010 4223">
     <span class='ocr_line' id='line_1_72' title="bbox 369 4148 2010 4223; baseline -0.001 -16"><span class='ocrx_word' id='word_1_547' title='bbox 369 4153 488 4208; x_wconf 87' lang='lat' dir='ltr'>llos</span> <span class='ocrx_word' id='word_1_548' title='bbox 519 4151 806 4223; x_wconf 87' lang='lat' dir='ltr'>cupiditas</span> <span class='ocrx_word' id='word_1_549' title='bbox 834 4151 1069 4205; x_wconf 87' lang='lat' dir='ltr'>inhians</span> <span class='ocrx_word' id='word_1_550' title='bbox 1101 4154 1157 4205; x_wconf 84' lang='lat' dir='ltr'>et</span> <span class='ocrx_word' id='word_1_551' title='bbox 1184 4166 1369 4205; x_wconf 63' lang='lat' dir='ltr'>avaras</span> <span class='ocrx_word' id='word_1_552' title='bbox 1398 4165 1530 4217; x_wconf 84' lang='lat' dir='ltr'>spes</span> <span class='ocrx_word' id='word_1_553' title='bbox 1560 4148 1618 4204; x_wconf 89' lang='lat' dir='ltr'>in</span> <span class='ocrx_word' id='word_1_554' title='bbox 1649 4150 1829 4220; x_wconf 86' lang='lat' dir='ltr'>hujus</span> <span class='ocrx_word' id='word_1_555' title='bbox 1858 4151 2010 4205; x_wconf 87' lang='lat' dir='ltr'>arcis</span> 
     </span>
    </p>
   </div>
   <div class='ocr_carea' id='block_1_73' title="bbox 371 4238 2011 4312">
    <p class='ocr_par' dir='ltr' id='par_1_73' title="bbox 371 4238 2011 4312">
     <span class='ocr_line' id='line_1_73' title="bbox 371 4238 2011 4312; baseline -0.002 -15"><span class='ocrx_word' id='word_1_556' title='bbox 371 4239 809 4312; x_wconf 81' lang='lat' dir='ltr'>oppugnatione</span> <span class='ocrx_word' id='word_1_557' title='bbox 841 4255 957 4294; x_wconf 90' lang='lat' dir='ltr'>non</span> <span class='ocrx_word' id='word_1_558' title='bbox 987 4239 1282 4306; x_wconf 84' lang='lat' dir='ltr'>tenebant,</span> <span class='ocrx_word' id='word_1_559' title='bbox 1318 4238 1483 4293; x_wconf 83' lang='lat' dir='ltr'>facile</span> <span class='ocrx_word' id='word_1_560' title='bbox 1515 4239 1719 4311; x_wconf 88' lang='lat' dir='ltr'>utique</span> <span class='ocrx_word' id='word_1_561' title='bbox 1751 4239 2011 4295; x_wconf 87' lang='lat' dir='ltr'>videntes</span> 
     </span>
    </p>
   </div>
   <div class='ocr_carea' id='block_1_74' title="bbox 371 4328 2010 4399">
    <p class='ocr_par' dir='ltr' id='par_1_74' title="bbox 371 4328 2010 4399">
     <span class='ocr_line' id='line_1_74' title="bbox 371 4328 2010 4399; baseline -0.001 -16"><span class='ocrx_word' id='word_1_562' title='bbox 371 4329 591 4384; x_wconf 85' lang='lat' dir='ltr'>ail‘atim</span> <span class='ocrx_word' id='word_1_563' title='bbox 642 4332 804 4383; x_wconf 84' lang='lat' dir='ltr'>extra</span> <span class='ocrx_word' id='word_1_564' title='bbox 846 4332 1107 4399; x_wconf 85' lang='lat' dir='ltr'>prostare</span> <span class='ocrx_word' id='word_1_565' title='bbox 1161 4343 1264 4398; x_wconf 87' lang='lat' dir='ltr'>per</span> <span class='ocrx_word' id='word_1_566' title='bbox 1328 4328 1622 4398; x_wconf 84' lang='lat' dir='ltr'>regionem</span> <span class='ocrx_word' id='word_1_567' title='bbox 1678 4328 2010 4382; x_wconf 85' lang='lat' dir='ltr'>universam</span> 
     </span>
    </p>
   </div>
   <div class='ocr_carea' id='block_1_75' title="bbox 375 4415 2012 4487">
    <p class='ocr_par' dir='ltr' id='par_1_75' title="bbox 375 4415 2012 4487">
     <span class='ocr_line' id='line_1_75' title="bbox 375 4415 2012 4487; baseline -0.002 -15"><span class='ocrx_word' id='word_1_568' title='bbox 375 4415 700 4487; x_wconf 89' lang='lat' dir='ltr'>spoliorum</span> <span class='ocrx_word' id='word_1_569' title='bbox 732 4432 799 4471; x_wconf 89' lang='lat' dir='ltr'>ac</span> <span class='ocrx_word' id='word_1_570' title='bbox 830 4416 1055 4487; x_wconf 62' lang='lat' dir='ltr'>praadm,</span> <span class='ocrx_word' id='word_1_571' title='bbox 1087 4430 1215 4485; x_wconf 65' lang='lat' dir='ltr'>qua</span> <span class='ocrx_word' id='word_1_572' title='bbox 1245 4420 1410 4485; x_wconf 91' lang='lat' dir='ltr'>raptu</span> <span class='ocrx_word' id='word_1_573' title='bbox 1445 4420 1846 4487; x_wconf 89' lang='lat' dir='ltr'>congestuque</span> <span class='ocrx_word' id='word_1_574' title='bbox 1873 4415 2012 4470; x_wconf 76' lang='lat' dir='ltr'>faci-</span> 
     </span>
    </p>
   </div>
   <div class='ocr_carea' id='block_1_76' title="bbox 2106 3179 3749 3251">
    <p class='ocr_par' dir='ltr' id='par_1_76' title="bbox 2106 3179 3749 3251">
     <span class='ocr_line' id='line_1_76' title="bbox 2106 3179 3749 3251; baseline 0.004 -18"><span class='ocrx_word' id='word_1_575' title='bbox 2106 3184 2196 3234; x_wconf 87' lang='lat' dir='ltr'>tra</span> <span class='ocrx_word' id='word_1_576' title='bbox 2227 3179 2583 3235; x_wconf 85' lang='lat' dir='ltr'>disserentes</span> <span class='ocrx_word' id='word_1_577' title='bbox 2611 3181 2726 3237; x_wconf 86' lang='lat' dir='ltr'>ista</span> <span class='ocrx_word' id='word_1_578' title='bbox 2751 3195 2878 3251; x_wconf 80' lang='lat' dir='ltr'>quas</span> <span class='ocrx_word' id='word_1_579' title='bbox 2913 3183 2983 3235; x_wconf 89' lang='lat' dir='ltr'>ab</span> <span class='ocrx_word' id='word_1_580' title='bbox 3015 3181 3284 3237; x_wconf 85' lang='lat' dir='ltr'>hostibus</span> <span class='ocrx_word' id='word_1_581' title='bbox 3314 3182 3491 3237; x_wconf 84' lang='lat' dir='ltr'>exitia</span> <span class='ocrx_word' id='word_1_582' title='bbox 3524 3187 3749 3239; x_wconf 81' lang='lat' dir='ltr'>metue-</span> 
     </span>
    </p>
   </div>
   <div class='ocr_carea' id='block_1_77' title="bbox 2103 3269 3751 3340">
    <p class='ocr_par' dir='ltr' id='par_1_77' title="bbox 2103 3269 3751 3340">
     <span class='ocr_line' id='line_1_77' title="bbox 2103 3269 3751 3340; baseline 0.003 -18"><span class='ocrx_word' id='word_1_583' title='bbox 2103 3276 2321 3337; x_wconf 81' lang='lat' dir='ltr'>rentur,</span> <span class='ocrx_word' id='word_1_584' title='bbox 2350 3269 2575 3338; x_wconf 86' lang='lat' dir='ltr'>justius</span> <span class='ocrx_word' id='word_1_585' title='bbox 2608 3270 2679 3323; x_wconf 90' lang='lat' dir='ltr'>ab</span> <span class='ocrx_word' id='word_1_586' title='bbox 2703 3270 3052 3340; x_wconf 89' lang='lat' dir='ltr'>imperatore</span> <span class='ocrx_word' id='word_1_587' title='bbox 3076 3270 3445 3326; x_wconf 79' lang='lat' dir='ltr'>formidanda</span> <span class='ocrx_word' id='word_1_588' title='bbox 3470 3295 3484 3339; x_wconf 88' lang='lat'><strong>;</strong></span> <span class='ocrx_word' id='word_1_589' title='bbox 3510 3272 3603 3339; x_wconf 77' lang='lat' dir='ltr'>qui</span> <span class='ocrx_word' id='word_1_590' title='bbox 3630 3274 3751 3327; x_wconf 54' lang='lat' dir='ltr'>uti-</span> 
     </span>
    </p>
   </div>
   <div class='ocr_carea' id='block_1_78' title="bbox 2104 3358 3751 3429">
    <p class='ocr_par' dir='ltr' id='par_1_78' title="bbox 2104 3358 3751 3429">
     <span class='ocr_line' id='line_1_78' title="bbox 2104 3358 3751 3429; baseline 0.004 -19"><span class='ocrx_word' id='word_1_591' title='bbox 2104 3371 2219 3425; x_wconf 88' lang='lat' dir='ltr'>que</span> <span class='ocrx_word' id='word_1_592' title='bbox 2249 3358 2431 3426; x_wconf 85' lang='lat' dir='ltr'>ipsos,</span> <span class='ocrx_word' id='word_1_593' title='bbox 2472 3358 2519 3412; x_wconf 88' lang='lat' dir='ltr'>si</span> <span class='ocrx_word' id='word_1_594' title='bbox 2544 3358 2804 3427; x_wconf 77' lang='lat' dir='ltr'>juratam</span> <span class='ocrx_word' id='word_1_595' title='bbox 2832 3358 3004 3414; x_wconf 86' lang='lat' dir='ltr'>ﬁdem</span> <span class='ocrx_word' id='word_1_596' title='bbox 3029 3362 3249 3413; x_wconf 88' lang='lat' dir='ltr'>terrore</span> <span class='ocrx_word' id='word_1_597' title='bbox 3278 3360 3615 3429; x_wconf 88' lang='lat' dir='ltr'>abjecerint,</span> <span class='ocrx_word' id='word_1_598' title='bbox 3636 3378 3751 3417; x_wconf 65' lang='lat' dir='ltr'>meo</span> 
     </span>
    </p>
   </div>
   <div class='ocr_carea' id='block_1_79' title="bbox 2106 3444 3744 3516">
    <p class='ocr_par' dir='ltr' id='par_1_79' title="bbox 2106 3444 3744 3516">
     <span class='ocr_line' id='line_1_79' title="bbox 2106 3444 3744 3516; baseline 0.004 -19"><span class='ocrx_word' id='word_1_599' title='bbox 2106 3444 2237 3499; x_wconf 89' lang='lat' dir='ltr'>ritis</span> <span class='ocrx_word' id='word_1_600' title='bbox 2262 3444 2457 3514; x_wconf 85' lang='lat' dir='ltr'>legum</span> <span class='ocrx_word' id='word_1_601' title='bbox 2490 3445 2795 3516; x_wconf 84' lang='lat' dir='ltr'>suppliciis</span> <span class='ocrx_word' id='word_1_602' title='bbox 2825 3450 3191 3502; x_wconf 86' lang='lat' dir='ltr'>mactaturus</span> <span class='ocrx_word' id='word_1_603' title='bbox 3221 3447 3371 3503; x_wconf 69' lang='lat'>288</span> <span class='ocrx_word' id='word_1_604' title='bbox 3414 3449 3511 3503; x_wconf 89' lang='lat' dir='ltr'>sit.</span> <span class='ocrx_word' id='word_1_605' title='bbox 3556 3451 3744 3513; x_wconf 85' lang='lat' dir='ltr'>Quare</span> 
     </span>
    </p>
   </div>
   <div class='ocr_carea' id='block_1_80' title="bbox 2107 3531 3747 3592">
    <p class='ocr_par' dir='ltr' id='par_1_80' title="bbox 2107 3531 3747 3592">
     <span class='ocr_line' id='line_1_80' title="bbox 2107 3531 3747 3592; baseline 0.004 -6"><span class='ocrx_word' id='word_1_606' title='bbox 2107 3531 3128 3589; x_wconf 79' lang='lat' dir='ltr'>aiebantobﬁrmandumanimumin</span> <span class='ocrx_word' id='word_1_607' title='bbox 3145 3535 3452 3590; x_wconf 85' lang='lat' dir='ltr'>resistendi</span> <span class='ocrx_word' id='word_1_608' title='bbox 3476 3544 3747 3592; x_wconf 64' lang='lat' dir='ltr'>constanc</span> 
     </span>
    </p>
   </div>
   <div class='ocr_carea' id='block_1_81' title="bbox 2106 3620 3746 3695">
    <p class='ocr_par' dir='ltr' id='par_1_81' title="bbox 2106 3620 3746 3695">
     <span class='ocr_line' id='line_1_81' title="bbox 2106 3620 3746 3695; baseline 0.004 -21"><span class='ocrx_word' id='word_1_609' title='bbox 2106 3620 2212 3685; x_wconf 87' lang='lat' dir='ltr'>tia,</span> <span class='ocrx_word' id='word_1_610' title='bbox 2242 3624 2299 3675; x_wconf 87' lang='lat' dir='ltr'>et</span> <span class='ocrx_word' id='word_1_611' title='bbox 2338 3620 2625 3691; x_wconf 83' lang='lat' dir='ltr'>patienter</span> <span class='ocrx_word' id='word_1_612' title='bbox 2671 3624 3093 3693; x_wconf 81' lang='lat' dir='ltr'>exspectandas</span> <span class='ocrx_word' id='word_1_613' title='bbox 3135 3624 3333 3695; x_wconf 78' lang='lat' dir='ltr'>ecpias</span> <span class='ocrx_word' id='word_1_614' title='bbox 3381 3624 3746 3695; x_wconf 86' lang='lat' dir='ltr'>imperatoris</span> 
     </span>
    </p>
   </div>
   <div class='ocr_carea' id='block_1_82' title="bbox 2108 3708 3741 3783">
    <p class='ocr_par' dir='ltr' id='par_1_82' title="bbox 2108 3708 3741 3783">
     <span class='ocr_line' id='line_1_82' title="bbox 2108 3708 3741 3783; baseline 0.004 -21"><span class='ocrx_word' id='word_1_615' title='bbox 2108 3708 2253 3780; x_wconf 88' lang='lat' dir='ltr'>ipsis</span> <span class='ocrx_word' id='word_1_616' title='bbox 2271 3709 2399 3764; x_wconf 84' lang='lat' dir='ltr'>sine</span> <span class='ocrx_word' id='word_1_617' title='bbox 2414 3709 2594 3764; x_wconf 90' lang='lat' dir='ltr'>dubio</span> <span class='ocrx_word' id='word_1_618' title='bbox 2612 3726 2725 3765; x_wconf 88' lang='lat' dir='ltr'>non</span> <span class='ocrx_word' id='word_1_619' title='bbox 2746 3712 2826 3765; x_wconf 89' lang='lat' dir='ltr'>ita</span> <span class='ocrx_word' id='word_1_620' title='bbox 2844 3711 3027 3767; x_wconf 84' lang='lat' dir='ltr'>multo</span> <span class='ocrx_word' id='word_1_621' title='bbox 3050 3716 3183 3782; x_wconf 89' lang='lat' dir='ltr'>post</span> <span class='ocrx_word' id='word_1_622' title='bbox 3201 3712 3416 3767; x_wconf 73' lang='lat' dir='ltr'>attxilio</span> <span class='ocrx_word' id='word_1_623' title='bbox 3432 3720 3741 3783; x_wconf 81' lang='lat' dir='ltr'>venturas;</span> 
     </span>
    </p>
   </div>
   <div class='ocr_carea' id='block_1_83' title="bbox 2110 3796 3750 3871">
    <p class='ocr_par' dir='ltr' id='par_1_83' title="bbox 2110 3796 3750 3871">
     <span class='ocr_line' id='line_1_83' title="bbox 2110 3796 3750 3871; baseline 0.002 -19"><span class='ocrx_word' id='word_1_624' title='bbox 2110 3815 2225 3853; x_wconf 89' lang='lat' dir='ltr'>non</span> <span class='ocrx_word' id='word_1_625' title='bbox 2257 3797 2412 3852; x_wconf 87' lang='lat' dir='ltr'>enim</span> <span class='ocrx_word' id='word_1_626' title='bbox 2447 3796 2843 3869; x_wconf 84' lang='lat' dir='ltr'>neglecturum</span> <span class='ocrx_word' id='word_1_627' title='bbox 2874 3799 3217 3869; x_wconf 89' lang='lat' dir='ltr'>prudentem</span> <span class='ocrx_word' id='word_1_628' title='bbox 3251 3800 3570 3871; x_wconf 88' lang='lat' dir='ltr'>principem</span> <span class='ocrx_word' id='word_1_629' title='bbox 3615 3808 3750 3856; x_wconf 88' lang='lat' dir='ltr'>tan-</span> 
     </span>
    </p>
   </div>
   <div class='ocr_carea' id='block_1_84' title="bbox 2110 3885 3749 3957">
    <p class='ocr_par' dir='ltr' id='par_1_84' title="bbox 2110 3885 3749 3957">
     <span class='ocr_line' id='line_1_84' title="bbox 2110 3885 3749 3957; baseline 0.003 -17"><span class='ocrx_word' id='word_1_630' title='bbox 2110 3891 2227 3941; x_wconf 85' lang='lat' dir='ltr'>tam</span> <span class='ocrx_word' id='word_1_631' title='bbox 2261 3901 2427 3941; x_wconf 88' lang='lat' dir='ltr'>suam</span> <span class='ocrx_word' id='word_1_632' title='bbox 2462 3885 2767 3957; x_wconf 83' lang='lat' dir='ltr'>pecuniam</span> <span class='ocrx_word' id='word_1_633' title='bbox 2798 3901 3048 3950; x_wconf 83' lang='lat' dir='ltr'>servare,</span> <span class='ocrx_word' id='word_1_634' title='bbox 3082 3887 3264 3941; x_wconf 89' lang='lat' dir='ltr'>missa</span> <span class='ocrx_word' id='word_1_635' title='bbox 3293 3893 3532 3943; x_wconf 88' lang='lat' dir='ltr'>strenue</span> <span class='ocrx_word' id='word_1_636' title='bbox 3564 3889 3749 3945; x_wconf 81' lang='lat' dir='ltr'>classe</span> 
     </span>
    </p>
   </div>
   <div class='ocr_carea' id='block_1_85' title="bbox 2112 3972 3747 4045">
    <p class='ocr_par' dir='ltr' id='par_1_85' title="bbox 2112 3972 3747 4045">
     <span class='ocr_line' id='line_1_85' title="bbox 2112 3972 3747 4045; baseline 0.002 -16"><span class='ocrx_word' id='word_1_637' title='bbox 2112 3989 2239 4045; x_wconf 67' lang='lat' dir='ltr'>quae</span> <span class='ocrx_word' id='word_1_638' title='bbox 2267 3978 2499 4045; x_wconf 84' lang='lat' dir='ltr'>patente</span> <span class='ocrx_word' id='word_1_639' title='bbox 2529 3972 2676 4028; x_wconf 83' lang='lat' dir='ltr'>mari</span> <span class='ocrx_word' id='word_1_640' title='bbox 2708 3973 2923 4028; x_wconf 82' lang='lat' dir='ltr'>auxilia</span> <span class='ocrx_word' id='word_1_641' title='bbox 2945 3979 3198 4043; x_wconf 86' lang='lat' dir='ltr'>portaret</span> <span class='ocrx_word' id='word_1_642' title='bbox 3214 3976 3500 4030; x_wconf 88' lang='lat' dir='ltr'>obsidioni</span> <span class='ocrx_word' id='word_1_643' title='bbox 3519 3977 3747 4033; x_wconf 86' lang='lat' dir='ltr'>solven-</span> 
     </span>
    </p>
   </div>
   <div class='ocr_carea' id='block_1_86' title="bbox 2112 4060 3749 4127">
    <p class='ocr_par' dir='ltr' id='par_1_86' title="bbox 2112 4060 3749 4127">
     <span class='ocr_line' id='line_1_86' title="bbox 2112 4060 3749 4127; baseline 0.003 -10"><span class='ocrx_word' id='word_1_644' title='bbox 2112 4063 2199 4117; x_wconf 71' lang='lat' dir='ltr'>dae</span> <span class='ocrx_word' id='word_1_645' title='bbox 2228 4062 2542 4116; x_wconf 70' lang='lat' dir='ltr'>suffectura</span> <span class='ocrx_word' id='word_1_646' title='bbox 2568 4077 2580 4114; x_wconf 95' lang='lat'>:</span> <span class='ocrx_word' id='word_1_647' title='bbox 2614 4062 2671 4115; x_wconf 90' lang='lat' dir='ltr'>id</span> <span class='ocrx_word' id='word_1_648' title='bbox 2703 4060 2791 4115; x_wconf 92' lang='lat' dir='ltr'>vel</span> <span class='ocrx_word' id='word_1_649' title='bbox 2822 4062 2871 4115; x_wconf 89' lang='lat' dir='ltr'>si</span> <span class='ocrx_word' id='word_1_650' title='bbox 2925 4062 3168 4127; x_wconf 84' lang='lat' dir='ltr'>deferet,</span> <span class='ocrx_word' id='word_1_651' title='bbox 3218 4078 3453 4118; x_wconf 90' lang='lat' dir='ltr'>censere</span> <span class='ocrx_word' id='word_1_652' title='bbox 3484 4082 3614 4121; x_wconf 83' lang='lat' dir='ltr'>sese</span> <span class='ocrx_word' id='word_1_653' title='bbox 3645 4070 3749 4122; x_wconf 87' lang='lat' dir='ltr'>ab-</span> 
     </span>
    </p>
   </div>
   <div class='ocr_carea' id='block_1_87' title="bbox 2114 4149 3757 4225">
    <p class='ocr_par' dir='ltr' id='par_1_87' title="bbox 2114 4149 3757 4225">
     <span class='ocr_line' id='line_1_87' title="bbox 2114 4149 3757 4225; baseline 0.003 -20"><span class='ocrx_word' id='word_1_654' title='bbox 2114 4151 2365 4206; x_wconf 88' lang='lat' dir='ltr'>scissum</span> <span class='ocrx_word' id='word_1_655' title='bbox 2397 4149 2648 4204; x_wconf 85' lang='lat' dir='ltr'>sultanis</span> <span class='ocrx_word' id='word_1_656' title='bbox 2678 4154 2852 4219; x_wconf 89' lang='lat' dir='ltr'>caput</span> <span class='ocrx_word' id='word_1_657' title='bbox 2881 4150 2951 4204; x_wconf 89' lang='lat' dir='ltr'>ad</span> <span class='ocrx_word' id='word_1_658' title='bbox 2986 4149 3183 4205; x_wconf 90' lang='lat' dir='ltr'>hostes</span> <span class='ocrx_word' id='word_1_659' title='bbox 3226 4168 3257 4206; x_wconf 93' lang='lat' dir='ltr'>e</span> <span class='ocrx_word' id='word_1_660' title='bbox 3288 4167 3457 4206; x_wconf 89' lang='lat' dir='ltr'>muro</span> <span class='ocrx_word' id='word_1_661' title='bbox 3506 4170 3757 4225; x_wconf 88' lang='lat' dir='ltr'>superne</span> 
     </span>
    </p>
   </div>
   <div class='ocr_carea' id='block_1_88' title="bbox 2109 4237 3757 4310">
    <p class='ocr_par' dir='ltr' id='par_1_88' title="bbox 2109 4237 3757 4310">
     <span class='ocr_line' id='line_1_88' title="bbox 2109 4237 3757 4310; baseline 0.002 -17"><span class='ocrx_word' id='word_1_662' title='bbox 2109 4238 2451 4310; x_wconf 84' lang='lat' dir='ltr'>jactandum</span> <span class='ocrx_word' id='word_1_663' title='bbox 2478 4256 2490 4292; x_wconf 91' lang='lat'>:</span> <span class='ocrx_word' id='word_1_664' title='bbox 2520 4242 2620 4293; x_wconf 90' lang='lat' dir='ltr'>aut</span> <span class='ocrx_word' id='word_1_665' title='bbox 2648 4238 2803 4292; x_wconf 89' lang='lat' dir='ltr'>enim</span> <span class='ocrx_word' id='word_1_666' title='bbox 2836 4254 2983 4309; x_wconf 90' lang='lat' dir='ltr'>quos</span> <span class='ocrx_word' id='word_1_667' title='bbox 3014 4237 3095 4293; x_wconf 89' lang='lat' dir='ltr'>ibi</span> <span class='ocrx_word' id='word_1_668' title='bbox 3125 4239 3475 4295; x_wconf 85' lang='lat' dir='ltr'>detinuisset</span> <span class='ocrx_word' id='word_1_669' title='bbox 3519 4250 3757 4298; x_wconf 88' lang='lat' dir='ltr'>eatenus</span> 
     </span>
    </p>
   </div>
   <div class='ocr_carea' id='block_1_89' title="bbox 2118 4325 3759 4400">
    <p class='ocr_par' dir='ltr' id='par_1_89' title="bbox 2118 4325 3759 4400">
     <span class='ocr_line' id='line_1_89' title="bbox 2118 4325 3759 4400; baseline 0.003 -18"><span class='ocrx_word' id='word_1_670' title='bbox 2118 4327 2332 4398; x_wconf 88' lang='lat' dir='ltr'>cupida</span> <span class='ocrx_word' id='word_1_671' title='bbox 2377 4325 2728 4397; x_wconf 79' lang='lat' dir='ltr'>exspectatio</span> <span class='ocrx_word' id='word_1_672' title='bbox 2778 4326 3093 4396; x_wconf 85' lang='lat' dir='ltr'>recipiendi</span> <span class='ocrx_word' id='word_1_673' title='bbox 3129 4326 3401 4391; x_wconf 89' lang='lat' dir='ltr'>sultanis,</span> <span class='ocrx_word' id='word_1_674' title='bbox 3453 4331 3759 4400; x_wconf 85' lang='lat' dir='ltr'>desperato</span> 
     </span>
    </p>
   </div>
   <div class='ocr_carea' id='block_1_90' title="bbox 2114 4414 3757 4487">
    <p class='ocr_par' dir='ltr' id='par_1_90' title="bbox 2114 4414 3757 4487">
     <span class='ocr_line' id='line_1_90' title="bbox 2114 4414 3757 4487; baseline 0.003 -17"><span class='ocrx_word' id='word_1_675' title='bbox 2114 4418 2236 4487; x_wconf 85' lang='lat' dir='ltr'>jam</span> <span class='ocrx_word' id='word_1_676' title='bbox 2266 4416 2393 4485; x_wconf 75' lang='lat' dir='ltr'>ejus</span> <span class='ocrx_word' id='word_1_677' title='bbox 2424 4414 2537 4469; x_wconf 88' lang='lat' dir='ltr'>voti</span> <span class='ocrx_word' id='word_1_678' title='bbox 2567 4414 2771 4469; x_wconf 79' lang='lat' dir='ltr'>eﬂ‘ectu</span> <span class='ocrx_word' id='word_1_679' title='bbox 2806 4415 3088 4469; x_wconf 86' lang='lat' dir='ltr'>recessuri</span> <span class='ocrx_word' id='word_1_680' title='bbox 3112 4416 3416 4470; x_wconf 75' lang='lat' dir='ltr'>confestim</span> <span class='ocrx_word' id='word_1_681' title='bbox 3445 4424 3629 4483; x_wconf 85' lang='lat' dir='ltr'>erant,</span> <span class='ocrx_word' id='word_1_682' title='bbox 3658 4426 3757 4476; x_wconf 89' lang='lat' dir='ltr'>aut</span> 
     </span>
    </p>
   </div>
   <div class='ocr_carea' id='block_1_91' title="bbox 374 4486 3755 4574">
    <p class='ocr_par' dir='ltr' id='par_1_91' title="bbox 374 4486 3755 4574">
     <span class='ocr_line' id='line_1_91' title="bbox 374 4486 3755 4574; baseline 0.001 -15"><span class='ocrx_word' id='word_1_683' title='bbox 374 4486 488 4559; x_wconf 84' lang='lat' dir='ltr'>lior</span> <span class='ocrx_word' id='word_1_684' title='bbox 516 4505 588 4558; x_wconf 89' lang='lat' dir='ltr'>ad</span> <span class='ocrx_word' id='word_1_685' title='bbox 619 4486 1067 4559; x_wconf 75' lang='lat' dir='ltr'>exestur-audam</span> <span class='ocrx_word' id='word_1_686' title='bbox 1100 4502 1475 4573; x_wconf 89' lang='lat' dir='ltr'>quantamvis</span> <span class='ocrx_word' id='word_1_687' title='bbox 1503 4486 1835 4559; x_wconf 58' lang='lat' dir='ltr'>aviditatiam</span> <span class='ocrx_word' id='word_1_688' title='bbox 1868 4504 2011 4558; x_wconf 89' lang='lat' dir='ltr'>satis</span> <span class='ocrx_word' id='word_1_689' title='bbox 2042 4486 2085 4549; x_wconf 83' lang='lat' dir='ltr'><strong>D</strong></span> <span class='ocrx_word' id='word_1_690' title='bbox 2118 4501 2258 4574; x_wconf 89' lang='lat' dir='ltr'>ipsis</span> <span class='ocrx_word' id='word_1_691' title='bbox 2286 4502 2531 4557; x_wconf 86' lang='lat' dir='ltr'>irritatis</span> <span class='ocrx_word' id='word_1_692' title='bbox 2561 4500 2733 4555; x_wconf 87' lang='lat' dir='ltr'>amici</span> <span class='ocrx_word' id='word_1_693' title='bbox 2761 4502 2915 4556; x_wconf 66' lang='lat' dir='ltr'>crede</span> <span class='ocrx_word' id='word_1_694' title='bbox 2944 4506 3001 4556; x_wconf 88' lang='lat' dir='ltr'>et</span> <span class='ocrx_word' id='word_1_695' title='bbox 3029 4502 3236 4556; x_wconf 70' lang='lat' dir='ltr'>suavius</span> <span class='ocrx_word' id='word_1_696' title='bbox 3266 4503 3325 4558; x_wconf 87' lang='lat' dir='ltr'>in</span> <span class='ocrx_word' id='word_1_697' title='bbox 3357 4520 3462 4559; x_wconf 90' lang='lat' dir='ltr'>nos</span> <span class='ocrx_word' id='word_1_698' title='bbox 3494 4506 3563 4559; x_wconf 91' lang='lat' dir='ltr'>ad</span> <span class='ocrx_word' id='word_1_699' title='bbox 3585 4506 3755 4562; x_wconf 88' lang='lat' dir='ltr'>ultio-</span> 
     </span>
    </p>
   </div>
   <div class='ocr_carea' id='block_1_92' title="bbox 378 4591 2017 4663">
    <p class='ocr_par' dir='ltr' id='par_1_92' title="bbox 378 4591 2017 4663">
     <span class='ocr_line' id='line_1_92' title="bbox 378 4591 2017 4663; baseline -0.001 -15"><span class='ocrx_word' id='word_1_700' title='bbox 378 4596 556 4649; x_wconf 90' lang='lat' dir='ltr'>esset.</span> <span class='ocrx_word' id='word_1_701' title='bbox 607 4592 718 4647; x_wconf 87' lang='lat' dir='ltr'>Sed</span> <span class='ocrx_word' id='word_1_702' title='bbox 766 4608 834 4647; x_wconf 91' lang='lat' dir='ltr'>eo</span> <span class='ocrx_word' id='word_1_703' title='bbox 882 4591 1268 4646; x_wconf 86' lang='lat' dir='ltr'>movebantur</span> <span class='ocrx_word' id='word_1_704' title='bbox 1315 4592 1469 4661; x_wconf 90' lang='lat' dir='ltr'>quod</span> <span class='ocrx_word' id='word_1_705' title='bbox 1520 4592 1902 4663; x_wconf 86' lang='lat' dir='ltr'>providebant</span> <span class='ocrx_word' id='word_1_706' title='bbox 1930 4607 2017 4657; x_wconf 90' lang='lat' dir='ltr'>se,</span> 
     </span>
    </p>
   </div>
   <div class='ocr_carea' id='block_1_93' title="bbox 380 4680 2018 4752">
    <p class='ocr_par' dir='ltr' id='par_1_93' title="bbox 380 4680 2018 4752">
     <span class='ocr_line' id='line_1_93' title="bbox 380 4680 2018 4752; baseline 0 -17"><span class='ocrx_word' id='word_1_707' title='bbox 380 4681 499 4735; x_wconf 88' lang='lat' dir='ltr'>nisi</span> <span class='ocrx_word' id='word_1_708' title='bbox 530 4680 822 4735; x_wconf 87' lang='lat' dir='ltr'>destinata</span> <span class='ocrx_word' id='word_1_709' title='bbox 839 4680 1201 4752; x_wconf 80' lang='lat' dir='ltr'>perﬁcerent,</span> <span class='ocrx_word' id='word_1_710' title='bbox 1230 4680 1414 4734; x_wconf 90' lang='lat' dir='ltr'>risum</span> <span class='ocrx_word' id='word_1_711' title='bbox 1432 4680 1731 4735; x_wconf 90' lang='lat' dir='ltr'>debituros</span> <span class='ocrx_word' id='word_1_712' title='bbox 1748 4680 2018 4752; x_wconf 90' lang='lat' dir='ltr'>impune-</span> 
     </span>
    </p>
   </div>
   <div class='ocr_carea' id='block_1_94' title="bbox 386 4767 2018 4839">
    <p class='ocr_par' dir='ltr' id='par_1_94' title="bbox 386 4767 2018 4839">
     <span class='ocr_line' id='line_1_94' title="bbox 386 4767 2018 4839; baseline 0.001 -17"><span class='ocrx_word' id='word_1_713' title='bbox 386 4785 501 4839; x_wconf 92' lang='lat' dir='ltr'>que</span> <span class='ocrx_word' id='word_1_714' title='bbox 528 4769 647 4823; x_wconf 84' lang='lat' dir='ltr'>fore</span> <span class='ocrx_word' id='word_1_715' title='bbox 674 4767 948 4824; x_wconf 88' lang='lat' dir='ltr'>ludibrio.</span> <span class='ocrx_word' id='word_1_716' title='bbox 982 4770 1169 4834; x_wconf 86' lang='lat' dir='ltr'>Quare</span> <span class='ocrx_word' id='word_1_717' title='bbox 1196 4769 1265 4823; x_wconf 83' lang='lat' dir='ltr'>ad</span> <span class='ocrx_word' id='word_1_718' title='bbox 1291 4768 1466 4822; x_wconf 85' lang='lat' dir='ltr'>ﬁnem</span> <span class='ocrx_word' id='word_1_719' title='bbox 1498 4768 1864 4839; x_wconf 89' lang='lat' dir='ltr'>propositum</span> <span class='ocrx_word' id='word_1_720' title='bbox 1896 4784 2018 4823; x_wconf 91' lang='lat' dir='ltr'>rec-</span> 
     </span>
    </p>
   </div>
   <div class='ocr_carea' id='block_1_95' title="bbox 381 4855 2023 4927">
    <p class='ocr_par' dir='ltr' id='par_1_95' title="bbox 381 4855 2023 4927">
     <span class='ocr_line' id='line_1_95' title="bbox 381 4855 2023 4927; baseline 0 -17"><span class='ocrx_word' id='word_1_721' title='bbox 381 4862 505 4911; x_wconf 90' lang='lat' dir='ltr'>tam</span> <span class='ocrx_word' id='word_1_722' title='bbox 558 4856 707 4911; x_wconf 90' lang='lat' dir='ltr'>hanc</span> <span class='ocrx_word' id='word_1_723' title='bbox 755 4873 883 4911; x_wconf 91' lang='lat' dir='ltr'>esse</span> <span class='ocrx_word' id='word_1_724' title='bbox 922 4857 1075 4911; x_wconf 88' lang='lat' dir='ltr'>viam</span> <span class='ocrx_word' id='word_1_725' title='bbox 1145 4857 1277 4921; x_wconf 81' lang='lat' dir='ltr'>rati,</span> <span class='ocrx_word' id='word_1_726' title='bbox 1342 4855 1598 4922; x_wconf 84' lang='lat' dir='ltr'>territos,</span> <span class='ocrx_word' id='word_1_727' title='bbox 1647 4861 1712 4910; x_wconf 86' lang='lat' dir='ltr'>ut</span> <span class='ocrx_word' id='word_1_728' title='bbox 1749 4872 1854 4927; x_wconf 89' lang='lat' dir='ltr'>par</span> <span class='ocrx_word' id='word_1_729' title='bbox 1898 4859 2023 4913; x_wconf 87' lang='lat' dir='ltr'>erat</span> 
     </span>
    </p>
   </div>
   <div class='ocr_carea' id='block_1_96' title="bbox 383 4943 2023 5017">
    <p class='ocr_par' dir='ltr' id='par_1_96' title="bbox 383 4943 2023 5017">
     <span class='ocr_line' id='line_1_96' title="bbox 383 4943 2023 5017; baseline 0.001 -18"><span class='ocrx_word' id='word_1_730' title='bbox 383 4946 641 5014; x_wconf 90' lang='lat' dir='ltr'>credere,</span> <span class='ocrx_word' id='word_1_731' title='bbox 662 4950 944 5017; x_wconf 82' lang='lat' dir='ltr'>apparatu</span> <span class='ocrx_word' id='word_1_732' title='bbox 967 4951 1143 5016; x_wconf 89' lang='lat' dir='ltr'>atque</span> <span class='ocrx_word' id='word_1_733' title='bbox 1164 4943 1480 4999; x_wconf 87' lang='lat' dir='ltr'>insultibus</span> <span class='ocrx_word' id='word_1_734' title='bbox 1505 4944 1709 5015; x_wconf 88' lang='lat' dir='ltr'>primis</span> <span class='ocrx_word' id='word_1_735' title='bbox 1728 4944 2023 5001; x_wconf 84' lang='lat' dir='ltr'>Romanos</span> 
     </span>
    </p>
   </div>
   <div class='ocr_carea' id='block_1_97' title="bbox 387 5032 2025 5105">
    <p class='ocr_par' dir='ltr' id='par_1_97' title="bbox 387 5032 2025 5105">
     <span class='ocr_line' id='line_1_97' title="bbox 387 5032 2025 5105; baseline -0.001 -15"><span class='ocrx_word' id='word_1_736' title='bbox 387 5034 663 5090; x_wconf 86' lang='lat' dir='ltr'>custodes</span> <span class='ocrx_word' id='word_1_737' title='bbox 680 5033 833 5089; x_wconf 87' lang='lat' dir='ltr'>arcis</span> <span class='ocrx_word' id='word_1_738' title='bbox 860 5048 961 5105; x_wconf 91' lang='lat' dir='ltr'>per</span> <span class='ocrx_word' id='word_1_739' title='bbox 982 5038 1169 5089; x_wconf 87' lang='lat' dir='ltr'>certos</span> <span class='ocrx_word' id='word_1_740' title='bbox 1197 5032 1463 5088; x_wconf 91' lang='lat' dir='ltr'>homines</span> <span class='ocrx_word' id='word_1_741' title='bbox 1480 5037 1802 5103; x_wconf 83' lang='lat' dir='ltr'>tentarunt,</span> <span class='ocrx_word' id='word_1_742' title='bbox 1822 5034 2025 5088; x_wconf 89' lang='lat' dir='ltr'>admo-</span> 
     </span>
    </p>
   </div>
   <div class='ocr_carea' id='block_1_98' title="bbox 389 5122 2027 5195">
    <p class='ocr_par' dir='ltr' id='par_1_98' title="bbox 389 5122 2027 5195">
     <span class='ocr_line' id='line_1_98' title="bbox 389 5122 2027 5195; baseline 0 -18"><span class='ocrx_word' id='word_1_743' title='bbox 389 5126 598 5178; x_wconf 89' lang='lat' dir='ltr'>nentes</span> <span class='ocrx_word' id='word_1_744' title='bbox 622 5124 779 5179; x_wconf 86' lang='lat' dir='ltr'>haud</span> <span class='ocrx_word' id='word_1_745' title='bbox 809 5139 938 5180; x_wconf 89' lang='lat' dir='ltr'>esse</span> <span class='ocrx_word' id='word_1_746' title='bbox 964 5123 1123 5195; x_wconf 89' lang='lat' dir='ltr'>ipsos</span> <span class='ocrx_word' id='word_1_747' title='bbox 1154 5122 1499 5190; x_wconf 87' lang='lat' dir='ltr'>resistendo,</span> <span class='ocrx_word' id='word_1_748' title='bbox 1533 5126 1588 5178; x_wconf 92' lang='lat' dir='ltr'>et</span> <span class='ocrx_word' id='word_1_749' title='bbox 1619 5123 1761 5178; x_wconf 87' lang='lat' dir='ltr'>satis</span> <span class='ocrx_word' id='word_1_750' title='bbox 1783 5139 1887 5195; x_wconf 88' lang='lat' dir='ltr'>pro</span> <span class='ocrx_word' id='word_1_751' title='bbox 1919 5138 2027 5178; x_wconf 88' lang='lat' dir='ltr'>sua</span> 
     </span>
    </p>
   </div>
   <div class='ocr_carea' id='block_1_99' title="bbox 390 5211 2028 5283">
    <p class='ocr_par' dir='ltr' id='par_1_99' title="bbox 390 5211 2028 5283">
     <span class='ocr_line' id='line_1_99' title="bbox 390 5211 2028 5283; baseline 0 -17"><span class='ocrx_word' id='word_1_752' title='bbox 390 5211 707 5282; x_wconf 87' lang='lat' dir='ltr'>prudentia</span> <span class='ocrx_word' id='word_1_753' title='bbox 734 5212 928 5268; x_wconf 89' lang='lat' dir='ltr'>videre</span> <span class='ocrx_word' id='word_1_754' title='bbox 953 5227 1123 5283; x_wconf 86' lang='lat' dir='ltr'>posse</span> <span class='ocrx_word' id='word_1_755' title='bbox 1152 5212 1603 5267; x_wconf 88' lang='lat' dir='ltr'>Constantinum</span> <span class='ocrx_word' id='word_1_756' title='bbox 1634 5216 1690 5267; x_wconf 86' lang='lat' dir='ltr'>et</span> <span class='ocrx_word' id='word_1_757' title='bbox 1733 5211 2028 5267; x_wconf 87' lang='lat' dir='ltr'>Tocharcs</span> 
     </span>
    </p>
   </div>
   <div class='ocr_carea' id='block_1_100' title="bbox 391 5300 2027 5373">
    <p class='ocr_par' dir='ltr' id='par_1_100' title="bbox 391 5300 2027 5373">
     <span class='ocr_line' id='line_1_100' title="bbox 391 5300 2027 5373; baseline 0.001 -19"><span class='ocrx_word' id='word_1_758' title='bbox 391 5300 563 5355; x_wconf 85' lang='lat' dir='ltr'>facile</span> <span class='ocrx_word' id='word_1_759' title='bbox 592 5302 868 5372; x_wconf 79' lang='lat' dir='ltr'>perficere</span> <span class='ocrx_word' id='word_1_760' title='bbox 883 5301 1037 5373; x_wconf 91' lang='lat' dir='ltr'>quod</span> <span class='ocrx_word' id='word_1_761' title='bbox 1066 5303 1232 5355; x_wconf 87' lang='lat' dir='ltr'>erant</span> <span class='ocrx_word' id='word_1_762' title='bbox 1253 5301 1535 5371; x_wconf 80' lang='lat' dir='ltr'>aggressi,</span> <span class='ocrx_word' id='word_1_763' title='bbox 1566 5303 1623 5355; x_wconf 89' lang='lat' dir='ltr'>et</span> <span class='ocrx_word' id='word_1_764' title='bbox 1640 5313 1831 5355; x_wconf 85' lang='lat' dir='ltr'>arcem</span> <span class='ocrx_word' id='word_1_765' title='bbox 1849 5314 2027 5356; x_wconf 88' lang='lat' dir='ltr'>unam</span> 
     </span>
    </p>
   </div>
   <div class='ocr_carea' id='block_1_101' title="bbox 391 5387 2033 5459">
    <p class='ocr_par' dir='ltr' id='par_1_101' title="bbox 391 5387 2033 5459">
     <span class='ocr_line' id='line_1_101' title="bbox 391 5387 2033 5459; baseline 0.002 -18"><span class='ocrx_word' id='word_1_766' title='bbox 391 5388 569 5443; x_wconf 86' lang='lat' dir='ltr'>istam</span> <span class='ocrx_word' id='word_1_767' title='bbox 600 5389 845 5443; x_wconf 77' lang='lat' dir='ltr'>afundo</span> <span class='ocrx_word' id='word_1_768' title='bbox 869 5388 1121 5443; x_wconf 85' lang='lat' dir='ltr'>diruere.</span> <span class='ocrx_word' id='word_1_769' title='bbox 1165 5387 1543 5444; x_wconf 87' lang='lat' dir='ltr'>Consulerent</span> <span class='ocrx_word' id='word_1_770' title='bbox 1590 5387 1772 5459; x_wconf 87' lang='lat' dir='ltr'>igitur</span> <span class='ocrx_word' id='word_1_771' title='bbox 1817 5387 1926 5443; x_wconf 91' lang='lat' dir='ltr'>sibi</span> <span class='ocrx_word' id='word_1_772' title='bbox 1975 5393 2033 5444; x_wconf 81' lang='lat' dir='ltr'>et</span> 
     </span>
    </p>
   </div>
   <div class='ocr_carea' id='block_1_102' title="bbox 394 5474 2032 5547">
    <p class='ocr_par' dir='ltr' id='par_1_102' title="bbox 394 5474 2032 5547">
     <span class='ocr_line' id='line_1_102' title="bbox 394 5474 2032 5547; baseline 0.001 -16"><span class='ocrx_word' id='word_1_773' title='bbox 394 5478 618 5531; x_wconf 86' lang='lat' dir='ltr'>cladem</span> <span class='ocrx_word' id='word_1_774' title='bbox 664 5477 934 5533; x_wconf 82' lang='lat' dir='ltr'>ultimam</span> <span class='ocrx_word' id='word_1_775' title='bbox 987 5480 1215 5531; x_wconf 82' lang='lat' dir='ltr'>matura</span> <span class='ocrx_word' id='word_1_776' title='bbox 1281 5490 1386 5532; x_wconf 89' lang='lat' dir='ltr'>nec</span> <span class='ocrx_word' id='word_1_777' title='bbox 1445 5474 1719 5532; x_wconf 89' lang='lat' dir='ltr'>indecora</span> <span class='ocrx_word' id='word_1_778' title='bbox 1766 5477 2032 5547; x_wconf 82' lang='lat' dir='ltr'>pactione</span> 
     </span>
    </p>
   </div>
   <div class='ocr_carea' id='block_1_103' title="bbox 397 5563 2032 5636">
    <p class='ocr_par' dir='ltr' id='par_1_103' title="bbox 397 5563 2032 5636">
     <span class='ocr_line' id='line_1_103' title="bbox 397 5563 2032 5636; baseline 0.002 -17"><span class='ocrx_word' id='word_1_779' title='bbox 397 5570 829 5636; x_wconf 72' lang='lat' dir='ltr'>praeverterent.</span> <span class='ocrx_word' id='word_1_780' title='bbox 862 5567 978 5619; x_wconf 85' lang='lat' dir='ltr'>Has</span> <span class='ocrx_word' id='word_1_781' title='bbox 1009 5564 1165 5636; x_wconf 85' lang='lat' dir='ltr'>leges</span> <span class='ocrx_word' id='word_1_782' title='bbox 1195 5563 1638 5636; x_wconf 89' lang='lat' dir='ltr'>compositionis</span> <span class='ocrx_word' id='word_1_783' title='bbox 1658 5564 1814 5621; x_wconf 88' lang='lat' dir='ltr'>fore:</span> <span class='ocrx_word' id='word_1_784' title='bbox 1841 5566 2032 5623; x_wconf 48' lang='lat' dir='ltr'>Sulta‘</span> 
     </span>
    </p>
   </div>
   <div class='ocr_carea' id='block_1_104' title="bbox 717 5678 1431 5740">
    <p class='ocr_par' dir='ltr' id='par_1_104' title="bbox 717 5678 1431 5740">
     <span class='ocr_line' id='line_1_104' title="bbox 717 5678 1431 5740; baseline -0.003 0"><span class='ocrx_word' id='word_1_785' title='bbox 717 5682 977 5740; x_wconf 69' lang='lat' dir='ltr'>Paraoa.</span> <span class='ocrx_word' id='word_1_786' title='bbox 1024 5678 1131 5738; x_wconf 79' lang='lat' dir='ltr'>Gn.</span> <span class='ocrx_word' id='word_1_787' title='bbox 1178 5678 1431 5740; x_wconf 78' lang='lat' dir='ltr'>CXLIII.</span> 
     </span>
    </p>
   </div>
   <div class='ocr_carea' id='block_1_105' title="bbox 2124 4590 3761 4662">
    <p class='ocr_par' dir='ltr' id='par_1_105' title="bbox 2124 4590 3761 4662">
     <span class='ocr_line' id='line_1_105' title="bbox 2124 4590 3761 4662; baseline 0.002 -14"><span class='ocrx_word' id='word_1_788' title='bbox 2124 4608 2252 4648; x_wconf 87' lang='lat' dir='ltr'>nem</span> <span class='ocrx_word' id='word_1_789' title='bbox 2284 4591 2663 4662; x_wconf 83' lang='lat' dir='ltr'>expetendam</span> <span class='ocrx_word' id='word_1_790' title='bbox 2697 4592 3025 4659; x_wconf 87' lang='lat' dir='ltr'>ruentibus,</span> <span class='ocrx_word' id='word_1_791' title='bbox 3057 4590 3371 4661; x_wconf 88' lang='lat' dir='ltr'>optabilem</span> <span class='ocrx_word' id='word_1_792' title='bbox 3402 4596 3569 4650; x_wconf 89' lang='lat' dir='ltr'>nobis</span> <span class='ocrx_word' id='word_1_793' title='bbox 3592 4612 3761 4651; x_wconf 84' lang='lat' dir='ltr'>occa-</span> 
     </span>
    </p>
   </div>
   <div class='ocr_carea' id='block_1_106' title="bbox 2124 4677 3761 4751">
    <p class='ocr_par' dir='ltr' id='par_1_106' title="bbox 2124 4677 3761 4751">
     <span class='ocr_line' id='line_1_106' title="bbox 2124 4677 3761 4751; baseline 0.001 -14"><span class='ocrx_word' id='word_1_794' title='bbox 2124 4682 2349 4737; x_wconf 88' lang='lat' dir='ltr'>sionem</span> <span class='ocrx_word' id='word_1_795' title='bbox 2381 4680 2583 4734; x_wconf 88' lang='lat' dir='ltr'>datum</span> <span class='ocrx_word' id='word_1_796' title='bbox 2606 4678 2677 4732; x_wconf 88' lang='lat' dir='ltr'>iri</span> <span class='ocrx_word' id='word_1_797' title='bbox 2692 4677 2779 4733; x_wconf 84' lang='lat' dir='ltr'>vel</span> <span class='ocrx_word' id='word_1_798' title='bbox 2798 4678 2930 4732; x_wconf 83' lang='lat' dir='ltr'>fidei</span> <span class='ocrx_word' id='word_1_799' title='bbox 2959 4694 3097 4750; x_wconf 87' lang='lat' dir='ltr'>erga</span> <span class='ocrx_word' id='word_1_800' title='bbox 3116 4679 3527 4751; x_wconf 88' lang='lat' dir='ltr'>imperatorem</span> <span class='ocrx_word' id='word_1_801' title='bbox 3552 4690 3761 4739; x_wconf 82' lang='lat' dir='ltr'>nostras</span> 
     </span>
    </p>
   </div>
   <div class='ocr_carea' id='block_1_107' title="bbox 2126 4768 3765 4841">
    <p class='ocr_par' dir='ltr' id='par_1_107' title="bbox 2126 4768 3765 4841">
     <span class='ocr_line' id='line_1_107' title="bbox 2126 4768 3765 4841; baseline 0.001 -16"><span class='ocrx_word' id='word_1_802' title='bbox 2126 4770 2283 4826; x_wconf 84' lang='lat' dir='ltr'>obita</span> <span class='ocrx_word' id='word_1_803' title='bbox 2332 4784 2433 4839; x_wconf 89' lang='lat' dir='ltr'>pro</span> <span class='ocrx_word' id='word_1_804' title='bbox 2482 4784 2547 4822; x_wconf 92' lang='lat' dir='ltr'>eo</span> <span class='ocrx_word' id='word_1_805' title='bbox 2598 4768 2912 4838; x_wconf 85' lang='lat' dir='ltr'>pugnando</span> <span class='ocrx_word' id='word_1_806' title='bbox 2974 4773 3159 4823; x_wconf 91' lang='lat' dir='ltr'>morte</span> <span class='ocrx_word' id='word_1_807' title='bbox 3220 4769 3616 4841; x_wconf 80' lang='lat' dir='ltr'>obsignandae,</span> <span class='ocrx_word' id='word_1_808' title='bbox 3678 4773 3765 4829; x_wconf 91' lang='lat' dir='ltr'>vel</span> 
     </span>
    </p>
   </div>
   <div class='ocr_carea' id='block_1_108' title="bbox 2128 4856 3769 4930">
    <p class='ocr_par' dir='ltr' id='par_1_108' title="bbox 2128 4856 3769 4930">
     <span class='ocr_line' id='line_1_108' title="bbox 2128 4856 3769 4930; baseline 0.002 -17"><span class='ocrx_word' id='word_1_809' title='bbox 2128 4859 2417 4930; x_wconf 67' lang='lat' dir='ltr'>gloriosae,</span> <span class='ocrx_word' id='word_1_810' title='bbox 2450 4856 2498 4911; x_wconf 88' lang='lat' dir='ltr'>si</span> <span class='ocrx_word' id='word_1_811' title='bbox 2524 4860 2680 4910; x_wconf 87' lang='lat' dir='ltr'>Deus</span> <span class='ocrx_word' id='word_1_812' title='bbox 2711 4856 3020 4926; x_wconf 86' lang='lat' dir='ltr'>adjuverit,</span> <span class='ocrx_word' id='word_1_813' title='bbox 3047 4857 3319 4913; x_wconf 74' lang='lat' dir='ltr'>victoriae.</span> <span class='ocrx_word' id='word_1_814' title='bbox 3355 4859 3516 4915; x_wconf 86' lang='lat' dir='ltr'>Talia</span> <span class='ocrx_word' id='word_1_815' title='bbox 3548 4862 3645 4915; x_wconf 90' lang='lat' dir='ltr'>ubi</span> <span class='ocrx_word' id='word_1_816' title='bbox 3681 4862 3769 4917; x_wconf 86' lang='lat' dir='ltr'>al-</span> 
     </span>
    </p>
   </div>
   <div class='ocr_carea' id='block_1_109' title="bbox 2130 4942 3766 5016">
    <p class='ocr_par' dir='ltr' id='par_1_109' title="bbox 2130 4942 3766 5016">
     <span class='ocr_line' id='line_1_109' title="bbox 2130 4942 3766 5016; baseline 0.003 -16"><span class='ocrx_word' id='word_1_817' title='bbox 2130 4949 2420 5001; x_wconf 82' lang='lat' dir='ltr'>tercantes</span> <span class='ocrx_word' id='word_1_818' title='bbox 2470 4944 2741 5015; x_wconf 88' lang='lat' dir='ltr'>utrinque</span> <span class='ocrx_word' id='word_1_819' title='bbox 2786 4942 3130 5015; x_wconf 84' lang='lat' dir='ltr'>aliquandiu</span> <span class='ocrx_word' id='word_1_820' title='bbox 3191 4946 3514 5016; x_wconf 80' lang='lat' dir='ltr'>jactarunt,</span> <span class='ocrx_word' id='word_1_821' title='bbox 3574 4952 3766 5006; x_wconf 89' lang='lat' dir='ltr'>media</span> 
     </span>
    </p>
   </div>
   <div class='ocr_carea' id='block_1_110' title="bbox 2130 5031 3771 5107">
    <p class='ocr_par' dir='ltr' id='par_1_110' title="bbox 2130 5031 3771 5107">
     <span class='ocr_line' id='line_1_110' title="bbox 2130 5031 3771 5107; baseline 0.002 -18"><span class='ocrx_word' id='word_1_822' title='bbox 2130 5033 2367 5089; x_wconf 87' lang='lat' dir='ltr'>tandem</span> <span class='ocrx_word' id='word_1_823' title='bbox 2394 5031 2683 5088; x_wconf 85' lang='lat' dir='ltr'>sententia</span> <span class='ocrx_word' id='word_1_824' title='bbox 2712 5031 3033 5101; x_wconf 73' lang='lat' dir='ltr'>praevaluit,</span> <span class='ocrx_word' id='word_1_825' title='bbox 3057 5034 3377 5090; x_wconf 88' lang='lat' dir='ltr'>decernens</span> <span class='ocrx_word' id='word_1_826' title='bbox 3400 5051 3771 5107; x_wconf 88' lang='lat' dir='ltr'>perseveran-</span> 
     </span>
    </p>
   </div>
   <div class='ocr_carea' id='block_1_111' title="bbox 2132 5121 3767 5195">
    <p class='ocr_par' dir='ltr' id='par_1_111' title="bbox 2132 5121 3767 5195">
     <span class='ocr_line' id='line_1_111' title="bbox 2132 5121 3767 5195; baseline 0.001 -17"><span class='ocrx_word' id='word_1_827' title='bbox 2132 5123 2275 5178; x_wconf 90' lang='lat' dir='ltr'>dum</span> <span class='ocrx_word' id='word_1_828' title='bbox 2302 5121 2492 5176; x_wconf 89' lang='lat' dir='ltr'>adhuc</span> <span class='ocrx_word' id='word_1_829' title='bbox 2518 5124 2574 5175; x_wconf 88' lang='lat' dir='ltr'>et</span> <span class='ocrx_word' id='word_1_830' title='bbox 2597 5123 3051 5190; x_wconf 84' lang='lat' dir='ltr'>exspectandum</span> <span class='ocrx_word' id='word_1_831' title='bbox 3072 5121 3353 5177; x_wconf 82' lang='lat' dir='ltr'>auxilium</span> <span class='ocrx_word' id='word_1_832' title='bbox 3380 5124 3767 5195; x_wconf 88' lang='lat' dir='ltr'>imperatoris,</span> 
     </span>
    </p>
   </div>
   <div class='ocr_carea' id='block_1_112' title="bbox 2135 5208 3769 5285">
    <p class='ocr_par' dir='ltr' id='par_1_112' title="bbox 2135 5208 3769 5285">
     <span class='ocr_line' id='line_1_112' title="bbox 2135 5208 3769 5285; baseline 0.002 -18"><span class='ocrx_word' id='word_1_833' title='bbox 2135 5227 2239 5267; x_wconf 91' lang='lat' dir='ltr'>nec</span> <span class='ocrx_word' id='word_1_834' title='bbox 2252 5216 2445 5265; x_wconf 89' lang='lat' dir='ltr'>tamen</span> <span class='ocrx_word' id='word_1_835' title='bbox 2461 5211 2630 5281; x_wconf 87' lang='lat' dir='ltr'>plane</span> <span class='ocrx_word' id='word_1_836' title='bbox 2643 5208 3067 5280; x_wconf 63' lang='lat' dir='ltr'>precidendam</span> <span class='ocrx_word' id='word_1_837' title='bbox 3082 5210 3234 5265; x_wconf 89' lang='lat' dir='ltr'>hosti</span> <span class='ocrx_word' id='word_1_838' title='bbox 3249 5212 3565 5268; x_wconf 86' lang='lat' dir='ltr'>deditionis</span> <span class='ocrx_word' id='word_1_839' title='bbox 3581 5231 3744 5285; x_wconf 88' lang='lat' dir='ltr'>spem</span> <span class='ocrx_word' id='word_1_840' title='bbox 3756 5256 3769 5280; x_wconf 94' lang='lat'>,</span> 
     </span>
    </p>
   </div>
   <div class='ocr_carea' id='block_1_113' title="bbox 2137 5297 3773 5374">
    <p class='ocr_par' dir='ltr' id='par_1_113' title="bbox 2137 5297 3773 5374">
     <span class='ocr_line' id='line_1_113' title="bbox 2137 5297 3773 5374; baseline 0.002 -19"><span class='ocrx_word' id='word_1_841' title='bbox 2137 5301 2280 5373; x_wconf 89' lang='lat' dir='ltr'>quin</span> <span class='ocrx_word' id='word_1_842' title='bbox 2312 5315 2439 5354; x_wconf 83' lang='lat' dir='ltr'>eam</span> <span class='ocrx_word' id='word_1_843' title='bbox 2473 5297 2669 5369; x_wconf 88' lang='lat' dir='ltr'>potius</span> <span class='ocrx_word' id='word_1_844' title='bbox 2698 5297 2966 5353; x_wconf 86' lang='lat' dir='ltr'>alendam</span> <span class='ocrx_word' id='word_1_845' title='bbox 2988 5299 3279 5354; x_wconf 88' lang='lat' dir='ltr'>industria</span> <span class='ocrx_word' id='word_1_846' title='bbox 3303 5304 3361 5354; x_wconf 88' lang='lat' dir='ltr'>et</span> <span class='ocrx_word' id='word_1_847' title='bbox 3376 5300 3773 5374; x_wconf 88' lang='lat' dir='ltr'>simulatione,</span> 
     </span>
    </p>
   </div>
   <div class='ocr_carea' id='block_1_114' title="bbox 2138 5386 3778 5462">
    <p class='ocr_par' dir='ltr' id='par_1_114' title="bbox 2138 5386 3778 5462">
     <span class='ocr_line' id='line_1_114' title="bbox 2138 5386 3778 5462; baseline 0.002 -19"><span class='ocrx_word' id='word_1_848' title='bbox 2138 5403 2256 5459; x_wconf 89' lang='lat' dir='ltr'>quo</span> <span class='ocrx_word' id='word_1_849' title='bbox 2286 5388 2395 5459; x_wconf 87' lang='lat' dir='ltr'>ipsi</span> <span class='ocrx_word' id='word_1_850' title='bbox 2429 5386 2865 5457; x_wconf 81' lang='lat' dir='ltr'>suspendantur</span> <span class='ocrx_word' id='word_1_851' title='bbox 2893 5386 3128 5454; x_wconf 87' lang='lat' dir='ltr'>animis,</span> <span class='ocrx_word' id='word_1_852' title='bbox 3168 5392 3224 5441; x_wconf 84' lang='lat' dir='ltr'>et</span> <span class='ocrx_word' id='word_1_853' title='bbox 3250 5387 3523 5442; x_wconf 84' lang='lat' dir='ltr'>extreniis</span> <span class='ocrx_word' id='word_1_854' title='bbox 3552 5393 3778 5462; x_wconf 87' lang='lat' dir='ltr'>tempe-</span> 
     </span>
    </p>
   </div>
   <div class='ocr_carea' id='block_1_115' title="bbox 2140 5474 3784 5546">
    <p class='ocr_par' dir='ltr' id='par_1_115' title="bbox 2140 5474 3784 5546">
     <span class='ocr_line' id='line_1_115' title="bbox 2140 5474 3784 5546; baseline 0.003 -15"><span class='ocrx_word' id='word_1_855' title='bbox 2140 5480 2336 5532; x_wconf 86' lang='lat' dir='ltr'>rantes</span> <span class='ocrx_word' id='word_1_856' title='bbox 2367 5474 2674 5531; x_wconf 89' lang='lat' dir='ltr'>conatibus</span> <span class='ocrx_word' id='word_1_857' title='bbox 2696 5488 2758 5529; x_wconf 88' lang='lat' dir='ltr'>re</span> <span class='ocrx_word' id='word_1_858' title='bbox 2782 5474 2841 5528; x_wconf 90' lang='lat' dir='ltr'>in</span> <span class='ocrx_word' id='word_1_859' title='bbox 2866 5474 3105 5546; x_wconf 88' lang='lat' dir='ltr'>longum</span> <span class='ocrx_word' id='word_1_860' title='bbox 3128 5478 3315 5530; x_wconf 85' lang='lat' dir='ltr'>tracta</span> <span class='ocrx_word' id='word_1_861' title='bbox 3337 5474 3522 5530; x_wconf 90' lang='lat' dir='ltr'>otium</span> <span class='ocrx_word' id='word_1_862' title='bbox 3546 5479 3784 5537; x_wconf 88' lang='lat' dir='ltr'>auxiliis</span> 
     </span>
    </p>
   </div>
   <div class='ocr_carea' id='block_1_116' title="bbox 2143 5560 3788 5633">
    <p class='ocr_par' dir='ltr' id='par_1_116' title="bbox 2143 5560 3788 5633">
     <span class='ocr_line' id='line_1_116' title="bbox 2143 5560 3788 5633; baseline 0.002 -12"><span class='ocrx_word' id='word_1_863' title='bbox 2143 5568 2479 5621; x_wconf 86' lang='lat' dir='ltr'>nostrorum</span> <span class='ocrx_word' id='word_1_864' title='bbox 2496 5561 2612 5617; x_wconf 89' lang='lat' dir='ltr'>huc</span> <span class='ocrx_word' id='word_1_865' title='bbox 2629 5576 2692 5617; x_wconf 87' lang='lat' dir='ltr'>se</span> <span class='ocrx_word' id='word_1_866' title='bbox 2717 5560 3061 5618; x_wconf 85' lang='lat' dir='ltr'>admovendi</span> <span class='ocrx_word' id='word_1_867' title='bbox 3078 5562 3376 5633; x_wconf 71' lang='lat' dir='ltr'>prebeant</span> <span class='ocrx_word' id='word_1_868' title='bbox 3398 5579 3412 5619; x_wconf 89' lang='lat'><strong>:</strong></span> <span class='ocrx_word' id='word_1_869' title='bbox 3434 5564 3608 5622; x_wconf 88' lang='lat' dir='ltr'>rebus</span> <span class='ocrx_word' id='word_1_870' title='bbox 3630 5566 3788 5625; x_wconf 87' lang='lat' dir='ltr'>inte-</span> 
     </span>
    </p>
   </div>
   <div class='ocr_carea' id='block_1_117' title="bbox 3388 5681 3469 5738">
    <p class='ocr_par' dir='ltr' id='par_1_117' title="bbox 3388 5681 3469 5738">
     <span class='ocr_line' id='line_1_117' title="bbox 3388 5681 3469 5738; baseline -0.012 0"><span class='ocrx_word' id='word_1_871' title='bbox 3388 5681 3469 5738; x_wconf 74' lang='grc'>22</span> 
     </span>
    </p>
   </div>
  </div>
