  <div class='ocr_page' id='page_1' title='image "/cluster/home/n/w/nwhite01/storage/ocr_20150623/143/mdp.39015078384784/349.png"; bbox 0 0 4162 6292; ppageno 0'>
   <div class='ocr_carea' id='block_1_1' title="bbox 465 324 574 377">
    <p class='ocr_par' dir='ltr' id='par_1_1' title="bbox 465 324 574 377">
     <span class='ocr_line' id='line_1_1' title="bbox 465 324 574 377; baseline 0 0"><span class='ocrx_word' id='word_1_1' title='bbox 465 324 574 377; x_wconf 85' lang='grc'>683</span> 
     </span>
    </p>
   </div>
   <div class='ocr_carea' id='block_1_2' title="bbox 1764 320 2558 379">
    <p class='ocr_par' dir='ltr' id='par_1_2' title="bbox 1764 320 2558 379">
     <span class='ocr_line' id='line_1_2' title="bbox 1764 320 2558 379; baseline -0.006 0"><span class='ocrx_word' id='word_1_2' title='bbox 1764 324 2061 379; x_wconf 87' lang='lat' dir='ltr'>GEORGII</span> <span class='ocrx_word' id='word_1_3' title='bbox 2100 320 2558 375; x_wconf 77' lang='lat' dir='ltr'>PACHYMERE</span> 
     </span>
    </p>
   </div>
   <div class='ocr_carea' id='block_1_3' title="bbox 3752 327 3864 381">
    <p class='ocr_par' dir='ltr' id='par_1_3' title="bbox 3752 327 3864 381">
     <span class='ocr_line' id='line_1_3' title="bbox 3752 327 3864 381; baseline -0.009 0"><span class='ocrx_word' id='word_1_4' title='bbox 3752 327 3864 381; x_wconf 83' lang='grc'>684</span> 
     </span>
    </p>
   </div>
   <div class='ocr_carea' id='block_1_4' title="bbox 466 439 3861 523">
    <p class='ocr_par' dir='ltr' id='par_1_4' title="bbox 466 439 3861 523">
     <span class='ocr_line' id='line_1_4' title="bbox 466 439 3861 523; baseline 0.001 -23"><span class='ocrx_word' id='word_1_5' title='bbox 466 446 639 501; x_wconf 78' lang='grc' dir='ltr'>πτεῖν·</span> <span class='ocrx_word' id='word_1_6' title='bbox 699 443 1026 523; x_wconf 80' lang='grc' dir='ltr'>παραϐόλων</span> <span class='ocrx_word' id='word_1_7' title='bbox 1078 450 1179 521; x_wconf 83' lang='grc' dir='ltr'>γὰρ</span> <span class='ocrx_word' id='word_1_8' title='bbox 1239 446 1446 521; x_wconf 75' lang='grc' dir='ltr'>ἀνδρῶν</span> <span class='ocrx_word' id='word_1_9' title='bbox 1506 448 1594 501; x_wconf 76' lang='grc' dir='ltr'>καὶ</span> <span class='ocrx_word' id='word_1_10' title='bbox 1656 448 2004 510; x_wconf 83' lang='grc' dir='ltr'>θανατώντων</span> <span class='ocrx_word' id='word_1_11' title='bbox 2044 439 2604 516; x_wconf 64' lang='grc' dir='ltr'>τὸΑέπιγενομένης</span> <span class='ocrx_word' id='word_1_12' title='bbox 2630 444 2839 518; x_wconf 81' lang='grc' dir='ltr'>ἡμέρας</span> <span class='ocrx_word' id='word_1_13' title='bbox 2875 443 2964 497; x_wconf 83' lang='grc' dir='ltr'>καὶ</span> <span class='ocrx_word' id='word_1_14' title='bbox 3023 442 3271 520; x_wconf 89' lang='grc' dir='ltr'>δευτέρας</span> <span class='ocrx_word' id='word_1_15' title='bbox 3328 447 3462 518; x_wconf 86' lang='grc' dir='ltr'>μετά</span> <span class='ocrx_word' id='word_1_16' title='bbox 3514 448 3613 515; x_wconf 77' lang='grc' dir='ltr'>τὴν</span> <span class='ocrx_word' id='word_1_17' title='bbox 3672 454 3861 523; x_wconf 80' lang='grc' dir='ltr'>πρᾶξιν</span> 
     </span>
    </p>
   </div>
   <div class='ocr_carea' id='block_1_5' title="bbox 465 533 2110 608">
    <p class='ocr_par' dir='ltr' id='par_1_5' title="bbox 465 533 2110 608">
     <span class='ocr_line' id='line_1_5' title="bbox 465 533 2110 608; baseline -0.002 -19"><span class='ocrx_word' id='word_1_18' title='bbox 465 534 734 608; x_wconf 79' lang='grc' dir='ltr'>τόλμημα</span> <span class='ocrx_word' id='word_1_19' title='bbox 767 538 923 607; x_wconf 79' lang='grc' dir='ltr'>εἶναι,</span> <span class='ocrx_word' id='word_1_20' title='bbox 953 537 1015 590; x_wconf 90' lang='grc' dir='ltr'>τὸ</span> <span class='ocrx_word' id='word_1_21' title='bbox 1048 534 1091 590; x_wconf 84' lang='grc' dir='ltr'>δ’</span> <span class='ocrx_word' id='word_1_22' title='bbox 1125 537 1175 590; x_wconf 85' lang='grc' dir='ltr'>ἐν</span> <span class='ocrx_word' id='word_1_23' title='bbox 1210 535 1467 597; x_wconf 81' lang='grc' dir='ltr'>σπονδαῖς</span> <span class='ocrx_word' id='word_1_24' title='bbox 1512 533 1831 590; x_wconf 77' lang='grc' dir='ltr'>ἀποδιδόναι</span> <span class='ocrx_word' id='word_1_25' title='bbox 1874 539 1975 589; x_wconf 79' lang='grc' dir='ltr'>τοῦ</span> <span class='ocrx_word' id='word_1_26' title='bbox 2007 535 2110 586; x_wconf 88' lang='grc' dir='ltr'>σώ-</span> 
     </span>
    </p>
   </div>
   <div class='ocr_carea' id='block_1_6' title="bbox 472 620 2111 700">
    <p class='ocr_par' dir='ltr' id='par_1_6' title="bbox 472 620 2111 700">
     <span class='ocr_line' id='line_1_6' title="bbox 472 620 2111 700; baseline -0.001 -23"><span class='ocrx_word' id='word_1_27' title='bbox 472 630 650 692; x_wconf 84' lang='grc' dir='ltr'>ζεσθαι</span> <span class='ocrx_word' id='word_1_28' title='bbox 705 626 771 678; x_wconf 74' lang='grc' dir='ltr'>τὰ</span> <span class='ocrx_word' id='word_1_29' title='bbox 830 626 997 679; x_wconf 77' lang='grc' dir='ltr'>Λοιπά</span> <span class='ocrx_word' id='word_1_30' title='bbox 1046 620 1311 679; x_wconf 74' lang='grc' dir='ltr'>εὐϐούλου</span> <span class='ocrx_word' id='word_1_31' title='bbox 1360 623 1519 699; x_wconf 70' lang='grc' dir='ltr'>ἐγγὺς</span> <span class='ocrx_word' id='word_1_32' title='bbox 1562 624 1836 700; x_wconf 88' lang='grc' dir='ltr'>προνοίας.</span> <span class='ocrx_word' id='word_1_33' title='bbox 1887 623 2111 682; x_wconf 75' lang='grc' dir='ltr'>Τούτοις</span> 
     </span>
    </p>
   </div>
   <div class='ocr_carea' id='block_1_7' title="bbox 465 712 2106 787">
    <p class='ocr_par' dir='ltr' id='par_1_7' title="bbox 465 712 2106 787">
     <span class='ocr_line' id='line_1_7' title="bbox 465 712 2106 787; baseline 0 -21"><span class='ocrx_word' id='word_1_34' title='bbox 465 712 919 786; x_wconf 81' lang='grc' dir='ltr'>συγκροτηθέντες</span> <span class='ocrx_word' id='word_1_35' title='bbox 961 718 1078 776; x_wconf 88' lang='grc' dir='ltr'>τοῖς</span> <span class='ocrx_word' id='word_1_36' title='bbox 1134 712 1320 787; x_wconf 81' lang='grc' dir='ltr'>λόγοις</span> <span class='ocrx_word' id='word_1_37' title='bbox 1368 714 1644 785; x_wconf 88' lang='grc' dir='ltr'>πέμπουσι</span> <span class='ocrx_word' id='word_1_38' title='bbox 1700 713 1798 781; x_wconf 73' lang='grc' dir='ltr'>τὴν</span> <span class='ocrx_word' id='word_1_39' title='bbox 1843 712 2106 786; x_wconf 76' lang='grc' dir='ltr'>ταχίστην</span> 
     </span>
    </p>
   </div>
   <div class='ocr_carea' id='block_1_8' title="bbox 460 799 2105 876">
    <p class='ocr_par' dir='ltr' id='par_1_8' title="bbox 460 799 2105 876">
     <span class='ocr_line' id='line_1_8' title="bbox 460 799 2105 876; baseline -0.001 -22"><span class='ocrx_word' id='word_1_40' title='bbox 460 800 548 854; x_wconf 81' lang='grc' dir='ltr'>καὶ</span> <span class='ocrx_word' id='word_1_41' title='bbox 586 801 972 874; x_wconf 80' lang='grc' dir='ltr'>ὑπισχνοῦνται</span> <span class='ocrx_word' id='word_1_42' title='bbox 1029 800 1496 876; x_wconf 73' lang='grc' dir='ltr'>βουλευσαμένους</span> <span class='ocrx_word' id='word_1_43' title='bbox 1530 804 1591 873; x_wconf 86' lang='grc' dir='ltr'>[Ρ</span> <span class='ocrx_word' id='word_1_44' title='bbox 1625 803 1746 872; x_wconf 86' lang='grc'>158]</span> <span class='ocrx_word' id='word_1_45' title='bbox 1798 799 1878 876; x_wconf 78' lang='grc' dir='ltr'>ἐφ’</span> <span class='ocrx_word' id='word_1_46' title='bbox 1926 799 2105 853; x_wconf 67' lang='grc' dir='ltr'>ἰκανὸν</span> 
     </span>
    </p>
   </div>
   <div class='ocr_carea' id='block_1_9' title="bbox 461 884 2105 958">
    <p class='ocr_par' dir='ltr' id='par_1_9' title="bbox 461 884 2105 958">
     <span class='ocr_line' id='line_1_9' title="bbox 461 884 2105 958; baseline -0.001 -20"><span class='ocrx_word' id='word_1_47' title='bbox 461 884 690 955; x_wconf 83' lang='grc' dir='ltr'>ἐξανύειν</span> <span class='ocrx_word' id='word_1_48' title='bbox 723 886 753 939; x_wconf 80' lang='grc' dir='ltr'>ὅ</span> <span class='ocrx_word' id='word_1_49' title='bbox 800 907 849 939; x_wconf 90' lang='grc' dir='ltr'>τι</span> <span class='ocrx_word' id='word_1_50' title='bbox 885 893 1113 955; x_wconf 85' lang='grc' dir='ltr'>ζητοῖεν.</span> <span class='ocrx_word' id='word_1_51' title='bbox 1168 887 1265 940; x_wconf 83' lang='grc' dir='ltr'>Καὶ</span> <span class='ocrx_word' id='word_1_52' title='bbox 1317 887 1383 955; x_wconf 79' lang='grc' dir='ltr'>ἧν</span> <span class='ocrx_word' id='word_1_53' title='bbox 1432 887 1523 958; x_wconf 80' lang='grc' dir='ltr'>μὶν</span> <span class='ocrx_word' id='word_1_54' title='bbox 1568 884 1878 958; x_wconf 83' lang='grc' dir='ltr'>αὐθημερὸν</span> <span class='ocrx_word' id='word_1_55' title='bbox 1911 887 1945 952; x_wconf 83' lang='grc' dir='ltr'>ἡ</span> <span class='ocrx_word' id='word_1_56' title='bbox 1977 884 2105 937; x_wconf 82' lang='grc' dir='ltr'>ἀνα·-</span> 
     </span>
    </p>
   </div>
   <div class='ocr_carea' id='block_1_10' title="bbox 461 970 2107 1050">
    <p class='ocr_par' dir='ltr' id='par_1_10' title="bbox 461 970 2107 1050">
     <span class='ocr_line' id='line_1_10' title="bbox 461 970 2107 1050; baseline -0.001 -23"><span class='ocrx_word' id='word_1_57' title='bbox 461 977 642 1048; x_wconf 83' lang='grc' dir='ltr'>κωχή,</span> <span class='ocrx_word' id='word_1_58' title='bbox 674 973 734 1027; x_wconf 86' lang='grc' dir='ltr'>οὐ</span> <span class='ocrx_word' id='word_1_59' title='bbox 771 977 876 1046; x_wconf 72' lang='grc' dir='ltr'>μὴν</span> <span class='ocrx_word' id='word_1_60' title='bbox 902 974 1065 1028; x_wconf 75' lang='grc' dir='ltr'>δὲκαὶ</span> <span class='ocrx_word' id='word_1_61' title='bbox 1092 973 1146 1036; x_wconf 87' lang='grc' dir='ltr'>ἐς</span> <span class='ocrx_word' id='word_1_62' title='bbox 1164 974 1328 1029; x_wconf 88' lang='grc' dir='ltr'>πλέον</span> <span class='ocrx_word' id='word_1_63' title='bbox 1353 973 1569 1050; x_wconf 76' lang='grc' dir='ltr'>ἠφίουν,</span> <span class='ocrx_word' id='word_1_64' title='bbox 1594 970 1720 1026; x_wconf 86' lang='grc' dir='ltr'>ἀλλ’</span> <span class='ocrx_word' id='word_1_65' title='bbox 1750 971 2107 1047; x_wconf 79' lang='grc' dir='ltr'>ἐπολιόρκουν</span> 
     </span>
    </p>
   </div>
   <div class='ocr_carea' id='block_1_11' title="bbox 460 1058 2106 1136">
    <p class='ocr_par' dir='ltr' id='par_1_11' title="bbox 460 1058 2106 1136">
     <span class='ocr_line' id='line_1_11' title="bbox 460 1058 2106 1136; baseline -0.002 -20"><span class='ocrx_word' id='word_1_66' title='bbox 460 1062 782 1123; x_wconf 73' lang='grc' dir='ltr'>κυκλοῦντες</span> <span class='ocrx_word' id='word_1_67' title='bbox 837 1063 925 1116; x_wconf 82' lang='grc' dir='ltr'>καὶ</span> <span class='ocrx_word' id='word_1_68' title='bbox 978 1064 1162 1136; x_wconf 80' lang='grc' dir='ltr'>μάχην</span> <span class='ocrx_word' id='word_1_69' title='bbox 1220 1082 1479 1136; x_wconf 80' lang='grc' dir='ltr'>καρτεραν</span> <span class='ocrx_word' id='word_1_70' title='bbox 1532 1061 1817 1127; x_wconf 86' lang='grc' dir='ltr'>συνίστων,</span> <span class='ocrx_word' id='word_1_71' title='bbox 1875 1061 2009 1134; x_wconf 86' lang='grc' dir='ltr'>πρὸς</span> <span class='ocrx_word' id='word_1_72' title='bbox 2041 1058 2106 1129; x_wconf 76' lang='grc' dir='ltr'>ἤν</span> 
     </span>
    </p>
   </div>
   <div class='ocr_carea' id='block_1_12' title="bbox 459 1147 2100 1225">
    <p class='ocr_par' dir='ltr' id='par_1_12' title="bbox 459 1147 2100 1225">
     <span class='ocr_line' id='line_1_12' title="bbox 459 1147 2100 1225; baseline -0.002 -22"><span class='ocrx_word' id='word_1_73' title='bbox 459 1152 509 1203; x_wconf 75' lang='grc' dir='ltr'>οἱ</span> <span class='ocrx_word' id='word_1_74' title='bbox 568 1151 717 1212; x_wconf 83' lang='grc' dir='ltr'>ἐντὸς</span> <span class='ocrx_word' id='word_1_75' title='bbox 764 1150 1009 1225; x_wconf 79' lang='grc' dir='ltr'>ἀντέχειν</span> <span class='ocrx_word' id='word_1_76' title='bbox 1061 1150 1550 1225; x_wconf 77' lang='grc' dir='ltr'>κατηναγκάζοντο.</span> <span class='ocrx_word' id='word_1_77' title='bbox 1608 1149 1705 1203; x_wconf 76' lang='grc' dir='ltr'>Καὶ</span> <span class='ocrx_word' id='word_1_78' title='bbox 1757 1147 1929 1208; x_wconf 70' lang='grc' dir='ltr'>πολὺς</span> 
     </span>
    </p>
   </div>
   <div class='ocr_carea' id='block_1_13' title="bbox 458 1234 1972 1269">
    <p class='ocr_par' dir='ltr' id='par_1_13' title="bbox 458 1234 1972 1269">
     <span class='ocr_line' id='line_1_13' title="bbox 458 1234 1972 1269; baseline -0.001 0"><span class='ocrx_word' id='word_1_79' title='bbox 458 1238 505 1269; x_wconf 62' lang='grc' dir='ltr'>ὶζ</span> <span class='ocrx_word' id='word_1_80' title='bbox 551 1238 871 1269; x_wconf 47' lang='grc' dir='ltr'>Σάι-υλ-ιΑινμιι</span> <span class='ocrx_word' id='word_1_81' title='bbox 930 1234 1039 1269; x_wconf 50' lang='grc' dir='ltr'>Σιθιιιρ</span> <span class='ocrx_word' id='word_1_82' title='bbox 1374 1240 1419 1269; x_wconf 59' lang='grc' dir='ltr'>λς</span> <span class='ocrx_word' id='word_1_83' title='bbox 1477 1236 1626 1269; x_wconf 59' lang='grc' dir='ltr'>Ζιιρλῤ</span> 
     </span>
    </p>
   </div>
   <div class='ocr_carea' id='block_1_14' title="bbox 455 1235 2100 1311">
    <p class='ocr_par' dir='ltr' id='par_1_14' title="bbox 455 1235 2100 1311">
     <span class='ocr_line' id='line_1_14' title="bbox 455 1235 2100 1311; baseline 0 -20"><span class='ocrx_word' id='word_1_84' title='bbox 455 1238 505 1307; x_wconf 80' lang='grc' dir='ltr'>ἐξ</span> <span class='ocrx_word' id='word_1_85' title='bbox 551 1238 871 1311; x_wconf 71' lang='grc' dir='ltr'>ἀμφοτέρων</span> <span class='ocrx_word' id='word_1_86' title='bbox 930 1235 1058 1310; x_wconf 77' lang='grc' dir='ltr'>ἔρις.</span> <span class='ocrx_word' id='word_1_87' title='bbox 1119 1246 1203 1299; x_wconf 68' lang='grc' dir='ltr'>Ὡς</span> <span class='ocrx_word' id='word_1_88' title='bbox 1263 1235 1309 1291; x_wconf 84' lang='grc' dir='ltr'>δ’</span> <span class='ocrx_word' id='word_1_89' title='bbox 1373 1240 1422 1291; x_wconf 76' lang='lat' dir='ltr'>oi</span> <span class='ocrx_word' id='word_1_90' title='bbox 1477 1236 1626 1298; x_wconf 88' lang='grc' dir='ltr'>ἐντὸς</span> <span class='ocrx_word' id='word_1_91' title='bbox 1683 1235 1792 1306; x_wconf 73' lang='grc' dir='ltr'>ἤδη</span> <span class='ocrx_word' id='word_1_92' title='bbox 1843 1238 2100 1305; x_wconf 81' lang='grc' dir='ltr'>ἠσθένουν</span> 
     </span>
    </p>
   </div>
   <div class='ocr_carea' id='block_1_15' title="bbox 453 1322 2102 1402">
    <p class='ocr_par' dir='ltr' id='par_1_15' title="bbox 453 1322 2102 1402">
     <span class='ocr_line' id='line_1_15' title="bbox 453 1322 2102 1402; baseline 0.001 -24"><span class='ocrx_word' id='word_1_93' title='bbox 453 1326 541 1378; x_wconf 83' lang='grc' dir='ltr'>καὶ</span> <span class='ocrx_word' id='word_1_94' title='bbox 577 1328 603 1379; x_wconf 97' lang='lat'>6</span> <span class='ocrx_word' id='word_1_95' title='bbox 634 1326 878 1388; x_wconf 82' lang='grc' dir='ltr'>κίνδυνος</span> <span class='ocrx_word' id='word_1_96' title='bbox 924 1329 990 1394; x_wconf 78' lang='grc' dir='ltr'>ἦν</span> <span class='ocrx_word' id='word_1_97' title='bbox 1042 1330 1177 1381; x_wconf 88' lang='grc' dir='ltr'>κατά</span> <span class='ocrx_word' id='word_1_98' title='bbox 1217 1325 1482 1402; x_wconf 75' lang='grc' dir='ltr'>κεφαλῆς,</span> <span class='ocrx_word' id='word_1_99' title='bbox 1533 1322 1916 1400; x_wconf 73' lang='grc' dir='ltr'>πρεσϐεύονται</span> <span class='ocrx_word' id='word_1_100' title='bbox 1974 1344 2102 1399; x_wconf 74' lang='grc' dir='ltr'>παρ’</span> 
     </span>
    </p>
   </div>
   <div class='ocr_carea' id='block_1_16' title="bbox 452 1413 2103 1491">
    <p class='ocr_par' dir='ltr' id='par_1_16' title="bbox 452 1413 2103 1491">
     <span class='ocr_line' id='line_1_16' title="bbox 452 1413 2103 1491; baseline 0.001 -25"><span class='ocrx_word' id='word_1_101' title='bbox 452 1413 684 1475; x_wconf 77' lang='grc' dir='ltr'>ἐκείνους</span> <span class='ocrx_word' id='word_1_102' title='bbox 716 1416 750 1482; x_wconf 83' lang='grc' dir='ltr'>ἦ</span> <span class='ocrx_word' id='word_1_103' title='bbox 789 1417 895 1487; x_wconf 74' lang='grc' dir='ltr'>μὴν</span> <span class='ocrx_word' id='word_1_104' title='bbox 925 1413 1215 1485; x_wconf 79' lang='grc' dir='ltr'>ἐκδιδόναι,</span> <span class='ocrx_word' id='word_1_105' title='bbox 1244 1414 1390 1483; x_wconf 72' lang='grc' dir='ltr'>πλὴν</span> <span class='ocrx_word' id='word_1_106' title='bbox 1427 1415 1513 1491; x_wconf 76' lang='grc' dir='ltr'>ὑφ’</span> <span class='ocrx_word' id='word_1_107' title='bbox 1567 1417 1753 1489; x_wconf 82' lang='grc' dir='ltr'>ὅρκοις</span> <span class='ocrx_word' id='word_1_108' title='bbox 1800 1420 1916 1475; x_wconf 85' lang='grc' dir='ltr'>τοῖς</span> <span class='ocrx_word' id='word_1_109' title='bbox 1965 1416 2103 1468; x_wconf 80' lang='grc' dir='ltr'>κατὰ</span> 
     </span>
    </p>
   </div>
   <div class='ocr_carea' id='block_1_17' title="bbox 451 1499 2101 1579">
    <p class='ocr_par' dir='ltr' id='par_1_17' title="bbox 451 1499 2101 1579">
     <span class='ocr_line' id='line_1_17' title="bbox 451 1499 2101 1579; baseline -0.001 -23"><span class='ocrx_word' id='word_1_110' title='bbox 451 1507 583 1556; x_wconf 72' lang='grc' dir='ltr'>Θεοῦ</span> <span class='ocrx_word' id='word_1_111' title='bbox 614 1504 699 1555; x_wconf 58' lang='lat' dir='ltr'>rei</span> <span class='ocrx_word' id='word_1_112' title='bbox 727 1504 882 1556; x_wconf 87' lang='grc' dir='ltr'>θείων</span> <span class='ocrx_word' id='word_1_113' title='bbox 916 1505 1026 1575; x_wconf 80' lang='grc' dir='ltr'>(καὶ</span> <span class='ocrx_word' id='word_1_114' title='bbox 1077 1503 1175 1579; x_wconf 76' lang='grc' dir='ltr'>γὰρ</span> <span class='ocrx_word' id='word_1_115' title='bbox 1226 1504 1360 1578; x_wconf 83' lang='grc' dir='ltr'>πρὸς</span> <span class='ocrx_word' id='word_1_116' title='bbox 1406 1505 1498 1557; x_wconf 83' lang='grc' dir='ltr'>τὸν</span> <span class='ocrx_word' id='word_1_117' title='bbox 1549 1508 1947 1559; x_wconf 84' lang='grc' dir='ltr'>Κωνσταντῖνον</span> <span class='ocrx_word' id='word_1_118' title='bbox 1992 1499 2101 1555; x_wconf 87' lang='grc' dir='ltr'>διε-</span> 
     </span>
    </p>
   </div>
   <div class='ocr_carea' id='block_1_18' title="bbox 454 1585 2098 1665">
    <p class='ocr_par' dir='ltr' id='par_1_18' title="bbox 454 1585 2098 1665">
     <span class='ocr_line' id='line_1_18' title="bbox 454 1585 2098 1665; baseline 0.001 -22"><span class='ocrx_word' id='word_1_119' title='bbox 454 1591 747 1663; x_wconf 80' lang='grc' dir='ltr'>μηνύοντο)</span> <span class='ocrx_word' id='word_1_120' title='bbox 808 1591 1063 1664; x_wconf 76' lang='grc' dir='ltr'>ἀσφαλῶς</span> <span class='ocrx_word' id='word_1_121' title='bbox 1138 1593 1460 1665; x_wconf 70' lang='grc' dir='ltr'>γενομένοις.</span> <span class='ocrx_word' id='word_1_122' title='bbox 1522 1589 1678 1647; x_wconf 71' lang='grc' dir='ltr'>Οὕτω</span> <span class='ocrx_word' id='word_1_123' title='bbox 1750 1585 2098 1663; x_wconf 74' lang='grc' dir='ltr'>διαπρεσϐευ-</span> 
     </span>
    </p>
   </div>
   <div class='ocr_carea' id='block_1_19' title="bbox 448 1678 2096 1751">
    <p class='ocr_par' dir='ltr' id='par_1_19' title="bbox 448 1678 2096 1751">
     <span class='ocr_line' id='line_1_19' title="bbox 448 1678 2096 1751; baseline -0.001 -20"><span class='ocrx_word' id='word_1_124' title='bbox 448 1678 695 1750; x_wconf 76' lang='grc' dir='ltr'>σάμενοι,</span> <span class='ocrx_word' id='word_1_125' title='bbox 748 1680 1183 1735; x_wconf 84' lang='grc' dir='ltr'>κατανευσάντων</span> <span class='ocrx_word' id='word_1_126' title='bbox 1240 1679 1523 1747; x_wconf 77' lang='grc' dir='ltr'>κάκείνων,</span> <span class='ocrx_word' id='word_1_127' title='bbox 1582 1678 1667 1731; x_wconf 82' lang='grc' dir='ltr'>ἐπὶ</span> <span class='ocrx_word' id='word_1_128' title='bbox 1728 1684 1855 1731; x_wconf 78' lang='grc' dir='ltr'>πᾶσι</span> <span class='ocrx_word' id='word_1_129' title='bbox 1916 1683 2096 1751; x_wconf 90' lang='grc' dir='ltr'>χρῶν-</span> 
     </span>
    </p>
   </div>
   <div class='ocr_carea' id='block_1_20' title="bbox 2219 527 3863 612">
    <p class='ocr_par' dir='ltr' id='par_1_20' title="bbox 2219 527 3863 612">
     <span class='ocr_line' id='line_1_20' title="bbox 2219 527 3863 612; baseline 0.005 -29"><span class='ocrx_word' id='word_1_130' title='bbox 2219 531 2491 607; x_wconf 70' lang='grc' dir='ltr'>φαίνονται</span> <span class='ocrx_word' id='word_1_131' title='bbox 2550 531 2685 586; x_wconf 88' lang='grc' dir='ltr'>κατά</span> <span class='ocrx_word' id='word_1_132' title='bbox 2740 530 3008 587; x_wconf 79' lang='grc' dir='ltr'>θάλασσαν</span> <span class='ocrx_word' id='word_1_133' title='bbox 3055 534 3144 587; x_wconf 81' lang='grc' dir='ltr'>καὶ</span> <span class='ocrx_word' id='word_1_134' title='bbox 3176 536 3227 588; x_wconf 90' lang='grc' dir='ltr'>αί</span> <span class='ocrx_word' id='word_1_135' title='bbox 3257 527 3377 589; x_wconf 58' lang='grc' dir='ltr'>’τοῦ</span> <span class='ocrx_word' id='word_1_136' title='bbox 3431 535 3699 610; x_wconf 87' lang='grc' dir='ltr'>βασιλέως</span> <span class='ocrx_word' id='word_1_137' title='bbox 3738 560 3863 612; x_wconf 83' lang='grc' dir='ltr'>τρι-</span> 
     </span>
    </p>
   </div>
   <div class='ocr_carea' id='block_1_21' title="bbox 2216 618 3861 699">
    <p class='ocr_par' dir='ltr' id='par_1_21' title="bbox 2216 618 3861 699">
     <span class='ocr_line' id='line_1_21' title="bbox 2216 618 3861 699; baseline 0.005 -26"><span class='ocrx_word' id='word_1_138' title='bbox 2216 620 2388 693; x_wconf 86' lang='grc' dir='ltr'>ήρεις.</span> <span class='ocrx_word' id='word_1_139' title='bbox 2423 619 2525 674; x_wconf 77' lang='grc' dir='ltr'>Καὶ</span> <span class='ocrx_word' id='word_1_140' title='bbox 2586 621 2637 672; x_wconf 75' lang='grc' dir='ltr'>αἱ</span> <span class='ocrx_word' id='word_1_141' title='bbox 2673 620 2766 691; x_wconf 76' lang='grc' dir='ltr'>μὲν</span> <span class='ocrx_word' id='word_1_142' title='bbox 2822 618 2945 675; x_wconf 79' lang='grc' dir='ltr'>ὅσον</span> <span class='ocrx_word' id='word_1_143' title='bbox 3002 619 3154 675; x_wconf 70' lang='grc' dir='ltr'>οὔπω</span> <span class='ocrx_word' id='word_1_144' title='bbox 3211 623 3489 697; x_wconf 83' lang='grc' dir='ltr'>ἐνώρμουν</span> <span class='ocrx_word' id='word_1_145' title='bbox 3547 626 3685 699; x_wconf 84' lang='grc' dir='ltr'>πρὸς</span> <span class='ocrx_word' id='word_1_146' title='bbox 3739 634 3861 689; x_wconf 88' lang='grc' dir='ltr'>τοῖς</span> 
     </span>
    </p>
   </div>
   <div class='ocr_carea' id='block_1_22' title="bbox 2216 704 3858 782">
    <p class='ocr_par' dir='ltr' id='par_1_22' title="bbox 2216 704 3858 782">
     <span class='ocr_line' id='line_1_22' title="bbox 2216 704 3858 782; baseline 0.007 -24"><span class='ocrx_word' id='word_1_147' title='bbox 2216 704 2423 777; x_wconf 91' lang='grc' dir='ltr'>λιμέσι,</span> <span class='ocrx_word' id='word_1_148' title='bbox 2460 711 2575 768; x_wconf 91' lang='grc' dir='ltr'>τοῖς</span> <span class='ocrx_word' id='word_1_149' title='bbox 2627 705 2683 760; x_wconf 76' lang='grc' dir='ltr'>δὲ</span> <span class='ocrx_word' id='word_1_150' title='bbox 2735 707 2999 780; x_wconf 86' lang='grc' dir='ltr'>μετέμελε</span> <span class='ocrx_word' id='word_1_151' title='bbox 3041 714 3149 764; x_wconf 87' lang='grc' dir='ltr'>τῶν</span> <span class='ocrx_word' id='word_1_152' title='bbox 3203 706 3545 782; x_wconf 77' lang='grc' dir='ltr'>συμϐάντων.</span> <span class='ocrx_word' id='word_1_153' title='bbox 3579 711 3732 769; x_wconf 77' lang='grc' dir='ltr'>Ἀλλ’</span> <span class='ocrx_word' id='word_1_154' title='bbox 3758 715 3858 769; x_wconf 76' lang='grc' dir='ltr'>οὐκ</span> 
     </span>
    </p>
   </div>
   <div class='ocr_carea' id='block_1_23' title="bbox 2214 793 3849 873">
    <p class='ocr_par' dir='ltr' id='par_1_23' title="bbox 2214 793 3849 873">
     <span class='ocr_line' id='line_1_23' title="bbox 2214 793 3849 873; baseline 0.006 -27"><span class='ocrx_word' id='word_1_155' title='bbox 2214 793 2361 868; x_wconf 70' lang='grc' dir='ltr'>εἶχόν</span> <span class='ocrx_word' id='word_1_156' title='bbox 2392 814 2444 848; x_wconf 88' lang='grc' dir='ltr'>τι</span> <span class='ocrx_word' id='word_1_157' title='bbox 2474 793 2725 868; x_wconf 84' lang='grc' dir='ltr'>πράττειν</span> <span class='ocrx_word' id='word_1_158' title='bbox 2778 795 2920 849; x_wconf 75' lang='grc' dir='ltr'>οὕτω</span> <span class='ocrx_word' id='word_1_159' title='bbox 2965 796 3286 872; x_wconf 86' lang='grc' dir='ltr'>γενομένων.</span> <span class='ocrx_word' id='word_1_160' title='bbox 3332 800 3393 853; x_wconf 88' lang='grc' dir='ltr'>τὸ</span> <span class='ocrx_word' id='word_1_161' title='bbox 3447 801 3549 873; x_wconf 79' lang='grc' dir='ltr'>γὰρ</span> <span class='ocrx_word' id='word_1_162' title='bbox 3604 799 3849 873; x_wconf 76' lang='grc' dir='ltr'>ἐπιμηθῆ</span> 
     </span>
    </p>
   </div>
   <div class='ocr_carea' id='block_1_24' title="bbox 2217 881 3853 955">
    <p class='ocr_par' dir='ltr' id='par_1_24' title="bbox 2217 881 3853 955">
     <span class='ocr_line' id='line_1_24' title="bbox 2217 881 3853 955; baseline 0.005 -21"><span class='ocrx_word' id='word_1_163' title='bbox 2217 881 2539 954; x_wconf 85' lang='grc' dir='ltr'>μεταμέλειν</span> <span class='ocrx_word' id='word_1_164' title='bbox 2580 884 2667 953; x_wconf 73' lang='grc' dir='ltr'>ἦν,</span> <span class='ocrx_word' id='word_1_165' title='bbox 2719 883 2846 938; x_wconf 83' lang='grc' dir='ltr'>ἀλλ’</span> <span class='ocrx_word' id='word_1_166' title='bbox 2905 883 3003 938; x_wconf 85' lang='grc' dir='ltr'>οὐκ</span> <span class='ocrx_word' id='word_1_167' title='bbox 3064 884 3359 955; x_wconf 78' lang='grc' dir='ltr'>ἐξανύοιτὸ</span> <span class='ocrx_word' id='word_1_168' title='bbox 3392 887 3643 943; x_wconf 86' lang='grc' dir='ltr'>σύνολον.</span> <span class='ocrx_word' id='word_1_169' title='bbox 3700 892 3853 944; x_wconf 82' lang='grc' dir='ltr'>Ὅθεν</span> 
     </span>
    </p>
   </div>
   <div class='ocr_carea' id='block_1_25' title="bbox 2211 969 3859 1049">
    <p class='ocr_par' dir='ltr' id='par_1_25' title="bbox 2211 969 3859 1049">
     <span class='ocr_line' id='line_1_25' title="bbox 2211 969 3859 1049; baseline 0.005 -26"><span class='ocrx_word' id='word_1_170' title='bbox 2211 972 2298 1024; x_wconf 81' lang='grc' dir='ltr'>καὶ</span> <span class='ocrx_word' id='word_1_171' title='bbox 2335 970 2447 1024; x_wconf 84' lang='grc' dir='ltr'>ἐπεὶ</span> <span class='ocrx_word' id='word_1_172' title='bbox 2500 969 2599 1024; x_wconf 82' lang='grc' dir='ltr'>οὐκ</span> <span class='ocrx_word' id='word_1_173' title='bbox 2649 970 2800 1045; x_wconf 80' lang='grc' dir='ltr'>εἶχον</span> <span class='ocrx_word' id='word_1_174' title='bbox 2832 972 3269 1045; x_wconf 86' lang='grc' dir='ltr'>μεταμελόμενοι</span> <span class='ocrx_word' id='word_1_175' title='bbox 3298 976 3359 1028; x_wconf 86' lang='grc' dir='ltr'>τὸ</span> <span class='ocrx_word' id='word_1_176' title='bbox 3390 976 3617 1049; x_wconf 85' lang='grc' dir='ltr'>γεγονὸς</span> <span class='ocrx_word' id='word_1_177' title='bbox 3656 979 3859 1047; x_wconf 75' lang='grc' dir='ltr'>ἀποίη-</span> 
     </span>
    </p>
   </div>
   <div class='ocr_carea' id='block_1_26' title="bbox 2210 1060 3856 1140">
    <p class='ocr_par' dir='ltr' id='par_1_26' title="bbox 2210 1060 3856 1140">
     <span class='ocr_line' id='line_1_26' title="bbox 2210 1060 3856 1140; baseline 0.007 -31"><span class='ocrx_word' id='word_1_178' title='bbox 2210 1078 2299 1110; x_wconf 92' lang='grc' dir='ltr'>τον</span> <span class='ocrx_word' id='word_1_179' title='bbox 2359 1064 2549 1130; x_wconf 85' lang='grc' dir='ltr'>θεῖναι,</span> <span class='ocrx_word' id='word_1_180' title='bbox 2603 1060 2689 1112; x_wconf 77' lang='grc' dir='ltr'>ἐπὶ</span> <span class='ocrx_word' id='word_1_181' title='bbox 2742 1064 2858 1121; x_wconf 92' lang='grc' dir='ltr'>τοῖς</span> <span class='ocrx_word' id='word_1_182' title='bbox 2916 1061 3165 1134; x_wconf 84' lang='grc' dir='ltr'>χρήμασι</span> <span class='ocrx_word' id='word_1_183' title='bbox 3208 1064 3302 1116; x_wconf 75' lang='grc' dir='ltr'>τοῦ</span> <span class='ocrx_word' id='word_1_184' title='bbox 3359 1063 3633 1138; x_wconf 61' lang='grc' dir='ltr'>ἀσςααλοῦς</span> <span class='ocrx_word' id='word_1_185' title='bbox 3682 1067 3856 1140; x_wconf 85' lang='grc' dir='ltr'>πρού-</span> 
     </span>
    </p>
   </div>
   <div class='ocr_carea' id='block_1_27' title="bbox 2210 1146 3853 1230">
    <p class='ocr_par' dir='ltr' id='par_1_27' title="bbox 2210 1146 3853 1230">
     <span class='ocr_line' id='line_1_27' title="bbox 2210 1146 3853 1230; baseline 0.008 -32"><span class='ocrx_word' id='word_1_186' title='bbox 2210 1146 2389 1217; x_wconf 74' lang='grc' dir='ltr'>νόουν,</span> <span class='ocrx_word' id='word_1_187' title='bbox 2426 1148 2501 1219; x_wconf 81' lang='grc' dir='ltr'>μή</span> <span class='ocrx_word' id='word_1_188' title='bbox 2533 1146 2622 1200; x_wconf 79' lang='grc' dir='ltr'>καὶ</span> <span class='ocrx_word' id='word_1_189' title='bbox 2680 1146 2766 1201; x_wconf 77' lang='grc' dir='ltr'>ἐπὶ</span> <span class='ocrx_word' id='word_1_190' title='bbox 2824 1148 3041 1210; x_wconf 88' lang='grc' dir='ltr'>τούτοις</span> <span class='ocrx_word' id='word_1_191' title='bbox 3096 1150 3365 1225; x_wconf 68' lang='grc' dir='ltr'>σφαλεῖεν.</span> <span class='ocrx_word' id='word_1_192' title='bbox 3415 1152 3853 1230; x_wconf 78' lang='grc' dir='ltr'>Ἐπεπλήμμυρε</span> 
     </span>
    </p>
   </div>
   <div class='ocr_carea' id='block_1_28' title="bbox 2207 1233 3849 1314">
    <p class='ocr_par' dir='ltr' id='par_1_28' title="bbox 2207 1233 3849 1314">
     <span class='ocr_line' id='line_1_28' title="bbox 2207 1233 3849 1314; baseline 0.007 -27"><span class='ocrx_word' id='word_1_193' title='bbox 2207 1234 2307 1309; x_wconf 79' lang='grc' dir='ltr'>γὰρ</span> <span class='ocrx_word' id='word_1_194' title='bbox 2356 1235 2444 1289; x_wconf 79' lang='grc' dir='ltr'>καὶ</span> <span class='ocrx_word' id='word_1_195' title='bbox 2502 1233 2589 1289; x_wconf 78' lang='grc' dir='ltr'>ἔπι</span> <span class='ocrx_word' id='word_1_196' title='bbox 2638 1235 2861 1297; x_wconf 84' lang='grc' dir='ltr'>ὁτόπος</span> <span class='ocrx_word' id='word_1_197' title='bbox 2920 1235 3126 1311; x_wconf 81' lang='grc' dir='ltr'>ἐχθρῶν</span> <span class='ocrx_word' id='word_1_198' title='bbox 3190 1237 3706 1314; x_wconf 80' lang='grc' dir='ltr'>διασκεγαννυμένου</span> <span class='ocrx_word' id='word_1_199' title='bbox 3754 1249 3849 1298; x_wconf 75' lang='grc' dir='ltr'>τοῦ</span> 
     </span>
    </p>
   </div>
   <div class='ocr_carea' id='block_1_29' title="bbox 2206 1322 3851 1401">
    <p class='ocr_par' dir='ltr' id='par_1_29' title="bbox 2206 1322 3851 1401">
     <span class='ocr_line' id='line_1_29' title="bbox 2206 1322 3851 1401; baseline 0.007 -26"><span class='ocrx_word' id='word_1_200' title='bbox 2206 1322 2473 1391; x_wconf 83' lang='grc' dir='ltr'>πλήθους.</span> <span class='ocrx_word' id='word_1_201' title='bbox 2523 1328 2610 1394; x_wconf 77' lang='grc' dir='ltr'>Τῷ</span> <span class='ocrx_word' id='word_1_202' title='bbox 2665 1343 2752 1377; x_wconf 89' lang='grc' dir='ltr'>τοι</span> <span class='ocrx_word' id='word_1_203' title='bbox 2807 1324 3130 1401; x_wconf 79' lang='grc' dir='ltr'>καταντικρὺ</span> <span class='ocrx_word' id='word_1_204' title='bbox 3188 1328 3282 1397; x_wconf 72' lang='grc' dir='ltr'>μὲν</span> <span class='ocrx_word' id='word_1_205' title='bbox 3335 1335 3434 1396; x_wconf 86' lang='grc' dir='ltr'>τῆς</span> <span class='ocrx_word' id='word_1_206' title='bbox 3485 1330 3703 1392; x_wconf 88' lang='grc' dir='ltr'>πόλεως</span> <span class='ocrx_word' id='word_1_207' title='bbox 3760 1334 3851 1396; x_wconf 73' lang='grc' dir='ltr'>τὰς</span> 
     </span>
    </p>
   </div>
   <div class='ocr_carea' id='block_1_30' title="bbox 2203 1409 3847 1491">
    <p class='ocr_par' dir='ltr' id='par_1_30' title="bbox 2203 1409 3847 1491">
     <span class='ocr_line' id='line_1_30' title="bbox 2203 1409 3847 1491; baseline 0.007 -28"><span class='ocrx_word' id='word_1_208' title='bbox 2203 1412 2448 1483; x_wconf 77' lang='grc' dir='ltr'>τριήρεις</span> <span class='ocrx_word' id='word_1_209' title='bbox 2497 1409 2722 1481; x_wconf 78' lang='grc' dir='ltr'>ἔστησαν</span> <span class='ocrx_word' id='word_1_210' title='bbox 2785 1412 3064 1488; x_wconf 83' lang='grc' dir='ltr'>φέροντες,</span> <span class='ocrx_word' id='word_1_211' title='bbox 3126 1420 3311 1491; x_wconf 76' lang='grc' dir='ltr'>στῖφος</span> <span class='ocrx_word' id='word_1_212' title='bbox 3369 1413 3415 1469; x_wconf 88' lang='grc' dir='ltr'>δ’</span> <span class='ocrx_word' id='word_1_213' title='bbox 3474 1417 3716 1473; x_wconf 81' lang='grc' dir='ltr'>ὁπλιτῶν</span> <span class='ocrx_word' id='word_1_214' title='bbox 3775 1422 3847 1482; x_wconf 85' lang='grc' dir='ltr'>ὡς</span> 
     </span>
    </p>
   </div>
   <div class='ocr_carea' id='block_1_31' title="bbox 2202 1499 3847 1579">
    <p class='ocr_par' dir='ltr' id='par_1_31' title="bbox 2202 1499 3847 1579">
     <span class='ocr_line' id='line_1_31' title="bbox 2202 1499 3847 1579; baseline 0.006 -27"><span class='ocrx_word' id='word_1_215' title='bbox 2202 1504 2388 1573; x_wconf 85' lang='grc' dir='ltr'>τεῖχος</span> <span class='ocrx_word' id='word_1_216' title='bbox 2448 1499 2529 1574; x_wconf 79' lang='grc' dir='ltr'>ἐφ’</span> <span class='ocrx_word' id='word_1_217' title='bbox 2586 1499 2809 1574; x_wconf 73' lang='grc' dir='ltr'>ἑκάτερα</span> <span class='ocrx_word' id='word_1_218' title='bbox 2857 1502 3143 1570; x_wconf 78' lang='grc' dir='ltr'>στήσαντες</span> <span class='ocrx_word' id='word_1_219' title='bbox 3191 1502 3363 1566; x_wconf 79' lang='grc' dir='ltr'>οὕτως</span> <span class='ocrx_word' id='word_1_220' title='bbox 3417 1503 3605 1579; x_wconf 80' lang='grc' dir='ltr'>ἐξῆγον</span> <span class='ocrx_word' id='word_1_221' title='bbox 3636 1507 3703 1561; x_wconf 69' lang='grc' dir='ltr'>τὰ</span> <span class='ocrx_word' id='word_1_222' title='bbox 3746 1514 3847 1562; x_wconf 85' lang='grc' dir='ltr'>τῶν</span> 
     </span>
    </p>
   </div>
   <div class='ocr_carea' id='block_1_32' title="bbox 2208 1586 3844 1670">
    <p class='ocr_par' dir='ltr' id='par_1_32' title="bbox 2208 1586 3844 1670">
     <span class='ocr_line' id='line_1_32' title="bbox 2208 1586 3844 1670; baseline 0.007 -31"><span class='ocrx_word' id='word_1_223' title='bbox 2208 1586 2499 1660; x_wconf 88' lang='grc' dir='ltr'>βασιλείων</span> <span class='ocrx_word' id='word_1_224' title='bbox 2555 1589 2881 1660; x_wconf 86' lang='grc' dir='ltr'>χρημάτων,</span> <span class='ocrx_word' id='word_1_225' title='bbox 2940 1588 3029 1642; x_wconf 89' lang='grc' dir='ltr'>καὶ</span> <span class='ocrx_word' id='word_1_226' title='bbox 3088 1593 3337 1665; x_wconf 80' lang='grc' dir='ltr'>φέροντες</span> <span class='ocrx_word' id='word_1_227' title='bbox 3392 1598 3511 1654; x_wconf 88' lang='grc' dir='ltr'>ταῖς</span> <span class='ocrx_word' id='word_1_228' title='bbox 3569 1597 3844 1670; x_wconf 74' lang='grc' dir='ltr'>τριήρεσιν</span> 
     </span>
    </p>
   </div>
   <div class='ocr_carea' id='block_1_33' title="bbox 2203 1674 3843 1751">
    <p class='ocr_par' dir='ltr' id='par_1_33' title="bbox 2203 1674 3843 1751">
     <span class='ocr_line' id='line_1_33' title="bbox 2203 1674 3843 1751; baseline 0.007 -23"><span class='ocrx_word' id='word_1_229' title='bbox 2203 1674 2563 1738; x_wconf 81' lang='grc' dir='ltr'>ἐναπετίθουν.</span> <span class='ocrx_word' id='word_1_230' title='bbox 2644 1675 2814 1737; x_wconf 84' lang='grc' dir='ltr'>Τέλος</span> <span class='ocrx_word' id='word_1_231' title='bbox 2874 1674 2929 1731; x_wconf 75' lang='grc' dir='ltr'>δὲ</span> <span class='ocrx_word' id='word_1_232' title='bbox 2986 1678 3075 1731; x_wconf 87' lang='grc' dir='ltr'>καὶ</span> <span class='ocrx_word' id='word_1_233' title='bbox 3157 1677 3309 1732; x_wconf 78' lang='grc' dir='ltr'>αὐτοὶ</span> <span class='ocrx_word' id='word_1_234' title='bbox 3396 1676 3659 1751; x_wconf 74' lang='grc' dir='ltr'>ἐμϐάντες</span> <span class='ocrx_word' id='word_1_235' title='bbox 3718 1685 3843 1739; x_wconf 85' lang='grc' dir='ltr'>ἀπέ-</span> 
     </span>
    </p>
   </div>
   <div class='ocr_carea' id='block_1_34' title="bbox 449 1760 3844 1851">
    <p class='ocr_par' dir='ltr' id='par_1_34' title="bbox 449 1760 3844 1851">
     <span class='ocr_line' id='line_1_34' title="bbox 449 1760 3844 1851; baseline 0.001 -30"><span class='ocrx_word' id='word_1_236' title='bbox 449 1774 644 1839; x_wconf 84' lang='grc' dir='ltr'>ταιτῷ</span> <span class='ocrx_word' id='word_1_237' title='bbox 684 1768 852 1823; x_wconf 78' lang='grc' dir='ltr'>ἐκεῖσε</span> <span class='ocrx_word' id='word_1_238' title='bbox 903 1771 1169 1843; x_wconf 76' lang='grc' dir='ltr'>ἀρχιερεῖ,</span> <span class='ocrx_word' id='word_1_239' title='bbox 1213 1770 1277 1824; x_wconf 67' lang='lat'>&#39;0</span> <span class='ocrx_word' id='word_1_240' title='bbox 1311 1766 1368 1821; x_wconf 75' lang='grc' dir='ltr'>δὲ</span> <span class='ocrx_word' id='word_1_241' title='bbox 1411 1770 1509 1835; x_wconf 78' lang='grc' dir='ltr'>τήν</span> <span class='ocrx_word' id='word_1_242' title='bbox 1570 1768 1844 1836; x_wconf 72' lang='grc' dir='ltr'>ἱερατικὴν</span> <span class='ocrx_word' id='word_1_243' title='bbox 1894 1765 2095 1834; x_wconf 72' lang='grc' dir='ltr'>στολὴν</span> <span class='ocrx_word' id='word_1_244' title='bbox 2128 1760 2400 1851; x_wconf 85' lang='grc' dir='ltr'>Βπλεον.</span> <span class='ocrx_word' id='word_1_245' title='bbox 2459 1763 2605 1818; x_wconf 78' lang='grc' dir='ltr'>Ἐπεὶ</span> <span class='ocrx_word' id='word_1_246' title='bbox 2656 1761 2713 1817; x_wconf 77' lang='grc' dir='ltr'>δὲ</span> <span class='ocrx_word' id='word_1_247' title='bbox 2770 1760 3069 1819; x_wconf 76' lang='grc' dir='ltr'>κατέλαϐον</span> <span class='ocrx_word' id='word_1_248' title='bbox 3122 1766 3221 1832; x_wconf 72' lang='grc' dir='ltr'>τὴν</span> <span class='ocrx_word' id='word_1_249' title='bbox 3276 1770 3844 1827; x_wconf 85' lang='grc' dir='ltr'>Κωνσταντινούπολιν</span> 
     </span>
    </p>
   </div>
   <div class='ocr_carea' id='block_1_35' title="bbox 452 1850 2098 1923">
    <p class='ocr_par' dir='ltr' id='par_1_35' title="bbox 452 1850 2098 1923">
     <span class='ocr_line' id='line_1_35' title="bbox 452 1850 2098 1923; baseline -0.001 -15"><span class='ocrx_word' id='word_1_250' title='bbox 452 1853 623 1919; x_wconf 73' lang='grc' dir='ltr'>ἐνδὸς,</span> <span class='ocrx_word' id='word_1_251' title='bbox 656 1850 837 1909; x_wconf 66' lang='grc' dir='ltr'>λαϐὼν</span> <span class='ocrx_word' id='word_1_252' title='bbox 882 1856 976 1917; x_wconf 78' lang='grc' dir='ltr'>τὰς</span> <span class='ocrx_word' id='word_1_253' title='bbox 1028 1856 1168 1918; x_wconf 85' lang='grc' dir='ltr'>Οείας</span> <span class='ocrx_word' id='word_1_254' title='bbox 1209 1855 1438 1923; x_wconf 78' lang='grc' dir='ltr'>εἰκόνας,</span> <span class='ocrx_word' id='word_1_255' title='bbox 1489 1854 1579 1908; x_wconf 73' lang='grc' dir='ltr'>σὺν</span> <span class='ocrx_word' id='word_1_256' title='bbox 1629 1853 1786 1908; x_wconf 79' lang='grc' dir='ltr'>παντὶ</span> <span class='ocrx_word' id='word_1_257' title='bbox 1835 1874 1892 1906; x_wconf 90' lang='grc' dir='ltr'>τε</span> <span class='ocrx_word' id='word_1_258' title='bbox 1939 1851 2098 1923; x_wconf 76' lang='grc' dir='ltr'>ἔξεισι</span> 
     </span>
    </p>
   </div>
   <div class='ocr_carea' id='block_1_36' title="bbox 448 1940 2093 2017">
    <p class='ocr_par' dir='ltr' id='par_1_36' title="bbox 448 1940 2093 2017">
     <span class='ocr_line' id='line_1_36' title="bbox 448 1940 2093 2017; baseline -0.001 -21"><span class='ocrx_word' id='word_1_259' title='bbox 448 1942 642 2017; x_wconf 85' lang='grc' dir='ltr'>κλήρῳ</span> <span class='ocrx_word' id='word_1_260' title='bbox 690 1944 780 1997; x_wconf 74' lang='grc' dir='ltr'>καὶ</span> <span class='ocrx_word' id='word_1_261' title='bbox 828 1945 973 2017; x_wconf 82' lang='grc' dir='ltr'>παρά</span> <span class='ocrx_word' id='word_1_262' title='bbox 1017 1945 1107 1998; x_wconf 88' lang='grc' dir='ltr'>τὸν</span> <span class='ocrx_word' id='word_1_263' title='bbox 1159 1950 1553 1999; x_wconf 77' lang='grc' dir='ltr'>Κωνσταντῖνον</span> <span class='ocrx_word' id='word_1_264' title='bbox 1596 1943 1819 2017; x_wconf 88' lang='grc' dir='ltr'>γίνεται.</span> <span class='ocrx_word' id='word_1_265' title='bbox 1881 1943 1978 1998; x_wconf 85' lang='grc' dir='ltr'>Καὶ</span> <span class='ocrx_word' id='word_1_266' title='bbox 2027 1940 2093 2010; x_wconf 81' lang='grc' dir='ltr'>δὴ</span> 
     </span>
    </p>
   </div>
   <div class='ocr_carea' id='block_1_37' title="bbox 444 2029 2091 2106">
    <p class='ocr_par' dir='ltr' id='par_1_37' title="bbox 444 2029 2091 2106">
     <span class='ocr_line' id='line_1_37' title="bbox 444 2029 2091 2106; baseline -0.002 -21"><span class='ocrx_word' id='word_1_267' title='bbox 444 2031 802 2086; x_wconf 80' lang='grc' dir='ltr'>τελεσθέντων</span> <span class='ocrx_word' id='word_1_268' title='bbox 858 2037 964 2086; x_wconf 89' lang='grc' dir='ltr'>τῶν</span> <span class='ocrx_word' id='word_1_269' title='bbox 1026 2032 1201 2106; x_wconf 83' lang='grc' dir='ltr'>ὅρκων</span> <span class='ocrx_word' id='word_1_270' title='bbox 1257 2033 1359 2086; x_wconf 87' lang='grc' dir='ltr'>ὑπὸ</span> <span class='ocrx_word' id='word_1_271' title='bbox 1412 2036 1527 2102; x_wconf 79' lang='grc' dir='ltr'>Θεῷ</span> <span class='ocrx_word' id='word_1_272' title='bbox 1583 2031 1669 2085; x_wconf 81' lang='grc' dir='ltr'>καὶ</span> <span class='ocrx_word' id='word_1_273' title='bbox 1722 2036 1800 2101; x_wconf 82' lang='grc' dir='ltr'>τῷ</span> <span class='ocrx_word' id='word_1_274' title='bbox 1858 2029 2091 2104; x_wconf 82' lang='grc' dir='ltr'>ἶεράρχῃ</span> 
     </span>
    </p>
   </div>
   <div class='ocr_carea' id='block_1_38' title="bbox 443 2116 2093 2195">
    <p class='ocr_par' dir='ltr' id='par_1_38' title="bbox 443 2116 2093 2195">
     <span class='ocr_line' id='line_1_38' title="bbox 443 2116 2093 2195; baseline -0.002 -22"><span class='ocrx_word' id='word_1_275' title='bbox 443 2118 629 2173; x_wconf 78' lang='grc' dir='ltr'>εἶ’σεισι</span> <span class='ocrx_word' id='word_1_276' title='bbox 684 2121 775 2192; x_wconf 76' lang='grc' dir='ltr'>μὲν</span> <span class='ocrx_word' id='word_1_277' title='bbox 810 2121 836 2174; x_wconf 88' lang='grc' dir='ltr'>ὁ</span> <span class='ocrx_word' id='word_1_278' title='bbox 867 2120 1174 2195; x_wconf 80' lang='grc' dir='ltr'>ἀρχιερεὺς,</span> <span class='ocrx_word' id='word_1_279' title='bbox 1232 2120 1426 2175; x_wconf 82' lang='grc' dir='ltr'>ἐκεῖνοι</span> <span class='ocrx_word' id='word_1_280' title='bbox 1460 2117 1502 2173; x_wconf 81' lang='grc' dir='ltr'>δ’</span> <span class='ocrx_word' id='word_1_281' title='bbox 1535 2118 1689 2181; x_wconf 77' lang='grc' dir='ltr'>εὐθὺς</span> <span class='ocrx_word' id='word_1_282' title='bbox 1734 2118 1823 2172; x_wconf 87' lang='grc' dir='ltr'>καὶ</span> <span class='ocrx_word' id='word_1_283' title='bbox 1864 2116 2093 2171; x_wconf 78' lang='grc' dir='ltr'>σουλτὰν</span> 
     </span>
    </p>
   </div>
   <div class='ocr_carea' id='block_1_39' title="bbox 440 2202 2089 2279">
    <p class='ocr_par' dir='ltr' id='par_1_39' title="bbox 440 2202 2089 2279">
     <span class='ocr_line' id='line_1_39' title="bbox 440 2202 2089 2279; baseline -0.002 -19"><span class='ocrx_word' id='word_1_284' title='bbox 440 2209 527 2261; x_wconf 78' lang='grc' dir='ltr'>καὶ</span> <span class='ocrx_word' id='word_1_285' title='bbox 558 2208 730 2261; x_wconf 75' lang='grc' dir='ltr'>πάντα</span> <span class='ocrx_word' id='word_1_286' title='bbox 770 2209 837 2262; x_wconf 80' lang='grc' dir='ltr'>τά</span> <span class='ocrx_word' id='word_1_287' title='bbox 866 2207 1071 2262; x_wconf 85' lang='grc' dir='ltr'>ἐκείνου</span> <span class='ocrx_word' id='word_1_288' title='bbox 1103 2208 1193 2262; x_wconf 77' lang='grc' dir='ltr'>σὺν</span> <span class='ocrx_word' id='word_1_289' title='bbox 1239 2213 1356 2269; x_wconf 91' lang='grc' dir='ltr'>τοῖς</span> <span class='ocrx_word' id='word_1_290' title='bbox 1406 2207 1541 2279; x_wconf 75' lang='grc' dir='ltr'>ἀμφ’</span> <span class='ocrx_word' id='word_1_291' title='bbox 1589 2206 1747 2260; x_wconf 78' lang='grc' dir='ltr'>αὐτὸν</span> <span class='ocrx_word' id='word_1_292' title='bbox 1797 2202 2089 2275; x_wconf 68' lang='grc' dir='ltr'>ἐκδιδοῦσι,</span> 
     </span>
    </p>
   </div>
   <div class='ocr_carea' id='block_1_40' title="bbox 440 2291 2089 2370">
    <p class='ocr_par' dir='ltr' id='par_1_40' title="bbox 440 2291 2089 2370">
     <span class='ocr_line' id='line_1_40' title="bbox 440 2291 2089 2370; baseline -0.002 -21"><span class='ocrx_word' id='word_1_293' title='bbox 440 2297 530 2349; x_wconf 79' lang='grc' dir='ltr'>καὶ</span> <span class='ocrx_word' id='word_1_294' title='bbox 564 2296 750 2351; x_wconf 78' lang='grc' dir='ltr'>αὐτίκα</span> <span class='ocrx_word' id='word_1_295' title='bbox 786 2296 1098 2370; x_wconf 82' lang='grc' dir='ltr'>ἀνεχώρουν</span> <span class='ocrx_word' id='word_1_296' title='bbox 1152 2291 1429 2364; x_wconf 75' lang='grc' dir='ltr'>λαϐόντες,</span> <span class='ocrx_word' id='word_1_297' title='bbox 1486 2292 1646 2366; x_wconf 75' lang='grc' dir='ltr'>μηδὲν</span> <span class='ocrx_word' id='word_1_298' title='bbox 1710 2292 1873 2363; x_wconf 78' lang='grc' dir='ltr'>ἄλλο,</span> <span class='ocrx_word' id='word_1_299' title='bbox 1922 2314 2089 2366; x_wconf 89' lang='grc' dir='ltr'>προσ-</span> 
     </span>
    </p>
   </div>
   <div class='ocr_carea' id='block_1_41' title="bbox 439 2381 2085 2459">
    <p class='ocr_par' dir='ltr' id='par_1_41' title="bbox 439 2381 2085 2459">
     <span class='ocr_line' id='line_1_41' title="bbox 439 2381 2085 2459; baseline -0.002 -21"><span class='ocrx_word' id='word_1_300' title='bbox 439 2384 726 2447; x_wconf 81' lang='grc' dir='ltr'>έπιθέντες·</span> <span class='ocrx_word' id='word_1_301' title='bbox 755 2385 888 2453; x_wconf 75' lang='grc' dir='ltr'>ἦσαν</span> <span class='ocrx_word' id='word_1_302' title='bbox 919 2385 1020 2459; x_wconf 75' lang='grc' dir='ltr'>γὰρ</span> <span class='ocrx_word' id='word_1_303' title='bbox 1065 2386 1131 2439; x_wconf 87' lang='grc' dir='ltr'>τά</span> <span class='ocrx_word' id='word_1_304' title='bbox 1176 2389 1283 2437; x_wconf 89' lang='grc' dir='ltr'>τῶν</span> <span class='ocrx_word' id='word_1_305' title='bbox 1336 2383 1509 2459; x_wconf 76' lang='grc' dir='ltr'>ὅρκων</span> <span class='ocrx_word' id='word_1_306' title='bbox 1615 2384 1723 2455; x_wconf 66' lang='grc' dir='ltr'>μὴν</span> <span class='ocrx_word' id='word_1_307' title='bbox 1770 2382 1861 2435; x_wconf 87' lang='grc' dir='ltr'>τὸν</span> <span class='ocrx_word' id='word_1_308' title='bbox 1924 2381 2085 2435; x_wconf 85' lang='grc' dir='ltr'>σουλ-</span> 
     </span>
    </p>
   </div>
   <div class='ocr_carea' id='block_1_42' title="bbox 434 2468 2075 2547">
    <p class='ocr_par' dir='ltr' id='par_1_42' title="bbox 434 2468 2075 2547">
     <span class='ocr_line' id='line_1_42' title="bbox 434 2468 2075 2547; baseline -0.002 -21"><span class='ocrx_word' id='word_1_309' title='bbox 434 2473 533 2527; x_wconf 72' lang='grc' dir='ltr'>τάν</span> <span class='ocrx_word' id='word_1_310' title='bbox 580 2470 842 2534; x_wconf 74' lang='grc' dir='ltr'>λαϐόντας</span> <span class='ocrx_word' id='word_1_311' title='bbox 898 2474 1239 2547; x_wconf 82' lang='grc' dir='ltr'>ἀρκεσθῆναι,</span> <span class='ocrx_word' id='word_1_312' title='bbox 1304 2470 1471 2545; x_wconf 77' lang='grc' dir='ltr'>μηδὲν</span> <span class='ocrx_word' id='word_1_313' title='bbox 1530 2472 1823 2547; x_wconf 78' lang='grc' dir='ltr'>πράξοντας</span> <span class='ocrx_word' id='word_1_314' title='bbox 1882 2468 2075 2524; x_wconf 90' lang='grc' dir='ltr'>πλέον.</span> 
     </span>
    </p>
   </div>
   <div class='ocr_carea' id='block_1_43' title="bbox 436 2556 2081 2635">
    <p class='ocr_par' dir='ltr' id='par_1_43' title="bbox 436 2556 2081 2635">
     <span class='ocr_line' id='line_1_43' title="bbox 436 2556 2081 2635; baseline -0.003 -20"><span class='ocrx_word' id='word_1_315' title='bbox 436 2559 596 2615; x_wconf 83' lang='grc' dir='ltr'>Ἀλλ’</span> <span class='ocrx_word' id='word_1_316' title='bbox 645 2562 718 2622; x_wconf 87' lang='grc' dir='ltr'>ὡς</span> <span class='ocrx_word' id='word_1_317' title='bbox 759 2559 919 2629; x_wconf 81' lang='grc' dir='ltr'>ἔοικε,</span> <span class='ocrx_word' id='word_1_318' title='bbox 948 2560 1008 2614; x_wconf 89' lang='grc' dir='ltr'>τὸ</span> <span class='ocrx_word' id='word_1_319' title='bbox 1061 2557 1334 2635; x_wconf 76' lang='grc' dir='ltr'>μοιρίδιον</span> <span class='ocrx_word' id='word_1_320' title='bbox 1384 2560 1630 2635; x_wconf 78' lang='grc' dir='ltr'>ἰσχυρόν,</span> <span class='ocrx_word' id='word_1_321' title='bbox 1682 2556 1775 2613; x_wconf 75' lang='grc' dir='ltr'>κᾶν</span> <span class='ocrx_word' id='word_1_322' title='bbox 1810 2558 1839 2612; x_wconf 85' lang='lat'>6&#39;</span> <span class='ocrx_word' id='word_1_323' title='bbox 1867 2579 1919 2612; x_wconf 87' lang='grc' dir='ltr'>τι</span> <span class='ocrx_word' id='word_1_324' title='bbox 1956 2558 2081 2631; x_wconf 87' lang='grc' dir='ltr'>βου-</span> 
     </span>
    </p>
   </div>
   <div class='ocr_carea' id='block_1_44' title="bbox 437 2646 2079 2723">
    <p class='ocr_par' dir='ltr' id='par_1_44' title="bbox 437 2646 2079 2723">
     <span class='ocr_line' id='line_1_44' title="bbox 437 2646 2079 2723; baseline -0.002 -20"><span class='ocrx_word' id='word_1_325' title='bbox 437 2648 687 2704; x_wconf 88' lang='grc' dir='ltr'>λεύσαιτό</span> <span class='ocrx_word' id='word_1_326' title='bbox 761 2670 842 2710; x_wconf 89' lang='grc' dir='ltr'>τις</span> <span class='ocrx_word' id='word_1_327' title='bbox 917 2650 1288 2723; x_wconf 84' lang='grc' dir='ltr'>ἀντιπεριστᾷν</span> <span class='ocrx_word' id='word_1_328' title='bbox 1346 2649 1408 2702; x_wconf 87' lang='grc' dir='ltr'>τὸ</span> <span class='ocrx_word' id='word_1_329' title='bbox 1470 2647 1761 2722; x_wconf 79' lang='grc' dir='ltr'>μόρσιμον.</span> <span class='ocrx_word' id='word_1_330' title='bbox 1818 2652 1925 2714; x_wconf 83' lang='grc' dir='ltr'>Τῆς</span> <span class='ocrx_word' id='word_1_331' title='bbox 1979 2646 2079 2721; x_wconf 81' lang='grc' dir='ltr'>γὰρ</span> 
     </span>
    </p>
   </div>
   <div class='ocr_carea' id='block_1_45' title="bbox 434 2842 2069 2916">
    <p class='ocr_par' dir='ltr' id='par_1_45' title="bbox 434 2842 2069 2916">
     <span class='ocr_line' id='line_1_45' title="bbox 434 2842 2069 2916; baseline -0.003 -16"><span class='ocrx_word' id='word_1_332' title='bbox 434 2845 542 2900; x_wconf 89' lang='lat' dir='ltr'>rim</span> <span class='ocrx_word' id='word_1_333' title='bbox 578 2845 794 2901; x_wconf 86' lang='lat' dir='ltr'>nostris</span> <span class='ocrx_word' id='word_1_334' title='bbox 821 2860 997 2916; x_wconf 88' lang='lat' dir='ltr'>quam</span> <span class='ocrx_word' id='word_1_335' title='bbox 1017 2845 1139 2899; x_wconf 82' lang='lat' dir='ltr'>fieri</span> <span class='ocrx_word' id='word_1_336' title='bbox 1159 2844 1368 2916; x_wconf 88' lang='lat' dir='ltr'>poterit</span> <span class='ocrx_word' id='word_1_337' title='bbox 1389 2844 1605 2915; x_wconf 87' lang='lat' dir='ltr'>optime</span> <span class='ocrx_word' id='word_1_338' title='bbox 1625 2842 2069 2914; x_wconf 88' lang='lat' dir='ltr'>providendum,</span> 
     </span>
    </p>
   </div>
   <div class='ocr_carea' id='block_1_46' title="bbox 430 2920 2071 3005">
    <p class='ocr_par' dir='ltr' id='par_1_46' title="bbox 430 2920 2071 3005">
     <span class='ocr_line' id='line_1_46' title="bbox 430 2920 2071 3005; baseline -0.004 -16"><span class='ocrx_word' id='word_1_339' title='bbox 430 2940 495 2989; x_wconf 90' lang='lat' dir='ltr'>ut</span> <span class='ocrx_word' id='word_1_340' title='bbox 524 2920 702 3005; x_wconf 87' lang='lat' dir='ltr'>quam</span> <span class='ocrx_word' id='word_1_341' title='bbox 728 2934 1059 2988; x_wconf 84' lang='lat' dir='ltr'>diutissime</span> <span class='ocrx_word' id='word_1_342' title='bbox 1088 2933 1448 3003; x_wconf 81' lang='lat' dir='ltr'>resistemus,</span> <span class='ocrx_word' id='word_1_343' title='bbox 1467 2933 1732 2987; x_wconf 84' lang='lat' dir='ltr'>tardante</span> <span class='ocrx_word' id='word_1_344' title='bbox 1759 2935 2071 3001; x_wconf 87' lang='lat' dir='ltr'>quantum-</span> 
     </span>
    </p>
   </div>
   <div class='ocr_carea' id='block_1_47' title="bbox 428 3018 2067 3090">
    <p class='ocr_par' dir='ltr' id='par_1_47' title="bbox 428 3018 2067 3090">
     <span class='ocr_line' id='line_1_47' title="bbox 428 3018 2067 3090; baseline -0.003 -13"><span class='ocrx_word' id='word_1_345' title='bbox 428 3022 569 3077; x_wconf 80' lang='lat' dir='ltr'>libet</span> <span class='ocrx_word' id='word_1_346' title='bbox 600 3022 852 3088; x_wconf 85' lang='lat' dir='ltr'>auxilio;</span> <span class='ocrx_word' id='word_1_347' title='bbox 899 3038 965 3077; x_wconf 91' lang='lat' dir='ltr'>ac</span> <span class='ocrx_word' id='word_1_348' title='bbox 1014 3021 1063 3076; x_wconf 91' lang='lat' dir='ltr'>si</span> <span class='ocrx_word' id='word_1_349' title='bbox 1114 3020 1201 3076; x_wconf 85' lang='lat' dir='ltr'>vis</span> <span class='ocrx_word' id='word_1_350' title='bbox 1253 3021 1479 3076; x_wconf 81' lang='lat' dir='ltr'>interea</span> <span class='ocrx_word' id='word_1_351' title='bbox 1524 3022 1714 3090; x_wconf 81' lang='lat' dir='ltr'>major</span> <span class='ocrx_word' id='word_1_352' title='bbox 1761 3018 2067 3090; x_wconf 85' lang='lat' dir='ltr'>ingruerit,</span> 
     </span>
    </p>
   </div>
   <div class='ocr_carea' id='block_1_48' title="bbox 430 3106 2067 3181">
    <p class='ocr_par' dir='ltr' id='par_1_48' title="bbox 430 3106 2067 3181">
     <span class='ocr_line' id='line_1_48' title="bbox 430 3106 2067 3181; baseline -0.003 -16"><span class='ocrx_word' id='word_1_353' title='bbox 430 3127 736 3181; x_wconf 88' lang='lat' dir='ltr'>nunquam</span> <span class='ocrx_word' id='word_1_354' title='bbox 768 3127 833 3165; x_wconf 93' lang='lat' dir='ltr'>eo</span> <span class='ocrx_word' id='word_1_355' title='bbox 860 3114 1054 3165; x_wconf 90' lang='lat' dir='ltr'>tamen</span> <span class='ocrx_word' id='word_1_356' title='bbox 1089 3108 1515 3164; x_wconf 88' lang='lat' dir='ltr'>deveniendum</span> <span class='ocrx_word' id='word_1_357' title='bbox 1548 3111 1613 3161; x_wconf 88' lang='lat' dir='ltr'>ut</span> <span class='ocrx_word' id='word_1_358' title='bbox 1643 3111 1745 3161; x_wconf 90' lang='lat' dir='ltr'>aut</span> <span class='ocrx_word' id='word_1_359' title='bbox 1765 3106 2067 3163; x_wconf 86' lang='lat' dir='ltr'>abscinda-</span> 
     </span>
    </p>
   </div>
   <div class='ocr_carea' id='block_1_49' title="bbox 429 3195 2064 3268">
    <p class='ocr_par' dir='ltr' id='par_1_49' title="bbox 429 3195 2064 3268">
     <span class='ocr_line' id='line_1_49' title="bbox 429 3195 2064 3268; baseline 0 -17"><span class='ocrx_word' id='word_1_360' title='bbox 429 3214 561 3253; x_wconf 90' lang='lat' dir='ltr'>mus</span> <span class='ocrx_word' id='word_1_361' title='bbox 578 3202 681 3253; x_wconf 91' lang='lat' dir='ltr'>aut</span> <span class='ocrx_word' id='word_1_362' title='bbox 696 3198 1074 3268; x_wconf 83' lang='lat' dir='ltr'>projiciamus</span> <span class='ocrx_word' id='word_1_363' title='bbox 1100 3196 1350 3251; x_wconf 90' lang='lat' dir='ltr'>sultanis</span> <span class='ocrx_word' id='word_1_364' title='bbox 1368 3200 1545 3266; x_wconf 91' lang='lat' dir='ltr'>caput</span> <span class='ocrx_word' id='word_1_365' title='bbox 1567 3212 1579 3251; x_wconf 94' lang='lat'><strong>:</strong></span> <span class='ocrx_word' id='word_1_366' title='bbox 1602 3211 1738 3249; x_wconf 90' lang='lat' dir='ltr'>nam</span> <span class='ocrx_word' id='word_1_367' title='bbox 1760 3195 1815 3249; x_wconf 91' lang='lat' dir='ltr'>id</span> <span class='ocrx_word' id='word_1_368' title='bbox 1837 3195 2064 3251; x_wconf 89' lang='lat' dir='ltr'>facinus</span> 
     </span>
    </p>
   </div>
   <div class='ocr_carea' id='block_1_50' title="bbox 426 3283 2062 3354">
    <p class='ocr_par' dir='ltr' id='par_1_50' title="bbox 426 3283 2062 3354">
     <span class='ocr_line' id='line_1_50' title="bbox 426 3283 2062 3354; baseline -0.001 -15"><span class='ocrx_word' id='word_1_369' title='bbox 426 3291 579 3340; x_wconf 86' lang='lat' dir='ltr'>esset</span> <span class='ocrx_word' id='word_1_370' title='bbox 608 3290 820 3341; x_wconf 91' lang='lat' dir='ltr'>temere</span> <span class='ocrx_word' id='word_1_371' title='bbox 839 3285 1154 3341; x_wconf 87' lang='lat' dir='ltr'>furentium</span> <span class='ocrx_word' id='word_1_372' title='bbox 1172 3285 1452 3340; x_wconf 88' lang='lat' dir='ltr'>etinsana</span> <span class='ocrx_word' id='word_1_373' title='bbox 1478 3283 1881 3354; x_wconf 81' lang='lat' dir='ltr'>desperatione</span> <span class='ocrx_word' id='word_1_374' title='bbox 1904 3299 2062 3339; x_wconf 89' lang='lat' dir='ltr'>mor-</span> 
     </span>
    </p>
   </div>
   <div class='ocr_carea' id='block_1_51' title="bbox 426 3372 2061 3443">
    <p class='ocr_par' dir='ltr' id='par_1_51' title="bbox 426 3372 2061 3443">
     <span class='ocr_line' id='line_1_51' title="bbox 426 3372 2061 3443; baseline 0.001 -18"><span class='ocrx_word' id='word_1_375' title='bbox 426 3376 538 3426; x_wconf 91' lang='lat' dir='ltr'>tem</span> <span class='ocrx_word' id='word_1_376' title='bbox 573 3372 687 3427; x_wconf 89' lang='lat' dir='ltr'>sibi</span> <span class='ocrx_word' id='word_1_377' title='bbox 734 3372 1176 3443; x_wconf 84' lang='lat' dir='ltr'>vituperabilem</span> <span class='ocrx_word' id='word_1_378' title='bbox 1235 3372 1680 3428; x_wconf 87' lang='lat' dir='ltr'>accersentium.</span> <span class='ocrx_word' id='word_1_379' title='bbox 1724 3374 1857 3437; x_wconf 86' lang='lat' dir='ltr'>Quae</span> <span class='ocrx_word' id='word_1_380' title='bbox 1889 3388 2061 3443; x_wconf 92' lang='lat' dir='ltr'>porro</span> 
     </span>
    </p>
   </div>
   <div class='ocr_carea' id='block_1_52' title="bbox 425 3459 2059 3531">
    <p class='ocr_par' dir='ltr' id='par_1_52' title="bbox 425 3459 2059 3531">
     <span class='ocr_line' id='line_1_52' title="bbox 425 3459 2059 3531; baseline -0.001 -16"><span class='ocrx_word' id='word_1_381' title='bbox 425 3463 613 3530; x_wconf 83' lang='lat' dir='ltr'>quoad</span> <span class='ocrx_word' id='word_1_382' title='bbox 640 3461 789 3516; x_wconf 91' lang='lat' dir='ltr'>vires</span> <span class='ocrx_word' id='word_1_383' title='bbox 811 3461 1196 3531; x_wconf 87' lang='lat' dir='ltr'>suppetierint</span> <span class='ocrx_word' id='word_1_384' title='bbox 1222 3461 1552 3516; x_wconf 87' lang='lat' dir='ltr'>defenderis</span> <span class='ocrx_word' id='word_1_385' title='bbox 1588 3461 1834 3530; x_wconf 84' lang='lat' dir='ltr'>fortiter,</span> <span class='ocrx_word' id='word_1_386' title='bbox 1862 3477 1948 3527; x_wconf 89' lang='lat' dir='ltr'>ea,</span> <span class='ocrx_word' id='word_1_387' title='bbox 1972 3459 2059 3516; x_wconf 92' lang='lat' dir='ltr'>vel</span> 
     </span>
    </p>
   </div>
   <div class='ocr_carea' id='block_1_53' title="bbox 423 3548 2057 3621">
    <p class='ocr_par' dir='ltr' id='par_1_53' title="bbox 423 3548 2057 3621">
     <span class='ocr_line' id='line_1_53' title="bbox 423 3548 2057 3621; baseline 0.001 -19"><span class='ocrx_word' id='word_1_388' title='bbox 423 3549 619 3619; x_wconf 88' lang='lat' dir='ltr'>potius</span> <span class='ocrx_word' id='word_1_389' title='bbox 652 3548 926 3619; x_wconf 83' lang='lat' dir='ltr'>reliquias</span> <span class='ocrx_word' id='word_1_390' title='bbox 956 3565 1157 3605; x_wconf 88' lang='lat' dir='ltr'>eorum</span> <span class='ocrx_word' id='word_1_391' title='bbox 1176 3549 1836 3621; x_wconf 85' lang='lat' dir='ltr'>semiconsumptorum,</span> <span class='ocrx_word' id='word_1_392' title='bbox 1858 3550 2057 3604; x_wconf 82' lang='lat' dir='ltr'>defen-</span> 
     </span>
    </p>
   </div>
   <div class='ocr_carea' id='block_1_54' title="bbox 422 3636 2057 3710">
    <p class='ocr_par' dir='ltr' id='par_1_54' title="bbox 422 3636 2057 3710">
     <span class='ocr_line' id='line_1_54' title="bbox 422 3636 2057 3710; baseline 0.001 -18"><span class='ocrx_word' id='word_1_393' title='bbox 422 3636 583 3692; x_wconf 89' lang='lat' dir='ltr'>sione</span> <span class='ocrx_word' id='word_1_394' title='bbox 631 3638 759 3708; x_wconf 89' lang='lat' dir='ltr'>ipsa</span> <span class='ocrx_word' id='word_1_395' title='bbox 806 3642 1091 3693; x_wconf 84' lang='lat' dir='ltr'>extremos</span> <span class='ocrx_word' id='word_1_396' title='bbox 1113 3638 1228 3707; x_wconf 89' lang='lat' dir='ltr'>jam</span> <span class='ocrx_word' id='word_1_397' title='bbox 1279 3637 1616 3693; x_wconf 90' lang='lat' dir='ltr'>discrimine</span> <span class='ocrx_word' id='word_1_398' title='bbox 1662 3642 1905 3710; x_wconf 84' lang='lat' dir='ltr'>urgente</span> <span class='ocrx_word' id='word_1_399' title='bbox 1954 3654 2057 3708; x_wconf 91' lang='lat' dir='ltr'>pro</span> 
     </span>
    </p>
   </div>
   <div class='ocr_carea' id='block_1_55' title="bbox 422 3726 2055 3798">
    <p class='ocr_par' dir='ltr' id='par_1_55' title="bbox 422 3726 2055 3798">
     <span class='ocr_line' id='line_1_55' title="bbox 422 3726 2055 3798; baseline 0 -18"><span class='ocrx_word' id='word_1_400' title='bbox 422 3726 609 3780; x_wconf 88' lang='lat' dir='ltr'>salute</span> <span class='ocrx_word' id='word_1_401' title='bbox 640 3743 707 3780; x_wconf 91' lang='lat' dir='ltr'>ac</span> <span class='ocrx_word' id='word_1_402' title='bbox 725 3726 911 3797; x_wconf 87' lang='lat' dir='ltr'>capite</span> <span class='ocrx_word' id='word_1_403' title='bbox 933 3726 1469 3797; x_wconf 89' lang='lat' dir='ltr'>pacisci,sapientis</span> <span class='ocrx_word' id='word_1_404' title='bbox 1487 3727 1659 3782; x_wconf 80' lang='lat' dir='ltr'>affine</span> <span class='ocrx_word' id='word_1_405' title='bbox 1681 3726 2055 3798; x_wconf 69' lang='lat' dir='ltr'>providentiae</span> 
     </span>
    </p>
   </div>
   <div class='ocr_carea' id='block_1_56' title="bbox 418 3814 2053 3883">
    <p class='ocr_par' dir='ltr' id='par_1_56' title="bbox 418 3814 2053 3883">
     <span class='ocr_line' id='line_1_56' title="bbox 418 3814 2053 3883; baseline -0.001 -14"><span class='ocrx_word' id='word_1_406' title='bbox 418 3819 704 3869; x_wconf 85' lang='lat' dir='ltr'>censetur.</span> <span class='ocrx_word' id='word_1_407' title='bbox 742 3814 803 3868; x_wconf 93' lang='lat' dir='ltr'>In</span> <span class='ocrx_word' id='word_1_408' title='bbox 831 3815 952 3870; x_wconf 85' lang='lat' dir='ltr'>haec</span> <span class='ocrx_word' id='word_1_409' title='bbox 978 3819 1207 3870; x_wconf 88' lang='lat' dir='ltr'>decreta</span> <span class='ocrx_word' id='word_1_410' title='bbox 1232 3815 1331 3871; x_wconf 89' lang='lat' dir='ltr'>ubi</span> <span class='ocrx_word' id='word_1_411' title='bbox 1362 3832 1563 3871; x_wconf 89' lang='lat' dir='ltr'>omnes</span> <span class='ocrx_word' id='word_1_412' title='bbox 1594 3816 2053 3883; x_wconf 84' lang='lat' dir='ltr'>consensissent,</span> 
     </span>
    </p>
   </div>
   <div class='ocr_carea' id='block_1_57' title="bbox 416 3902 2055 3975">
    <p class='ocr_par' dir='ltr' id='par_1_57' title="bbox 416 3902 2055 3975">
     <span class='ocr_line' id='line_1_57' title="bbox 416 3902 2055 3975; baseline 0.001 -20"><span class='ocrx_word' id='word_1_413' title='bbox 416 3902 659 3957; x_wconf 88' lang='lat' dir='ltr'>mittunt</span> <span class='ocrx_word' id='word_1_414' title='bbox 688 3902 889 3956; x_wconf 85' lang='lat' dir='ltr'>statim</span> <span class='ocrx_word' id='word_1_415' title='bbox 923 3903 1023 3973; x_wconf 89' lang='lat' dir='ltr'>qui</span> <span class='ocrx_word' id='word_1_416' title='bbox 1048 3903 1316 3958; x_wconf 88' lang='lat' dir='ltr'>hostibus</span> <span class='ocrx_word' id='word_1_417' title='bbox 1348 3903 1695 3975; x_wconf 86' lang='lat' dir='ltr'>promittant</span> <span class='ocrx_word' id='word_1_418' title='bbox 1718 3903 1969 3957; x_wconf 87' lang='lat' dir='ltr'>facturos</span> <span class='ocrx_word' id='word_1_419' title='bbox 1993 3919 2055 3957; x_wconf 91' lang='lat' dir='ltr'>se</span> 
     </span>
    </p>
   </div>
   <div class='ocr_carea' id='block_1_58' title="bbox 410 3991 2054 4063">
    <p class='ocr_par' dir='ltr' id='par_1_58' title="bbox 410 3991 2054 4063">
     <span class='ocr_line' id='line_1_58' title="bbox 410 3991 2054 4063; baseline 0.002 -20"><span class='ocrx_word' id='word_1_420' title='bbox 410 3991 565 4061; x_wconf 91' lang='lat' dir='ltr'>quod</span> <span class='ocrx_word' id='word_1_421' title='bbox 600 3991 1062 4061; x_wconf 77' lang='lat' dir='ltr'>239juberent,</span> <span class='ocrx_word' id='word_1_422' title='bbox 1088 3995 1399 4063; x_wconf 86' lang='lat' dir='ltr'>postquam</span> <span class='ocrx_word' id='word_1_423' title='bbox 1423 3991 1702 4062; x_wconf 86' lang='lat' dir='ltr'>aliquam,</span> <span class='ocrx_word' id='word_1_424' title='bbox 1729 3991 2054 4046; x_wconf 89' lang='lat' dir='ltr'>cessatione</span> 
     </span>
    </p>
   </div>
   <div class='ocr_carea' id='block_1_59' title="bbox 408 4078 2052 4150">
    <p class='ocr_par' dir='ltr' id='par_1_59' title="bbox 408 4078 2052 4150">
     <span class='ocr_line' id='line_1_59' title="bbox 408 4078 2052 4150; baseline 0.001 -18"><span class='ocrx_word' id='word_1_425' title='bbox 408 4078 807 4150; x_wconf 83' lang='lat' dir='ltr'>oppugnandi,</span> <span class='ocrx_word' id='word_1_426' title='bbox 824 4078 1068 4134; x_wconf 87' lang='lat' dir='ltr'>liberam</span> <span class='ocrx_word' id='word_1_427' title='bbox 1084 4080 1225 4150; x_wconf 89' lang='lat' dir='ltr'>ipsis</span> <span class='ocrx_word' id='word_1_428' title='bbox 1238 4079 1333 4134; x_wconf 90' lang='lat' dir='ltr'>ind</span> <span class='ocrx_word' id='word_1_429' title='bbox 1346 4079 1625 4135; x_wconf 88' lang='lat' dir='ltr'>ulsissent</span> <span class='ocrx_word' id='word_1_430' title='bbox 1636 4080 1708 4134; x_wconf 90' lang='lat' dir='ltr'>ad</span> <span class='ocrx_word' id='word_1_431' title='bbox 1723 4078 2052 4134; x_wconf 83' lang='lat' dir='ltr'>consultan-</span> 
     </span>
    </p>
   </div>
   <div class='ocr_carea' id='block_1_60' title="bbox 406 4165 2048 4223">
    <p class='ocr_par' dir='ltr' id='par_1_60' title="bbox 406 4165 2048 4223">
     <span class='ocr_line' id='line_1_60' title="bbox 406 4165 2048 4223; baseline 0.001 -3"><span class='ocrx_word' id='word_1_432' title='bbox 406 4167 545 4220; x_wconf 90' lang='lat' dir='ltr'>dum</span> <span class='ocrx_word' id='word_1_433' title='bbox 580 4183 825 4221; x_wconf 88' lang='lat' dir='ltr'>moram.</span> <span class='ocrx_word' id='word_1_434' title='bbox 858 4167 1155 4223; x_wconf 75' lang='lat' dir='ltr'>Concessae</span> <span class='ocrx_word' id='word_1_435' title='bbox 1187 4170 1244 4222; x_wconf 90' lang='lat' dir='ltr'>in</span> <span class='ocrx_word' id='word_1_436' title='bbox 1277 4184 1457 4222; x_wconf 77' lang='lat' dir='ltr'>unum</span> <span class='ocrx_word' id='word_1_437' title='bbox 1483 4165 1650 4222; x_wconf 91' lang='lat' dir='ltr'>illum</span> <span class='ocrx_word' id='word_1_438' title='bbox 1685 4167 1839 4221; x_wconf 89' lang='lat' dir='ltr'>diem</span> <span class='ocrx_word' id='word_1_439' title='bbox 1873 4167 2048 4222; x_wconf 85' lang='lat' dir='ltr'>indu-</span> 
     </span>
    </p>
   </div>
   <div class='ocr_carea' id='block_1_61' title="bbox 404 4254 2049 4326">
    <p class='ocr_par' dir='ltr' id='par_1_61' title="bbox 404 4254 2049 4326">
     <span class='ocr_line' id='line_1_61' title="bbox 404 4254 2049 4326; baseline 0.001 -19"><span class='ocrx_word' id='word_1_440' title='bbox 404 4254 526 4321; x_wconf 85' lang='lat' dir='ltr'>ciae,</span> <span class='ocrx_word' id='word_1_441' title='bbox 558 4271 705 4325; x_wconf 90' lang='lat' dir='ltr'>quas</span> <span class='ocrx_word' id='word_1_442' title='bbox 747 4271 879 4309; x_wconf 89' lang='lat' dir='ltr'>cum</span> <span class='ocrx_word' id='word_1_443' title='bbox 931 4254 1172 4326; x_wconf 90' lang='lat' dir='ltr'>produci</span> <span class='ocrx_word' id='word_1_444' title='bbox 1222 4254 1648 4325; x_wconf 88' lang='lat' dir='ltr'>postulassent,</span> <span class='ocrx_word' id='word_1_445' title='bbox 1696 4254 1843 4310; x_wconf 88' lang='lat' dir='ltr'>nihil</span> <span class='ocrx_word' id='word_1_446' title='bbox 1895 4254 2049 4309; x_wconf 89' lang='lat' dir='ltr'>ultra</span> 
     </span>
    </p>
   </div>
   <div class='ocr_carea' id='block_1_62' title="bbox 402 4342 2046 4414">
    <p class='ocr_par' dir='ltr' id='par_1_62' title="bbox 402 4342 2046 4414">
     <span class='ocr_line' id='line_1_62' title="bbox 402 4342 2046 4414; baseline 0.001 -19"><span class='ocrx_word' id='word_1_447' title='bbox 402 4343 717 4413; x_wconf 89' lang='lat' dir='ltr'>impetrare</span> <span class='ocrx_word' id='word_1_448' title='bbox 732 4342 967 4398; x_wconf 84' lang='lat' dir='ltr'>valueru</span> <span class='ocrx_word' id='word_1_449' title='bbox 980 4348 1042 4398; x_wconf 88' lang='lat' dir='ltr'>nt</span> <span class='ocrx_word' id='word_1_450' title='bbox 1059 4342 1216 4414; x_wconf 91' lang='lat' dir='ltr'>:quin</span> <span class='ocrx_word' id='word_1_451' title='bbox 1235 4343 1428 4413; x_wconf 87' lang='lat' dir='ltr'>potius</span> <span class='ocrx_word' id='word_1_452' title='bbox 1446 4343 1538 4397; x_wconf 89' lang='lat' dir='ltr'>die</span> <span class='ocrx_word' id='word_1_453' title='bbox 1552 4342 1750 4397; x_wconf 88' lang='lat' dir='ltr'>statim</span> <span class='ocrx_word' id='word_1_454' title='bbox 1765 4347 2046 4413; x_wconf 89' lang='lat' dir='ltr'>sequente</span> 
     </span>
    </p>
   </div>
   <div class='ocr_carea' id='block_1_63' title="bbox 401 4431 2040 4503">
    <p class='ocr_par' dir='ltr' id='par_1_63' title="bbox 401 4431 2040 4503">
     <span class='ocr_line' id='line_1_63' title="bbox 401 4431 2040 4503; baseline -0.001 -17"><span class='ocrx_word' id='word_1_455' title='bbox 401 4431 555 4486; x_wconf 90' lang='lat' dir='ltr'>omni</span> <span class='ocrx_word' id='word_1_456' title='bbox 572 4448 641 4485; x_wconf 84' lang='lat' dir='ltr'>ex</span> <span class='ocrx_word' id='word_1_457' title='bbox 662 4436 823 4501; x_wconf 89' lang='lat' dir='ltr'>parte</span> <span class='ocrx_word' id='word_1_458' title='bbox 852 4431 1364 4486; x_wconf 87' lang='lat' dir='ltr'>vehementissime</span> <span class='ocrx_word' id='word_1_459' title='bbox 1387 4431 1707 4503; x_wconf 87' lang='lat' dir='ltr'>oppugnati</span> <span class='ocrx_word' id='word_1_460' title='bbox 1734 4447 1968 4487; x_wconf 90' lang='lat' dir='ltr'>summa</span> <span class='ocrx_word' id='word_1_461' title='bbox 1987 4432 2040 4486; x_wconf 90' lang='lat' dir='ltr'>vi</span> 
     </span>
    </p>
   </div>
   <div class='ocr_carea' id='block_1_64' title="bbox 2204 1851 3846 1929">
    <p class='ocr_par' dir='ltr' id='par_1_64' title="bbox 2204 1851 3846 1929">
     <span class='ocr_line' id='line_1_64' title="bbox 2204 1851 3846 1929; baseline 0.007 -26"><span class='ocrx_word' id='word_1_462' title='bbox 2204 1851 2294 1904; x_wconf 85' lang='grc' dir='ltr'>καὶ</span> <span class='ocrx_word' id='word_1_463' title='bbox 2345 1856 2423 1922; x_wconf 81' lang='grc' dir='ltr'>τῷ</span> <span class='ocrx_word' id='word_1_464' title='bbox 2482 1851 2697 1925; x_wconf 89' lang='grc' dir='ltr'>βασιλεῖ</span> <span class='ocrx_word' id='word_1_465' title='bbox 2753 1852 3088 1926; x_wconf 75' lang='grc' dir='ltr'>ἠγγέλλοντο</span> <span class='ocrx_word' id='word_1_466' title='bbox 3143 1854 3210 1907; x_wconf 83' lang='grc' dir='ltr'>τὰ</span> <span class='ocrx_word' id='word_1_467' title='bbox 3273 1868 3605 1929; x_wconf 84' lang='grc' dir='ltr'>πραχθεντα,</span> <span class='ocrx_word' id='word_1_468' title='bbox 3667 1861 3846 1915; x_wconf 80' lang='grc' dir='ltr'>αὐτίκ’</span> 
     </span>
    </p>
   </div>
   <div class='ocr_carea' id='block_1_65' title="bbox 2205 1938 3843 2020">
    <p class='ocr_par' dir='ltr' id='par_1_65' title="bbox 2205 1938 3843 2020">
     <span class='ocr_line' id='line_1_65' title="bbox 2205 1938 3843 2020; baseline 0.006 -29"><span class='ocrx_word' id='word_1_469' title='bbox 2205 1938 2407 1999; x_wconf 84' lang='grc' dir='ltr'>έκεὶνος</span> <span class='ocrx_word' id='word_1_470' title='bbox 2465 1938 2602 2012; x_wconf 73' lang='grc' dir='ltr'>πρὸς</span> <span class='ocrx_word' id='word_1_471' title='bbox 2653 1940 2752 2006; x_wconf 79' lang='grc' dir='ltr'>τὴν</span> <span class='ocrx_word' id='word_1_472' title='bbox 2801 1938 3061 2013; x_wconf 87' lang='grc' dir='ltr'>ἀγγελίαν</span> <span class='ocrx_word' id='word_1_473' title='bbox 3111 1943 3459 2013; x_wconf 72' lang='grc' dir='ltr'>παροξυνθεὶς</span> <span class='ocrx_word' id='word_1_474' title='bbox 3502 1943 3732 2020; x_wconf 73' lang='grc' dir='ltr'>ἄσχετος</span> <span class='ocrx_word' id='word_1_475' title='bbox 3778 1950 3843 2016; x_wconf 77' lang='grc' dir='ltr'>ἦν</span> 
     </span>
    </p>
   </div>
   <div class='ocr_carea' id='block_1_66' title="bbox 2200 2025 3837 2109">
    <p class='ocr_par' dir='ltr' id='par_1_66' title="bbox 2200 2025 3837 2109">
     <span class='ocr_line' id='line_1_66' title="bbox 2200 2025 3837 2109; baseline 0.007 -29"><span class='ocrx_word' id='word_1_476' title='bbox 2200 2032 2279 2097; x_wconf 79' lang='grc' dir='ltr'>τῷ</span> <span class='ocrx_word' id='word_1_477' title='bbox 2309 2026 2465 2099; x_wconf 81' lang='grc' dir='ltr'>θυμῷ</span> <span class='ocrx_word' id='word_1_478' title='bbox 2495 2027 2584 2081; x_wconf 82' lang='grc' dir='ltr'>καὶ</span> <span class='ocrx_word' id='word_1_479' title='bbox 2625 2025 2771 2081; x_wconf 85' lang='grc' dir='ltr'>δεινά</span> <span class='ocrx_word' id='word_1_480' title='bbox 2814 2026 3008 2084; x_wconf 86' lang='grc' dir='ltr'>ἐποίει.</span> <span class='ocrx_word' id='word_1_481' title='bbox 3059 2028 3159 2085; x_wconf 86' lang='grc' dir='ltr'>Καὶ</span> <span class='ocrx_word' id='word_1_482' title='bbox 3192 2028 3258 2098; x_wconf 76' lang='grc' dir='ltr'>δὴ</span> <span class='ocrx_word' id='word_1_483' title='bbox 3290 2031 3381 2085; x_wconf 84' lang='grc' dir='ltr'>τὸν</span> <span class='ocrx_word' id='word_1_484' title='bbox 3436 2034 3528 2104; x_wconf 79' lang='grc' dir='ltr'>μὲν</span> <span class='ocrx_word' id='word_1_485' title='bbox 3581 2035 3837 2109; x_wconf 84' lang='grc' dir='ltr'>ἀρχιερέα</span> 
     </span>
    </p>
   </div>
   <div class='ocr_carea' id='block_1_67' title="bbox 2201 2113 3837 2193">
    <p class='ocr_par' dir='ltr' id='par_1_67' title="bbox 2201 2113 3837 2193">
     <span class='ocr_line' id='line_1_67' title="bbox 2201 2113 3837 2193; baseline 0.008 -27"><span class='ocrx_word' id='word_1_486' title='bbox 2201 2113 2275 2175; x_wconf 78' lang='grc' dir='ltr'>εἷς</span> <span class='ocrx_word' id='word_1_487' title='bbox 2331 2116 2428 2182; x_wconf 79' lang='grc' dir='ltr'>τὴν</span> <span class='ocrx_word' id='word_1_488' title='bbox 2487 2116 2632 2187; x_wconf 84' lang='grc' dir='ltr'>παρᾶ</span> <span class='ocrx_word' id='word_1_489' title='bbox 2687 2121 2786 2183; x_wconf 81' lang='grc' dir='ltr'>τῆς</span> <span class='ocrx_word' id='word_1_490' title='bbox 2840 2113 3169 2184; x_wconf 80' lang='grc' dir='ltr'>Ἑκκλησίας</span> <span class='ocrx_word' id='word_1_491' title='bbox 3226 2118 3397 2185; x_wconf 78' lang='grc' dir='ltr'>κρίσιν</span> <span class='ocrx_word' id='word_1_492' title='bbox 3454 2121 3697 2193; x_wconf 85' lang='grc' dir='ltr'>καθίστα,</span> <span class='ocrx_word' id='word_1_493' title='bbox 3749 2125 3837 2179; x_wconf 82' lang='grc' dir='ltr'>καί</span> 
     </span>
    </p>
   </div>
   <div class='ocr_carea' id='block_1_68' title="bbox 2201 2201 3823 2279">
    <p class='ocr_par' dir='ltr' id='par_1_68' title="bbox 2201 2201 3823 2279">
     <span class='ocr_line' id='line_1_68' title="bbox 2201 2201 3823 2279; baseline 0.006 -24"><span class='ocrx_word' id='word_1_494' title='bbox 2201 2201 2458 2275; x_wconf 81' lang='grc' dir='ltr'>ἐκρίνετο,</span> <span class='ocrx_word' id='word_1_495' title='bbox 2515 2201 2604 2255; x_wconf 86' lang='grc' dir='ltr'>καὶ</span> <span class='ocrx_word' id='word_1_496' title='bbox 2663 2201 2819 2276; x_wconf 73' lang='grc' dir='ltr'>ἐγγὺς</span> <span class='ocrx_word' id='word_1_497' title='bbox 2873 2202 3011 2270; x_wconf 76' lang='grc' dir='ltr'>ἦλθε</span> <span class='ocrx_word' id='word_1_498' title='bbox 3066 2208 3161 2257; x_wconf 75' lang='grc' dir='ltr'>τοῦ</span> <span class='ocrx_word' id='word_1_499' title='bbox 3218 2202 3544 2261; x_wconf 85' lang='grc' dir='ltr'>κινδυνεύειν</span> <span class='ocrx_word' id='word_1_500' title='bbox 3601 2210 3672 2271; x_wconf 77' lang='grc' dir='ltr'>εἷς</span> <span class='ocrx_word' id='word_1_501' title='bbox 3727 2214 3823 2279; x_wconf 74' lang='grc' dir='ltr'>τὴν</span> 
     </span>
    </p>
   </div>
   <div class='ocr_carea' id='block_1_69' title="bbox 2199 2288 3359 2367">
    <p class='ocr_par' dir='ltr' id='par_1_69' title="bbox 2199 2288 3359 2367">
     <span class='ocr_line' id='line_1_69' title="bbox 2199 2288 3359 2367; baseline 0.003 -24"><span class='ocrx_word' id='word_1_502' title='bbox 2199 2288 2332 2344; x_wconf 87' lang='grc' dir='ltr'>ἰδίαν</span> <span class='ocrx_word' id='word_1_503' title='bbox 2390 2290 2663 2361; x_wconf 77' lang='grc' dir='ltr'>ἐπιτιμίαν</span> <span class='ocrx_word' id='word_1_504' title='bbox 2742 2290 2816 2351; x_wconf 83' lang='grc' dir='ltr'>ὡς</span> <span class='ocrx_word' id='word_1_505' title='bbox 2873 2297 2991 2352; x_wconf 88' lang='grc' dir='ltr'>τοῖς</span> <span class='ocrx_word' id='word_1_506' title='bbox 3067 2300 3359 2367; x_wconf 79' lang='grc' dir='ltr'>πραχθεῖσι</span> 
     </span>
    </p>
   </div>
   <div class='ocr_carea' id='block_1_70' title="bbox 2194 2377 3820 2457">
    <p class='ocr_par' dir='ltr' id='par_1_70' title="bbox 2194 2377 3820 2457">
     <span class='ocr_line' id='line_1_70' title="bbox 2194 2377 3820 2457; baseline 0.005 -25"><span class='ocrx_word' id='word_1_507' title='bbox 2194 2377 2416 2440; x_wconf 74' lang='grc' dir='ltr'>ἐκεῖνος·</span> <span class='ocrx_word' id='word_1_508' title='bbox 2474 2378 2600 2439; x_wconf 77' lang='grc' dir='ltr'>τοὺς</span> <span class='ocrx_word' id='word_1_509' title='bbox 2666 2380 2847 2450; x_wconf 88' lang='grc' dir='ltr'>μέντοι</span> <span class='ocrx_word' id='word_1_510' title='bbox 2897 2381 2947 2453; x_wconf 89' lang='grc' dir='ltr'>γ’</span> <span class='ocrx_word' id='word_1_511' title='bbox 3008 2380 3240 2442; x_wconf 77' lang='grc' dir='ltr'>οἰκείους</span> <span class='ocrx_word' id='word_1_512' title='bbox 3273 2383 3299 2435; x_wconf 89' lang='grc' dir='ltr'>ὁ</span> <span class='ocrx_word' id='word_1_513' title='bbox 3335 2384 3584 2457; x_wconf 80' lang='grc' dir='ltr'>βασιλεὺς</span> <span class='ocrx_word' id='word_1_514' title='bbox 3641 2388 3820 2457; x_wconf 82' lang='grc' dir='ltr'>μαστί-</span> 
     </span>
    </p>
   </div>
   <div class='ocr_carea' id='block_1_71' title="bbox 2192 2467 3824 2541">
    <p class='ocr_par' dir='ltr' id='par_1_71' title="bbox 2192 2467 3824 2541">
     <span class='ocr_line' id='line_1_71' title="bbox 2192 2467 3824 2541; baseline 0.006 -21"><span class='ocrx_word' id='word_1_515' title='bbox 2192 2470 2283 2539; x_wconf 81' lang='grc' dir='ltr'>ξας</span> <span class='ocrx_word' id='word_1_516' title='bbox 2345 2471 2431 2521; x_wconf 83' lang='grc' dir='ltr'>καί</span> <span class='ocrx_word' id='word_1_517' title='bbox 2492 2468 2565 2528; x_wconf 88' lang='grc' dir='ltr'>ὡς</span> <span class='ocrx_word' id='word_1_518' title='bbox 2618 2467 2685 2534; x_wconf 79' lang='grc' dir='ltr'>ἧν</span> <span class='ocrx_word' id='word_1_519' title='bbox 2733 2488 3058 2541; x_wconf 84' lang='grc' dir='ltr'>γυναικειαις</span> <span class='ocrx_word' id='word_1_520' title='bbox 3116 2470 3393 2541; x_wconf 85' lang='grc' dir='ltr'>ἀτιμώσας</span> <span class='ocrx_word' id='word_1_521' title='bbox 3448 2472 3667 2534; x_wconf 87' lang='grc' dir='ltr'>στολαῖς</span> <span class='ocrx_word' id='word_1_522' title='bbox 3723 2475 3824 2529; x_wconf 86' lang='grc' dir='ltr'>ἀπὸ</span> 
     </span>
    </p>
   </div>
   <div class='ocr_carea' id='block_1_72' title="bbox 2190 2555 3827 2633">
    <p class='ocr_par' dir='ltr' id='par_1_72' title="bbox 2190 2555 3827 2633">
     <span class='ocr_line' id='line_1_72' title="bbox 2190 2555 3827 2633; baseline 0.004 -25"><span class='ocrx_word' id='word_1_523' title='bbox 2190 2556 2488 2629; x_wconf 90' lang='grc' dir='ltr'>προσώπου</span> <span class='ocrx_word' id='word_1_524' title='bbox 2539 2558 2598 2628; x_wconf 88' lang='grc' dir='ltr'>[Ρ</span> <span class='ocrx_word' id='word_1_525' title='bbox 2649 2558 2771 2628; x_wconf 83' lang='grc'>159]</span> <span class='ocrx_word' id='word_1_526' title='bbox 2821 2555 3009 2610; x_wconf 84' lang='grc' dir='ltr'>ἐποίει·</span> <span class='ocrx_word' id='word_1_527' title='bbox 3048 2557 3145 2611; x_wconf 84' lang='grc' dir='ltr'>Καὶ</span> <span class='ocrx_word' id='word_1_528' title='bbox 3200 2558 3418 2631; x_wconf 77' lang='grc' dir='ltr'>πέμψας</span> <span class='ocrx_word' id='word_1_529' title='bbox 3462 2563 3556 2623; x_wconf 80' lang='grc' dir='ltr'>τὰς</span> <span class='ocrx_word' id='word_1_530' title='bbox 3611 2562 3704 2633; x_wconf 76' lang='grc' dir='ltr'>μὶν</span> <span class='ocrx_word' id='word_1_531' title='bbox 3736 2568 3827 2617; x_wconf 76' lang='grc' dir='ltr'>τοῦ</span> 
     </span>
    </p>
   </div>
   <div class='ocr_carea' id='block_1_73' title="bbox 2190 2642 3823 2725">
    <p class='ocr_par' dir='ltr' id='par_1_73' title="bbox 2190 2642 3823 2725">
     <span class='ocr_line' id='line_1_73' title="bbox 2190 2642 3823 2725; baseline 0.006 -28"><span class='ocrx_word' id='word_1_532' title='bbox 2190 2642 2420 2698; x_wconf 84' lang='grc' dir='ltr'>σουλτάν</span> <span class='ocrx_word' id='word_1_533' title='bbox 2471 2644 2545 2705; x_wconf 83' lang='grc' dir='ltr'>εἷς</span> <span class='ocrx_word' id='word_1_534' title='bbox 2591 2650 2817 2718; x_wconf 82' lang='grc' dir='ltr'>γυναῖκα</span> <span class='ocrx_word' id='word_1_535' title='bbox 2874 2644 2961 2699; x_wconf 75' lang='grc' dir='ltr'>καὶ</span> <span class='ocrx_word' id='word_1_536' title='bbox 3007 2645 3290 2720; x_wconf 84' lang='grc' dir='ltr'>θυγατέρα,</span> <span class='ocrx_word' id='word_1_537' title='bbox 3345 2643 3422 2703; x_wconf 78' lang='grc' dir='ltr'>ἔτι</span> <span class='ocrx_word' id='word_1_538' title='bbox 3482 2648 3541 2703; x_wconf 76' lang='grc' dir='ltr'>δὲ</span> <span class='ocrx_word' id='word_1_539' title='bbox 3587 2653 3674 2705; x_wconf 75' lang='grc' dir='ltr'>καὶ</span> <span class='ocrx_word' id='word_1_540' title='bbox 3714 2674 3823 2725; x_wconf 84' lang='grc' dir='ltr'>μη-</span> 
     </span>
    </p>
   </div>
   <div class='ocr_carea' id='block_1_74' title="bbox 3450 2294 3813 2367">
    <p class='ocr_par' dir='ltr' id='par_1_74' title="bbox 3450 2294 3813 2367">
     <span class='ocr_line' id='line_1_74' title="bbox 3450 2294 3813 2367; baseline 0.006 -17"><span class='ocrx_word' id='word_1_541' title='bbox 3450 2294 3813 2367; x_wconf 73' lang='grc' dir='ltr'>μεσολαϐήσας</span> 
     </span>
    </p>
   </div>
   <div class='ocr_carea' id='block_1_75' title="bbox 2182 2838 3823 2914">
    <p class='ocr_par' dir='ltr' id='par_1_75' title="bbox 2182 2838 3823 2914">
     <span class='ocr_line' id='line_1_75' title="bbox 2182 2838 3823 2914; baseline 0.005 -21"><span class='ocrx_word' id='word_1_542' title='bbox 2182 2839 2392 2893; x_wconf 90' lang='lat' dir='ltr'>tinum.</span> <span class='ocrx_word' id='word_1_543' title='bbox 2423 2838 2654 2894; x_wconf 87' lang='lat' dir='ltr'>Nullam</span> <span class='ocrx_word' id='word_1_544' title='bbox 2698 2839 2790 2893; x_wconf 90' lang='lat' dir='ltr'>die</span> <span class='ocrx_word' id='word_1_545' title='bbox 2818 2856 3039 2896; x_wconf 88' lang='lat' dir='ltr'>moram</span> <span class='ocrx_word' id='word_1_546' title='bbox 3073 2841 3208 2897; x_wconf 91' lang='lat' dir='ltr'>fecit</span> <span class='ocrx_word' id='word_1_547' title='bbox 3254 2845 3671 2914; x_wconf 78' lang='lat' dir='ltr'>promissorum</span> <span class='ocrx_word' id='word_1_548' title='bbox 3704 2864 3736 2901; x_wconf 90' lang='lat' dir='ltr'>a</span> <span class='ocrx_word' id='word_1_549' title='bbox 3765 2864 3823 2902; x_wconf 91' lang='lat' dir='ltr'>se</span> 
     </span>
    </p>
   </div>
   <div class='ocr_carea' id='block_1_76' title="bbox 2178 2927 3817 3003">
    <p class='ocr_par' dir='ltr' id='par_1_76' title="bbox 2178 2927 3817 3003">
     <span class='ocr_line' id='line_1_76' title="bbox 2178 2927 3817 3003; baseline 0.005 -21"><span class='ocrx_word' id='word_1_550' title='bbox 2178 2927 2353 2983; x_wconf 87' lang='lat' dir='ltr'>ﬁdem</span> <span class='ocrx_word' id='word_1_551' title='bbox 2383 2928 2497 2983; x_wconf 94' lang='lat' dir='ltr'>Deo</span> <span class='ocrx_word' id='word_1_552' title='bbox 2528 2932 2677 2982; x_wconf 87' lang='lat' dir='ltr'>teste</span> <span class='ocrx_word' id='word_1_553' title='bbox 2707 2928 3007 2983; x_wconf 90' lang='lat' dir='ltr'>sanciendi</span> <span class='ocrx_word' id='word_1_554' title='bbox 3030 2933 3327 3003; x_wconf 88' lang='lat' dir='ltr'>conceptis</span> <span class='ocrx_word' id='word_1_555' title='bbox 3346 2933 3455 2988; x_wconf 90' lang='lat' dir='ltr'>rite</span> <span class='ocrx_word' id='word_1_556' title='bbox 3472 2935 3686 3002; x_wconf 89' lang='lat' dir='ltr'>verbis,</span> <span class='ocrx_word' id='word_1_557' title='bbox 3708 2937 3817 2991; x_wconf 90' lang='lat' dir='ltr'>sub</span> 
     </span>
    </p>
   </div>
   <div class='ocr_carea' id='block_1_77' title="bbox 2178 3016 3818 3090">
    <p class='ocr_par' dir='ltr' id='par_1_77' title="bbox 2178 3016 3818 3090">
     <span class='ocr_line' id='line_1_77' title="bbox 2178 3016 3818 3090; baseline 0.005 -20"><span class='ocrx_word' id='word_1_558' title='bbox 2178 3016 2521 3071; x_wconf 89' lang='lat' dir='ltr'>auctoritate</span> <span class='ocrx_word' id='word_1_559' title='bbox 2553 3032 2619 3071; x_wconf 91' lang='lat' dir='ltr'>ac</span> <span class='ocrx_word' id='word_1_560' title='bbox 2642 3020 2787 3070; x_wconf 92' lang='lat' dir='ltr'>nutu</span> <span class='ocrx_word' id='word_1_561' title='bbox 2817 3017 3072 3089; x_wconf 87' lang='lat' dir='ltr'>episcopi</span> <span class='ocrx_word' id='word_1_562' title='bbox 3105 3021 3427 3090; x_wconf 67' lang='lat' dir='ltr'>praesentis.</span> <span class='ocrx_word' id='word_1_563' title='bbox 3459 3023 3723 3085; x_wconf 86' lang='lat' dir='ltr'>Quicum</span> <span class='ocrx_word' id='word_1_564' title='bbox 3745 3026 3818 3078; x_wconf 90' lang='lat' dir='ltr'>ad</span> 
     </span>
    </p>
   </div>
   <div class='ocr_carea' id='block_1_78' title="bbox 2178 3103 3816 3176">
    <p class='ocr_par' dir='ltr' id='par_1_78' title="bbox 2178 3103 3816 3176">
     <span class='ocr_line' id='line_1_78' title="bbox 2178 3103 3816 3176; baseline 0.005 -18"><span class='ocrx_word' id='word_1_565' title='bbox 2178 3119 2318 3159; x_wconf 89' lang='lat' dir='ltr'>suos</span> <span class='ocrx_word' id='word_1_566' title='bbox 2351 3103 2641 3173; x_wconf 89' lang='lat' dir='ltr'>rediisset,</span> <span class='ocrx_word' id='word_1_567' title='bbox 2664 3104 2860 3160; x_wconf 87' lang='lat' dir='ltr'>statim</span> <span class='ocrx_word' id='word_1_568' title='bbox 2887 3106 2987 3176; x_wconf 88' lang='lat' dir='ltr'>qui</span> <span class='ocrx_word' id='word_1_569' title='bbox 3010 3123 3202 3163; x_wconf 85' lang='lat' dir='ltr'>arcem</span> <span class='ocrx_word' id='word_1_570' title='bbox 3225 3109 3503 3164; x_wconf 87' lang='lat' dir='ltr'>tenebant</span> <span class='ocrx_word' id='word_1_571' title='bbox 3525 3110 3816 3167; x_wconf 88' lang='lat' dir='ltr'>sultanem</span> 
     </span>
    </p>
   </div>
   <div class='ocr_carea' id='block_1_79' title="bbox 2177 3192 3817 3268">
    <p class='ocr_par' dir='ltr' id='par_1_79' title="bbox 2177 3192 3817 3268">
     <span class='ocr_line' id='line_1_79' title="bbox 2177 3192 3817 3268; baseline 0.005 -23"><span class='ocrx_word' id='word_1_572' title='bbox 2177 3192 2528 3247; x_wconf 90' lang='lat' dir='ltr'>dimiserunt</span> <span class='ocrx_word' id='word_1_573' title='bbox 2590 3209 2721 3247; x_wconf 90' lang='lat' dir='ltr'>cum</span> <span class='ocrx_word' id='word_1_574' title='bbox 2771 3194 2895 3247; x_wconf 89' lang='lat' dir='ltr'>suis</span> <span class='ocrx_word' id='word_1_575' title='bbox 2942 3196 3115 3249; x_wconf 90' lang='lat' dir='ltr'>rebus</span> <span class='ocrx_word' id='word_1_576' title='bbox 3170 3198 3395 3252; x_wconf 90' lang='lat' dir='ltr'>cunctis</span> <span class='ocrx_word' id='word_1_577' title='bbox 3429 3198 3817 3268; x_wconf 87' lang='lat' dir='ltr'>universeque</span> 
     </span>
    </p>
   </div>
   <div class='ocr_carea' id='block_1_80' title="bbox 2167 3280 3821 3353">
    <p class='ocr_par' dir='ltr' id='par_1_80' title="bbox 2167 3280 3821 3353">
     <span class='ocr_line' id='line_1_80' title="bbox 2167 3280 3821 3353; baseline 0.005 -19"><span class='ocrx_word' id='word_1_578' title='bbox 2167 3280 2357 3350; x_wconf 87' lang='lat' dir='ltr'>ipsius</span> <span class='ocrx_word' id='word_1_579' title='bbox 2389 3280 2690 3336; x_wconf 86' lang='lat' dir='ltr'>comitatu.</span> <span class='ocrx_word' id='word_1_580' title='bbox 2724 3281 2801 3335; x_wconf 94' lang='lat' dir='ltr'>Eo</span> <span class='ocrx_word' id='word_1_581' title='bbox 2826 3289 3050 3353; x_wconf 87' lang='lat' dir='ltr'>recepto</span> <span class='ocrx_word' id='word_1_582' title='bbox 3078 3284 3381 3339; x_wconf 82' lang='lat' dir='ltr'>confestim</span> <span class='ocrx_word' id='word_1_583' title='bbox 3405 3285 3604 3341; x_wconf 89' lang='lat' dir='ltr'>hostes</span> <span class='ocrx_word' id='word_1_584' title='bbox 3633 3303 3821 3343; x_wconf 89' lang='lat' dir='ltr'>reces-</span> 
     </span>
    </p>
   </div>
   <div class='ocr_carea' id='block_1_81' title="bbox 2166 3368 3809 3439">
    <p class='ocr_par' dir='ltr' id='par_1_81' title="bbox 2166 3368 3809 3439">
     <span class='ocr_line' id='line_1_81' title="bbox 2166 3368 3809 3439; baseline 0.004 -16"><span class='ocrx_word' id='word_1_585' title='bbox 2166 3372 2390 3436; x_wconf 86' lang='lat' dir='ltr'>serunt,</span> <span class='ocrx_word' id='word_1_586' title='bbox 2415 3368 2560 3423; x_wconf 90' lang='lat' dir='ltr'>nihil</span> <span class='ocrx_word' id='word_1_587' title='bbox 2585 3368 2839 3439; x_wconf 87' lang='lat' dir='ltr'>amplius</span> <span class='ocrx_word' id='word_1_588' title='bbox 2863 3369 3213 3426; x_wconf 86' lang='lat' dir='ltr'>facessentes</span> <span class='ocrx_word' id='word_1_589' title='bbox 3234 3372 3515 3429; x_wconf 79' lang='lat' dir='ltr'>molestiae</span> <span class='ocrx_word' id='word_1_590' title='bbox 3541 3392 3553 3429; x_wconf 93' lang='lat'><strong>:</strong></span> <span class='ocrx_word' id='word_1_591' title='bbox 3579 3380 3809 3430; x_wconf 90' lang='lat' dir='ltr'>cautum</span> 
     </span>
    </p>
   </div>
   <div class='ocr_carea' id='block_1_82' title="bbox 2164 3456 3804 3518">
    <p class='ocr_par' dir='ltr' id='par_1_82' title="bbox 2164 3456 3804 3518">
     <span class='ocr_line' id='line_1_82' title="bbox 2164 3456 3804 3518; baseline 0.004 -7"><span class='ocrx_word' id='word_1_592' title='bbox 2164 3456 2319 3511; x_wconf 90' lang='lat' dir='ltr'>enim</span> <span class='ocrx_word' id='word_1_593' title='bbox 2354 3456 2701 3514; x_wconf 87' lang='lat' dir='ltr'>sacramenti</span> <span class='ocrx_word' id='word_1_594' title='bbox 2732 3457 2986 3513; x_wconf 85' lang='lat' dir='ltr'>formula</span> <span class='ocrx_word' id='word_1_595' title='bbox 3017 3459 3231 3514; x_wconf 89' lang='lat' dir='ltr'>diserte</span> <span class='ocrx_word' id='word_1_596' title='bbox 3264 3460 3453 3516; x_wconf 85' lang='lat' dir='ltr'>fuerat</span> <span class='ocrx_word' id='word_1_597' title='bbox 3483 3466 3548 3516; x_wconf 92' lang='lat' dir='ltr'>ut</span> <span class='ocrx_word' id='word_1_598' title='bbox 3578 3463 3804 3518; x_wconf 87' lang='lat' dir='ltr'>sultane</span> 
     </span>
    </p>
   </div>
   <div class='ocr_carea' id='block_1_83' title="bbox 2162 3544 3805 3619">
    <p class='ocr_par' dir='ltr' id='par_1_83' title="bbox 2162 3544 3805 3619">
     <span class='ocr_line' id='line_1_83' title="bbox 2162 3544 3805 3619; baseline 0.005 -20"><span class='ocrx_word' id='word_1_599' title='bbox 2162 3544 2307 3615; x_wconf 90' lang='lat' dir='ltr'>ipsis</span> <span class='ocrx_word' id='word_1_600' title='bbox 2338 3546 2552 3600; x_wconf 88' lang='lat' dir='ltr'>tradito</span> <span class='ocrx_word' id='word_1_601' title='bbox 2602 3545 2858 3600; x_wconf 86' lang='lat' dir='ltr'>contenti</span> <span class='ocrx_word' id='word_1_602' title='bbox 2892 3545 3035 3600; x_wconf 91' lang='lat' dir='ltr'>nihil</span> <span class='ocrx_word' id='word_1_603' title='bbox 3071 3547 3223 3602; x_wconf 92' lang='lat' dir='ltr'>ultra</span> <span class='ocrx_word' id='word_1_604' title='bbox 3271 3550 3657 3619; x_wconf 88' lang='lat' dir='ltr'>requirerent.</span> <span class='ocrx_word' id='word_1_605' title='bbox 3688 3552 3805 3607; x_wconf 88' lang='lat' dir='ltr'>Hoc</span> 
     </span>
    </p>
   </div>
   <div class='ocr_carea' id='block_1_84' title="bbox 2163 3634 3803 3709">
    <p class='ocr_par' dir='ltr' id='par_1_84' title="bbox 2163 3634 3803 3709">
     <span class='ocr_line' id='line_1_84' title="bbox 2163 3634 3803 3709; baseline 0.005 -21"><span class='ocrx_word' id='word_1_606' title='bbox 2163 3638 2371 3689; x_wconf 89' lang='lat' dir='ltr'>eventu</span> <span class='ocrx_word' id='word_1_607' title='bbox 2387 3634 2659 3706; x_wconf 87' lang='lat' dir='ltr'>apparuit</span> <span class='ocrx_word' id='word_1_608' title='bbox 2676 3635 3071 3691; x_wconf 89' lang='lat' dir='ltr'>ineluctabilis</span> <span class='ocrx_word' id='word_1_609' title='bbox 3089 3635 3268 3690; x_wconf 91' lang='lat' dir='ltr'>divini</span> <span class='ocrx_word' id='word_1_610' title='bbox 3289 3638 3503 3693; x_wconf 70' lang='lat' dir='ltr'>decreti</span> <span class='ocrx_word' id='word_1_611' title='bbox 3522 3642 3803 3709; x_wconf 89' lang='lat' dir='ltr'>potentia,</span> 
     </span>
    </p>
   </div>
   <div class='ocr_carea' id='block_1_85' title="bbox 2162 3722 3807 3799">
    <p class='ocr_par' dir='ltr' id='par_1_85' title="bbox 2162 3722 3807 3799">
     <span class='ocr_line' id='line_1_85' title="bbox 2162 3722 3807 3799; baseline 0.004 -22"><span class='ocrx_word' id='word_1_612' title='bbox 2162 3722 2254 3777; x_wconf 91' lang='lat' dir='ltr'>cui</span> <span class='ocrx_word' id='word_1_613' title='bbox 2282 3724 2503 3778; x_wconf 85' lang='lat' dir='ltr'>frustra</span> <span class='ocrx_word' id='word_1_614' title='bbox 2533 3724 2814 3779; x_wconf 89' lang='lat' dir='ltr'>obsistere</span> <span class='ocrx_word' id='word_1_615' title='bbox 2828 3728 3071 3779; x_wconf 89' lang='lat' dir='ltr'>conetur</span> <span class='ocrx_word' id='word_1_616' title='bbox 3086 3725 3174 3780; x_wconf 91' lang='lat' dir='ltr'>vis</span> <span class='ocrx_word' id='word_1_617' title='bbox 3197 3741 3263 3781; x_wconf 91' lang='lat' dir='ltr'>ac</span> <span class='ocrx_word' id='word_1_618' title='bbox 3283 3727 3591 3796; x_wconf 86' lang='lat' dir='ltr'>prudentia</span> <span class='ocrx_word' id='word_1_619' title='bbox 3623 3745 3807 3799; x_wconf 87' lang='lat' dir='ltr'>quan-</span> 
     </span>
    </p>
   </div>
   <div class='ocr_carea' id='block_1_86' title="bbox 2160 3812 3799 3886">
    <p class='ocr_par' dir='ltr' id='par_1_86' title="bbox 2160 3812 3799 3886">
     <span class='ocr_line' id='line_1_86' title="bbox 2160 3812 3799 3886; baseline 0.004 -21"><span class='ocrx_word' id='word_1_620' title='bbox 2160 3812 2331 3867; x_wconf 86' lang='lat' dir='ltr'>tavis.</span> <span class='ocrx_word' id='word_1_621' title='bbox 2369 3812 2464 3868; x_wconf 88' lang='lat' dir='ltr'>Die</span> <span class='ocrx_word' id='word_1_622' title='bbox 2513 3812 2801 3883; x_wconf 85' lang='lat' dir='ltr'>sequenti,</span> <span class='ocrx_word' id='word_1_623' title='bbox 2854 3814 3110 3868; x_wconf 89' lang='lat' dir='ltr'>secunda</span> <span class='ocrx_word' id='word_1_624' title='bbox 3160 3814 3231 3868; x_wconf 90' lang='lat' dir='ltr'>ab</span> <span class='ocrx_word' id='word_1_625' title='bbox 3280 3831 3347 3869; x_wconf 89' lang='lat' dir='ltr'>ea</span> <span class='ocrx_word' id='word_1_626' title='bbox 3396 3832 3513 3886; x_wconf 89' lang='lat' dir='ltr'>qua</span> <span class='ocrx_word' id='word_1_627' title='bbox 3568 3817 3799 3872; x_wconf 89' lang='lat' dir='ltr'>deditus</span> 
     </span>
    </p>
   </div>
   <div class='ocr_carea' id='block_1_87' title="bbox 2159 3898 3793 3974">
    <p class='ocr_par' dir='ltr' id='par_1_87' title="bbox 2159 3898 3793 3974">
     <span class='ocr_line' id='line_1_87' title="bbox 2159 3898 3793 3974; baseline 0.006 -23"><span class='ocrx_word' id='word_1_628' title='bbox 2159 3898 2357 3953; x_wconf 89' lang='lat' dir='ltr'>sultan</span> <span class='ocrx_word' id='word_1_629' title='bbox 2386 3903 2497 3967; x_wconf 90' lang='lat' dir='ltr'>est,</span> <span class='ocrx_word' id='word_1_630' title='bbox 2532 3904 2816 3971; x_wconf 88' lang='lat' dir='ltr'>apparent</span> <span class='ocrx_word' id='word_1_631' title='bbox 2842 3899 2900 3954; x_wconf 91' lang='lat' dir='ltr'>in</span> <span class='ocrx_word' id='word_1_632' title='bbox 2935 3900 3081 3954; x_wconf 90' lang='lat' dir='ltr'>mari</span> <span class='ocrx_word' id='word_1_633' title='bbox 3102 3901 3372 3956; x_wconf 90' lang='lat' dir='ltr'>triremes</span> <span class='ocrx_word' id='word_1_634' title='bbox 3396 3903 3793 3974; x_wconf 86' lang='lat' dir='ltr'>imperatoris;</span> 
     </span>
    </p>
   </div>
   <div class='ocr_carea' id='block_1_88' title="bbox 2158 3987 3791 4060">
    <p class='ocr_par' dir='ltr' id='par_1_88' title="bbox 2158 3987 3791 4060">
     <span class='ocr_line' id='line_1_88' title="bbox 2158 3987 3791 4060; baseline 0.003 -18"><span class='ocrx_word' id='word_1_635' title='bbox 2158 4003 2405 4058; x_wconf 88' lang='lat' dir='ltr'>quarum</span> <span class='ocrx_word' id='word_1_636' title='bbox 2425 3987 2674 4059; x_wconf 88' lang='lat' dir='ltr'>appulsu</span> <span class='ocrx_word' id='word_1_637' title='bbox 2691 3987 2879 4043; x_wconf 92' lang='lat' dir='ltr'>vicino</span> <span class='ocrx_word' id='word_1_638' title='bbox 2898 3992 3124 4043; x_wconf 88' lang='lat' dir='ltr'>tantum</span> <span class='ocrx_word' id='word_1_639' title='bbox 3150 3990 3394 4060; x_wconf 82' lang='lat' dir='ltr'>nonjam</span> <span class='ocrx_word' id='word_1_640' title='bbox 3416 3992 3791 4047; x_wconf 87' lang='lat' dir='ltr'>subeuntium</span> 
     </span>
    </p>
   </div>
   <div class='ocr_carea' id='block_1_89' title="bbox 2157 4076 3795 4150">
    <p class='ocr_par' dir='ltr' id='par_1_89' title="bbox 2157 4076 3795 4150">
     <span class='ocr_line' id='line_1_89' title="bbox 2157 4076 3795 4150; baseline 0.003 -20"><span class='ocrx_word' id='word_1_641' title='bbox 2157 4081 2390 4146; x_wconf 89' lang='lat' dir='ltr'>portum</span> <span class='ocrx_word' id='word_1_642' title='bbox 2423 4078 2577 4133; x_wconf 75' lang='lat'>240</span> <span class='ocrx_word' id='word_1_643' title='bbox 2618 4092 2747 4131; x_wconf 90' lang='lat' dir='ltr'>sera</span> <span class='ocrx_word' id='word_1_644' title='bbox 2779 4076 3057 4130; x_wconf 71' lang='lat' dir='ltr'>festinato:</span> <span class='ocrx_word' id='word_1_645' title='bbox 3098 4077 3411 4133; x_wconf 91' lang='lat' dir='ltr'>deditionis</span> <span class='ocrx_word' id='word_1_646' title='bbox 3452 4080 3795 4150; x_wconf 78' lang='lat' dir='ltr'>pmnitentia</span> 
     </span>
    </p>
   </div>
   <div class='ocr_carea' id='block_1_90' title="bbox 2154 4164 3797 4234">
    <p class='ocr_par' dir='ltr' id='par_1_90' title="bbox 2154 4164 3797 4234">
     <span class='ocr_line' id='line_1_90' title="bbox 2154 4164 3797 4234; baseline 0.004 -17"><span class='ocrx_word' id='word_1_647' title='bbox 2154 4164 2560 4234; x_wconf 90' lang='lat' dir='ltr'>imperatorios</span> <span class='ocrx_word' id='word_1_648' title='bbox 2592 4164 2824 4220; x_wconf 88' lang='lat' dir='ltr'>invasit.</span> <span class='ocrx_word' id='word_1_649' title='bbox 2878 4165 2988 4219; x_wconf 89' lang='lat' dir='ltr'>Sed</span> <span class='ocrx_word' id='word_1_650' title='bbox 3022 4181 3148 4234; x_wconf 87' lang='lat' dir='ltr'>quae</span> <span class='ocrx_word' id='word_1_651' title='bbox 3189 4165 3341 4221; x_wconf 77' lang='lat' dir='ltr'>facta</span> <span class='ocrx_word' id='word_1_652' title='bbox 3390 4172 3555 4223; x_wconf 89' lang='lat' dir='ltr'>erant</span> <span class='ocrx_word' id='word_1_653' title='bbox 3586 4168 3797 4224; x_wconf 90' lang='lat' dir='ltr'>infecta</span> 
     </span>
    </p>
   </div>
   <div class='ocr_carea' id='block_1_91' title="bbox 2152 4252 3792 4326">
    <p class='ocr_par' dir='ltr' id='par_1_91' title="bbox 2152 4252 3792 4326">
     <span class='ocr_line' id='line_1_91' title="bbox 2152 4252 3792 4326; baseline 0.005 -21"><span class='ocrx_word' id='word_1_654' title='bbox 2152 4252 2275 4307; x_wconf 87' lang='lat' dir='ltr'>ﬁeri</span> <span class='ocrx_word' id='word_1_655' title='bbox 2308 4253 2647 4324; x_wconf 88' lang='lat' dir='ltr'>nequibant.</span> <span class='ocrx_word' id='word_1_656' title='bbox 2690 4256 2834 4307; x_wconf 88' lang='lat' dir='ltr'>Cum</span> <span class='ocrx_word' id='word_1_657' title='bbox 2880 4268 3012 4322; x_wconf 85' lang='lat' dir='ltr'>ergo</span> <span class='ocrx_word' id='word_1_658' title='bbox 3045 4253 3202 4309; x_wconf 89' lang='lat' dir='ltr'>aliud</span> <span class='ocrx_word' id='word_1_659' title='bbox 3264 4271 3377 4309; x_wconf 92' lang='lat' dir='ltr'>non</span> <span class='ocrx_word' id='word_1_660' title='bbox 3410 4262 3670 4326; x_wconf 89' lang='lat' dir='ltr'>possent,</span> <span class='ocrx_word' id='word_1_661' title='bbox 3722 4275 3792 4313; x_wconf 90' lang='lat' dir='ltr'>ne</span> 
     </span>
    </p>
   </div>
   <div class='ocr_carea' id='block_1_92' title="bbox 2148 4340 3789 4414">
    <p class='ocr_par' dir='ltr' id='par_1_92' title="bbox 2148 4340 3789 4414">
     <span class='ocr_line' id='line_1_92' title="bbox 2148 4340 3789 4414; baseline 0.003 -18"><span class='ocrx_word' id='word_1_662' title='bbox 2148 4340 2569 4413; x_wconf 88' lang='lat' dir='ltr'>supellectilem</span> <span class='ocrx_word' id='word_1_663' title='bbox 2599 4346 2657 4396; x_wconf 89' lang='lat' dir='ltr'>et</span> <span class='ocrx_word' id='word_1_664' title='bbox 2688 4341 2993 4411; x_wconf 87' lang='lat' dir='ltr'>pecuniam</span> <span class='ocrx_word' id='word_1_665' title='bbox 3026 4342 3393 4414; x_wconf 85' lang='lat' dir='ltr'>imperatoris</span> <span class='ocrx_word' id='word_1_666' title='bbox 3415 4361 3446 4401; x_wconf 91' lang='lat' dir='ltr'>e</span> <span class='ocrx_word' id='word_1_667' title='bbox 3472 4346 3654 4401; x_wconf 89' lang='lat' dir='ltr'>tantis</span> <span class='ocrx_word' id='word_1_668' title='bbox 3671 4349 3789 4401; x_wconf 89' lang='lat' dir='ltr'>tam</span> 
     </span>
    </p>
   </div>
   <div class='ocr_carea' id='block_1_93' title="bbox 2147 4429 3789 4504">
    <p class='ocr_par' dir='ltr' id='par_1_93' title="bbox 2147 4429 3789 4504">
     <span class='ocr_line' id='line_1_93' title="bbox 2147 4429 3789 4504; baseline 0.005 -22"><span class='ocrx_word' id='word_1_669' title='bbox 2147 4445 2295 4501; x_wconf 70' lang='lat' dir='ltr'>aegre</span> <span class='ocrx_word' id='word_1_670' title='bbox 2327 4430 2607 4485; x_wconf 88' lang='lat' dir='ltr'>hactenus</span> <span class='ocrx_word' id='word_1_671' title='bbox 2640 4429 2914 4500; x_wconf 90' lang='lat' dir='ltr'>periculis</span> <span class='ocrx_word' id='word_1_672' title='bbox 2957 4437 3213 4487; x_wconf 87' lang='lat' dir='ltr'>servatas</span> <span class='ocrx_word' id='word_1_673' title='bbox 3244 4432 3304 4486; x_wconf 92' lang='lat' dir='ltr'>in</span> <span class='ocrx_word' id='word_1_674' title='bbox 3350 4432 3548 4504; x_wconf 92' lang='lat' dir='ltr'>aliquo</span> <span class='ocrx_word' id='word_1_675' title='bbox 3597 4435 3789 4491; x_wconf 90' lang='lat' dir='ltr'>adhuc</span> 
     </span>
    </p>
   </div>
   <div class='ocr_carea' id='block_1_94' title="bbox 395 4506 3782 4591">
    <p class='ocr_par' dir='ltr' id='par_1_94' title="bbox 395 4506 3782 4591">
     <span class='ocr_line' id='line_1_94' title="bbox 395 4506 3782 4591; baseline 0.001 -17"><span class='ocrx_word' id='word_1_676' title='bbox 395 4521 719 4575; x_wconf 88' lang='lat' dir='ltr'>resistendo</span> <span class='ocrx_word' id='word_1_677' title='bbox 752 4521 1101 4576; x_wconf 89' lang='lat' dir='ltr'>contendere</span> <span class='ocrx_word' id='word_1_678' title='bbox 1130 4524 1270 4575; x_wconf 89' lang='lat' dir='ltr'>sunt</span> <span class='ocrx_word' id='word_1_679' title='bbox 1300 4522 1507 4577; x_wconf 90' lang='lat' dir='ltr'>coacti.</span> <span class='ocrx_word' id='word_1_680' title='bbox 1531 4523 1826 4575; x_wconf 88' lang='lat' dir='ltr'>Certatum</span> <span class='ocrx_word' id='word_1_681' title='bbox 1846 4522 2032 4576; x_wconf 92' lang='lat' dir='ltr'>utrin-</span> <span class='ocrx_word' id='word_1_682' title='bbox 2064 4506 2110 4568; x_wconf 87' lang='lat' dir='ltr'><strong>D</strong></span> <span class='ocrx_word' id='word_1_683' title='bbox 2144 4518 2483 4573; x_wconf 90' lang='lat' dir='ltr'>discrimine</span> <span class='ocrx_word' id='word_1_684' title='bbox 2502 4517 2919 4590; x_wconf 89' lang='lat' dir='ltr'>relinquerent,</span> <span class='ocrx_word' id='word_1_685' title='bbox 2954 4521 3156 4591; x_wconf 90' lang='lat' dir='ltr'>utique</span> <span class='ocrx_word' id='word_1_686' title='bbox 3178 4520 3236 4574; x_wconf 92' lang='lat' dir='ltr'>in</span> <span class='ocrx_word' id='word_1_687' title='bbox 3258 4520 3494 4591; x_wconf 88' lang='lat' dir='ltr'>regione</span> <span class='ocrx_word' id='word_1_688' title='bbox 3513 4522 3782 4578; x_wconf 90' lang='lat' dir='ltr'>hostibus</span> 
     </span>
    </p>
   </div>
   <div class='ocr_carea' id='block_1_95' title="bbox 393 4608 2039 4679">
    <p class='ocr_par' dir='ltr' id='par_1_95' title="bbox 393 4608 2039 4679">
     <span class='ocr_line' id='line_1_95' title="bbox 393 4608 2039 4679; baseline -0.001 -15"><span class='ocrx_word' id='word_1_689' title='bbox 393 4625 507 4679; x_wconf 91' lang='lat' dir='ltr'>que</span> <span class='ocrx_word' id='word_1_690' title='bbox 537 4609 677 4663; x_wconf 88' lang='lat' dir='ltr'>totis</span> <span class='ocrx_word' id='word_1_691' title='bbox 708 4608 955 4677; x_wconf 86' lang='lat' dir='ltr'>viribus,</span> <span class='ocrx_word' id='word_1_692' title='bbox 990 4609 1180 4679; x_wconf 82' lang='lat' dir='ltr'>quoad</span> <span class='ocrx_word' id='word_1_693' title='bbox 1223 4610 1350 4679; x_wconf 89' lang='lat' dir='ltr'>jam</span> <span class='ocrx_word' id='word_1_694' title='bbox 1402 4609 1740 4664; x_wconf 82' lang='lat' dir='ltr'>fatiscentes</span> <span class='ocrx_word' id='word_1_695' title='bbox 1792 4609 2039 4675; x_wconf 89' lang='lat' dir='ltr'>obsessi,</span> 
     </span>
    </p>
   </div>
   <div class='ocr_carea' id='block_1_96' title="bbox 393 4695 2041 4768">
    <p class='ocr_par' dir='ltr' id='par_1_96' title="bbox 393 4695 2041 4768">
     <span class='ocr_line' id='line_1_96' title="bbox 393 4695 2041 4768; baseline 0.001 -16"><span class='ocrx_word' id='word_1_696' title='bbox 393 4703 449 4752; x_wconf 93' lang='lat' dir='ltr'>et</span> <span class='ocrx_word' id='word_1_697' title='bbox 481 4698 745 4752; x_wconf 88' lang='lat' dir='ltr'>futurum</span> <span class='ocrx_word' id='word_1_698' title='bbox 778 4695 930 4752; x_wconf 88' lang='lat' dir='ltr'>clare</span> <span class='ocrx_word' id='word_1_699' title='bbox 965 4702 1270 4753; x_wconf 89' lang='lat' dir='ltr'>cernentes</span> <span class='ocrx_word' id='word_1_700' title='bbox 1305 4702 1366 4753; x_wconf 91' lang='lat' dir='ltr'>ut</span> <span class='ocrx_word' id='word_1_701' title='bbox 1395 4713 1529 4753; x_wconf 85' lang='lat' dir='ltr'>mox</span> <span class='ocrx_word' id='word_1_702' title='bbox 1569 4697 2041 4768; x_wconf 90' lang='lat' dir='ltr'>opprimerentur</span> 
     </span>
    </p>
   </div>
   <div class='ocr_carea' id='block_1_97' title="bbox 394 4785 2038 4857">
    <p class='ocr_par' dir='ltr' id='par_1_97' title="bbox 394 4785 2038 4857">
     <span class='ocr_line' id='line_1_97' title="bbox 394 4785 2038 4857; baseline 0.001 -18"><span class='ocrx_word' id='word_1_703' title='bbox 394 4785 742 4856; x_wconf 71' lang='lat' dir='ltr'>praevalente</span> <span class='ocrx_word' id='word_1_704' title='bbox 775 4786 1175 4852; x_wconf 89' lang='lat' dir='ltr'>multitudine,</span> <span class='ocrx_word' id='word_1_705' title='bbox 1210 4786 1443 4841; x_wconf 89' lang='lat' dir='ltr'>mittunl</span> <span class='ocrx_word' id='word_1_706' title='bbox 1480 4787 1716 4842; x_wconf 88' lang='lat' dir='ltr'>tandem</span> <span class='ocrx_word' id='word_1_707' title='bbox 1751 4785 1851 4857; x_wconf 87' lang='lat' dir='ltr'>qui</span> <span class='ocrx_word' id='word_1_708' title='bbox 1872 4786 2038 4841; x_wconf 90' lang='lat' dir='ltr'>dedi-</span> 
     </span>
    </p>
   </div>
   <div class='ocr_carea' id='block_1_98' title="bbox 392 4863 2034 4946">
    <p class='ocr_par' dir='ltr' id='par_1_98' title="bbox 392 4863 2034 4946">
     <span class='ocr_line' id='line_1_98' title="bbox 392 4863 2034 4946; baseline 0.003 -19"><span class='ocrx_word' id='word_1_709' title='bbox 392 4874 608 4928; x_wconf 85' lang='lat' dir='ltr'>tionem</span> <span class='ocrx_word' id='word_1_710' title='bbox 638 4873 1065 4944; x_wconf 88' lang='lat' dir='ltr'>pollicerentur,</span> <span class='ocrx_word' id='word_1_711' title='bbox 1099 4890 1167 4929; x_wconf 91' lang='lat' dir='ltr'>ea</span> <span class='ocrx_word' id='word_1_712' title='bbox 1191 4877 1387 4929; x_wconf 89' lang='lat' dir='ltr'>tamen</span> <span class='ocrx_word' id='word_1_713' title='bbox 1415 4874 1767 4945; x_wconf 89' lang='lat' dir='ltr'>conditione,</span> <span class='ocrx_word' id='word_1_714' title='bbox 1800 4875 1847 4930; x_wconf 88' lang='lat' dir='ltr'>si</span> <span class='ocrx_word' id='word_1_715' title='bbox 1872 4863 2034 4946; x_wconf 88' lang='lat' dir='ltr'>prius</span> 
     </span>
    </p>
   </div>
   <div class='ocr_carea' id='block_1_99' title="bbox 387 4962 2032 5034">
    <p class='ocr_par' dir='ltr' id='par_1_99' title="bbox 387 4962 2032 5034">
     <span class='ocr_line' id='line_1_99' title="bbox 387 4962 2032 5034; baseline 0.003 -19"><span class='ocrx_word' id='word_1_716' title='bbox 387 4963 445 5016; x_wconf 90' lang='lat' dir='ltr'>in</span> <span class='ocrx_word' id='word_1_717' title='bbox 479 4966 647 5033; x_wconf 89' lang='lat' dir='ltr'>pacta</span> <span class='ocrx_word' id='word_1_718' title='bbox 679 4965 961 5018; x_wconf 88' lang='lat' dir='ltr'>conventa</span> <span class='ocrx_word' id='word_1_719' title='bbox 982 4962 1406 5031; x_wconf 86' lang='lat' dir='ltr'>jusjurandum</span> <span class='ocrx_word' id='word_1_720' title='bbox 1438 4962 1697 5018; x_wconf 90' lang='lat' dir='ltr'>solemne</span> <span class='ocrx_word' id='word_1_721' title='bbox 1720 4980 1820 5034; x_wconf 86' lang='lat' dir='ltr'>per</span> <span class='ocrx_word' id='word_1_722' title='bbox 1850 4964 2032 5020; x_wconf 89' lang='lat' dir='ltr'>Deum</span> 
     </span>
    </p>
   </div>
   <div class='ocr_carea' id='block_1_100' title="bbox 382 5050 2032 5123">
    <p class='ocr_par' dir='ltr' id='par_1_100' title="bbox 382 5050 2032 5123">
     <span class='ocr_line' id='line_1_100' title="bbox 382 5050 2032 5123; baseline 0.001 -17"><span class='ocrx_word' id='word_1_723' title='bbox 382 5056 437 5106; x_wconf 89' lang='lat' dir='ltr'>et</span> <span class='ocrx_word' id='word_1_724' title='bbox 467 5050 663 5105; x_wconf 88' lang='lat' dir='ltr'>divina</span> <span class='ocrx_word' id='word_1_725' title='bbox 692 5050 800 5105; x_wconf 92' lang='lat' dir='ltr'>rite</span> <span class='ocrx_word' id='word_1_726' title='bbox 832 5050 902 5104; x_wconf 88' lang='lat' dir='ltr'>ab</span> <span class='ocrx_word' id='word_1_727' title='bbox 936 5051 1417 5120; x_wconf 87' lang='lat' dir='ltr'>oppugnantibus</span> <span class='ocrx_word' id='word_1_728' title='bbox 1448 5050 1699 5105; x_wconf 83' lang='lat' dir='ltr'>daretur.</span> <span class='ocrx_word' id='word_1_729' title='bbox 1726 5051 1801 5105; x_wconf 87' lang='lat' dir='ltr'>Ea</span> <span class='ocrx_word' id='word_1_730' title='bbox 1823 5050 2032 5123; x_wconf 85' lang='lat' dir='ltr'>legatio</span> 
     </span>
    </p>
   </div>
   <div class='ocr_carea' id='block_1_101' title="bbox 387 5137 2035 5208">
    <p class='ocr_par' dir='ltr' id='par_1_101' title="bbox 387 5137 2035 5208">
     <span class='ocr_line' id='line_1_101' title="bbox 387 5137 2035 5208; baseline 0.001 -15"><span class='ocrx_word' id='word_1_731' title='bbox 387 5138 605 5193; x_wconf 81' lang='lat' dir='ltr'>directa</span> <span class='ocrx_word' id='word_1_732' title='bbox 634 5139 705 5193; x_wconf 89' lang='lat' dir='ltr'>ad</span> <span class='ocrx_word' id='word_1_733' title='bbox 737 5137 1183 5193; x_wconf 88' lang='lat' dir='ltr'>Constantinum</span> <span class='ocrx_word' id='word_1_734' title='bbox 1217 5142 1327 5205; x_wconf 89' lang='lat' dir='ltr'>est,</span> <span class='ocrx_word' id='word_1_735' title='bbox 1368 5139 1604 5208; x_wconf 90' lang='lat' dir='ltr'>quicum</span> <span class='ocrx_word' id='word_1_736' title='bbox 1629 5139 1893 5194; x_wconf 85' lang='lat' dir='ltr'>securius</span> <span class='ocrx_word' id='word_1_737' title='bbox 1914 5143 2035 5194; x_wconf 90' lang='lat' dir='ltr'>tra-</span> 
     </span>
    </p>
   </div>
   <div class='ocr_carea' id='block_1_102' title="bbox 384 5224 2031 5298">
    <p class='ocr_par' dir='ltr' id='par_1_102' title="bbox 384 5224 2031 5298">
     <span class='ocr_line' id='line_1_102' title="bbox 384 5224 2031 5298; baseline 0 -17"><span class='ocrx_word' id='word_1_738' title='bbox 384 5226 530 5281; x_wconf 91' lang='lat' dir='ltr'>ctari</span> <span class='ocrx_word' id='word_1_739' title='bbox 579 5242 749 5298; x_wconf 90' lang='lat' dir='ltr'>posse</span> <span class='ocrx_word' id='word_1_740' title='bbox 795 5224 1140 5289; x_wconf 88' lang='lat' dir='ltr'>videbatur;</span> <span class='ocrx_word' id='word_1_741' title='bbox 1210 5241 1324 5296; x_wconf 88' lang='lat' dir='ltr'>quo</span> <span class='ocrx_word' id='word_1_742' title='bbox 1393 5225 1749 5281; x_wconf 89' lang='lat' dir='ltr'>assentiente</span> <span class='ocrx_word' id='word_1_743' title='bbox 1799 5224 2031 5293; x_wconf 90' lang='lat' dir='ltr'>oblatis,</span> 
     </span>
    </p>
   </div>
   <div class='ocr_carea' id='block_1_103' title="bbox 384 5312 2029 5383">
    <p class='ocr_par' dir='ltr' id='par_1_103' title="bbox 384 5312 2029 5383">
     <span class='ocr_line' id='line_1_103' title="bbox 384 5312 2029 5383; baseline -0.001 -13"><span class='ocrx_word' id='word_1_744' title='bbox 384 5315 559 5370; x_wconf 89' lang='lat' dir='ltr'>etiam</span> <span class='ocrx_word' id='word_1_745' title='bbox 610 5316 681 5370; x_wconf 94' lang='lat' dir='ltr'>de</span> <span class='ocrx_word' id='word_1_746' title='bbox 731 5312 955 5370; x_wconf 88' lang='lat' dir='ltr'>consilii</span> <span class='ocrx_word' id='word_1_747' title='bbox 1008 5317 1065 5368; x_wconf 87' lang='lat' dir='ltr'>et</span> <span class='ocrx_word' id='word_1_748' title='bbox 1113 5313 1328 5369; x_wconf 89' lang='lat' dir='ltr'>ducum</span> <span class='ocrx_word' id='word_1_749' title='bbox 1389 5314 1672 5369; x_wconf 81' lang='lat' dir='ltr'>exercitus</span> <span class='ocrx_word' id='word_1_750' title='bbox 1722 5314 2029 5383; x_wconf 89' lang='lat' dir='ltr'>sententia,</span> 
     </span>
    </p>
   </div>
   <div class='ocr_carea' id='block_1_104' title="bbox 383 5402 2030 5471">
    <p class='ocr_par' dir='ltr' id='par_1_104' title="bbox 383 5402 2030 5471">
     <span class='ocr_line' id='line_1_104' title="bbox 383 5402 2030 5471; baseline 0 -13"><span class='ocrx_word' id='word_1_751' title='bbox 383 5403 681 5459; x_wconf 91' lang='lat' dir='ltr'>adhibitus</span> <span class='ocrx_word' id='word_1_752' title='bbox 714 5404 784 5458; x_wconf 87' lang='lat' dir='ltr'>ad</span> <span class='ocrx_word' id='word_1_753' title='bbox 825 5403 1151 5471; x_wconf 89' lang='lat' dir='ltr'>juramenti</span> <span class='ocrx_word' id='word_1_754' title='bbox 1194 5402 1597 5457; x_wconf 76' lang='lat' dir='ltr'>czeremoniam</span> <span class='ocrx_word' id='word_1_755' title='bbox 1644 5403 1754 5459; x_wconf 93' lang='lat' dir='ltr'>loci</span> <span class='ocrx_word' id='word_1_756' title='bbox 1784 5403 2030 5459; x_wconf 88' lang='lat' dir='ltr'>antistes</span> 
     </span>
    </p>
   </div>
   <div class='ocr_carea' id='block_1_105' title="bbox 381 5488 2027 5563">
    <p class='ocr_par' dir='ltr' id='par_1_105' title="bbox 381 5488 2027 5563">
     <span class='ocr_line' id='line_1_105' title="bbox 381 5488 2027 5563; baseline 0.001 -17"><span class='ocrx_word' id='word_1_757' title='bbox 381 5491 775 5562; x_wconf 84' lang='lat' dir='ltr'>pontiﬁcalem</span> <span class='ocrx_word' id='word_1_758' title='bbox 799 5490 1046 5545; x_wconf 91' lang='lat' dir='ltr'>indutus</span> <span class='ocrx_word' id='word_1_759' title='bbox 1071 5488 1305 5557; x_wconf 87' lang='lat' dir='ltr'>stolam,</span> <span class='ocrx_word' id='word_1_760' title='bbox 1328 5507 1523 5546; x_wconf 90' lang='lat' dir='ltr'>sacras</span> <span class='ocrx_word' id='word_1_761' title='bbox 1540 5490 1827 5563; x_wconf 89' lang='lat' dir='ltr'>imagines</span> <span class='ocrx_word' id='word_1_762' title='bbox 1850 5508 2027 5547; x_wconf 83' lang='lat' dir='ltr'>manu</span> 
     </span>
    </p>
   </div>
   <div class='ocr_carea' id='block_1_106' title="bbox 380 5578 2027 5651">
    <p class='ocr_par' dir='ltr' id='par_1_106' title="bbox 380 5578 2027 5651">
     <span class='ocr_line' id='line_1_106' title="bbox 380 5578 2027 5651; baseline 0.001 -18"><span class='ocrx_word' id='word_1_763' title='bbox 380 5584 641 5651; x_wconf 83' lang='lat' dir='ltr'>gestans,</span> <span class='ocrx_word' id='word_1_764' title='bbox 675 5595 807 5633; x_wconf 88' lang='lat' dir='ltr'>cum</span> <span class='ocrx_word' id='word_1_765' title='bbox 830 5594 933 5634; x_wconf 92' lang='lat' dir='ltr'>suo</span> <span class='ocrx_word' id='word_1_766' title='bbox 953 5578 1224 5633; x_wconf 89' lang='lat' dir='ltr'>universo</span> <span class='ocrx_word' id='word_1_767' title='bbox 1246 5579 1398 5635; x_wconf 86' lang='lat' dir='ltr'>clero</span> <span class='ocrx_word' id='word_1_768' title='bbox 1418 5578 1631 5650; x_wconf 88' lang='lat' dir='ltr'>prodiit</span> <span class='ocrx_word' id='word_1_769' title='bbox 1652 5582 1724 5635; x_wconf 90' lang='lat' dir='ltr'>ad</span> <span class='ocrx_word' id='word_1_770' title='bbox 1748 5581 2027 5636; x_wconf 84' lang='lat' dir='ltr'>Constan-</span> 
     </span>
    </p>
   </div>
   <div class='ocr_carea' id='block_1_107' title="bbox 2150 4607 3790 4683">
    <p class='ocr_par' dir='ltr' id='par_1_107' title="bbox 2150 4607 3790 4683">
     <span class='ocr_line' id='line_1_107' title="bbox 2150 4607 3790 4683; baseline 0.004 -22"><span class='ocrx_word' id='word_1_771' title='bbox 2150 4608 2342 4677; x_wconf 88' lang='lat' dir='ltr'>iisque</span> <span class='ocrx_word' id='word_1_772' title='bbox 2372 4607 2770 4679; x_wconf 89' lang='lat' dir='ltr'>rapacissimis</span> <span class='ocrx_word' id='word_1_773' title='bbox 2800 4609 3183 4673; x_wconf 89' lang='lat' dir='ltr'>redundante,</span> <span class='ocrx_word' id='word_1_774' title='bbox 3205 4610 3486 4666; x_wconf 89' lang='lat' dir='ltr'>ordinatis</span> <span class='ocrx_word' id='word_1_775' title='bbox 3518 4612 3790 4683; x_wconf 88' lang='lat' dir='ltr'>utrinque</span> 
     </span>
    </p>
   </div>
   <div class='ocr_carea' id='block_1_108' title="bbox 2149 4695 3793 4767">
    <p class='ocr_par' dir='ltr' id='par_1_108' title="bbox 2149 4695 3793 4767">
     <span class='ocr_line' id='line_1_108' title="bbox 2149 4695 3793 4767; baseline 0.005 -19"><span class='ocrx_word' id='word_1_776' title='bbox 2149 4695 2207 4749; x_wconf 91' lang='lat' dir='ltr'>in</span> <span class='ocrx_word' id='word_1_777' title='bbox 2242 4695 2437 4751; x_wconf 89' lang='lat' dir='ltr'>binam</span> <span class='ocrx_word' id='word_1_778' title='bbox 2472 4695 2682 4751; x_wconf 88' lang='lat' dir='ltr'>seriem</span> <span class='ocrx_word' id='word_1_779' title='bbox 2714 4696 2786 4751; x_wconf 90' lang='lat' dir='ltr'>ab</span> <span class='ocrx_word' id='word_1_780' title='bbox 2813 4713 2942 4752; x_wconf 90' lang='lat' dir='ltr'>arce</span> <span class='ocrx_word' id='word_1_781' title='bbox 2963 4696 3021 4751; x_wconf 90' lang='lat' dir='ltr'>in</span> <span class='ocrx_word' id='word_1_782' title='bbox 3046 4702 3276 4767; x_wconf 90' lang='lat' dir='ltr'>portum</span> <span class='ocrx_word' id='word_1_783' title='bbox 3301 4699 3589 4756; x_wconf 85' lang='lat' dir='ltr'>militibus</span> <span class='ocrx_word' id='word_1_784' title='bbox 3607 4717 3793 4756; x_wconf 89' lang='lat' dir='ltr'>arma-</span> 
     </span>
    </p>
   </div>
   <div class='ocr_carea' id='block_1_109' title="bbox 2146 4782 3787 4860">
    <p class='ocr_par' dir='ltr' id='par_1_109' title="bbox 2146 4782 3787 4860">
     <span class='ocr_line' id='line_1_109' title="bbox 2146 4782 3787 4860; baseline 0.004 -22"><span class='ocrx_word' id='word_1_785' title='bbox 2146 4784 2222 4838; x_wconf 81' lang='lat' dir='ltr'>tis</span> <span class='ocrx_word' id='word_1_786' title='bbox 2264 4784 2455 4854; x_wconf 87' lang='lat' dir='ltr'>regias</span> <span class='ocrx_word' id='word_1_787' title='bbox 2503 4782 2635 4839; x_wconf 91' lang='lat' dir='ltr'>illas</span> <span class='ocrx_word' id='word_1_788' title='bbox 2685 4800 2850 4855; x_wconf 84' lang='lat' dir='ltr'>gazas</span> <span class='ocrx_word' id='word_1_789' title='bbox 2896 4786 3223 4840; x_wconf 87' lang='lat' dir='ltr'>eduxerunt</span> <span class='ocrx_word' id='word_1_790' title='bbox 3262 4786 3787 4860; x_wconf 89' lang='lat' dir='ltr'>imposueruntque</span> 
     </span>
    </p>
   </div>
   <div class='ocr_carea' id='block_1_110' title="bbox 2152 4872 3783 4944">
    <p class='ocr_par' dir='ltr' id='par_1_110' title="bbox 2152 4872 3783 4944">
     <span class='ocr_line' id='line_1_110' title="bbox 2152 4872 3783 4944; baseline 0.004 -17"><span class='ocrx_word' id='word_1_791' title='bbox 2152 4872 2526 4939; x_wconf 77' lang='lat' dir='ltr'>triremibus,</span> <span class='ocrx_word' id='word_1_792' title='bbox 2558 4876 2684 4928; x_wconf 87' lang='lat' dir='ltr'>tum</span> <span class='ocrx_word' id='word_1_793' title='bbox 2713 4890 2887 4944; x_wconf 91' lang='lat' dir='ltr'>super</span> <span class='ocrx_word' id='word_1_794' title='bbox 2915 4872 3094 4944; x_wconf 89' lang='lat' dir='ltr'>etipsi</span> <span class='ocrx_word' id='word_1_795' title='bbox 3115 4877 3572 4932; x_wconf 91' lang='lat' dir='ltr'>conscendentes</span> <span class='ocrx_word' id='word_1_796' title='bbox 3593 4876 3783 4933; x_wconf 85' lang='lat' dir='ltr'>solve-</span> 
     </span>
    </p>
   </div>
   <div class='ocr_carea' id='block_1_111' title="bbox 2144 4959 3783 5037">
    <p class='ocr_par' dir='ltr' id='par_1_111' title="bbox 2144 4959 3783 5037">
     <span class='ocr_line' id='line_1_111' title="bbox 2144 4959 3783 5037; baseline 0.004 -22"><span class='ocrx_word' id='word_1_797' title='bbox 2144 4968 2296 5015; x_wconf 86' lang='lat' dir='ltr'>runt.</span> <span class='ocrx_word' id='word_1_798' title='bbox 2326 4961 2466 5016; x_wconf 91' lang='lat' dir='ltr'>Inde</span> <span class='ocrx_word' id='word_1_799' title='bbox 2498 4960 2597 5015; x_wconf 89' lang='lat' dir='ltr'>ubi</span> <span class='ocrx_word' id='word_1_800' title='bbox 2622 4959 2970 5032; x_wconf 86' lang='lat' dir='ltr'>appulerunt</span> <span class='ocrx_word' id='word_1_801' title='bbox 2986 4963 3783 5037; x_wconf 88' lang='lat' dir='ltr'>Constantinopolim,cogni-</span> 
     </span>
    </p>
   </div>
   <div class='ocr_carea' id='block_1_112' title="bbox 2142 5049 3785 5124">
    <p class='ocr_par' dir='ltr' id='par_1_112' title="bbox 2142 5049 3785 5124">
     <span class='ocr_line' id='line_1_112' title="bbox 2142 5049 3785 5124; baseline 0.004 -21"><span class='ocrx_word' id='word_1_802' title='bbox 2142 5049 2219 5103; x_wconf 92' lang='lat' dir='ltr'>tis</span> <span class='ocrx_word' id='word_1_803' title='bbox 2259 5049 2580 5121; x_wconf 90' lang='lat' dir='ltr'>imperator</span> <span class='ocrx_word' id='word_1_804' title='bbox 2618 5066 2745 5120; x_wconf 82' lang='lat' dir='ltr'>quae</span> <span class='ocrx_word' id='word_1_805' title='bbox 2796 5049 3165 5121; x_wconf 87' lang='lat' dir='ltr'>contigerant</span> <span class='ocrx_word' id='word_1_806' title='bbox 3209 5051 3466 5108; x_wconf 90' lang='lat' dir='ltr'>immane</span> <span class='ocrx_word' id='word_1_807' title='bbox 3499 5061 3785 5124; x_wconf 89' lang='lat' dir='ltr'>quantum</span> 
     </span>
    </p>
   </div>
   <div class='ocr_carea' id='block_1_113' title="bbox 2142 5136 3788 5207">
    <p class='ocr_par' dir='ltr' id='par_1_113' title="bbox 2142 5136 3788 5207">
     <span class='ocr_line' id='line_1_113' title="bbox 2142 5136 3788 5207; baseline 0.002 -15"><span class='ocrx_word' id='word_1_808' title='bbox 2142 5137 2476 5193; x_wconf 83' lang='lat' dir='ltr'>excanduit.</span> <span class='ocrx_word' id='word_1_809' title='bbox 2506 5137 2584 5190; x_wconf 91' lang='lat' dir='ltr'>Ac</span> <span class='ocrx_word' id='word_1_810' title='bbox 2614 5136 2934 5191; x_wconf 88' lang='lat' dir='ltr'>antistitem</span> <span class='ocrx_word' id='word_1_811' title='bbox 2968 5137 3203 5207; x_wconf 90' lang='lat' dir='ltr'>quidem</span> <span class='ocrx_word' id='word_1_812' title='bbox 3237 5140 3307 5193; x_wconf 88' lang='lat' dir='ltr'>ad</span> <span class='ocrx_word' id='word_1_813' title='bbox 3331 5139 3589 5195; x_wconf 90' lang='lat' dir='ltr'>tribunal</span> <span class='ocrx_word' id='word_1_814' title='bbox 3610 5140 3788 5196; x_wconf 87' lang='lat' dir='ltr'>eccle-</span> 
     </span>
    </p>
   </div>
   <div class='ocr_carea' id='block_1_114' title="bbox 2142 5224 3786 5300">
    <p class='ocr_par' dir='ltr' id='par_1_114' title="bbox 2142 5224 3786 5300">
     <span class='ocr_line' id='line_1_114' title="bbox 2142 5224 3786 5300; baseline 0.002 -19"><span class='ocrx_word' id='word_1_815' title='bbox 2142 5225 2446 5281; x_wconf 89' lang='lat' dir='ltr'>siasticum</span> <span class='ocrx_word' id='word_1_816' title='bbox 2497 5241 2662 5279; x_wconf 91' lang='lat' dir='ltr'>reum</span> <span class='ocrx_word' id='word_1_817' title='bbox 2715 5224 2885 5295; x_wconf 79' lang='lat' dir='ltr'>fecit;</span> <span class='ocrx_word' id='word_1_818' title='bbox 2936 5242 3262 5297; x_wconf 89' lang='lat' dir='ltr'>parumque</span> <span class='ocrx_word' id='word_1_819' title='bbox 3312 5227 3499 5283; x_wconf 90' lang='lat' dir='ltr'>abfuit</span> <span class='ocrx_word' id='word_1_820' title='bbox 3552 5229 3694 5300; x_wconf 90' lang='lat' dir='ltr'>quin</span> <span class='ocrx_word' id='word_1_821' title='bbox 3738 5230 3786 5285; x_wconf 92' lang='lat' dir='ltr'>is</span> 
     </span>
    </p>
   </div>
   <div class='ocr_carea' id='block_1_115' title="bbox 2142 5315 3785 5391">
    <p class='ocr_par' dir='ltr' id='par_1_115' title="bbox 2142 5315 3785 5391">
     <span class='ocr_line' id='line_1_115' title="bbox 2142 5315 3785 5391; baseline 0.002 -20"><span class='ocrx_word' id='word_1_822' title='bbox 2142 5317 2348 5371; x_wconf 90' lang='lat' dir='ltr'>acerbo</span> <span class='ocrx_word' id='word_1_823' title='bbox 2400 5315 2688 5387; x_wconf 92' lang='lat' dir='ltr'>supplicio</span> <span class='ocrx_word' id='word_1_824' title='bbox 2740 5315 2926 5371; x_wconf 91' lang='lat' dir='ltr'>lueret</span> <span class='ocrx_word' id='word_1_825' title='bbox 2956 5316 3313 5373; x_wconf 90' lang='lat' dir='ltr'>functionem</span> <span class='ocrx_word' id='word_1_826' title='bbox 3346 5319 3559 5390; x_wconf 89' lang='lat' dir='ltr'>recepti</span> <span class='ocrx_word' id='word_1_827' title='bbox 3582 5320 3785 5391; x_wconf 87' lang='lat' dir='ltr'>jusju-</span> 
     </span>
    </p>
   </div>
   <div class='ocr_carea' id='block_1_116' title="bbox 2141 5404 3779 5475">
    <p class='ocr_par' dir='ltr' id='par_1_116' title="bbox 2141 5404 3779 5475">
     <span class='ocr_line' id='line_1_116' title="bbox 2141 5404 3779 5475; baseline 0.003 -17"><span class='ocrx_word' id='word_1_828' title='bbox 2141 5404 2326 5459; x_wconf 91' lang='lat' dir='ltr'>randi.</span> <span class='ocrx_word' id='word_1_829' title='bbox 2363 5405 2721 5460; x_wconf 88' lang='lat' dir='ltr'>Domesticos</span> <span class='ocrx_word' id='word_1_830' title='bbox 2747 5404 2983 5475; x_wconf 90' lang='lat' dir='ltr'>quidem</span> <span class='ocrx_word' id='word_1_831' title='bbox 3019 5422 3159 5461; x_wconf 91' lang='lat' dir='ltr'>suos</span> <span class='ocrx_word' id='word_1_832' title='bbox 3190 5406 3261 5460; x_wconf 91' lang='lat' dir='ltr'>ab</span> <span class='ocrx_word' id='word_1_833' title='bbox 3292 5407 3420 5462; x_wconf 61' lang='lat' dir='ltr'>fEni</span> <span class='ocrx_word' id='word_1_834' title='bbox 3451 5423 3581 5463; x_wconf 89' lang='lat' dir='ltr'>arce</span> <span class='ocrx_word' id='word_1_835' title='bbox 3604 5408 3779 5463; x_wconf 86' lang='lat' dir='ltr'>redu-</span> 
     </span>
    </p>
   </div>
   <div class='ocr_carea' id='block_1_117' title="bbox 2138 5492 3781 5566">
    <p class='ocr_par' dir='ltr' id='par_1_117' title="bbox 2138 5492 3781 5566">
     <span class='ocr_line' id='line_1_117' title="bbox 2138 5492 3781 5566; baseline 0.001 -17"><span class='ocrx_word' id='word_1_836' title='bbox 2138 5509 2257 5558; x_wconf 89' lang='lat' dir='ltr'>ces,</span> <span class='ocrx_word' id='word_1_837' title='bbox 2290 5493 2453 5563; x_wconf 90' lang='lat' dir='ltr'>prius</span> <span class='ocrx_word' id='word_1_838' title='bbox 2485 5492 2831 5565; x_wconf 87' lang='lat' dir='ltr'>ﬂagellatos,</span> <span class='ocrx_word' id='word_1_839' title='bbox 2878 5492 3015 5549; x_wconf 91' lang='lat' dir='ltr'>inde</span> <span class='ocrx_word' id='word_1_840' title='bbox 3059 5494 3446 5551; x_wconf 87' lang='lat' dir='ltr'>muliebribus</span> <span class='ocrx_word' id='word_1_841' title='bbox 3475 5496 3544 5550; x_wconf 90' lang='lat' dir='ltr'>ad</span> <span class='ocrx_word' id='word_1_842' title='bbox 3576 5511 3781 5566; x_wconf 83' lang='lat' dir='ltr'>expro-</span> 
     </span>
    </p>
   </div>
   <div class='ocr_carea' id='block_1_118' title="bbox 2140 5581 3780 5655">
    <p class='ocr_par' dir='ltr' id='par_1_118' title="bbox 2140 5581 3780 5655">
     <span class='ocr_line' id='line_1_118' title="bbox 2140 5581 3780 5655; baseline 0.002 -19"><span class='ocrx_word' id='word_1_843' title='bbox 2140 5582 2465 5637; x_wconf 90' lang='lat' dir='ltr'>brationem</span> <span class='ocrx_word' id='word_1_844' title='bbox 2490 5581 2731 5651; x_wconf 82' lang='lat' dir='ltr'>ignaviae</span> <span class='ocrx_word' id='word_1_845' title='bbox 2754 5582 3171 5637; x_wconf 86' lang='lat' dir='ltr'>debonestatos</span> <span class='ocrx_word' id='word_1_846' title='bbox 3194 5582 3383 5649; x_wconf 90' lang='lat' dir='ltr'>stolis,</span> <span class='ocrx_word' id='word_1_847' title='bbox 3409 5600 3442 5639; x_wconf 91' lang='lat' dir='ltr'>a</span> <span class='ocrx_word' id='word_1_848' title='bbox 3464 5588 3780 5655; x_wconf 89' lang='lat' dir='ltr'>conspectu</span> 
     </span>
    </p>
   </div>
  </div>
