4158 6280
266 408 371 463 685

1337 407 1434 459 DE
1472 403 1842 459 MICHAELE
1879 400 2322 459 PALEOLOGO
2356 407 2490 460 LIB.
2531 411 2630 462 III.

3553 412 3666 465 686

269 531 394 604 τὲρα
423 529 512 585 καὶ
544 527 783 606 ἀδελφὴν
833 526 1182 600 ταττομένας,
1213 526 1301 582 καὶ
1345 526 1473 589 τοὺς
1529 527 1736 582 ἐκείνου
1783 531 1910 580 παῖ·
1940 524 1996 590 Α
2027 529 2292 604 ἀπέλεγον
2357 533 2431 603 μὴ
2497 535 2674 602 ζητεῖν
2705 551 2718 600 ;
2750 533 2839 585 καὶ
2895 532 2947 586 τί
2993 553 3051 607 γε
3090 530 3230 588 ἄλλο
3261 532 3296 601 ἢ
3327 535 3384 587 σὲ
3434 535 3522 587 καὶ
3576 533 3670 594 τὰς

273 618 365 681 δας
395 620 488 674 σὺν
517 624 633 680 τοῖς
663 618 786 693 περὶ
817 617 1052 681 ἐκείνως
1088 615 1282 671 ἅπασιν
1334 617 1570 692 εἱρκταῖς
1623 616 1914 695 ἀσφαλέσιν

271 706 470 764 ἐδίδου.
520 711 679 761 ’Ὀσον
741 704 790 760 δ’
845 707 911 775 ἧν
967 705 1150 778 ἐκείνῳ
1210 705 1426 776 πλῆθος
1472 709 1802 780 ξχρημάτων
1863 705 1914 760 ἐν

272 798 496 872 ἀργύρῳ
550 817 608 851 τε
662 797 751 850 καὶ
808 800 996 871 γρυσῷ
1051 795 1142 850 καὶ
1189 794 1421 856 πέπλοις
1450 795 1718 868 ἐξάλλοις,
1751 795 1828 850 ἔτι
1862 793 1919 850 δὲ

270 887 361 942 καὶ
420 883 641 946 στολαῖς
699 885 790 938 καὶ
851 885 1070 952 ζώναις,
1121 883 1268 940 ἀλλᾶ
1321 883 1410 938 καὶ
1473 886 1771 959 μαργάροις
1826 883 1916 938 καὶ

271 974 470 1046 λίθοις,
501 973 770 1047 πάμπολυ
812 974 894 1044 ὃν,
927 973 1001 1034 ὡς
1036 973 1184 1049 φασὶ,
1217 973 1307 1026 καὶ
1357 972 1536 1026 ἱκανὸν
1585 972 1663 1035 εἰς
1707 975 1912 1047 τρυφὴν

273 1064 567 1138 Περσικὴν,
599 1066 678 1134 τῷ
706 1065 877 1133 κοινῷ
904 1060 1137 1134 ταμιείῳ
1165 1061 1617 1136 προσανατίθησι.

265 1173 368 1235 κζ’.
419 1172 624 1243 Ὅπως
672 1165 961 1243 ὑπεδέξατο
1102 1169 1448 1243 πατριάρχης
1493 1166 1752 1243 -ἐλθ-ὀντα
1825 1167 1918 1222 τὸν

443 1239 690 1315 βασιλέα,
720 1239 808 1293 καὶ
845 1237 964 1311 μεθ’
996 1237 1124 1292 ὅσου
1154 1237 1388 1314 ἐλέγχου
1418 1239 1508 1293 καὶ
1543 1239 1735 1309 ζήλου.

337 1333 404 1403 [Ρ
441 1332 557 1401 160]
614 1329 757 1389 Τἑως
815 1324 892 1394 δέ,
951 1326 1215 1402 πρότερον
1274 1327 1308 1396 ἢ
1357 1331 1523 1381 ταῦτα
1573 1327 1914 1402 γεγενῆσθαι,

272 1418 394 1473 ἐπεὶ
452 1417 677 1479 πολὺςὸ
729 1417 1080 1490 πατριάρχης
1133 1413 1364 1470 κωλύων
1413 1417 1478 1484 ἦν
1539 1417 1629 1470 τὸν
1693 1415 1919 1490 βασιλέα

270 1507 414 1559 κατᾶ
465 1506 802 1577 Χριστιανῶν
857 1501 1223 1576 ἐκστρατεύειν
1284 1501 1358 1563 ὡς
1419 1501 1517 1556 οὐκ
1592 1499 1920 1571 εὐοδήσοντα

272 1594 491 1654 πάντως
524 1590 824 1669 ἐμφυλίους
855 1595 1108 1645 κινοῦντα
1154 1589 1459 1662 πολέμους,
1491 1589 1615 1644 τότε
1668 1591 1742 1662 μὴ
1785 1593 1920 1645 κατὰ

266 1678 478 1757 τρόπον
549 1680 832 1756 βασιλικὸν
895 1684 963 1752 τῇ
1014 1679 1422 1736 Κωνσταντίνου
1489 1679 1916 1752 ἐπιδημήσαντι,

265 1775 346 1841 τῷ
414 1768 637 1842 μεγάλῳ
693 1773 796 1838 νεῷ
848 1766 1122 1822 ἐπιστάντι
1180 1767 1260 1842 ἐφ’
1300 1769 1344 1837 ᾧ
1400 1773 1770 1840 προσκυνῆσαι
1828 1767 1916 1820 καὶ

2025 617 2120 678 σὰς
2153 615 2406 691 δυνάμεις
2467 618 2541 680 εἷς
2598 621 2784 694 μάχην
2843 624 2922 691 τῷ
2981 618 3216 691 δεσπότᾳ
3266 620 3502 696 Μιχαὴλ
3533 621 3667 676 ἷέναι

2023 707 2259 770 καὶτοῖς
2292 707 2498 762 ἐκείνου
2539 710 2970 781 στρατεύμασιν;
3007 708 3113 783 οὐχ
3163 711 3275 781 ἅμα
3325 710 3386 762 σὺ
3448 710 3541 782 μὲν
3590 714 3670 780 τῷ

2024 801 2263 868 Χριστοῦ
2346 796 2716 868 ἐνεσημοὶνοης
2799 797 3028 869 ὀνόματι
3120 798 3369 861 κάκεῖνος
3456 797 3666 873 λάτρης

2023 885 2468 960 Χριστοῦςτίσιν
2521 888 2764 956 εὐκτέον,
2799 884 2982 961 ἔλεγον
3031 888 3173 957 τότε,
3227 893 3517 950 ποιοῦντας
3568 891 3665 953 τὰς

2023 973 2098 1034 εἷς
2148 976 2274 1029 Θεὸν
2324 975 2544 1044 ἱκεσίας,
2573 975 2662 1029 καὶ
2714 975 2848 1029 κατὰ
2889 978 3051 1029 τίνων
3087 975 3384 1049 ὁμιλητέον
3413 982 3527 1048 Θεῷ
3586 979 3660 1040 ὡς

2023 1061 2330 1117 ἐκσπόνδων
2379 1063 2589 1138 ἐχθρῶν
2625 1085 2638 1133 ;
2672 1066 2726 1117 αἱ
2774 1064 2903 1139 ὑπὲρ
2961 1063 3120 1136 ἡμῶν
3177 1064 3335 1138 εὐχαὶ
3377 1067 3465 1120 καὶ
3528 1066 3659 1140 ὑπὲρ

2024 1150 2239 1205 ἐκείνων
2301 1154 2539 1222 πάντως,
2574 1149 2864 1226 ἐπειδήπερ
2918 1153 3006 1206 καὶ
3062 1159 3186 1224 μιᾶς
3249 1152 3486 1228 μάνδρας
3544 1154 3661 1208 ἐστέ

2021 1244 2118 1294 τοῦ
2171 1242 2426 1314 Χριστοῦ.
2459 1245 2562 1295 Νῦν
2611 1238 2688 1310 δὲ,
2723 1239 2848 1295 ἀλλ’
2894 1238 3194 1316 εὐλογητὸς
3253 1241 3447 1316 Κύριος
3489 1244 3516 1296 6
3567 1242 3663 1318 ῥυ-

2025 1328 2254 1400 σάμενός
2317 1350 2372 1382 σε
2423 1328 2472 1398 ἐξ
2523 1329 2736 1403 ἐχθρῶν
2808 1329 3040 1401 ἀνόμων.
3094 1332 3367 1385 Ἐπὲσεισε
3417 1333 3520 1405 γάρ
3579 1353 3662 1385 σοι

2025 1419 2183 1493 σφέας
2215 1417 2291 1492 ἐφ’
2326 1418 2474 1491 ᾧπερ
2528 1419 2591 1489 [Ρ
2623 1419 2746 1489 161]
2801 1417 3100 1488 ἀναμνῆσαι
3161 1419 3234 1479 ὡς
3283 1417 3375 1482 οὓς
3435 1421 3528 1488 μεν
3590 1421 3666 1481 ὡς

2025 1505 2254 1581 ἐχθροὺς
2306 1506 2535 1575 ἐζήτεις,
2587 1506 2689 1559 οὐκ
2745 1507 3058 1580 ἐχθραντέοι
3118 1507 3332 1569 πάντως
3417 1506 3664 1570 δικαίως.

2022 1592 2244 1668 Ὅραδέ
2293 1594 2420 1655 τοὺς
2467 1594 2722 1669 ἐχθροὺς,
2757 1595 2805 1648 εἴ
2858 1594 3069 1669 βούλει,
3106 1598 3186 1657 οἷς
3247 1597 3346 1650 οὐκ
3401 1595 3461 1650 ἂν
3495 1598 3664 1669 ὁμόσε

2026 1685 2322 1755 χωρήσεις,
2354 1685 2418 1751 ἣν
2458 1683 2533 1754 μὴ
2567 1681 2670 1756 ἐγὼ
2703 1681 2942 1753 θέλοιμι.
2976 1680 3181 1752 Ἐδειξε
3199 1685 3380 1738 τοίνυν
3413 1683 3500 1738 καὶ
3539 1683 3667 1748 τοὺς

2026 1770 2272 1843 ἐχθροὺς,
2324 1770 2413 1824 καὶ
2475 1765 2720 1843 φοϐήσας
2782 1769 2942 1840 μόνον
3002 1767 3320 1841 μεταϐαλὼν
3381 1772 3660 1848 ἐρρύσατο.

264 1855 570 1912 ἀποδοῦναι
628 1857 696 1910 τὰ
744 1863 845 1924 τῆς
922 1854 1272 1929 εὐχαριστίας
1343 1853 1522 1929 ῥύσια,
1565 1853 1839 1909 κατελθὼν
1891 1856 1918 1908 6
1948 1876 1996 1940 Β
2027 1858 2216 1921 Οὕτως
2247 1856 2356 1912 οἶδε
2385 1858 2587 1932 Κύριος
2615 1857 2852 1932 κρίματα
2900 1863 3093 1915 ποιῶν.
3130 1884 3158 1910 ››
3197 1863 3375 1916 Ταῦτα
3417 1867 3512 1915 τοῦ
3560 1883 3665 1916 πα-

264 1945 626 2018 πατριάρχης
697 1942 940 2011 ὠνείδιζὲ
1007 1964 1064 1997 τε
1137 1941 1322 2011 αὐθὺς,
1380 1942 1778 2018 προσεπιτιθείς
1827 1945 1913 1996 καὶ

264 2035 367 2097 τὰς
428 2033 504 2094 εἷς
559 2033 684 2087 Θεὸν
760 2039 862 2101 τῆς
940 2030 1210 2104 σωτηρίας
1291 2030 1498 2085 ἐκείνου
1556 2031 1918 2107 εὐχαριστίας,

265 2123 391 2190 καὶ,
423 2144 448 2175 α
479 2127 565 2194 Τῷ
620 2126 738 2192 Θεῷ
794 2122 978 2196 χάρις,
1021 2142 1049 2170 n
1095 2115 1271 2195 ἔλεγε,
1304 2144 1334 2172 ‹‹
1393 2121 1476 2175 ὅτι
1534 2121 1784 2189 σέσωσαι,
1833 2119 1920 2174 καὶ

267 2211 469 2286 χερσὶν
503 2210 564 2266 οὗ
590 2209 948 2285 παραδέδοσαι
979 2213 1086 2263 τῶν
1113 2211 1210 2278 τήν
1244 2210 1342 2278 σήν
1383 2211 1568 2283 ψυχὴν
1619 2209 1924 2279 ζητούντων

276 2301 528 2374 ἐχθρῶν.
563 2299 630 2356 Τί
682 2296 766 2353 δαὶ
817 2299 882 2352 τά
928 2297 1214 2371 παρ’ἐμοῦ
1261 2319 1344 2352 σοι
1391 2299 1513 2352 τότε
1559 2298 1854 2374 λεγόμενα;
1887 2297 1921 2367 ἢ

272 2389 331 2443 οὗ
404 2389 680 2461 μέμνησαι
730 2387 803 2448 ὡς
853 2388 950 2454 τὴν
1011 2385 1352 2460 ἐκστρατείαν
1438 2385 1677 2441 ἐκώλυον
1733 2387 1807 2448 ὡς
1859 2389 1922 2442 οὐ

271 2476 628 2532 συνοίσουσαν
680 2473 964 2546 ἄντικρυς
995 2474 1055 2528 οὐ
1114 2475 1238 2535 τούς
1282 2472 1585 2550 ἐμφυλίους
1643 2473 1922 2547 πολὲμους

280 2677 606 2748 imperator
647 2673 891 2730 removit
934 2689 1065 2739 suo,
1098 2671 1374 2744 palatinis
1401 2671 1610 2728 oﬂiciis
1641 2673 1916 2745 privatos.

281 2765 439 2818 Tum
456 2763 632 2818 missa
651 2761 902 2816 militum
924 2776 1101 2814 manu
1121 2757 1370 2815 sultanis
1390 2775 1622 2814 uxorem
1645 2763 1700 2814 et
1716 2759 1918 2829 ﬁliam,

290 2855 546 2904 matrem
576 2858 840 2919 praeterea
857 2852 914 2904 et
931 2864 1189 2904 sororem
1208 2847 1474 2918 ﬁliosque
1488 2848 1752 2918 ejusdem
1781 2864 1915 2902 cum

295 2937 630 2992 domesticis
661 2941 713 2992 et
731 2943 940 2992 cuncta.
959 2935 1181 2991 familia
1200 2936 1465 2991 omnium
1481 2952 1683 2990 eorum
1701 2952 1917 2990 securae

297 3025 578 3082 custodias
609 3025 922 3081 mandavit.
955 3025 1246 3088 Quantum
1281 3041 1450 3095 porro
1482 3023 1668 3079 eidem
1697 3023 1919 3079 sultani

289 3115 626 3170 divitiarum
669 3113 751 3170 ibi
787 3113 898 3169 fuit
924 3112 984 3168 in
1015 3129 1154 3168 auro
1185 3117 1541 3184 argentoque
1563 3111 1791 3182 signato
1823 3116 1927 3168 aut

284 3204 436 3260 facto
471 3202 725 3273 velisque
746 3201 1097 3274 insignibus,
1122 3199 1288 3257 stolis
1320 3217 1386 3256 ac
1416 3200 1925 3271 zonis,unionibus

2025 1946 2291 2021 τριάρχου
2340 1947 2592 2019 λέγοντος
2644 1946 2880 2018 εὐμενῶς
2939 1948 2966 2000 6
3023 1953 3233 2022 κρατῶν
3299 1947 3516 2024 ἐδέχετο
3572 1950 3666 2011 τὰς

2031 2034 2260 2109 ἐλέγξεις
2291 2035 2380 2089 καὶ
2411 2035 2739 2109 προσεπῂνει
2775 2053 2785 2064 ·
2817 2034 3110 2111 ἀντιλέγειν
3157 2039 3256 2112 γὰρ
3313 2039 3386 2098 ὡς
3437 2037 3665 2099 δικαίοις

2034 2121 2131 2176 οὐκ
2161 2123 2322 2196 εἶχεν,
2346 2121 2468 2178 ἀλλ’
2499 2123 2695 2198 ἐπῆγεν
2755 2126 2828 2187 ὡς
2872 2123 3030 2192 δῆθεν
3085 2124 3533 2199 ἀπολογούμενος
3593 2127 3668 2187 ὡς

2032 2211 2121 2264 καὶ
2169 2209 2388 2284 εἰρήνην
2447 2210 2660 2283 μᾶλλον
2721 2215 2785 2268 τὰ
2831 2222 2931 2282 τῆς
2963 2215 3090 2268 ὁδοῦ
3147 2215 3548 2283 κατηντήκεσαν
3581 2213 3670 2268 καὶ

2033 2299 2106 2360 ὡς
2173 2297 2340 2367 κῆδος
2400 2297 2778 2372 μεσολαϐἥσαν
2836 2304 2931 2366 τὰς
2983 2302 3217 2364 εἰσαῦθις
3273 2299 3504 2366 σπονδὰς
3551 2297 3673 2357 ἐϐε-

2034 2381 2285 2442 ϐαίωσεν.
2319 2388 2378 2444 Ὁ
2410 2389 2503 2459 μὲν
2536 2388 2624 2443 οὖν
2686 2390 2938 2465 βασιλεὺς
2989 2389 3159 2451 οὕτως
3209 2390 3375 2444 εἰπὼν
3431 2391 3510 2462 (οὐ
3567 2393 3669 2465 γὰρ

2035 2476 2062 2528 ὁ
2119 2476 2308 2550 καιρὸς
2363 2474 2542 2532 ἐδίδου
2599 2479 2689 2533 καὶ
2745 2478 2977 2534 πλείονα
3037 2478 3230 2555 λέγειν)
3298 2480 3672 2557 ἀποπεμφθεὶς

2029 2673 2147 2728 dixi
2177 2677 2233 2728 et
2278 2674 2429 2730 serio
2463 2677 2797 2731 denuntiavi
2828 2677 2933 2731 tibi
2979 2692 3050 2732 ne
3096 2676 3249 2732 bella
3293 2677 3486 2732 civilia
3529 2695 3666 2733 sus-

2031 2763 2304 2833 ciperes?
2350 2762 2465 2818 Cur
2512 2781 2648 2837 ergo
2711 2770 2766 2820 te
2833 2770 3082 2836 tuasque
3138 2766 3334 2837 c0pias
3397 2766 3668 2822 Michaeli

2032 2852 2286 2922 despota:
2317 2852 2709 2924 exercituique
2741 2854 2869 2923 ejus
2901 2853 2960 2908 in
2984 2854 3167 2909 aciem
3197 2871 3543 2926 progressus
3573 2856 3668 2910 ob-

2023 2939 2267 3009 jecisti?
2311 2958 2503 2997 nonne
2533 2945 2591 2997 et
2623 2947 2679 2996 tu
2712 2942 2948 2997 nomine
2977 2943 3189 2998 Christi
3223 2943 3490 3015 signatus
3520 2961 3582 2999 es
3611 2948 3669 2998 et

2031 3026 2130 3082 ille
2155 3027 2451 3085 Christum
2483 3030 2766 3102 agnoscit.
2801 3031 3150 3086 Dominum?
3179 3033 3339 3086 Inter
3369 3031 3532 3096 tales,
3553 3031 3670 3086 aie-

2033 3115 2193 3186 bam,
2218 3116 2414 3187 praelio
2445 3117 2759 3174 commisso
2791 3135 2894 3191 pro
2925 3119 3140 3189 quibus
3163 3119 3494 3175 arabimus?
3515 3119 3672 3175 Utris

2033 3205 2362 3277 victoriam,
2422 3208 2573 3262 utris
2629 3206 2852 3262 cladem
2912 3207 3225 3278 impetrare
3269 3207 3674 3264 conabimura

285 3292 436 3382 quin
467 3291 638 3347 etiam
657 3289 1127 3382 etvariigeneris
1149 3288 1426 3382 exquisiti
1454 3289 1622 3382 pretii
1647 3289 1920 3382 gemmis,
1957 3315 2000 3382 α
2039 3295 2191 3382 Deo,
2251 3294 2390 3350 dum
2445 3295 2628 3351 sacris
2685 3311 2999 3366 operamur
3025 3294 3053 3349 ‘I
3102 3295 3352 3350 Neutros
3409 3294 3667 3350 hostium

286 3380 442 3450 quod
495 3396 564 3436 ex
611 3396 724 3435 usu
776 3378 1017 3434 luxuriae
1051 3377 1292 3433 Persicae
1324 3377 1647 3449 plurimum
1679 3377 1919 3434 omnino

284 3468 469 3524 fuisse
515 3469 702 3536 aiunt,
745 3470 934 3523 totum
982 3465 1226 3522 corrasit
1275 3471 1331 3521 et
1361 3465 1419 3520 in
1452 3465 1684 3537 publico
1716 3465 1919 3522 aerario

286 3556 583 3628 deposuit.

277 3722 366 3775 26.
396 3721 466 3776 Ut
490 3719 764 3788 exceperit
802 3716 1122 3788 patriarcha
1151 3715 1468 3772 redeuntem
1515 3716 1917 3788 imperatorem,

605 3787 771 3860 Quam
798 3787 919 3843 acri
946 3788 1338 3858 reprhensione
1368 3802 1432 3841 ac
1460 3787 1597 3842 zelo.

350 3920 506 3975 24]
559 3915 844 3971 Caeterum
897 3915 1243 3987 priusquam
1287 3913 1408 3969 haec
1453 3913 1677 3981 ﬁerent,
1711 3930 1918 3984 oppor-

275 4012 420 4062 tune
445 4005 813 4060 occasionem
837 4004 1165 4075 arripuerat
1184 4001 1552 4073 imperatoris
1571 4001 1920 4072 objurgandi

274 4092 871 4167 patriarcha.Multus
902 4092 952 4147 is
983 4093 1204 4147 dudum
1242 4091 1433 4145 fuerat
1466 4091 1525 4144 in
1558 4089 1922 4145 dehortando

276 4185 648 4256 imperatore
680 4182 752 4236 ab
783 4179 1251 4251 expeditionibus
1271 4180 1546 4234 adversus
1565 4177 1923 4233 Christianos

275 4270 704 4343 suscipiendis,
737 4286 853 4324 non
876 4285 1253 4325 successuras
1285 4267 1530 4323 feliciter
1559 4283 1657 4322 eas
1689 4266 1799 4337 ipsi
1831 4267 1926 4321 de-

277 4360 574 4417 nuntians
600 4375 612 4413 :
666 4374 855 4429 neque
885 4357 1042 4412 enim
1073 4355 1230 4412 civili
1263 4360 1464 4412 contra
1495 4356 1760 4426 ejusdem
1793 4355 1922 4411 reli-

276 4449 473 4521 gionis
532 4447 893 4519 professores
956 4445 1107 4501 bello
1167 4449 1344 4500 Deum
1405 4445 1732 4516 adjutorem
1784 4444 1922 4498 fore.

280 4537 456 4593 Talia
491 4536 712 4590 frustra
742 4549 896 4605 saepe
926 4549 960 4588 a
991 4549 1052 4589 se
1081 4533 1368 4588 monitum
1393 4533 1778 4601 videnstunc;
1811 4549 1926 4586 non

279 4629 348 4680 ut
399 4625 760 4696 imperatore
813 4621 1054 4694 dignum
1099 4621 1308 4692 fuerat,
1353 4623 1452 4677 sed
1484 4621 1760 4676 indecora
1792 4621 1925 4690 fuga

286 4713 383 4769 vix
414 4713 648 4769 salvum
673 4727 802 4768 sese
832 4710 1206 4783 recipientem
1231 4707 1924 4780 Constantinopolim,ubi

279 4803 549 4872 primum
580 4799 631 4856 is
663 4817 695 4855 a
718 4799 907 4855 reditu
933 4815 1210 4872 magnum
1245 4798 1302 4852 in
1329 4797 1615 4868 templum
1639 4813 1700 4851 se
1722 4802 1926 4852 contu-

278 4889 350 4944 lit
399 4889 505 4944 Dei
548 4888 833 4943 adorandi
859 4892 918 4944 et
951 4904 1051 4958 pro
1081 4887 1290 4943 evitato
1323 4901 1557 4941 summo
1590 4883 1928 4940 discrimine

280 4976 508 5049 gratias
539 4976 749 5047 agendi
781 4992 979 5042 causa,
1012 4975 1279 5031 cominus
1306 4973 1590 5029 accedens
1611 4971 1932 5044 increpavit

284 5065 485 5136 palam
510 5064 703 5120 verbis
738 5065 892 5120 haud
926 5063 1230 5133 mollibus,
1263 5063 1322 5118 id
1358 5065 1588 5118 tantum
1627 5059 1930 5116 intermis-

283 5168 428 5208 cens
451 5151 838 5222 delinimenti,
860 5157 924 5206 ut
951 5150 1232 5224 gratulari
1255 5167 1316 5206 se
1338 5149 1517 5206 simul
1539 5150 1650 5222 ipsi
1678 5148 1928 5205 salutem

282 5239 592 5311 insperato
625 5245 939 5310 servatam,
971 5239 1289 5296 reddendis
1321 5243 1429 5294 Deo
1456 5255 1559 5309 pro
1606 5255 1674 5294 ea
1702 5237 1930 5310 gratiis,

283 5327 694 5400 signiﬁcaret:
755 5351 782 5378 «
818 5331 932 5384 Deo
985 5328 1227 5400 gratias,
1261 5349 1290 5378 »
1348 5327 1644 5396 inquiens,
1704 5348 1731 5376 «
1769 5325 1930 5396 quod

287 5415 490 5471 salvus
545 5416 801 5484 evasisti,
863 5419 920 5472 et
959 5432 1073 5472 non
1107 5432 1167 5471 es
1197 5415 1454 5471 traditus
1503 5414 1778 5470 manibus
1826 5415 1930 5469 ho-

285 5504 471 5559 stium
514 5504 903 5577 qumrentium
930 5505 1186 5561 animam
1217 5509 1405 5560 tuam.
1460 5503 1682 5573 Ecquid
1731 5507 1928 5558 autem

284 5606 493 5646 eorum
528 5591 844 5648 meministi
877 5609 1004 5666 quae
1035 5609 1184 5666 saepe
1216 5593 1370 5664 apud
1403 5597 1457 5646 te
1492 5592 1931 5664 egi,expeditio-

287 5694 390 5736 nes
421 5678 770 5737 istiusmodi
799 5681 1151 5739 dissuadens
1182 5686 1246 5736 ut
1276 5696 1519 5752 prorsus
1551 5679 1785 5735 noxias?
1806 5679 1931 5734 Non

2038 3381 2249 3436 habere
2299 3398 2544 3438 numero
2588 3399 2926 3454 possumus,
2957 3382 3226 3454 utrisque
3255 3382 3478 3438 astricti
3508 3399 3672 3437 com-

2032 3469 2198 3525 muni
2227 3469 2438 3524 fmdere
2469 3469 2794 3540 religionis.
2826 3473 2983 3536 Quas
3015 3488 3115 3542 pro
3144 3471 3310 3526 vobis
3344 3487 3544 3542 preces
3575 3472 3668 3527 of-

2030 3558 2294 3625 ferimus,
2328 3558 2543 3613 eaadem
2578 3575 2680 3628 pro
2707 3558 2825 3613 illis
2851 3559 3064 3627 valent,
3090 3559 3565 3630 quandoquidem
3592 3560 3663 3615 ad

2031 3662 2215 3701 unum
2248 3661 2409 3716 aeque
2440 3645 2612 3700 ambo
2646 3647 2950 3715 pertinetis
2973 3647 3122 3701 ovile
3153 3648 3403 3718 pastoris
3426 3647 3660 3704 Christi.

2033 3735 2197 3791 Nunc
2227 3740 2421 3789 autem
2469 3733 2813 3788 benedictus
2847 3734 3145 3800 Dominus,
3180 3735 3274 3804 qui
3307 3734 3573 3790 liberavit
3602 3741 3658 3791 te

2029 3823 2100 3878 ab
2132 3822 2402 3878 hostibus
2429 3839 2462 3876 a
2491 3821 2617 3892 lege
2648 3821 2858 3876 Christi
2887 3821 3115 3888 alienis,
3149 3839 3294 3892 quos
3318 3823 3565 3878 immisit
3596 3825 3654 3877 in

2030 3915 2086 3966 te
2119 3915 2182 3965 ut
2203 3911 2354 3967 242
2387 3911 2725 3964 admoneret
2755 3925 2868 3963 non
2892 3910 3052 3978 juste
3081 3926 3112 3962 a
3145 3918 3196 3964 te
3243 3910 3375 3965 illos
3427 3911 3660 3966 hostili-

2030 4003 2120 4054 ter
2150 3999 2348 4068 impeti
2382 4015 2523 4067 quos
2555 3997 2752 4052 hostes
2781 3997 2883 4051 tibi
2918 3997 3196 4066 quaesisti,
3229 3997 3524 4054 exhiberet
3553 4017 3662 4054 au-

2030 4092 2148 4142 tem
2208 4091 2265 4142 et
2317 4087 2436 4140 tuis
2495 4086 2770 4156 objiceret
2829 4085 3015 4140 oculis
3048 4102 3214 4141 veros
3245 4087 3461 4154 hostes,
3493 4089 3664 4158 quasi

2031 4176 2282 4230 diceret:
2336 4174 2414 4228 En
2461 4175 2518 4228 in
2567 4191 2712 4245 quos
2756 4175 2842 4230 fas
2884 4174 3165 4245 piumque
3197 4175 3290 4241 sit,
3326 4175 3372 4230 si
3407 4193 3666 4248 pugnare

2032 4263 2435 4330 libet,omnem
2460 4262 2594 4316 belli
2629 4263 2746 4318 vim
2779 4263 3099 4332 effundere;
3122 4279 3269 4333 quos
3293 4263 3453 4334 ipsos
3473 4270 3667 4318 tamen

2033 4354 2250 4406 frustra
2296 4349 2586 4405 debellare
2639 4350 2836 4421 praelio
2881 4352 3120 4406 adortus
3169 4353 3494 4421 conaberis,
3549 4351 3668 4406 nisi

2033 4457 2138 4512 ego
2195 4439 2397 4495 volens
2450 4443 2506 4495 et
2532 4438 2820 4510 propitius
2877 4439 3135 4494 adfuero.
3191 4439 3462 4494 Ostendit
3491 4440 3668 4511 igitur

2033 4529 2139 4584 tibi
2172 4528 2390 4597 hostes,
2425 4533 2482 4583 et
2511 4526 2791 4582 terruisse
2822 4531 3132 4582 contentus
3163 4545 3360 4582 eorum
3395 4546 3427 4583 a
3455 4531 3510 4582 te
3550 4528 3667 4582 vim

2035 4617 2280 4685 arcuit,e
2314 4615 2590 4687 periculis
2622 4615 2971 4670 insidiarum
3005 4615 3063 4670 in
3089 4621 3281 4671 tutum
3311 4617 3663 4671 incolumem

1955 4668 2004 4732 Β
2032 4705 2694 4776 transferens.Sicagere
2710 4703 3673 4774 novitDominusiudiciafaciens.»

2037 4793 2166 4849 Haec
2195 4793 2528 4864 loquentem
2561 4791 2951 4863 patriarcham
2983 4792 3212 4864 placide
3241 4794 3462 4850 audivit
3492 4794 3676 4866 impe-

2036 4887 2214 4947 rator,
2275 4881 2832 4952 reprehensionique
2880 4881 3176 4953 acquievit
3206 4883 3474 4951 obnoxie,
3520 4882 3675 4939 ultro

2039 4971 2430 5041 comprobans
2487 4973 2544 5024 et
2601 4971 2886 5025 meruisse
2948 4970 3276 5025 conﬁtens:
3337 4972 3478 5043 quid
3517 4972 3675 5026 enim

2043 5063 2246 5114 contra
2272 5062 2588 5130 opponeret
2613 5057 2767 5114 veris
2795 5062 2852 5113 et
2883 5059 3076 5130 palam
3104 5059 3309 5130 justis,
3344 5077 3458 5114 non
3489 5059 3677 5114 habe-

2039 5146 2313 5203 bat.lllud
2349 5150 2578 5201 tantum
2612 5148 2680 5201 ad
2717 5147 3035 5217 quamdam
3067 5149 3502 5202 excusationem
3535 5149 3677 5202 sub-

2035 5236 2198 5307 jecit:
2233 5257 2261 5285 «
2295 5234 2471 5306 Atqui
2502 5235 2574 5290 ad
2606 5250 2830 5305 pacem,
2862 5254 2888 5286 ιο
2919 5235 3216 5306 inquiens,
3261 5257 3289 5286 «
3323 5252 3456 5291 cum
3511 5236 3677 5290 Chri-
3715 5297 3719 5300 ,

2042 5323 2254 5380 stianis
2322 5323 2700 5378 sanciendam
2770 5325 2885 5379 ista
2959 5341 3075 5395 qua
3139 5341 3266 5380 sum
3321 5323 3681 5395 periclitatus

2042 5413 2138 5467 via
2193 5411 2625 5482 properabam:
2686 5411 2801 5467 huc
2858 5413 3016 5468 enim
3085 5414 3312 5468 ferebar
3367 5417 3432 5467 ut
3490 5413 3681 5468 foedus

2034 5502 2159 5572 jam
2217 5499 2397 5554 ictum
2457 5516 2588 5554 cum
2644 5500 2794 5567 illis,
2855 5517 3001 5570 quos
3056 5518 3148 5556 me
3205 5502 3416 5556 habere
3475 5501 3675 5556 hostes

2039 5593 2221 5657 vetas,
2256 5589 2429 5643 ctiam
2466 5588 2766 5642 afﬁnitatis
2799 5589 3229 5644 necessitudine
3262 5591 3677 5661 astringerem,

2043 5677 2322 5733 ﬁrmitate
2369 5678 2428 5732 in
2471 5681 2768 5748 posterum
2797 5677 3047 5732 certiori.
3078 5701 3107 5727 »
3137 5679 3388 5734 Tantum
3423 5681 3675 5750 impera-
