4162 6292
491 391 596 445 687

1779 394 2079 449 GEORGII
2117 396 2577 452 PACHYMERE

3769 402 3881 455 688

493 516 615 572 ταῖς
648 508 837 585 εὒχαῖς
866 509 1067 585 ἐχώρει
1097 512 1232 585 πρὸς
1254 511 1315 565 τὸ
1346 508 1631 580 παλάτιον,
1661 514 1727 567 τὰ
1756 510 1813 566 δὲ
1859 514 1983 584 περὶ
2037 516 2134 568 τοῦ
2163 523 2213 591 Α
2248 518 2473 589 χήρωτο
2528 519 2780 591 γυναικὸς
2834 522 2890 591 (ἡ
2939 522 3039 594 γάρ
3127 519 3361 597 θυγάτηρ
3444 526 3540 575 τοῦ
3610 521 3880 597 βασιλέως

495 601 699 671 κήδους
731 601 901 664 οὕτως
928 603 1081 670 ἦσαν.

497 817 592 884 κζ’.
626 813 807 884 Κῆδος
856 814 944 870 ἐπί
994 836 1052 870 τε
1098 820 1166 889 τῇ
1226 817 1448 941 θυγατρὶ
1496 823 1598 885 τῆς
1658 814 1924 891 Εὐλογίας
1969 821 2134 888 ’Ἂννῃ

566 888 652 940 καὶ
716 886 1013 941 Νικηωόοω
1072 885 1303 941 δεσπότῃ
1360 893 1463 941 υῶ
1523 892 1621 941 τοῦ
1706 885 1969 941 δεσπότου
2026 889 2131 941 Μι-

566 886 1013 961 καὶΛΝικηφόρῳ
1072 885 1314 961 δεσπότῃ
1360 885 1463 959 υίῷ
1523 892 1621 942 τοῦ
1706 885 1969 943 δεσπότου
2026 885 2131 943 Mt-

568 957 742 1031 χαήλ.

571 1133 794 1203 Ἐπειδὴ
842 1137 939 1209 γὰρ
991 1133 1263 1197 πολλάκις
1317 1132 1638 1196 ἀποστείλας
1673 1136 1699 1188 ὁ
1744 1132 1998 1210 βασιλεὺς
2047 1136 2133 1189 καὶ

496 1223 589 1284 τάς
621 1221 874 1297 δυνάμεις
907 1218 1233 1297 προσϐαλὼν
1266 1223 1591 1297 ἀπεκρούετο
1620 1222 1847 1297 (ἐχρῆτο
1900 1223 2000 1299 γάρ
2048 1222 2136 1276 καὶ

500 1310 785 1384 ὁΜιχαὴλ
840 1315 917 1379 τῷ
952 1310 1205 1381 Ἰταλικῴ
1263 1310 1341 1372 εἷς
1402 1310 1674 1385 βοήθειαν,
1722 1312 1811 1365 καὶ
1865 1316 2138 1385 καρτερῶς

498 1400 897 1473 κρατυνάμενος
966 1400 1059 1459 τάς
1144 1396 1396 1471 δυνάμεις
1457 1399 1693 1473 ἀντεῖχε,
1750 1398 1838 1453 καὶ
1898 1396 2050 1453 οὐδέν
2111 1400 2137 1452 ὁ

500 1487 663 1541 ἐπιὼν
724 1485 905 1557 ἤνυεν,
962 1486 1174 1559 μᾶλλον
1237 1488 1327 1559 μὲν
1390 1488 1480 1541 οὖν
1555 1488 1643 1541 καὶ
1701 1492 2139 1561 προσεξημιοῦτο

499 1581 619 1635 ταῖς
679 1574 730 1628 έν
788 1580 965 1638 κενοῖς
1005 1574 1338 1649 ἀσχολίαις),
1375 1575 1535 1647 μόλις
1575 1575 1708 1629 κατά
1763 1575 1860 1643 τὴν
1922 1574 2137 1643 πολλὴν

500 1669 715 1737 πεῖραν,
772 1665 1138 1724 ἱκετεύσαντος
1209 1667 1305 1716 τοῦ
1366 1660 1629 1717 δεσπότου
1685 1662 1775 1717 καὶ
1828 1659 2139 1735 πρεσϐείαις

502 1756 727 1825 συχναῖς
787 1748 1236 1822 ἐκμειλιξαμένου
1292 1752 1382 1805 τὸν
1434 1750 1823 1824 αὐτοκράτορα,
1874 1751 2011 1826 πρὸς
2067 1750 2140 1804 εἷ’-

506 1842 670 1913 ρήνην
703 1839 793 1893 καὶ
825 1840 980 1901 οὗτος
1009 1839 1281 1895 ἀπέκλινε.
1316 1840 1414 1893 Καὶ
1466 1838 1581 1894 ἐπεὶ
1638 1837 1824 1901 παῖδες
1873 1840 2007 1907 ἦσαν
2064 1844 2143 1910 τῷ

506 1926 735 2002 Μιχαὴλ
787 1933 932 2003 τρεῖς
991 1928 1084 2000 μὶν
1141 1929 1474 2004 γνήσιοι,ὧν
1537 1930 1563 1982 ὁ
1616 1930 1709 2001 μὲν
1736 1926 1989 1997 Ἰωάννης
2047 1926 2143 1981 ἀνά

504 2024 694 2093 χεῖρας
735 2018 799 2085 ἦν
853 2017 948 2070 τοῦ
993 2022 1342 2091 κρατοῦντος,
1372 2017 1638 2094 πεμφθεὶς
1703 2016 1796 2089 μὲν
1848 2017 1982 2090 πρὸς
2039 2036 2142 2070 πα-

502 2106 652 2181 τρὸς,
689 2102 862 2168 δοθεὶς
894 2102 950 2158 δὲ
978 2106 1068 2158 καὶ
1107 2106 1251 2179 παρά
1301 2105 1507 2180 μητρὸς
1560 2104 1806 2175 ἡκούσης
1867 2103 1943 2166 εἷς
2002 2103 2145 2176 ὅμηο

506 2215 618 2268 ρον,
661 2194 719 2247 ’ὀν
773 2193 861 2246 καὶ
911 2188 1157 2268 γαμϐρὸν
1206 2198 1303 2248 τοῦ
1355 2190 1813 2268 σεϐαστοράτορος
1858 2192 2146 2265 Τορνικίου

506 2284 532 2336 ὁ
566 2280 731 2355 λόγος
758 2279 1171 2356 προϋπεδείκνυ,
1215 2280 1310 2336 δύο
1343 2280 1398 2336 δὲ
1441 2283 1586 2356 παρά
1629 2285 1707 2352 τῷ
1754 2281 1940 2354 πατρὶ,
1975 2288 2145 2351 Νικη-

503 2372 668 2447 φόρος
702 2390 783 2425 τε
841 2369 934 2423 καὶ
1007 2372 1350 2445 Δημήτριος,
1397 2368 1582 2445 ἕτερος
1639 2367 1685 2422 δ’
1744 2367 1803 2423 ἐκ
1853 2368 2059 2429 νοθείας
2118 2368 2146 2422 ὁ

503 2460 773 2530 Ἰωάννης,
806 2456 896 2512 καί
942 2459 969 2512 ὁ
1006 2459 1099 2531 μέν
1134 2462 1449 2536 Δημήτριος
1496 2459 1744 2521 ἀντίπαις
1798 2458 1864 2526 ἦν
1920 2452 1995 2512 ἔτι
2057 2456 2145 2511 καὶ

508 2552 559 2607 ἐν
591 2547 979 2625 ἀπραγμοσύνῃ
1016 2551 1117 2616 ζῶν
1153 2546 1405 2616 διετέλει,
1436 2550 1463 2602 ὁ
1496 2545 1551 2603 δέ
1581 2568 1644 2615 γε
1695 2544 2011 2622 Νικηφόρος
2052 2566 2144 2599 κε-

502 2763 594 2815 tor
625 2757 855 2813 locutus
888 2758 1029 2824 (non
1060 2750 1216 2808 enim
1248 2754 1480 2821 tempus
1512 2748 1569 2802 id
1602 2750 1725 2803 erat
1756 2745 1927 2817 plura
1957 2744 2142 2799 disse-

506 2847 698 2917 rendi)
750 2842 993 2901 recessit
1049 2841 1107 2896 in
1142 2838 1451 2913 palatium,
1485 2838 1632 2892 bene
1663 2838 1933 2907 precante
1962 2832 2020 2887 in
2053 2831 2143 2886 di-

505 2932 710 3008 gressu
746 2928 1377 3006 patriarcha.Al‘ﬁnitas
1403 2942 1573 2998 porro
1605 2926 1775 2995 cujus
1792 2923 1962 2979 modo
1996 2922 2147 2977 facta

509 3034 597 3081 est
629 3023 870 3093 mentio,
906 3021 990 3077 sic
1022 3035 1083 3075 se
1113 3016 1343 3072 habuit.

511 3248 601 3301 27.
636 3243 895 3316 Afﬁnitas
928 3244 1068 3295 inter
1096 3241 1481 3318 imperatorem
1512 3234 1874 3318 θιηςίρεροεαηι
1917 3231 2158 3318 Michae:

587 3306 715 3372 ιβπί·
738 3320 1035 3377 contracta,
1081 3306 1242 3365 Anha
1273 3307 1525 3373 Eulogiae
1546 3308 1668 3375 ﬁlia
1694 3307 1893 3360 sororis
1922 3306 2156 3371 Augusti

584 3389 883 3458 Nicephoro
922 3384 1155 3453 despotic
1209 3378 1487 3435 Michaelis
1515 3379 1632 3447 ﬁlio
1665 3378 1724 3431 in
1744 3392 1975 3432 uxorem
1999 3377 2150 3430 data.

588 3560 735 3612 Cum
779 3568 929 3624 sazpe
986 3552 1303 3622 imperator
1359 3548 1444 3603 vel
1504 3546 1753 3601 aliorum
1802 3545 1888 3601 vel
1923 3543 2157 3617 proprio

529 3648 708 3701 ductu
740 3641 1026 3697 immissis
1058 3640 1117 3693 in
1148 3642 1402 3693 tractum
1431 3634 1752 3691 Occiduum
1783 3633 1989 3704 copiis,
2010 3632 2157 3686 illic-

526 3750 641 3806 que
691 3748 826 3787 cum
872 3728 1142 3784 hostibus
1202 3741 1575 3797 congressus,
1608 3737 1837 3793 semper
1893 3720 2161 3791 repulsus

530 3827 705 3887 esset,
750 3823 1058 3892 propterea
1088 3816 1242 3887 quod
1270 3815 1351 3871 ibi
1383 3813 1694 3870 dominans
1723 3808 1967 3866 Michael
1998 3808 2160 3863 auxi-

527 3911 623 3967 liis
672 3908 892 3965 Italicis
941 3907 1217 3962 utebatur
1244 3908 1299 3959 et
1329 3902 1539 3959 horum
1570 3900 1625 3955 vi
1659 3899 2037 3954 conﬁrmatus
2067 3914 2159 3952 re-

526 4000 771 4056 sistebat
800 3994 1180 4061 validissime,
1197 3995 1339 4048 adeo
1366 4008 1479 4046 non
1503 3986 1941 4062 proficientibus
1962 3991 2162 4042 contra

520 4088 845 4160 quidquam
874 4083 1150 4140 Romanis
1184 4080 1437 4136 utetiam
1458 4078 1607 4135 male
1626 4075 1858 4133 multati
1892 4075 2150 4146 plerum-

522 4193 635 4248 que
684 4174 960 4239 redirent,
1009 4170 1182 4242 longa
1212 4168 1572 4239 experientia
1607 4165 1829 4221 militias
1863 4165 2161 4219 damnosas

521 4266 760 4321 tandem
795 4277 1113 4333 persuasus
1145 4257 1328 4312 otium
1360 4256 1442 4311 ibi
1473 4260 1529 4311 et
1560 4270 1795 4326 operam
1850 4254 1909 4307 in
1942 4252 2163 4308 nullius

520 4353 728 4425 frugis,
766 4349 989 4405 nullius
1025 4346 1148 4418 spei
1180 4344 1412 4417 negotio
1438 4343 1591 4399 male
1617 4341 1910 4411 consumi,
1935 4340 2166 4396 induxit

524 4443 587 4497 in
606 4440 865 4497 animum
888 4454 1003 4493 non
1028 4436 1155 4506 jam
1175 4433 1477 4505 aspernari
1502 4430 1757 4503 amplius
1779 4431 2014 4485 crebras
2034 4431 2163 4485 des-

526 4535 672 4603 potae
724 4542 943 4600 preces,
997 4541 1102 4579 nec
1152 4540 1236 4593 se,
1290 4525 1356 4577 ut
1403 4521 1710 4588 hactenus,
1743 4517 2164 4573 inexorabilem

522 4620 779 4693 praebere
792 4612 1190 4670 delinimentis
1203 4612 1471 4683 ejusdem
1485 4614 1541 4665 et
1557 4607 1924 4680 supplicibus
1936 4606 2163 4676 ofﬁciis,

2237 606 2302 676 [Ρ
2354 607 2476 677 162]
2526 607 2764 679 Λάσκαρι
2824 606 3141 681 ἐτεθνήκει),
3200 608 3376 681 τούτῳ
3434 608 3731 685 ἐγνώκεσαν
3787 612 3881 665 καὶ

2240 692 2571 769 ἀμφότεροις
2601 697 2702 762 τήν
2734 694 2923 769 τρίτην
2952 700 3057 749 τῶν
3091 703 3192 765 τῆς
3249 697 3520 770 Εὐλυγίας
3581 700 3887 773 θυγατέρων

2238 782 2432 838 “Ανναν
2492 779 2773 851 ἐκδοθῆναι
2822 784 2957 857 πρὸς
3011 783 3211 857 γάμον,
3244 782 3477 859 δεσπότῃ
3540 807 3603 861 γε
3655 782 3793 855 ὄντι,
3824 786 3887 841 ἐκ

2238 873 2335 922 τοῦ
2391 871 2659 944 προτέρου
2715 869 2915 941 κήδους
2980 875 3125 946 παρά
3179 877 3275 928 τοῦ
3321 869 3886 947 προϐεϐασιλευκότος

2244 957 2494 1012 Ἰωάννου
2526 957 2709 1032 ἔχοντι
2738 961 2801 1014 τὸ
2832 960 3061 1033 ἀξίωμα.
3097 962 3198 1016 Καὶ
3231 959 3297 1029 δὴ
3333 963 3467 1034 μετὰ
3513 962 3733 1033 πολλῆς
3793 962 3891 1018 δο-

2243 1046 2509 1121 ρυφορίας
2542 1048 2865 1110 ἀποστείλας
2896 1051 2995 1118 τήν
3029 1051 3223 1104 Ἀνναν
3256 1051 3384 1113 τοὺς
3418 1051 3632 1125 γάμους
3689 1052 3892 1120 ἐτέλει,

2246 1134 2356 1187 εἶτα
2407 1136 2496 1188 καὶ
2548 1138 2641 1189 τὸν
2690 1139 3003 1212 Νικηφόρον
3042 1138 3116 1199 εἷς
3153 1139 3336 1193 ἑαυτὸν
3371 1139 3702 1213 συγκαλέσας
3755 1143 3895 1197 κατά

2242 1224 2340 1291 τὴν
2371 1225 2778 1279 Κωνσταντίνου
2834 1224 3083 1295 κρατύνει
3148 1228 3241 1297 μὲν
3286 1227 3349 1281 τὸ
3382 1228 3616 1301 ἀξίωμα,
3648 1231 3737 1284 καὶ
3797 1252 3890 1283 τι-

2249 1316 2373 1382 μαῖς
2409 1309 2714 1385 μεγαλόνας
2760 1312 2848 1368 καὶ
2903 1311 3103 1386 δώροις
3156 1314 3363 1389 ἀγήλας
3404 1318 3543 1392 πρὸς
3594 1318 3661 1371 τὰ
3716 1318 3892 1372 οἰκεῖα

2247 1398 2530 1472 ἐκπέμπει.
2560 1400 2661 1455 Καὶ
2718 1400 2863 1456 οὕτω
2918 1400 2985 1455 τὰ
3040 1401 3175 1463 κατά
3233 1400 3381 1457 δύσιν
3426 1407 3766 1475 καταστήσας
3822 1408 3890 1461 τὰ

2245 1494 2344 1555 τῆς
2404 1487 2674 1557 ἀνατολῆς
2733 1494 3002 1544 πονοῦντα
3058 1498 3487 1563 προσανεκτᾶτο,
3537 1493 3626 1547 καὶ
3686 1492 3891 1556 ἄλλους

2251 1576 2344 1647 μέν
2403 1574 2694 1637 πλείστους
2750 1577 3273 1651 προσαποστέλλων,
3334 1579 3616 1655 ἐξαιρέτως
3688 1580 3747 1637 δὲ
3799 1585 3887 1637 τὸν

2248 1662 2510 1734 δεσπότην
2573 1665 2848 1735 Ἰωάννην,
2908 1671 2952 1737 ᾧ
3012 1664 3077 1735 δὴ
3139 1666 3419 1743 ἐπεθάρῥει
3494 1669 3735 1743 αὐτάρκη
3792 1673 3890 1738 τήν

2246 1755 2353 1805 τῶν
2409 1753 2759 1824 κακουμένων
2816 1753 3126 1828 ἐπικουρίαν
3166 1773 3178 1785 ’
3232 1760 3352 1816 ταῖς
3436 1758 3538 1831 γὰρ
3606 1756 3893 1827 ἀληθείαις

2249 1839 2669 1913 ἀσχολουμένου
2698 1845 2793 1895 τοῦ
2828 1841 3095 1915 βασιλέως
3125 1848 3243 1905 τοῖς
3299 1840 3538 1906 δυτικοῖς
3600 1848 3675 1907 ὡς
3731 1844 3890 1915 δῆθεν

2250 1926 2690 2001 ἀνακαλουμένου
2744 1931 2812 2001 τῇ
2876 1929 3125 2004 βασιλείᾳ
3174 1931 3237 1984 τὸ
3284 1930 3497 2000 λεῖπον,
3556 1934 3769 2002 ἠσθένει
3827 1934 3893 1989 τὰ

2250 2017 2365 2070 καθ’
2395 2013 2469 2070 ἕω
2530 2013 2771 2090 διχόθεν,
2802 2021 2880 2088 τῷ
2937 2038 2996 2071 τε
3039 2020 3133 2081 τὰς
3174 2018 3285 2072 ἐκεῖ
3316 2017 3569 2092 δυνάμεις
3597 2023 3734 2096 πρὸς
3788 2024 3888 2091 τὴν

2256 2100 2401 2157 δόσιν
2434 2103 2795 2178 ἐκπέμπεσθαι
2844 2106 2934 2159 καὶ
2987 2110 3067 2177 τῷ
3122 2107 3544 2179 καταμελεῖσθαι
3605 2112 3888 2185 μακρόθεν.

2256 2191 2435 2247 Ἀλλά
2480 2198 2647 2247 ταῦτα
2706 2194 2824 2267 μέν,
2856 2198 2963 2248 τῶν
3026 2191 3253 2249 δυτικῶν
3308 2197 3716 2272 ἡσυχαζόντων,
3748 2200 3887 2271 πέμ-

2254 2302 2370 2335 πων
2431 2283 2457 2335 ὁ
2521 2281 2774 2355 βασιλεὺς
2850 2284 2966 2337 καθ’
3022 2284 3144 2338 ὅσον
3222 2283 3335 2339 οἷόν
3389 2307 3448 2340 τε
3496 2286 3733 2341 ἀνεκτᾶτο
3790 2289 3874 2341 καὶ

2255 2368 2391 2443 πρὸς
2422 2370 2484 2424 τὸ
2509 2371 2772 2447 πρότερον
2806 2371 3084 2447 ἐπανῆγεν.
3117 2372 3205 2429 Ου’
3250 2376 3350 2448 γὰρ
3403 2375 3493 2443 ἧν,
3525 2376 3618 2429 οὐκ
3668 2376 3732 2442 ἦν
3789 2379 3882 2429 τοῦ

2258 2454 2519 2512 δεσπότου
2579 2460 2834 2536 φανέντος
2892 2460 3062 2515 ἐκεῖσε
3114 2460 3239 2522 τοὺς
3295 2463 3503 2537 Πέρσας
3540 2465 3616 2535 μὴ
3646 2464 3889 2538 ἠρεμεῖν,

2257 2545 2292 2614 ἢ
2330 2546 2541 2619 μᾶλλον
2573 2546 2661 2601 καί
2688 2549 2762 2621 μὴ
2788 2547 2876 2601 σὺν
2911 2544 3065 2625 φόϐῳ
3095 2548 3308 2603 πλείονι
3338 2550 3779 2608 ἀναστέλλεσθαι.

2251 2761 2384 2799 vero
2435 2746 2649 2802 viduus
2700 2752 2825 2803 erat
2871 2764 3057 2818 nuper
3114 2754 3343 2805 mortua
3373 2750 3563 2821 ipsius
3614 2754 3887 2825 conjuge,

2256 2833 2654 2890 ﬁliaLascaris
2671 2835 3077 2906 Augusti,huic
3100 2838 3481 2895 decreverunt
3504 2843 3902 2898 communiter

2254 2922 2487 2977 tertiam
2528 2923 2785 2993 Eulogias
2819 2929 3088 2980 natarum
3122 2931 3347 2983 Annam
3362 2928 3903 3002 copularenuptiis,

2254 3010 2492 3066 titulum
2526 3027 2592 3066 ac
2622 3010 2970 3082 dignitatem
3006 3014 3257 3085 despote
3283 3017 3408 3087 jam
3439 3033 3509 3073 ex
3556 3018 3751 3088 priore
3796 3020 3903 3075 ha-

2259 3098 2417 3154 benti
2447 3116 2480 3153 a
2510 3115 2709 3154 socero
2740 3099 3091 3171 imperatore
3118 3103 3343 3159 Joanne
3372 3111 3730 3177 accceptam.
3783 3109 3905 3162 Ita-

2261 3203 2373 3258 que
2400 3203 2534 3242 cum
2576 3187 2761 3242 multo
2810 3188 3089 3245 satellitio
3140 3190 3567 3263 splendidaque
3616 3195 3906 3251 comitatu

2185 3278 2227 3345 ί]
2259 3276 2428 3330 Anna
2457 3276 2642 3332 missa
2670 3277 2908 3348 nuptias
2939 3277 3259 3349 imperator
3287 3279 3433 3335 istas
3479 3284 3736 3354 peregit;
3771 3288 3907 3339 tum

2263 3368 2465 3419 vocato
2495 3366 2567 3419 ad
2593 3382 2654 3420 se
2682 3365 3252 3439 Constantinopolim
3279 3368 3629 3441 Nicephoro,
3660 3377 3907 3441 praeter-

2265 3467 2441 3523 quam
2473 3452 2525 3507 ei
2556 3453 2896 3523 dignitatem
2928 3456 3316 3522 conﬁrmavit,
3360 3457 3682 3515 honoribus
3722 3461 3911 3517 etiam

2264 3540 2432 3594 illum
2450 3546 2689 3596 auctum
2734 3543 3056 3613 majoribus
3099 3544 3385 3617 donisque
3412 3547 3769 3618 dignitatum
3800 3550 3916 3604 do-

2266 3645 2429 3684 mum
2450 3630 2911 3702 remisit.Sicque
2927 3633 3262 3689 constitutis
3288 3636 3345 3689 in
3369 3635 3679 3692 Occidente
3703 3639 3911 3706 rebus,

2265 3716 2483 3773 Orienti
2506 3719 2864 3789 jamdudum
2895 3718 3183 3776 laboranti
3216 3726 3612 3795 recuperando
3628 3728 3909 3781 attende-

2266 3806 2524 3875 bat,cum
2539 3807 2668 3862 aliis
2683 3824 2747 3863 eo
2762 3809 2963 3864 missis
2977 3809 3244 3881 plurimis
3262 3814 3381 3865 tum
3398 3814 3719 3883 praesertim
3732 3815 3911 3870 Joan-

2269 3911 2339 3949 ne
2370 3896 2753 3968 despota,quo
2786 3898 3037 3954 maxime
3079 3899 3703 3969 innitebatur,abunde
3730 3903 3910 3960 illum

2266 3984 3690 4062 idoneumconfidensemendandissarciendisque
3728 4008 3919 4049 cunc-

2270 4074 2342 4127 tis
2365 4090 2467 4145 per
2491 4072 2659 4129 illum
2689 4078 2939 4130 tractum
2968 4076 3337 4133 detrimentis
3356 4078 3433 4133 rei
3442 4079 3769 4149 publicae,“
3788 4080 3919 4139 illis

2268 4161 2734 4232 periclitantibus
2766 4162 3023 4234 pepulis,
3052 4169 3273 4234 quanto
3305 4170 3459 4222 esset
3488 4184 3637 4238 opus
3668 4169 3738 4223 ad
3767 4169 3915 4227 illos

2267 4249 2513 4321 imperio
2545 4251 2885 4318 servandos,
2918 4251 3135 4307 auxilio
3173 4254 3451 4322 juvandis
3496 4256 3914 4327 tegendisque.

2269 4338 2488 4394 Revera
2530 4339 2686 4393 enim
2716 4338 2938 4394 intento
2988 4341 3338 4412 imperatore
3386 4344 3659 4401 Occiduis
3709 4346 3911 4413 rebus,

2268 4432 2324 4482 et
2352 4427 2512 4482 omni
2543 4444 2683 4482 cura
2712 4429 3135 4499 satagenteilla
3151 4430 3375 4486 divulsa
3396 4434 3913 4506 membraimperii

2270 4516 2493 4587 corpori
2525 4516 2880 4587 conjungere
2911 4517 3124 4573 iterum
3158 4536 3223 4575 ac
3256 4520 3579 4587 restituere,
3616 4523 3907 4579 infirmari

2270 4621 2337 4660 ac
2368 4603 2657 4658 debilitari
2687 4605 2930 4677 contigit
2968 4607 3295 4677 provincias
3318 4610 3473 4665 244
3522 4612 3594 4666 ad
3640 4611 3909 4668 Orienta-

527 4690 629 4765 sed
661 4707 733 4762 ad
769 4720 973 4775 pacem
1004 4718 1138 4757 cum
1169 4701 1299 4772 ipso
1325 4697 1629 4755 inclinare.
1659 4695 1943 4764 Quoniam
1967 4699 2161 4750 autem
2194 4728 2242 4790 Β
2276 4690 2387 4745 lem
2421 4690 2664 4747 limitem
2693 4692 2839 4747 sitas
2868 4693 3087 4763 duplici
3118 4710 3186 4748 ex
3210 4711 3409 4765 causa,
3450 4697 3709 4767 primum
3752 4698 3909 4769 quod

524 4798 677 4854 243
725 4791 1022 4849 Michaelis
1080 4794 1247 4846 erant
1303 4789 1559 4860 despotas
1610 4785 1717 4840 ﬁlii
1745 4790 1863 4841 tres
1893 4782 2160 4854 legitimi,

530 4899 779 4958 quorum
818 4886 1076 4937 Joannes
1122 4877 1360 4949 quidem
1391 4876 1454 4932 in
1476 4875 1749 4931 manibus
1780 4890 1847 4929 ac
1877 4874 2162 4944 potestate

529 4970 903 5046 imperatoris
956 4972 1101 5034 erat,
1130 4965 1351 5021 missus
1377 4965 1610 5036 quidem
1644 4980 1677 5017 a
1698 4966 1879 5033 patre,
1909 4960 2161 5015 traditus

529 5067 724 5120 autem
756 5060 814 5114 in
842 5057 1104 5114 obsidem
1136 5071 1169 5109 a
1197 5056 1384 5109 matre
1414 5056 1716 5123 praesente,
1742 5052 1813 5105 ad
1846 5048 2160 5105 concilian-

536 5156 668 5209 dam
720 5146 1162 5205 conventionem
1208 5142 1360 5197 ultro
1407 5138 1972 5210 Constantinopolim
2031 5154 2161 5208 pro-

527 5244 699 5309 fecta,
758 5252 929 5309 quem
978 5237 1035 5287 et
1062 5245 1342 5302 generum
1405 5230 1623 5285 factum
1682 5226 2162 5282 sebastocratoris

527 5327 781 5387 Tornicii
822 5321 1096 5394 superius
1146 5318 1476 5385 docuimus;
1511 5318 1625 5372 duo
1648 5321 1844 5372 autem
1875 5314 2165 5385 degebant

531 5420 685 5492 apud
719 5420 970 5487 patrem,
996 5406 1361 5479 Nicephorus
1385 5411 1442 5462 et
1461 5405 1812 5475 Demetrius,
1841 5421 1972 5460 cum
1997 5403 2164 5458 tertio

529 5526 598 5565 ex
652 5504 858 5577 pellice
916 5499 1109 5571 genito
1167 5495 1430 5565 Joanne;
1479 5510 1545 5551 ac
1567 5494 1897 5550 Demetrius
1927 5492 2162 5565 quidem

535 5596 792 5667 primum
826 5595 968 5644 tunc
999 5586 1325 5659 pubescens
1354 5584 1709 5639 immaturus
1740 5582 1988 5653 negotiis
2019 5578 2165 5635 nihil

533 5685 649 5740 nisi
681 5678 1007 5753 puerilibus
1033 5673 1479 5732 remissionibus
1500 5673 1763 5729 vacabat.
1804 5668 2166 5742 Nicephorus

2273 4796 2403 4850 quae
2434 4778 2567 4835 illas
2602 4780 2761 4852 prius
2793 4781 3183 4837 defendebant
3232 4784 3414 4855 copia:
3434 4785 3568 4841 inde
3614 4785 3676 4841 in
3716 4786 3897 4842 Occi-

2272 4869 2507 4923 dentem
2540 4868 3041 4940 abstraherentur,
3074 4870 3284 4927 deinde
3315 4875 3470 4943 quod
3501 4873 3560 4929 in
3595 4876 3910 4930 necessita-

2273 4957 2429 5013 tibus
2458 4958 2792 5028 urgentium
2848 4963 2906 5014 et
2962 4960 3218 5015 remedio
3277 4963 3546 5030 presenti
3608 4964 3906 5034 egentium

2271 5061 2515 5100 casuum
2548 5050 2782 5117 propter
2810 5045 3297 5118 longinquitatem
3323 5049 3773 5123 negligerentur.
3794 5052 3906 5107 Cae-

2272 5138 2462 5189 terum
2512 5135 2634 5201 ubi,
2685 5139 2751 5190 ut
2788 5134 2930 5205 dixi,
2964 5140 3205 5206 pacatus
3237 5137 3346 5193 fuit
3374 5138 3679 5209 Occidens,
3710 5139 3910 5196 missis

2274 5224 2346 5278 ad
2390 5222 2525 5277 illas
2584 5227 2779 5294 partes
2820 5222 3140 5294 imperator
3191 5227 3375 5297 copiis
3418 5235 3695 5297 quantam
3723 5230 3913 5299 potuit

2275 5312 2591 5368 maximam
2624 5310 2698 5366 iis
2729 5313 3143 5383 recuperandis
3183 5331 3384 5370 curam
3416 5316 3723 5387 impendit,
3756 5318 3911 5372 fere-

2275 5417 2385 5472 que
2429 5401 2488 5455 in
2540 5404 2761 5455 statum
2811 5401 3128 5470 pristinum
3179 5403 3428 5459 reduxit.
3476 5404 3624 5459 Nam
3653 5406 3909 5476 despotaa

2272 5488 2516 5546 Joannis
2574 5505 2642 5545 ea
2686 5488 2895 5559 virtus,
2945 5506 3011 5544 ea
3043 5492 3198 5547 fama
3226 5496 3370 5558 erat,
3399 5496 3465 5547 ut
3491 5509 3556 5549 eo
3590 5499 3909 5566 apparente

2274 5579 2398 5636 ﬁeri
2456 5595 2571 5635 non
2628 5585 2823 5650 posset
2852 5579 2995 5651 quin
3028 5585 3211 5636 Persas
3259 5582 3644 5651 quiescerent,
3678 5590 3779 5640 aut
3808 5600 3909 5657 po-

2272 5669 2393 5725 tius
2429 5684 2561 5723 cum
2593 5672 2749 5723 metu
2776 5672 2835 5723 et
2862 5672 3081 5726 terrore
3110 5669 3316 5740 majori
3349 5670 3827 5741 reprimerentur.
