4158 6280
322 380 434 435 689

1377 387 1472 439 DE
1510 387 1883 441 MICHAELB
1922 387 2363 440 PALEOLOGO
2400 389 2531 439 LIB.
2571 390 2668 441 III.

3613 382 3721 436 690

323 506 432 575 κη’.
496 504 622 579 Περῖ
679 507 788 584 τοῦ-
824 507 1185 584 φημισθέντος
1219 505 1486 584 μψεόδους
1555 506 1644 563 διὰ
1698 505 1965 582 Τοχάρων
1997 513 2049 577 Α
2082 528 2197 577 σαν,
2255 508 2521 584 Τοχάρων
2570 507 2721 570 ἔθνος
2768 513 2846 579 τῷ
2894 508 3093 579 πλήθει
3140 514 3431 582 θαρσῆσαν,
3462 507 3587 567 τοὺς
3615 510 3721 560 τῶν

772 575 1077 651 ἐπιδρομὴν
1106 580 1241 633 κατά
1270 575 1522 635 Νίκαιαν.

400 685 503 736 Τοῦ
561 680 607 734 δ’
666 682 828 737 αὐτοῦ
887 681 1058 751 ἔτους,
1121 685 1289 755 μηνὸς
1347 685 1599 757 Κρονίου,
1652 689 1757 739 τῶν
1816 686 1971 747 θείων

326 774 554 847 ἡμερῶν
579 779 679 841 τῆς
725 775 975 841 νηστείας
1020 772 1379 845 τελουμένης,
1428 776 1611 849 ἡμὲρᾳ
1648 780 1747 843 τῆς
1797 771 1974 829 δευτέ-

329 881 429 933 ρας
476 857 778 933 ἑϐδομάδος
826 858 1045 936 δευτέρᾳ
1094 857 1284 932 συνέϐη
1334 866 1402 935 τῇ
1448 863 1647 933 Νικαίᾳ
1694 863 1753 917 ἐκ
1798 883 1972 936 παρα-

327 947 489 1020 δόξου
517 970 576 1002 τε
617 950 707 1002 καὶ
756 948 1007 1022 ἐξαίφνης
1055 956 1279 1026 πρᾶγμα
1317 952 1559 1025 πραχθὲν
1596 952 1688 1023 μὲν
1740 947 1971 1027 φοϐερὸν

323 1039 419 1091 καὶ
468 1034 661 1108 μηδενὶ
705 1035 865 1109 ἄλλῳ
922 1036 998 1099 εἷς
1049 1038 1213 1113 λόγον
1265 1035 1576 1114 ὕπερϐολῆς
1604 1045 1969 1114 παραχωροῦν

322 1130 435 1179 τῶν
468 1125 770 1198 πρωτείων,
819 1126 916 1179 γᾶν
966 1124 994 1180 ὃ
1024 1148 1076 1180 τι
1106 1127 1194 1181 καὶ
1226 1127 1374 1189 ὅπως
1409 1123 1674 1200 συμϐαίη,
1731 1128 1854 1182 ὅσον
1904 1132 1970 1201 τῇ

321 1209 614 1287 προσϐολῆ
645 1214 735 1267 καὶ
772 1218 912 1287 μονῇ
944 1217 1031 1270 καὶ
1063 1217 1132 1286 τῇ
1161 1220 1265 1269 τῶν
1308 1215 1494 1270 δεινῶν
1541 1214 1863 1290 προσδοκίᾳ,
1898 1219 1971 1279 ὡς

321 1301 438 1373 ἤδη
476 1302 747 1377 μεγίστοις
797 1309 991 1366 κακοῖς
1013 1299 1445 1379 περιϐεϐλῆσθαι
1493 1305 1782 1379 ἀναγκαῖον
1836 1306 1970 1359 εἶναι

320 1397 444 1453 τοῖς
477 1389 797 1465 δεχομένοις
826 1392 916 1445 καὶ
949 1391 1119 1464 μηδὲν
1161 1396 1241 1465 [Ρ.
1276 1396 1399 1466 163]
1428 1397 1534 1447 τῶν
1589 1393 1665 1455 εἷς
1699 1394 1968 1467 σωτηρίαν

322 1478 590 1548 ἐλπίζειν,
648 1475 947 1553 λεγόμενον
1008 1477 1065 1534 δὲ
1128 1482 1203 1553 μὴ
1258 1481 1416 1535 τόσον
1477 1480 1607 1555 ἔχον
1670 1482 1748 1545 είς
1805 1478 1972 1557 φόϐον

318 1566 414 1621 καί
472 1563 740 1634 συστολήν
778 1609 790 1622 .
849 1564 1025 1629 Εἵωθε
1078 1566 1178 1642 γὰρ
1236 1568 1264 1621 6
1322 1564 1494 1641 λόγος
1549 1573 1665 1630 τοῖς
1729 1568 1969 1641 μετρίοις

325 1658 552 1730 μέγεθος
607 1654 879 1731 ἐπιφέρειν
951 1656 1026 1716 ὡς
1087 1654 1203 1717 οἷός
1252 1658 1299 1709 τ’
1364 1654 1579 1709 ἐκείνων
1656 1662 1967 1730 περιεῖναι,

318 1750 439 1805 τοῖς
517 1740 573 1797 δὲ
649 1742 923 1815 μεγίστοις
998 1743 1258 1815 ἐξατονῶν
1311 1742 1529 1819 ὕστερος
1584 1749 1729 1822 σφῶν
1786 1746 1968 1818 φαίνε-

322 1845 468 1897 σθαι.
520 1831 674 1899 Πλὴν
723 1832 890 1886 καλὸν
940 1830 991 1886 ἐν
1040 1838 1159 1894 τοῖς
1201 1833 1471 1894 τοιούτοις
1522 1836 1597 1905 μὴ
1647 1838 1763 1895 τοῖς
1813 1842 1967 1909 λεγο-

324 1922 511 1994 μένοις
586 1920 835 1992 ἐμμένειν
912 1925 1028 1981 τοῖς
1096 1918 1285 1997 λόγοις
1357 1923 1760 1998 προσέχοντας,
1822 1921 1966 1977 ἀλλά

314 2010 412 2064 καὶ
462 2009 514 2071 ἐς
569 2008 717 2080 μάλα
764 2009 854 2063 τὸν
904 2013 1027 2063 νοῦν
1076 2009 1355 2083 ἐπανάγειν
1403 2010 1491 2065 καὶ
1540 2011 1614 2074 ὡς
1661 2011 1744 2065 ἐπ’
1792 2011 1966 2065 αὐτῶν

318 2094 482 2159 ὄντας
511 2102 616 2151 τῶν
648 2096 980 2172 πραγμάτων
1011 2096 1301 2152 ἀναπολεῖν
1330 2099 1400 2153 τὰ
1441 2098 1732 2173 λεγόμενα.
1766 2101 1965 2174 Πρώτη

314 2186 501 2241 τοίνυν
551 2184 768 2261 φυλακῇ
816 2194 918 2255 τῆς
965 2187 1175 2261 ἡμέρας
1208 2186 1435 2258 ἐκείνης,
1492 2184 1963 2260 ὑπεραναϐεϐηκό-

315 2294 413 2335 τος
461 2273 550 2327 τὸν
602 2273 853 2346 ὁρίζοντα
881 2277 978 2327 τοῦ
1021 2273 1189 2342 ἡλίου
1221 2272 1345 2328 ὅσον
1392 2274 1481 2329 καὶ
1513 2273 1597 2329 ἐπὶ
1635 2275 1825 2349 μοίρας
1859 2280 1959 2343 ζω-

319 2361 437 2417 δίου
468 2364 773 2437 τριάκοντα,
828 2362 908 2417 ἐπ’
958 2358 1138 2437 ἔργοις
1168 2359 1337 2417 ὄντων
1359 2367 1464 2416 τῶν
1499 2362 1796 2438 ἀνθρώπων
1850 2367 1961 2418 τῶν

321 2452 416 2524 μὲν
474 2456 860 2521 πνευματικοῖς
908 2455 1014 2503 τῶν
1067 2448 1124 2505 δὲ
1166 2451 1254 2504 καὶ
1305 2458 1660 2523 σωματικοῖς,
1712 2451 1961 2529 ἐξαίφνης

319 2539 614 2617 φημίζεται
664 2536 832 2612 λόγος
862 2538 960 2592 οὐκ
1009 2539 1058 2593 ἐν
1091 2537 1232 2610 τῷδε
1284 2541 1375 2612 μὲν
1406 2545 1483 2610 τῷ
1518 2541 1665 2615 μέρει
1709 2547 1809 2608 τῆς
1856 2541 1958 2595 πό-

318 2626 462 2691 λεως
489 2628 540 2682 ἐν
566 2624 707 2698 τῷδε
739 2625 783 2680 δ’
816 2623 900 2695 οὕ,
934 2626 1078 2682 ἀλλά
1122 2627 1307 2700 κύκλῳ
1354 2630 1477 2702 περί
1505 2630 1604 2697 τὴν
1636 2627 1797 2683 πόλιν
1829 2631 1960 2683 ἅπα-

317 2828 411 2880 28.
457 2827 528 2881 De
588 2827 827 2896 Vulgata
878 2824 1084 2881 Nicaea:
1134 2827 1273 2892 falso
1328 2828 1526 2882 nuntio
1577 2828 1958 2883 invadentium

745 2913 865 2953 eam
912 2900 1102 2952 urbem
1142 2896 1529 2955 Tocharorum.

396 3003 666 3073 Ejusdem
699 3008 894 3058 autem
941 3003 1079 3058 anni
1125 3020 1325 3059 mense
1377 3004 1603 3072 Martio,
1640 3022 1773 3060 cum
1805 3006 1955 3060 sacri

318 3092 445 3148 dies
467 3092 677 3162 jejunii
708 3092 1265 3159 celebrarentur,die
1286 3093 1545 3147 secunda
1566 3090 1951 3148 hebdomadis

316 3153 611 3247 secunda,
642 3179 885 3251 contigit
934 3153 1163 3234 Nicaeae,
1191 3196 1260 3235 ex
1305 3179 1607 3251 inopinato
1660 3185 1716 3235 et
1759 3182 1951 3236 subito
1981 3153 2024 3219 α

314 3268 595 3338 quiddam
627 3270 771 3323 adeo
801 3268 1144 3337 terriﬁcum,
1178 3271 1244 3322 ut
1267 3268 1317 3323 si
1349 3284 1479 3323 cum
1530 3268 1779 3323 maxime
1826 3274 1949 3323 tur-

315 3358 575 3413 bulentis
606 3361 661 3412 et
691 3355 1076 3411 tumultuosis
1120 3357 1450 3424 eventibus,
1483 3357 1584 3427 qui
1635 3358 1950 3413 maximam

320 3447 525 3503 afferre
575 3446 1105 3501 consternationem
1159 3445 1368 3510 solent,
1421 3446 1771 3510 conferatur,
1804 3446 1950 3501 nulli

320 3536 582 3590 omnium
616 3534 851 3588 diritate
881 3533 1289 3588 commotionis
1321 3550 1385 3588 ac
1417 3534 1714 3605 popularis
1748 3534 1947 3589 formi-

315 3624 471 3678 dinis
501 3622 712 3678 insana
743 3620 1123 3677 concitatione
1154 3622 1448 3675 concedat.
1496 3621 1659 3676 Unde
1691 3638 1754 3676 ac
1803 3638 1946 3692 quo—

315 3713 489 3766 modo
541 3711 818 3766 acciderit
872 3714 993 3765 tam
1042 3708 1421 3764 vehementer
1465 3710 1767 3781 ingruens,
1829 3716 1947 3764 tam

308 3800 550 3869 longum
578 3802 821 3865 durans,
852 3803 973 3854 tam
1004 3799 1176 3853 anxia
1197 3799 1628 3869 exspectatione
1661 3797 1791 3853 mali
1814 3814 1944 3868 gra-

303 3889 532 3943 vissimi
565 3889 834 3943 crucians
854 3892 1063 3952 terror,
1104 3892 1219 3941 tam
1252 3887 1665 3942 inevitabiliter
1692 3888 1751 3941 in
1784 3903 1943 3941 sum-

308 3993 420 4032 mae
455 3977 803 4032 calamitatis
831 3994 1072 4032 sensum
1105 3976 1274 4047 quasi
1305 3979 1648 4045 praesentem
1682 3992 1814 4030 cum
1847 3992 1944 4029 ex-

313 4070 510 4119 trema
556 4067 960 4136 desperatione
1006 4065 1217 4120 salutis
1240 4080 1389 4135 quos
1419 4064 1947 4136 comprehendebat

307 4154 558 4208 miseros
588 4154 930 4223 conjiciens,
952 4155 1283 4209 conandum
1317 4153 1945 4223 estdicere,utcunque

305 4244 388 4298 sit
413 4241 649 4298 difﬁcile
672 4244 1007 4298 narratione
1028 4258 1147 4297 rem
1179 4243 1501 4313 exprimere
1523 4241 1608 4296 uti
1632 4256 1693 4295 se
1716 4241 1942 4307 habuit,

309 4333 528 4405 quippe
552 4349 679 4401 quae
713 4332 787 4385 sit
817 4331 1145 4386 necessario
1194 4333 1391 4385 minus
1422 4335 1585 4385 atrox
1606 4330 1946 4401 apparitura

303 4420 635 4492 legentibus
668 4437 846 4491 quam
878 4435 1004 4474 eam
1028 4419 1248 4490 experti
1270 4423 1604 4474 senserunt.
1638 4419 1783 4473 Nam
1816 4436 1944 4489 quae

2082 596 2269 650 πυλῶν
2328 604 2696 671 κρεουργῆσαν
2756 597 3029 674 φύλαξας,
3090 597 3348 660 εἷ’σελθεῖν
3401 597 3500 665 τήν
3558 592 3720 649 πόλιν

2088 686 2204 756 μεθ’
2260 684 2341 738 ὅτι
2400 685 2669 739 πλείστων
2727 685 2816 739 καὶ
2871 682 3057 739 δεινῶν
3114 683 3636 758 6ppnpo't'cwv,_dict'
3667 683 3720 737 ἐν

2082 772 2271 845 ἀκαρεῖ
2298 772 2423 834 τοὺς
2474 772 2839 846 ἐμπίπτοντας
2891 777 3066 851 σφίσιν
3110 770 3534 846 ἀπροσδοκήτως
3581 773 3724 841 ἀπη-

2082 865 2187 922 νῶς
2215 861 2620 937 κατασφάττειν.
2672 862 2769 915 Καὶ
2819 863 2845 915 6
2892 863 3056 936 Λόγος
3087 864 3197 933 ἅμα
3227 862 3320 934 μὲν
3350 861 3576 936 ἐρρήθη,
3611 862 3723 932 ἅμα

2085 946 2140 1003 δὲ
2218 950 2306 1004 καὶ
2379 950 2477 1017 τὴν
2546 950 2706 1005 πόλιν
2773 946 3226 1023 περιελάμϐανεν.
3289 947 3721 1019 Ἐκπηδήσαντες

2082 1043 2363 1113 τοιγαροῦν
2416 1043 2523 1092 τῶν
2580 1038 2787 1110 οίκιῶν,
2837 1040 3016 1100 καθὼς
3061 1036 3284 1101 ἕκαστος
3313 1034 3458 1112 ἔχων
3506 1035 3722 1111 εὒρέθη,

2082 1127 2284 1198 ἐξέθεον
2335 1129 2675 1188 ἀσυντάκτως
2717 1128 2852 1181 κατὰ
2899 1127 2995 1187 τὰς
3052 1124 3349 1203 ἀμφόδους,
3403 1125 3491 1179 καὶ
3525 1128 3576 1179 οἱ
3631 1127 3724 1197 μὲν

2082 1212 2244 1282 ἔνθεν,
2278 1216 2333 1267 οἶ
2366 1213 2411 1268 δ’
2438 1214 2635 1278 ἐκεῖθεν
2687 1215 2977 1289 φερόμενοι
3008 1214 3283 1284 ἀλλήλοις
3331 1213 3725 1289 προσέπιπτον.

2080 1304 2176 1358 Ἠν
2212 1302 2269 1355 δὲ
2315 1304 2403 1356 καὶ
2445 1303 2661 1365 τούτοις
2698 1303 2962 1363 κάκείνοις
2994 1306 3070 1363 εἷς
3116 1303 3207 1356 καὶ
3240 1304 3267 1355 6
3320 1302 3477 1362 αὐτὸς
3530 1303 3724 1362 πόνος.

2082 1390 2179 1444 Καὶ
2239 1392 2416 1465 ὥσπερ
2472 1392 2606 1445 κατά
2654 1390 2830 1445 νώτου
2878 1391 2965 1444 καὶ
3023 1390 3354 1468 ἀμφοτέροις
3416 1389 3729 1461 ἐπείγοντος

2078 1482 2175 1532 τοῦ
2202 1482 2369 1531 κακοῦ
2402 1477 2790 1553 συγκρούοντες
2852 1477 3144 1546 ἀλλήλοις,
3196 1479 3373 1552 ἅτεροι
3430 1477 3479 1545 ἐξ
3528 1476 3724 1547 ἑτέρων

2084 1568 2365 1638 μανθάνειν
2398 1566 2595 1634 ἤθελον
2626 1568 2709 1628 τίς
2746 1570 2777 1635 ἡ
2811 1568 2994 1643 φήμη,
3042 1565 3130 1619 καὶ
3164 1564 3206 1619 εἶ
3253 1563 3433 1633 ἀληθῆ
3465 1565 3531 1617 τὰ
3561 1563 3722 1638 Λεγό-

2083 1674 2234 1725 μενα.
2266 1651 2403 1711 Οὔτε
2433 1652 2483 1707 δ’
2512 1655 2663 1707 οὗτοι
2695 1652 2810 1708 οὔτ’
2850 1654 3043 1708 ἐκεῖνοι
3077 1651 3331 1729 ἀσφαλῶς
3379 1655 3535 1726 εἶχον
3586 1650 3718 1728 φρά-

2081 1748 2210 1811 ζειν,
2243 1741 2390 1811 πλήν
2437 1747 2534 1796 τοῦ
2566 1741 2744 1812 ἀληθῆ
2798 1744 2927 1797 εἶναι
2984 1746 3150 1796 ταῦτα
3194 1741 3500 1818 συμφὼνως
3546 1740 3719 1794 ἀπάν-

2077 1853 2182 1886 των
2265 1832 2693 1906 ίσχυριζομένων
2768 1831 2845 1892 εἷς
2901 1836 3106 1886 τοῦτο.
3170 1830 3266 1885 Καὶ
3321 1827 3543 1891 ἕκαστος
3593 1829 3714 1899 περὶ

2075 1922 2249 1992 ἑαυτῷ
2298 1916 2626 1995 ἀμφιϐόλως
2672 1919 2813 1994 ἔχων
2872 1921 2933 1973 τὸ
2986 1922 3269 1987 σώζεσθαι,
3329 1913 3718 1995 ἀναμφιϐόλως

2075 2012 2189 2084 εἶχε
2221 2010 2341 2085 περὶ
2367 2011 2466 2077 τὴν
2500 2012 2569 2087 φή
2584 2031 2712 2081 μην.
2746 2010 2838 2064 Ἐν
2889 2008 3000 2080 ὅσῳ
3041 2006 3098 2061 δέ
3127 2006 3275 2061 ταῦτ’
3303 2005 3528 2069 ἐκείνοις
3558 2006 3716 2073 ἦσαν,

2072 2099 2298 2153 κατόπιν
2345 2096 2511 2152 ἄλλοι
2563 2097 2908 2173 ἐκτρέχοντες
2956 2094 3294 2171 ἐτραγῴδουν
3352 2096 3445 2156 τὰς
3501 2116 3718 2171 συμφο-

2074 2191 2187 2263 ρὰς,
2238 2189 2327 2243 καὶ
2378 2188 2600 2251 οἰκείοις
2646 2186 2833 2261 ἔλεγον
2885 2186 3193 2260 ὀφθαλμοῖς
3249 2188 3525 2249 τεθεᾶσθαι
3583 2184 3715 2246 τοὺς

2072 2276 2321 2339 ἐπιόντας
2366 2278 2456 2332 τὸν
2498 2276 2891 2351 ἐντυγχάνοντα
2920 2276 3067 2352 σφίσι
3115 2272 3355 2347 μεληδὸν
3408 2273 3711 2351 κατασφάτ-

2069 2387 2274 2433 τοντας,
2307 2367 2381 2429 ὡς
2432 2367 2558 2420 εἶναι
2605 2368 2706 2433 τὴν
2751 2364 2965 2420 ἐκείνων
3015 2365 3134 2427 θέαν
3186 2364 3299 2435 ἅμα
3349 2364 3438 2417 καὶ
3484 2363 3707 2425 θάνατον

2072 2453 2362 2525 οἷ’κτιστον,
2420 2458 2526 2507 τῶν
2587 2449 2791 2529 φόϐων,
2852 2457 3030 2525 οἶμαι,
3082 2450 3589 2506 εἷδωλοποιούντων
3644 2450 3711 2504 τὰ

2069 2543 2213 2613 πᾶθη
2271 2543 2357 2597 καὶ
2415 2546 2744 2617 γρηγοροῦσι
2788 2543 2875 2595 καὶ
2930 2543 2996 2594 τά
3056 2542 3129 2613 μὴ
3188 2537 3315 2594 ὅντα
3360 2538 3707 2594 πλαττόντων

2070 2630 2379 2703 ὀφθαλμοῖς
2410 2630 2472 2684 τὸ
2519 2631 2737 2684 ὀπτικὸν
2766 2628 3144 2701 πλανωμένοις
3193 2629 3408 2697 καὶτῆς
3454 2628 3711 2699 ἀληθείας

2071 2829 2179 2883 hac
2211 2828 2449 2899 quidem
2477 2827 2641 2881 urbis
2672 2830 2854 2899 parte,
2886 2827 2945 2881 in
2977 2825 3078 2881 illa
3107 2840 3239 2881 vero
3270 2843 3408 2890 non,
3441 2828 3542 2881 sed
3590 2827 3707 2881 late

2068 2934 2170 2989 per
2227 2917 2432 2971 urbem
2488 2920 2669 2971 totam
2726 2932 2842 2970 uno
2900 2915 3123 2971 circum
3172 2916 3431 2986 undique
3478 2920 3701 2986 tenore,

2064 3012 2296 3076 gentem
2327 3004 2718 3059 Tocharorum
2746 3004 3126 3059 multitudine
3156 3005 3362 3059 fretam
3393 3004 3702 3059 trucidatis

2064 3098 2243 3164 portae
2273 3093 2615 3149 custodibus
2634 3092 2692 3146 in
2707 3093 2998 3148 civitatem
3023 3092 3305 3159 irrupisse
3327 3092 3700 3163 rapidissimo

2063 3186 2120 3237 et
2150 3182 2466 3238 saevissimo
2515 3180 2695 3236 simul
2751 3181 3001 3251 impetu,
3062 3181 3145 3236 ita
3176 3185 3239 3235 ut
3272 3180 3495 3251 passim
3549 3182 3697 3253 ipsis

2061 3271 2360 3342 in0pinato
2384 3270 2573 3325 ubivis
2595 3274 2961 3326 occurrentes
2985 3274 3279 3325 momento
3301 3270 3372 3324 ab
3394 3269 3469 3324 iis
3490 3269 3705 3324 imma-

2063 3361 2306 3414 nissime
2336 3375 2541 3414 omnes
2572 3359 3032 3414 conciderentur.
3067 3360 3137 3414 Et
3169 3375 3371 3413 rumor
3400 3358 3495 3413 hic
3526 3359 3699 3415 simul

2063 3447 2347 3519 prolatus,
2383 3447 2562 3503 simul
2595 3449 2927 3503 universam
2961 3449 3176 3520 pariter
3205 3448 3512 3518 complevit
3545 3465 3702 3504 com-

2063 3534 2494 3607 prehenditque
2564 3537 2880 3591 civitatem.
2931 3535 3245 3591 Exilientes
3306 3536 3487 3607 igitur
3543 3545 3701 3592 extra

2060 3624 2265 3678 domos
2295 3640 2360 3677 eo
2389 3624 2637 3694 quisque
2666 3624 2865 3678 habitu
2912 3639 3027 3693 quo
3074 3622 3172 3677 illo
3222 3639 3417 3677 rerum
3449 3624 3697 3680 articulo

2061 3715 2323 3782 repertus
2354 3715 2461 3777 est,
2494 3711 2905 3766 discurrebant
2926 3711 3341 3767 confusissime
3362 3728 3465 3783 per
3492 3714 3616 3768 vias
3638 3718 3695 3768 et

2060 3800 2424 3873 angiportus,
2450 3803 2689 3853 ruentes
2709 3799 2807 3852 ille
2831 3801 2963 3866 huc,
2989 3800 3082 3854 hic
3105 3800 3266 3866 illuc,
3294 3800 3439 3855 alter
3468 3800 3527 3854 in
3550 3800 3696 3856 alte-

2060 3906 2185 3944 rum
2218 3890 2543 3944 accidentes
2573 3890 2775 3942 mutuo
2797 3887 3029 3951 collisu,
3052 3888 3247 3943 labore
3270 3890 3543 3959 utrinque
3566 3906 3699 3945 con-

2058 3978 2253 4045 trario,
2288 3979 2389 4033 sed
2424 3978 2587 4049 pari;
2636 3977 2694 4031 in
2746 3990 2921 4047 quem
2980 3976 3108 4030 illos
3165 3978 3440 4031 trudebat
3495 3978 3694 4047 opinio

2058 4067 2269 4137 cuique
2304 4065 2582 4119 instantis
2613 4082 2645 4118 a
2676 4069 2837 4134 tergo
2869 4062 3028 4119 mali.
3078 4067 3158 4120 Ac
3213 4081 3340 4119 sese
3393 4065 3695 4136 pulsantes

2058 4154 2689 4225 percontabanturquaa
2712 4151 2833 4206 haec
2864 4155 3017 4206 esset
3047 4152 3222 4221 fama,
3246 4156 3303 4206 et
3325 4152 3532 4222 ecquid
3557 4169 3693 4207 vera

2057 4248 2453 4296 narrarentur.
2506 4240 2678 4295 Porro
2735 4256 2920 4310 neque
2978 4240 3037 4294 hi
3096 4256 3285 4310 neque
3329 4239 3414 4293 illi
3465 4244 3687 4295 certum

2057 4330 2380 4402 quidquam
2412 4329 2681 4399 expedire
2703 4332 2993 4398 poterant.
3020 4330 3301 4384 Ceterum
3325 4345 3529 4383 omnes
3549 4344 3687 4384 voce

2055 4435 2311 4473 consona
2334 4417 2641 4471 verissima
2687 4417 2799 4471 dici
2848 4417 3258 4487 afﬁrmabant;
3318 4434 3453 4471 nam
3509 4434 3687 4488 quam

310 4510 704 4564 mediocribus
752 4508 989 4579 quidem
1040 4508 1315 4577 efﬁngere
1356 4508 1816 4578 magnitudinem
1851 4524 1947 4563 ars
1979 4512 2022 4573 D
2058 4510 2307 4579 quisque
2347 4506 2604 4561 incertus
2663 4510 2786 4559 erat
2841 4506 3069 4560 consilii
3127 4506 3196 4560 de
3252 4506 3343 4560 via
3399 4508 3689 4574 modoque

310 4605 489 4670 atque
508 4597 881 4669 amplificatio
904 4598 1193 4653 sermonis
1214 4598 1632 4667 potest,eadem
1658 4598 1808 4653 infra
1831 4615 1948 4652 ma-

306 4687 597 4741 ximarum
631 4703 734 4757 per
761 4702 822 4741 se
854 4703 1049 4741 rerum
1087 4685 1390 4742 subsidere
1426 4686 1725 4757 fastigium
1758 4686 1948 4756 impar

308 4777 679 4846 assequendo
711 4774 877 4831 solet.
902 4776 1088 4838 Quare
1128 4774 1407 4845 sapientis
1432 4774 1664 4829 lectoris
1693 4779 1782 4829 est
1806 4775 1944 4829 sub-

310 4863 503 4917 levare
545 4863 767 4933 judicio
798 4864 855 4917 in
889 4862 1105 4917 talibus
1150 4863 1555 4917 infirmitatem
1606 4863 1944 4935 scriptionis

308 4951 404 5005 cui
439 4952 858 5023 cognoscendae
908 4952 1007 5005 dat
1062 4966 1321 5021 operam,
1372 4954 1427 5004 et
1470 4950 1637 5021 quasi
1671 4950 1943 5021 supplere

305 5040 685 5111 imaginando
720 5040 873 5109 quod
909 5039 1083 5094 dictio
1115 5040 1312 5094 minus
1352 5039 1647 5109 exprimit,
1681 5038 1941 5094 evolante

308 5128 505 5182 animo
536 5128 594 5181 in
640 5127 829 5198 ipsam
880 5128 1246 5198 praesentiam
1300 5127 1562 5197 periculi,
1612 5142 1940 5197 sensusque

305 5216 587 5271 induente
618 5215 822 5286 quales
874 5216 1057 5270 fuisse
1113 5220 1571 5271 consentaneum
1614 5216 1692 5269 sit
1736 5231 1935 5270 eorum

309 5304 523 5375 quibus
554 5303 800 5374 contigit
846 5303 905 5357 in
956 5304 1103 5360 245
1158 5321 1237 5372 re,
1299 5304 1439 5358 dum
1490 5307 1784 5370 gereretur
1814 5303 1940 5372 ipsa

305 5393 548 5447 versari.
582 5391 776 5445 Primo
799 5391 979 5462 igitur
1020 5393 1263 5447 trihorio
1296 5391 1409 5446 diei
1438 5391 1619 5460 illius,
1651 5392 1939 5446 eminente

308 5497 489 5551 supra
505 5480 864 5535 horizontem
888 5481 1010 5535 sole
1031 5481 1198 5550 quasi
1214 5481 1481 5552 partibus
1504 5479 1657 5551 signi
1675 5481 1936 5551 triginta,

309 5584 442 5622 cum
475 5567 753 5639 operibus
783 5567 1050 5623 homines
1082 5572 1347 5624 vacarent
1376 5568 1474 5623 alii
1506 5568 1931 5639 spiritualibus,

310 5655 603 5727 corporeis
660 5655 778 5723 alii,
813 5658 1112 5712 confestim
1145 5658 1299 5713 fama
1329 5656 1667 5729 dissipatur,
1709 5673 1823 5712 non
1877 5658 1934 5713 in

2059 4596 2302 4667 propriaa
2330 4594 2538 4649 salutis
2571 4594 2629 4647 in
2662 4596 2786 4647 tuto
2818 4593 3184 4661 collocandae,
3218 4599 3339 4648 tam
3372 4598 3594 4649 certum
3627 4610 3688 4648 se

2058 4685 2275 4739 terebat
2305 4685 2375 4738 de
2405 4683 2640 4737 veritate
2670 4680 2968 4752 gliscentis
3012 4683 3269 4737 famzeJn
3295 4683 3387 4737 his
3419 4683 3557 4736 dum
3590 4683 3688 4738 isti

2054 4778 2239 4841 erant,
2274 4788 2407 4827 ecce
2440 4788 2472 4826 a
2495 4776 2653 4841 tergo
2676 4770 2773 4823 alii
2814 4775 3116 4825 currentes
3149 4771 3559 4827 miserabiliter
3588 4773 3685 4827 de-

2053 4863 2360 4932 plorabant
2389 4859 2690 4914 infandam
2740 4858 2987 4924 cladem,
3024 4860 3271 4931 pr0priis
3305 4861 3474 4915 modo
3506 4878 3566 4916 se
3598 4862 3685 4916 vi-

2052 4949 2206 5003 disse
2236 4948 2419 5003 oculis
2451 4952 2859 5010 memorantes,
2892 4948 3044 5003 240
3077 4949 3216 5002 dum
3250 4948 3446 5004 hostes
3480 4967 3681 5021 quem-

2052 5038 2206 5109 piam
2238 5036 2350 5091 sibi
2381 5036 2615 5092 ohvium
2664 5036 3029 5090 membratim
3074 5039 3531 5108 concerpserint,
3574 5040 3684 5094 dif—

2053 5126 2182 5179 ficili
2214 5125 2395 5195 judici
2447 5125 2835 5179 immaniorne
2875 5123 2974 5177 illa
3023 5124 3336 5180 crudelitas
3389 5128 3563 5182 caedis
3611 5145 3683 5182 an

2049 5214 2277 5269 tristius
2296 5219 2352 5269 et
2375 5213 2768 5268 miserabilius
2790 5213 3188 5282 spectaculum
3216 5214 3404 5268 fuerit.
3424 5216 3685 5270 Credide-

2049 5319 2075 5356 r
2102 5319 2154 5356 m
2185 5307 2490 5367 terrorem,
2515 5306 2709 5373 partes
2730 5301 3101 5355 invadentem
3127 5303 3402 5371 Morphei,
3454 5305 3684 5362 somnia

2044 5391 2426 5462 vigilantibus
2477 5394 2628 5444 tetra
2676 5389 2943 5459 quaedam
2999 5388 3344 5458 objectassc,
3394 5394 3569 5461 atque
3619 5396 3683 5446 ut

2049 5497 2149 5552 per
2180 5485 2407 5534 noctem
2452 5478 2858 5549 imaginationi
2908 5477 3056 5533 solet
3112 5494 3304 5548 sopor,
3364 5480 3442 5534 ita
3494 5481 3677 5536 oculis

2045 5570 2173 5623 luce
2228 5568 2417 5636 palam
2462 5566 2743 5631 illusisse,
2792 5567 2916 5619 visa
2962 5567 3309 5621 ostentando
3359 5567 3524 5622 falsa.
3576 5568 3679 5623 Vis

2047 5671 2257 5727 nempe
2313 5655 2410 5709 illa
2464 5660 2552 5709 est
2613 5654 2832 5709 insanas
2887 5653 3239 5721 formidinis,
3273 5656 3371 5709 ubi
3424 5660 3675 5711 mentem
