4162 6292
429 326 528 380 691

1726 326 2029 386 GEORGII
2070 328 2533 382 PACHYMERE

3720 324 3831 378 692

430 451 896 524 ἀποτυγχάνουσι.
921 449 996 504 Τὸ
1045 451 1147 524 γὰρ
1196 453 1331 505 κατὰ
1372 456 1495 505 νοῦν
1530 448 1758 527 φοϐερὸν
1793 447 2072 523 λαμϐάνον
2106 457 2159 522 Α
2190 447 2278 503 οἷά
2318 470 2459 511 τινες
2493 447 2795 519 διᾴττοντες
2827 452 3092 521 συνεχεῖς,
3139 447 3227 501 καὶ
3280 448 3331 499 οἱ
3366 447 3460 518 μὲν
3494 444 3660 515 ἔνθεν,
3692 447 3745 501 οἱ
3775 433 3837 502 δὲ

430 540 492 590 τὸ
525 537 768 607 ὀπτικὸν,
803 539 875 598 ὡς
907 544 1023 599 τοῖς
1052 538 1150 609 ἔξω
1184 542 1468 603 σκοτασθὲν
1504 538 1591 593 διὰ
1634 541 1694 593 τὸ
1742 541 1924 613 περιὸν
1977 546 2075 607 τῆς

436 622 665 697 δειλίας,
697 626 785 678 καὶ
816 628 952 679 κατὰ
978 627 1179 698 τρόπον
1226 627 1449 702 βλέπον,
1495 634 1785 704 προσεῖχεν
1833 629 1906 689 ὡς
1938 628 2078 696 ἀλη-

437 712 519 764 θεῖ
550 709 1147 785 εἰδωλοπλαστουμένῳ
1193 717 1261 785 τῇ
1321 716 1601 785 φαντασίᾳ,
1649 715 1737 768 καὶ
1782 716 1809 768 δ
1870 713 2079 767 ὑπενόει

441 799 604 871 μόνον
639 801 712 861 ὡς
744 801 801 853 ’ὀν
836 802 1151 869 ὑπετόπαζε.
1207 802 1266 854 Τί
1324 805 1424 877 γάρ
1482 802 1708 863 ἐκείνοις
1742 806 1820 873 [Ρ.
1862 804 1982 872 163]
2013 803 2078 869 ἡ·

441 887 671 962 βούλετο
718 889 780 942 τὸ
828 890 897 942 τά
944 888 1249 963 ἀνύπαρκτα
1303 892 1376 953 ὡς
1422 891 1470 944 ἐν
1516 892 1803 944 ὑποστάσει
1836 888 1962 943 ὄντα
1990 911 2082 943 πι-

439 980 715 1041 στοῦσθαι,
770 978 823 1029 οἱ
872 975 918 1030 δ’
964 978 1251 1040 ἀκούοντες
1292 984 1396 1033 τῶν
1430 980 1656 1052 πρόσθεν
1711 982 1803 1051 μὲν
1838 978 2082 1051 ἐξεκρού-

441 1085 582 1131 οντο,
616 1062 1115 1139 παλινδρομοῦντες
1149 1064 1193 1119 δ’
1236 1066 1287 1127 ἐς
1339 1066 1522 1129 οἷ’κους
1576 1069 1627 1121 οἱ
1677 1069 1769 1140 μὲν
1826 1073 1943 1128 ταῖς
1973 1088 2083 1140 γω-

438 1154 572 1215 νίαις
606 1154 826 1224 ἐζήτουν
878 1153 1241 1231 παραδύεσθαι
1272 1159 1407 1211 κατὰ
1450 1158 1513 1212 τὸ
1566 1159 1744 1235 σφίσιν
1775 1158 1956 1218 αὗτοῖς
2010 1156 2083 1216 είς

440 1245 711 1319 σωτηρίαν
776 1246 955 1298 ἱκανὸν
1017 1249 1416 1319 νομιζόμενον,
1476 1247 1564 1301 καὶ
1626 1248 1677 1300 οἱ
1738 1248 1831 1318 μὲν
1884 1248 2087 1322 τάφους

1927 1337 1979 1390 οἱ
2041 1334 2087 1389 δ’

445 1420 704 1498 ἀσφαλέσι
763 1423 955 1485 τόποις
1015 1426 1235 1486 ἑαυτοὺς
1294 1424 1654 1480 ἐνεπίστευοψ
1706 1424 1866 1479 ἄλλοι
1919 1422 1975 1478 δὲ
2005 1425 2091 1479 ἀν·

452 1510 652 1587 δρῶδές
684 1535 734 1566 τι
763 1514 851 1567 καὶ
882 1514 1177 1590 θαρῥαλὲον
1228 1516 1521 1590 ἡγούμενοι
1561 1519 1811 1590 πράττειν
1839 1514 1984 1569 ὅπλα
2033 1536 2092 1569 τε

451 1600 786 1672 περιετιθουν
845 1600 933 1653 καὶ
993 1601 1226 1675 λόγγαις
1282 1601 1372 1655 σὺν
1430 1602 1644 1655 ἀσπίσιν
1702 1600 1946 1674 ἐχρῶντο
2002 1599 2091 1654 καὶ

450 1688 540 1739 τὸν
600 1687 942 1760 ἡγησόμενον
1003 1688 1306 1758 ἐξεζήτουν,
1366 1691 1534 1742 Ἦσαν
1599 1686 1655 1742 δὲ
1682 1689 1803 1743 τότε
1834 1690 1862 1742 6
1896 1690 1989 1760 μὲν
2019 1687 2092 1748 εἷς

440 1332 611 1387 πάλαι
669 1337 1109 1397 κατατεθνεώτων
1165 1336 1505 1410 ἀνοιγνόντες
1565 1336 1841 1405 εἷ’σέδυον,

2190 537 2385 591 ἐκεῖθεν
2449 539 2565 609 μεθ’
2629 538 2808 610 ὁρμῆς
2854 533 3211 608 ἐξαλλόμενοι
3271 533 3422 589 οὐδὲν
3483 534 3669 608 ἐώρων
3725 540 3833 591 τῶν

2191 627 2522 701 λεγομὲνων,
2595 625 2774 698 μόνων
2850 622 2907 679 δὲ
2987 622 3237 696 ὀδυρμῶν
3309 625 3398 679 καὶ
3458 627 3833 699 στεναγμάτων

2189 713 2387 783 ἤκουον
2450 716 2523 775 ὡς
2580 711 2808 773 ἁλόντος
2864 716 2961 767 τοῦ
3020 713 3204 774 ἄστεος
3257 712 3345 767 καὶ
3396 713 3471 774 ὡς
3517 718 3612 767 τοῦ
3659 711 3833 768 δεινοῦ

2192 803 2366 876 σφίσιν
2414 802 2464 856 ἐν
2516 807 2639 877 χρῷ
2693 801 2998 876 γεγονότος,
3058 801 3150 855 καὶ
3207 809 3400 875 σχῆμα
3454 802 3519 870 ἧν
3581 800 3832 877 ἄντικρυς

2193 890 2431 960 ἀλούσης
2490 891 2705 951 πόλεως
2762 890 2828 943 τὰ
2884 888 3249 963 πραττόμενα,
3304 889 3449 958 πλὴν
3509 890 3607 944 οὐκ
3638 890 3832 945 ἐκτῶν

2196 977 2446 1054 δρώντων
2483 977 2893 1049 εἶκονιζομὲνων
2952 981 3059 1031 τῶν
3114 975 3396 1052 χαλεπῶν,
3459 976 3583 1033 ἀλλ’
3640 978 3834 1033 ἐκτῶν

2194 1066 2518 1140 πασχόντων
2576 1066 2643 1119 τά
2683 1072 2781 1135 τῆς
2833 1064 3108 1126 ἁλώσεως.
3171 1065 3248 1122 Οὐ
3303 1066 3402 1141 γάρ
3459 1067 3607 1129 κενὸς
3658 1066 3837 1121 ἐκάλει

2194 1156 2343 1209 κενὸν
2404 1156 2478 1215 ὡς
2538 1153 2851 1226 Ληψόμενος
2904 1155 2993 1207 τὸν
3050 1153 3213 1227 ἀργὸν
3273 1155 3407 1229 πρὸς
3453 1155 3514 1209 τὸ
3546 1153 3837 1227 λήψεσθαι,

2198 1240 2321 1297 οὐδὲ
2349 1240 2571 1314 πλήρης
2606 1242 2677 1296 ὥν
2711 1238 2880 1303 ἄλλος
2932 1243 3274 1315 παρώτρυνεν
3323 1238 3530 1317 ἕτερον,
3564 1241 3691 1296 ἀλλ’
3723 1246 3835 1298 οἷον

2198 1331 2579 1392 ἐκσπασθὲντες
2632 1334 2708 1400 τῷ
2783 1325 3129 1406 φοϐόληπτοι
3202 1331 3520 1405 γεγονεναι,
3579 1331 3669 1384 καὶ
3724 1338 3841 1393 τοῖς

2200 1418 2423 1479 οἰκείοις
2456 1417 2529 1480 ὠς
2559 1417 2872 1491 ἀλλοτρίοις
2903 1417 3346 1491 προσπταίοντες,
3408 1419 3726 1473 ὑπώπτευον
3753 1421 3843 1473 καὶ

2198 1506 2325 1562 τοὺς
2399 1508 2648 1576 συνήθεις
2723 1507 2797 1567 ὡς
2862 1505 3185 1579 πολεμίους,
3260 1506 3404 1582 παρᾶ
3459 1511 3721 1561 τοσοῦτον
3779 1509 3842 1561 οὗ

2204 1597 2525 1672 σφάττοντες
2580 1596 2705 1667 παρ’
2758 1594 2880 1648 ὅσον
2934 1594 3023 1648 καὶ
3078 1595 3140 1649 τὸ
3198 1595 3333 1667 πρὸς
3389 1594 3606 1649 ἐκείνων
3652 1597 3843 1649 παθεῖν

2206 1681 2591 1749 ἐφυλάττοντο,
2626 1679 2890 1758 δύσμοροι
2919 1689 3019 1751 τῆς
3047 1683 3357 1756 ὁμαιχμίας
3409 1683 3498 1737 καὶ
3531 1681 3717 1738 ἄθλιοι
3745 1690 3845 1752 τῆς

451 1776 778 1849 προστασίαν
854 1783 954 1844 τῆς
1015 1774 1231 1837 πόλεως
1287 1778 1611 1849 τεταγμένος
1672 1777 1773 1830 οὐκ
1830 1775 1885 1829 εὗ
1937 1773 2094 1835 εἰδὼς
2126 1798 2172 1862 Β
2203 1772 2337 1825 κατὰ
2395 1776 2526 1845 σφᾶς
2568 1770 2874 1842 προθυμίας
2920 1767 3166 1831 ἕκαστος.
3223 1771 3359 1826 Τότε
3410 1771 3499 1825 καὶ
3558 1773 3610 1825 οἱ
3650 1770 3702 1825 ἐν
3738 1773 3849 1846 εἱρ-

451 1862 734 1935 πολέμων,
784 1861 928 1918 ἀλλὰ
976 1862 1283 1937 λημμάτων
1316 1866 1343 1918 6
1376 1861 1766 1933 Μανουηλίτης
1801 1862 2092 1934 Νικόλαος,

448 1954 615 2023 τιμὴν
679 1950 823 2025 ἔχων
881 1953 940 2006 τὸ
996 1955 1367 2027 προκαθῆσθαι
1421 1960 1521 2021 τῆς
1579 1952 1809 2021 πόλεως,
1844 1950 2005 2007 ἄλλοι
2038 1949 2094 2007 δὲ

450 2040 702 2095 πλεῖστοι
758 2040 1093 2112 πολεμικαῖς
1151 2040 1455 2113 ἐμπειρίαις
1501 2040 1952 2115 ἐντεθραμμένοι,
2012 2042 2095 2100 οἷς

452 2128 677 2201 οὐδεμία
706 2150 787 2191 τις
841 2128 961 2197 ἐνῆν
1011 2131 1072 2183 τὸ
1129 2129 1385 2199 τηνικάδε
1444 2128 1621 2183 ἔννοια
1674 2133 1769 2183 τοῦ
1827 2126 2096 2188 πολλάκις

451 2218 541 2272 καὶ
599 2214 793 2290 ψεῦδος
847 2218 974 2271 εἶναι
1032 2218 1094 2271 τὸ
1127 2218 1522 2295 φημιζόμενον,
1578 2216 1723 2271 ἀλλὰ
1763 2221 1892 2270 πᾶσι
1917 2217 2098 2279 κοινὸς

454 2305 847 2379 προσπεπαίκει
907 2300 1095 2378 φόϐος.
1156 2306 1251 2359 Καὶ
1310 2307 1385 2377 μὴ
1442 2307 1606 2377 μόνον
1655 2307 1717 2360 τὸ
1774 2305 1907 2359 κατὰ
1964 2309 2095 2381 σφᾶς

456 2392 674 2462 ἤθελον,
726 2393 870 2448 ἀλλὰ
913 2393 1002 2447 καὶ
1027 2394 1089 2448 τὸ
1118 2394 1252 2448 κατὰ
1282 2398 1452 2447 πᾶσαν
1479 2395 1577 2462 τήν
1604 2392 1765 2448 πόλιν
1816 2394 2095 2461 σώζεσθαι.

457 2480 835 2544 Ὁπλισθὲντες
904 2502 1186 2558 τοιγαρουν
1267 2480 1467 2536 διέθεον
1529 2488 1700 2536 π’άσαν
1751 2482 1849 2549 τὴν
1909 2478 2094 2548 πόλιν,

460 2679 937 2745 consternaverit,
970 2681 1223 2735 furorem
1268 2680 1403 2735 inde
1450 2679 1636 2735 oculis
1666 2680 1987 2743 oﬂ‘undere,
2036 2682 2101 2733 ut

461 2771 574 2827 sibi
608 2786 799 2824 coram
833 2784 1068 2823 cernere
1101 2774 1308 2823 maesta
1338 2772 1603 2839 tetraque
1655 2767 1972 2822 simulacra
2018 2768 2102 2819 vi-

467 2861 736 2925 deantur,
772 2874 898 2929 quas
944 2874 1237 2927 nusquam
1272 2857 1389 2910 sint
1419 2857 1558 2910 alibi
1591 2872 1768 2927 quam
1819 2855 1879 2910 in
1910 2870 2106 2909 errore

470 2947 773 3001 delirantis
797 2945 1161 3010 animi,unici
1186 2946 1426 3000 artiﬁcis
1446 2944 1701 3013 illorum,
1726 2942 2106 3014 persuasione

470 3034 739 3106 quamvis
754 3050 901 3088 vana
915 3032 1209 3104 stultaque
1228 3034 1282 3087 in
1301 3038 1456 3088 certo
1476 3031 1807 3087 afﬁrmandi
1832 3031 2103 3085 ﬁduciam

469 3122 929 3178 abundante.Tal
942 3123 992 3177 ia
1008 3123 1154 3191 quia
1170 3128 1371 3175 contra
1387 3119 1755 3174 venientibus
1778 3119 2103 3185 audierant,

471 3212 823 3268 ret'erebamt
862 3216 1011 3264 retro
1033 3210 1234 3280 pedem
1255 3210 1460 3263 domos
1481 3224 1846 3278 versus;pars
1861 3206 2106 3278 angulos

2207 1864 2359 1919 κταῖς
2391 1856 2636 1931 σιδήροις
2664 1856 2991 1930 πεδούμενοι
3026 1857 3252 1929 (πολλοὶ
3292 1860 3395 1933 γάρ
3424 1863 3530 1913 τῶν
3562 1858 3847 1931 πολεμίων

2202 1948 2557 2021 κρατηθέντες
2611 1947 2686 2007 ὡς
2739 1948 2956 2018 εἱρκτὴν
2988 1944 3170 2017 λήθης
3213 1947 3313 2015 τήν
3365 1946 3416 2001 ἐν
3444 1948 3645 2017 Νικαίᾳ
3674 1945 3846 2019 φυλα-

2202 2037 2303 2103 κὴν
2362 2036 2779 2110 κατεκρίνοντο,
2850 2036 2926 2098 ὡς
2980 2033 3040 2089 οὐ
3119 2033 3321 2111 ῥᾳδίως
3380 2034 3438 2089 ἂν
3495 2033 3847 2109 ἀποδράντες)

2205 2124 2399 2179 ἐκεῖνοι
2457 2122 2636 2178 τοίνυν
2691 2125 2788 2191 τὴν
2860 2124 3045 2192 κοινήν
3102 2127 3366 2196 θεώμενοι
3422 2126 3668 2199 ταραχὴν
3724 2124 3843 2179 ἐπί-

2207 2235 2388 2267 στευον
2448 2211 2574 2274 τοὺς
2633 2211 2862 2286 ἐχθροὺς
2894 2212 3109 2266 εἰσιέναι
3138 2213 3226 2267 καὶ
3258 2220 3522 2287 κρατῆσαι
3579 2214 3636 2266 τὸ
3687 2211 3835 2277 ἄστυ,

2208 2301 2306 2355 οὐκ
2334 2299 2385 2370 ἐξ
2433 2298 2505 2353 ὧν
2534 2300 2768 2361 ἐκείνους
2800 2296 3050 2370 ἔϐλεπον,
3085 2298 3211 2355 ἀλλ’
3242 2300 3291 2370 ἐξ
3341 2302 3411 2353 ὧν
3444 2302 3534 2355 τὸν
3561 2306 3657 2354 τῶν
3687 2299 3834 2353 ἐποίο

2205 2394 2315 2444 κῶν
2370 2384 2599 2461 θόρυϐον
2653 2387 2901 2451 ἐθεῶντο.
2955 2387 3052 2441 Καὶ
3081 2386 3146 2455 δὴ
3195 2394 3302 2442 τῶν
3330 2386 3508 2443 πεδῶν
3539 2388 3838 2448 ἐκλυθὲντες

2208 2476 2432 2553 οὐραγοί
2515 2498 2655 2539 τινες
2738 2476 2868 2542 ἦσαν
2947 2477 3345 2551 προεκθεοῦσης
3399 2476 3494 2543 τῆς
3548 2475 3846 2554 φάλαγγος,

2214 2677 2413 2747 hilque
2443 2677 2640 2731 deerat
2671 2676 2741 2731 ad
2775 2692 3009 2731 scenam
3061 2675 3334 2746 tragicam
3384 2680 3653 2731 extrema:
3695 2676 3848 2731 cala-

2216 2765 2463 2833 mitatis,
2495 2763 2688 2835 qualis
2723 2764 2781 2817 in
2814 2764 3138 2834 direptione
3172 2765 3332 2818 urbis
3365 2770 3707 2835 expugnatae
3740 2783 3855 2820 cer-

2216 2854 2401 2919 nitur,
2455 2852 2571 2907 nisi
2620 2853 2771 2922 quod
2823 2852 2957 2906 sola:
3013 2868 3139 2923 quae
3176 2852 3549 2922 patiebantur
3594 2869 3853 2923 per-some

2215 2945 2409 3012 partes
2427 2938 2567 3005 illic,
2602 2928 2659 2992 et
2683 2938 2919 3009 quidem
2954 2938 3396 3009 perfectissime,
3425 2940 3676 3009 agebant
3696 2957 3855 3007 suas,

2217 3028 2331 3083 vim
2364 3027 2680 3081 inferentes
2729 3027 3145 3097 comparebant
3175 3044 3488 3097 nusquam.
3523 3027 3646 3083 Non
3672 3028 3850 3097 enim,

2220 3119 2283 3170 ut
2312 3116 2375 3170 fit
2406 3116 2465 3168 in
2496 3114 3027 3185 deprzadationibus
3059 3120 3358 3187 captarum
3399 3115 3727 3183 civitatum,
3761 3134 3851 3170 va-

2223 3221 2368 3259 cuus
2397 3219 2645 3257 vacuum
2678 3202 3090 3258 exhortabatur
3116 3205 3186 3259 ad
3236 3220 3434 3260 secum
3485 3206 3852 3275 rapiendum,

477 3300 918 3362 scrutabantur,
940 3298 1342 3352 sicubicavum
1373 3297 1702 3351 invenirent
1721 3312 1836 3367 quo
1858 3312 1918 3350 se
1948 3312 2109 3351 com-
2145 3321 2186 3385 Ο
2224 3296 2281 3347 et
2310 3292 2367 3345 in
2400 3291 2507 3345 hoc
2538 3306 2772 3360 segnem
2821 3290 3177 3363 increpabat.
3226 3292 3347 3347 Non
3398 3309 3602 3347 rursus
3648 3292 3853 3364 plenus

481 3390 787 3461 pingerent
821 3404 833 3440 :
864 3386 958 3441 alii
993 3386 1150 3440 aliud
1184 3384 1391 3439 salutis
1423 3401 1585 3456 spem
1618 3385 1863 3439 offerens
1907 3383 2115 3439 latibu-

466 3478 605 3532 ‘lum
640 3475 986 3545 captabant;
1023 3490 1126 3529 nec
1157 3474 1395 3528 deerant
1420 3473 1521 3544 qui
1564 3471 1845 3543 sepulcris
1897 3474 2121 3528 dudum

494 3572 857 3622 mortuorum
890 3581 1018 3620 sese
1048 3565 1416 3620 insinuantes
1466 3564 1544 3618 ibi
1577 3566 1949 3630 mussarent;
1981 3562 2124 3618 locis

495 3656 730 3727 quidam
785 3654 1029 3708 munitis
1060 3658 1116 3708 et
1148 3653 1299 3707 firmi
1359 3652 1548 3723 operis
1601 3657 1777 3723 caput
1832 3652 2127 3722 vitamque

494 3744 1002 3799 commendabant.
1035 3743 1119 3797 Ab
1151 3741 1243 3796 his
1277 3740 1487 3796 diversi
1529 3740 1797 3796 nonnulli
1846 3740 2019 3809 digno
2044 3739 2129 3793 vi-

495 3834 597 3901 ris,
629 3838 685 3887 et
724 3836 788 3885 ut
819 3830 964 3901 ipsis
996 3829 1318 3899 videbatur,
1342 3846 1621 3900 generoso
1654 3827 1918 3897 consilio,
1950 3828 2132 3883 armis

494 3919 738 3985 indutis,
775 3924 1003 3991 arrepta
1033 3918 1235 3975 lancea
1265 3924 1569 3989 scutoque,
1604 3917 1704 3987 qui
1746 3918 1982 3970 duceret
2033 3918 2130 3971 ad-

499 4026 702 4063 versus
732 4008 959 4063 hostem
994 4008 1350 4078 quaerebant.
1387 4006 1569 4060 Homo
1601 4008 1724 4060 erat
1755 4004 1881 4059 urbi
1916 4022 2133 4076 praapo-

502 4099 652 4152 situs
686 4098 1009 4168 praclarum
1043 4111 1217 4166 quam
1251 4093 1582 4166 praeliorum
1629 4093 1925 4158 scientior,
1973 4094 2133 4148 Man-

504 4186 714 4239 nelites
744 4184 1037 4239 Nicolaus.
1068 4185 1169 4238 Hic
1210 4182 1395 4237 honor
1452 4182 1738 4253 obtigerat
1793 4181 2139 4252 praesidendi

504 4279 641 4327 tunc
689 4273 911 4327 Nicaazs.
970 4271 1149 4325 Erant
1199 4274 1256 4325 et
1312 4269 1412 4323 alii
1464 4268 1725 4340 plurimi,
1777 4269 1994 4324 militiae
2028 4287 2135 4324 usu

505 4360 808 4427 nonnullo,
843 4359 1165 4414 multorum
1217 4374 1506 4412 annorum
1559 4357 1871 4427 stipendiis
1907 4358 2140 4413 imbuti.

505 4456 723 4505 Horum
757 4447 900 4503 nulli
934 4452 1061 4501 tum
1092 4446 1249 4501 venit
1277 4446 1334 4500 in
1367 4450 1620 4501 mentem
1671 4446 1925 4518 cogitare
1964 4464 2145 4501 vanos

508 4540 853 4611 plerumque
898 4534 1033 4591 ferri
1071 4535 1362 4604 ejusmodi
1402 4551 1688 4598 rumores,
1721 4534 1967 4606 ideoque
1995 4536 2145 4592 serio

517 4629 662 4684 247
699 4624 1025 4696 disquerirc
1057 4622 1195 4694 quid
1227 4624 1283 4677 in
1316 4640 1373 4678 re
1404 4628 1594 4691 esset;
1630 4624 1729 4679 sed
1769 4624 1987 4694 pariter
2016 4642 2141 4680 om-

512 4733 615 4771 nes
647 4731 763 4768 una
794 4711 1091 4768 communi
1145 4711 1399 4782 perculsi
1424 4711 1769 4783 formidine,
1802 4713 2144 4782 satagebant

514 4821 628 4859 non
663 4817 723 4857 se
754 4800 931 4869 solos,
961 4815 1152 4854 verum
1181 4804 1239 4853 et
1268 4799 1420 4856 cives
1460 4805 1731 4872 tectaque
1761 4815 2007 4856 servare.
2038 4806 2142 4856 Ar-

518 4893 659 4947 mati
692 4907 827 4962 ergo
878 4889 1281 4944 discurrebant
1312 4904 1414 4958 per
1444 4892 1622 4944 totam
1652 4888 1966 4955 civitatem,
1988 4890 2147 4945 velut

518 4980 757 5052 quidam
794 4977 945 5032 ultro
976 4976 1232 5045 citroque
1262 4976 1533 5031 continue
1574 4978 2022 5032 commeabundi
2054 4993 2144 5032 ce—

518 5070 665 5125 lcres
700 5065 911 5121 nuntii.
946 5070 1026 5119 Ac
1079 5064 1220 5119 dum
1279 5064 1338 5118 hi
1385 5064 1555 5129 hanc,
1589 5065 1686 5119 alii
1718 5065 1891 5119 aliam
1921 5066 1980 5120 in
2014 5083 2144 5138 par-

516 5165 635 5214 tem
670 5158 887 5227 impetu
913 5154 1197 5223 feruntur,
1224 5151 1367 5207 nihil
1401 5152 1635 5223 quidem
1668 5167 1865 5207 eorum
1901 5170 2030 5224 quae
2059 5155 2145 5209 di-

518 5248 800 5303 cebantur
830 5242 1107 5297 videbant
1140 5258 1153 5297 :
1189 5239 1378 5295 solum
1411 5240 1665 5310 ejulatus
1696 5241 1955 5312 undique
1985 5243 2145 5311 plan-

520 5342 769 5405 ctusque
806 5331 1141 5397 audiebant,
1173 5328 1333 5383 velut
1360 5332 1530 5399 capta
1560 5328 1789 5385 civitate
1822 5329 2146 5385 lamentan-

522 5427 706 5493 tium;
738 5427 1020 5495 erantque
1049 5435 1217 5475 voces
1242 5436 1307 5473 ac
1321 5419 1602 5475 clamores
1619 5420 1787 5491 plane
1810 5421 2016 5492 quales
2046 5421 2149 5477 ho-

523 5515 772 5581 minum,
806 5527 953 5582 quos
985 5526 1116 5565 cum
1149 5508 1401 5564 maxime
1430 5526 1686 5581 praesens
1718 5512 1923 5584 pungit
1954 5528 2020 5568 ac
2047 5527 2148 5584 pe-

526 5605 684 5658 nitus
714 5599 979 5656 vulnerat
1007 5597 1219 5654 atrocis
1250 5598 1579 5670 ingruentis
1610 5600 1749 5656 mali
1778 5618 2026 5670 sensus;
2062 5601 2149 5656 ni-

2228 3380 2433 3452 praadae
2463 3378 2615 3433 alius
2664 3381 2991 3435 ostentabat
3037 3380 3193 3435 socio
3224 3381 3413 3452 spolia
3454 3382 3735 3452 exposita,
3767 3383 3852 3435 in-

2229 3470 2419 3524 citans
2451 3472 2514 3523 ut
2538 3472 2773 3523 strenue
2804 3468 3076 3524 auferret.
3133 3468 3309 3537 Nihil,
3366 3469 3628 3541 inquam,
3688 3487 3855 3541 spec-

2234 3559 2462 3613 tabatur
2492 3556 2625 3621 tale,
2651 3556 2751 3611 sed
2800 3561 3031 3612 tantum
3075 3557 3243 3613 turba
3289 3557 3658 3614 tumultuans
3708 3560 3871 3615 avul-

2242 3663 2436 3702 sorum
2521 3646 2797 3701 domibus
2889 3650 2945 3700 et
3002 3650 3218 3701 temere
3285 3646 3648 3701 cursantium
3720 3652 3877 3703 metu

2243 3734 2677 3808 lymphatorum
2729 3751 2742 3789 :
2794 3735 2895 3806 qui
2938 3735 3034 3789 ubi
3088 3736 3148 3789 in
3199 3736 3549 3792 domesticos
3594 3754 3875 3808 procursu

2243 3825 2624 3889 otfenderant,
2654 3823 3107 3880 cohorescebant
3152 3828 3433 3894 tanquam
3467 3825 3527 3879 in
3569 3825 3763 3880 hostes
3794 3827 3875 3881 in-

2245 3915 2545 3983 cidissent,
2578 3917 2795 3968 terrore
2827 3913 3056 3983 panico,
3085 3930 3199 3983 quo
3230 3918 3397 3967 erant
3426 3914 3882 3983 fascinati,fami-

2246 4002 2420 4058 liares
2452 4003 2812 4057 deformante
2851 4002 2907 4055 in
2958 4002 3255 4069 barbaros,
3309 4018 3457 4072 quos
3510 4019 3581 4057 ne
3628 4004 3887 4059 occidere

2249 4098 2600 4149 conarentur
2629 4092 2755 4147 sola
2783 4092 2983 4146 tuendi
3019 4109 3081 4146 se
3111 4095 3270 4163 ipsos
3305 4097 3375 4147 ab
3420 4109 3619 4149 eorum
3665 4095 3887 4151 scilicet

2250 4182 2463 4236 infesta
2488 4180 2543 4234 vi
2575 4185 2633 4236 et
2662 4179 2845 4234 armis
2876 4194 3012 4234 cura
3045 4181 3392 4236 retardabat.
3446 4181 3713 4238 Infelices
3763 4184 3884 4237 dira

2249 4270 2528 4336 cmcitate,
2588 4269 2689 4340 qui
2755 4284 2871 4321 non
2930 4268 3326 4324 discernerent
3376 4270 3528 4325 cives
3586 4275 3643 4325 et
3701 4272 3885 4326 socios

2250 4359 2321 4411 ab
2354 4357 2662 4423 hostibus;
2697 4371 2802 4410 nec
2835 4354 3031 4410 minus
3061 4357 3259 4411 miseri
3295 4357 3635 4412 fortitudine
3675 4359 3884 4414 intem-

2253 4445 2491 4517 pestiva,
2525 4461 2639 4515 qua
2672 4444 2730 4497 in
2771 4444 2989 4499 amicos
3022 4450 3195 4514 atque
3221 4445 3363 4500 adeo
3395 4446 3453 4500 in
3483 4461 3543 4500 se
3574 4446 3734 4517 ipsos
3766 4464 3889 4501 mu-

2254 4549 2440 4589 croein
2490 4533 2893 4604 impetumque
2942 4533 3351 4604 unusquisque
3399 4536 3677 4589 vertebat.
3727 4536 3886 4590 Tunc

2256 4622 2311 4677 bi
2346 4637 2576 4692 quoque
2608 4638 2755 4692 quos
2812 4621 3084 4676 custodiae
3136 4623 3283 4676 ferro
3341 4623 3568 4677 vinctos
3616 4625 3890 4678 tenebant

2253 4710 2445 4779 (multi
2478 4710 2633 4766 enim
2665 4708 2815 4765 bello
2866 4710 3018 4781 capti
3050 4716 3328 4781 perpetuo
3387 4726 3639 4765 carcere.
3692 4711 3888 4765 Nicaeae

2254 4799 2548 4855 detinendi
2577 4798 2834 4853 damnati
2867 4802 3050 4865 erant,
3081 4798 3151 4852 ad
3183 4798 3241 4852 id
3265 4796 3381 4853 ista
3399 4798 3619 4853 delecta
3641 4799 3885 4862 civitate,

2255 4888 2578 4959 quod_inde
2610 4886 2910 4942 difﬁcilius
2954 4885 3075 4940 vias
3116 4885 3374 4957 fugiendi
3425 4887 3676 4957 reperire
3724 4904 3891 4958 posse

2255 4976 2635 5045 viderentur),
2672 4975 2790 5044 isti,
2824 4975 3088 5045 inquam,
3134 4974 3433 5029 communi
3484 4975 3888 5031 animadversa

2257 5064 2713 5136 perturbatione,
2768 5064 3032 5133 persuasi
3088 5078 3287 5118 revera
3344 5063 3641 5134 ingressos
3697 5063 3889 5119 hostes

2258 5153 2408 5209 248
2443 5157 2499 5207 et
2530 5153 2584 5206 in
2620 5152 2762 5206 urbe
2794 5150 3122 5221 praevalere,
3155 5167 3270 5207 non
3311 5153 3469 5221 quod
3519 5152 3678 5222 ipsos
3729 5152 3887 5206 vide-

2258 5246 2406 5311 rent,
2440 5241 2539 5295 sed
2572 5256 2642 5294 ex
2688 5237 3077 5309 trepidatione
3124 5255 3302 5309 quam
3334 5239 3650 5293 cernebant
3681 5238 3888 5294 civium

2258 5334 2431 5387 ducta
2445 5331 2801 5400 conjectura,
2827 5328 3000 5383 soluti
3028 5328 3276 5384 vinculis
3303 5344 3363 5385 se
3387 5329 3629 5385 comites
3654 5328 3886 5384 addide-

2258 5425 2396 5476 runt
2437 5420 2509 5474 iis
2545 5420 2616 5473 de
2655 5417 2870 5489 quibus
2918 5416 3037 5471 dixi
3087 5418 3351 5485 armatis,
3376 5421 3433 5471 et
3454 5422 3709 5472 extremo
3741 5416 3892 5472 velut

2259 5510 2491 5581 agmine
2508 5508 2803 5565 cohortem
2822 5509 3110 5562 auxerunt
3133 5505 3467 5574 obeuntem,
3493 5510 3887 5561 utestmemo-

2260 5603 2477 5665 ratum,
2506 5597 2629 5653 vias
2660 5596 2843 5664 urbis,
2893 5600 2950 5651 et
3006 5598 3424 5666 praecurrentes
3471 5595 3885 5664 sequebantur,
