4162 6292
350 391 457 445 693

1396 389 1493 441 DE
1528 385 1895 439 MICHAELE
1935 356 2379 439 pamomoo
2416 388 2545 439 LIB.
2591 390 2687 439 III.

3646 387 3749 439 694

2211 503 2233 520 ἢ

351 514 497 581 πλὴν
531 513 595 566 οὐ
641 512 759 565 κατ’
810 508 1040 581 ἄμυναν,
1087 507 1232 563 ἀλλά
1258 508 1395 562 κατά
1422 506 1727 580 προθυμίαν
1757 526 1855 560 του
1887 526 1983 583 cpu-
2016 508 2069 572 Α
2098 506 2150 558 οἱ
2208 503 2253 558 δ’
2306 504 2501 560 ἐκείθεν
2564 508 2790 583 φῖόντες,
2852 511 2963 583 ἅμα
3016 513 3133 574 καθ’
3192 512 3413 582 ἡμίσεις
3468 513 3586 569 ταῖς
3634 502 3753 561 καθ’

352 602 661 658 λάσσεσθαι.
725 601 826 655 Ἦν
853 595 910 651 δὲ
959 597 1019 651 τὸ
1075 604 1172 665 τῆς
1226 594 1501 669 ἐκδρομῆς
1552 595 1708 656 τέλος
1764 594 1852 648 ἐπὶ
1906 594 1999 653 τάς

348 688 529 751 πύλας
574 688 708 742 ἴέναι
738 693 837 755 τῆς
870 684 1110 745 πόλεως.
1150 686 1253 740 Καὶ
1288 686 1316 738 ὁ
1365 682 1497 746 λαὸς
1546 686 1630 756 [Ρ.
1664 685 1785 754 465]
1817 683 1997 736 εἵπετο

351 776 573 852 χύδην,
633 776 723 830 καὶ
796 775 846 829 ἐν
904 773 1181 848 ἀλογίστῳ
1244 776 1312 845 τῇ
1371 778 1490 835 καθ’
1541 772 1701 826 αὐτὸν
1760 768 1999 841 ἀσθενείᾳ

351 863 645 941 ὠρρώδουν
691 861 936 932 ἕκαστος,
988 862 1064 923 ὡς
1112 862 1146 931 ἢ
1178 860 1562 933 τεθνηξόμενος
1612 863 1716 913 τῶν
1766 860 1994 929 πρώτων

348 954 623 1009 πεσόντων
659 995 673 1020 ,
735 952 779 1005 εί
838 952 888 1003 οἱ
942 948 1202 1020 πολέμιοι
1275 945 1465 1017 ἔξωθεν
1526 945 1851 1000 διεκπαίοιεν
1887 988 1901 1011 ,
1958 945 1992 1014 ἢ

347 1044 557 1098 τούτων
614 1041 968 1095 ἀνωθούντων
1023 1037 1149 1098 τοὺς
1204 1033 1587 1110 είσχεομένους
1617 1035 1705 1088 καὶ
1737 1034 1993 1088 ἀναστελ-

351 1132 559 1187 λόντων
618 1125 828 1182 ἔνδοθεν
883 1126 1042 1189 αὐτὸς
1116 1124 1363 1198 οὐραγῶν
1426 1122 1879 1193 συνελευσόμενός
1936 1142 1994 1176 τε

349 1219 440 1273 καὶ
502 1216 882 1292 ἐκφευξόμενος
914 1255 928 1270 .
983 1215 1052 1266 Τὸ
1111 1210 1165 1266 δὲ
1216 1212 1281 1280 ἦν
1342 1213 1443 1285 ἄρα
1499 1207 1705 1271 όνειδος
1754 1211 1940 1271 αὐτοῖς
1976 1253 1988 1266 .

353 1306 755 1381 Προσπεσόντες
816 1302 915 1375 γὰρ
969 1306 1088 1361 ταῖς
1142 1299 1343 1360 πύλαις
1401 1298 1462 1351 οὐ
1507 1299 1640 1371 μετά
1694 1301 1794 1362 τῆς
1824 1297 1989 1366 αὐτῆς

351 1396 440 1448 καὶ
500 1398 624 1465 μιᾶς
682 1389 987 1465 προθέσεως
1040 1386 1349 1461 ἐπήρχοντό
1397 1408 1454 1440 τε
1510 1386 1599 1439 καὶ
1657 1386 1989 1459 ἀνεχώρουν,

351 1481 478 1536 ἀλλ’
523 1480 573 1535 ἐν
622 1481 834 1553 ταραχῇ
883 1477 972 1531 καὶ
1027 1476 1118 1530 σὺν
1166 1473 1343 1530 οὐδενὶ
1390 1476 1583 1547 κόσμῳ
1629 1474 1988 1546 ἐμπίπτοντες

349 1571 466 1641 μεθ’
520 1567 753 1640 ἡσυχίας
808 1565 898 1619 καὶ
974 1564 1067 1619 σὺν
1134 1562 1454 1619 καταστάσει
1508 1566 1577 1635 τῇ
1636 1563 1985 1635 προσηκούσῃ

344 1656 690 1730 ἀνεζεύγνυον
727 1698 741 1711 .
802 1651 1070 1725 Εὕρισκον
1124 1654 1225 1728 γὰρ
1282 1653 1399 1715 καθ’
1456 1650 1689 1725 ἡσυχίαν
1748 1652 1991 1722 καθημέ-

337 1765 464 1805 νους
511 1743 637 1805 τοὺς
668 1743 911 1820 φύλακας
960 1743 1047 1796 καὶ
1087 1739 1255 1814 μηδὲν
1288 1740 1571 1801 ἐπαΐουτας
1620 1744 1726 1792 τῶν
1764 1740 1861 1793 ἀνά
1887 1739 1985 1806 τὴν

340 1830 505 1885 πόλιν
555 1833 885 1907 γενομένων.
933 1832 1088 1893 *Οθεν
1142 1830 1231 1883 καὶ
1292 1826 1503 1901 μᾶλλον
1561 1826 1769 1901 ἤλγουν
1802 1828 1877 1890 ὡς
1905 1827 1987 1881 τό·
2023 1852 2066 1912 Β

340 1940 431 1973 σον
482 1918 848 1990 ἠπατημένοι,
882 1917 917 1986 ἢ
977 1914 1267 1993 ὠρρώδουν
1324 1915 1374 1969 ἐν
1429 1912 1625 1974 ἄλλαις
1668 1913 1868 1977 πύλαις
1898 1912 1987 1969 ἐλ-

338 2008 636 2077 πιζόμενον
711 2008 772 2059 τὸ
842 2004 1051 2059 κακόν.
1102 2006 1171 2061 "0
1230 2000 1296 2071 δὴ
1352 2001 1442 2056 καὶ
1499 2000 1674 2055 πλείω
1725 2008 1983 2076 παρεῖχεν

338 2093 565 2155 ἐκείνοις
591 2096 689 2162 τήν
719 2094 990 2167 ταραχὴν,
1020 2093 1065 2147 εἰ
1097 2091 1238 2146 οὕτω
1287 2088 1657 2165 βραδυνάντων
1701 2097 1799 2159 τῆς
1847 2093 1981 2165 πρὸς

334 2183 429 2243 τὰς
464 2180 670 2255 μηδένα
720 2179 889 2255 φόϐον
922 2180 1156 2255 ἐχούσας
1196 2179 1373 2242 πύλας
1420 2178 1735 2250 ἁπτομένων
1786 2180 1838 2233 οἱ
1885 2180 1977 2253 ἐχ-

335 2271 451 2345 θροὶ
500 2272 620 2324 καθ’
667 2271 851 2344 ἑτέρας
900 2269 1077 2332 πύλας
1127 2270 1241 2340 μετ’
1284 2268 1561 2342 εὐχερείας
1613 2267 1791 2337 πάσης
1843 2267 1976 2321 εἴσε-

334 2358 498 2430 λῷεν.
530 2360 631 2413 Καὶ
663 2356 729 2427 δὴ
787 2358 984 2412 ἐκεῖθεν
1037 2355 1495 2429 διασκιδνάμενοι,
1549 2357 1602 2409 οἱ
1662 2356 1753 2428 μὲν
1813 2354 1975 2425 ἔνθεν,

334 2572 450 2610 non
482 2555 569 2610 illi
602 2556 835 2627 quidem
867 2555 1065 2611 animo
1090 2558 1192 2611 aut
1223 2555 1444 2626 impetu
1468 2554 1771 2625 pugnandi
1803 2554 1975 2610 ultio-

330 2642 493 2699 nisve
517 2644 589 2699 ab
617 2644 782 2699 hoste
813 2644 1131 2710 sumendae,
1151 2643 1253 2699 sed
1282 2642 1454 2698 taedio
1476 2642 1723 2698 carceris
1746 2644 1973 2699 occasio

330 2749 487 2797 nem,
523 2736 588 2787 ut
620 2732 682 2786 fit
712 2733 1232 2802 quomodoeunque
1255 2731 1507 2785 oblatam
1523 2733 1872 2801 usurpandae
1904 2731 1973 2785 li-

329 2820 575 2874 bertatis
623 2820 873 2875 libenter
921 2820 1195 2891 amplexi.
1250 2820 1366 2874 Ista
1404 2835 1573 2889 porro
1628 2823 1969 2873 cunctorum

329 2909 414 2963 sic
462 2909 726 2963 euntium
762 2909 1061 2978 procursio
1092 2908 1162 2962 ad
1213 2912 1407 2978 portas
1437 2907 1691 2962 civitatis
1744 2908 1969 2962 fereba-

328 3001 443 3051 tur.
478 2998 845 3068 Sequebatur
877 3003 1073 3052 autem
1107 2996 1424 3052 multitudo
1456 2996 1701 3051 confusa
1732 2996 1964 3067 populi,

325 3085 767 3141 exhorrescente
784 3104 888 3157 pro
904 3103 964 3141 se
990 3102 1366 3157 unoquoque,
1384 3086 1524 3139 dum
1544 3089 1774 3155 reputat
1789 3102 1964 3155 quam

323 3173 604 3228 inﬁrmus
638 3191 741 3244 per
790 3192 852 3229 se
884 3175 959 3229 sit
990 3176 1059 3229 ad
1107 3174 1572 3246 propulsandum
1622 3172 1841 3229 malum
1878 3174 1966 3228 in-

322 3278 559 3333 gruens,
592 3268 647 3317 et
675 3263 756 3317 ita
788 3278 848 3317 se
880 3261 1151 3333 pluribus
1174 3262 1526 3333 applicante,
1559 3260 1642 3315 sic
1670 3262 1787 3315 fere
1820 3262 1958 3315 sub-

322 3351 496 3405 ducta
528 3351 851 3405 errantium
888 3351 1307 3423 cogitationum
1340 3366 1594 3419 summa,
1628 3354 1727 3402 aut
1755 3366 1817 3404 se
1843 3353 1959 3404 sta-

321 3437 427 3491 tim
460 3438 798 3505 morituros,
834 3438 883 3493 si
910 3439 1171 3493 hostium
1205 3439 1352 3493 ferro
1384 3454 1485 3508 per
1509 3441 1733 3508 portam
1763 3441 1959 3507 paten-

323 3530 439 3580 tem
470 3527 1183 3583 extrinsecusirruentium
1208 3526 1381 3599 primi
1408 3530 1788 3592 armatorum,
1814 3543 1961 3596 quos

322 3616 738 3685 sequebantur,
773 3616 1116 3671 cecidissent
1141 3635 1153 3683 ;
1180 3619 1279 3669 aut
1302 3615 1349 3670 si
1384 3614 1441 3668 hi
1473 3616 1708 3669 fortuna
1726 3614 1817 3668 usi
1842 3631 1959 3669 me-

318 3701 451 3757 liori
496 3703 844 3775 repellerent
884 3704 1275 3775 ingredientes
1325 3703 1605 3758 barbaros
1637 3707 1694 3757 et
1742 3704 1961 3773 majore

318 3791 541 3863 impetu
606 3793 1000 3847 incumbendo
1058 3792 1443 3863 reprimerent
1498 3791 1613 3846 vim
1670 3791 1957 3862 ipsorum,

320 3897 435 3935 non
468 3881 856 3951 desperabant
892 3881 1108 3951 singuli
1140 3898 1360 3942 eorum,
1395 3898 1542 3951 quos
1570 3880 1824 3935 diximus
1856 3897 1957 3935 cu-

319 3968 528 4023 stodiis
556 3970 811 4040 elapsos,
850 3968 1109 4023 invenire
1140 3968 1198 4021 in
1233 3966 1527 4022 communi
1574 3966 1959 4036 trepidatione

316 4055 470 4111 viam
517 4057 626 4111 sibi
695 4059 968 4129 privatim
1033 4055 1396 4123 consulendi,
1450 4056 1808 4124 erumpendo
1857 4071 1958 4125 per

318 4150 520 4215 aperta
551 4146 705 4200 ostia
759 4146 936 4201 simul
969 4162 1102 4200 cum
1128 4144 1513 4199 referentibus
1541 4145 1740 4213 pedem
1773 4142 1958 4197 hosti-

321 4233 451 4298 bus,
480 4239 538 4288 et
558 4233 638 4288 ita
664 4235 944 4306 eﬂ'ugium
970 4233 1185 4290 alicubi
1210 4233 1501 4304 captandi.
1532 4235 1596 4287 In
1629 4232 1741 4285 fine
1760 4236 1955 4286 autem

319 4322 497 4391 hujus
521 4322 647 4376 vitae
672 4322 993 4377 ludibrium
1009 4322 1099 4377 sui
1117 4321 1421 4392 risumque
1443 4324 1954 4392 repererunt.Cum

317 4409 474 4466 enim
507 4410 578 4465 ad
630 4416 878 4481 portam,
914 4427 1029 4481 quo
1061 4411 1169 4465 iter
1218 4410 1607 4477 intenderant,
1661 4408 1955 4480 pervenis-

318 4504 465 4567 sent,
500 4516 615 4554 non
642 4501 844 4555 eodem
875 4504 1017 4555 testu
1044 4503 1099 4553 et
1128 4499 1416 4553 anxietate
1435 4498 1616 4553 animi
1640 4514 1755 4568 qua
1781 4513 1953 4552 vene-

320 4592 454 4642 rant
486 4588 800 4654 redierunt,
838 4589 937 4643 sed
992 4586 1352 4642 tumultuose
1398 4586 1839 4656 inordinateque
1886 4601 1950 4639 eo

2106 592 2354 665 ἐκατερον
2405 595 2602 657 πύλαις
2659 595 2961 673 ἐφίσταντο.
3006 601 3333 673 ἀπογνόντες
3380 599 3455 659 ὡς
3514 598 3588 668 μὴ
3649 617 3749 649 πο-

2104 682 2305 751 νούσης
2354 687 2452 747 τῆς
2502 686 2621 737 καθ’
2651 682 2744 741 ἕω.
2798 688 2885 748 Ὡς
2946 686 3002 742 δέ
3057 688 3122 741 τα
3171 687 3264 741 ’ίσα
3321 684 3488 740 καὶέν
3520 684 3746 745 ἐκείναις

2106 770 2255 844 εὖρον
2288 771 2406 842 (τὴν
2458 772 2560 845 γὰρ
2611 774 2744 847 πρὸς
2792 775 3036 847 αἰγιαλὸν
3083 773 3259 837 οὐδεὶς
3319 775 3391 836 ὡς
3425 772 3743 848 προδώσου-

2105 881 2197 913 σαν
2256 862 2720 933 καθυπώπτευεν),
2775 863 2851 924 εἷς
2911 862 2964 917 ἓν
3020 866 3372 938 συναχθέντες
3429 861 3744 917 καθίσταντό

2101 969 2158 1001 τε
2205 948 2298 1008 τάς
2344 950 2521 1023 ψυχὰς
2553 950 2642 1003 καὶ
2686 949 2736 1003 ἐν
2783 950 3070 1025 ἀμηχανίᾳ
3094 957 3189 1006 τοῦ
3218 954 3267 1005 τί
3301 953 3555 1025 πράττειν
3585 951 3742 1018 ἦσαν·

2106 1037 2181 1107 μὴ
2231 1036 2333 1109 γάρ
2370 1036 2428 1089 ἃν
2476 1039 2592 1091 κατ’
2620 1036 2777 1110 ἀέρος
2809 1044 2987 1093 πεσεῖν
3032 1040 3158 1100 τοὺς
3210 1038 3440 1113 ἐχθροὺς
3479 1037 3743 1111 πτέρυγας

2101 1125 2449 1196 περιθέντας.
2510 1126 2594 1186 Ὠς
2651 1124 2708 1179 δὲ
2766 1126 2855 1180 καὶ
2906 1128 3003 1194 τὴν
3063 1128 3115 1189 ἐς
3170 1127 3418 1201 αἰγιαλὸν
3481 1126 3742 1201 φέρουσαν

2102 1212 2409 1274 ἐπιστάντες
2470 1212 2751 1289 ἐλευθέραν
2802 1216 2891 1268 καὶ
2946 1216 3145 1284 ταύτην
3203 1214 3354 1276 δέους
3412 1216 3565 1288 εὗρον
3607 1236 3741 1267 παν-

2097 1302 2212 1368 τὸς,
2270 1306 2374 1355 τῶν
2435 1300 2688 1377 φυλάκων
2736 1303 2824 1356 καὶ
2873 1303 2950 1364 εἷς
3002 1302 3210 1377 χλεύην
3266 1302 3560 1375 τιθεμένων
3595 1303 3741 1377 σφίσι

2095 1391 2193 1457 τὴν
2244 1389 2469 1460 ἀπάτην,
2520 1390 2839 1445 ἀνέπνευσαν
2870 1413 2927 1445 τε
2958 1392 3152 1455 εὐθέως
3179 1397 3273 1446 τοῦ
3305 1391 3458 1454 δέους
3503 1392 3593 1444 καὶ
3640 1393 3738 1459 τὴν

2099 1479 2272 1532 αἶ’τίαν
2303 1485 2402 1547 τῆς
2461 1481 2650 1555 φήμης
2687 1479 2953 1554 ἠρεύνων’
3019 1482 3203 1553 μήγάρ
3264 1479 3325 1533 ἃν
3386 1480 3599 1532 αὐτόθεν
3635 1486 3737 1550 γῆς

2100 1565 2486 1639 μυκησαμένης
2552 1566 2941 1641 ἐξενεχθῆναι,
2997 1569 3038 1621 εἰ
3101 1571 3174 1638 μή
3232 1590 3315 1630 τις
3369 1572 3587 1642 πρῶτος
3645 1568 3735 1620 τὸν

2097 1650 2262 1728 φόϐον
2325 1653 2772 1729 ἐῴευδολόγησεν.
2830 1658 2950 1711 Ἐπὶ
2986 1655 3199 1717 πολλάς
3228 1660 3357 1729 γοῦν
3402 1655 3735 1729 τραπόμενοι

2094 1743 2188 1803 τάς
2239 1740 2420 1810 ὁδοὺς,
2468 1741 2605 1811 μηδὲ
2632 1745 2694 1797 τὸ
2724 1746 2890 1817 τυχέν
2922 1743 3261 1815 παριδόντες,
3287 1742 3355 1812 ἤν
3379 1766 3459 1803 τις
3491 1740 3737 1815 προϐάλ-

2098 1831 2274 1899 λοιτο,
2309 1828 2463 1885 οὐδὲν
2495 1829 2661 1885 πλέον
2696 1833 2842 1906 εἷγον
2874 1833 3117 1905 εὑρέσθαι
3148 1837 3245 1887 τοῦ
3276 1834 3326 1902 ἐξ
3360 1834 3591 1909 ἀφανοῦς
3625 1833 3735 1902 ἅμα

2098 1941 2160 1993 γε
2186 1926 2503 1993 γενδηθῆναι
2548 1920 2635 1973 καὶ
2686 1922 2800 1973 ὀίωα
2840 1920 3107 1996 τραφέντα
3156 1919 3589 1993 συνδιειληφέναι
3644 1922 3737 1979 τὰς

2092 2012 2197 2060 τῶν
2230 2005 2456 2061 πολλῶν
2490 2008 2673 2068 ἀκοάς.
2705 2009 2781 2063 Τὸ
2804 2006 2849 2061 δ’
2882 2008 2940 2062 ἐκ
2962 2009 3262 2083 προχείρου
3293 2010 3381 2063 καὶ
3403 2009 3625 2071 πιθανὸν
3660 2007 3735 2069 εἴς

2092 2095 2262 2149 αἰτίαν
2291 2097 2354 2148 τὸ
2381 2102 2480 2164 τῆς
2514 2094 2720 2156 εἰκόνος
2768 2102 2866 2163 τῆς
2899 2099 3236 2171 θεομήτορος
3263 2099 3379 2160 καθ’
3410 2097 3612 2151 ἱκεσίαν
3647 2095 3735 2149 ἐκ·

2090 2182 2395 2259 φερομένης
2439 2181 2652 2252 πλῆθος
2676 2182 2895 2247 ἕπεσθαι
2925 2189 3213 2259 γυναικῶν,
3248 2184 3307 2246 ἃς
3337 2182 3401 2252 δὴ
3434 2186 3522 2238 καὶ
3556 2184 3736 2259 ἐκφω-

2087 2277 2193 2325 νεῖν
2243 2272 2530 2345 ἀναγκαῖον
2581 2273 2679 2339 τήν
2714 2268 2895 2340 δέησιν
2940 2272 3164 2326 κατόπιν
3213 2272 3472 2340 ἡκούσας.
3507 2271 3729 2327 Τούτων

2087 2358 2177 2413 οὖν
2210 2359 2586 2436 ὀλοφυρτικῶς
2609 2360 2747 2413 κατά
2766 2364 2984 2433 Περσῶν
3002 2360 3089 2415 καὶ
3114 2360 3381 2435 Τοχάρων
3404 2362 3727 2414 θεοκλυτού-

2084 2559 2271 2621 Quare
2302 2573 2503 2613 rursus
2535 2558 2691 2612 anxii
2722 2559 3056 2629 partiuntur
3086 2576 3210 2615 sese
3232 2560 3538 2628 bifariam;
3574 2564 3629 2615 et
3652 2562 3722 2615 ad

2082 2646 2230 2700 duas
2279 2662 2404 2716 qua:
2461 2648 2761 2702 restabant
2805 2647 3035 2719 (praeter
3089 2648 3440 2703 Orientalem
3478 2690 3491 2715 ,
3549 2665 3721 2719 quam

2081 2749 2283 2788 vacare
2323 2734 2693 2790 incommodo
2741 2736 3037 2801 videbant,
3069 2740 3124 2791 et
3173 2737 3556 2805 maritimam,
3608 2754 3722 2808 qua

2082 2838 2248 2877 nemo
2297 2822 2708 2893 suspicabatur
2750 2824 2945 2879 venire
2976 2824 3171 2880 hostes
3217 2826 3499 2896 potuisse)
3549 2828 3719 2890 duas,

2081 2911 2342 2981 inquam,
2376 2911 2579 2965 eodem
2611 2915 2871 2983 tempore
2902 2912 3155 2983 reliquas
3185 2918 3382 2985 portas
3413 2914 3718 2984 adierunt;

2079 3004 2143 3053 ut
2173 3002 2367 3053 autem
2402 3015 2471 3053 ne
2504 2999 2564 3053 in
2606 3000 2697 3054 bis
2730 3000 2965 3071 quidem
3004 3008 3347 3073 repererunt
3390 3004 3588 3058 damni
3620 3009 3719 3059 aut

2078 3087 2428 3157 suspicionis
2461 3088 2807 3159 quidquam,
2856 3090 3220 3160 respirarunt
3249 3090 3519 3147 videlicet
3550 3110 3713 3147 men-

2076 3179 2281 3245 tesque
2330 3193 2363 3229 a
2392 3178 2554 3246 gravi
2603 3178 3037 3247 perturbatione
3087 3184 3460 3250 receperunt.
3494 3180 3713 3235 Tamen

2076 3264 2267 3318 adhuc
2301 3264 2509 3319 incerti
2559 3282 2673 3336 quo
2704 3282 2767 3320 se
2801 3270 3105 3333 verterent,
3143 3267 3239 3321 ubi
3284 3268 3710 3332 delitescerent,

2078 3353 2249 3415 unde,
2272 3352 2946 3422 quairruissenthostes,
2964 3356 3160 3411 omnia
3174 3356 3711 3427 circumspectando

2073 3441 2426 3511 quaerebant,
2461 3443 2605 3506 Quid
2638 3443 2836 3497 enim?
2868 3443 3240 3499 dictitantes:
3274 3462 3344 3499 an
3379 3444 3509 3499 illos
3542 3449 3708 3515 puta-

2073 3528 2266 3582 bimus
2299 3526 2405 3581 alis
2429 3545 2529 3599 per
2550 3546 2741 3584 aerem
2765 3530 3022 3585 invectos
3047 3548 3297 3602 superne
3326 3533 3479 3587 intra
3506 3533 3704 3588 urbem

2075 3614 2407 3670 involasse?
2435 3616 2577 3674 Cum
2607 3623 2803 3672 autem
2839 3624 3130 3690 postremo
3163 3619 3319 3673 illam
3358 3621 3548 3691 ipsam
3583 3639 3707 3691 quae

2073 3704 2239 3759 littus
2272 3703 2451 3758 maris
2484 3707 2804 3774 spectabat,
2839 3712 3063 3777 portam
3098 3708 3416 3763 lustrantes
3439 3709 3711 3764 similiter

2072 3793 2316 3848 liberam
2349 3793 2505 3847 omni
2540 3799 2698 3847 metu
2727 3794 3278 3864 deprehendissent,
3310 3802 3367 3851 et
3396 3800 3705 3852 custodum

2074 3882 2153 3935 ibi
2203 3897 2434 3952 quoque
2466 3897 2722 3935 errorem
2788 3881 2931 3951 ipsis
2962 3888 3017 3935 et
3055 3884 3457 3938 credulitatem
3505 3902 3706 3955 expro-

2071 3970 2373 4022 brantium
2423 3968 2682 4023 ludibrio
2750 3968 2905 4022 irrisi
2956 3976 3173 4038 essent,
3227 3972 3593 4040 respirarunt
3640 3976 3707 4024 ul»

2072 4056 2229 4110 omni
2262 4056 2574 4109 formidine
2619 4061 2755 4109 tunc
2788 4055 2979 4126 plane,
3012 4060 3067 4110 et
3098 4057 3306 4112 solutis
3341 4060 3460 4126 jam
3493 4060 3707 4113 animis

2071 4144 2497 4213 investigabant
2546 4160 2672 4213 quas
2723 4143 2884 4214 origo
2942 4145 3100 4199 falsa:
3152 4145 3443 4216 opinionis
3506 4148 3705 4217 quisve

2073 4236 2273 4286 auctor
2304 4231 2602 4286 mendacis
2651 4232 2849 4286 indicii
2887 4233 3128 4288 fuisset:
3162 4250 3275 4287 non
3309 4234 3464 4288 enim
3504 4236 3707 4290 videli-

2072 4325 2159 4374 cet
2207 4324 2367 4374 terrze
2426 4320 2680 4390 quodam
2733 4320 2962 4391 mugitu
3022 4322 3284 4376 extitisse
3334 4339 3530 4377 vocem
3582 4342 3704 4393 quas

2071 4411 2366 4479 ingressos
2388 4408 2794 4463 denuntiasset
2817 4409 3037 4475 hostes,
3061 4411 3160 4464 sed
3184 4410 3423 4465 omnino
3447 4412 3699 4481 primum

2071 4497 2326 4567 aliquem
2378 4496 2560 4551 fuisse
2605 4497 2741 4551 vani
2800 4497 3071 4551 nuntium
3126 4502 3334 4552 metus.
3386 4504 3698 4569 Postquam

2070 4604 2202 4642 vero
2234 4586 2332 4640 diu
2364 4590 2420 4640 et
2444 4585 2754 4656 diligenter
2783 4585 2839 4638 in
2872 4585 2984 4639 ista
3013 4591 3147 4639 sunt
3176 4586 3554 4656 inquisitione
3583 4605 3702 4641 ver-

319 4676 615 4747 progressi
638 4674 940 4747 tranquilli
968 4674 1272 4744 securique
1299 4675 1664 4741 recedebant,
1689 4673 1958 4727 custodes
1994 4666 2035 4727 D
2068 4675 2198 4742 sati,
2232 4673 2596 4744 explorantes
2620 4673 2838 4728 circum
2871 4674 3070 4727 omnia
3102 4672 3247 4727 nihil
3268 4675 3423 4729 aliud
3450 4678 3698 4746 reperire

320 4764 614 4835 siquidem
648 4768 827 4834 portae
860 4763 1053 4834 quiete
1095 4762 1427 4817 desidentes
1463 4761 1587 4816 sine
1619 4761 1735 4815 ullo
1769 4760 1959 4815 adhuc

322 4870 516 4907 rerum
551 4869 677 4922 quin
703 4868 804 4923 per
827 4853 1028 4906 urbem
1049 4852 1397 4921 gerebantur
1427 4866 1603 4903 sensu
1632 4849 1954 4905 inveniunt.

321 4941 487 4996 Unde
521 4957 634 4994 una
657 4957 715 4995 re
748 4939 1043 5005 dolebant,
1075 4956 1189 5010 quo
1226 4938 1465 4992 illusum
1499 4937 1609 4992 sibi
1636 4942 1809 5002 esset,
1843 4955 1956 4992 non

320 5034 521 5084 tamen
546 5028 909 5083 omniadbuc
942 5026 1334 5082 sollicitudine
1359 5027 1663 5091 vacabant,
1688 5030 1958 5096 reputan-

320 5122 409 5172 tes
434 5118 693 5187 potuisse
716 5116 838 5171 ﬁeri
874 5120 937 5170 ut
958 5132 1060 5187 per
1082 5115 1227 5170 alias
1255 5119 1449 5186 portas
1464 5115 1728 5169 hostesin
1755 5115 1955 5169 urbem

322 5210 748 5276 penetrassent.
783 5204 900 5259 lmo
936 5220 1067 5260 cum
1102 5203 1382 5258 attentius
1413 5203 1828 5274 cogitaverant,
1862 5202 1960 5257 illa

319 5296 473 5366 ipsa,
509 5310 684 5364 quam
717 5293 1010 5360 videbant,
1047 5294 1198 5348 249
1234 5292 1416 5346 nimia
1446 5291 1731 5347 securitas
1761 5295 1957 5345 custo-

324 5385 467 5438 dum
500 5399 701 5437 curam
732 5382 878 5452 ipsis
910 5381 1251 5435 admovebat
1273 5381 1659 5451 augebatque,
1685 5385 1957 5457 reputan-

322 5472 486 5526 tibus
516 5470 636 5542 pari
672 5471 818 5524 forte
848 5469 1205 5541 negligentia
1230 5469 1451 5524 solutos
1492 5468 1736 5524 aliarum
1766 5472 1955 5539 porta-

325 5575 460 5614 rum
503 5557 917 5630 praesidiarios,
952 5557 1117 5612 facile
1146 5574 1455 5628 oppressos
1496 5556 1689 5611 subito
1719 5556 1956 5611 incursu

324 5648 609 5716 hostium,
659 5646 882 5701 aditum
932 5645 1208 5701 Tocharis
1255 5647 1313 5699 in
1366 5646 1566 5701 urbem
1617 5645 1954 5716 praebuisse.

2070 4766 2385 4834 potuerunt
2429 4761 2539 4816 nisi
2590 4762 2929 4815 mendacem
2979 4762 3195 4815 famam
3246 4763 3447 4818 multis
3495 4766 3692 4819 eodem

2069 4849 2707 4906 momentolocissimnl
2723 4853 2941 4917 natam,
2958 4850 3131 4904 simul
3148 4850 3693 4915 increbrescenten),

2069 4937 2243 4993 simul
2285 4937 2440 5007 vulgi
2470 4935 2793 5007 complesse
2829 4954 3019 5007 aures,
3054 4938 3230 4992 simul
3272 4940 3498 4994 animos
3537 4940 3693 4995 inani

2067 5032 2287 5082 terrore
2316 5024 2659 5096 perfudisse.
2697 5027 2816 5081 Una
2850 5029 3078 5079 tantum
3113 5043 3238 5095 qua:
3270 5027 3468 5097 aliqua
3496 5029 3691 5082 verisi-

2068 5115 2396 5170 militudine
2428 5114 2707 5168 niteretur
2729 5112 2947 5184 publici
2982 5114 3193 5169 erroris
3217 5132 3395 5169 causa
3418 5131 3697 5170 memora-

2069 5206 2258 5267 batur,
2310 5201 2657 5273 supplicatio
2704 5207 2843 5255 tunc
2893 5203 3035 5256 forte
3085 5219 3185 5273 per
3216 5204 3434 5256 urbem
3490 5204 3695 5273 ducta,

2068 5292 2427 5347 circumdata
2459 5291 2528 5345 de
2551 5306 2709 5344 more
2729 5289 2787 5343 in
2810 5289 3020 5344 thensa
3043 5306 3141 5359 per
3170 5290 3488 5344 solemnem
3517 5308 3583 5344 ea
3608 5292 3698 5345 die

2068 5398 2197 5451 pom
2210 5397 2339 5451 pam
2356 5378 2605 5447 imagine
2619 5378 2894 5449 Deiparae,
2911 5379 3083 5432 turba
3095 5377 3402 5431 mulierum
3417 5384 3698 5447 sequente

2067 5470 2219 5540 quod
2253 5467 2401 5522 solet
2428 5467 2487 5521 in
2537 5466 3063 5538 supplicationibus
3095 5464 3399 5519 acclamari
3437 5466 3508 5519 ab
3545 5467 3697 5521 mala

2067 5556 2517 5628 deprecantibus
2544 5571 2775 5610 carmen
2798 5570 2948 5625 pone
2980 5553 3470 5621 frequentantium
3502 5570 3513 5607 :
3543 5555 3696 5610 250

2067 5662 2132 5703 ac
2161 5645 2426 5701 videlicet
2461 5660 2586 5714 quae
2622 5653 2755 5698 tunc
2788 5641 3039 5697 maxime
3071 5641 3368 5702 timebant,
3422 5642 3696 5698 distincte
