4158 6280
433 410 543 463 695

1738 405 2037 459 GEORGII
2075 400 2535 456 PACHYMERB

3725 392 3829 448 696

435 536 566 599 σῶν,
598 530 740 592 εῗκὸς
766 530 833 584 τὰ
876 536 977 598 τῆς
1016 536 1197 605 φωνῆς
1240 526 1493 593 διελθεῖν,
1544 526 1631 580 καὶ
1684 521 1955 599 συμϐῆναι
1980 523 2076 585 τὰς
2109 526 2164 591 Α
2193 521 2433 598 ἐχόντων
2473 517 2611 593 πρὸς
2656 517 2718 572 τὸ
2767 518 3149 605 παρεμπῖπτον
3195 518 3299 605 τῆς
3339 514 3530 605 φῃήμης
3563 511 3835 605 θορυϐου-

440 621 533 690 μῖεν
580 620 695 673 κατ’
739 618 955 672 ἐκείνων
1018 616 1506 693 μεγαλοφωνούσας
1563 620 1904 682 ποτνιᾶσθαι,
1954 612 2080 672 τοὺς

434 704 493 760 δὲ
549 709 703 781 πέριξ
752 707 844 760 καὶ
889 706 1082 776 ἔξωθεν
1129 705 1229 771 τήν
1272 705 1452 771 ωωνήν
1507 702 1839 778 δεχομένους
1869 701 1936 756 τὰ
1962 703 2080 756 κατ’

433 795 646 849 ἐκείνων
682 797 761 867 [Ρ.
798 797 916 862 166]
961 794 1034 853 ὠς
1076 794 1198 867 περὶ
1250 792 1464 846 ἐκείνων
1511 790 1827 866 ἐρχομένων
1884 792 2081 845 ὑποτο-

434 885 645 951 πάζειν,
696 882 785 936 καὶ
816 880 959 936 οὕτω
1006 879 1327 949 διαδοθῆναι
1358 880 1567 951 σύναμα
1593 875 1747 956 φόϐῳ
1776 879 1866 932 τὸν
1890 877 2078 953 λόγον,

430 972 520 1025 καὶ
576 973 673 1032 τὰς
729 976 835 1025 τῶν
896 967 1124 1024 πολλῶν
1191 970 1353 1031 ἀκοὰς
1405 966 1724 1041 πληροῦνται
1780 968 2081 1041 παραθῆξαι

431 1063 523 1113 τὸν
575 1054 823 1132 θόρυϐον.
879 1056 1039 1113 Ἀλλ’
1067 1055 1261 1110 ἐκεῖνοι
1297 1057 1389 1128 μὲν
1438 1056 1630 1127 οὕτως,
1691 1057 1717 1109 6
1751 1053 1804 1109 δέ
1836 1076 1895 1130 γε
1930 1057 2084 1130 βασι-

434 1147 560 1208 λεὺς
614 1148 747 1220 μετὰ
787 1151 955 1201 ταῦτα
1008 1146 1192 1218 μαθὼν
1223 1146 1371 1204 ὅπως
1418 1144 1657 1218 γένοιτο,
1710 1143 2084 1218 ὑπερεπάθησέ

432 1258 491 1290 τε
537 1237 627 1290 καὶ
686 1235 906 1308 πέμψας
950 1232 1038 1287 διὰ
1078 1232 1413 1308 γραμμάτων
1467 1233 1535 1285 τὰ
1579 1231 1766 1287 πολλά
1810 1234 2083 1305 κατεμέμ-

436 1328 609 1396 ψατο.
670 1322 822 1393 Μηδὲ
876 1322 976 1398 γὰρ
1029 1318 1240 1395 ἀνδρῶν
1294 1321 1425 1374 εἶναι
1486 1320 1766 1395 φρονίμων
1822 1322 1913 1375 καὶ
1962 1326 2083 1375 νοῦν

440 1468 731 1538 poscenda
762 1482 963 1521 eorum
997 1464 1338 1519 liberatione
1369 1462 1710 1518 nominatim
1750 1465 2079 1533 exprimen-

438 1556 606 1623 tium,
644 1571 748 1611 nec
787 1553 915 1610 sine
945 1553 1163 1622 ejulata
1193 1551 1682 1622 ingeminantium
1717 1568 1730 1607 :
1765 1574 1794 1603 ‹‹
1832 1553 2083 1609 Defende

441 1661 570 1711 nos,
609 1648 781 1712 Deus,
820 1659 853 1698 a
897 1641 1113 1709 Persis,
1144 1657 1177 1695 a
1206 1639 1483 1696 Tocharis
1532 1656 1688 1707 erue,
1740 1656 1774 1694 a
1816 1640 2083 1699 barbaris

442 1750 568 1799 nos,
604 1733 780 1796 Deus,
830 1735 1094 1802 protege,
1127 1752 1151 1781 ι
1186 1727 1331 1783 talia
1361 1744 1494 1783 cum
1540 1728 1951 1784 meticulosum
1984 1746 2081 1802 ge-

448 1837 558 1875 nus
608 1818 1087 1875 muliercularum
1120 1820 1177 1873 et
1206 1817 1265 1873 in
1315 1816 1387 1872 iis
1429 1816 1919 1874 oonsternatiores
1968 1819 2088 1874 ani-

2195 609 2387 682 μένους
2456 607 2616 671 εὐθὺς
2671 600 2918 682 θορυϐεῖν
2952 622 2965 636 ⁸
3045 600 3153 657 δεῖν
3210 603 3312 678 γὰρ
3364 601 3562 657 ἐννοεῖν
3620 604 3685 658 τὸ
3740 609 3836 657 τοῦ

2189 702 2507 774 πράγματος
2565 696 2953 761 ἀνυπόστατον,
3000 694 3088 747 καὶ
3137 693 3286 754 ὁπως
3336 691 3527 767 ἐχθροὶ
3577 694 3653 765 μὴ
3681 714 3836 768 περι-

2188 789 2490 859 καθήμενοι
2544 783 2706 839 πόλιν
2766 780 2895 857 μηδ’
2953 782 3006 836 ἐν
3060 782 3185 855 χρῷ
3241 786 3349 835 τῶν
3407 780 3631 856 πύργων
3665 778 3838 853 ὄντες,

2192 875 2337 932 ἀλλὰ
2389 875 2552 949 μόλις
2579 877 2669 930 καὶ
2720 873 3043 947 ἂκουόμενοι
3077 870 3347 948 διάγοντες
3381 871 3433 925 ἐν
3464 868 3706 947 Περσίδι,
3739 871 3837 926 αὖ·

2189 969 2314 1021 τίκα
2396 965 2725 1039 παμπληθὲς
2811 965 3109 1038 ἀπέχοντες
3184 962 3535 1025 πετασθὲντες
3613 957 3839 1033 ἐμϐαϊεν

2194 1055 2322 1131 δίχα
2352 1053 2602 1129 πολέμου
2649 1055 2737 1109 καὶ
2785 1049 3127 1129 προσϐολῆς.
3178 1055 3359 1109 Ταῦτα
3405 1052 3495 1105 καὶ
3526 1050 3839 1105 τὰτοιαῦτα

2191 1149 2397 1221 γράψας
2421 1146 2509 1201 καὶ
2546 1143 2811 1206 ὀνειδίσας
2847 1145 2874 1198 ὁ
2930 1142 3185 1218 βασιλεὺς
3230 1141 3309 1205 εἷς
3352 1142 3413 1196 τὸ
3463 1142 3585 1214 ἑξῆς
3616 1142 3839 1205 καθίστα

2193 1236 2327 1313 πρὸς
2359 1236 2419 1289 τὸ
2451 1232 2910 1308 εὐφυλακτότερον
2942 1235 3033 1286 τὸν
3060 1230 3213 1286 λαόν.

2193 1470 2319 1521 tum
2352 1465 2563 1523 litteris
2594 1465 2832 1536 scriptis
2862 1464 3019 1521 haud
3062 1462 3455 1533 perfunctorie
3484 1462 3665 1518 duces
3697 1479 3843 1534 prte-

2194 1553 2395 1609 sertim
2441 1554 2844 1625 primoresque
2886 1551 3274 1623 reprehendit,
3317 1566 3540 1621 negans
3582 1550 3843 1605 virorum

2196 1642 2577 1713 prudentium
2622 1658 2689 1699 ac
2741 1656 2813 1696 ne
2853 1657 3032 1697 sensu
3073 1640 3312 1711 quidem
3356 1638 3655 1694 communi
3702 1640 3847 1695 satis

2197 1731 2461 1799 expedite
2501 1732 2794 1787 utentium
2836 1728 3040 1795 fuisse,
3083 1728 3278 1784 statim
3313 1742 3502 1797 usque
3545 1728 3689 1782 adeo
3720 1731 3850 1782 tur-

2198 1818 2324 1875 bari
2366 1819 2521 1874 fama
2549 1823 2769 1876 temere
2796 1818 2983 1887 illata,
3024 1816 3281 1888 primum
3314 1815 3609 1886 siquidem
3647 1815 3846 1884 explo-

439 1909 589 1963 culae
645 1907 909 1976 quaedam
969 1905 1424 1961 vociferarentur
1482 1905 1711 1959 acutius
1737 1947 1751 1972 ,
1810 1906 2090 1962 credibile
2121 1894 2166 1959 Β
2199 1921 2325 1963 rare
2356 1907 2686 1978 oportuisse
2726 1922 2841 1977 quo
2873 1907 3254 1962 fundamento
3286 1919 3486 1960 rumor
3514 1905 3801 1960 niteretur
3836 1946 3851 1972 ,

440 2001 529 2053 est
571 2012 741 2052 voces
793 1994 925 2049 illas
956 1995 1264 2049 Persarum
1296 1998 1353 2047 et
1399 1992 1798 2049 Tocharorum
1843 2010 2082 2064 percus-

441 2085 592 2140 sisse
640 2100 813 2139 aures
844 2082 1237 2154 quorumdam
1267 2079 1426 2137 aliud
1459 2082 1782 2152 agentium,
1816 2085 1875 2137 et
1922 2082 2083 2139 novi-

444 2178 557 2228 tate
591 2173 717 2241 ipsa
747 2187 813 2226 ac
842 2174 980 2225 tono
1012 2168 1381 2227 formidinem
1405 2169 1608 2238 ciente,
1635 2169 1873 2239 multos,
1897 2170 2083 2227 indis-

444 2278 614 2315 cusso
648 2260 846 2316 statim
880 2256 1097 2313 indicio
1120 2257 1426 2329 gliscente,
1454 2257 1515 2312 in
1538 2258 1855 2313 absurdam
1874 2258 2085 2329 ingres-

443 2366 637 2403 sorum
689 2348 894 2403 urbem
942 2347 1216 2415 istorum,
1250 2362 1397 2417 quos
1450 2344 1731 2416 appellari
1779 2346 2087 2404 audierant

446 2437 771 2503 nominum,
805 2434 1139 2505 opinionem
1172 2451 1236 2488 ac
1269 2434 1440 2488 ﬁdem
1473 2434 1657 2489 fuisse
1687 2435 1930 2490 ridicule
1961 2453 2085 2507 per-

442 2529 679 2580 tractos.
712 2524 859 2578 Nam
909 2538 981 2577 ne
1011 2523 1124 2577 cito
1166 2522 1698 2594 deprehenderetur
1737 2523 1966 2595 primus
1996 2541 2085 2580 er-

447 2631 559 2680 ror,
608 2611 1106 2684 perturbationem
1157 2627 1225 2665 ex
1253 2610 1380 2664 dira
1411 2610 1705 2665 mentione
1737 2612 1937 2666 statim
1977 2630 2086 2667 na-

442 2707 565 2758 tam
620 2699 947 2766 obstitisse,
986 2702 1043 2753 et
1092 2697 1534 2771 persuasionem
1585 2712 1717 2752 cum
1768 2704 1925 2754 metu
1972 2702 2088 2755 late

446 2789 909 2856 disseminasse;
964 2786 1047 2841 ita
1079 2785 1398 2841 tumultum
1448 2785 1611 2841 urbis
1641 2791 1697 2842 et
1726 2786 1890 2842 illam
1929 2789 2086 2845 insa-

445 2896 581 2935 nam
595 2877 1044 2950 trepidationem
1068 2880 1253 2932 ortam
1270 2880 1639 2947 auctamque,
1667 2875 2086 2947 sicilliconjec-

445 2972 637 3024 tantes
668 2966 1053 3023 disserebant.
1090 2965 1369 3019 Caeterum
1393 2964 1710 3035 imperator
1739 2964 1838 3018 ubi
1870 2982 1938 3021 ea
1961 2971 2090 3036 post

446 3053 742 3125 cognovit,
792 3067 927 3108 cum
976 3050 1321 3107 humaniter
1368 3066 1710 3121 compassus
1750 3051 1930 3105 errori
1978 3055 2084 3107 est.

2198 1994 2519 2063 praesertim
2568 1992 2719 2051 male
2765 1993 3115 2049 cohaerentia
3164 1991 3491 2048 nuntians:
3546 1992 3843 2061 quomodo

2193 2083 2348 2138 enim
2389 2081 2584 2139 hostes
2620 2083 2777 2138 intra
2804 2081 3009 2137 urbem
3039 2084 3096 2135 et
3130 2080 3193 2135 in
3233 2079 3446 2135 civium
3472 2077 3724 2149 jugulis,
3770 2079 3844 2135 de

2196 2171 2412 2242 quibus
2440 2170 2708 2227 auditum
2733 2170 3003 2226 nundum
3030 2173 3187 2225 esset
3206 2167 3348 2225 foris
3369 2167 3831 2238 approximasse,

2197 2259 2616 2316 circumsidere
2647 2275 2871 2327 muros,
2903 2258 3166 2315 turribus
3197 2274 3260 2313 se
3292 2257 3617 2312 admovisse
3637 2256 3665 2311 ?
3696 2258 3849 2320 Quo-

2196 2348 2368 2402 modo
2400 2347 2500 2418 qui
2540 2348 2715 2418 paulo
2741 2351 2876 2403 ante
2906 2347 3048 2403 dicti
3078 2350 3279 2403 essent
3315 2346 3529 2402 haerere
3558 2346 3618 2401 in
3651 2346 3846 2400 Persi-

2195 2437 2286 2501 de,
2320 2435 2513 2489 subito
2531 2435 2638 2490 alis
2657 2434 2913 2505 sumptis
2936 2434 3188 2489 volucris
3211 2434 3500 2490 exercitus
3523 2450 3703 2504 supra
3724 2438 3837 2488 sta-

2195 2527 2323 2580 rent
2342 2523 2719 2579 imminentes
2749 2524 3001 2594 desuper
3032 2524 3378 2590 cervicibus,
3402 2526 3632 2577 tantum
3664 2522 3842 2577 inter-

2193 2612 2436 2680 vallum,
2469 2612 2565 2667 ubi
2593 2616 2649 2667 et
2678 2628 2840 2669 arces
2871 2616 2927 2666 et
2957 2611 3231 2684 praesidia
3261 2612 3525 2667 Romana
3555 2610 3696 2678 sint,
3729 2611 3849 2666 vic‘

2194 2700 2360 2755 toriis
2387 2705 2683 2757 momento
2707 2700 3019 2757 emensos?
3040 2705 3172 2755 Haac
3194 2704 3251 2754 et
3271 2699 3362 2755 his
3390 2698 3612 2754 similia
3636 2699 3840 2753 merito

2194 2789 2554 2860 exprobrans
2603 2805 2703 2858 per
2732 2789 3043 2861 epistolam
3088 2788 3489 2844 Nicaeensibus
3519 2788 3846 2859 imperator

2194 2877 2251 2931 id
2284 2878 2493 2948 agebat
2522 2881 2586 2931 ut
2607 2878 2661 2933 in
2697 2881 2997 2957 posterum
3021 2877 3308 2935 cautiores
3338 2877 3468 2934 illos
3489 2877 3759 2933 redderet
3783 2876 3843 2932 in

2195 2982 2440 3022 occursu
2469 2965 2755 3022 similium
2788 2982 3056 3022 casuum.

2979 3085 3047 3095 .-

2073 3230 2209 3323 Δ’.

446 3398 511 3455 α’.
567 3391 891 3469 Δημηγορία
953 3391 1219 3472 βασιλέως
1276 3391 1597 3472 προς-τοῦς
1643 3392 1921 3471 ἀρχιερεῖς
1970 3397 2090 3471 περῖ
2125 3402 2167 3467 C
2210 3419 2373 3470 μενος
2427 3397 2475 3470 ἐξ
2528 3395 2764 3471 ἀνάγκης
2795 3395 3186 3472 ἀπαραιτήτου,
3237 3397 3309 3458 ὡς
3365 3397 3504 3472 μέγα
3532 3418 3584 3451 τι
3634 3395 3726 3451 καὶ
3755 3396 3847 3449 τὸν

1037 3468 1145 3519 τῶν
1173 3466 1289 3517 κατ’
1321 3464 1507 3519 αὐτόν.

521 3576 600 3646 [Ρ.
640 3575 761 3645 170]
792 3574 1059 3647 ’Ἀρχεται
1094 3568 1139 3625 δ’
1189 3567 1398 3634 ἐνθένδε
1425 3572 1491 3625 τά
1518 3570 1654 3627 κατᾶ
1691 3572 1782 3626 τὸν
1832 3575 2095 3649 πατριάρ-

452 3683 558 3737 χην
616 3662 888 3735 Ἀρσὲνιον
926 3703 938 3715 .
998 3661 1059 3715 Ὀ
1134 3660 1237 3735 γὰρ
1301 3658 1556 3733 βασιλεὺς
1611 3666 1715 3723 πᾶς
1770 3661 2099 3739 γιγνόμενος

451 3751 587 3826 πρὸς
635 3750 696 3804 τὸ
745 3754 926 3803 πεῖσαι
978 3746 1124 3820 αὐτῷ
1169 3768 1227 3801 τε
1256 3747 1435 3817 ἠπίως
1494 3748 1950 3824 προσενέγκασθαι
2006 3750 2096 3803 καὶ

450 3839 540 3894 τὸν
596 3837 792 3910 δεσμὸν
826 3837 997 3909 λύειν,
1041 3835 1152 3891 ἐπεὶ
1205 3836 1524 3912 ἀπέγνωστό
1556 3839 1607 3891 οἱ
1637 3837 1704 3891 τά
1742 3841 1837 3890 τοῦ
1869 3842 2095 3905 σκοποῦ,

451 3927 626 3990 πολὺς
681 3929 749 3996 ἦν
822 3926 1189 4000 ὀριγνώμενος
1265 3923 1326 3981 ἐκ
1376 3925 1576 3986 παντὸς
1634 3926 1839 3999 τρόπου
1900 3924 2100 3980 ἐκεῖνον

452 4016 937 4070 ἀποσκευάσασθαι.
996 4016 1150 4071 ’Ὁθεν
1197 4015 1283 4067 καὶ
1330 4011 1603 4077 πολλάκις
1648 4035 1777 4075 τους
1825 4015 2097 4090 ἀρχιερεῖς

452 4103 735 4180 συγκαλῶν
797 4102 1127 4178 ἐμαρτύρετο
1182 4103 1279 4171 τὴν
1332 4102 1591 4179 ἀνάγκην,
1649 4103 1723 4165 ὡς
1783 4127 1810 4154 ‹‹
1872 4102 1999 4157 Δέον
2042 4105 2097 4159 ’ὀν

451 4196 651 4267 ἄγοντα
680 4197 785 4246 τῶν
820 4189 1003 4245 ἄλλων
1030 4190 1241 4265 σχολὴν
1291 4190 1357 4245 τά
1397 4198 1499 4261 τῆς
1552 4192 1731 4265 ἀρχῆς
1758 4190 1945 4247 πολλά
1974 4187 2099 4247 ὅντα

451 4281 541 4334 καὶ
573 4277 925 4350 δυσεξάνυστα
971 4284 1324 4354 προσκοπεῖν,
1374 4280 1402 4331 6
1447 4275 1504 4332 δὲ
1552 4278 1819 4340 κάκείνοις
1856 4279 2098 4335 ἐνειλού-

2205 3487 2309 3541 ἀπὸ
2360 3492 2457 3542 τοῦ
2522 3487 2866 3561 πατριάρχου
2944 3483 3138 3557 δεσμὸν
3199 3484 3455 3560 ἐφόλκιον
3516 3484 3851 3559 ἐπισύρεται.

2206 3579 2410 3652 Ἐχρῆν
2473 3573 2519 3629 δ’
2568 3574 2675 3649 οὐχ
2706 3574 2898 3637 οὕτως.
2934 3572 3080 3628 ἀλλὰ
3107 3574 3195 3629 καὶ
3239 3573 3431 3636 αὐτοὺς
3460 3579 3537 3644 τῷ
3569 3574 3857 3647 πράγματι

2206 3669 2452 3736 νεμεσᾷν,
2496 3662 2543 3718 εἷ
2571 3661 3060 3736 πλημμελήματος
3108 3664 3182 3736 μὴ
3236 3660 3351 3717 οἵου
3402 3665 3449 3716 τ’
3496 3662 3649 3724 δντος
3676 3667 3743 3735 τῇ
3780 3664 3860 3725 εἰς

2207 3754 2266 3806 τὸ
2323 3752 2551 3827 ἀρχαῖον
2601 3756 2708 3805 τῶν
2766 3753 3098 3826 πραγμάτων
3134 3742 3531 3823 Ὶέπανακάμψει
3592 3748 3859 3820 ἐξαληλί-

2210 3843 2334 3918 φθαι
2386 3842 2412 3895 6
2461 3842 2595 3914 πρὸς
2624 3841 2685 3894 τὸ
2719 3839 3027 3913 θεραπεύειν
3055 3840 3383 3911 ταττόμενος
3446 3837 3593 3892 δυοῖν
3627 3840 3859 3914 θάτερος

2208 3931 2459 4005 πράττοι,
2495 3928 2528 3998 ἢ
2560 3928 2627 3983 τὰ
2675 3929 2911 4004 πρότερα
2971 3930 3042 3991 ὡς
3093 3928 3235 4002 εἶχεν
3267 3929 3625 3999 ἀνταπαιτῶν,
3682 3927 3718 3996 ἢ
3752 3929 3853 3996 τὴν

2210 4016 2489 4091 θεραπείαν
2523 4012 2991 4088 ἀναϐαλλόμενος.
3044 4016 3120 4071 Τὸ
3168 4016 3263 4087 μὶν
3312 4017 3415 4091 γάρ
3460 4012 3745 4083 ἀδύνατον,
3794 4013 3858 4067 τὸ

2212 4104 2268 4160 δὲ
2295 4105 2510 4167 πάντως
2566 4105 3019 4176 ἀνοικονόμητον.
3072 4103 3171 4160 Καὶ
3204 4101 3321 4158 δεον
3355 4104 3412 4158 ὃν
3440 4109 3716 4176 παραινεῖν
3766 4102 3859 4157 καὶ

2208 4195 2308 4262 τὴν
2339 4199 2433 4247 τοῦ
2469 4197 2804 4267 μεταγνῶναι
2837 4190 3090 4247 δεικνύειν
3143 4190 3265 4247 ὁδὸν
3314 4194 3402 4246 καὶ
3432 4197 3511 4264 τῷ
3562 4189 3730 4263 μηδὲν
3758 4195 3859 4245 τοῦ

2212 4280 2702 4356 πλημμελήματος
2757 4281 3063 4355 αἰσθομένῳ
3120 4283 3153 4353 ἢ
3209 4281 3301 4337 καὶ
3350 4280 3856 4357 καταρῥᾳθυμοῦντι

2073 4434 2222 4527 IV.

468 4618 515 4667 1.
574 4612 759 4666 Oratio
808 4610 1155 4682 imperatoris
1198 4610 1278 4666 ad
1331 4612 1602 4682 episcopos
1648 4610 1712 4666 de
1754 4611 1912 4667 rebus
1973 4612 2105 4667 suis.
2138 4591 2183 4654 Ῑ)
2218 4614 2565 4668 necessitate
2588 4630 2759 4668 curas
2789 4613 3042 4685 imperii,
3076 4614 3223 4669 tales
3263 4614 3502 4668 omnino
3534 4628 3658 4684 quae
3691 4612 3855 4667 solu-

540 4701 686 4756 25!
732 4699 878 4753 Hinc
928 4699 1220 4769 incipiunt
1251 4715 1343 4754 res
1390 4700 1669 4754 adversus
1698 4699 2102 4772 ipatriarcbam

468 4787 783 4842 Arsenium
812 4791 1005 4857 gestae.
1034 4791 1176 4843 Cum
1208 4787 1366 4842 enim
1391 4790 1709 4859 imperator
1728 4792 1884 4842 totus
1908 4789 2105 4843 hacte-

467 4893 579 4929 nus
610 4876 816 4929 fuisset
846 4877 905 4929 in
940 4874 1271 4930 deliniendo
1313 4876 1663 4945 patriarcha,
1710 4877 2105 4947 omnibusque

468 4964 680 5018 ofﬁciis
700 4964 1085 5019 eblandiendo
1110 4969 1175 5019 ut
1202 4964 1405 5018 mitius
1429 4981 1594 5033 agere
1625 4982 1823 5019 secum
1846 4965 2020 5021 vellet
2048 4972 2104 5020 et

467 5051 859 5106 anathematis
909 5051 1108 5122 injeeli
1157 5051 1455 5107 vinculum
1508 5052 1747 5119 solvere,
1795 5059 2101 5123 postquam

469 5138 881 5193 animadvertit
910 5156 971 5193 se
989 5140 1135 5193 nihil
1168 5140 1445 5209 proficere
1468 5140 1911 5210 desperavitque
1935 5140 2103 5211 plane

471 5225 770 5280 meliorem
803 5226 861 5279 in
896 5232 1197 5297 posterum
1232 5242 1569 5280 successum
1603 5228 1899 5297 petitionis
1931 5229 2102 5284 istius

465 5329 611 5380 suae,
652 5330 927 5368 conversa
972 5314 1360 5368 veliﬁcatione
1399 5314 1771 5368 vehementer
1811 5316 1864 5368 in
1910 5318 2103 5371 consi-

467 5399 614 5453 lium
649 5400 919 5455 incubuit
946 5402 1075 5469 ejus
1122 5400 1281 5453 omni
1315 5401 1538 5454 ratione
1570 5404 1895 5457 amovendi.
1930 5405 1990 5457 Ei
2021 5406 2101 5458 rei

471 5489 942 5556 praemuniendae,
977 5488 1189 5559 saepius
1221 5490 1551 5543 convocatis
1582 5507 1879 5546 sacrorum
1913 5494 2104 5562 praesi-

471 5575 665 5644 dibus,
691 5582 1025 5632 centestans
1057 5577 1380 5647 exponebat
1401 5579 1701 5648 angustias
1724 5580 1940 5651 quibus
1965 5598 2104 5637 con-

473 5661 847 5731 ﬂictaretur,«
865 5666 1019 5719 inter
1038 5665 1173 5720 hinc
1198 5664 1433 5739 quidem
1451 5672 1721 5736 urgentes
1737 5668 2093 5725 ineluctabili

2212 4706 2335 4755 tum
2368 4719 2400 4755 a
2430 4702 2649 4757 caeteris
2682 4701 2943 4756 animum
2969 4703 3350 4773 requirerent,
3384 4717 3449 4757 ac
3471 4699 3556 4754 vel
3590 4700 3673 4755 sic
3707 4700 3799 4753 vix
3822 4718 3856 4755 a

2212 4794 2507 4859 satagente
2528 4790 2980 4862 connitenteque
3002 4797 3175 4863 prout
3194 4789 3855 4862 oportebatexpediren-

2212 4884 2327 4945 tur,
2377 4878 2512 4933 inde
2556 4883 2751 4933 autem
2801 4881 3131 4934 obstantem
3172 4879 3454 4934 duritiam
3505 4878 3851 4949 patriarcha

2214 4966 2587 5037 impedientis
2620 4983 2681 5021 se
2705 4984 2769 5021 ac
2801 4968 2967 5038 quasi
2992 4968 3378 5023 constrictum
3401 4966 3686 5021 trahentis
3706 4966 3855 5020 diris

2210 5054 2457 5108 vinculis
2500 5055 2889 5110 anathematis
2922 5056 3165 5110 infandi.
3199 5056 3650 5110 Considerarent
3682 5056 3801 5108 hac
3838 5095 3852 5121 ,

2211 5146 2267 5197 et
2293 5142 2556 5197 viderent
2579 5160 2647 5196 an
2682 5161 2797 5197 non
2822 5149 2979 5198 esset
3000 5144 3222 5214 sequius
3245 5143 3438 5198 venire
3466 5143 3627 5214 ipsos
3650 5158 3853 5196 secum

2212 5230 2268 5283 in
2303 5234 2525 5300 partem
2559 5230 2975 5287 sollicitudinis
3007 5231 3277 5303 publicae,
3326 5231 3708 5302 improbanda
3740 5231 3855 5285 ista

2212 5320 2621 5390 intempestiva
2652 5321 2990 5391 pertinacia.
3022 5320 3435 5388 Patriarcham,
3462 5321 3630 5390 cujus
3654 5324 3857 5374 essent

2214 5413 2406 5477 partes
2438 5408 2716 5463 adhibere
2746 5410 3104 5464 curationem
3141 5409 3355 5480 lapsis,
3387 5409 3730 5463 obﬁrmasse
3762 5410 3854 5462 in-

2216 5495 2546 5551 ﬂexibiliter
2566 5498 2829 5551 animum
2863 5498 2920 5551 in
2946 5498 3354 5568 prosecutione
3376 5498 3617 5552 alterius
3644 5498 3852 5551 harum

2214 5585 2463 5638 duarum
2480 5601 2696 5651 rerum,
2723 5590 2825 5640 aut
2851 5590 2914 5640 ut
2935 5590 3250 5657 reponatur
3271 5588 3328 5640 in
3354 5587 3601 5657 priorem
3628 5591 3851 5639 statum

2213 5673 2268 5727 id
2303 5673 2455 5744 quod
2490 5690 2616 5728 meo
2649 5678 2881 5745 peccato
2908 5679 3198 5729 mutatum
3223 5680 3345 5747 est;
3380 5681 3479 5729 aut
3508 5675 3563 5728 ni
3588 5674 3696 5729 hoc
3722 5674 3849 5742 ﬁat,
