4162 6292
413 385 519 439 697

1464 392 1561 446 ΒΕ
1598 390 1967 447 MICHAELB
2004 386 2448 445 PALEOLOGO
2484 390 2615 444 LIB.
2656 393 2752 444 IV.

3696 386 3806 441 698

414 507 473 564 ἐκ
502 507 894 587 προαιρέσεως,
934 510 962 562 ὁ
1020 508 1076 564 δὲ
1128 506 1221 565 καὶ
1269 510 1360 565 τὸν
1409 510 1458 581 ἐξ
1512 511 1678 567 αὐτοῦ
1732 511 2056 585 νυττόμενον
2084 514 2139 581 Α
2170 510 2447 587 βασιλείας
2476 515 2566 567 καὶ
2620 511 2925 586 ἷδιωτισμῷ
2961 513 3192 586 μετιέναι
3235 513 3296 566 τὸ
3328 509 3579 587 ἔγκλημα
3613 510 3808 587 βούλε-

414 601 493 668 τῷ
523 597 764 672 γνησίως
821 603 1173 671 μεταγνῶναι,
1205 597 1295 653 καὶ
1350 601 1448 669 τὴν
1496 599 1772 675 θεραπείαν
1822 598 2063 664 ἐκτόπως

418 684 651 748 θέλοντα
701 683 978 760 δέχεσθαι,
1009 683 1101 741 κᾶν
1146 690 1472 763 Μυστῆρσιν
1523 687 1892 761 οἷκονομοῖτο,
1924 688 2064 743 ἐκεῖ-

416 794 510 836 νος
572 774 891 841 ἀπωθεῖται,
946 774 1035 828 καὶ
1114 778 1193 847 τῷ
1254 780 1589 850 μεταγνῶναι
1644 775 1705 831 τὰ
1761 775 2063 850 ἀπογνῶναι

420 860 670 936 συνείρει,
708 862 781 923 ὡς
841 867 1085 935 κρεῖττον
1141 862 1199 916 ’ὃν
1259 865 1334 935 μὴ
1380 869 1713 937 μεταγνῶναι
1747 863 1782 933 ἤ
1813 869 2063 939 απογνῶ-

417 971 503 1004 ναι
540 948 871 1024 μεταγνόντα
906 968 919 981 ·
952 949 1014 1003 τὸ
1047 950 1141 1020 μὲν
1196 949 1301 1025 γὰρ
1362 950 1686 1026 ἀναλγησίαν
1744 956 2060 1027 κατηγορεῖ,

416 1039 479 1092 τὸ
511 1036 554 1092 δ’
590 1034 867 1091 ἀπώλειαν
902 1036 1277 1106 αἰωνίζουσαν.
1310 1038 1479 1095 Αὐτὸν
1511 1040 1606 1113 μὲν
1648 1038 1735 1094 οὖν
1784 1040 1874 1093 καὶ
1922 1038 2060 1095 πολ-

420 1126 579 1187 λάκις
608 1124 979 1201 προσελθόντα
1011 1126 1446 1195 ἀποπέμπεσθαι,
1478 1128 1567 1183 καὶ
1624 1132 1886 1196 ζητοῦντα
1932 1126 2061 1189 τοὺς

420 1215 656 1289 τρόπους
687 1221 785 1282 τῆς
813 1212 1049 1287 ἰατρείας
1084 1216 1193 1289 οὐχ
1240 1213 1388 1277 ὅπως
1435 1210 1757 1287 λαμϐάνειν,
1790 1214 1936 1271 ἆλλά
1972 1219 2060 1271 καὶ

417 1300 937 1369 προσονειδίζεσθαι,
969 1302 1058 1356 καὶ
1115 1301 1273 1365 τέλος
1328 1299 1480 1357 οὐδὲν
1534 1302 1675 1358 ἄλλο
1705 1306 2059 1369 πυνθάνεσθαι

411 1390 559 1458 πλὴν
620 1392 680 1444 τὸ
738 1390 978 1464 ἀνάγκην
1033 1392 1159 1445 εἶναι
1208 1393 1269 1444 τὸ
1316 1396 1531 1467 τραῦμα
1583 1393 1785 1467 ἰᾶσθαι,
1817 1394 1965 1457 ὅπως
2015 1380 2059 1449 δ’

416 1478 552 1551 ίῷτο
590 1481 664 1551 μὴ
703 1480 1011 1551 μανθάνειν,
1044 1477 1191 1533 ἀλλὰ
1241 1480 1377 1555 πρὸς
1423 1482 1485 1535 τὸ
1534 1481 1786 1556 πράττειν
1831 1483 2061 1560 προτρέ-

410 1578 606 1630 πεσθαι
658 1564 829 1637 μηδὲν
891 1564 1073 1621 εἷδότα
1128 1572 1236 1621 τῶν
1270 1568 1521 1641 πράττειν
1556 1568 1955 1646 ὀφειλομένων,
1987 1572 2061 1626 εί-

412 1675 499 1709 ναι
535 1652 581 1708 δ’
619 1655 939 1709 ὑποπτεύειν
986 1656 1047 1709 τὸ
1104 1661 1206 1709 πᾶν
1256 1656 1486 1730 χλεύην.
1518 1659 1655 1731 ’Ὡρα
1706 1663 1834 1733 γοῦν
1887 1656 2057 1715 δεδοι-

412 1746 563 1798 κὲναι
620 1746 694 1816 μή
740 1765 793 1798 τι
849 1744 936 1799 καὶ
991 1743 1320 1820 πράττοντος
1389 1744 1589 1809 ἐκεῖνος
1661 1744 2056 1821 ἀναλαμϐάνων

412 1833 475 1886 τὸ
533 1830 807 1925 ἔγκλημα,
842 1833 916 1897 ὡς
979 1831 1206 1905 μηδενὸς
1259 1833 1554 1909 αὐτάρκους
1611 1836 1926 1909 γενομένου,
1977 1838 2051 1911 μὴ
2084 1861 2129 1925 Β

411 1918 797 1995 καταδέχοιτο,
848 1920 937 1975 καὶ
990 1920 1131 1976 οὕτω
1172 1920 1398 1983 πονὲσας
1457 1923 1691 1994 ἀνήνυτα
1746 1926 2049 1999 γνώσομαι.

534 2005 576 2028 δ’

410 2010 477 2064 ..Ο
532 2007 576 2062 δ’
662 2007 690 2026 εγ
853 2008 866 2028 \
942 2010 965 2062 ἑ
1096 2010 1107 2029 ι
1308 2008 1339 2064 λ
1422 2012 1436 2063 ί
1610 2013 1623 2029 τ
1714 2010 1727 2030 ι
2005 2013 2016 2033 π

632 2030 723 2062 ουν
779 2030 869 2063 και
974 2030 1188 2086 μφαινει
1264 2032 1304 2064 π
1347 2032 1413 2084 αγ
1445 2032 1540 2079 ως,
1599 2033 1919 2077 ακουσαντες
1992 2018 2048 2068 ἂν

414 2094 673 2173 διαγνῶτε
700 2097 765 2167 ἢν
818 2097 965 2160 ὅλως
1022 2098 1306 2175 συμφέροι.
1342 2101 1421 2171 [Ρ.
1458 2102 1579 2173 171]
1614 2100 1894 2157 Ἀποθὲσιι
1951 2103 2049 2180 γὰρ

414 2297 558 2351 mihi
588 2313 789 2353 omnes
813 2311 949 2369 spes
982 2297 1264 2353 redeundi
1295 2314 1558 2369 unquam
1588 2300 1659 2353 ad
1690 2301 2051 2356 communio-

416 2402 550 2440 nem
614 2385 877 2441 Ecclesiaa
928 2385 1275 2441 inexorabili
1334 2388 1639 2442 severitate
1685 2389 2051 2458 praecidatur.

417 2474 616 2543 Atqui,
640 2479 701 2529 ut
731 2491 828 2531 vos
860 2492 960 2546 pro
992 2480 1185 2530 vestra
1206 2475 1519 2545 prudentia
1544 2476 1771 2547 videtis,
1802 2476 2050 2534 alterum

421 2562 654 2633 quidem
678 2562 919 2618 istorum
946 2564 1067 2618 ﬁeri
1094 2580 1208 2618 non
1241 2568 1433 2634 potest
1458 2585 1471 2632 ;
1494 2563 1739 2620 alterum
1772 2582 2049 2637 perquam

416 2650 803 2706 inhumanum
836 2655 926 2707 est
956 2655 1012 2707 et
1045 2652 1116 2706 ab
1146 2650 1403 2707 Ecclesia
1435 2652 1770 2707 maternain
1803 2671 1943 2710 suos
1965 2654 2051 2709 in-

417 2738 718 2810 dulgentia
756 2740 905 2797 252
950 2739 1199 2795 maxime
1239 2739 1576 2795 abborrens.
1617 2740 1748 2795 Veri
1806 2743 2053 2813 pastoris

417 2833 475 2883 et
505 2828 922 2901 providipatris
953 2845 1171 2883 munus
1193 2829 1381 2883 fuerat
1410 2828 1630 2885 hortari
1659 2830 1730 2884 ad
1762 2831 2052 2903 poeniten-

412 2917 579 2988 tiam,
602 2922 659 2973 et
684 2918 835 2973 viam
877 2916 1183 2973 ostendere
1224 2917 1538 2988 aberranti,
1588 2917 1892 2990 calcarque
1952 2921 2055 2976 ad-

413 3007 570 3076 dere,
602 3011 665 3062 ut
696 3007 764 3061 ad
798 3007 981 3061 Deum
1018 3007 1362 3077 frugemque
1393 3006 1625 3073 rediret,
1660 3007 1835 3062 etiam
1882 3026 2051 3065 suam

410 3094 707 3150 miseriam
735 3112 849 3149 non
876 3093 1173 3164 sentienti,
1205 3092 1639 3165 negligentique
1666 3112 1730 3150 ac
1751 3098 2048 3167 respuenti

410 3187 705 3243 obstinata
726 3186 1095 3243 contumacia
1124 3186 1467 3241 remedium.
1490 3186 1594 3241 llle
1624 3190 1815 3243 autem
1851 3205 1937 3244 me
1960 3189 2047 3244 ul-
2079 3156 2121 3221 C

405 3278 498 3332 tro
530 3276 906 3331 damnantem
939 3275 1437 3345 detestantemque
1468 3274 1656 3331 scelus
1679 3292 1897 3341 meum,
1932 3294 2057 3334 me-

412 3365 773 3421 omniaveraa
792 3364 1144 3436 paenitentis:
1168 3364 1337 3435 signa
1350 3364 1744 3429 exhibentem,
1769 3381 1859 3420 me
1881 3367 2053 3422 etiam

416 3458 592 3524 atque
621 3452 795 3507 etiam
830 3456 1161 3523 poscentem
1193 3469 1391 3521 pmnas
1423 3451 1563 3506 mihi
1590 3452 1808 3523 imponi
1832 3453 2053 3508 saluta-

419 3558 510 3596 res
569 3558 659 3595 me
713 3540 994 3612 patientia
1042 3540 1288 3594 obnoxia
1354 3540 1721 3610 proﬁtentem
1777 3541 2052 3596 sectionis

418 3645 651 3703 quoque
682 3633 739 3684 et
757 3627 1007 3684 ustionis
1031 3629 1281 3683 austeris
1302 3628 1625 3682 subeundis
1650 3629 2051 3685 curationibus

415 3723 709 3790 paratum,
744 3717 932 3788 rejicit
960 3722 1137 3788 atque
1169 3720 1514 3788 aspernatur
1541 3721 1758 3784 tamen,
1782 3722 1839 3773 et
1870 3718 2050 3789 culpas

414 3812 712 3878 utcunque
768 3824 799 3860 a
845 3805 1223 3877 resipiscente
1267 3806 1556 3859 damnata:
1633 3806 2049 3862 conscientiam

412 3913 643 3966 aequum
678 3898 875 3950 censet
906 3900 1164 3950 extrema
1200 3894 1601 3964 desperatione
1632 3895 2046 3966 constringere.

412 3985 552 4040 Mihi
582 4001 715 4041 vero
748 3984 942 4039 minus
964 3981 1185 4039 malum
1213 3983 1528 4054 minusque
1558 3984 1796 4038 noxium
1820 3983 2050 4039 videtur

411 4091 525 4128 non
557 4090 870 4146 agnoscere
888 4074 1119 4144 culpam
1147 4072 1659 4144 propriam,quam
1684 4073 1806 4141 ejus
1830 4073 2046 4145 impro-

411 4164 555 4217 batze
606 4167 999 4233 revocataeque
1036 4161 1266 4217 veniam
1316 4162 1641 4232 desperare.
1693 4161 1860 4216 Prius
1888 4162 2043 4217 enim

408 4250 553 4305 illud
587 4250 862 4306 duritiam
885 4250 1074 4306 solum
1099 4250 1293 4321 arguit
1313 4249 1457 4305 alias
1484 4250 1909 4305 emendabilem
1936 4251 2045 4305 im-

408 4339 743 4409 pmnitenlis
794 4339 853 4393 in
903 4354 1161 4409 praesens
1214 4338 1394 4407 animi
1440 4354 1452 4393 :
1503 4337 1610 4393 hoc
1651 4339 1940 4409 posterius
1989 4339 2045 4393 in

408 4433 635 4483 aeternae
666 4427 866 4498 utique
896 4426 1293 4481 damnationis
1314 4426 1552 4481 exitium
1583 4426 1916 4482 inevitabile
1947 4429 2045 4482 de-

2166 622 2274 656 ται.
2309 604 2404 673 Τῴ
2434 599 2510 671 δὲ,
2545 600 2589 674 ᾧ
2638 606 2694 657 ἃν
2740 602 2827 656 καὶ
2884 602 3187 676 συνενέγκοι
3241 605 3477 669 σκοπῶν,
3512 598 3626 655 οὐδ’
3659 599 3803 662 ὅλως

2168 687 2415 763 εὑρίσκω.
2450 689 2573 746 Ἐπὶ
2634 690 2727 762 μὲν
2779 688 2867 743 οὖν
2926 695 3041 753 τοῖς
3088 694 3315 756 κοινοῖς,
3345 688 3561 752 αὐτόθεν
3611 685 3803 755 δῆλον,

2166 777 2254 831 καὶ
2307 775 2457 831 οὐδὲν
2518 775 2599 833 δεῖ
2654 778 2968 853 ἐρωτῶντας
3029 780 3312 851 μανθάνειν
3350 795 3362 809 ·
3395 778 3457 832 τὸ
3514 778 3612 853 γὰρ
3676 778 3801 851 μήτ’

2168 863 2367 919 ἐκείνου
2400 863 2515 919 σ’ίου
2544 867 2593 920 τ’
2622 861 2776 927 ὄντος
2824 867 2890 920 τὰ
2934 868 3225 943 πράγματα
3275 864 3522 933 διοικεῖν,
3553 865 3644 919 καὶ
3698 887 3803 938 μη-

2167 950 2224 1008 δὲ
2251 948 2557 1026 συμϐάντος
2588 955 2860 1026 ἐκστῆναι,
2894 955 2966 1017 ὡς
2998 956 3132 1030 μὲγα
3172 976 3224 1009 τι
3262 957 3361 1024 τήν
3414 953 3646 1029 ἐρημίαν
3708 953 3805 1009 λο-

2165 1041 2427 1116 γίζεσθαι,
2463 1039 2614 1097 οὐδὲν
2666 1041 2789 1098 ἀλλ’
2825 1045 2859 1114 ἢ
2904 1032 3193 1114 ζητοῦν-ξος
3248 1044 3401 1116 οἶμαι
3448 1042 3630 1097 κοινὸν
3687 1038 3803 1097 ὄλε-

2167 1140 2290 1205 θρον
2343 1131 2431 1183 καὶ
2488 1131 2755 1205 Τελχῖνος
2796 1131 2998 1207 τρόπον
3044 1129 3567 1205 ἐνδεικνυμένου.“0
3601 1129 3657 1185 δὲ
3714 1129 3801 1185 καὶ

2168 1216 2378 1290 μᾶλλον
2415 1217 2779 1297 διαφερόντως
2810 1225 2914 1274 τῶν
2954 1218 3139 1274 ἄλλων
3194 1221 3415 1275 ἅπτεται
3469 1224 3574 1274 τῶν
3631 1220 3801 1293 ἐμῶν,

2168 1307 2373 1383 μακρὰν
2426 1306 2484 1362 ἂν
2542 1310 2641 1377 τὴν
2701 1306 3049 1384 δημηγορίαν
3098 1306 3371 1363 κατέτεινα
3417 1307 3499 1377 ἂν,
3531 1307 3596 1377 ἢν
3663 1310 3801 1384 μήγε

2162 1396 2248 1450 καὶ
2280 1395 2369 1471 ἀφ’
2398 1397 2514 1457 ἐνὸς
2550 1397 2716 1469 μόνου
2749 1397 2863 1458 οἷός
2906 1398 2953 1449 τ’
2981 1398 3049 1465 ἧν
3097 1402 3356 1470 παριστᾷν
3416 1400 3511 1466 τὴν
3563 1392 3797 1472 βλάϐην.

2162 1487 2225 1539 Τί
2274 1484 2373 1558 γάρ
2405 1485 2618 1556 μοικαὶ
2668 1485 2925 1560 ἐχέγγυον
2973 1489 3067 1540 τοῦ
3121 1484 3176 1539 δέ
3224 1483 3371 1547 αὖθις
3429 1486 3798 1561 ἀπραγμόνως

2168 1575 2361 1647 βιῶσαι
2392 1574 2740 1647 καταθεμένῳ
2787 1574 2886 1642 τήν
2920 1572 3159 1644 ἐξουσίαν
3188 1594 3201 1643 ;
3233 1574 3292 1627 Τί
3333 1572 3387 1628 δὲ
3437 1576 3649 1648 γυναικὶ
3709 1574 3798 1627 καὶ

2162 1662 2316 1714 παισὶ
2378 1661 2631 1732 μᾶλλον;
2668 1664 2750 1723 οἷς
2808 1660 2867 1715 ἂν
2921 1662 3189 1736 παρευθὺς
3244 1667 3437 1736 μοῖραν
3497 1659 3799 1735 ἐφεδρεύειν

2162 1748 2365 1822 ἀνάγκη
2389 1751 2453 1817 ἧς
2482 1748 2509 1803 ὁ
2537 1751 2719 1825 τυχὼν
2749 1750 2809 1804 οὐ
2843 1752 3151 1826 γηθήσειεν.
3182 1750 3341 1824 Ἐμοὶ
3399 1750 3493 1823 μὲν
3554 1748 3644 1804 οὖν
3707 1750 3803 1805 οὐκ

2162 1832 2301 1891 ἔστιν
2361 1833 2722 1914 ἀμφισϐητεῖν
2773 1837 2962 1910 ἐκείνῳ
3019 1846 3117 1908 τῆς
3172 1845 3542 1911 πνευματικῆς
3570 1837 3797 1911 ἷόμοσῦ-

2161 1946 2277 1997 νης,
2310 1923 2403 1978 κᾶν
2438 1924 2467 1978 ὅ
2494 1947 2546 1979 τι
2571 1925 2786 1980 κελεύοι
2820 1945 2832 1959 ⁶
2864 1922 2999 1989 τέως
3031 1925 3076 1981 δ’
3118 1925 3168 1982 ἐν
3214 1926 3428 1989 τούτοις
3484 1925 3699 1982 πολλοῦ
3735 1950 3798 2003 γε

2163 2009 2267 2067 δέω
2325 2019 2718 2071 ποοσεπαινεῖν.
2753 2019 2862 2068 Ποῦ
2917 2016 3016 2088 γὰρ
3060 2015 3146 2069 καὶ
3207 2015 3311 2069 τίνι
3372 2016 3491 2070 ποτ’
3542 2014 3677 2078 ἔθνει
3734 2016 3796 2070 τὸ

2159 2107 2405 2158 τοιοῦτον
2446 2098 2830 2174 ἔϐλαστε;καὶ
2880 2103 2955 2166 εἷς
2999 2103 3051 2158 τί
3107 2102 3448 2179 παράδειγμα
3498 2104 3715 2177 βλέπων
3766 2107 3793 2159 ὁ

2167 2301 2215 2356 si
2272 2300 2425 2356 ultro
2471 2300 2776 2374 aggrediar
2830 2301 3164 2357 satisfacere
3212 2319 3314 2373 pro
3372 2301 3633 2369 crimine,
3694 2301 3793 2356 ubi

2163 2388 2349 2445 multa
2376 2390 2733 2461 impendero,
2758 2389 2945 2445 multa
2963 2394 3259 2445 tentavero
3292 2389 3543 2445 multum
3575 2391 3796 2445 sudans

2163 2482 2471 2554 nitensque
2518 2482 2575 2536 in
2617 2481 2852 2537 sceleris
2901 2484 3288 2555 expiationem
3342 2482 3453 2538 mei
3504 2500 3796 2555 peregero,

2163 2570 2313 2625 haud
2339 2587 2405 2626 ea
2433 2574 2627 2626 tamen
2662 2570 2756 2626 ille
2785 2571 2928 2626 satis
2952 2572 3219 2643 accipiat,
3244 2572 3444 2642 sicque
3467 2572 3795 2626 contentio-

2160 2676 2262 2713 nes
2295 2675 2383 2714 me
2428 2658 2558 2713 illas
2608 2675 3017 2729 erumnasque
3073 2658 3396 2731 perdidisse
3444 2664 3676 2731 spretus
3727 2660 3797 2713 ad

2160 2751 2483 2801 extremum
2505 2764 2568 2801 ac
2586 2745 2855 2816 repulsus
2873 2746 3120 2801 sentiam
3142 2748 3393 2801 ?Audite
3416 2751 3608 2803 autem
3628 2752 3797 2819 etpro

2158 2839 2352 2889 vestra
2382 2833 2668 2904 sapientia
2690 2834 2974 2889 aestimate
2996 2834 3165 2903 quale
3194 2836 3271 2890 sit
3300 2840 3357 2890 et
3383 2836 3586 2904 ecquid
3619 2853 3796 2908 expe-

2160 2922 2283 2977 diat
2322 2922 2680 2994 reipublicae,
2711 2924 2864 2994 quod
2903 2939 3003 2995 per
3049 2924 3195 2978 istas
3239 2925 3518 2995 ambages
3564 2924 3801 2995 obliquo

2161 3009 2312 3065 253
2344 3009 2554 3065 innuit.
2588 3008 2995 3077 Videturivelle
3018 3026 3109 3064 me
3131 3008 3488 3080 depositione
3510 3011 3800 3082 principa-

2161 3102 2254 3152 tus
2268 3102 2324 3152 et
2350 3098 2536 3152 reditu
2569 3097 2640 3152 ad
2667 3098 3155 3168 vitamiprivatam
3178 3097 3407 3169 expiare
3426 3098 3619 3154 scelus
3643 3101 3797 3170 quod

2162 3187 2433 3243 conscivi.
2468 3189 2529 3241 In
2560 3186 2669 3242 hoc
2700 3186 2799 3242 ille
2822 3187 2961 3259 quid
2988 3192 3294 3259 spectet,et
3326 3188 3382 3241 in
3408 3204 3577 3259 quem
3606 3192 3799 3245 trans-

2161 3277 2309 3333 ferre
2340 3276 2551 3349 cogitet
2580 3276 2972 3348 principatum
3008 3277 3149 3331 mihi
3172 3281 3455 3348 ereptum,
3491 3278 3798 3333 commini-

2161 3365 2243 3420 sci
2269 3366 2536 3436 equidem
2569 3382 2810 3437 nequeo.
2845 3367 3075 3431 Quanta
3119 3382 3287 3436 porro
3338 3383 3630 3437 quamque
3663 3385 3795 3439 per-

2160 3453 2382 3508 niciosa
2430 3454 2564 3507 inde
2616 3453 2761 3507 foret
2807 3454 3032 3509 oritura
3078 3455 3463 3525 perturbatio,
3509 3455 3796 3526 subjicere

2160 3543 2273 3597 sibi
2295 3543 2546 3613 quisque
2563 3543 3086 3613 circumspiciendo
3101 3548 3312 3598 cuncta
3329 3546 3796 3614 potest,utalium

2160 3631 2425 3686 consulat
2457 3632 2772 3687 neminem.
2799 3631 2941 3687 Cum
2972 3629 3127 3685 enim
3162 3631 3259 3686 ille
3289 3632 3379 3686 cui
3409 3631 3794 3689 interversum

2157 3719 2466 3792 imperium
2520 3720 2851 3791 patriarcha
2891 3721 3021 3789 jure
3062 3720 3345 3790 queritur,
3378 3738 3482 3776 nec
3521 3738 3625 3792 per
3654 3727 3793 3777 teta-

2157 3816 2269 3863 tem
2301 3811 2404 3863 aut
2432 3807 2847 3879 experientiam
2880 3825 2981 3878 par
3025 3810 3101 3863 sit
3132 3809 3269 3863 moli
3321 3810 3565 3864 ferendae
3597 3810 3790 3881 publi-

2156 3914 2355 3952 carum
2378 3914 2597 3966 rerum,
2629 3898 3021 3967 praitereaque
3053 3896 3110 3950 in
3144 3896 3532 3951 calamitatem
3570 3899 3791 3953 incide-

2155 3986 2229 4040 rit
2260 4003 2391 4040 cum
2426 3984 2916 4039 immedicabilem
2965 3989 3092 4038 tum
3140 3985 3398 4039 omnimo
3430 3985 3628 4055 talem,
3663 4005 3787 4057 quae

2157 4080 2219 4129 ut
2268 4073 2499 4129 abunde
2539 4077 2749 4127 cuncta
2787 4076 2991 4127 caetera
3040 4077 3436 4144 suppeterent,
3475 4090 3703 4129 omnem
3738 4077 3788 4131 ei

2155 4178 2393 4233 prorsus
2424 4160 2758 4215 facultatem
2790 4177 2856 4215 ac
2888 4160 3002 4214 vim
3034 4161 3251 4215 adimat
3282 4161 3645 4231 principatus
3682 4181 3789 4217 un-

2154 4267 2327 4321 quam
2360 4250 2887 4321 quomodocunque
2918 4249 3221 4319 fungendi,
3244 4250 3387 4304 satis
3421 4253 3578 4319 patet
3608 4268 3785 4321 quam

2155 4338 2477 4410 perniciose
2507 4336 2773 4392 consulat
2820 4336 3172 4408 reipublicae,
3204 4337 3305 4408 qui
3350 4354 3442 4394 me
3474 4344 3667 4394 amoto
3701 4357 3789 4394 re-

2152 4430 2436 4498 dactoque
2461 4426 2519 4481 in
2569 4425 2832 4481 ordinem
2879 4425 3070 4479 solum
3119 4425 3298 4480 istum
3331 4430 3385 4480 et
3434 4426 3784 4481 destitutum

408 4516 592 4570 trudit
640 4520 988 4586 pecatorem.
1039 4515 1321 4585 Expertus
1388 4498 1599 4570 omnia.
1632 4515 1751 4570 hac
1812 4531 2042 4585 queror.
2075 4512 2120 4575 D
2153 4533 2260 4587 ope
2289 4515 2521 4587 collegae
2544 4515 2810 4570 universo
2841 4530 3033 4568 rerum
3060 4514 3318 4569 omnium
3340 4514 3609 4585 regimini
3642 4532 3785 4586 prie.

405 4604 559 4660 Nihil
593 4621 705 4659 non
738 4605 972 4660 tentavi.
1023 4603 1187 4660 Adivi
1231 4604 1473 4673 supplex
1517 4605 1905 4675 patriarcham
1938 4624 2042 4660 SIB-

406 4692 576 4763 pius;
610 4692 779 4747 toties
810 4692 1061 4759 rejectus
1087 4708 1241 4746 sum.
1277 4692 1489 4762 Rogavi
1546 4696 1610 4746 ut
1642 4691 1784 4746 mihi
1813 4692 2045 4747 satisfa-

406 4781 615 4836 ctionis
648 4781 858 4835 modus
880 4780 1387 4851 praescriberetur:
1425 4796 1538 4834 non
1582 4781 1753 4834 modo
1786 4797 1899 4834 non
1932 4781 2045 4834 im-

409 4869 647 4939 petravi,
701 4869 800 4923 sed
843 4868 1053 4923 acriter
1101 4869 1445 4938 increpitus,
1478 4868 1578 4922 sed
1624 4869 2042 4927 contumeliose

407 4957 751 5027 objurgatus
783 4943 934 5020 sum,
970 4971 1002 5008 a
1027 4971 1141 5009 non
1172 4954 1328 5009 aliud
1358 4954 1601 5009 extremi
1631 4957 1895 5025 responsi
1918 4958 2041 5013 loco

406 5046 475 5099 ad
512 5045 682 5100 finem
707 5044 1036 5113 adjiciente,
1061 5044 1173 5099 nisi
1198 5060 1433 5099 necesse
1454 5059 1581 5098 esse
1596 5045 1783 5099 curari
1805 5046 2038 5113 vulnus,

406 5150 531 5202 quae
586 5137 783 5187 autem
833 5134 884 5187 ei
935 5133 1122 5204 possit
1165 5130 1288 5186 ﬁeri
1342 5132 1652 5201 medicina,
1680 5149 1742 5188 se
1792 5136 2035 5190 nescire.

402 5221 920 5276 Verumenimvero
952 5238 1021 5274 an
1046 5237 1159 5274 non
1184 5220 1409 5275 irrideri
1436 5237 1495 5275 se
1513 5223 1764 5291 superbo
1786 5220 2038 5278 ludibrio

402 5308 497 5363 ille
522 5309 658 5378 jure
689 5308 1051 5379 suspicaretu
1066 5308 1212 5374 r,cui
1230 5309 1550 5362 suadeatur
1570 5313 1626 5363 et
1645 5313 1917 5378 tanquam
1939 5329 2037 5366 ne-

403 5397 725 5452 cessarium
760 5396 1170 5466 praescribatur
1208 5396 1435 5451 efﬁcere
1483 5395 1721 5467 aliquid,
1755 5402 1811 5452 et
1841 5404 2035 5455 tamen

404 5501 517 5553 quo
549 5484 605 5536 id
632 5486 801 5538 modo
823 5500 1007 5555 quave
1024 5484 1247 5538 ratione
1270 5489 1445 5554 queat
1467 5485 1683 5554 suscipi
1705 5502 1770 5540 ac
1798 5487 2033 5555 perduci

403 5573 473 5626 ad
524 5570 764 5640 exitum,
816 5572 941 5642 ipse
987 5571 1087 5641 qui
1136 5573 1307 5641 jubet
1337 5572 1603 5643 ignorare
1652 5590 1712 5629 se
1744 5577 2035 5631 testetur?

402 5661 936 5731 Nonnehincjusta
950 5677 1129 5716 causa
1147 5662 1292 5716 mihi
1311 5660 1663 5733 relinquitur
1680 5663 1923 5719 timendi
1940 5682 2032 5735 ne,

2155 4605 2329 4661 ficiat.
2364 4606 2475 4659 Hoc
2505 4604 2661 4658 enim
2695 4602 2835 4673 quid
2866 4607 3023 4656 esset
3054 4602 3209 4656 aliud
3244 4618 3419 4673 quam
3452 4604 3508 4657 in
3543 4603 3783 4658 exitium

2151 4692 2540 4748 certissimum
2565 4696 2774 4745 cuncta
2799 4690 3096 4759 projicere,
3130 4706 3194 4744 ac
3224 4691 3356 4745 mali
3391 4691 3671 4746 daemonis
3696 4692 3785 4744 in-

2149 4780 2399 4835 videntis
2431 4779 2604 4833 rebus
2637 4778 2782 4832 bene
2813 4776 3146 4832 constitutis
3178 4778 3428 4833 indolem
3468 4780 3735 4850 przefcrre
3760 4779 3786 4832 ?

2150 4869 2308 4922 Idem
2341 4867 2447 4921 hoc
2468 4871 2637 4937 porro
2669 4864 2980 4921 consilium
3032 4882 3209 4936 quam
3244 4866 3388 4921 meis
3420 4867 3659 4937 privatis
3690 4884 3784 4921 ra-

2149 4957 2408 5012 tionibus
2432 4960 2647 5023 status,
2666 4956 2854 5025 famis,
2880 4954 3088 5009 salutis
3111 4955 3361 5026 capitale
3382 4962 3558 5025 atque
3576 4958 3779 5013 imma-

2150 5046 2298 5100 niter
2328 5045 2601 5098 infestum
2635 5044 2730 5112 sit,
2772 5043 3107 5097 distinctius
3154 5059 3561 5111 exsequererer
3608 5047 3783 5120 longa

2148 5133 2407 5189 oratione
2437 5132 2665 5203 singula
2697 5130 3110 5198 enumerando,
3135 5131 3247 5185 nisi
3280 5136 3460 5186 totam
3498 5133 3778 5193 latissime

2148 5222 2402 5293 patentis
2424 5220 2650 5290 injurire
2674 5219 2973 5290 perciciem
2995 5218 3151 5274 brevi
3171 5236 3399 5288 possem
3433 5226 3776 5293 compendio

2146 5310 2350 5376 oculis,
2394 5310 2451 5363 in
2488 5326 2600 5363 uno
2644 5307 2823 5361 veluti
2875 5307 3216 5378 specimine,
3252 5308 3558 5375 subjicere.
3594 5311 3771 5371 Quem

2145 5400 2297 5453 enim
2333 5398 2595 5452 idoneum
2616 5396 2758 5450 mihi
2787 5396 2989 5449 vadem
3022 5395 3245 5448 dabunt
3264 5396 3576 5464 tranquille
3600 5415 3687 5453 me
3712 5418 3776 5454 ac

2145 5503 2342 5541 secure
2372 5485 2646 5555 deinceps
2671 5484 2983 5548 victurum,
3002 5486 3313 5553 postquam
3336 5483 3638 5552 imperium
3675 5488 3776 5539 ab-

2144 5576 2406 5630 dicavero
2429 5573 2621 5637 ?Quid
2655 5577 2797 5626 tunc
2829 5572 2925 5626 ﬁet
2957 5569 3143 5640 uxori,
3177 5570 3315 5641 quid
3354 5571 3495 5623 meis
3528 5571 3725 5627 liberis
3749 5576 3775 5629 ?

2143 5681 2289 5735 quos
2322 5663 2523 5733 utique
2554 5660 2853 5731 principali
2886 5658 3157 5731 delapsos
3188 5658 3415 5729 fastigio
3446 5658 3545 5715 illa
3569 5677 3773 5732 exspe-
