4158 6280
414 311 520 365 699

1712 313 2012 370 GEORGII
2051 308 2512 365 PACHYMERE

3696 294 3804 346 700

411 436 677 510 ἱεράρχης
710 436 1057 508 ἀνεμεσήτως
1088 435 1265 507 ἀξιοῦν
1297 436 1417 513 ἔχοι
1448 444 1605 492 τοῦτο
1665 437 1754 492 καὶ
1797 436 1848 491 ἐν
1882 438 2055 506 ἡμῖν;
2088 435 2139 500 Α
2171 435 2354 503 σμοῖς.
2387 427 2454 484 Τί
2512 424 2620 492 δαὶ,
2654 424 2714 479 οὐ
2771 428 2838 497 τῇ
2868 421 3162 493 Ἐκκλησία
3224 418 3476 493 μετάνοια
3532 416 3759 490 ὥρισται
3789 437 3799 485 ;

481 524 583 577 οὐκ
614 522 724 578 οἶδε
769 524 860 578 τὸν
898 526 1155 594 τοιαύτης
1213 530 1535 601 γευσάμενον
1589 528 1827 595 καθάπαξ
1888 544 2051 597 μετα-

412 606 587 681 ϐολῆς
635 614 707 684 μή
761 614 963 686 τρόπον
996 615 1127 667 εἶναι
1164 615 1576 689 μετεγκλίναντα
1628 614 1919 683 τελευτᾷν;
1954 610 2053 665 πό-

410 721 524 762 σοις
582 701 684 775 γάρ
738 698 1074 777 ἐφεδρεῦεται
1137 703 1431 775 βασιλείας
1484 704 1706 766 ὁπόσοις
1763 700 1818 756 δὲ
1875 703 1965 754 καὶ
2016 702 2051 768 ἡ

404 787 585 848 πίστις
616 786 837 860 ἔψυκται
870 787 955 841 ἐπὶ
983 792 1077 841 τοῦ
1110 791 1420 862 σχήματος,
1454 788 1768 861 σωζομένου
1826 787 1914 842 καὶ
1975 784 2050 839 ἔτι

404 880 501 931 τοῦ
561 874 850 950 βασιλέως,
912 875 1002 937 οὖς
1061 877 1149 930 καὶ
1223 880 1606 954 καθυφεικότος
1689 875 2050 949 ὡρμημένους

403 963 575 1019 πάλαι
608 964 821 1039 θαρῥεῖν
858 964 1227 1039 ἀνάγκη.-Κᾶν
1271 965 1421 1020 αὐτοὶ
1484 968 1559 1037 μή
1607 964 1773 1041 δρῴεν
1826 964 2048 1017 ἷάπτον-

403 1075 489 1115 τες
521 1050 732 1123 ἄλλως,
764 1050 912 1105 ἀλλά
962 1054 1041 1124 τῷ
1094 1053 1257 1128 γ’ἐπὶ
1317 1062 1416 1123 τῆς
1471 1055 1647 1129 ἀρχῆς
1705 1053 2047 1123 καταστάντι,

409 1142 586 1215 ὥσπερ
620 1140 942 1210 ἀντιζηλοῦν
976 1141 1139 1211 εἰκὸς,
1175 1141 1316 1197 οὕτω
1374 1145 1460 1198 καὶ
1526 1141 1652 1217 δρᾷν
1711 1142 1776 1196 τα
1804 1141 2049 1215 χείριστα

410 1230 615 1307 ῥάδιον.
642 1230 701 1282 Τί
733 1228 799 1296 δὴ
851 1231 939 1283 καὶ
989 1230 1199 1305 ἀνάγειν
1230 1231 1304 1293 εἷς
1335 1234 1433 1300 τὴν
1467 1232 1643 1306 ἀρχὴν
1679 1228 1806 1300 ἔδει,
1838 1230 1895 1282 ’ὸν
1934 1230 2047 1300 μετ’

407 1319 468 1373 οὐ
499 1315 642 1372 πολὺ
673 1317 923 1391 κατάγειν
959 1313 1239 1389 ἐϐούλετο,
1269 1321 1342 1381 ὡς
1388 1320 1647 1394 γεύσαντα
1699 1319 1857 1392 μόνον
1909 1319 2047 1371 ἀπο-

406 1411 649 1481 στερεῖν;
686 1406 862 1479 χωρὶς
891 1403 948 1459 δὲ
986 1406 1195 1460 τούτων
1250 1409 1334 1462 καὶ
1386 1409 1537 1479 Θεὸν,
1570 1406 1717 1480 εἷ’περ
1751 1407 1857 1461 τινὶ
1889 1402 2045 1477 ἄλλῳ

408 1493 668 1568 μεγίστῳ,
699 1492 789 1546 καὶ
846 1496 1162 1548 καταστάσει
1217 1493 1494 1569 βασιλείας
1546 1497 1774 1549 συνιέναι
1828 1493 2043 1547 πιστεύ-

401 1601 555 1652 ομεν.
589 1583 722 1633 Θεοῦ
753 1577 811 1633 δὲ
846 1579 1055 1653 βουλὴν
1090 1578 1369 1649 διασκεδᾷν
1423 1580 1622 1643 ἐθέλειν
1676 1582 1747 1641 ὡς
1806 1578 1850 1634 8⁸
1881 1576 2041 1632 αὔθα-

402 1667 515 1738 δες,
547 1668 621 1729 ὡς
653 1665 709 1721 δὲ
738 1667 826 1721 καὶ
863 1667 1027 1741 μέγαν
1058 1666 1187 1742 ἔχον
1216 1674 1333 1732 τοῖς
1361 1667 1609 1740 τολμῶσι
1637 1670 1727 1723 τὸν
1773 1665 2041 1722 κίνδυνον.

406 1760 588 1813 Ταῦτα
616 1757 793 1810 τοίνυν
822 1756 1252 1828 ἐνθυμουμένους
1287 1755 1367 1810 δεῖ
1394 1757 1483 1810 καὶ
1531 1757 1667 1829 ὑμᾶς
1711 1761 1789 1827 τῷ
1846 1754 2041 1826 δίκαίῳ
2074 1784 2121 1848 Β

403 1852 504 1914 τῆς
568 1842 843 1919 βασιλείας
893 1844 1279 1920 συμπράττειν,
1338 1846 1427 1899 καὶ
1489 1847 1563 1917 μή
1616 1843 1756 1899 οὕτω
1812 1864 2046 1915 καταμε-

409 1932 522 1988 λεῖν
581 1936 740 2006 ἡμῶν
792 1934 878 1988 ἐπὶ
933 1938 1190 1988 τοσοῦτον
1251 1934 1648 2009 ἀπαγχομένων
1703 1938 1818 1993 τοῖς
1893 1930 2049 2005 λογι-

404 2138 546 2202 ctat,
563 2133 666 2189 illa
682 2131 881 2188 statim
904 2133 1148 2204 excipiet
1171 2131 1300 2186 vitae
1322 2148 1470 2199 sors,
1506 2148 1622 2202 qua
1647 2132 1741 2185 vix
1770 2131 1945 2185 homo
1969 2132 2041 2185 de

404 2223 573 2294 vulgo
596 2225 907 2277 contentus
930 2221 1183 2291 degeret.
1212 2221 1343 2283 Quae
1365 2237 1469 2291 ego
1516 2221 1655 2274 dum
1683 2225 1910 2290 reputo,
1935 2220 2040 2274 elsi

408 2312 562 2367 haud
581 2310 879 2382 praefracte
901 2309 1098 2363 iverirn
1125 2308 1352 2362 inficias
1375 2308 1567 2363 inesse
1600 2308 1845 2362 fortasse
1868 2307 2042 2379 spiri-

406 2398 625 2455 tualem
657 2398 999 2469 patriarchae
1045 2397 1415 2469 prudentiam
1450 2398 1508 2451 in
1540 2397 1670 2451 aliis
1699 2396 2043 2467 plerumque

405 2505 531 2560 quae
563 2486 905 2558 praescribit,
927 2491 1122 2541 tamen
1152 2486 1364 2541 adduci
1387 2502 1649 2556 unquam
1673 2502 1957 2555 nequeam
1983 2490 2046 2539 ut

407 2577 639 2633 credam
664 2574 1015 2646 posseillum
1042 2574 1183 2628 mihi
1213 2576 1373 2643 juste
1404 2591 1469 2628 ac
1501 2574 2042 2644 sapientertantum

406 2666 891 2721 detrimentorum
951 2680 1016 2718 ac
1080 2662 1504 2728 calamitatum,
1583 2668 1871 2733 quantum
1933 2662 2043 2717 ista

406 2751 901 2825 perniciosissima
929 2750 1179 2805 fortunis
1207 2750 1502 2822 capitique
1526 2765 1653 2805 meo
1684 2767 1749 2805 ac
1780 2767 2043 2806 meorum

402 2842 794 2897 exauctoratio
826 2840 1103 2907 continet,
1158 2856 1338 2910 pcenae
1388 2839 1622 2894 nomine
1680 2839 2043 2895 medicinalis

405 2936 502 2986 aut
524 2930 869 3001 poenitentiae
886 2914 1163 2982 salutaris
1187 2928 1379 2997 specie
1401 2927 1728 2997 injungere.
1756 2926 1863 2981 Ubi
1887 2928 2043 2981 enim

411 3021 691 3087 locorum,
739 3035 855 3088 qua
885 3017 943 3071 in
979 3022 1171 3088 gente.
1215 3016 1329 3071 tale
1381 3016 1701 3086 quidquam
1752 3015 2046 3069 exstitisse

410 3109 581 3162 fando
609 3123 864 3177 unquam
896 3106 1230 3159 audivimus
1259 3106 1286 3157 ?
1324 3107 1380 3157 et
1411 3103 1579 3169 cujus
1610 3103 1866 3157 tandem.
1892 3104 2042 3171 quod

2165 519 2225 574 οὐ
2256 518 2414 590 νόμοι
2445 516 2643 584 ταύτης
2676 520 2809 577 θεῖοι
2841 506 3248 586 προϐέϐληνται
3276 536 3289 576 ;
3321 507 3428 582 οὐχ
3479 509 3636 579 ὑμεῖς
3687 507 3801 558 κατ’

2164 606 2395 666 ἐκείνους
2424 604 2550 665 τοὺς
2581 600 2827 662 πολλοὺς
2878 599 3232 673 θεραπεύετε;
3270 598 3304 666 ἢ
3351 601 3469 656 τοῖς
3526 594 3801 667 βασιλεῦσι

2165 694 2529 771 διαφερόντως
2590 692 2726 767 πρὸς
2774 688 2902 750 τοὺς
2961 686 3206 748 πολλοὺς
3269 686 3319 739 οἱ
3347 688 3446 749 τῆς
3480 681 3803 750 Ἐκκλησίας

2163 787 2471 860 πρόκεινται
2530 779 2804 851 νόμοιςεῖ’
2854 775 2898 831 δ’
2955 778 3072 848 οὗο,
3105 773 3230 829 ἀλλ’
3280 774 3322 827 εἰ
3382 774 3454 844 μὴ
3503 772 3631 845 παρ’
3679 771 3802 840 ὑμῖν

2167 857 2447 946 μετανοίας
2502 868 2714 940 θεσμοὶ,
2778 863 3030 939 ἀλλαχοῦ
3106 868 3211 918 τῶν
3288 860 3616 929 ἐκκλησιῶν,
3680 857 3803 922 εἰσὶ,

2162 963 2247 1017 καὶ
2301 956 2759 1035 προσδραμοῦμαι
2807 953 3048 1024 ταύταις,
3079 953 3167 1006 καὶ
3216 952 3341 1023 παρ’
3389 947 3604 1003 ἐκείνων
3651 958 3808 1021 0591-

2161 1051 2518 1119 πευθήσομαι.
2543 1047 2706 1116 Ἡμῖν
2740 1044 2835 1115 μὲν
2869 1043 2958 1096 οὗν
2990 1041 3057 1094 τὰ
3104 1039 3238 1094 κατά
3286 1038 3515 1112 γνώμην
3571 1034 3802 1110 εἷ’ρηται,

2167 1142 2290 1211 ὑμῖν
2334 1134 2391 1190 δὲ
2437 1134 2688 1188 σκεπτέον
2737 1132 2799 1185 τὸ
2858 1128 3113 1199 ποιητέον
3161 1127 3581 1199 βουλευομένοις
3617 1124 3805 1193 σύναμ’

2162 1209 2367 1297 ἐκείνῳ.
2404 1224 2617 1296 [1)172]
2682 1218 2822 1277 Οὐδὲ
2877 1218 2980 1293 γὰρ
3030 1217 3118 1271 καὶ
3176 1215 3336 1270 εἰσέτι
3391 1214 3644 1284 ἀνέξομαι
3698 1209 3803 1265 πά-

2162 1335 2313 1389 σχειν
2376 1312 2574 1367 ἀνίατα.
2613 1307 2792 1366 Καλὸν
2854 1308 2956 1381 γὰρ
2989 1306 3022 1373 ἢ
3057 1307 3183 1381 παρ’
3214 1306 3340 1376 ὑμῖν
3402 1302 3602 1367 ἰᾶσθαι,
3708 1306 3803 1368 ζη-

2158 1410 2267 1458 τεῖν
2322 1403 2413 1456 τὸν
2468 1401 2668 1473 τρόπον
2714 1404 2813 1465 τῆς
2872 1395 3152 1467 θεραπείας
3210 1394 3488 1462 ἑτέρωθεν.
3536 1413 3563 1439 ››
3624 1392 3802 1444 Ταῦτα

2159 1495 2254 1546 τοῦ
2309 1487 2575 1565 βασιλέως
2635 1484 3067 1554 διαλαλήσαντος
3133 1486 3251 1541 τοῖς
3320 1480 3654 1554 ἀρχιερεῦσι,
3713 1475 3801 1528 καὶ

2162 1583 2275 1634 οἷον
2310 1564 2465 1651 γπρὸς
2525 1576 2591 1629 τὰ
2635 1581 2733 1642 τῆς
2788 1572 2966 1646 μάχης
3025 1564 3551 1645 ἀκροϐολισαμένου,
3604 1564 3800 1617 ἐκεῖνοι

2161 1666 2242 1741 ἐφ’
2271 1667 2477 1735 ἑκάστῳ
2526 1667 2630 1717 τῶν
2689 1659 3001 1735 λεγομένων
3047 1662 3163 1720 τοῖς
3217 1656 3547 1729 ἀχθομένοις
3603 1672 3802 1725 προσε-

2160 1756 2364 1815 οικότες
2397 1750 2559 1821 δῆλοι
2589 1752 2722 1819 ἦσαν
2755 1750 2821 1802 τὰ
2850 1746 2987 1820 πρὸς
3040 1745 3262 1821 βασιλέα
3305 1748 3400 1798 τοῦ
3455 1741 3798 1815 πατριάρχου

2158 1841 2398 1902 συνόλως
2432 1841 2532 1894 οὐκ
2562 1835 2983 1912 ἀποδεχόμενοι,
3014 1835 3105 1888 καὶ
3133 1831 3220 1887 διὰ
3267 1836 3427 1886 τοῦτο
3466 1829 3652 1885 πολλὰ
3708 1828 3794 1882 καὶ

2158 1929 2310 1984 αὐτοὶ
2367 1926 2703 2001 προτιθέντες
2750 1924 2840 1979 καὶ
2890 1924 3003 1995 ἅμα
3079 1920 3404 1995 συνείροντες
3483 1916 3792 1992 θεραπεύειν

2153 2128 2389 2199 cipitem
2423 2125 2671 2195 dejicere
2717 2126 3053 2190 conaretur,
3085 2124 3248 2175 tanto
3279 2118 3552 2174 miserius
3582 2133 3793 2172 sensu-

2153 2233 2283 2272 rum
2334 2214 2748 2280 calamitatem,
2793 2215 3012 2283 quanto
3057 2226 3185 2265 eam
3226 2208 3581 2279 experientio
3630 2206 3793 2277 prius

2153 2307 2473 2376 degustatae
2504 2302 2563 2356 in
2586 2317 2863 2372 suprema
2892 2302 3178 2370 potestate
3209 2295 3503 2352 felicitatis
3534 2295 3796 2349 acerbio-

2152 2409 2275 2449 rem
2316 2389 2954 2460 intolerabilioremque
2986 2385 3356 2442 reddiderit?
3404 2387 3621 2438 Praeter
3650 2382 3798 2441 hzrc,

2154 2481 2203 2537 si
2222 2481 2376 2551 quod
2403 2480 2730 2534 humanum
2747 2476 2985 2546 majoris
3010 2473 3291 2530 momenti
3318 2472 3621 2543 negotium
3649 2473 3797 2525 lleus

2154 2566 2433 2639 peculiari
2480 2582 2618 2621 cura
2671 2564 2968 2635 dignatur,
3019 2561 3371 2617 evectionem
3424 2558 3680 2627 alicujus
3735 2557 3792 2610 in

2150 2656 2463 2727 imperium
2497 2670 2617 2710 rem
2648 2670 2799 2716 esse,
2834 2651 3033 2721 utique
3065 2649 3159 2705 cui
3182 2664 3415 2719 semper
3443 2646 3795 2701 interveniat

2154 2746 2473 2803 studiosior
2518 2743 2715 2814 aliqua
2757 2741 3025 2797 Numinis
3077 2738 3454 2811 providentia,
3512 2735 3689 2807 vulgo
3740 2744 3794 2792 et

2155 2833 2360 2889 merito
2428 2831 2849 2887 existimamus.
2886 2829 3045 2892 Quod
3094 2827 3275 2899 igitur
3313 2825 3510 2880 divino
3550 2824 3795 2881 consilio

2154 2925 2452 2978 decretum
2490 2922 2879 2989 effectumque
2920 2917 2998 2971 sit
3045 2933 3310 2972 revocare
3352 2932 3417 2969 ac
3461 2914 3793 2969 rescindere

2153 3014 2451 3070 hominem
2479 3011 2696 3081 conari,
2723 3009 2855 3081 quis
2879 3025 2994 3063 non
3016 3009 3173 3062 videt
3190 3024 3366 3078 quam
3389 3006 3793 3072 temerarium,

2155 3119 2333 3175 quam
2366 3100 2687 3156 insolenter
2708 3113 3009 3168 arrogans,
3043 3113 3219 3167 quam
3245 3095 3495 3165 denique
3526 3094 3798 3147 audenti-

405 3196 583 3251 veluti
622 3197 775 3250 254
820 3192 1116 3262 exemplar
1166 3191 1339 3245 fuerit
1391 3190 1662 3260 intuitus,
1705 3190 2047 3246 auctoritate
2079 3192 2121 3257 C
2160 3194 2272 3248 bus
2313 3190 2704 3263 periculosum
2747 3188 2970 3243 censeri
3023 3185 3277 3240 debeat?
3320 3184 3450 3239 Haec
3490 3184 3797 3238 vobiscum

406 3283 632 3355 probati
664 3282 806 3336 alias
840 3280 976 3335 facti
1026 3284 1252 3334 tantam
1284 3279 1460 3333 istam
1514 3295 1573 3333 se
1617 3281 1841 3349 putavit
1871 3295 2044 3332 excu-

406 3388 536 3427 sare
566 3387 754 3441 posse,
790 3372 889 3423 aut
918 3367 1094 3422 etiam
1119 3368 1555 3435 commendare,
1582 3365 1894 3421 novitatem
1914 3367 2042 3420 ?An

404 3460 592 3515 nescit
622 3457 672 3511 ei
706 3455 801 3526 qui
831 3472 897 3509 ex
938 3454 1059 3509 vita
1092 3454 1313 3525 privata
1362 3455 1420 3508 in
1464 3454 1779 3524 imperium
1812 3460 2044 3509 evectus

408 3546 801 3620 principatum
843 3542 1020 3598 semel
1057 3543 1471 3612 degustaverit,
1508 3559 1622 3596 non
1664 3542 1835 3596 aliam
1870 3560 2043 3614 quam

409 3651 541 3690 cum
603 3631 1058 3704 praasentissimo
1108 3630 1486 3699 conjunctam
1536 3630 1739 3686 mortis
1789 3632 2046 3702 periculo

406 3722 798 3778 conditionem
832 3718 1057 3773 ostendi
1110 3718 1353 3773 fortunae
1386 3718 1596 3789 prioris
1644 3719 2049 3773 resumendae?

409 3808 1029 3883 plurimorumetenim
1055 3822 1285 3878 semper
1306 3806 1538 3862 insidiis
1561 3807 1922 3877 principatus
1945 3808 2015 3861 ob
2032 3838 2045 3845 -

407 3901 666 3954 sidetur:
729 3896 1138 3968 plerorumque
1202 3912 1335 3949 vero
1369 3896 1737 3949 subditorum
1800 3895 1941 3949 ﬁdes
1990 3900 2047 3949 et

408 4004 574 4043 amor
601 3987 660 4041 in
684 3985 1007 4057 principem
1039 4001 1190 4038 vana
1209 3984 1495 4038 duntaxat
1516 3983 1823 4053 superficie
1855 3987 2045 4038 osten-

404 4077 502 4130 tati
539 4075 789 4130 exterius
820 4072 1087 4143 obsequii
1111 4075 1268 4127 totus
1286 4072 1667 4141 expromitur,
1695 4073 1854 4126 intus
1886 4073 2032 4127 nihil

403 4164 623 4218 habens
655 4162 849 4217 solidi.
883 4164 1067 4226 Quare
1093 4176 1330 4215 necesse
1374 4165 1463 4214 est
1510 4176 1642 4213 eum
1693 4177 1726 4213 a
1774 4178 1889 4231 quo
1921 4161 2041 4216 vio-

405 4252 577 4307 lando
610 4251 732 4306 sola
763 4250 1085 4304 reverentia
1116 4249 1421 4319 potestatis
1458 4248 1589 4302 odia
1624 4248 2041 4304 malevolorum

404 4341 723 4407 coercebat,
756 4354 889 4392 cum
928 4337 1187 4408 primum
1224 4336 1477 4390 nudatus
1520 4336 2041 4408 praesidioimperii

403 4429 535 4484 telis
567 4427 797 4481 invidiae
832 4427 1003 4480 fuerit
1045 4425 1330 4494 objectus,
1363 4425 1435 4479 iis
1475 4424 1797 4479 insultibus
1839 4425 2036 4495 impeti

2154 3281 2301 3338 255
2339 3282 2697 3349 reputantes,
2756 3292 2982 3344 aequum
3045 3278 3155 3341 est,
3212 3274 3434 3339 Patres,
3495 3273 3634 3326 dare
3696 3288 3801 3325 vos

2151 3384 2384 3439 operam
2415 3371 2479 3420 ut
2502 3364 2822 3434 imperialis
2849 3362 3173 3433 dignitatis,
3200 3366 3372 3431 prout
3394 3362 3480 3415 fas
3516 3361 3805 3432 piumque

2152 3464 2257 3523 est,
2295 3457 2438 3510 ratio
2468 3455 2779 3521 habeatur,
2812 3468 2997 3522 neque
3031 3450 3322 3521 negligere
3356 3466 3459 3504 nos
3490 3450 3797 3518 tantojam

2151 3555 2408 3615 tempore
2443 3543 2654 3598 misere
2684 3556 3017 3612 suspensos
3048 3548 3219 3609 atque
3250 3544 3565 3592 aestuantes
3600 3538 3796 3606 inopiri

2153 3632 2403 3689 consilii.
2438 3632 2587 3696 Quid
2620 3628 2962 3685 enimvero?
2994 3645 3067 3682 an
3110 3644 3224 3682 non
3266 3627 3336 3681 ab
3381 3624 3635 3680 Ecclesia
3666 3641 3793 3695 po:-

2152 3723 2459 3776 nitentiam
2497 3720 2619 3773 dari
2656 3717 3034 3789 poscentibus
3076 3714 3381 3770 definitum
3435 3714 3570 3768 est?
3602 3729 3797 3767 nonne

2152 3811 2258 3863 hoc
2290 3808 2426 3863 olim
2462 3809 2589 3877 ejus
2632 3806 2790 3877 leges
2822 3805 3029 3859 divinae
3070 3802 3441 3859 sanxerunt?
3471 3819 3584 3857 non
3623 3802 3794 3871 juxta

2148 3915 2247 3953 eas
2272 3897 2531 3968 quotidie
2554 3898 2807 3966 quisque
2829 3900 3083 3950 vestrum
3114 3909 3497 3965 quoscunque
3528 3909 3677 3963 Opus
3703 3899 3795 3945 est

2149 3986 2412 4057 (plurimi
2443 3989 2635 4039 autem
2668 3984 2994 4039 offeruntur
3023 3981 3190 4051 tales)
3214 3981 3661 4052 praescribendis
3694 3997 3796 4033 sa—

2149 4075 2582 4130 tisfactionibus
2613 4072 2831 4127 curatis
2851 4072 2878 4126 ‘I
2901 4089 2971 4126 an
2998 4072 3179 4141 pejori
3210 4070 3540 4126 conditione
3571 4069 3794 4140 princi-

2150 4180 2248 4234 pes
2284 4164 2471 4217 sunt?
2503 4180 2571 4217 an
2606 4161 2739 4215 illos
2772 4177 2919 4215 unos
2947 4159 3205 4214 Ecclesia
3237 4158 3308 4213 ab
3342 4157 3656 4213 universali
3686 4174 3796 4212 sua

2148 4253 2203 4307 id
2266 4252 2417 4306 filios
2464 4249 2835 4321 indulgentia
2890 4253 3161 4319 exceptos
3217 4247 3603 4317 exclusosque
3641 4246 3793 4313 vult,

2151 4358 2252 4395 nec
2280 4341 2473 4411 legum
2496 4340 2770 4394 omnibus
2801 4338 3053 4393 latarum
3078 4336 3191 4390 frui
3216 4335 3492 4391 beneﬁcio
3525 4334 3789 4406 patitur?

2152 4430 2513 4499 Respondete
2561 4443 2701 4493 num
2741 4426 2821 4480 ita
2852 4427 2965 4494 sit;
3021 4424 3333 4488 declat-ate,
3375 4424 3639 4493 inquam,
3675 4439 3787 4477 non

400 4518 490 4573 vel
522 4516 707 4609 palam
733 4515 1198 4609 oppugnantium
1223 4512 1308 4609 vel
1332 4512 1479 4609 clam
1510 4513 2039 4609 faventium-oppu-
2071 4547 2115 4609 Ι)
2146 4534 2273 4572 esse
2305 4518 2458 4587 apud
2491 4532 2590 4571 vos
2624 4513 2979 4585 pcenitentiae
3026 4512 3240 4578 locum,
3274 4528 3379 4566 nec
3411 4512 3592 4583 excipi
3626 4529 3659 4566 a
3688 4529 3785 4567 vo-

404 4604 745 4679 gnantibus,
778 4601 994 4672 quibus
1040 4601 1235 4655 salvus
1284 4602 1440 4655 haud
1493 4603 1680 4671 possit
1728 4602 2031 4657 obsistere.

408 4700 539 4761 Quae
572 4708 703 4747 cum
731 4706 925 4761 aequos
958 4694 1014 4743 et
1062 4690 1352 4760 sapientes
1402 4707 1606 4745 omnes
1659 4690 2035 4747 aestimatores

409 4798 602 4838 rerum
663 4783 931 4850 reputare
974 4778 1127 4849 apud
1181 4794 1307 4833 sese
1356 4796 1455 4849 par
1484 4780 1690 4846 fuerat,
1726 4784 1850 4833 tum
1903 4797 2032 4837 eum

409 4870 655 4926 maxime
687 4867 784 4937 qui
810 4882 901 4921 me
932 4882 1037 4920 suo
1060 4866 1183 4935 ipse
1205 4866 1258 4919 in
1288 4868 1490 4936 primis
1524 4868 1803 4939 suffragio
1834 4870 1901 4923 ad
1928 4870 2033 4923 im~

406 4958 629 5030 perium
655 4954 946 5017 extulerit,
980 4953 1087 5007 hoc
1107 4958 1194 5007 est
1222 4954 1505 5008 invidiose
1528 4960 1583 5009 et
1613 4956 2035 5011 offensionibus

403 5045 664 5117 exposito
688 5042 1041 5114 implicuerit
1073 5043 1324 5113 negotio.
1360 5042 1522 5096 Unde
1554 5043 1739 5112 ipsius
1770 5048 1857 5097 est
1891 5044 2035 5097 tueri

404 5134 557 5205 quod
593 5132 744 5201 fecit,
793 5147 906 5185 non
940 5134 1133 5184 autem
1184 5128 1238 5182 id
1292 5144 1481 5199 agere,
1530 5145 1659 5184 mea
1698 5135 2035 5184 exauctora-

402 5224 559 5277 tione
593 5218 957 5290 procuranda
987 5222 1043 5271 et
1074 5234 1174 5287 per
1222 5232 1349 5270 eam
1394 5217 1451 5270 in
1488 5233 1576 5271 me
1626 5218 1913 5273 armanda
1946 5218 2033 5270 in-

394 5306 1001 5370 vidiammulorummt
1021 5321 1195 5374 quem
1221 5304 1429 5358 detulit
1454 5322 1803 5375 superemus
1826 5305 2032 5373 honor,

398 5400 454 5453 in
488 5402 817 5452 extremum
851 5395 995 5449 mihi
1018 5398 1276 5449 vertatur
1305 5392 1562 5447 exitium.
1590 5394 1736 5457 Quid
1767 5396 1918 5450 enim
1945 5403 2030 5451 at-

399 5485 623 5541 tinebat
652 5485 708 5538 in
743 5501 1039 5539 summum
1071 5481 1370 5550 fastigium
1398 5481 1635 5537 evehere
1660 5500 1832 5554 quem
1857 5485 2030 5556 paulo

397 5579 530 5645 post
554 5573 613 5627 in
646 5572 960 5644 perniciem
994 5569 1263 5626 ultimam
1292 5570 1595 5626 detrahere
1626 5572 1759 5628 inde
1789 5590 1853 5629 ac
1883 5590 2028 5645 prm-

2149 4606 2239 4660 bis
2271 4605 2743 4675 resispiscentem
2768 4601 2866 4673 qui
2891 4618 3090 4672 poenas
3110 4601 3221 4655 sibi
3245 4601 3449 4655 sceleri
3483 4601 3784 4670 purgando

2150 4693 2377 4764 injungi
2397 4692 2683 4747 salutares
2709 4694 2866 4762 petat
2890 4707 2902 4745 :
2926 4695 3049 4745 tum
3070 4705 3210 4743 mete
3231 4695 3423 4761 partes
3445 4695 3619 4744 erunt
3640 4689 3784 4743 mihi

2149 4781 2471 4845 consulere,
2504 4786 2560 4834 et
2591 4779 2726 4833 alibi
2759 4795 3015 4849 quaerere
3046 4795 3166 4833 rem
3194 4777 3581 4833 necessariam
3614 4779 3787 4849 cujus

2151 4870 2239 4923 hic
2271 4869 2433 4939 copia
2466 4886 2578 4923 non
2615 4868 2893 4937 suppetit.
2927 4867 3063 4921 Aliae
3096 4866 3227 4921 aliis
3269 4866 3327 4920 in
3360 4867 3500 4925 locis
3531 4866 3786 4922 ecclesiae

2149 4964 2326 5012 sunt:
2358 4975 2454 5012 cas
2487 4956 2682 5025 adibo,
2713 4958 2783 5011 ab
2812 4957 2881 5010 iis
2922 4955 3325 5027 paenitentiam
3358 4960 3547 5027 petam
3581 4960 3639 5009 et
3655 4971 3791 5010 con-

2148 5064 2381 5117 sequar.
2416 5044 2667 5115 Exposui
2702 5044 2867 5099 vobis
2901 5060 3112 5099 sensus
3148 5043 3389 5098 intimos
3422 5043 3603 5098 animi
3630 5043 3747 5098 mei
3775 5060 3787 5099 :

2147 5135 2638 5189 considerandum
2672 5132 2837 5188 vobis
2861 5132 3215 5202 relinquo,et
3232 5148 3364 5189 cum
3392 5134 3518 5202 ipso
3542 5132 3794 5202 patriar-

2144 5223 2254 5277 cha
2285 5223 2761 5293 consultandum,
2783 5222 2921 5294 quid
2956 5220 3078 5275 fieri
3110 5221 3433 5275 conveniat.
3471 5221 3593 5275 Non
3627 5221 3783 5275 enim

2148 5310 2401 5382 amplius
2449 5312 2635 5382 patiar
2677 5328 2780 5381 pro
2827 5310 3091 5381 deposito
3142 5326 3234 5363 me
3266 5309 3460 5379 abjici.
3504 5310 3659 5376 Jam,
3692 5310 3782 5362 in-

2143 5416 2342 5470 quam,
2372 5400 2512 5469 mihi
2546 5399 2715 5470 plane
2767 5400 3062 5453 decretum
3115 5401 3204 5452 est
3234 5404 3333 5451 aut
3383 5396 3643 5465 accipere
3677 5415 3777 5451 cu-

2143 5488 2382 5543 rationis
2417 5489 2652 5543 modum
2688 5506 2719 5542 a
2751 5487 2911 5542 vobis
2945 5491 3043 5541 aut
3069 5485 3205 5542 alibi
3245 5502 3518 5556 quaerere.
3553 5509 3580 5535 ››
3611 5485 3774 5539 Talia

2140 5575 2426 5648 episcopis
2449 5575 2641 5633 locuto
2662 5577 3033 5647 imperatore,
3058 5592 3122 5629 ac
3137 5591 3238 5646 per
3259 5575 3378 5629 haec
3398 5575 3564 5645 quasi
3585 5574 3775 5644 prima
