4158 6280
368 372 470 427 701

1423 388 1520 439 ΒΕ
1557 384 1927 439 MICHAELE
1964 384 2407 441 PALEOLOGO
2442 386 2575 438 LIB.
2619 385 2715 436 IV.

3655 379 3763 435 702

368 497 568 567 ἤθελον
628 501 721 554 τὸν
778 506 1093 578 κρατοῦντα.
1136 506 1207 561 Οὐ
1270 508 1376 580 μὴν
1434 504 1491 562 δὲ
1546 506 1693 562 ἀλλὰ
1740 509 1831 561 καὶ
1879 510 2098 576 καθ-Α
2127 506 2375 581 ἠγρίαινε
2404 506 2491 561 καὶ
2533 504 2875 578 ἀμεταθέτως
2934 504 3051 578 εἶχε
3101 510 3200 573 τῆς
3259 504 3509 579 γνώμης,
3543 503 3615 565 ὡς
3671 506 3757 558 καὶ

371 592 745 661 υπισχνοῦντο
775 588 938 663 μόνον
972 594 1057 647 καὶ
1102 594 1265 649 αὐτοῦ
1300 594 1568 669 βασιλέως
1624 595 2015 669 προσπέμψαν-

368 697 461 737 τος
493 674 647 730 αὐτοί
677 678 745 732 τὰ
778 679 988 753 μεγάλα
1020 681 1415 756 συλλήψεσθαι.

377 784 445 856 β’.
506 783 689 871 Ὅπως
765 784 856 871 τὸν
911 791 1083 871 Ιτοῖξκ
1120 788 1392 871 Γαλησίου
1449 789 1647 863 Ἰωσὴφ
1722 790 1859 871 πρὸς
1923 790 2014 843 τὸν

447 855 793 941 πατριάρχην
827 855 1153 913 ἀπέστελλεν
1182 860 1209 913 ὁ
1240 855 1474 935 κρατῶν,
1509 855 1683 931 ζητῶν
1729 855 1880 914 Λύσιν
1920 865 2016 915 τοῦ

443 944 772 999 αφορισμου.

447 1031 507 1100 [Ρ
540 1032 662 1101 175]
693 1031 753 1086 Ὀ
782 1036 909 1106 γοῦν
948 1033 1200 1107 βασιλεὺς
1231 1037 1321 1090 καὶ
1370 1034 1576 1100 ἄλλους
1637 1038 1729 1109 μὶν
1781 1038 1898 1091 καθ’
1925 1033 2018 1091 ἕνα

373 1115 665 1180 πλείστους
711 1119 1024 1176 ἀπέστειλεν
1076 1123 1239 1193 ἀξιῶν
1296 1125 1387 1179 τὸν
1444 1126 1709 1199 ἱεράρχην
1753 1124 1911 1180 λῦσαί
1965 1125 2016 1179 οἱ

371 1207 472 1274 τήν
530 1205 789 1279 ἀθυμίαν,
824 1210 1031 1283 ἑτοίμῳ
1090 1208 1226 1283 ὄντι,
1287 1214 1361 1275 ὡς
1416 1212 1619 1277 ἐκεῖνος
1679 1215 2016 1288 ὑπισχνεῖτο,

372 1294 435 1348 τὸ
492 1293 848 1368 κελευόμενον
909 1298 1219 1375 ἐκπληροῦν
1251 1321 1264 1332 ·
1297 1302 1453 1364 τέλος
1515 1300 1571 1356 δὲ
1627 1302 1717 1356 καὶ
1772 1302 1864 1357 τὸν
1917 1308 2015 1370 τῆς

379 1384 552 1455 μονῆς
582 1387 678 1437 τοῦ
704 1384 980 1456 Γαλησίου
1020 1388 1415 1461 προϊστάμενον
1447 1390 1673 1467 Ἰωσὴφ,
1706 1390 1763 1452 ’ὸς
1813 1386 1879 1459 δή
1929 1390 2018 1444 καὶ

375 1469 653 1541 Γαλησίου
706 1474 1075 1550 φανερώτερον
1136 1476 1405 1550 ἐκαλεῖτο,
1437 1477 1603 1554 ἄνδρα
1658 1479 2020 1551 πνευματικὸν

373 1558 465 1612 καὶ
521 1560 596 1621 εἰς
652 1563 856 1635 πατέρα
909 1567 1239 1639 τεταγμένον
1282 1571 1362 1639 τῷ
1395 1566 1630 1641 βασιλεῖ,
1663 1566 2018 1622 ἀποστέλλων

373 1644 757 1716 κατηντιϐόλει
818 1649 1068 1727 δέχεσθαι
1126 1655 1224 1722 τήν
1261 1650 1546 1727 πρεσϐείαν
1601 1654 1689 1710 καὶ
1747 1677 2018 1731 συγκατα-

370 1735 545 1790 νεύειν
599 1742 667 1810 τῇ
725 1738 1148 1811 ἀξιώσει.Ἀλλ’
1196 1744 1224 1797 ὁ
1274 1745 1621 1818 πατριάρχης
1676 1743 1863 1798 πολλὰ
1923 1745 2018 1816 μὲν

375 1825 524 1898 παρὰ
551 1828 660 1879 τῶν
694 1826 994 1900 ἀρχιερέων
1040 1829 1169 1902 ὑπὲρ
1226 1835 1323 1885 τοῦ
1381 1830 1654 1895 Βασιλέως
1710 1832 2021 1905 ἱκετευόμε-

373 1931 484 1977 νος,
517 1911 590 1972 ὡς
621 1912 719 1966 οὐκ
748 1912 891 1983 ἄξιον
926 1913 1193 1989 λεγόντων
1254 1918 1425 1981 οὕτως
1482 1917 1570 1973 ἐπὶ
1627 1923 1883 1973 τοσοῦτον
1938 1923 2017 1989 τῷ

376 1998 640 2071 ἐπιτιμίῳ
671 2000 1040 2076 συνίσχεσθαι,
1073 2002 1260 2059 πολλὰ
1310 2003 1367 2060 δὲ
1413 2007 1502 2061 καὶ
1560 2006 1706 2079 παρά
1732 2011 1828 2062 τοῦ
1859 2028 2018 2061 πνευ-

381 2091 611 2157 ματικοῦ
668 2086 873 2143 ἐκείνου
921 2091 1009 2144 καὶ
1070 2092 1213 2154 θείου
1267 2091 1460 2167 ἀνδρὸς
1503 2095 1816 2168 ἁξιούμενος
1864 2094 2016 2172 ἐφ’ᾦ

372 2175 472 2243 τήν
506 2173 747 2230 παιδείαν
782 2175 968 2241 ἄλλως
1001 2178 1318 2253 οἰκονομοίη
1352 2183 1446 2236 τὸν
1478 2180 1675 2255 δεσμόν
1704 2183 1870 2245 λύσας
1922 2185 2009 2238 καὶ

374 2265 700 2338 προστιμῴη
735 2269 815 2337 τῶ
848 2266 1061 2341 βασιλεῖ
1090 2273 1196 2323 τῶν
1230 2269 1471 2339 εἰκότων,
1507 2272 1535 2324 ὁ
1568 2269 1624 2325 δὲ
1650 2272 1739 2325 καὶ
1800 2268 2011 2343 μᾶλλον

391 2463 725 2521 velitatione
765 2467 1064 2538 auspicato
1096 2467 1382 2538 prelium,
1413 2468 1498 2523 illi
1528 2470 1600 2523 ad
1634 2468 1865 2541 singula
1904 2486 2030 2540 qua

394 2554 548 2609 dicta
582 2554 815 2610 fuerant
844 2555 1042 2611 dolore
1072 2556 1423 2627 significato,
1472 2557 1863 2624 declararunt,
1906 2575 2031 2629 quae

402 2659 597 2698 severe
616 2659 681 2698 ac
699 2643 845 2699 dure
867 2645 1200 2715 patriarcha
1219 2661 1357 2716 erga
1379 2646 1787 2717 imperatorem
1813 2652 2031 2717 ageret,

392 2731 507 2785 sibi
535 2731 778 2786 minime
796 2732 1049 2803 probari:
1075 2750 1141 2788 ac
1178 2738 1483 2805 propterea
1508 2739 1641 2805 post
1670 2734 1852 2790 multa
1881 2735 2030 2789 invi-

400 2835 526 2873 cem
557 2820 763 2875 collata
792 2821 1232 2893 disceptataque
1264 2827 1496 2894 paratos
1535 2840 1597 2879 se
1649 2824 2034 2879 ostenderunt

408 2908 477 2961 ad
511 2908 853 2964 offerendam
884 2912 1145 2980 Augusto
1193 2911 1498 2981 pmnitenti
1542 2911 2031 2968 reconciliationis

407 2994 580 3051 viam.
616 2995 737 3051 Non
755 3001 950 3052 tamen
983 3002 1117 3053 tunc
1138 3000 1329 3054 adhuc
1352 2998 1596 3055 ulterius
1626 3005 2033 3071 processerunt

400 3099 575 3153 quam
610 3089 671 3138 ut
701 3085 1111 3157 promitterent
1154 3102 1216 3141 se
1275 3087 1698 3143 intercessuros
1746 3089 1899 3159 apud
1932 3106 2033 3159 pa-

397 3171 713 3227 triarcham
738 3190 911 3243 quam
929 3174 1338 3231 efficacissime
1353 3181 1610 3246 possent,
1630 3178 1948 3232 suadentes
1971 3183 2034 3231 ut

397 3277 499 3330 pro
532 3278 593 3315 se
626 3261 750 3332 ipse
800 3263 868 3316 de
922 3279 1064 3318 novo
1123 3263 1398 3333 allegaret
1454 3266 1525 3319 ad
1586 3281 1720 3320 eum
1774 3270 2032 3321 oratores

398 3350 719 3421 supplices,
752 3351 967 3422 quibus
998 3354 1068 3407 ad
1104 3353 1536 3424 impetrandum
1580 3356 1734 3426 quod
1768 3359 2040 3426 rogarent

398 3438 510 3509 ipsi
545 3456 606 3494 se
637 3456 743 3510 pro
773 3440 922 3494 virili
949 3445 1361 3512 cooperaturos
1385 3443 1760 3513 recipiebant.

403 3556 456 3607 2.
493 3554 555 3627 Ut
580 3556 932 3624 praepositum
962 3553 1162 3611 Galesii
1202 3556 1492 3626 Josephum
1528 3557 1605 3611 ad
1657 3557 2039 3627 patriarcham

478 3626 803 3707 allegaveril
828 3627 1148 3707 imperator,
1180 3630 1363 3697 petens
1398 3626 1801 3683 absolutiOnem
1844 3630 1911 3683 ab
1941 3645 2036 3684 ex-

471 3705 983 3752 communicalzone.

472 3794 659 3860 Igitur
691 3794 1009 3864 imperator
1039 3811 1168 3849 cum
1202 3794 1345 3850 alios
1394 3794 1741 3867 singillatim
1773 3798 2038 3869 allegavit

402 3883 556 3938 256
590 3881 900 3953 plurimos,
933 3883 1284 3954 suppliciter
1340 3900 1515 3938 orans
1553 3885 1942 3955 patriarcham
1978 3891 2040 3940 ut

399 3986 464 4025 se
488 3986 628 4025 cura
660 3971 1053 4041 maestitiaque
1110 3971 1356 4027 liberare
1398 3972 1758 4043 dignaretur,
1791 3974 2037 4030 offerens

400 4074 464 4112 se
496 4067 759 4127 paratum
791 4060 861 4113 ad
892 4059 1127 4130 quidvis
1149 4062 1586 4130 exsequendum
1610 4061 2035 4131 quodjuberet.

398 4147 657 4201 Tandem
690 4153 746 4202 et
773 4147 1097 4219 Josephum
1129 4148 1200 4202 ad
1224 4148 1279 4202 id
1309 4148 1471 4203 misit
1495 4149 1848 4204 monasterio
1871 4150 2036 4206 Gale-

400 4234 470 4289 sii
492 4235 894 4306 praepositum,
918 4236 1162 4291 cmnobii
1178 4237 1328 4307 quod
1351 4238 1586 4307 regebat
1609 4236 1842 4292 nomine
1864 4255 2040 4309 quam

304 4338 307 4341 '
400 4340 509 4379 suo
532 4323 717 4395 ipsius
749 4324 921 4396 vulgo
936 4324 1241 4391 notiorem,
1264 4326 1451 4380 virum
1478 4325 1841 4397 spiritualem
1862 4332 1919 4381 et
1938 4328 2035 4398 qui

400 4412 736 4482 imperatori
762 4412 943 4483 patris
970 4412 1093 4467 loco
1116 4417 1291 4477 esset,
1312 4413 1526 4485 quippe
1558 4413 1864 4470 audiendis
1914 4416 2038 4485 ejus

402 4500 869 4556 confessionibus
892 4502 1218 4572 praefectus.
1244 4501 1407 4557 Hunc
1433 4518 1568 4573 ergo
1592 4519 1694 4575 pro
1717 4518 1779 4558 se
1810 4503 2037 4574 suppli-

2121 599 2237 656 τοῖς
2266 589 2648 665 πρεσϐεύοτσιν
2681 592 3032 663 ἐπιπλήττειν
3084 593 3172 647 καὶ
3229 592 3375 663 αὐτῷ
3424 590 3489 661 δή
3534 597 3614 662 τῷ
3646 594 3761 646 Ἰω-

2124 685 2231 761 σὴφ
2276 683 2529 757 γενναίως
2590 681 2829 756 ἐπέχειν,
2854 679 3135 753 τολμῶντι
3196 682 3270 743 ὡς
3329 678 3484 749 δῆθεν
3542 680 3609 734 τὰ
3663 688 3764 743 τῖς

2129 770 2397 847 βασιλέως
2439 768 2717 845 ἀναδοχῆς
2766 771 2913 845 παρὰ
2959 770 3058 837 τήν
3101 768 3304 824 ἐκείνου
3339 768 3577 838 θέλησιν.
3610 770 3766 843 Αἱρεῖ

2125 858 2182 914 δὲ
2210 860 2299 913 καὶ
2331 859 2502 933 λόγος
2534 860 2678 932 παρὰ
2706 857 2941 920 πολλοῖς
2988 858 3063 919 ὡς
3112 857 3201 911 καὶ
3260 857 3628 929 ἐπιτιμήσειεν
3686 856 3766 931 ἐφ’

2124 948 2170 1020 ᾧ
2204 945 2343 1021 μηδέ
2372 947 2735 1021 πνευματικὸς
2769 944 3087 1019 ἆναδέχοιτο
3126 965 3137 977 ·
3167 947 3195 999 ’ὁ
3228 942 3294 1012 δὴ
3336 943 3430 998 κᾶν
3476 945 3698 1018 γεγονὸς

2124 1034 2410 1113 ἐφυλάχθη
2469 1035 2503 1103 ἢ
2561 1034 2649 1089 καὶ
2705 1030 3013 1108 παραϐαθὲν
3076 1032 3242 1101 ἐλύθη
3391 1033 3481 1086 καὶ
3563 1030 3761 1086 ἄλυτον

2123 1119 2320 1195 ἔμεινε,
2352 1121 2446 1176 κᾶν
2484 1124 2559 1195 μὴ
2592 1123 2815 1197 γεγονὸς
2866 1120 3166 1198 ἐφημίσθη,
3199 1122 3271 1181 ὡς
3328 1120 3417 1174 καὶ
3476 1120 3503 1173 ὁ
3564 1121 3763 1196 Ἰωσὴφ

2122 1214 2559 1287 πατριαρχεύσας
2606 1211 2823 1285 ὕστερον
2883 1210 3331 1283 ἀπολογούμενος
3383 1210 3511 1282 ὑπὲρ
3569 1209 3763 1263 τούτου

2125 1296 2517 1373 διισχυρίζετο,
2551 1297 2702 1371 ὅμως
2735 1296 2911 1359 πολὺς
2952 1297 3186 1360 ἐντεῦθεν
3238 1297 3499 1372 ἀνερράγη
3553 1295 3767 1351 κλύδων

2120 1394 2189 1462 τῇ
2250 1388 2566 1460 Ἐκκλησία,
2602 1390 2676 1451 ὡς
2736 1388 2959 1463 ἰσχυρὸν
3021 1387 3415 1462 προτεινόντων
3474 1391 3581 1441 τῶν
3636 1389 3767 1460 Ἀρ-

2126 1482 2377 1531 σενιατῶν
2437 1479 2553 1532 κατ’
2607 1475 2813 1531 ἐκείνου
2898 1472 3153 1551 ἔγκλημα
3229 1474 3762 1550 πατριαρχεύσαντος

2126 1567 2489 1639 σχιζομένων.

2123 1678 2189 1744 γ’.
2222 1673 2411 1731 ’Όπως
2445 1666 3070 1746 λίϐελλοςμξιατηγορίας
3098 1672 3235 1746 πατὰ
3278 1674 3374 1724 τοῦ
3422 1670 3764 1745 πατριάρχου

2665 1740 2824 1813 ἐδόθη
2855 1740 2935 1814 τῶ
2950 1740 2957 1746 ’
2972 1740 3206 1817 βασιλεῖ.

2200 1831 2285 1901 [Ρ.
2324 1831 2445 1904 174]
2479 1831 2617 1887 Τότε
2644 1832 2826 1885 τοίνυν
2870 1829 3297 1905 Βοηδρομιῶνος
3328 1828 3620 1901 ἱσταμένου
3679 1829 3766 1883 καὶ

2124 1920 2231 1971 τῶν
2266 1920 2511 1987 συνήθων
2543 1923 2803 1989 νηστειῶν
2852 1917 3217 1991 τελουμένων,
3250 1919 3442 1991 ἑορτῆς
3497 1915 3770 1992 ἀγομένης

2125 2007 2186 2074 ἣν
2214 2007 2527 2069 Ἀκάθιστον
2560 2007 2783 2077 σύνηθες
2846 2008 3150 2079 ὀνομάζειν,
3181 2011 3288 2060 τῶν
3336 2027 3418 2067 τις
3474 2009 3570 2059 τοῦ
3625 2005 3765 2074 20.75-

2127 2113 2223 2167 ρου
2256 2094 2309 2147 ἐν
2339 2094 2607 2169 νοταρίοις
2637 2100 2714 2167 τῷ
2742 2094 3057 2170 πατριάρχῃ
3088 2094 3260 2149 τελῶν
3298 2095 3431 2164 μετὰ
3467 2094 3558 2147 τὸν
3618 2098 3765 2168 σφῶν

2124 2185 2504 2257 πριμικήριον,
2564 2184 2621 2237 ’ὸν
2676 2183 2768 2237 καὶ
2827 2183 3065 2252 Μεσίτην
3126 2182 3376 2236 εἰώθασιν
3453 2183 3505 2235 οἱ
3558 2179 3761 2235 πολλοὶ

2140 2270 2495 2343 σεμνύνοντες
2553 2270 2752 2347 λέγειν,
2783 2271 3087 2340 τούπίκλην
3120 2267 3558 2343 Ἑψητόπουλος,
3592 2264 3783 2323 λίϐελ-

2139 2476 2409 2543 speratus
2441 2472 2830 2542 efferataeque
2870 2470 3057 2541 magis
3088 2475 3177 2526 est
3210 2470 3453 2524 audiens
3511 2470 3626 2524 ista
3682 2488 3779 2539 pa-

2139 2558 2413 2613 triarcha.
2447 2560 2719 2628 Adeoque
2748 2557 3143 2613 inﬂexibiliter
3172 2558 3340 2613 haesit
3377 2557 3435 2611 in
3461 2558 3781 2628 proposito,

2144 2650 2206 2701 ut
2235 2646 2407 2702 etiam
2438 2662 2505 2701 ea
2529 2651 2802 2717 rogantes
2832 2646 3187 2717 objurgaret,
3244 2651 3302 2701 et
3354 2647 3550 2717 ipsum
3606 2646 3775 2701 Jose-

2140 2735 2321 2805 phum
2354 2735 2563 2789 acriter
2593 2738 2895 2803 coerceret,
2930 2751 2995 2788 eo
3027 2733 3247 2788 scilicet
3274 2733 3504 2789 nomine
3541 2734 3707 2805 quasi
3730 2735 3778 2788 is

2141 2823 2551 2893 imperatorem
2576 2822 2871 2878 absolvere
2896 2839 3075 2877 ausus
3105 2826 3260 2877 esset
3291 2827 3489 2877 contra
3522 2822 3775 2892 patriar-

2140 2910 2261 2965 chae
2279 2911 2657 2967 voluntatem.
2684 2915 2859 2965 Fama
2887 2915 3041 2965 certe
3072 2910 3360 2965 increbuit
3411 2927 3509 2981 per
3564 2910 3778 2965 multos

2140 3000 2395 3072 vulgata,
2420 2999 2781 3071 prohibitum
2829 2999 3140 3054 interdicto
3169 2998 3424 3069 Josepho
3464 3017 3497 3052 a
3530 2998 3775 3069 patriar-

2142 3089 2252 3143 cha
2282 3088 2465 3143 fuisse
2490 3104 2562 3143 ne
2591 3088 2864 3159 deinceps
2897 3088 3023 3160 ipse
3053 3088 3471 3152 confessiones,
3524 3092 3586 3141 ut
3632 3087 3781 3141 sole-

2147 3176 2264 3245 bat,
2325 3177 2451 3246 ejus
2505 3177 2758 3246 privatas
2811 3176 3099 3246 acciperet
3155 3192 3405 3246 eumque
3437 3175 3778 3230 absolveret:

2147 3265 2309 3330 Quod
2341 3264 2743 3333 interdictum,
2774 3266 2822 3318 si
2855 3280 2986 3319 vere
3018 3265 3280 3335 contigit,
3315 3282 3387 3318 an
3409 3259 3777 3319 observatum

2142 3353 2238 3418 sit,
2272 3370 2343 3407 an
2377 3353 2435 3407 id
2478 3358 2883 3424 transgressus
2939 3352 3234 3424 Josephus
3292 3352 3779 3423 transgressionis

2141 3439 2313 3494 istius
2343 3441 2514 3495 venia
2532 3441 2845 3511 impetrata
2864 3440 3171 3496 restitutus
3188 3440 3248 3494 in
3267 3439 3560 3510 integrum
3585 3440 3777 3505 fuerit,

2141 3544 2211 3581 an
2244 3531 2534 3597 postremo
2567 3529 2785 3583 crimen
2823 3529 2980 3583 istud
3039 3529 3417 3584 contumacia
3448 3532 3648 3583 contra
3696 3529 3781 3582 in-

2140 3615 2452 3670 terdictum
2476 3620 2533 3669 et
2562 3632 2759 3671 revera
2789 3617 3138 3672 consciverit
3160 3617 3453 3687 Josephus
3511 3621 3569 3672 et
3615 3617 3777 3672 inex-

2141 3703 2366 3775 piatum
2397 3703 2454 3757 id
2491 3706 2789 3771 manserit,
2840 3705 2896 3759 in
2954 3705 3135 3759 medio
3195 3704 3545 3775 relinquam.
3606 3709 3781 3759 Fama

2143 3791 2353 3863 quippe
2384 3789 2469 3845 illi
2502 3790 2682 3862 priori
2713 3792 3011 3846 contraria
3041 3809 3246 3863 sparsa
3277 3809 3503 3861 quoque
3535 3796 3642 3859 est,
3685 3809 3778 3846 as-

2144 3897 2342 3936 serens
2372 3896 2675 3951 nunquam
2710 3878 2995 3950 perlatum
3029 3898 3059 3935 a
3092 3881 3425 3952 patriarcha
3455 3879 3570 3935 tale
3602 3881 3780 3934 inter-

2142 3968 2382 4023 dictum.
2417 3970 2486 4023 Et
2517 3969 2623 4023 hac
2677 3966 3011 4022 defensione
3063 3968 3352 4039 Josephus
3394 3968 3540 4038 ipse,
3594 3968 3779 4022 factus

2144 4058 2290 4113 257
2338 4061 2538 4126 postea
2598 4055 2947 4127 patriarcha,
3009 4057 3305 4123 utebatur,
3359 4056 3775 4111 asseverantis-

2144 4146 2287 4200 sime
2311 4144 2612 4199 afﬁrmans
2644 4160 3012 4214 nequaquam
3046 4144 3103 4197 id
3136 4143 3247 4197 sibi
3273 4143 3628 4213 prohibitum
3669 4162 3775 4198 un-

2145 4250 2318 4304 quam
2349 4250 2381 4287 a
2420 4232 2770 4304 patriarcha,
2828 4231 3362 4287 contradicentibus
3397 4231 3778 4287 nihilominus

2144 4328 2199 4377 et
2231 4323 2287 4376 in
2318 4327 2539 4377 asserto
2571 4321 3079 4393 perseverantibus
3136 4320 3469 4375 auctoribus
3526 4321 3777 4391 oppositi

2144 4411 2419 4480 rumoris,
2448 4410 2549 4481 qui
2579 4410 2637 4463 in
2694 4410 2834 4464 satis
2885 4425 3158 4481 magnam
3220 4407 3353 4462 inde
3384 4407 3779 4462 celebritatem

2147 4499 2309 4554 abiit.
2368 4499 2639 4569 Adeoque
2696 4498 2752 4551 id
2807 4514 2989 4551 unum
3022 4503 3077 4551 et
3137 4496 3508 4567 potissimum
3563 4500 3688 4550 erat
3723 4498 3779 4551 in

364 4646 371 4653 ,
402 4605 527 4645 cem
559 4588 838 4660 allegans,
871 4590 1175 4645 obsecrare
1206 4590 1601 4662 obtestarique
1647 4591 2033 4662 patriarcham
2072 4574 2117 4635 Ι)
2147 4589 2513 4656 criminibus,
2547 4604 2672 4657 quae
2692 4586 2999 4641 Arseniani
3022 4584 3678 4655 objectabantJosepho,
3709 4587 3778 4641 ab

402 4677 620 4733 institit
642 4678 1549 4734 utitandeminﬂexusinduceret
1565 4679 1902 4736 inanimum
1924 4698 2035 4735 non

403 4765 656 4837 amplius
669 4767 968 4838 aspernari
984 4783 1183 4838 preces
1198 4783 1358 4822 suas.
1372 4766 1750 4823 Vehementer
1772 4768 1826 4821 id
1842 4768 2035 4839 ipsum

403 4855 473 4909 ab
507 4856 707 4910 eodem
733 4855 986 4925 episcopi
1006 4856 1431 4910 contenderunt
1452 4859 1705 4925 orantes,
1728 4872 2036 4927 argumen-

405 4945 480 4997 tis
512 4943 687 4998 etiam
722 4943 1027 5012 adhibitis,
1045 4948 1100 4999 et
1116 4944 1425 5015 indignum
1441 4943 1622 4999 videri
1644 4949 2038 5000 contestantes

407 5032 728 5103 principem
760 5035 923 5087 tanto
954 5037 1211 5104 tempore
1247 5032 1361 5087 isto
1394 5032 1564 5102 quasi
1607 5033 1898 5103 ergastulo
1931 5034 2038 5088 diri

408 5120 799 5175 anathematis
831 5121 1212 5176 constrictum
1244 5120 1508 5176 detineri.
1544 5120 1799 5192 Urgebat
1846 5139 1947 5192 pro
1980 5139 2040 5177 se

406 5224 639 5279 quoque
687 5209 958 5263 ardenter
1014 5225 1135 5264 rem
1193 5209 1458 5265 eamdem
1516 5209 1842 5280 spiritualis
1872 5214 2041 5265 Pater

405 5296 709 5368 supplicis,
744 5295 864 5363 ille,
898 5312 1071 5368 quem
1102 5297 1242 5365 dixi,
1275 5297 1358 5352 vir
1399 5299 1767 5367 reverendus,
1819 5300 2040 5355 demis-

403 5382 638 5438 sissimo
671 5383 989 5454 deprecans
1019 5385 1277 5455 suscepti
1308 5385 1401 5439 sui
1431 5384 1667 5440 nomine
1700 5389 1762 5440 ut
1788 5387 2039 5457 castiga-

403 5470 618 5526 tionem
645 5488 822 5543 quam
846 5488 1068 5542 aequam
1086 5473 1412 5541 judicasset
1444 5473 1868 5544 praescriberet,
1891 5479 1949 5529 et
1976 5492 2040 5529 ea

408 5563 779 5632 perfunctum
797 5560 1105 5615 miseratus
1126 5561 1518 5617 anathematis
1529 5561 1758 5617 vinculo
1772 5564 2037 5619 solveret.

410 5651 594 5705 Surdo
626 5649 748 5704 haec
778 5650 1154 5705 canebantur.
1186 5650 1493 5721 Obduruit,
1527 5653 1668 5722 quin
1700 5652 1874 5708 etiam
1906 5669 2039 5708 exa-

2147 4694 2210 4734 eo
2235 4676 2549 4732 schismate
2580 4675 2834 4730 discissi.

2148 4830 2199 4882 3.
2238 4830 2299 4884 Ut
2329 4826 2548 4881 libellus
2604 4823 2967 4879 accusationis
2996 4828 3185 4879 contra
3210 4824 3593 4894 patriarcham
3623 4824 3781 4880 datus

2739 4899 2817 4950 ,ςίί
2844 4895 3188 4967 imperatori.

2219 5031 2383 5085 Tunc
2417 5029 2594 5101 igitur
2622 5030 2731 5084 sub
2766 5028 3000 5082 initium
3036 5028 3275 5099 Aprilis,
3309 5029 3590 5085 solemnis
3628 5031 3781 5101 jeju-

2151 5120 2230 5173 nii
2255 5123 2536 5190 tempore,
2562 5118 2593 5172 d
2606 5134 2701 5173 um
2718 5117 2930 5172 festum
2958 5122 3222 5187 ageretur
3236 5119 3389 5187 quod
3408 5118 3781 5173 Acathistum

2149 5208 2319 5281 vulgo
2346 5208 2663 5273 nominant,
2697 5206 2934 5275 quidam
2960 5223 3029 5261 ex
3070 5205 3221 5261 clero
3267 5206 3653 5278 Epsetopulus
3684 5224 3778 5262 co-

2149 5304 2487 5371 gnomento,
2520 5296 2579 5351 in
2610 5295 2813 5351 ordine
2844 5294 3204 5350 notariorum
3226 5296 3570 5365 patriarchae
3600 5295 3779 5352 inser-

2148 5389 2332 5457 viens,
2364 5378 2792 5457 post‘ipsorum
2844 5384 3264 5454 primicerium,
3314 5400 3488 5452 quem
3535 5384 3775 5439 Mesiten

2149 5478 2271 5532 sive
2300 5474 2677 5531 mediatorem
2708 5473 2969 5544 plerique
2998 5475 3190 5527 solent
3210 5471 3402 5542 amplo
3424 5471 3657 5527 nomine
3683 5490 3777 5527 vo-

2149 5580 2299 5633 care,
2321 5562 2580 5617 libellum
2599 5579 2630 5615 a
2652 5578 2712 5615 se
2726 5561 3012 5629 digestum
3038 5559 3509 5614 accusationibus
3540 5558 3773 5629 plenum

2147 5658 2352 5723 sponte
2382 5649 2716 5721 imperatori
2748 5646 3007 5716 tradidit,
3040 5650 3214 5701 noctu
3247 5651 3379 5717 post
3416 5647 3592 5702 finem
3616 5646 3776 5719 hym-
