4162 6292
424 373 531 427 703

1716 379 2022 437 GEORGII
2059 379 2521 436 PACHYMERE

3704 378 3817 434 704

428 495 524 551 λον
551 499 1019 572 κατηγορημάτων
1051 499 1240 573 πλήρη
1275 498 1595 573 συνθέμενος
1623 501 1842 573 ἀσμένῳ
1881 499 2063 575 ἐγχει-
2092 502 2145 568 Α
2178 499 2268 554 σὺν
2351 508 2466 565 τοῖς
2552 504 2846 578 σατράπαις
2915 504 3078 557 αὐτοῦ
3124 499 3259 556 κατά
3307 501 3368 556 τὸ
3423 500 3665 577 ὀρθρινὸν
3710 508 3810 569 τῆς

426 584 556 658 ρίζει
615 590 694 656 τῷ
748 585 985 660 βασιλεῖ,
1016 590 1205 649 νυκτὸς
1229 588 1351 643 τότε
1401 587 1567 659 οὔσης
1631 592 1764 663 μετά
1810 592 1908 659 τὴν
1965 596 2066 658 τῆς

429 670 700 744 ὑμνῳδίαις
735 673 1104 748 ἐκπλήρωσιν,
1138 678 1200 733 Ὀ
1250 675 1305 731 δέ
1362 680 1487 739 τοὺς
1540 680 1951 753 παρατυχόντας
2009 678 2067 732 ἐκ

423 767 527 816 τῶν
581 767 677 816 τοῦ
738 764 949 839 κλήρου
1008 766 1336 840 συγκαλέσας
1388 769 1497 840 ἅμα
1528 769 1715 842 ἠρώτα
1748 769 1911 822 εἶκαὶ
1970 768 2068 821 αὐ-

424 851 509 904 τοὶ
542 849 815 906 συνοίδασι
844 858 923 925 τῷ
956 855 1345 928 Ἑψητοτούλῳ
1391 858 1458 911 τά
1506 858 1557 911 οἱ
1615 858 1941 932 πραχθέντα.
1976 858 2065 917 Ὠς

427 936 473 992 δ’
512 940 613 993 οὐκ
660 940 726 1008 ἦν
781 947 1097 996 κατανεῦσαι
1160 943 1453 1008 ἀκούοντας
1502 946 1648 1012 πλὴν
1707 946 1822 1007 ἑνὸς
1882 947 1916 1015 ἢ
1973 944 2064 999 καὶ

428 1025 697 1101 δευτέρου,
723 1031 844 1103 περί
901 1051 959 1084 τε
1014 1036 1118 1084 τῶν
1175 1032 1481 1108 κεφαλαίων
1542 1031 1933 1101 διεπυνθάνετο,
1974 1034 2063 1087 καὶ

424 1114 615 1177 ὁποίας
652 1115 734 1185 εἷ”η
768 1124 866 1185 τῆς
899 1116 1229 1192 ὑπολήψεως
1265 1122 1291 1174 ὁ
1321 1121 1414 1175 τὸν
1448 1116 1704 1177 λίϐελλον
1735 1122 2061 1197 ἐγχειρίσας.

418 1205 514 1265 Ὠς
572 1202 617 1258 δ’
650 1204 983 1279 ἐμαρτύρουν
1048 1208 1141 1279 μὲν
1188 1213 1265 1278 τῷ
1322 1207 1525 1263 διδόντι
1581 1209 1647 1263 τά
1699 1209 1909 1284 μέτρια,
1940 1209 2063 1283 περὶ

426 1288 482 1344 δὲ
536 1296 640 1343 τῶν
699 1292 1010 1367 κεφαλαίων
1086 1294 1480 1370 ἀπελογοῦντο,
1548 1298 1779 1372 ἀνάγκην
1835 1298 1926 1351 τὸν
1987 1297 2064 1358 εἷς

425 1380 705 1441 τοιούτους
734 1382 945 1454 ἀγῶνας
990 1381 1399 1456 ἀποδυσάμενον
1445 1384 1532 1439 καί
1577 1386 1705 1447 τοὺς
1755 1383 2061 1446 συνειδότας

424 1462 570 1541 ἔχειν
607 1468 633 1521 ό
671 1468 919 1541 βασιλεὺς
951 1470 1108 1531 εὐθύς
1149 1472 1375 1543 οἰηθεὶς,
1406 1473 1495 1527 καὶ
1555 1473 1629 1535 εἷς
1677 1480 1865 1548 χεῖρας
1914 1472 2058 1547 ἔχειν

419 1557 513 1610 τὸν
549 1556 761 1624 λέοντα,
792 1557 949 1632 ἀπρὶξ
982 1557 1161 1632 ε’ίχετο
1210 1566 1318 1615 τῶν
1367 1562 1705 1637 γραμμάτων
1739 1563 1828 1616 καὶ
1876 1563 2059 1635 καιρὸν

423 1645 578 1699 ἐτίθει
628 1653 727 1714 τῆς
770 1646 892 1716 περὶ
944 1649 1151 1702 τούτων
1191 1652 1445 1722 σκέψεως.
1480 1653 1571 1711 Οἷς
1632 1649 1688 1703 δὲ
1746 1649 2063 1727 κεφαλαίοις

426 1735 453 1786 6
499 1730 765 1795 λίϐελλος
818 1736 1235 1809 συγκεκρότητο,
1268 1735 1384 1791 τάδ’
1409 1740 1567 1807 ἦσαν,
1596 1740 1668 1800 ὡς
1720 1740 1885 1793 εἰπεῖν
1944 1739 2060 1802 καθ’

2177 589 2431 665 λαμπρᾶς
2470 594 2559 646 καὶ
2612 591 2852 668 μεγάλης
2881 594 3153 667 Κυριακῆς
3182 596 3262 663 τῷ
3292 593 3606 664 πατριάρχῃ
3653 588 3810 644 λιτα-

2172 678 2379 733 νεύοντι
2438 679 2687 744 συνέλθοι
2746 702 2801 734 τε
2855 681 2945 734 καὶ
3002 679 3457 736 συλλιτανεύσειε.
3491 679 3592 735 Καὶ
3624 678 3658 732 ἃ
3712 680 3809 751 μὲν

2175 772 2252 839 τῷ
2278 763 2525 841 λιϐέλλῳ
2556 767 2899 843 διειλήφατο,
2929 769 3095 824 ταῦτά
3122 789 3181 823 τε
3231 768 3320 821 καὶ
3376 768 3584 830 τοιαῦθ’
3610 764 3769 840 ἕτερα
3796 786 3812 801 ο

2171 860 2251 926 τῷ
2292 856 2477 927 μέντοι
2531 878 2592 932 γε
2648 855 2961 932 πατριάρχῃ
3018 857 3080 911 τὸ
3136 856 3385 929 παράπαν
3442 856 3651 928 ἀγνοεῖν
3710 856 3815 909 οὐκ

2171 943 2261 1013 ἦν,
2294 943 2445 1015 ὅμως
2495 941 2553 997 δὲ
2601 950 2715 1015 Θεῷ
2761 946 2823 999 τὸ
2853 951 2953 999 πᾶν
2987 943 3288 1017 ἐπιτρέπων
3320 943 3614 1017 ἡσύχαζεν.
3644 944 3705 999 Ὁ
3757 940 3815 996 δέ

2172 1051 2234 1105 γε
2269 1029 2519 1106 βασιλεὺς
2549 1037 2655 1086 τῶν
2687 1035 3025 1107 γραμμάτων
3058 1033 3193 1101 ἅπαξ
3238 1030 3640 1103 ἐπειλημμένος
3686 1029 3815 1091 τοὺς

2171 1117 2570 1191 ἐπιδημοῦντας
2610 1125 2691 1191 [Ρ.
2725 1124 2850 1193 475]
2890 1125 2958 1192 τῇ
2992 1120 3397 1176 Κωνσταντίνου
3453 1123 3563 1173 τῶν
3619 1119 3815 1193 ἀρχιε-

2173 1206 2309 1281 ρέων
2340 1206 2651 1283 ἐπισυνῆγε,
2684 1210 2774 1263 καὶ
2832 1207 2898 1279 δὴ
2959 1206 3241 1282 προῦτεινε
3302 1208 3393 1280 μὲν
3452 1205 3678 1267 ἐκείνοις
3736 1206 3814 1268 εἷς

2169 1301 2363 1370 γνῶσιν
2394 1297 2459 1351 τά
2487 1300 2802 1372 γράμματα,
2839 1297 3112 1352 ἐκοινοῦτο
3172 1294 3229 1351 δέ
3284 1295 3428 1373 σφίσι
3480 1296 3582 1363 τὴν
3626 1297 3813 1368 σκέψιν

2171 1384 2320 1448 ὅπως
2348 1386 2560 1456 ποιοίη.
2594 1387 2673 1440 Οὐ
2702 1387 2801 1460 γὰρ
2832 1387 2897 1455 ἦν
2955 1387 3271 1458 ὑπερθέσθαι
3329 1389 3559 1459 πρᾶγμα
3616 1382 3810 1439 δοκοῦν

2170 1470 2578 1546 συμϐάλλεσθαι
2635 1479 2716 1546 τῷ
2772 1480 2980 1547 σκοπῷ,
3012 1472 3108 1528 κᾶν
3169 1473 3266 1527 οὐκ
3311 1471 3484 1527 ἐδόκει
3547 1474 3811 1547 ἀποχρῶν

2169 1563 2303 1637 πρὸς
2333 1563 2395 1616 τὸ
2423 1563 2514 1617 τὸν
2555 1565 2898 1638 πατριάρχην
2934 1560 3248 1633 δεδίξεσθαι.
3283 1562 3522 1623 Ἐκεῖνος
3572 1561 3672 1636 γάρ
3720 1563 3811 1616 καὶ

2174 1654 2249 1720 μὴ
2303 1651 2438 1724 πρὸς
2491 1650 2787 1724 ἀπολογίαν
2842 1646 2919 1706 ἔτι
2975 1650 3315 1724 καλούμενος
3371 1648 3717 1723 ἀπελογεῖτο,
3746 1651 3810 1704 τὸ

2176 1741 2267 1812 μὲν
2300 1743 2395 1793 τοῦ
2422 1737 2667 1813 ψαλμοῦ,
2700 1740 2773 1801 ὡς
2801 1739 2961 1801 αὐτὸς
2987 1736 3069 1808 εἷή
3104 1740 3132 1793 6
3162 1739 3318 1807 τάξας
3359 1742 3520 1792 τοῦτο
3566 1739 3629 1791 τὸ
3657 1740 3812 1812 πρῶ-

422 1812 643 1876 ἓκαστον
680 1842 691 1854 ·
718 1828 935 1896 πρῶτον
967 1825 1028 1877 τὸ
1060 1826 1111 1878 έν
1144 1826 1291 1900 ἀρχῇ
1314 1829 1413 1895 τῆς
1472 1827 1727 1901 όρθρινῆς
1789 1824 2061 1899 ὑμνῳδίαις
2092 1847 2138 1911 Β
2167 1849 2282 1900 τον,
2314 1828 2387 1889 ὡς
2417 1834 2532 1890 τοῖς
2568 1834 2831 1902 μοναχοῖς
2885 1827 3110 1897 σύνηθες
3162 1829 3243 1897 ὃν,
3278 1829 3375 1881 κάν
3420 1830 3486 1899 τῇ
3544 1824 3813 1898 ἐκκλησίᾳ

424 1912 516 1965 τὸν
552 1911 681 1984 ὑπὲρ
712 1916 808 1965 τοῦ
844 1913 1109 1985 βασιλέως
1141 1912 1359 1987 ψαλμὸν
1403 1914 1648 1988 ἐγκόψαι,
1679 1916 1828 1987 μόνῳ
1888 1915 1944 1971 δὲ
1984 1921 2063 1988 τῷ

425 1997 684 2074 τρισαγίῳ
714 2000 801 2053 καὶ
832 2005 910 2071 τῷ
948 1998 1030 2054 ἐπ’
1061 2000 1205 2072 αὐτῷ
1240 2003 1576 2075 μνημοσύνῳ
1625 2004 1875 2058 κελεῦσαι
1924 2025 2061 2077 προ-

428 2087 763 2159 οιμιάζεσθαι
800 2108 812 2121 ·
846 2086 1089 2162 δεύτερον
1124 2091 1185 2144 τὸ
1215 2093 1561 2165 προσκεῖσθαι
1600 2097 1714 2154 τοῖς
1760 2097 1855 2146 τοῦ
1889 2092 2063 2147 Σουλ-

424 2178 517 2231 τάν
564 2176 825 2249 εὐμενῶς,
860 2178 933 2239 ὡς
982 2180 1069 2232 καί
1119 2200 1241 2252 σφιν
1300 2177 1502 2255 ἐφεῖναι
1558 2185 1636 2251 τῷ
1695 2180 1911 2254 λουτρῷ
1964 2187 2063 2248 τῆς

427 2264 719 2334 ἐκκλησίας
778 2275 1038 2339 συχνάκις
1074 2266 1413 2335 ἐλλούεσθαι,
1454 2268 1651 2340 τιμίων
1702 2271 2064 2342 χαρακτήρων

424 2359 652 2428 σταυροῦ
734 2355 905 2409 ἐκεῖσε
978 2361 1094 2416 τοῖς
1168 2358 1476 2433 μαρμάροις
1556 2357 2060 2433 ἐγκεχαραγμένων,

422 2445 745 2519 Ἀγαρηνοῖς
807 2442 922 2498 οῦσι
981 2445 1070 2498 καὶ
1126 2446 1392 2517 ἀμυήτοις
1428 2466 1440 2478 ⁵
1472 2448 1653 2522 τρίτον
1697 2449 1770 2509 ὡς
1821 2448 1908 2501 καὶ
1947 2452 2062 2508 τοῖς

422 2534 587 2586 υἱέσιν
616 2532 819 2587 ἐκείνου
847 2539 927 2604 τῷ
958 2532 1080 2604 ἰδίῳ
1115 2540 1345 2609 μοναχῷ
1394 2534 1738 2607 μεταδιδόναι
1770 2542 1877 2590 τῶν
1910 2538 2061 2611 ἁγια-

420 2624 639 2694 σμάτων
698 2623 1021 2689 κελεύσειεν,
1055 2622 1260 2694 ἄδηλον
1322 2626 1379 2679 ’ὸν
1440 2626 1485 2679 εἰ
1539 2630 1619 2696 τῷ
1676 2628 1801 2698 θείῳ
1845 2625 2061 2698 λουτρῷ

420 2710 795 2782 ἐτελέσθησαν,
826 2712 915 2765 καὶ
954 2713 1016 2767 τὸ
1052 2712 1138 2767 ἐπὶ
1163 2713 1398 2783 τούτοις,
1433 2715 1508 2778 ὡς
1537 2715 1564 2768 6
1597 2714 1756 2777 αὐτὸς
1816 2715 2057 2769 Σουλτάν

425 2911 629 2967 mediae.
668 2916 987 2983 Imperator
1016 2913 1346 2968 convocatis
1405 2914 1505 2984 qui
1536 2915 1678 2969 forte
1737 2919 2054 2985 praesentes

421 3001 736 3054 adfuerunt
767 3014 795 3053 e
827 2999 1001 3069 clero,
1033 3001 1209 3056 simul
1232 3018 1437 3057 omnes
1461 3002 1827 3072 interogabat
1844 3004 2053 3074 ecquid

421 3105 708 3144 consensu
742 3091 797 3142 et
818 3090 1173 3145 conscientia
1227 3090 1491 3161 ipsorum
1551 3092 1939 3161 Epsetopulus
1997 3093 2054 3147 id

414 3177 646 3248 egisset.
680 3176 824 3230 Cum
874 3182 1068 3231 autem
1127 3194 1295 3232 nemo
1352 3181 1636 3232 annueret
1692 3177 2052 3235 audientium

415 3268 624 3335 prmter
650 3280 831 3318 unum
866 3268 965 3318 aut
996 3264 1263 3334 alterum,
1321 3264 1393 3319 de
1440 3264 1713 3336 capitulis
1747 3272 2049 3337 perconta-

416 3353 607 3420 batur,
643 3351 937 3423 simulque
968 3352 1136 3422 cujus
1168 3357 1321 3407 esset
1350 3352 1800 3407 existimationis
1850 3356 1946 3425 qui
1981 3355 2053 3409 li-

417 3441 635 3495 bellum
663 3439 967 3495 obtulerat.
998 3442 1081 3494 Ad
1117 3458 1183 3495 ea
1214 3440 1438 3495 clericis
1472 3441 1657 3496 datori
1715 3443 1950 3513 quidem
1982 3444 2053 3498 li-

415 3528 551 3583 belli
580 3529 870 3583 mediocre
902 3529 1305 3584 testimonium
1349 3529 1749 3599 reddentibus,
1809 3532 2053 3587 crimina

414 3632 549 3669 vero
580 3614 1016 3682 excusantibus,
1041 3616 1315 3686 opinatus
1335 3616 1531 3670 statim
1560 3616 1681 3671 fieri
1715 3634 1830 3673 non
1883 3635 2052 3689 posse

417 3704 560 3774 quin
594 3704 832 3757 haberet
853 3704 1117 3758 conscios
1149 3705 1247 3774 qui
1282 3709 1510 3759 tantum
1543 3722 1605 3760 se
1648 3706 1707 3760 in
1758 3711 2047 3761 certamen

418 3794 583 3847 daret
608 3791 817 3861 cupide
849 3792 1129 3863 scriptum
1163 3792 1419 3847 oblatum
1453 3793 1659 3859 tenuit,
1684 3794 2049 3849 occasionem

415 3881 549 3935 inde
583 3880 693 3934 sibi
715 3882 1071 3935 nascituram
1097 3897 1393 3952 augurans
1414 3881 1620 3949 leonis,
1641 3883 1809 3951 cujus
1827 3886 2049 3938 tantam

416 3971 773 4040 experiretur
803 3968 1103 4038 saevitiam,
1162 3969 1221 4024 in
1268 3974 1555 4039 potestate
1612 3969 1883 4025 habendi.
1921 3970 2049 4026 Mox

414 4058 559 4112 diem
576 4057 932 4128 praescripsit
962 4058 1234 4111 examini.
1268 4057 1535 4128 Capitula
1566 4057 1760 4112 libello
1791 4074 2049 4131 compre-

413 4146 594 4201 hensa
624 4146 744 4199 haec
786 4147 963 4199 ferme
994 4150 1180 4213 erant,
1213 4147 1494 4216 primum,
1522 4162 1589 4200 ex
1620 4147 1903 4218 principio
1922 4165 2046 4204 ma-

412 4234 613 4288 tutinze
642 4234 792 4289 258
826 4232 1153 4304 hymnodiae
1213 4234 1508 4303 psalmum
1567 4250 1669 4303 pro
1699 4234 2049 4306 imperatore

413 4324 664 4377 recisum
690 4339 723 4375 a
748 4322 1343 4392 patriarcha,jubente
1370 4321 1493 4375 solo
1511 4322 1775 4393 Trisagio
1797 4329 1852 4379 et
1874 4342 2050 4396 super

415 4428 480 4466 eo
521 4410 1075 4466 commemoratione
1131 4408 1476 4480 prooemium
1534 4410 1778 4466 absolvi.
1834 4413 2049 4467 Secun-

413 4499 579 4567 dum,
611 4498 863 4552 nimium
898 4514 959 4552 se
988 4514 1344 4568 propensum
1376 4503 1433 4552 et
1448 4498 1793 4554 familiarem
1818 4499 2043 4555 Sultani

2170 1917 2460 1986 τελεῖσθαι,
2521 1919 2610 1971 καὶ
2667 1916 2826 1979 αὐτὸς
2877 1914 3094 1986 ἀθετοίη
3157 1915 3323 1971 πάλιν
3379 1915 3452 1976 ὡς
3510 1912 3813 1989 αὐτάρκους

2173 2003 2455 2065 δοκοῦντος
2482 2003 2579 2058 τοῦ
2627 2005 2909 2079 τρισαγίου
2967 2005 3058 2059 σὺν
3110 2009 3190 2077 τῷ
3238 2004 3573 2077 μνημοσύνῳ
3606 2004 3680 2064 εἰς
3720 2005 3808 2058 εὑ·-

2170 2100 2279 2166 χῆς
2311 2092 2655 2168 ἐκπλήρωσιν
2692 2113 2704 2125 ·
2736 2093 2826 2147 καὶ
2860 2091 3077 2154 δικαίως
3101 2092 3160 2146 ἂν
3221 2091 3705 2167 ἀπολογησόμενος
3762 2091 3807 2145 εἶ

2169 2181 2260 2234 καὶ
2315 2185 2474 2235 τοῦτο
2531 2179 2724 2249 τελοίη
2782 2180 2924 2235 οὕτω
2978 2180 3074 2234 τοῦ
3106 2178 3376 2254 βασιλέως
3407 2179 3654 2253 ἔχοντος,
3687 2183 3802 2240 πῶς

2172 2268 2229 2321 ἃν
2290 2267 2513 2329 δικαίως
2571 2267 2858 2342 ἐγκαλοῖτο
2907 2268 3163 2345 καθυφεὶς
3217 2272 3314 2322 τοῦ
3362 2266 3682 2336 παντός;τὸ
3739 2264 3793 2319 δὲ

2168 2354 2300 2419 τοὺς
2326 2361 2421 2410 τοῦ
2445 2356 2687 2411 Σουλτάν
2722 2355 2808 2410 ἐπὶ
2836 2360 2913 2427 τῷ
2942 2360 3162 2430 λουτρῷ
3194 2354 3449 2411 λούεσθαι
3504 2355 3649 2408 αὐτὸν
3700 2354 3787 2425 μὲν

2174 2447 2301 2517 μήτ’
2328 2442 2524 2499 εἰδέναι
2570 2447 2707 2516 μήτε
2761 2444 3023 2500 κελεύειν.
3057 2467 3086 2496 (ι
3119 2444 3266 2505 Τέως
3325 2442 3550 2504 δικαίως
3607 2441 3665 2495 ἃν
3718 2441 3804 2495 ἐκ-

2168 2533 2437 2587 κλείοιντο
2466 2532 2682 2587 πάντων
2714 2532 2909 2588 ἐκεῖνοι
2942 2536 3047 2586 τῶν
3098 2530 3365 2605 λοετρῶν,
3396 2532 3507 2606 οὐχ
3551 2532 3713 2599 ἦττον
3770 2532 3805 2599 ἢ

2167 2626 2263 2677 τοῦ
2292 2625 2391 2686 τῆς
2420 2619 2736 2691 ἐκκλησίας,
2765 2621 2839 2682 ὠς
2862 2626 2969 2675 τῶν
3003 2618 3188 2675 ἄλλων
3235 2620 3372 2694 πρὸς
3431 2624 3547 2681 τοῖς
3600 2618 3806 2693 χαράγ-

2174 2733 2301 2785 μασι
2340 2714 2435 2765 τοῦ
2465 2715 2696 2784 σταυροῦ
2724 2712 2811 2765 καὶ
2864 2710 3089 2765 εἰκόνων
3150 2709 3556 2784 εὐμοιρούντων
3616 2708 3803 2783 ἁγίων.

2160 2918 2291 2968 tene
2313 2911 2667 2984 quiescebat.
2700 2909 2767 2963 At
2794 2908 3109 2978 imperator
3138 2907 3399 2964 admissa
3428 2909 3608 2964 semel
3640 2907 3798 2964 dela-

2163 3002 2320 3056 tione
2351 2998 2703 3071 scriptisque
2734 2995 3113 3052 accusatoriis
3146 2996 3413 3065 receptis,
3450 3013 3802 3068 congregra-

2163 3091 2247 3145 vit
2276 3089 2580 3160 episcopos
2609 3087 2855 3141 aliarum
2887 3084 3121 3139 urbium
3149 3084 3250 3155 qui
3290 3088 3431 3140 tunc
3462 3086 3799 3141 Constanti-

2166 3177 2361 3249 nopoli
2392 3180 2531 3232 sunt
2562 3174 2795 3245 reperti,
2827 3173 3027 3244 eisque
3055 3173 3125 3227 ad
3149 3172 3413 3228 notitiam
3441 3173 3657 3244 scripta
3684 3173 3797 3228 sibi

2164 3267 2379 3321 tradita
2402 3264 2665 3337 protulit,
2681 3264 2813 3317 etut
2832 3261 3221 3317 communiter
3240 3277 3441 3317 secum
3465 3262 3799 3317 considera-

2162 3360 2291 3411 rent
2322 3354 2461 3425 quid
2496 3353 2605 3408 sibi
2666 3354 2817 3405 esset
2862 3349 3193 3405 faciendum
3226 3349 3412 3420 petiit.
3460 3349 3585 3406 Non
3639 3350 3794 3406 enim

2159 3450 2284 3500 erat
2313 3459 2418 3497 cur
2437 3441 2765 3495 differretur
2788 3438 3085 3510 negotium
3109 3454 3222 3509 quo
3245 3438 3468 3493 dudum
3500 3439 3796 3510 aspirabat

2154 3534 2309 3588 viam
2344 3531 2625 3602 pandens,
2659 3529 2767 3583 etsi
2796 3544 2911 3583 non
2943 3528 3248 3583 videbatur
3269 3527 3568 3583 sufﬁciens
3591 3528 3661 3582 ad
3676 3532 3793 3582 ter-

2158 3621 2404 3675 rendum
2437 3617 2850 3689 patriarcham.
2884 3614 2985 3670 Ille
3043 3616 3281 3687 quippe,
3314 3620 3613 3686 utcunque
3643 3632 3793 3671 non-

2156 3710 2296 3763 dum
2328 3706 2543 3761 citatus
2581 3706 2651 3760 ad
2680 3722 2783 3776 pro
2817 3720 2878 3758 se
2905 3704 3240 3768 dicendum,
3276 3705 3667 3774 respondebat
3687 3705 3789 3759 ob-

2148 3797 2341 3868 jectis,
2369 3797 2437 3850 ad
2464 3795 2719 3866 primum
2752 3794 2985 3864 quidem
3019 3793 3089 3847 de
3116 3791 3366 3863 psalmo,
3398 3793 3563 3847 aiens
3594 3809 3656 3848 se
3686 3810 3791 3847 au-

2155 3890 2367 3940 ctorem
2401 3884 2585 3938 fuisse
2614 3883 2783 3937 istius
2811 3880 3023 3952 psalmi
3054 3879 3159 3934 tali
3192 3885 3455 3951 tempore
3496 3880 3789 3949 cantandi,

2155 3977 2212 4029 et
2242 3988 2371 4027 cum
2406 3974 2577 4026 antea
2606 3969 2748 4025 solis
2779 3986 2811 4023 ο.
2843 3966 3147 4022 monachis
3187 3967 3247 4021 id
3297 3967 3423 4023 ﬁeri
3454 3968 3788 4023 consuevis-

2154 4067 2262 4127 set,
2299 4060 2551 4131 primum
2585 4074 2646 4113 se
2677 4059 2737 4112 in
2769 4056 3038 4112 Ecclesiaa
3068 4072 3239 4109 usum
3285 4055 3608 4111 induxisse.
3637 4057 3789 4113 259

2154 4150 2362 4207 Verum
2395 4149 2663 4204 eumdem
2698 4164 2760 4201 se
2791 4146 2847 4199 id
2881 4149 3084 4217 postea
3113 4144 3479 4215 improbasse
3523 4161 3791 4201 revocas-

2155 4253 2353 4308 seque,
2403 4237 2552 4307 quod
2615 4234 2883 4290 sufﬁcere
2933 4232 3227 4287 videretur
3281 4232 3610 4304 Trisagium
3655 4250 3790 4289 cum

2155 4324 2705 4381 commemoratione
2735 4323 2807 4377 ad
2841 4321 3119 4376 orationis
3170 4320 3579 4391 expletionem.
3638 4325 3790 4376 Prae-

2154 4420 2311 4469 terea
2344 4413 2390 4467 si
2422 4413 2539 4467 alia
2569 4411 2703 4465 facti
2737 4410 2913 4480 hujus
2942 4409 3204 4464 defensio
3226 4410 3471 4477 deesset,
3500 4409 3601 4465 illa
3622 4426 3683 4466 se
3705 4411 3792 4465 uti

2149 4505 2312 4573 justa
2334 4501 2596 4573 potuisse
2620 4515 2797 4570 quam
2820 4502 3159 4569 suggereret
3176 4514 3430 4569 praesens
3451 4502 3640 4553 status
3682 4499 3794 4553 im-

416 4588 755 4656 praebuisse,
787 4586 929 4641 adeo
963 4593 1023 4639 ut
1054 4586 1106 4639 ei
1138 4590 1193 4640 et
1220 4587 1531 4640 comitibus
1561 4588 1890 4656 permiserit
1938 4607 2043 4644 sae-
2073 4564 2120 4627 D
2152 4590 2461 4662 peratoris;
2485 4588 2583 4659 qui
2614 4604 2729 4658 quo
2752 4588 2889 4658 jure
2921 4588 3085 4657 queri
3138 4590 3337 4658 posset
3392 4585 3694 4641 exclusum
3724 4604 3786 4642 se
3812 4620 3826 4633 ο

413 4675 543 4745 pius
574 4674 752 4728 lavari
786 4674 844 4727 in
876 4672 1102 4728 lavacro
1134 4674 1408 4740 ecclesiae,
1437 4676 1535 4729 ubi
1570 4682 1708 4730 sunt
1746 4676 1913 4747 signa
1954 4694 2046 4733 ve-

414 4763 685 4817 nerandae
716 4762 907 4817 crucis
939 4763 1333 4817 marmoribus
1378 4763 1690 4836 insculpta,
1751 4783 1883 4821 cum
1944 4767 2043 4823 isti

409 4855 607 4907 essent
635 4851 881 4922 Agareni
926 4855 982 4905 et
1033 4849 1249 4906 Christi
1296 4853 1704 4921 mysteriorum
1760 4860 2039 4925 expertes.

418 4941 701 5009 Tertium,
730 4940 880 5010 quod
912 4939 1052 4994 ﬁliis
1081 4941 1209 5009 ejus
1240 4943 1660 4997 communicari
1712 4961 1812 5015 per
1868 4962 2038 4999 suum

411 5029 762 5084 monachum
796 5044 992 5082 sacras
1026 5028 1401 5083 Eucharistiaa
1436 5030 1715 5101 reliquias
1739 5033 2040 5100 jussisset,

410 5134 542 5172 eum
575 5133 687 5170 non
721 5120 1013 5171 constaret
1043 5134 1113 5171 an
1142 5134 1307 5172 sacro
1340 5118 1632 5188 baptismo
1657 5120 1867 5173 initiati
1900 5121 2043 5175 fuis—

410 5210 985 5275 sent.Pra3tereaque
1017 5205 1141 5275 ipse
1172 5206 1363 5260 sultan
1415 5223 1547 5260 cum
1608 5207 1731 5261 suis
1792 5210 2042 5279 satrapis

410 5312 511 5363 per
552 5294 899 5348 matutinum
958 5294 1272 5364 splendidze
1334 5310 1693 5376 magnaeque.
1729 5296 2041 5351 Dominicae

412 5382 753 5451 patriarchae
788 5382 1021 5436 litanias
1055 5382 1369 5435 celebranti
1413 5382 1695 5436 adfuisset
1748 5390 1808 5453 et
1864 5385 2039 5439 simul

412 5470 668 5523 Litanias
694 5470 1148 5525 recitasset.Haec
1178 5474 1234 5522 et
1262 5469 1319 5523 id
1348 5484 1532 5538 genus
1554 5469 1661 5523 alia
1694 5471 1888 5528 libello
1919 5474 2039 5529 ine-

411 5558 1091 5628 rant.Porropatriarehae
1132 5558 1283 5611 haud
1331 5574 1747 5629 usquequaque
1776 5561 2037 5632 ignotum

410 5650 530 5700 erat
559 5646 694 5716 quid
729 5652 1062 5716 gereretur:
1096 5650 1291 5702 tamen
1324 5646 1374 5701 is
1404 5650 1594 5701 totum
1634 5648 1750 5704 Deo
1800 5652 2038 5721 permit-

2152 4679 2438 4751 particula
2468 4678 2720 4750 quadam
2752 4676 3284 4731 ecclesiasticarum
3335 4692 3595 4746 precum,
3629 4680 3789 4747 post-

2153 4786 2329 4839 quam
2365 4768 2650 4840 patienter
2677 4769 2733 4821 et
2763 4764 3015 4820 demisse
3046 4764 3435 4835 acquievisset
3463 4780 3792 4819 excommu-

2153 4858 2452 4925 nicationi,
2495 4874 2612 4928 qua
2665 4855 2929 4911 omnium
2986 4870 3285 4908 sacrorum
3350 4853 3793 4925 participatione

2154 4945 2614 5002 areeretur?Ad
2673 4943 2922 4999 sultanis
2979 4942 3222 4997 comites
3280 4942 3435 5012 quod
3493 4943 3787 5009 attineret,

2152 5036 2304 5090 lotos
2335 5050 2432 5089 eos
2463 5032 2718 5088 ecclesiae
2750 5031 2955 5086 balneo
2980 5030 3199 5085 nescire
3239 5045 3321 5099 se,
3355 5045 3546 5100 neque
3575 5030 3630 5083 id
3656 5031 3787 5099 jus-

2160 5122 2623 5178 sisse.Gaeterum
2654 5121 2704 5176 si
2735 5120 2985 5191 allegata
3013 5119 3159 5173 ratio
3188 5117 3423 5185 valeret,
3472 5117 3787 5173 excluden-

2152 5213 2257 5267 dos
2287 5227 2384 5266 eos
2415 5226 2543 5265 esse
2572 5210 2795 5264 cunctis
2827 5208 3044 5279 pariter
3073 5206 3235 5261 urbis
3258 5206 3501 5277 balneis,
3528 5223 3641 5262 non
3674 5207 3788 5260 mi-

2151 5316 2262 5352 nus
2294 5314 2470 5369 quam
2500 5296 2599 5352 illo
2631 5297 2784 5367 quod
2818 5296 2888 5349 ad
2920 5292 3223 5349 ecclesiam
3253 5293 3588 5365 pertineret,
3646 5310 3783 5348 cum

2152 5386 2273 5440 alite
2306 5401 2539 5457 quoque
2581 5385 2842 5453 thermae,
2902 5386 3284 5453 praeterquam
3344 5381 3528 5451 signis
3588 5383 3781 5437 crucis

2150 5474 2455 5544 insculptas
2489 5473 2628 5537 sint,
2652 5472 2834 5527 sacris
2864 5471 3039 5525 etiam
3074 5469 3428 5541 imaginibus
3472 5474 3779 5525 ornentur.

2149 5563 2206 5616 Si
2240 5566 2434 5617 autem
2466 5561 2523 5615 id
2555 5577 2669 5616 non
2702 5561 2896 5615 obstat
2916 5559 3236 5628 quominus
3274 5556 3368 5627 iis,
3401 5559 3781 5627 quantumvis

2148 5666 2290 5705 verae
2324 5648 2625 5719 religionis
2655 5648 3011 5719 expertibus,
3042 5660 3187 5700 usus
3218 5645 3590 5716 permittatur
3632 5645 3781 5702 alio—
