4158 6280
362 400 474 455 705

1405 404 1500 454 DE
1538 403 1907 456 MICHAELE
1944 400 2389 456 PALEOLOGO
2423 403 2558 456 LIB.
2598 404 2694 455 IV.

3654 409 3763 463 706

359 523 425 579 Ei
485 521 544 579 δὶ
599 521 779 577 τᾶλλα
836 522 1012 600 σφίσιν
1073 525 1278 578 ἀνεῖται
1333 523 1423 576 καὶ
1453 518 1699 578 ἀσεϐέσιν
1733 520 1904 590 οὖσιν,
1933 522 2010 582 εἰς
2040 530 2093 594 Α
2122 521 2174 583 ἐς
2236 525 2396 595 μέσον
2445 526 2654 600 παριὼν
2686 523 2780 578 τὸν
2830 520 3091 579 λίϐελλον
3144 523 3476 600 προῧτεινεν,
3507 530 3532 582 ὁ
3566 528 3613 584 δ’
3641 532 3764 586 ἀνε-

357 613 412 669 τί
444 619 542 668 τοῦ
570 617 670 682 τῆς
703 613 996 683 ἐκκλησίας
1045 611 1350 686 λουτρῶνος
1382 611 1848 687 ἐκδιωχοήσονται
1877 636 1890 682 ;
1941 614 2016 669 Τὸ

365 701 425 758 δὲ
470 709 550 775 τῷ
603 702 848 757 Σουλτάν
882 704 970 756 καὶ
1001 708 1120 764 τοῖς
1162 701 1327 757 υἱέσιν
1362 703 1433 762 ὡς,
1464 706 1816 776 Χριστιανοῖς
1850 719 2015 774 προσ-

365 792 620 868 φέρεσθαι
668 791 967 867 ἀρχιερέως
1021 793 1113 864 μὲν
1161 795 1561 866 μαρτυροῦντος
1593 795 1688 844 τοῦ
1739 785 2018 850 Πισσιδίας

368 878 655 941 ἀνεύθυνον
705 879 889 949 οἶμαιο
949 877 995 931 εἶ
1054 875 1100 932 δ’
1158 877 1343 937 ἄλλως
1401 876 1718 952 ἐλέγχοιντο
1775 872 2014 949 ἔχοντες,

367 967 576 1021 ἐκείνου
626 965 716 1020 καὶ
749 965 940 1037 μόνου,
973 964 1097 1020 ἀλλ’
1132 964 1232 1019 οὐκ
1257 965 1389 1036 ἐμὸν
1417 965 1481 1019 τὸ
1533 965 1951 1036 πλημμέλημα.
1991 988 2010 1014 ι

363 1054 528 1112 Ἀλλ’
586 1055 697 1126 οὐχ
754 1054 912 1108 ἱκανά
966 1058 1136 1108 ταῦτα
1176 1059 1293 1115 τοῖς
1343 1053 1481 1129 ἀμφὶ
1511 1054 1602 1107 τὸν
1638 1049 1863 1126 βασιλέα
1893 1049 2016 1105 ἐδό-

363 1165 496 1198 κουν
552 1142 648 1205 τὰς
703 1141 924 1206 εὐθύνας
982 1142 1250 1212 ἐξελέσθαι
1307 1143 1386 1212 τῷ
1462 1142 1818 1215 πατριάρχῃ,
1873 1139 2018 1194 ἀλλά

369 1229 598 1286 σύνοδον
653 1227 820 1298 ἤθελε
873 1237 1185 1304 συγκροτεῖν
1247 1229 1296 1299 ἐξ
1357 1230 1603 1284 ἁπάντων
1662 1234 1768 1283 τῶν
1826 1231 2017 1303 ἀρχιε-

371 1322 530 1391 ρέων,
589 1319 872 1391 παρόντων
933 1317 1158 1381 ἐνταῦθα
1215 1318 1304 1372 καὶ
1358 1321 1715 1391 πατριαρχῶν
1755 1315 1870 1384 δύο,
1923 1320 2018 1370 τοῦ

365 1429 426 1462 τε
459 1404 862 1480 Ἀλεξανδρείας
891 1408 1170 1462 Νικολάου
1219 1405 1309 1459 καὶ
1362 1410 1458 1458 τοῦ
1514 1405 1853 1478 Ἀντιοχείας
1913 1405 2019 1459 Εὐ-

370 1495 588 1566 θυμίου.
647 1495 808 1556 ’Ὀθεν
839 1495 929 1547 καὶ
965 1491 1274 1567 βασιλικαῖς
1308 1487 1606 1554 συλλαϐαῖς
1639 1491 2020 1564 μετεστέλλετο

369 1584 500 1646 τοὺς
557 1584 832 1657 ἀρχιερεῖς
884 1581 1242 1655 πανταχόθεν,
1301 1580 1438 1634 ὥστε
1482 1580 1880 1656 παρῳχηκυίας
1923 1581 2023 1646 τῆς

373 1671 572 1746 ἑορτῆς
603 1671 972 1743 ἀνυπερθέτως
1021 1670 1256 1738 ἀπαντᾷν
1309 1669 1531 1735 πάντας,
1583 1666 1855 1740 μηδεμιᾶς
1885 1687 2024 1742 προ-

377 1760 590 1837 φάσεως
641 1758 1068 1833 ἀποχρησοόσης
1125 1758 1260 1826 πρὸς
1303 1757 1652 1830 παραίτησιν.
1702 1758 1848 1828 Ἀμα
1894 1761 2020 1830 γοῦν

373 1847 568 1920 τελείῳ
610 1847 706 1921 ἦρι
757 1853 1075 1920 συνήγοντο,
1129 1847 1217 1900 καὶ
1259 1847 1326 1900 τὰ
1371 1845 1508 1899 κατὰ
1552 1846 1642 1898 τὸν
1676 1846 2022 1919 πατριάρχην
2054 1876 2096 1940 Β

379 1941 723 2009 συναχθεῖσιν
756 1933 1173 2007 ἐπιμελέστερον
1203 1934 1452 1990 ἐκινεῖτο.

381 2077 445 2136 δ’.
476 2080 665 2140 ’Ὁπως
697 2077 784 2132 καὶ
817 2075 952 2131 ὅπου
984 2074 1276 2166 ἐζῃτοῦντο
1307 2075 1373 2130 τὰ
1401 2075 1536 2131 κατά
1563 2075 1652 2130 τδν
1677 2077 2019 2152 πατριάρχην

1074 2151 1242 2222 Αρσέν
1253 2167 1350 2204 ιον.

451 2291 626 2355 Τόπος
658 2289 715 2345 δὶ
741 2296 840 2360 τῆς
871 2289 1044 2344 αὐτῶν
1081 2286 1306 2344 συνόδου
1339 2289 1366 2342 ὁ
1403 2289 1683 2362 βασιλικὸς
1714 2289 2026 2361 Ἀλεξιακὸς

376 2380 657 2456 τρίκλινος
689 2379 779 2450 ἦν,
807 2377 896 2432 τίνα
924 2379 1012 2433 καὶ
1045 2375 1393 2452 προύκᾶθητο
1431 2379 1525 2450 μὶν
1557 2379 1586 2432 ὁ
1632 2382 1864 2451 κρατῶν,
1898 2399 2025 2454 συγ-

378 2470 670 2537 καθέζοντο
702 2465 760 2522 δὲ
803 2469 890 2521 καὶ
926 2467 978 2519 οἱ
1013 2472 1324 2540 μεγιστᾶνες
1370 2466 1459 2520 καὶ
1491 2465 1615 2520 ὅσον
1645 2465 1694 2521 ἐν
1730 2467 2025 2539 ἀξιώμασιν

379 2558 472 2626 ἦν,
495 2555 839 2631 συνεδρίαζον
861 2557 944 2626 [Ρ.
975 2557 1099 2626 176]
1122 2552 1166 2607 δ’
1191 2555 1242 2608 οἱ
1264 2554 1562 2629 ἀρχιερεῖς,
1591 2555 1682 2608 καὶ
1713 2560 1818 2608 πᾶν
1847 2555 1910 2608 τὸ
1929 2561 2030 2623 τῆς

385 2643 697 2720 συγκλήτου
745 2643 1094 2719 παρίσταντο.
1159 2648 1403 2710 Συνῆσαν
1445 2638 1501 2695 δὲ
1555 2640 1646 2695 καὶ
1693 2641 1797 2694 ἀπὸ
1845 2646 2028 2695 πασῶν

384 2739 492 2789 τῶν
530 2739 704 2807 μονῶν
740 2733 790 2788 οἳ
821 2729 1159 2807 προῦχοντες
1192 2732 1451 2806 μονήρεις
1484 2731 1694 2801 συνάμα
1734 2735 1850 2790 τοῖς
1881 2734 2026 2806 σφῶν

388 2825 742 2895 προεστῶσιν.
805 2818 964 2876 Ἀλλ’
1015 2817 1142 2873 οὐδὲ
1195 2818 1258 2872 τὸ
1313 2824 1412 2887 τῆς
1468 2815 1747 2880 πολιτείας
1804 2815 1928 2871 ὅσον
1960 2817 2029 2886 ἦν

394 2909 676 2987 περιφανὲς
721 2909 810 2964 καὶ
871 2905 1042 2978 δῆλον
1093 2908 1253 2976 ἀπῆν.
1313 2907 1417 2962 Καὶ
1473 2908 1500 2960 ὁ
1555 2907 1649 2978 μὶν
1709 2910 2026 2982 κατηγορῶν

2119 611 2385 684 γινώσκτο
2444 611 2533 666 ἐπὶ
2589 614 2842 668 πάντων.
2901 613 3008 668 Καὶ
3069 613 3183 668 ἐπεὶ
3242 612 3414 671 ἐδόκει
3471 619 3765 692 προκαλεῖ-

2122 699 2238 752 σθαι
2290 699 2379 753 καὶ
2420 701 2510 754 τὸν
2542 700 2913 776 πατριάρχην,
2964 699 3269 774 πέμποντες
3318 711 3462 778 τρεῖς
3517 706 3610 778 μὲν
3659 712 3765 762 τῶν

2123 787 2444 861 ἀρχιερέων,
2475 795 2622 864 τρεῖς
2652 786 2710 842 δὲ
2737 796 2844 844 τῶν
2882 789 3161 866 κληρικῶν
3193 793 3566 865 προσεκάλουν
3596 797 3769 851 ἀπαν-

2119 879 2356 947 τήσοντα
2401 879 2538 952 πρὸς
2584 877 2879 955 ἀπόλογον.
2930 882 2991 937 Ὁ
3030 878 3077 934 δ’
3125 881 3336 937 ἀνένευε
3376 885 3625 957 πάμπαν,
3679 886 3768 941 καί

2121 987 2180 1038 γε
2209 967 2384 1040 κρίσιν
2420 967 2513 1039 μὲν
2566 970 2640 1039 μή
2673 971 3068 1043 παραιτεῖσθαι,
3099 971 3301 1044 τρόπον
3341 970 3398 1026 δὲ
3425 974 3651 1047 κρίσεως
3681 977 3766 1030 καὶ

2121 1054 2288 1109 τόπον
2320 1057 2410 1110 καὶ
2452 1058 2716 1130 πρόσωπα
2764 1059 2975 1134 φεύγειν
3029 1057 3207 1135 ἔλεγε,
3254 1062 3343 1116 καὶ
3395 1062 3638 1136 δικαίως,
3699 1068 3772 1129 ὡς

2125 1140 2354 1206 οἷέσθαι⁸
2405 1147 2751 1221 πατριάρχην
2787 1147 2878 1217 μὲν
2928 1148 3028 1222 γὰρ
3057 1148 3328 1222 κρίνεσθαι
3358 1152 3627 1226 παρόντος
3677 1155 3772 1226 μὲν

2129 1229 2423 1302 βασιλέως,
2453 1232 2735 1305 παρόντων
2769 1231 2825 1287 δὲ
2859 1236 3188 1307 μεγιστάνων
3234 1238 3324 1290 καὶ
3357 1245 3655 1311 κοσμικῶν,
3684 1242 3771 1295 καὶ

2125 1315 2177 1368 ἐν
2211 1318 2554 1391 ἀνακτόροις,
2585 1318 2674 1372 καὶ
2722 1324 2888 1373 ταῦτα
2918 1322 3008 1374 καὶ
3043 1321 3311 1395 βασιλέως
3341 1325 3514 1387 οὕτως
3546 1327 3772 1401 ἔχοντος

2123 1404 2213 1458 καὶ
2245 1406 2320 1466 εἷς
2352 1403 2553 1477 ἄμυναν
2582 1406 3052 1481 προειλημμένου,
3087 1410 3186 1465 οὐκ
3215 1412 3362 1480 ἄξιον
3401 1413 3524 1468 οὐδὲ
3553 1421 3656 1468 τῶν
3693 1415 3772 1470 δι-

2123 1492 2290 1546 καίων
2341 1495 2471 1548 εἶναι
2519 1496 2580 1548 τὸ
2614 1496 2849 1567 σύμπαν.
2881 1502 3056 1552 Ταῦτα
3085 1499 3220 1572 πρὸς
3255 1500 3381 1561 τοὺς
3429 1502 3774 1577 ἀπεσταλμέ-

2125 1601 2250 1641 νους
2276 1586 2371 1634 τοῦ
2411 1585 2754 1656 πατριάρχου
2787 1583 3065 1658 λέγοντος,
3099 1591 3280 1662 γραφῇ
3316 1585 3555 1644 ἐδίδοντο
3587 1592 3651 1645 τὰ
3682 1592 3771 1646 λε-

2125 1667 2352 1743 γόμενα,
2384 1672 2456 1731 ὡς
2491 1672 2564 1742 μή
2597 1691 2648 1724 τι
2682 1675 3136 1750 συκοφαντηθείη.
3169 1678 3234 1732 Οἱ
3268 1675 3314 1730 δ’
3349 1679 3774 1756 ὑποστρέφοντες

2127 1754 2362 1825 ἐδήλουν
2395 1758 2568 1813 πάντα
2620 1762 2732 1831 μετ’
2765 1760 3054 1824 ἀσφαλείας
3096 1769 3213 1825 τοῖς
3260 1754 3632 1835 ἀποστείλασι,
3685 1771 3775 1824 καὶ

2127 1843 2403 1930 σύλλογος
2440 1844 2704 1903 διελύετο.
2758 1847 2934 1904 Τοῦτο
2967 1848 3047 1912 δὶς
3100 1853 3211 1906 εἶτα
3255 1853 3344 1906 καὶ
3389 1855 3504 1928 τρὶς
3554 1858 3776 1930 γεγονὸς

2131 1927 2190 1984 ἔκ
2243 1952 2404 1986 τινων
2457 1938 2754 2008 καιριακῶν
2816 1933 3226 2008 διαλειμμάτων
3288 1927 3472 2012 (ἔμελε
3527 1927 3640 2019 γᾶρ-
3686 1945 3776 1998 καὶ

2128 2019 2369 2074 κανόνων
2409 2019 2637 2085 ἐκείνοις
2663 2027 2885 2078 τοιαῦτα
2914 2025 3264 2100 πράττουσιν)
3313 2028 3468 2083 οὐίὲν
3498 2032 3564 2098 ἧν
3606 2030 3775 2086 πλέον

2132 2106 2192 2162 ἐκ
2239 2107 2446 2163 τούτων
2495 2109 2578 2165 ὅτι
2640 2113 2716 2180 μὴ
2747 2112 2838 2165 τὸν
2891 2115 3233 2189 πατριάρχην
3265 2122 3635 2190 παραιτεῖσθαι
3682 2124 3773 2175 τὸν

2129 2195 2331 2270 τρόπον
2380 2201 2480 2263 τῆς
2527 2198 2774 2272 κρίσεως³
2819 2199 2948 2263 τοὺς
2981 2199 3025 2254 δ’
3069 2202 3506 2260 ἀντεπιστέλλειν
3565 2207 3771 2281 ἐκείνῳ,

2133 2285 2208 2346 ὡς
2239 2285 2722 2361 ὲπιστημονάρχου
2772 2293 2869 2342 τοῦ
2919 2289 3187 2364 βασιλέως
3229 2293 3365 2347 εἶναι
3395 2291 3777 2368 δικαιουμένου

2134 2371 2330 2435 ἐντοῖς
2375 2373 2848 2444 ἐκκλησιαστικοῖς
2899 2378 3198 2452 πράγμασι,
3257 2382 3331 2451 μὴ
3389 2378 3593 2436 δίκαιον
3647 2385 3780 2438 εἶναι

2139 2464 2269 2540 μηδ’
2301 2462 2528 2539 εὔλογον
2558 2467 2625 2520 τὰ
2652 2471 2874 2522 τοιαῦτα
2908 2468 3112 2542 μέγιστ’
3143 2466 3272 2525 ὄντα
3324 2469 3456 2546 δίχα
3494 2474 3779 2547 βασιλικῆς

2137 2553 2444 2614 ἐπιστασίας
2471 2557 2756 2618 κινεῖσθαι.

2140 2701 2196 2750 ε’·
2227 2697 2418 2758 Ὅπως
2438 2695 2494 2778 ’,ὃ
2547 2696 2896 2778 πατριοὲρχης
2933 2697 3080 2778 ,πρὸς
3127 2699 3352 2778 βασιλέα
3395 2701 3642 2778 ἀφίκοιτο
3689 2705 3780 2760 καὶ

2434 2764 2584 2827 ὅπως
2615 2764 2760 2841 παρᾶ
2789 2764 2998 2842 μικρὸν
3016 2764 3468 2847 παραλογισθείη’.

2210 2906 2297 2960 Ἐν
2350 2904 2462 2978 ὅσῳ
2493 2904 2551 2961 δὲ
2591 2890 3098 2982 ταῦτ”ἐπράττετο,
3149 2911 3405 2983 ἐννοήσας
3457 2918 3485 2969 ὁ
3515 2919 3781 2994 πατριάρ-

390 3124 520 3164 rum
551 3105 1086 3178 lavacrorum,quid
1119 3109 1209 3160 est
1237 3119 1341 3160 cur
1379 3103 1738 3175 repellantur
1758 3105 1830 3160 ab
1854 3105 2030 3160 eccle-
2061 3111 2104 3173 C
2142 3121 2381 3162 causam
2405 3106 2736 3163 dicendam.
2760 3108 2860 3165 Ille
2881 3114 3078 3166 autem
3099 3111 3338 3169 omnino
3359 3115 3556 3172 venire
3575 3121 3786 3191 renuit,

387 3196 488 3252 size
539 3194 792 3252 balneo?
844 3193 1107 3264 Denique
1157 3209 1291 3250 eum
1343 3191 1572 3248 sultane
1617 3197 1674 3248 et
1719 3193 1846 3262 ejus
1895 3192 2036 3248 ﬁliis

387 3289 670 3356 tanquam
703 3299 836 3339 cum
885 3281 1238 3338 Christianis
1279 3281 1471 3351 egisse
1519 3281 2037 3352 irreprehensibile

386 3371 884 3443 videri,quoniam
914 3370 972 3425 id
1007 3373 1244 3426 auctore
1274 3369 1482 3426 idoneo
1515 3369 1735 3438 fecerit,
1766 3369 2035 3440 episcopo

391 3461 662 3518 videlicet
690 3459 923 3515 Pisidiae
953 3457 1102 3514 tales
1133 3457 1264 3513 illos
1295 3474 1424 3513 esse
1451 3461 1723 3514 testante.
1771 3459 1935 3521 Quod
1985 3458 2038 3512 si

387 3551 516 3620 jam
536 3549 882 3606 ostendatur
901 3562 1270 3618 nequaquam
1286 3547 1298 3599 i
1310 3561 1446 3616 psos
1460 3545 1641 3601 fuisse
1651 3545 2034 3612 Christianos,

386 3637 474 3692 illi
505 3638 617 3694 soli
651 3637 1022 3704 ascribenda,
1054 3652 1170 3690 non
1203 3634 1346 3688 mihi
1380 3634 1510 3704 ejus
1543 3634 1680 3690 facti
1710 3633 1880 3704 culpa
1912 3635 2032 3688 fue-

385 3727 483 3782 rit.
517 3727 632 3782 Sed
661 3726 747 3780 hie
779 3724 1148 3780 defensiones
1208 3721 1550 3793 imperatori
1592 3738 1706 3776 non
1755 3722 2034 3777 videban-

384 3819 484 3871 tur
513 3814 873 3870 sufﬁcientes
899 3813 971 3868 ad
1001 3811 1378 3883 purgandum
1423 3809 1818 3880 patriarcbam
1870 3825 1882 3862 :
1933 3826 2033 3865 ve-

393 3919 527 3958 rum
545 3901 796 3958 decrevit
827 3915 1184 3972 congregare
1208 3899 1496 3970 synodum
1522 3897 1783 3952 omnium
1803 3897 2035 3951 antisti-

389 3995 540 4059 tum,
571 3989 666 4045 cui
688 3989 1038 4045 interessent
1061 3987 1177 4042 duo
1209 3985 1576 4057 patriarcha,
1607 3983 2036 4040 Alexandrinus

386 4078 662 4134 Nicolaus
691 4082 750 4133 et
775 4077 1176 4133 Antiochenus
1205 4074 1577 4145 Euthymius.
1609 4076 1812 4144 Itaque
1857 4072 2034 4143 regiis

394 4167 606 4222 litteris
628 4165 965 4223 convocavit
987 4164 1247 4235 undique
1269 4162 1548 4234 praesules
1569 4166 1635 4216 ut
1659 4165 1791 4232 post
1820 4161 2032 4216 festum

389 4256 520 4310 sine
551 4271 714 4310 mora
742 4253 1138 4319 convenirent,
1174 4250 1334 4306 nullo
1365 4254 1644 4321 praetextu
1677 4249 1749 4304 ad
1799 4265 2033 4304 recusa-

392 4344 614 4399 tionem
646 4343 800 4399 200
831 4342 1170 4398 sufi‘ecturo.
1203 4338 1380 4395 Plcno
1427 4339 1610 4409 igitur
1651 4353 1782 4394 vere
1828 4352 2032 4392 conve-

394 4434 630 4496 nerunt,
660 4435 718 4486 et
746 4444 921 4485 causa
950 4425 1293 4500 patriarchae
1323 4425 1591 4480 ventilari
1630 4442 1664 4480 a
1711 4439 2034 4495 congrega-

393 4519 473 4575 tis
503 4523 594 4576 est
622 4523 832 4591 coepta.

395 4619 448 4674 4.
482 4617 711 4686 Quando
733 4620 788 4671 et
831 4614 929 4671 ubi
975 4613 1274 4740 quaesitura
1321 4613 1385 4667 de
1426 4611 1757 4684 patriarcha
1803 4612 2034 4667 Arsenio

1169 4702 1260 4740 δι.

1169 4702 1260 4740 διε.

469 4787 657 4843 Locus
688 4785 894 4858 synodi
923 4785 1148 4856 regium
1181 4782 1513 4838 Alexiacum
1544 4781 1868 4836 triclinium
1897 4780 2032 4850 tuit,

399 4876 470 4930 ad
511 4875 567 4930 id
607 4873 869 4930 delectus
900 4879 964 4928 ut
995 4873 1302 4945 praesidere
1334 4873 1532 4941 posset
1560 4869 1897 4938 imperator.
1931 4873 2036 4923 As—

401 4963 673 5020 sidebant
695 4967 752 5018 et
771 4961 916 5018 aulas
950 4967 1343 5031 magnetes,ac
1371 4960 1658 5028 quotquot
1686 4956 1747 5012 in
1777 4955 2038 5027 dignita-

401 5051 559 5107 tibus
589 5055 772 5118 erant,
805 5049 980 5106 simul
1007 5066 1142 5104 cum
1173 5045 1484 5119 episcopis.
1520 5046 1740 5100 Aderat
1761 5048 1819 5100 et
1866 5061 2037 5100 sena-

402 5142 499 5195 tus
529 5139 861 5206 universus,
894 5143 950 5194 et
979 5155 1046 5192 ex
1076 5137 1304 5193 cunctis
1337 5133 1708 5190 monasteriis
1758 5132 2037 5204 praecipui

405 5227 829 5282 monachorum
888 5242 1020 5281 cum
1074 5225 1198 5280 suis
1246 5222 1461 5294 quique
1521 5220 1881 5293 praepositis;
1932 5237 2038 5276 nec

407 5314 650 5371 aberant
676 5315 956 5371 clariores
984 5313 1449 5380 illustrioresque
1479 5310 1714 5366 civium.
1748 5311 1816 5365 Et
1863 5325 2037 5365 accu-

405 5407 563 5459 sator
585 5403 826 5474 quidem
846 5402 908 5458 in
931 5401 1188 5457 medium
1212 5401 1486 5473 prodiens
1506 5397 1772 5454 libellum
1804 5397 2034 5454 obtulit".

406 5493 460 5546 Is
491 5491 722 5547 cunctis
753 5490 1135 5547 audientibus
1162 5489 1444 5545 recitatus
1472 5491 1746 5543 est.Tunc
1774 5503 1908 5542 cum
1950 5503 2036 5543 es-

405 5587 494 5635 set
534 5580 727 5635 visum
788 5579 956 5634 citari
1002 5579 1214 5635 debere
1272 5576 1689 5649 patriarcbam,
1737 5575 2038 5632 mittentes

406 5670 526 5724 tres
554 5667 860 5740 episcopos
889 5672 948 5723 et
973 5671 1092 5723 tres
1121 5666 1362 5723 clericos
1390 5665 1587 5738 ipsum
1633 5667 1919 5720 vocarunt
1966 5665 2038 5720 ad

2065 4470 2113 4533 D

2141 3210 2277 3248 cum
2302 3195 2522 3250 diceret
2545 3196 2832 3265 judicium
2877 3199 3116 3269 quidem
3166 3200 3323 3257 haud
3374 3219 3436 3258 se
3486 3222 3778 3277 recusare,

2141 3283 2383 3336 modum
2412 3287 2612 3338 autem
2644 3289 2701 3339 et
2747 3285 2940 3341 locum
2984 3287 3194 3357 judicii
3241 3306 3642 3364 personasque
3692 3297 3782 3350 fu-

2141 3385 2309 3439 gere,
2350 3388 2384 3425 a
2418 3387 2536 3442 qua
2566 3372 3077 3445 exceptionejuris
3124 3379 3348 3449 species
3397 3396 3511 3436 non
3561 3383 3783 3441 aberat.

2141 3458 2287 3512 Nam
2321 3459 2580 3526 judicari
2630 3461 3024 3530 patriarcham
3073 3472 3358 3535 praesente
3408 3468 3780 3540 imperatore,

2142 3547 2527 3614 praesentibus
2555 3549 2941 3618 optimatibus
2961 3557 3017 3606 et
3046 3553 3429 3610 saacularibus
3490 3562 3780 3628 personis,

2140 3633 2318 3703 idque
2346 3633 2406 3688 in
2435 3634 2673 3704 palatio,
2707 3639 3034 3707 praesrtim
3065 3640 3420 3712 imperatore
3444 3646 3526 3700 sic
3558 3651 3782 3704 consti-

2140 3724 2267 3775 tuto
2296 3724 2354 3775 et
2382 3721 2574 3790 palam
2609 3726 2976 3780 occasionem
3009 3727 3274 3784 vindictas
3306 3736 3596 3803 captante,
3633 3737 3785 3789 indi-

2140 3825 2322 3880 gnum
2351 3809 2678 3876 videbatur,
2701 3816 2758 3866 et
2787 3817 2906 3867 tota
2935 3830 3028 3869 res
3057 3815 3252 3885 inique
3301 3827 3653 3890 comparata.
3706 3825 3782 3879 Ea

2141 3914 2314 3968 porro
2336 3896 2611 3968 loquente
2631 3898 2960 3969 patriarcha
2991 3903 3194 3959 missis
3216 3921 3246 3958 a
3269 3909 3510 3977 synodo,
3543 3919 3780 3980 excepta

2141 3989 2282 4039 sunt
2301 3985 2518 4056 scripto
2539 3985 2715 4041 verba
2735 3986 2965 4057 ejus,ne
2986 3991 3126 4058 quid
3147 3991 3454 4048 calumniae
3470 3996 3782 4052 interveni-

2141 4081 2244 4127 ret.
2279 4074 2420 4128 Inde
2451 4075 2552 4144 qui
2582 4075 2751 4129 missi
2784 4075 3016 4132 fuerant
3043 4078 3354 4134 redeuntes
3385 4083 3454 4135 ad
3491 4087 3782 4154 synodum

2139 4163 2349 4216 cuncta
2368 4175 2437 4215 ex
2457 4162 2570 4216 ﬁde
2590 4161 2916 4218 retulerunt
2936 4165 3007 4219 ad
3029 4181 3128 4220 eos
3151 4167 3252 4237 qui
3277 4167 3576 4237 miserant,
3598 4177 3651 4227 et
3675 4189 3785 4227 coe-

2136 4252 2233 4303 tus
2263 4248 2492 4304 solutus
2522 4254 2630 4305 est.
2665 4251 2826 4307 Idem
2855 4251 3066 4308 iterum
3098 4258 3154 4309 et
3182 4257 3353 4311 tertio
3402 4263 3490 4312 est
3541 4261 3782 4332 factum,

2138 4337 2313 4392 certis
2354 4337 2678 4394 intervallis
2708 4341 2995 4412 temporis
3025 4341 3386 4414 interpositis
3423 4363 3435 4399 :
3469 4350 3787 4406 studebant

2143 4424 2299 4480 enim
2315 4426 2416 4497 qui
2432 4426 2554 4482 haec
2569 4428 2844 4499 agebant,
2869 4429 3013 4483 nihil
3031 4429 3298 4486 omittere
3317 4447 3515 4489 eorum
3535 4452 3661 4505 quae
3684 4456 3785 4493 ca-

2143 4530 2327 4569 nones
2341 4514 2398 4570 in
2413 4531 2478 4570 eo
2491 4531 2704 4586 genere
2727 4516 3133 4588 praescribunt.
3160 4518 3441 4576 Caeterum
3458 4523 3601 4577 nihll
3625 4523 3780 4580 aliud

2142 4619 2211 4658 ex
2231 4603 2376 4658 930’]
2408 4603 2482 4658 iis
2506 4603 3000 4659 missitationibus
3029 4609 3088 4659 et
3118 4608 3412 4678 responsis
3434 4610 3565 4664 elici
3598 4613 3786 4682 potuit

2142 4690 2257 4745 nisi
2289 4689 2600 4761 displicere
2629 4691 2968 4762 patriarchas
2995 4693 3203 4762 judicii
3238 4697 3501 4763 modum,
3534 4704 3591 4754 et
3621 4702 3692 4756 ob
3725 4702 3782 4756 id

2144 4795 2482 4849 comparere
2513 4794 2798 4834 recusare.
2829 4783 2904 4835 At
2933 4796 3060 4851 quae
3092 4781 3201 4836 hoc
3239 4787 3363 4838 erat
3405 4789 3644 4855 Patrum
3695 4805 3784 4844 re-

2144 4883 2428 4938 sponsum
2461 4867 2804 4936 patriarchaa
2836 4883 2937 4938 per
2961 4870 3240 4925 remissos
3273 4872 3344 4926 ad
3376 4873 3572 4944 ipsum
3617 4893 3785 4932 voca-

2144 4960 2299 5011 tores
2330 4955 2644 5023 redditum,
2675 4972 2808 5011 cum
2841 4956 2920 5012 sit
2947 4957 3085 5012 olim
3117 4959 3513 5018 existimatum
3545 4982 3778 5035 aequum

2145 5043 2484 5114 imperatori
2514 5044 2695 5099 tribui
2727 5044 3050 5117 principem
3099 5046 3296 5103 locum
3346 5050 3404 5104 in
3454 5053 3783 5120 cognitione

2146 5148 2342 5188 rerum
2390 5131 2936 5200 ecclesiasticarum,
2991 5149 3096 5190 nec
3139 5137 3363 5206 justum
3418 5155 3523 5194 nec
3574 5143 3783 5198 rationi

2147 5226 2604 5278 consentaneum
2626 5237 2776 5290 esse,
2800 5239 2928 5294 quae
2950 5239 3018 5281 ex
3037 5241 3105 5280 eo
3124 5241 3336 5297 genere
3366 5230 3600 5301 negotia
3629 5248 3786 5288 nunc

2147 5313 2528 5382 agitarentur,
2588 5311 2836 5367 maximi
2893 5313 3098 5384 utique
3154 5315 3435 5369 momenti
3486 5316 3625 5372 alibi
3686 5324 3788 5375 aut

2145 5399 2315 5456 aliter
2328 5414 2506 5470 quam
2519 5404 2808 5472 praesente
2821 5417 2887 5456 ac
2899 5402 3247 5473 presidente
3260 5402 3522 5476 principe
3548 5421 3788 5462 moveri.

2144 5510 2199 5563 5.
2236 5507 2298 5563 Ut
2345 5505 2667 5575 patriarcha
2716 5507 2785 5561 ad
2832 5508 3217 5578 imperatorem
3263 5512 3580 5574 accesserit;
3623 5517 3676 5568 et
3722 5520 3784 5568 ut

2436 5593 2644 5648 parum
2670 5577 2918 5648 abfuerit
2938 5579 3068 5649 quin
3099 5577 3456 5648 deciperetur.

2218 5667 2368 5722 Dum
2398 5669 2594 5721 autem
2624 5663 2747 5720 hac
2773 5666 2854 5721 ita
2883 5670 3244 5736 gererentur,
3293 5668 3626 5742 intelligens
3677 5689 3783 5744 pa-
