4162 6292
384 373 490 426 707

1681 370 1982 426 GEORGII
2019 372 2477 427 PACHYMERE

3666 369 3775 422 708

386 513 518 568 χης,
581 492 609 545 ’ὁ
638 489 728 545 καὶ
759 489 960 561 ἀληθὲς
991 491 1078 561 ἦν,
1127 488 1200 550 ὡς
1232 487 1383 544 οὐδέν
1422 489 1563 544 ἐστιν
1585 487 1725 544 ἄλλο
1756 491 1817 544 τὸ
1845 495 2028 544 κινοῦν
2057 520 2111 583 Α
2139 490 2477 566 γαλοφώνως
2532 492 2624 545 τὸν
2683 491 2829 566 ἱερέα
2874 489 3009 546 κεπττδι
3036 492 3100 545 τὸ
3129 489 3373 560 σύνηθες,
3422 490 3510 544 καὶ
3537 496 3637 558 τῆς
3668 489 3776 546 λεί·

385 586 608 637 τοιαῦτα
636 582 671 651 ἢ
700 581 762 635 τὸ
801 584 897 633 τοῦ
944 583 1269 654 κρατοῦντος
1317 580 1453 653 πρὸς
1503 578 1661 633 αὐτὸν
1713 580 2032 660 ἀμυντικὸν,

390 673 479 725 ὅτε
524 670 612 724 καὶ
668 666 967 724 κινδυνεύοι
1026 672 1176 739 καγῷ
1232 668 1294 721 τὸ
1348 669 1514 722 κακὸν
1572 667 1772 737 ἰᾶσθαι,
1828 672 1896 741 τῇ
1935 672 2032 722 τοῦ

384 758 727 834 πατριάρχου
781 754 1041 830 καταδίκῃ
1084 756 1145 810 τὸ
1204 757 1340 828 πρὸς
1401 755 1603 811 ἐκείνου
1661 757 1894 830 ἀπεχθὲς
1941 756 2031 810 καὶ

387 847 661 924 ὀχλῶδες,
709 847 847 902 ὥστε
905 847 995 901 καὶ
1053 845 1442 909 ἀπεσκευάσθαι
1493 850 1661 901 ταῦτα
1718 844 2031 919 βούλεσθαι,

384 936 625 1010 παριδὼν
685 943 855 991 πᾶσαν
916 937 1311 1010 μικροψυχίαν,
1363 934 1538 989 ’ίππου
1585 955 1643 988 τε
1691 929 1900 1001 ἐπιϐὰς,
1956 935 2030 1005 μὴ

383 1028 644 1102 πρότερον
682 1025 890 1088 εἰωθὼς
945 1024 995 1094 ἐξ
1044 1024 1109 1077 οὗ
1158 1026 1257 1092 τήν
1288 1023 1693 1078 Κωνσταντίνου
1741 1018 2031 1092 κατέλαϐε,

386 1116 474 1171 καὶ
534 1112 749 1189 βασιλεῖ
802 1115 1100 1188 πρόσεισιν.
1157 1113 1364 1188 Ἡμέρα
1421 1110 1467 1166 δ’
1522 1113 1588 1180 ἦν
1647 1114 1764 1165 καθ’
1793 1116 1870 1183 [Ρ.
1909 1114 2033 1182 177]

385 1206 445 1273 ἣν
503 1206 651 1258 ταῦτ’
710 1202 999 1277 ἐπράττετο
1058 1202 1422 1274 κυριώνυμος.
1482 1202 1543 1256 Ὁ
1597 1204 1727 1273 γοῦν
1783 1198 2035 1274 βασιλεὺς

386 1293 577 1365 καιρὸν
630 1292 825 1344 ἐκεῖνον
876 1290 1079 1358 οἰηθεὶς
1125 1289 1405 1356 ἐπιστῆναι
1460 1288 1517 1341 ὃν
1566 1288 1653 1341 καὶ
1704 1286 1881 1357 ἐζήτει
1930 1288 2031 1341 πά·

385 1380 498 1448 λαι,
569 1380 660 1434 τὸν
719 1383 819 1442 τῆς
876 1377 1099 1438 ἀνέσεως
1156 1373 1356 1448 (ἔπειθε
1414 1376 1517 1450 γὰρ
1577 1376 1774 1429 ἐννοεῖν
1831 1375 2034 1430 τοιαῦτ’

385 1466 592 1533 ἐκεῖνον
645 1466 707 1521 τό
768 1468 813 1519 τ’
872 1461 1124 1533 ἐπιϐῆναι
1173 1462 1346 1518 ἵππου
1398 1464 1488 1517 τὸν
1547 1462 1893 1538 πατριάρχην
1944 1461 2033 1516 καὶ

382 1556 527 1631 παρὰ
583 1557 643 1608 τὸ
701 1555 925 1624 σύνηθες
984 1553 1202 1624 πρᾶξαι,
1260 1551 1325 1605 τά
1378 1572 1436 1605 τε
1486 1550 1782 1623 κινούμενα
1843 1552 1919 1613 ὡς
1978 1550 2030 1604 έν

387 1664 510 1719 χρῳ
568 1639 863 1711 καταδίκης
941 1640 1030 1695 καὶ
1098 1641 1258 1695 αὑτὸν
1332 1642 1724 1713 γεγενῆσθαι),
1800 1638 1891 1693 καὶ
1957 1639 2031 1701 ὡς

386 1732 789 1804 ἐκμειλίξασθαι
839 1731 1195 1803 παραγένοιτο
1231 1773 1244 1797 ,
1297 1726 1644 1804 φιλοφρόνως
1705 1724 2033 1801 ὑποδέχεται

384 1819 702 1889 προσιόντα,
743 1819 832 1872 καὶ
888 1817 1143 1871 πλεῖστον
1204 1818 1327 1871 ὁσον
1389 1813 1577 1888 ὁμιλεῖ
1632 1816 1700 1869 τὰ
1758 1816 2027 1891 χαρίεντα.

384 1911 444 1962 ἐὶ
476 1930 499 1969 ς
530 1912 663 1981 γοῦν
720 1906 910 1981 καιρὰς
942 1913 1056 1974 ’τῆς
1116 1907 1264 1981 ἱερᾶς
1323 1904 1664 1979 λειτουργίας
1708 1903 1905 1974 ἐπέστη
1938 1905 2028 1959 καὶ

381 1994 491 2065 ἤδη
522 1998 588 2064 ῆν
624 1996 651 2049 6
697 2000 905 2068 κρατῶν
935 1995 1069 2069 πρὸς
1099 1994 1160 2047 τὸ
1208 1998 1283 2064 τῷ
1311 1997 1423 2062 ναῷ
1474 1992 1777 2060 ἐπιστῆναι,
1808 1990 2025 2066 πέμψας

384 2084 589 2145 ἐκεῖνός
618 2104 739 2138 τινα
762 2088 869 2137 τῶν
901 2082 1069 2137 αὐτοῦ
1097 2080 1222 2143 τοὺς
1267 2080 1354 2135 ἐπὶ
1382 2087 1480 2150 τῆς
1532 2078 1871 2154 λειτουργίας
1897 2102 2024 2135 κατ-

382 2171 758 2250 ησφαλίζετο,
820 2171 908 2225 καὶ
968 2170 1206 2225 ἐκέλευεν
1269 2170 1379 2242 ἅμα
1437 2169 1797 2241 θεασαμένους
1862 2170 2023 2223 αὐτὸν

388 2264 527 2332 μήτε
582 2261 888 2335 περιμένειν
920 2261 1017 2327 τήν
1063 2260 1203 2334 πρὸς
1231 2258 1326 2319 τὰς
1366 2258 1525 2332 ἀγίας
1570 2256 1780 2318 εἰκόνας
1827 2258 2025 2332 προσέ-

386 2347 566 2403 λευσιν
615 2348 780 2403 αὐτοῦ
830 2349 1304 2422 προσκυνήσοντος
1358 2347 1483 2419 μήτ⁹
1531 2344 1673 2400 ἄλλο
1701 2366 1753 2399 τι
1802 2365 2023 2421 περιαρ-

384 2442 616 2510 γοῦντας
688 2436 957 2510 πράττειν,
1035 2433 1161 2490 ἀλλ’
1232 2434 1384 2496 εὐθὺς
1459 2433 1711 2512 ἐκφωνεῖν
1780 2435 1874 2507 μὲν
1930 2436 2021 2489 τὸν

384 2524 633 2580 διάκονον
680 2525 743 2579 τὸ
801 2523 1136 2600 Εὐλόγησον,
1181 2521 1428 2599 εὐλογεῖν
1482 2520 1539 2576 δὲ
1593 2523 1684 2578 τὸν
1736 2523 1863 2577 Θεὸν
1929 2542 2023 2596 με·

383 2724 662 2795 triarcba,
695 2724 848 2796 quod
880 2738 1081 2777 verum
1112 2725 1253 2792 erat,
1287 2738 1402 2777 non
1433 2736 1560 2778 esse
1589 2720 1764 2777 aliam
1812 2720 2022 2777 horum

390 2820 656 2870 motuum
690 2830 928 2870 causam
960 2829 1133 2884 quam
1166 2812 1315 2867 iram
1348 2814 1405 2867 in
1439 2829 1501 2867 se
1531 2811 1898 2882 imperatoris
1931 2811 2022 2866 ul-

390 2903 606 2958 tionem
637 2902 981 2972 expetentis,
1013 2902 1073 2956 in
1105 2917 1222 2972 qua
1252 2900 1657 2972 prosecutione
1701 2898 2024 2971 periculum

389 2998 511 3045 erat
538 3008 607 3046 ne
632 2992 682 3045 is
707 2990 859 3045 malo
890 2989 1047 3045 aliud
1081 2990 1300 3045 malum
1330 3006 1433 3061 pro
1467 2988 1723 3044 remedio
1768 3004 2021 3059 appone-

387 3084 492 3140 ret,
530 3095 635 3133 suo
665 3078 934 3133 videlicet
975 3077 1032 3132 in
1079 3076 1468 3148 patriarcham
1513 3076 1644 3132 odio
1693 3079 1750 3131 et
1796 3075 2024 3131 rancori

385 3166 726 3236 patriarchae
756 3166 945 3236 ipsius
976 3163 1354 3219 damnatione
1384 3163 1752 3234 procuranda
1798 3162 2019 3219 mederi

383 3259 484 3309 aut
518 3253 711 3324 potius
737 3252 977 3321 obsequi
1008 3255 1305 3321 satagens,
1335 3250 1589 3323 speravit
1619 3267 1734 3307 uno
1763 3250 1855 3306 sui
1885 3267 2018 3306 cum

382 3343 610 3396 infenso
642 3340 995 3410 imperatore
1023 3354 1339 3411 congressu
1390 3339 1544 3393 istud
1594 3338 1857 3410 praeverti
1904 3338 2023 3394 dis-

387 3430 606 3484 crimen
658 3445 847 3499 posse.
900 3430 1088 3492 Quare
1146 3425 1633 3498 pusillanimitate
1689 3426 2024 3498 posthabita

387 3534 601 3588 equum
635 3516 947 3583 inscendit,
986 3516 1264 3571 desuetus
1294 3515 1351 3570 id
1387 3515 1573 3570 facere
1612 3516 1737 3585 jam
1787 3532 1855 3571 ex
1906 3532 2020 3587 quo

386 3603 949 3673 Constantinopolim
980 3603 1308 3671 advenerat,
1347 3607 1404 3658 et
1433 3602 1842 3674 imperatorem
1875 3604 2017 3658 adit.

382 3692 513 3747 Dies
547 3709 663 3763 qua
694 3692 814 3746 haec
841 3695 1002 3763 gesta
1038 3694 1177 3746 sunt
1206 3691 1512 3746 Dominica
1541 3692 1876 3763 erat.Igitur
1905 3692 2020 3745 im-

380 3785 613 3852 perator
635 3784 797 3834 ratus
820 3783 1080 3851 optatam
1106 3779 1206 3833 diu
1226 3778 1336 3834 sibi
1352 3779 1760 3834 remissionem
1785 3778 2020 3834 anathe-

386 3868 559 3924 matis
583 3869 650 3922 ad
677 3885 737 3923 se
761 3866 909 3922 ultro
932 3867 1140 3923 deferri
1173 3868 1481 3939 (suadebat
1511 3867 1620 3923 hoc
1650 3867 1806 3922 enim
1852 3866 2020 3936 equi-

382 3958 526 4013 tatio
561 3956 658 4010 illa
690 3955 925 4011 insolita
955 3954 1293 4026 patriarchae
1324 3957 1723 4026 adventusque
1752 3954 2018 4024 inopina-

381 4050 497 4111 tus,
551 4049 606 4098 et
661 4043 998 4099 verisimilis
1054 4045 1410 4113 conjectura,
1470 4043 1791 4114 impulsum
1851 4042 2014 4097 illum

384 4139 541 4189 metu
599 4133 870 4188 intentati
924 4132 1130 4203 judicii
1188 4136 1244 4187 et
1301 4131 1563 4203 periculo
1618 4132 2017 4187 damnationis

378 4221 743 4275 imminentis
806 4221 876 4274 ad
946 4220 1102 4274 hunc
1171 4224 1444 4275 conatum
1504 4220 1594 4274 sui
1651 4219 2015 4291 deliniendi),

378 4309 820 4380 perhumaniter
845 4309 1101 4365 occurrit
1133 4308 1408 4375 venienti,
1457 4312 1515 4362 et
1557 4323 1692 4363 eum
1742 4308 2017 4364 benevole

382 4399 749 4453 accedentem
784 4401 961 4468 atque
1010 4396 1276 4452 hilariter
1323 4395 1560 4467 excipit,
1610 4400 1734 4451 tum
1784 4397 2017 4452 blandis

384 4486 589 4557 perdiu
623 4485 993 4541 sermonibus
1023 4485 1260 4540 detinet.
1294 4484 1367 4540 Ut
1395 4500 1531 4556 ergo
1562 4500 1739 4539 sacrae
1768 4484 2016 4558 liturgiaa

386 4575 538 4629 262
575 4578 807 4644 tempus
839 4572 1045 4638 adfuit,
1077 4573 1395 4643 imperator
1432 4574 1559 4643 jam
1609 4572 1667 4627 in
1719 4573 2017 4643 procinctu

384 4659 637 4715 adeundi
668 4659 865 4731 templi
898 4660 1059 4716 misit
1088 4664 1311 4716 certum
1341 4676 1371 4716 e
1402 4660 1526 4716 suis
1556 4661 1652 4730 qui
1698 4663 2017 4732 praemuni-

385 4753 493 4817 ret,
536 4751 707 4817 prout
736 4748 1061 4818 oportebat,
1105 4748 1376 4804 sacriﬁcii
1430 4749 1754 4816 ministros,
1799 4751 2019 4820 jubens

382 4851 500 4899 eos,
560 4834 739 4890 simul
798 4834 1207 4906 imperatorem
1267 4836 1687 4908 ingredientem
1737 4837 2017 4908 viderent,

385 4922 609 4988 statim,
642 4938 756 4977 non
781 4927 1107 4994 exspectato
1130 4924 1271 4979 dum
1292 4923 1392 4980 ille
1411 4924 1481 4980 ad
1505 4941 1701 4981 sacras
1732 4925 2019 4998 imagines

385 5012 735 5067 adoraturus
762 5013 1081 5079 accederet,
1115 5012 1392 5083 nullaque
1422 5014 1660 5069 omnino
1710 5013 1823 5069 alia
1874 5031 2017 5085 qua-

383 5115 614 5169 cunque
644 5115 711 5155 ex
762 5117 942 5156 causa
991 5118 1156 5157 mora
1201 5100 1566 5171 interposita,
1616 5102 1885 5173 protinus
1931 5102 2020 5157 in-

385 5187 594 5242 choare
652 5188 1011 5244 functionem
1072 5206 1324 5257 sacram,
1373 5190 1618 5246 diacono
1654 5189 2015 5245 versiculum

384 5275 623 5330 Benedic
649 5277 1090 5347 pronuntiante,
1123 5282 1180 5333 et
1196 5277 1297 5333 Dei
1321 5277 1782 5333 benedictionem
1805 5278 2019 5334 solem-

384 5380 514 5418 nem
541 5366 840 5421 sacerdote
867 5364 1085 5437 pariter
1107 5366 1434 5436 proferente
1454 5381 1588 5421 voce
1618 5370 1909 5423 contenta.
1939 5371 2020 5422 Ac

378 5451 690 5507 consilium
715 5452 773 5507 in
798 5453 890 5508 his
914 5453 1283 5525 imperatoris
1305 5453 1415 5508 boc
1436 5458 1595 5510 erat:
1621 5473 1681 5512 se
1703 5472 1820 5512 una
1842 5456 2019 5512 simul

380 5556 508 5594 cum
534 5540 867 5611 patriarcha
888 5541 1044 5598 intra
1063 5542 1348 5614 templum
1374 5547 1564 5600 stante
1581 5544 1775 5602 missae
1789 5561 2019 5602 sacrum

377 5625 487 5683 rite
517 5628 923 5700 peragi,tacita
952 5631 1217 5701 quaedam
1241 5631 1440 5687 futura
1461 5631 1572 5704 ipsi
1596 5632 1907 5690 videbatur
1927 5634 2017 5689 sui

2132 579 2388 653 τουργίας
2441 579 2801 654 ἀπάρχεσθαι.
2863 583 3040 637 Τοῦτο
3095 576 3141 634 δ’
3189 582 3254 647 ἦν
3300 579 3514 639 πάντως
3558 579 3694 651 πρὸς
3744 579 3772 633 ὃ

2132 668 2279 720 ταῦτ’
2338 668 2542 729 ἐκεῖνος
2598 667 3041 742 παρεσκευάζετο,
3097 669 3158 722 τὸ
3213 668 3304 722 τὸν
3358 667 3622 742 ἱεράρχην
3676 670 3771 740 ἅμ’

2135 754 2281 809 αὐτῶ
2342 754 2424 809 ἐπ’
2479 756 2771 825 ἐκκλησίας
2822 761 3167 831 συναγαγεῖν,
3214 755 3497 810 κάντεῦθεν
3555 776 3770 827 σιωπη-

2138 845 2248 906 Λῶς
2279 845 2377 911 τήν
2427 849 2527 899 τοῦ
2555 842 2758 917 δεσμοῦ
2806 844 2962 900 λύσιν
3012 845 3565 920 πραγματευσάμενον
3599 842 3771 918 ἔχειν.

2136 934 2234 987 Καὶ
2266 930 2332 1001 δὴ
2381 933 2709 1007 ηὐτρέπιστο
2763 942 2855 1006 μὲν
2907 937 2974 989 τὰ
3020 937 3117 1003 τῆς
3158 936 3305 1008 ἱερᾶς
3354 931 3714 1007 λειτουργίας,
3747 933 3775 986 6

2136 1019 2344 1094 κλῆρος
2407 1019 2453 1075 δ’
2512 1024 2648 1083 ἅπας
2706 1024 3237 1094 μετασκευασάμενος
3286 1026 3402 1082 τοῖς
3462 1020 3627 1075 εἰκόσι
3676 1041 3777 1074 κα-

2139 1106 2489 1182 ραδοκοῦντες
2520 1112 2614 1164 τὸν
2667 1110 2892 1185 βασιλέα
2923 1110 3045 1165 ὅσον
3099 1107 3251 1164 οῧπω
3306 1110 3629 1187 ἀφιξόμενον
3680 1129 3777 1162 πε-

2138 1203 2380 1270 ριέμενον
2418 1241 2429 1253 .
2483 1199 2539 1251 Ὀ
2598 1196 2655 1251 δὲ
2710 1197 2966 1272 βασιλεὺς
3018 1202 3115 1253 τοῦ
3172 1198 3321 1270 ἰεροῦ
3383 1193 3622 1268 μανδύου
3677 1196 3773 1249 τὸν

2137 1285 2483 1360 πατριάρχην
2537 1288 2807 1360 κατέχων,
2859 1288 2996 1341 κατά
3048 1307 3168 1341 τινα
3213 1286 3357 1339 ποσά
3408 1282 3771 1356 διαστήματα,

2138 1376 2249 1447 ἅμα
2284 1376 2377 1446 μὲν
2435 1376 2726 1446 ἱστάμενος
2789 1373 3013 1447 ὡμίλει,
3063 1377 3176 1446 ἅμα
3224 1374 3281 1429 ὅὶ
3325 1375 3411 1428 καὶ
3459 1373 3535 1436 ὡς
3565 1374 3650 1427 ἒ.πί
3682 1372 3771 1426 τὸν

2136 1463 2261 1517 ναὸν
2308 1465 2638 1537 προσήγετο.
2669 1464 2756 1524 Ὡς
2803 1460 2861 1517 δέ
2908 1484 3038 1517 ποτε
3081 1467 3178 1517 τοῦ
3232 1460 3394 1517 οὐδοῦ
3425 1457 3592 1530 ἐπέϐη
3622 1461 3712 1515 καὶ
3746 1462 3774 1514 6

2137 1546 2389 1612 διάκονος
2445 1551 2506 1605 τὸ
2557 1548 2877 1625 Εὐλόγησον
2911 1546 3096 1621 ἐξεϐόα
3142 1552 3232 1605 καὶ
3283 1550 3436 1613 εὐθὺς
3484 1553 3518 1618 ἡ
3570 1549 3630 1603 ἐκ
3673 1553 3771 1603 τοῦ

2135 1639 2324 1712 ἱερέως
2355 1637 2675 1712 εὐλόγησις,
2698 1666 2699 1669 π
2726 1639 2983 1694 έκσπᾶται
3026 1644 3107 1710 τῷ
3136 1636 3421 1712 παραδόξῳ
3453 1640 3480 1692 6
3512 1637 3775 1712 πατριάρ-

2135 1746 2268 1800 χης,
2296 1728 2383 1781 καὶ
2431 1729 2522 1782 τὸν
2590 1725 2752 1781 δόλον
2804 1729 2980 1791 συνεὶς
3026 1727 3217 1782 αὐτίκα
3261 1727 3495 1781 ἀντέσπα
3543 1726 3633 1780 καὶ
3675 1733 3777 1794 τῆς

2139 1816 2325 1889 χειρὸς
2381 1820 2478 1871 τοῦ
2524 1820 2849 1889 κρατοῦντος
2889 1814 3165 1885 ἐξώλισθε,
3225 1814 3338 1885 καὶ,
3396 1839 3424 1866 ‹‹
3455 1815 3546 1883 Τί,
3573 1812 3776 1887 λέγων,

2138 1904 2280 1958 οὕτω
2330 1902 2573 1980 δολερῶς
2618 1903 2871 1967 κλέπτεις
2915 1906 3015 1973 τὴν
3059 1903 3338 1977 εὐλογίαν,
3384 1904 3472 1957 καὶ
3521 1900 3771 1976 παραλο-

2134 1992 2256 2067 γίζῃ
2285 1993 2346 2048 τὸ
2377 1999 2528 2048 Θεῖον
2580 1993 2866 2067 ἄνθρωπος
2894 1992 2989 2063 ὥν,
3033 1993 3098 2047 οὐ
3149 1990 3265 2047 δέον
3314 1992 3372 2046 ὃν
3407 1989 3530 2045 οὐδὲ
3560 1993 3769 2067 συμφέ-

2136 2101 2270 2154 ρον;
2306 2107 2334 2133 ››
2367 2086 2487 2140 "En
2521 2080 2577 2137 δὲ
2622 2082 2734 2153 καὶ,
2789 2106 2815 2135 ‹‹
2846 2081 3004 2137 Καλά
3032 2103 3096 2156 γε
3123 2080 3311 2150 ταῦτα,
3348 2105 3375 2132 ››
3426 2078 3767 2156 προσονειδί-

2138 2175 2263 2240 ζων,
2317 2195 2345 2222 ‹‹
2377 2169 2465 2225 καί
2509 2192 2569 2244 γε
2615 2171 2829 2243 βασιλεῖ
2859 2170 3102 2241 ἐννόμως
3133 2168 3323 2243 ἄρχειν
3354 2170 3764 2244 προαιρουμένῳ

2100 2258 2425 2331 ,πρέποντα,
2474 2258 2562 2312 καὶ
2599 2256 2909 2335 δυσφόρητα
2954 2264 3071 2322 τοῖς
3101 2256 3297 2319 ἄλλοις
3329 2260 3571 2325 ἀκοῦσαι,
3626 2257 3757 2310 ὥστε

2131 2348 2221 2400 καὶ
2270 2346 2522 2417 ἐπαινεῖν,
2554 2371 2581 2398 ››
2644 2346 2801 2410 εὐθὺς
2842 2346 2995 2408 ἀετὸς
3039 2347 3107 2416 ἦν
3158 2345 3337 2401 λιπὼν
3396 2345 3594 2400 ἐκεῖνον
3635 2365 3757 2398 κατ-

2132 2432 2440 2499 αιδεσθέντα
2494 2437 2583 2490 καὶ
2637 2437 3030 2513 ἀφιπτάμενος,
3088 2435 3178 2489 καὶ
3241 2433 3330 2489 διὰ
3382 2441 3485 2503 τῆς
3545 2432 3764 2506 σιδηρᾶς

2131 2528 2228 2577 τοῦ
2255 2522 2538 2599 τρικλίνου
2569 2523 2750 2592 πύλης
2800 2523 2874 2587 ὡς
2922 2525 3092 2598 τάχος
3142 2526 3279 2596 πεζῇ
3322 2518 3570 2593 διαθέων,
3667 2541 3768 2575 πο-

2130 2738 2164 2777 a
2189 2722 2411 2778 dudum
2444 2722 2657 2794 injecto
2680 2722 3070 2778 anathematis
3090 2721 3321 2777 vinculo
3342 2720 3771 2791 solutio.Atque

2130 2811 2211 2865 ita
2235 2810 2579 2882 compendio
2612 2811 2864 2883 quodam
2896 2815 3233 2882 opportune
3260 2810 3584 2865 occasionis
3634 2826 3768 2866 con-

2131 2906 2471 2956 secuturum
2532 2916 2593 2956 se
2654 2901 2929 2972 sperabat
2984 2902 3138 2971 quod
3196 2905 3359 2957 tanto
3409 2900 3767 2972 jampridem

2131 2989 2374 3044 circuitu
2409 2993 2705 3060 captatum
2740 2989 2935 3043 iverat.
2968 2989 3442 3059 Succedebatque
3488 2987 3574 3042 illi
3624 2989 3766 3044 hac-

2130 3083 2303 3133 tenus
2328 3077 2497 3132 dolus
2527 3077 2772 3148 egregie.
2822 3076 2967 3132 Nam
3014 3076 3204 3133 clerus
3255 3076 3564 3132 universus
3616 3094 3761 3148 prae-

2129 3166 2406 3234 monitus,
2443 3174 2503 3221 ut
2524 3166 2743 3233 dixi,ad
2764 3165 3161 3221 inchoandum
3188 3165 3379 3221 misse
3410 3165 3763 3221 sacriﬁcium

2132 3254 2393 3327 proxime
2422 3254 2746 3310 instructus
2776 3253 2936 3310 omni
2962 3254 3326 3310 convenienti
3373 3258 3659 3325 apparatu
3709 3258 3765 3309 et

2128 3347 2357 3409 ornatu,
2425 3342 2798 3414 exspectabat
2864 3342 3003 3397 dum
3072 3345 3376 3413 appareret
3439 3341 3762 3397 adventans

2127 3430 2466 3502 imperator.
2498 3430 2605 3495 Qui
2635 3433 2831 3485 astute
2855 3431 2924 3485 ad
2949 3431 3102 3500 quod
3149 3428 3489 3485 intendebat
3537 3445 3763 3484 sacram

2127 3519 2399 3590 penulam
2416 3518 2563 3573 comi
2574 3517 2751 3573 tantis
2765 3533 2961 3573 secum
2978 3518 3319 3589 patriarcha
3332 3517 3567 3574 tenebat
3581 3534 3758 3572 manu

2124 3606 2403 3662 incedens
2434 3622 2571 3675 una,
2596 3610 2653 3661 et
2682 3623 2783 3677 per
2812 3605 3117 3662 intervalla
3148 3607 3370 3661 urbane
3416 3605 3761 3676 interposita

2127 3693 2473 3761 consistens,
2506 3691 3005 3765 confabulansque
3032 3692 3203 3764 plane
3233 3691 3618 3757 familiariter,
3654 3691 3758 3746 do-

2126 3797 2231 3837 nec
2262 3797 2393 3836 eum
2424 3781 2580 3836 intra
2608 3780 2893 3852 templum
2928 3780 3102 3837 simul
3139 3779 3473 3852 ingrediens
3504 3779 3757 3834 induxit.

2122 3874 2508 3940 Supergresso
2557 3872 2751 3923 autem
2803 3869 2928 3937 ipso
2974 3867 3177 3933 limen,
3222 3867 3419 3923 statim
3471 3867 3755 3921 diaconus

2122 3956 2362 4013 Benedic
2392 3956 2760 4025 inclamavit;
2796 3973 2972 4028 quam
3002 3972 3199 4012 vocem
3232 3958 3432 4010 secuta
3478 3954 3754 4009 continuo

2122 4050 2212 4101 est
2235 4045 2554 4101 sacerdotis
2577 4044 2921 4101 benedictio.
2946 4044 3256 4099 Perculsus
3276 4044 3575 4115 inopinato
3608 4044 3757 4098 facto

2123 4133 2473 4205 patriarcha,
2505 4138 2563 4188 et
2592 4132 2793 4188 dolum
2825 4132 3021 4187 subito
3071 4131 3428 4203 intelligens,
3474 4130 3761 4203 proripuit

2122 4238 2204 4288 se,
2238 4238 2304 4277 ac
2355 4220 2556 4276 manui
2605 4220 2854 4276 tenentis
2903 4220 3273 4292 imperatoris
3319 4219 3554 4291 elapsus
3602 4224 3693 4274 est
3744 4236 3757 4272 :

2120 4329 2148 4356 «
2183 4309 2317 4373 Cur,
2346 4306 2641 4377 inquiens,
2674 4305 2873 4361 dolose
2906 4306 3118 4361 furaris
3161 4306 3651 4375 benedictionem,
3703 4310 3763 4361 et

2122 4396 2388 4466 decipere
2419 4394 2601 4449 Deum
2634 4394 2886 4461 conaris,
2920 4394 3094 4451 homo
3124 4411 3259 4450 cum
3290 4394 3418 4450 sis?
3447 4395 3601 4465 quod
3654 4410 3759 4450 nec

2122 4482 2422 4554 oportebat
2451 4498 2554 4537 nec
2585 4482 2928 4553 expediebat
2978 4501 3011 4538 a
3057 4488 3114 4539 te
3162 4482 3394 4539 tentari.
3446 4504 3476 4532 »
3525 4483 3764 4538 Addidit

2128 4575 2405 4642 praeterea
2452 4570 2610 4625 haud
2654 4570 2908 4626 molliter
2936 4572 3293 4643 exprobrans
3326 4586 3341 4626 :
3373 4593 3401 4621 «
3438 4570 3761 4626 Pulchrane

2127 4658 2246 4714 haec
2279 4664 2450 4730 putas
2501 4664 2557 4714 et
2600 4659 3004 4715 convenientia
3061 4658 3396 4730 imperatori
3450 4659 3764 4731 magniﬁce

2127 4748 2389 4818 professo
2421 4763 2483 4803 se
2504 4747 2670 4818 juxta
2696 4746 2855 4819 leges
2886 4748 3039 4803 263
3071 4747 3358 4818 imperare
3388 4746 3582 4803 velle?
3624 4747 3763 4818 quid

2126 4835 2394 4891 homines
2422 4836 2618 4891 dicent
2648 4836 2745 4891 ubi
2777 4835 3113 4892 audierint?
3142 4852 3215 4891 an
3249 4837 3488 4891 laudare
3524 4836 3657 4905 ista,
3690 4834 3761 4890 ad

2128 4925 2335 4981 saltem
2360 4923 2448 4980 vel
2478 4924 2806 4979 tolerabilia
2836 4940 3072 4980 censere
3103 4924 3422 4995 poterunt?
3476 4947 3505 4973 »
3554 4924 3625 4979 Et
3668 4923 3764 4977 his

2129 5016 2365 5084 repente
2395 5012 2568 5068 dictis
2594 5012 2845 5068 avolavit
2872 5013 3059 5069 instar
3087 5011 3316 5083 aquilae,
3350 5013 3569 5083 pudore
3624 5028 3762 5066 con-

2127 5101 2326 5157 fusum
2375 5101 2783 5172 imperatorem
2833 5101 3207 5171 relinquens;
3260 5117 3324 5156 ac
3382 5116 3485 5171 per
3534 5103 3760 5169 portam

2128 5189 2365 5245 triclinii
2388 5189 2657 5256 ferream,
2668 5190 2844 5261 pedes
2868 5192 3087 5260 quanta
3108 5188 3363 5244 maxima
3393 5188 3587 5260 posuit
3630 5204 3762 5259 per-

2129 5277 2364 5333 nicitate
2394 5293 2659 5349 currens,
2710 5278 2981 5348 pervenit»
3017 5277 3087 5333 ad
3142 5294 3323 5343 mare,
3372 5276 3567 5347 ibique
3614 5291 3761 5331 nave

2129 5382 2447 5423 conscensa
2476 5366 2713 5422 domum
2744 5383 2806 5421 se
2834 5364 3061 5421 retulit.
3101 5367 3173 5420 At
3202 5365 3519 5436 imperator
3554 5364 3762 5436 plenus

2129 5456 2265 5511 licet
2293 5455 2684 5522 contumeliae,
2714 5471 2780 5511 ac
2807 5459 2927 5510 tam
2956 5454 3249 5525 probrosa:
3289 5453 3537 5523 repulsae
3586 5468 3762 5508 sensu

2126 5544 2335 5599 intimo
2367 5542 2681 5614 doloreque
2712 5549 2990 5607 aestuans,
3037 5547 3229 5597 tamen
3284 5540 3765 5609 magnanimitate

2130 5630 2407 5689 simulata
2435 5632 2723 5688 sacriﬁcio
2750 5633 3001 5704 perrexit
3030 5629 3545 5699 attendere,quoad
3578 5628 3766 5682 missa
