4158 6280
317 367 430 427 709

1375 371 1463 422 DE
1499 368 1866 423 MICHAELE
1906 368 2346 426 PALEOLOGO
2383 371 2515 425 LIB.
2555 373 2651 425 IV.

3605 371 3712 425 710

315 495 424 549 δῶν
480 496 629 568 εἶχεν
677 493 877 568 ἐχώρει
919 495 1056 568 πρὸς
1106 489 1396 562 θάλασσαν,
1444 493 1534 546 καὶ
1577 492 1711 553 νεὼς
1769 486 1961 554 έπιϐας
1989 497 2037 559 Α
2075 492 2138 553 ς’.
2197 493 2386 576 ’Όπως
2445 493 2830 584 συναὶχρέντων,
2873 497 2980 584 τῶν
3023 493 3348 584 ’ἀρχιερέων
3395 493 3459 548 τὸ
3503 493 3708 548 τέλειον

316 578 701 655 κατελάμϐανε
763 581 829 636 τὰ
885 580 1057 636 οἷ’κεῖα
1091 623 1104 637 .
1172 581 1228 633 Ὁ
1308 581 1490 652 μέντοι
1566 601 1629 654 γε

317 667 735 745 ὑϐριοπαθήσας
795 671 912 724 οἷον
967 669 1056 722 καὶ
1113 666 1378 732 αἰδεσθεὶς
1432 673 1808 744 προσποιεῖται
1865 666 1956 723 οὖν

315 759 472 832 ὅμως
503 759 564 812 τὸ
599 755 1015 832 μεγαλόψυχον.
1051 756 1156 812 Καὶ
1196 755 1307 810 ἐπεὶ
1349 753 1507 818 τέλος
1533 757 1631 825 τήν
1664 758 1810 831 ἰεραν
1843 755 1956 811 λει-

311 847 574 921 τουργίαν
623 840 949 918 ἐλάμϐανεν,
999 843 1264 917 ἐξελθὼν,
1310 844 1521 908 σταθεὶς
1568 845 1619 899 ἐν
1667 849 1746 916 τῷ
1795 843 1953 900 Ἀλε-

313 935 485 1006 ξιακῷ
513 932 798 1008 τρικλίνῳ,
846 932 974 994 τοὺς
1022 954 1080 986 τε
1129 936 1237 987 τῶν
1283 934 1556 1006 ἱεραρχῶν
1607 933 1953 1008 παρατκχόν-

309 1043 406 1084 τας
440 1021 686 1083 καὶτοὺς
736 1025 833 1075 τοῦ
883 1020 1096 1096 κλήρου
1149 1021 1656 1093 μεταστειλάμενος,
1709 1023 1792 1092 [Ρ.
1831 1024 1952 1094 178]

314 1106 625 1163 ἐπενεκάλει
664 1112 744 1180 τῷ
776 1109 1091 1182 πατριάρχῃ
1145 1107 1515 1180 σκληρότητα,
1547 1107 1660 1175 καὶ,
1711 1131 1738 1160 ‹‹
1764 1106 1950 1177 Ἴδετε,

314 1197 515 1272 λέγων,
564 1198 713 1259 ὅπως
774 1199 996 1269 ἀμαθῶς
1057 1196 1198 1251 οὕτω
1253 1202 1362 1252 τῶν
1411 1197 1691 1271 ᾑμετέρων
1751 1201 1953 1272 χειρῶν

310 1285 702 1360 ἀπεδίδρασκε.
765 1286 860 1340 Καὶ
914 1286 959 1340 εἰ
1015 1284 1277 1356 λυπήσων
1333 1286 1494 1362 ἐφάνη
1529 1331 1542 1355 ,
1593 1286 1728 1340 κατά
1784 1285 1836 1339 τί
1893 1309 1953 1362 γε

306 1375 400 1428 καὶ
433 1376 733 1448 παρ’ἡμᾶς
788 1375 1047 1452 ἀφῖκται;
1108 1373 1232 1429 ἀλλ’
1282 1375 1355 1436 ὡς
1406 1372 1568 1446 ἔοικε,
1621 1374 1747 1435 τοὺς
1806 1373 1952 1449 ἐλέγ-

307 1481 446 1536 χους
506 1461 888 1537 διαφυγγάνειν
949 1461 1513 1536 πραγματευόμενος,
1572 1460 1757 1517 ἔλαθεν
1826 1461 1950 1516 ἐαυ-

304 1554 399 1605 τὸν
459 1553 772 1621 συνωθήσας
808 1551 1042 1623 μάλιστα
1098 1551 1232 1626 πρὸς
1288 1551 1386 1618 τὴν
1447 1549 1624 1619 δίκην.
1686 1553 1777 1618 Μὴ
1823 1556 1952 1624 γοῦν

308 1639 396 1694 ἐπὶ
426 1638 595 1693 πλέον
632 1637 965 1716 φευγοδικῶν
1004 1636 1347 1714 κερδαινέτω,
1400 1635 1550 1694 Ἀλλ’
1598 1637 1713 1692 ἐπεὶ
1743 1640 1805 1693 τὸ
1832 1639 1948 1714 τρί-

303 1749 399 1782 τον
458 1726 909 1782 ἐναπολέλειπται
972 1729 1225 1799 μήνυμα,
1286 1726 1658 1800 συναχθέντων
1713 1725 1944 1802 γενέσθω

1707 578 1959 655 βασιλεὺς

2253 567 2478 636 μήνυμα
2496 563 2703 619 καῖ”ἐπὶ
2735 563 2915 636 τούνῳ
2944 567 2979 634 ἡ
3013 563 3270 640 ἀοόᾷασις
3293 565 3532 639 γέγονεν.

2138 670 2254 732 Τῆς
2285 665 2342 722 δὲ
2394 671 2513 741 μετ’
2560 669 2726 738 αὐτὴν
2784 669 2995 746 ἡμέρας
3042 672 3158 743 ἅμα
3201 671 3576 746 συναχθέντων
3619 671 3708 726 καὶ

2071 755 2238 810 πάλιν
2276 757 2418 828 μετὰ·
2447 756 2633 812 πολλά
2661 757 2728 812 τὰ
2776 756 3080 827 λαληθέντα
3125 759 3214 812 καὶ
3261 761 3360 828 τήν
3404 764 3501 813 τοῦ
3550 760 3702 835 βασι-

2071 843 2209 904 λέως
2261 848 2373 899 οἷον
2408 845 2754 920 παραίτησιν,
2788 847 2862 908 ὡς
2897 845 3037 918 μηδὲ
3085 846 3243 901 αὐτὸν
3297 846 3470 910 θέλειν
3519 850 3706 923 παρεῖ-

2063 953 2170 1002 ναι,
2204 932 2246 986 εἰ
2278 935 2354 1004 μή
2395 953 2456 1006 γε
2491 940 2590 1003 τῆς
2649 933 2972 1004 Ἐκκλησίας
3031 931 3225 1007 δεσμοὶ
3281 935 3585 1010 ἐξεχώρουν
3617 935 3707 991 καὶ

2061 1022 2633 1094 προσ-κατηνάγκαζον,
2684 1022 2775 1076 καὶ
2841 1023 2902 1076 τὸ
2973 1021 3167 1077 λοιπὸν
3240 1025 3513 1096 πέμπεται
3597 1027 3708 1097 μή-

2059 1128 2244 1180 νυμα,
2306 1109 2603 1183 ἀρχιερέων
2667 1111 2762 1164 κάν
2814 1110 2992 1181 τούτῳ
3054 1107 3545 1183 μεσολαϐησάντων
3611 1113 3703 1167 καὶ

2056 1194 2364 1269 κληρικῶν.
2424 1200 2510 1258 Ὠς
2570 1197 2626 1252 δὲ
2680 1199 2768 1253 καὶ
2829 1197 2978 1261 αὖθις
3022 1200 3050 1252 ὁ
3108 1202 3456 1274 πατριάρχης
3502 1202 3698 1256 ἀπεῖπε

2055 1287 2156 1354 τήν
2185 1283 2386 1361 ἄφιξιν,
2418 1289 2726 1359 προστιθεὶς
2759 1288 2833 1349 ὡς
2867 1311 2888 1340 ι
2921 1289 2991 1341 Τὸ
3041 1286 3233 1343 δοκοῦν
3286 1291 3410 1362 ὑμῖν
3461 1290 3695 1354 ἀπόντος

2056 1375 2316 1447 γενέσθω·
2369 1373 2496 1429 οὐδὲ
2523 1375 2623 1450 γὰρ
2679 1375 3049 1448 ἀπαντησαιμι
3099 1376 3194 1430 κᾶν
3247 1377 3277 1431 ὅ
3314 1399 3366 1432 τι
3396 1379 3629 1451 γένοιτο,
3665 1402 3693 1432 ››

2053 1462 2175 1516 τότε
2203 1463 2336 1534 μετὰ
2382 1465 2482 1531 τήν
2540 1462 2760 1532 πολλὴν
2818 1464 3001 1537 σκέψιν
3059 1466 3110 1518 οἳ
3167 1466 3420 1541 ἱεράρχαι
3472 1467 3689 1522 κανόσιν

2055 1552 2166 1603 οἷον
2229 1549 2588 1625 ἐπερείδεσθαι
2644 1551 2893 1615 θέλοντες
2949 1554 3097 1627 εἶχον
3162 1555 3256 1627 μὲν
3306 1555 3395 1610 καὶ
3442 1556 3534 1611 τὸν
3591 1563 3691 1624 τῆς

2055 1637 2374 1715 φυγοδικίας
2417 1640 2615 1694 κανόνα
2669 1644 2776 1694 τῶν
2835 1639 3154 1697 ἀποστόλων
3207 1643 3272 1697 τὰ
3308 1643 3494 1699 πολλά
3543 1647 3692 1720 σφίσι

2052 1726 2188 1800 πρὸς
2220 1728 2280 1780 τὸ
2326 1729 2394 1781 τὰ
2451 1726 2710 1782 δοκοῦντα
2767 1727 3154 1802 ἀποφαίνεσθαι
3217 1727 3693 1805 συμϐαλλόμενον,

305 1816 400 1870 καὶ
453 1821 634 1883 τοῦτο,
693 1815 782 1869 καὶ
839 1815 884 1874 εἷ
947 1816 1040 1888 μὲν
1099 1816 1415 1886 ἀπαντήσει,
1471 1815 1756 1889 κρινέσθω,
1810 1815 1854 1868 εἷ
1900 1813 1944 1868 δ’
1981 1813 2204 1910 Βὸμως
2250 1813 2306 1868 δὲ
2353 1836 2414 1889 γε
2470 1815 2520 1869 ἐν
2577 1815 2810 1892 ἀσφαλεῖ
2867 1817 3194 1892 βουλόμενοι
3255 1822 3533 1892 πράττειν,
3576 1821 3690 1890 ἐηεὶ

309 1905 429 1972 οὖν,
464 1902 599 1959 Ἀλλ
633 1904 798 1975 ἀὺμῖν
825 1925 885 1978 γε
915 1901 1139 1975 μελήσει
1172 1907 1290 1966 πῶς
1321 1903 1378 1957 ἂν
1404 1900 1801 1980 φυγοδικοῦντα
1822 1923 1943 1975 μετ-

308 1991 612 2054 ελεύσεσθε.
656 1991 733 2047 Τὸ
785 1989 830 2044 δ’
879 1990 1006 2063 ἐμὸν
1069 1989 1351 2054 ἀναθετέον
1413 1995 1526 2061 Θεῷ
1581 1992 1728 2052 ὅπως
1784 1989 1843 2043 ἂν
1871 1991 1947 2051 ὡς

308 2079 504 2150 ἐκείνῳ
554 2075 824 2148 ϐουλητὸν
880 2078 1296 2152 οἰκονομηθείη.
1349 2102 1378 2131 »
1428 2080 1586 2132 Ταῦτ’
1641 2078 1806 2132 εῗπὼν
1857 2078 1947 2132 καὶ

304 2167 565 2242 προσθεὶς
619 2167 756 2221 κατά
809 2188 932 2222 τινα
989 2166 1268 2242 πρόληψιν
1327 2168 1548 2221 κάκεῖνα
1610 2164 1944 2239 εὐμεθόδως,

306 2257 392 2310 ὅτι
424 2255 513 2309 καὶ
560 2255 622 2308 τὸ
661 2255 888 2316 τούτους
945 2253 1216 2316 πολλάκις
1269 2254 1628 2330 ἀναφέροντας
1683 2255 1802 2328 περὶ
1837 2259 1943 2309 τῶν

302 2346 440 2398 κατά
474 2348 606 2418 σφᾶς
651 2341 958 2412 ἐκκλησιῶν
1022 2343 1096 2414 μὴ
1157 2342 1524 2405 εἰσακούεσθαι
1584 2341 1756 2395 αἰτίαν
1794 2341 1943 2413 ,μίαν

304 2433 437 2485 εἶναι
498 2432 595 2498 τὴν
655 2434 749 2484 τοῦ
806 2431 1149 2506 πατριάρχου
1201 2431 1336 2505 πρὸς
1417 2429 1572 2483 αὐτὸν
1632 2430 1944 2503 ἀπέχθειαν,

302 2520 394 2574 καὶ
441 2521 512 2580 ὡς
558 2518 606 2572 εἴ
659 2515 906 2573 ἐκποδὼν
936 2521 998 2573 τὸ
1029 2516 1322 2574 σκάνδαλον
1365 2539 1607 2592 γενηται,
1659 2517 1852 2580 αὐτοὺς
1881 2519 1948 2572 τά

309 2607 525 2683 μεγάλα
569 2610 700 2682 παρ’
752 2607 897 2679 αύτῷ
949 2604 1224 2680 δύνασθαι,
1270 2606 1565 2662 καταπαύει
1611 2607 1702 2661 τὸν
1752 2605 1944 2675 λόγον.

311 2815 548 2882 peracta
600 2827 898 2882 regressus
949 2815 1231 2883 stansque
1262 2813 1321 2867 in
1354 2813 1624 2869 Alexiaco
1670 2811 1942 2880 triclinio,

311 2899 470 2969 apud
518 2915 613 2954 eos
656 2917 801 2972 quos
832 2901 913 2954 ibi
947 2901 1092 2956 forte
1121 2903 1334 2971 reperit
1361 2901 1691 2973 episcopos,
1722 2905 1778 2956 et
1802 2901 1944 2957 alios

311 3001 380 3040 ex
413 2985 564 3040 clero
595 3003 735 3056 quos
755 2992 1080 3055 vocaverat,
1108 2994 1350 3059 questus
1380 2993 1470 3044 est
1500 2989 1571 3044 de
1602 2988 1944 3060 patriarcha:

306 3073 566 3130 duritia:
600 3093 622 3123 ε
644 3075 859 3145 Videte,
883 3076 1176 3147 inquiens,
1202 3093 1380 3148 quam
1412 3076 1698 3132 inurbane
1731 3077 1945 3132 nostris

2056 1902 2143 1956 καὶ
2175 1902 2261 1956 ἐπὶ
2295 1902 2469 1973 πάσης
2526 1904 2601 1964 ὡς
2633 1903 2801 1958 εἴπεῖν
2857 1912 2957 1974 τῆς
3015 1904 3232 1970 πόλεως
3286 1910 3433 1962 ταῦτ’
3492 1908 3691 1984 ἔπρατ-

2053 2011 2144 2044 τον
2201 1993 2286 2060 [Ρ.
2351 1993 2472 2065 179]
2527 1997 2622 2046 τοῦ
2684 1992 2953 2065 βασιλέως
3000 1993 3422 2068 οἷ’κονομοῦντος
3479 1996 3568 2052 διὰ
3589 1999 3690 2066 τήν

2054 2084 2155 2145 τῆς
2211 2079 2508 2151 ἀπεχθείας
2571 2079 2978 2154 ὑποτρέχουσαν
3040 2082 3293 2156 ὑποψίαν,
3326 2087 3416 2138 καὶ
3469 2083 3562 2140 ’ίνα
3613 2087 3689 2157 μὴ

2053 2165 2142 2218 καὶ
2176 2165 2325 2228 αὖθις
2355 2165 2634 2239 σχίζοιντο
2687 2168 2948 2239 μαθόντες
2993 2171 3060 2224 τά
3105 2172 3384 2246 γεγονότα,
3415 2173 3691 2247 παρίστων

2055 2253 2142 2307 καὶ
2171 2252 2318 2315 αὖθις
2342 2252 2427 2307 ἐπὶ
2452 2255 2616 2326 μέσου
2638 2255 2729 2310 τὸν
2752 2257 3186 2329 Ἑψητόπουλον.
3211 2261 3272 2316 Ὁ
3295 2259 3555 2323 λίϐελλος
3576 2263 3694 2325 καθ’

2053 2339 2104 2395 ἓν
2139 2342 2437 2416 κεφάλαιον
2471 2343 2952 2418 ὑπανεγινώσκετο,
2979 2347 3067 2401 καὶ
3101 2347 3145 2401 εἰ
3179 2347 3300 2422 ἔχοι
3328 2349 3457 2412 τοὺς
3491 2370 3694 2423 μαρτυ-

2057 2431 2315 2501 ρήσοντας
2347 2431 2620 2505 ἡρωτᾶτο.
2654 2433 2714 2488 Ὁ
2743 2430 2800 2486 δὲ
2827 2455 2908 2508 γε,
2943 2459 2968 2485 ‹‹
2995 2437 3337 2511 Πραγμάτων
3369 2443 3624 2515 φανερῶν,
3659 2462 3688 2490 n

2057 2519 2220 2590 εἶπεν,
2254 2543 2281 2569 ‹‹
2317 2517 2379 2572 οὐ
2426 2516 2583 2573 τόνδε
2611 2518 2645 2587 ἢ
2677 2519 2833 2575 τόνδε
2885 2524 3083 2598 ἀνάγκη
3131 2527 3257 2580 εἶναι
3299 2526 3390 2580 τὸν
3427 2528 3692 2603 μάρτυρα,

2054 2604 2180 2660 ἀλλ’
2229 2607 2344 2679 ἅμα
2383 2605 2715 2680 σύμπαντας,
2775 2608 2858 2664 ὅτι
2903 2612 2992 2666 καὶ
3049 2613 3240 2676 πάντες
3300 2613 3571 2670 συνοίδασι
3602 2636 3694 2692 γε⁴

2053 2812 2321 2867 veniendi
2365 2815 2606 2884 synodo,
2643 2816 2690 2870 si
2743 2831 2843 2886 per
2887 2816 3120 2872 vincula
3155 2817 3444 2886 Ecclesiae,
3477 2820 3694 2891 quibus

2055 2902 2570 2973 constringeretur,
2595 2903 2652 2956 id
2680 2903 2918 2959 minime
2947 2903 3164 2976 liceret,
3188 2910 3408 2962 tantem
3435 2907 3508 2975 is,
3541 2907 3698 2963 velut

2055 3005 2341 3046 consensu
2356 2994 2588 3046 coactus
2607 2990 3702 3067 invitantiumPatrum,ingressusasse-

2056 3077 2160 3131 dit.
2177 3078 2261 3132 Ad
2279 3077 2545 3134 ultimam
2558 3078 2715 3147 inde,
2730 3095 2857 3151 quae
2871 3080 2994 3136 sola
3013 3087 3335 3152 supererat,
3351 3084 3694 3154 patriarcha

301 3178 366 3218 se
425 3163 698 3220 manibus
754 3164 1125 3236 proripuerit.
1158 3165 1216 3220 Si
1249 3166 1580 3220 offensurus
1629 3165 1943 3235 prodierat,
1975 3149 2018 3216 Ο
2058 3165 2390 3221 citationem
2423 3167 2533 3222 rite
2564 3149 2955 3238 peragendam
3014 3149 3291 3242 episcopi,
3323 3149 3390 3226 ut
3418 3176 3610 3239 antea,
3641 3175 3700 3227 et

302 3252 445 3321 quid
478 3252 764 3307 attinebat
792 3254 968 3308 etiam
1009 3254 1081 3308 ad
1128 3270 1235 3309 nos
1267 3253 1536 3309 accedere
1557 3253 1584 3307 ?
1613 3253 1854 3321 Verum,
1887 3260 1950 3309 ut

303 3345 566 3411 apparet,
595 3341 848 3412 effugere
863 3341 1156 3411 judicium
1175 3341 1424 3398 moliens
1440 3341 1632 3397 induit
1651 3358 1713 3397 se
1736 3341 1948 3414 magis,

304 3429 714 3500 intricavitque
735 3428 852 3486 illis
874 3429 1018 3500 ipsis
1041 3447 1188 3501 quos
1209 3429 1502 3486 declinare
1531 3429 1694 3501 cupit
1721 3429 1949 3501 laqueis

308 3517 652 3588 quaestionis
683 3517 754 3572 de
783 3516 906 3589 ipso
934 3523 1126 3588 coepta
1152 3536 1165 3586 ;
1196 3535 1373 3590 quam
1407 3534 1614 3575 censeo
1637 3519 1763 3574 sine
1784 3534 1950 3574 mora

306 3606 654 3676 urgendam,
686 3621 792 3660 nec
840 3607 1325 3662 committendum
1375 3612 1441 3662 ut
1489 3607 1946 3673 cavillationum,

304 3694 522 3765 quibus
578 3694 814 3749 eludere
865 3693 1024 3765 leges
1081 3694 1309 3762 nititur,
1366 3695 1621 3750 fructum
1680 3699 1948 3766 optatum

304 3798 507 3838 secure
555 3783 798 3848 auferat,
832 3783 1136 3853 quaesitam
1194 3783 1624 3854 impunitatem.
1660 3783 1948 3850 Quoniam

305 3871 490 3941 igitur
538 3870 706 3924 tertia
751 3874 980 3926 tantum
1030 3871 1226 3927 citatio
1279 3877 1568 3941 superest,
1617 3887 1704 3942 ea,
1753 3870 1948 3940 velim,

311 3957 680 4029 congregatis
700 3959 899 4013 statim
948 3959 1112 4014 vobis
1162 3959 1507 4015 decernatur
1536 3963 1594 4014 et
1621 3959 1758 4028 ﬁat;
1800 3963 1858 4015 et
1900 3959 1951 4013 si

306 4045 709 4101 vadimonium
759 4046 972 4102 citatus
1020 4046 1251 4113 stiterit,
1285 4046 1562 4102 continuo
1601 4047 1899 4117 judicetur
1934 4063 1947 4100 :

306 4133 400 4189 sin
449 4133 666 4203 minus,
699 4139 957 4190 vestrum
989 4134 1095 4190 erit
1119 4134 1313 4190 videre
1343 4135 1484 4207 quid
1517 4136 1588 4190 de
1620 4135 1950 4191 contumaci

305 4225 640 4278 recusatore
661 4222 875 4294 judicii
906 4239 1137 4294 aequum
1172 4224 1249 4279 sit
1277 4227 1554 4281 statuere.
1588 4223 1650 4278 Id
1676 4223 1948 4294 equidem

306 4311 370 4364 in
427 4313 616 4365 vestro
674 4309 910 4366 arbitrio
969 4310 1326 4381 relinquens,
1386 4312 1502 4368 Deo
1560 4311 1833 4384 permitto
1887 4317 1952 4366 ut

306 4403 482 4469 prout
511 4397 597 4452 illi
629 4397 910 4470 placuerit
937 4399 1316 4470 gubernetur.
1354 4423 1376 4449 ι
1417 4401 1493 4456 Ea
1522 4417 1653 4456 cum
1685 4400 1950 4470 dixisset,

2052 3269 2121 3308 ex
2142 3253 2292 3308 clero
2315 3253 2491 3324 aliqui
2516 3255 2677 3309 missi
2703 3255 3016 3310 sunt.Cum
3031 3261 3226 3312 autem
3243 3274 3400 3314 more
3413 3258 3582 3315 solito
3597 3276 3698 3330 pa-

2052 3340 2306 3396 triarcha
2325 3357 2386 3397 se
2407 3348 2713 3398 venturum
2739 3347 3030 3414 negasset,
3053 3345 3311 3401 addidit:
3341 3368 3369 3397 ‹‹
3389 3350 3475 3402 Me
3498 3347 3700 3419 utique

2055 3430 2317 3498 absente,
2376 3431 2530 3501 quod
2589 3431 2752 3486 vobis
2805 3432 3116 3503 videbitur,
3173 3434 3278 3490 ﬁat
3327 3451 3341 3489 :
3395 3451 3695 3506 nunquam

2054 3518 2211 3573 enim
2238 3517 2498 3584 omnino,
2533 3519 2814 3589 quidquid
2856 3521 2927 3574 ad
2978 3521 3035 3575 id
3088 3528 3406 3592 moveatur,
3439 3525 3699 3579 adducar

2057 3611 2120 3661 ut
2149 3605 2267 3660 illic
2302 3621 2393 3659 me
2425 3606 2651 3660 sistam.
2685 3633 2712 3659 »
2743 3608 2907 3662 Tunc
2937 3613 3070 3678 pcst
3113 3610 3359 3665 multam
3409 3611 3698 3667 delibera-

2053 3694 2272 3748 tionem
2317 3697 2374 3747 et
2417 3692 2944 3748 considerationem
2994 3700 3276 3752 attentam
3321 3699 3535 3766 Patres,
3569 3715 3694 3753 ma-

2053 3783 2206 3838 xime
2256 3781 2560 3837 studentes
2615 3779 2788 3835 inniti
2841 3783 3188 3851 canonibus,
3220 3786 3590 3855 reperiebant
3638 3786 3696 3840 in

2053 3871 2261 3942 primis
2288 3869 2732 3924 accomodatum
2765 3868 2835 3922 ad
2868 3885 2990 3924 rem
3023 3877 3369 3941 praesentem
3411 3889 3691 3928 canonem

2053 3959 2450 4030 apostolorum
2510 3956 2580 4011 de
2632 3957 3000 4012 recusatione
3050 3959 3293 4028 judicii.
3353 3961 3693 4030 Quanquam

2055 4052 2248 4102 autem
2282 4047 2333 4101 is
2363 4044 2630 4100 sufﬁcere
2671 4044 2817 4115 ipsis
2854 4044 3161 4100 videbatur
3215 4048 3285 4101 ad
3345 4047 3694 4104 sententiam

2057 4137 2189 4207 jure
2238 4135 2554 4201 ferendam,
2586 4137 2780 4186 tamen
2816 4131 2954 4202 quia
2985 4132 3041 4186 in
3075 4133 3260 4189 oculis
3291 4137 3597 4205 universae,
3632 4140 3698 4190 ut

2054 4224 2138 4279 sic
2167 4222 2380 4288 dicam,
2413 4221 2688 4284 civitatis,
2724 4227 2898 4292 prout
2939 4220 3256 4292 imperator
3307 4223 3697 4292 ordinaverat,

2055 4311 2174 4365 haec
2203 4309 2575 4381 gerebantur,
2611 4325 2711 4379 per
2741 4325 2914 4380 quam
2939 4314 3064 4364 erat
3084 4309 3482 4380 vulgatissima
3500 4311 3696 4382 opinio

2055 4415 2119 4453 ac
2164 4397 2370 4452 notitia
2426 4395 2774 4464 simultatis,
2806 4413 2921 4467 qua
2967 4397 3016 4453 is
3046 4397 3432 4468 apatriarcba
3476 4399 3587 4454 sibi
3612 4401 3697 4454 vi-

304 4485 452 4540 illud
487 4493 758 4556 praeterea
787 4504 890 4558 per
918 4488 1234 4557 quamdam
1284 4487 1482 4544 utilem
1527 4489 1751 4545 intento
1801 4506 1947 4560 prae-
1981 4508 2025 4571 Ι)
2057 4487 2255 4541 cissim
2291 4485 2516 4540 infenso
2565 4483 2907 4552 dissidebat,
2938 4501 3010 4540 ne
3041 4501 3140 4557 per
3177 4501 3304 4541 eam
3337 4502 3571 4541 causam
3607 4486 3697 4542 in-

306 4575 748 4646 occupationem
777 4575 1064 4645 adjunxit,
1097 4577 1252 4646 quod
1273 4575 1618 4648 plerumque
1647 4577 1946 4648 continge-

307 4669 397 4718 ret
445 4663 603 4734 ipsos
654 4665 726 4719 de
769 4664 1022 4736 negotiis
1069 4666 1223 4721 264
1269 4682 1512 4721 suarum
1571 4665 1952 4722 ecclesiarum

307 4751 498 4806 audiri
570 4752 936 4823 postulantes
993 4770 1108 4809 non
1167 4753 1418 4825 admitti,
1474 4769 1654 4810 unam
1712 4770 1952 4809 causam

307 4856 438 4894 esse
461 4840 661 4894 odium
689 4841 746 4894 in
771 4855 832 4896 se
854 4841 1226 4913 patriarchae;
1257 4841 1559 4898 tolleretur
1590 4841 1748 4896 istud
1783 4842 1954 4897 modo

309 4929 656 4984 scandalum
682 4945 695 4984 :
719 4929 948 4987 visuros
965 4946 1064 4986 eos
1086 4931 1284 4987 statim
1307 4947 1482 5002 quam
1514 4930 1768 4986 multum
1799 4933 1956 5001 apud

311 5031 375 5071 se
405 5015 634 5086 possint
679 5030 878 5087 preces
916 5033 1121 5072 omnes
1150 5022 1206 5072 et
1234 5017 1698 5089 signiﬁcationes
1749 5017 1955 5073 volun-

305 5105 447 5158 tatis
471 5102 761 5175 ipsorum.
795 5104 858 5158 In
890 5121 957 5161 ea
979 5104 1156 5160 verba
1186 5105 1346 5176 loqui
1378 5105 1569 5160 desiit.

303 5253 360 5307 6.
397 5253 460 5308 Ul
491 5252 841 5323 congregatis
869 5253 1128 5309 Patribus
1156 5253 1354 5308 ultima
1383 5253 1579 5310 citatio
1606 5262 1658 5310 et
1680 5259 1805 5325 post
1832 5270 1955 5311 eam

807 5326 1099 5381 damnatio
1144 5325 1455 5395 contigerit.

381 5455 669 5513 Postridie
694 5463 1080 5530 congregatus
1112 5475 1347 5514 rursum
1378 5461 1563 5514 ccetus
1584 5460 1692 5514 est.
1718 5456 1801 5513 Ibi
1822 5473 1956 5531 post

307 5544 498 5600 multa
529 5544 686 5600 varie
715 5545 888 5613 dicta,
910 5551 1153 5617 postque
1183 5546 1448 5618 aliquam
1480 5545 1850 5617 imperatoris
1881 5547 1953 5601 ad

310 5633 611 5706 specimen
636 5633 932 5690 modestiae
957 5634 1284 5692 affectatam
1315 5635 1743 5693 recusationem
1776 5635 1954 5691 inter-

2059 4574 2331 4628 firmandi
2373 4571 2584 4642 judicii
2633 4576 2911 4641 tanquam
2935 4588 3004 4627 ex
3033 4573 3164 4628 odio
3206 4574 3278 4628 ad
3330 4573 3698 4644 imperatoris

2063 4661 2312 4734 gratiam
2358 4659 2461 4714 lati
2505 4659 2734 4714 occasio
2783 4660 3075 4732 quapiam
3106 4666 3165 4717 et
3194 4679 3261 4716 ex
3291 4678 3357 4717 ea
3382 4667 3698 4733 praetextus

2065 4747 2405 4804 sebismatis
2453 4751 2794 4802 nasceretur
2824 4747 2894 4802 iis
2926 4748 3025 4818 qui
3053 4749 3197 4804 forte
3241 4766 3362 4805 rem
3413 4751 3499 4804 uti
3543 4768 3699 4807 nunc

2064 4837 2375 4908 gerebatur
2447 4834 2670 4890 narrari
2747 4840 2950 4906 postea
3022 4838 3310 4904 audirent,
3369 4842 3703 4895 statuerunt

2065 4925 2272 4981 iterum
2300 4925 2356 4978 in
2393 4922 2584 4978 medio
2615 4923 3074 4995 Epsetopulum;
3115 4929 3172 4981 et
3219 4925 3485 4982 libellum
3534 4927 3699 4999 sigil-

2063 5014 2230 5068 latim
2277 5011 2549 5083 expensis
2597 5010 2868 5081 capitulis
2914 5012 3163 5069 relectus
3214 5015 3362 5072 265
3398 5019 3508 5083 est,
3540 5019 3597 5070 et
3625 5033 3700 5072 an

2063 5107 2244 5158 testes
2299 5099 2540 5155 haberet
2597 5099 2811 5170 quibus
2862 5100 3233 5158 conﬁrmaret
3281 5119 3404 5173 qua
3456 5119 3700 5160 accusa-

2064 5192 2184 5261 bat,
2239 5190 2630 5259 interrogatus
2687 5191 2776 5243 est
2830 5187 3074 5246 delator.
3114 5190 3216 5246 Ille
3265 5207 3399 5247 vero
3455 5208 3699 5263 respon-

2064 5281 2151 5335 dit
2195 5294 2391 5334 rerum
2437 5276 2626 5347 palam
2680 5276 3117 5334 manifestarum
3162 5278 3319 5335 hunc
3375 5283 3478 5335 aut
3530 5279 3698 5336 illum
3754 5325 3758 5328 .

2063 5367 2276 5425 adduci
2325 5369 2530 5420 testem
2580 5381 2695 5420 non
2747 5365 2974 5439 debere,
3007 5367 3107 5422 sed
3140 5366 3314 5422 simul
3375 5367 3698 5438 universos,

2065 5457 2221 5530 quod
2271 5469 2428 5524 eque
2476 5468 2678 5509 omnes
2703 5454 2921 5509 conscii
2954 5455 3237 5510 factorum
3270 5471 3304 5510 a
3332 5471 3394 5510 se
3423 5454 3698 5528 allegato-

2063 5561 2195 5600 rum
2228 5543 2367 5599 sint.
2388 5540 2462 5596 Ut
2484 5545 2681 5596 autem
2712 5542 2910 5598 selecti
2941 5543 3180 5612 quidam
3227 5559 3295 5598 ex
3333 5543 3484 5598 clero
3515 5544 3698 5599 inter-

2063 5632 2248 5706 rogati
2279 5628 2601 5704 praesertim
2633 5629 2705 5684 de
2735 5629 2988 5699 sultane,
3011 5634 3208 5686 utrum
3234 5631 3330 5688 ille
3358 5631 3537 5689 simul
3566 5631 3700 5689 lita-
