4158 6280
511 345 616 402 711

1810 354 2112 411 GEORGII
2150 350 2629 408 ΡΔΟΗΥΜΒΕΙΪ

3796 352 3910 406 712

508 470 782 540 νομένοις.
821 492 841 518 ι
874 470 961 529 Ὠς
992 472 1125 543 γοῦν
1154 468 1458 545 ἔκλεγέντες
1482 474 1620 535 τινὶς
1641 475 2003 549 ἠρωτήθησαν
2032 477 2141 528 τῶν
2172 478 2227 543 Α
2253 470 2343 526 καὶ
2398 477 2567 546 κρεῶν
2624 470 2779 527 ὑείων
2857 470 3138 546 ὀρέγεσθαι
3192 472 3292 540 τήν
3349 468 3483 525 κατὰ
3532 470 3906 545 Χριστιανοὺς

505 561 602 609 τοῦ
658 557 892 629 κλήρου,
950 559 1038 611 καὶ
1083 558 1292 630 μᾶλλον
1345 562 1464 634 περὶ
1524 566 1620 616 τοῦ
1676 563 1927 633 σουλτὰν,
1981 564 2070 617 καὶ
2105 562 2150 617 εἰ

511 646 930 709 συλλιτανεύσας
1013 653 1092 719 τῷ
1154 650 1467 725 πατριάρχῃ
1535 649 1898 715 συδκαθίσειεν
1962 654 2155 723 ἀναγι-

514 735 866 806 νωσκομὲνυυ
896 741 991 789 τιῦ
1022 736 1343 811 θεολογικοῦ
1398 738 1564 814 λόγου
1615 740 1749 794 κατὰ
1798 742 1859 795 τὸ
1910 740 2154 809 σύνηθες,

515 822 670 884 εὐθὺς
719 822 1048 897 ὡμολόγουν
1098 825 1240 879 οὕτω
1287 826 1548 899 γενέσθαι,
1596 830 1691 883 τὸν
1739 826 1796 883 δὲ
1844 827 2077 883 σουλτὰν
2108 828 2154 881 εἷ

513 912 833 983 Χριστιανός
876 913 1018 967 ἐστιν
1083 912 1188 968 εἷίτε
1241 915 1330 968 καὶ
1382 918 1458 987 μὴ
1522 920 1596 989 μή
1650 915 1844 971 εἰδέναι
1899 913 2152 991 ἔφασκον,

510 1001 645 1061 τὲως
675 998 720 1053 δ’
775 1000 977 1055 ἐκεῖνον
1030 1002 1153 1055 τότε
1209 1004 1530 1076 Χριστιανὸν
1590 1005 1829 1077 νομίζειν
1881 1003 2151 1077 ἄντικρυς.

513 1088 580 1145 Oi
610 1094 742 1161 γοῦν
775 1089 1046 1162 κρίνοντες
1074 1094 1235 1144 τοῦτο
1290 1093 1453 1162 μόνον
1502 1088 1797 1163 λαμϐάνειν
1844 1091 2044 1160 ἤθελον
2089 1093 2152 1145 τὸ

512 1175 1003 1232 συλλιτανεύσαντα
1068 1182 1414 1250 καθεοθῆναι,
1464 1181 1525 1234 τὸ
1575 1178 1621 1234 δ’
1680 1180 1785 1235 εἴτε
1837 1182 2153 1254 Χριστιανὸς

508 1265 615 1320 εἴτε
643 1268 732 1320 καὶ
768 1268 869 1337 μὴ,
902 1267 1097 1328 ωεότοῖς
1145 1264 1370 1343 ἔφασκον
1426 1269 1688 1338 ζητητέον
1742 1270 1898 1336 εἶναι,
1941 1270 2030 1323 καὶ
2065 1267 2151 1322 ἐπὶ

505 1353 720 1415 τούτοις
777 1354 981 1409 πολλοὶ
1033 1358 1347 1430 παρήγοντο
1409 1359 1842 1431 μαρτυρήσοντες
1888 1358 1951 1410 τὸ
1995 1351 2154 1417 σέϐας

512 1441 699 1513 ἐκείνῳ
742 1444 817 1514 μὴ
853 1442 988 1497 κατὰ
1044 1444 1397 1516 Χριστιανοὺς
1441 1445 1594 1512 εἶναι,
1654 1444 1753 1499 οὐκ
1806 1442 1928 1499 οἴδα
1980 1442 2025 1498 ’δ’
2059 1443 2153 1497 εἴτ’

512 1528 733 1599 ἀληθὲς,
778 1529 883 1585 εἷ’τε
943 1532 1050 1601 μὴν
1106 1532 1489 1606 θεραπεύοντες
1548 1534 1637 1586 τὸν
1692 1534 2152 1605 κρατοῦνα.Τἑως

511 1614 568 1671 δὲ
596 1639 676 1692 γε,
731 1618 804 1679 ὡς
853 1617 1071 1692 ὕστερον
1121 1622 1266 1689 ἡμᾶς
1330 1622 1680 1683 πυνθάνεσθαι
1731 1625 1834 1675 τῶν
1888 1619 2151 1674 τοιούτων

507 1705 666 1767 τέλος
698 1702 1000 1774 λαϐόντων,
1033 1708 1059 1760 ὁ
1093 1708 1325 1761 σουλταν
1357 1708 1681 1772 ἀποστείλας
1709 1711 1846 1781 πρὸς
1889 1711 1979 1761 τὸν
2012 1728 2151 1781 κρα-

2260 560 2545 615 πολιτείαν
2587 559 2966 637 ἐμφαίνοντος.
3026 559 3155 614 Τότε
3215 557 3273 614 δὲ
3329 561 3403 620 ὡς
3459 558 3749 613 ἀτελέστου
3780 562 3912 634 περὶ

2260 653 2357 703 τοῦ
2398 648 2625 705 σουλτὰν
2683 649 3092 724 βουλευομένων
3152 648 3367 704 ἐκείνων
3428 647 3599 703 ἐδόκει
3659 648 3913 711 κίνδυνος

2265 737 2487 813 ἐξῆφθαι
2517 742 2596 807 τῷ
2629 738 2961 812 πατριάρχῃ.
3020 740 3187 793 Ἦσαν
3249 735 3293 791 δ’
3349 735 3515 790 ἄλλοι
3558 734 3610 791 o'i
3639 743 3733 791 καῖ
3762 736 3912 811 γλα-

2262 826 2571 901 φυρώτερον
2629 824 2949 898 ἐπτχείρουν
3013 822 3169 893 δῆθεν
3229 826 3738 900 προσεπιτιθὲμενοι
3786 832 3909 889 ταῖς

2260 913 2633 988 κατηγορίαις,
2667 914 2741 976 ὡς
2770 912 2921 987 εἷ’περ
2964 912 3207 974 κάκεῖνος
3260 912 3335 977 εἷς
3378 912 3731 986 Χριστιανοὺς
3767 915 3915 982 ἀλη-

2263 1006 2369 1065 θῶς
2428 999 2636 1071 ἐτέλει,
2675 1002 2735 1055 τὸ
2792 1006 2922 1074 γοῦν
2972 1002 3092 1076 περὶ
3152 1001 3356 1057 ἐλεῖνον
3419 1002 3675 1075 Περσικὸν
3736 1002 3910 1057 καλὸν

2260 1090 2325 1157 ἦν
2363 1090 2604 1150 ἐκτόπως
2635 1090 2723 1145 τὸν
2783 1090 3130 1163 πατριάρχης)
3185 1088 3564 1166 φυλάττεσθαν
3629 1088 3774 1161 μηδὲ
3803 1091 3910 1163 γὰρ

2259 1178 2533 1239 κάκείνους
2599 1176 2795 1240 πάντας
2843 1177 3190 1248 Χριστιανοὺς
3250 1178 3379 1232 εἶναι
3431 1178 3464 1245 ἢ
3526 1179 3617 1231 καὶ
3677 1176 3893 1253 λογίζε-

2261 1278 2404 1329 σθαι.
2467 1267 2553 1327 Ὠς
2586 1270 2716 1339 γοῦν
2772 1267 2909 1341 πρὸς
2967 1267 3029 1320 τὸ
3082 1266 3147 1320 τὰ
3206 1264 3465 1321 δοκοῦντα
3511 1266 3909 1342 ἀποφαίνεσθαι

2260 1354 2419 1424 ἦσαν,
2466 1355 2517 1407 οἱ
2580 1354 2672 1426 μὲν
2731 1352 2979 1424 πλείους,
3012 1354 3046 1422 ἣ
3082 1355 3169 1407 καὶ
3228 1354 3420 1417 πάντες
3473 1354 3621 1428 παρὰ
3676 1354 3822 1414 τινας
3860 1358 3908 1425 (ὁ

2260 1442 2728 1516 Ποντοηρακλείας
2797 1441 3043 1514 Θεόωρος
3129 1443 3284 1505 οὗτος
3340 1446 3403 1511 ἦν
3442 1482 3458 1510 ,
3528 1444 3555 1496 ὁ
3609 1444 3903 1516 Εύχαϊτὼν

2260 1530 2532 1603 Ἀλέξιος,
2564 1532 2591 1584 ὁ
2619 1531 2867 1601 Βρύσεως
2921 1532 3199 1599 Ἰωάννης,
3231 1531 3323 1586 καὶ
3357 1533 3472 1603 μετ’
3505 1532 3681 1585 αὐτῶν
3715 1530 3905 1586 ἄλλοι·

2261 1620 2289 1671 ὁ
2317 1620 2416 1693 γὰρ
2447 1622 2531 1691 [Ρ.
2591 1622 2714 1691 180]
2771 1619 3096 1688 Μιτυλήνης
3150 1621 3450 1694 Γρηγόριος
3487 1620 3556 1675 τὰ
3583 1618 3774 1674 πολλὰ
3826 1626 3907 1691 τῷ

2261 1710 2577 1782 πατριάρχῃ
2621 1708 2935 1783 προσέχων,
2970 1707 3086 1762 ἐπεὶ
3143 1710 3241 1776 τὴν
3294 1706 3449 1779 δίκην
3511 1708 3905 1783 ἀπηρτημένην

508 1799 719 1863 τοῦντα,
755 1794 869 1851 ἐπεὶ
910 1796 1055 1863 παρὰ
1102 1797 1201 1862 τήν
1256 1795 1420 1851 αὐτοῦ
1478 1797 1651 1851 αἰτίαν
1706 1800 2008 1869 μεμαθήκει
2056 1798 2147 1851 τὸν
2182 1829 2229 1892 Β
2262 1798 2408 1869 ἑώρα
2454 1797 2527 1862 οἱ,
2586 1796 2741 1850 νόσον
2800 1798 3148 1869 σκηψάμενος
3208 1797 3378 1869 ἀπῆν,
3425 1798 3472 1868 ᾦ
3522 1795 3587 1865 δὴ
3637 1798 3727 1851 καὶ
3792 1805 3914 1868 μετ’

2132 1887 2144 1903 \

508 1883 853 1958 πατριάρχην
899 1883 1231 1953 ἐξελαθέντα,
1284 1884 1374 1937 σὺν
1424 1884 1621 1946 ἄλλοις
1670 1889 1755 1947 οἷς
1804 1886 2028 1956 ἐμήνυε,
2058 1887 2147 1939 καὶ

508 1979 670 2029 τοῦτο
730 1974 1029 2047 χαριᾶντως
1078 1973 1114 2041 ἢ
1151 1972 1363 2045 μᾶλλον
1422 1975 1513 2027 καὶ
1574 1973 1780 2049 βαθέως
1840 1974 2145 2044 ἁπτόμενος

509 2066 951 2136 προσεμμήνυεν,
983 2062 1145 2131 ἀξιῶν
1178 2061 1384 2115 στεῖλαί
1416 2063 1468 2115 οἱ
1497 2067 1604 2116 τῶν
1637 2062 1840 2116 ἐκείνου
1870 2061 2147 2137 διαφερόν-

513 2173 625 2213 τως
655 2152 720 2205 τὰ
764 2152 885 2224 ἱερὰ
935 2151 1306 2223 περιάμματα,
1336 2149 1370 2203 ἆ
1400 2147 1467 2216 δὴ
1523 2150 1613 2204 καὶ
1672 2149 1935 2225 ἐγκόλπια
1967 2151 1994 2204 ὁ
2026 2171 2147 2203 κοι-

518 2240 608 2299 νὸς
638 2239 895 2309 ὀνομάζει
928 2236 1120 2309 λόγος,
1150 2237 1241 2291 καὶ
1268 2236 1313 2291 εἰ
1351 2235 1635 2309 βούλοιτο,
1666 2237 1756 2291 καὶ
1801 2239 1999 2310 χοίρου
2042 2258 2143 2291 τα-

520 2328 837 2402 ριχευθέντα
895 2325 1068 2399 μηρὸν
1126 2326 1199 2386 ὡς
1238 2325 1558 2399 ὀρεγόμενος
1618 2326 1803 2399 φάγοι.
1854 2327 1955 2380 Καὶ
2002 2326 2149 2379 τοῦτ’

514 2418 583 2485 ἦν
623 2414 744 2471 τότε
788 2420 868 2487 τῷ
929 2412 1141 2489 βασιλεῖ
1196 2415 1318 2487 περὶ
1374 2418 1472 2467 τοῦ
1527 2414 1870 2489 πατριάρχου
1918 2410 2146 2487 ἔλεγχος

516 2506 813 2580 ἄντικρυς,
874 2508 951 2575 τῷ
1012 2503 1104 2576 μὲν
1156 2502 1289 2556 εἶναι
1364 2505 1473 2557 τῶν
1529 2504 1687 2556 θείων
1742 2502 2145 2573 ἑκτυπωμάτων

513 2594 883 2668 κροσκυνητήν
941 2591 1003 2646 τὸ
1063 2585 1217 2651 σέϐας
1276 2590 1441 2644 αὐτοῦ
1499 2595 1895 2665 παριστῖυντος,
1951 2594 2029 2660 τῷ
2091 2587 2149 2643 δὲ

513 2790 641 2846 nias
691 2788 995 2844 recitasset
1040 2802 1174 2841 cum
1220 2784 1571 2855 patriarcha,
1603 2788 1659 2839 et
1687 2785 1828 2839 dum
1864 2783 2151 2854 legeretur

510 2878 747 2934 divinus
776 2891 968 2931 sermo
1000 2874 1070 2928 de
1101 2889 1279 2938 more,
1313 2872 1630 2928 assedisset
1660 2890 1796 2939 una,
1830 2874 2026 2927 statim
2060 2890 2147 2927 re-

509 2967 871 3038 sponderunt
899 2963 982 3017 ita
1013 2964 1230 3017 factum
1264 2960 1467 3029 fuisse,
1491 2960 1687 3016 sultan
1712 2978 1845 3015 vero
1876 2961 2149 3016 Chsistia-

510 3071 622 3110 nus
644 3068 824 3109 necne
845 3051 921 3108 sit
941 3067 1003 3106 se
1024 3050 1280 3115 nescire;
1304 3064 1370 3104 ac
1392 3052 1516 3104 tum
1550 3049 1785 3117 quidem
1818 3066 1879 3102 se
1912 3054 2150 3119 putasse

506 3144 671 3198 illum
706 3139 1123 3195 Christianum.
1148 3136 1301 3192 Velle
1330 3140 1525 3190 autem
1550 3152 1610 3190 se
1633 3135 1885 3203 aiebant,
1910 3136 2146 3203 judices

507 3230 617 3284 hoc
638 3228 829 3284 solum
854 3242 956 3297 pro
980 3222 1317 3280 testimonio
1349 3222 1631 3292 accipere,
1653 3222 1827 3276 simul
1862 3240 2059 3277 orasse
2089 3228 2146 3278 et

509 3317 801 3373 assedisse
827 3313 1117 3369 sultanem
1152 3328 1165 3366 :
1200 3310 1389 3380 qualis
1420 3316 1617 3365 autem
1650 3312 1844 3376 fuerit,
1870 3312 2151 3367 Christia-

510 3422 621 3460 nus
653 3421 726 3459 an
758 3417 1043 3474 paganus,
1077 3399 1456 3469 quaerendum
1486 3414 1553 3453 ex
1583 3416 1642 3451 se
1677 3415 1789 3453 non
1818 3416 1966 3454 esse.
2001 3401 2147 3453 Pras-

506 3495 596 3544 ter
625 3490 733 3544 hos
762 3503 898 3558 ergo
928 3484 1194 3557 producti
1227 3484 1323 3538 alii
1357 3482 1521 3538 multi
1554 3490 1692 3539 sunt
1738 3485 1833 3555 qui
1873 3486 2148 3541 testiﬁca-

508 3582 709 3633 rentur
722 3592 834 3631 non
850 3591 977 3630 esse
991 3574 1155 3628 illum
1172 3572 1472 3643 religionis
1485 3572 1823 3629 Christianae
1840 3577 2148 3629 cultorem.

506 3666 668 3730 Quod
701 3669 897 3719 utrum
924 3661 1011 3715 illi
1040 3677 1108 3715 ex
1136 3676 1268 3715 vero
1291 3660 1650 3717 affirmarent
1674 3679 1743 3715 an
1760 3662 2149 3730 obsequentes

504 3752 843 3825 imperatori
916 3752 1221 3821 ﬁngerent,
1273 3748 1425 3803 haud
1504 3748 1686 3803 habeo
1762 3756 2146 3820 compertum.

505 3840 894 3912 Cognovimus
926 3845 1116 3893 tamen
1170 3841 1392 3909 postea,
1424 3836 1641 3907 perlato
1669 3840 1787 3905 jam
1821 3844 1877 3891 et
1906 3855 2148 3893 exsecu-

507 3930 652 3986 tioni
698 3928 976 3984 mandato
1021 3926 1263 3995 judicio,
1295 3925 1585 3979 sultanem
1625 3925 1719 3979 ubi
1750 3925 2011 3980 audisset
2041 3944 2150 3982 sua

505 4035 685 4075 causa
700 4017 1028 4089 depositum
1059 4014 1471 4086 patriarcbam,
1490 4014 1725 4068 misisse
1746 4016 1812 4068 ad
1844 4016 2149 4084 imperato-

506 4124 630 4163 rem
654 4107 798 4179 (sive
830 4106 884 4160 id
908 4106 1041 4174 joco
1072 4104 1191 4157 sive
1222 4102 1373 4157 serio
1404 4108 1505 4157 aut
1538 4120 1887 4173 quocunque
1910 4105 2146 4159 domum

502 4196 748 4252 consilio
782 4193 1001 4263 fecerit)
1033 4192 1132 4262 qui
1164 4207 1297 4246 eum
1333 4197 1604 4261 rogarent
1634 4193 1703 4245 ad
1730 4209 1793 4245 se
1822 4192 2050 4246 mittere
2079 4207 2147 4245 ne

501 4288 842 4357 gravaretur
890 4282 1153 4353 quasdam
1184 4296 1255 4334 ex
1286 4278 1411 4334 suis
1461 4280 1644 4333 sacris
1694 4279 1987 4343 amulotis,
2021 4298 2147 4350 qua:

502 4373 763 4445 vulgaris
813 4387 1003 4427 sermo
1035 4372 1202 4424 vocat
1231 4366 1515 4437 encolpia,
1549 4367 1852 4421 icunculas
1880 4368 2151 4423 videlicet

501 4461 716 4533 gestari
739 4461 809 4515 de
832 4456 1318 4528 collopendentes
1341 4455 1411 4509 ad
1435 4454 1629 4509 sinum
1656 4454 2146 4525 religioniscausa

508 4516 739 4615 solitas,
761 4516 1082 4618 etjussi'sse
1114 4548 1177 4598 ut
1206 4544 1487 4599 adderent
1506 4559 1587 4607 se,
1612 4542 1661 4597 si
1691 4516 1863 4597 vellet
1892 4543 2145 4614 impera-
2180 4516 2223 4579 Ῐ)

501 4642 593 4693 tor
616 4634 907 4706 religionis
930 4650 1047 4689 suaa
1070 4632 1361 4702 specimen
1386 4648 1609 4701 capere,
1627 4630 1708 4685 vel
1728 4630 1881 4701 porci
1905 4632 2143 4687 salitum

505 4726 697 4781 femur
752 4723 920 4780 avide
975 4725 1395 4776 comesturum.
1427 4724 1547 4783 Quo
1590 4719 1923 4773 testimonio
1975 4720 2145 4790 plane

505 4814 659 4870 266
686 4810 1145 4868 confirmabatur
1173 4806 1509 4878 imperatori
1532 4807 1701 4877 culpa
1726 4808 1779 4863 in
1806 4806 1913 4861 hoc
1946 4824 2146 4863 vacare

503 4899 919 4972 patriarcbam,
953 4913 1088 4952 cum
1148 4911 1345 4950 revera
1401 4895 1793 4951 Christianum
1842 4896 2029 4949 sultan
2085 4912 2145 4950 se

502 4991 779 5061 probaret
824 4991 952 5042 tum
1002 4984 1326 5039 exhibendo
1380 5000 1441 5038 se
1488 5000 1786 5038 sacrarum
1821 4983 2143 5053 imaginum

505 5081 925 5135 veneratorem.
948 5079 1072 5128 tum
1116 5087 1178 5126 se
1204 5077 1440 5141 gustare
1492 5071 1736 5125 libenter
1767 5088 1971 5126 carnes
2002 5072 2144 5127 suil-

502 5166 593 5223 las
624 5162 993 5222 declaranda.
1018 5161 1300 5215 Caaterum
1348 5168 1483 5213 tunc
1536 5175 1668 5213 cum
1704 5160 1761 5213 in
1794 5158 1908 5213 illis
1940 5160 2009 5213 de
2042 5176 2143 5230 pa—

504 5253 762 5311 triarcha
784 5248 1302 5322 disquisitionibus
1325 5247 1491 5317 quasi
1515 5263 1614 5317 pro
1642 5247 2018 5302 fundamento
2043 5265 2144 5318 po-

509 5348 747 5398 neretur
780 5340 1019 5395 minime
1054 5335 1214 5390 illum
1254 5336 1431 5389 fuisse
1465 5334 1812 5388 Christianis
1858 5337 2145 5407 mysteriis

506 5431 824 5497 initiatum,
859 5428 1062 5496 utique
1093 5424 1395 5477 videbatur
1444 5424 1564 5477 inte
1613 5422 1943 5493 impendere
1996 5426 2144 5496 peri-

506 5519 706 5574 culum
739 5514 1099 5588 patriarcha.
1130 5513 1305 5565 Erant
1347 5511 1443 5580 qui
1474 5510 1746 5565 callidius
1778 5517 1834 5566 et
1864 5512 1936 5569 ad
1971 5515 2144 5569 linem

504 5609 741 5665 intenta
772 5601 1165 5659 damnationis
1194 5600 1623 5670 assequendum
1648 5598 1942 5656 efﬁcacius
1974 5618 2146 5675 argu-

2259 1880 2573 1959 ἐμϐριθιίας
2614 1886 2641 1938 ὁ
2675 1888 2885 1959 κρατῶν
2945 1884 3042 1956 ἐμὲ
3100 1886 3175 1947 ὡς
3232 1890 3485 1955 νοταριον
3542 1884 3907 1941 ἀποστέλλων

2256 1973 2293 2040 ἢ
2324 1972 2561 2041 ἀπαντᾷν
2592 1972 2628 2040 ἢ
2660 1970 2866 2026 διδόναι
2904 1974 3004 2040 τὴν
3053 1972 3278 2047 γνώμην
3339 1972 3572 2041 ἐκέλευε,
3605 1974 3692 2027 καὶ
3732 1972 3899 2045 μόλις

2257 2063 2356 2129 τὴν
2382 2060 2581 2115 οἰκείαν
2614 2063 2841 2134 γνώμην
2870 2065 2949 2131 τῷ
2977 2080 3034 2114 τε
3064 2061 3340 2133 Λαρίσσης
3392 2065 3579 2133 Θωμᾷ,
3625 2066 3704 2131 τῷ
3759 2063 3905 2117 Ναυ-

2258 2151 2467 2203 πάκτου
2523 2147 2749 2220 Ἰωάννῃ
2805 2147 2893 2201 καὶ
2950 2149 3028 2219 τῷ
3081 2145 3585 2221 Ἀδριανουπόλεως
3639 2152 3905 2220 Γερμανῷ

2257 2233 2715 2310 προσανετίθετο>,
2747 2236 2799 2289 οἱ
2828 2239 2955 2308 γοῦν
2998 2236 3144 2308 παρὰ
3188 2235 3314 2299 τοὺς
3363 2235 3681 2309 εἰρημένους
3714 2234 3775 2289 ἐκ
3803 2240 3905 2289 τοῦ

2257 2330 2599 2397 παραχρῆμα
2654 2323 2961 2397 καθαίρεσιν
3032 2328 3127 2377 τοῦ
3183 2323 3529 2399 πατριάρχου
3596 2326 3905 2399 κατεψηφί-

2262 2418 2437 2480 ζοντο,
2497 2410 2643 2478 πλὴν
2706 2412 2779 2471 ὡς
2834 2409 3251 2487 φυγοὸικοῦντος
3306 2414 3367 2467 τὸ
3424 2410 3615 2467 πλέον·
3677 2414 3737 2466 τὸ
3795 2431 3905 2486 γαρ

2259 2500 2488 2554 σουλτὰν
2524 2498 2631 2554 εἴτε
2674 2501 2999 2574 Χριστιανὸς
3044 2497 3117 2554 εἴν
3169 2498 3276 2555 εἴτε
3322 2500 3414 2555 καὶ
3467 2502 3566 2572 μὴ,
3618 2501 3701 2555 ἐπ’
3734 2502 3906 2574 ἀμφι-

2259 2584 2450 2650 ϐόλοις
2480 2588 2715 2660 ἐτίθουν,
2760 2587 3020 2662 ὁποχρῶν
3070 2586 3129 2643 at
3172 2590 3308 2663 πρὸς
3339 2586 3641 2659 καταδίκην
3688 2594 3768 2660 τῷ
3809 2610 3910 2643 κα-

2262 2786 2688 2853 mentarentur,
2718 2782 3039 2855 allegantes
3066 2800 3268 2853 parum
3292 2784 3361 2839 ad
3386 2800 3681 2839 summam
3706 2785 3910 2839 crimi-

2261 2872 2354 2926 nis
2372 2871 2584 2927 referre
2604 2870 2853 2925 sultanis
2874 2872 3060 2942 ipsius
3082 2876 3296 2926 statum
3324 2874 3515 2944 quoad
3538 2872 3904 2944 religionem.

2260 2958 2333 3013 Ut
2382 2958 2537 3013 enim
2588 2956 2687 3013 ille
2738 2973 2935 3013 revera
2991 2958 3356 3015 Christianus
3414 2959 3609 3026 fuerit,
3672 2965 3827 3014 certe
3876 2977 3911 3015 a

2260 3046 2451 3101 Persis
2498 3047 2626 3116 ejus
2675 3045 2993 3101 comitibus
3034 3047 3252 3117 pariter
3281 3050 3336 3102 et
3368 3047 3697 3117 prosmicue
3728 3046 3907 3101 simul

2258 3134 2485 3189 cunctis
2534 3134 2916 3189 admittendis
2947 3151 3150 3191 cavere
3181 3135 3456 3191 debuisse
3486 3135 3908 3205 patriarcham,

2260 3239 2394 3277 cum
2425 3222 2568 3278 satis
2600 3227 2892 3278 constaret
2920 3239 3293 3295 nequaquam
3324 3222 3455 3279 illos
3477 3222 3788 3279 universos
3805 3229 3907 3279 aut

2256 3312 2438 3366 fuisse
2485 3315 2588 3365 aut
2635 3310 2867 3366 habitos
2916 3327 3044 3367 esse
3088 3311 3468 3369 Christianos.
3502 3311 3577 3367 Ut
3605 3316 3801 3367 autem
3830 3312 3901 3368 ad

2256 3399 2536 3455 dicendas
2559 3400 2879 3455 sententias
2894 3404 3134 3455 ventum
3166 3404 3277 3470 est,
3301 3397 3562 3471 plerique
3584 3406 3685 3455 aut
3706 3401 3901 3472 potius

2256 3503 2462 3542 omnes
2526 3491 2731 3558 praeter
2783 3489 3067 3558 quosdam
3126 3487 3209 3558 (bi
3267 3488 3506 3543 fuerunt
3558 3488 3899 3543 Theodorus

2256 3574 2547 3630 Heracleae
2602 3575 2791 3645 Ponti,
2848 3575 3083 3631 Alexius
3154 3575 3592 3642 Euchaitarum,
3642 3576 3903 3631 Joannes

2255 3663 2474 3735 Brysis,
2499 3668 2555 3719 et
2591 3681 2725 3720 cum
2759 3664 2849 3720 his
2882 3664 2980 3720 alii
3015 3681 3029 3719 :
3065 3682 3200 3720 nam
3232 3665 3544 3736 Gregorius
3572 3666 3897 3735 Mitylenes,

2256 3751 2596 3823 patriarchae
2631 3752 2882 3808 multum
2914 3754 3167 3819 deditus,
3191 3753 3291 3808 ubi
3326 3755 3622 3825 prospexit
3652 3756 3702 3807 ei
3734 3756 3896 3809 dam-

2257 3841 2550 3895 nationem
2611 3841 2939 3909 imminere,
2990 3840 3264 3898 simulato
3316 3843 3520 3897 morbo
3577 3843 3785 3912 abfuit,
3827 3845 3894 3898 ad

2256 3944 2428 3998 quem
2459 3927 2683 4000 impetu
2728 3930 2954 3984 ardenti
3003 3929 3319 4000 imperator
3369 3947 3483 3995 me,
3517 3946 3619 4001 pro
3667 3947 3733 3985 eo
3784 3948 3892 4001 quo

2253 4020 2395 4069 tunc
2425 4016 2711 4087 fungebar
2742 4017 2948 4073 notarii
2981 4034 3244 4087 munere,
3276 4019 3360 4073 ire
3387 4018 3689 4073 confestim
3716 4019 3895 4087 jussit

2255 4105 2737 4160 denuntiaturum
2770 4110 2834 4159 ut
2862 4105 3100 4160 omnino
3131 4109 3230 4160 aut
3256 4105 3480 4162 veniret
3521 4112 3619 4161 aut
3661 4113 3891 4161 senten-

2252 4191 2395 4246 tiam
2428 4210 2593 4247 suam
2628 4193 2773 4247 mihi
2803 4194 2874 4248 ad
2903 4196 3192 4265 synodum
3226 4193 3480 4250 relaturo
3537 4195 3773 4263 ederet;
3823 4196 3889 4250 ad

2255 4296 2381 4350 qua
2414 4280 2463 4335 is
2495 4297 2646 4353 aegre
2686 4282 2921 4336 tandem
2980 4298 3330 4353 responsum
3384 4283 3719 4353 expediens,
3755 4284 3893 4338 dixit

2254 4382 2337 4433 se,
2371 4369 2523 4437 quod
2556 4368 2805 4426 Thomas
2840 4370 3106 4436 Larissae,
3136 4372 3387 4426 Joannes
3419 4371 3722 4445 Naupacti,
3756 4372 3890 4427 Ger-

2254 4471 2464 4510 manus
2524 4457 2979 4528 Adriauopoleos
3038 4458 3297 4529 episcopi
3346 4465 3669 4525 censerent,
3719 4460 3890 4514 etiam

2256 4544 2450 4615 ipsum
2502 4546 2740 4609 sentire,
2770 4562 2835 4600 ac
2864 4545 3012 4601 velle
3060 4546 3246 4603 tribus
3290 4546 3550 4617 ipsorum
3601 4548 3891 4620 suffragiis

2258 4648 2429 4687 suum
2456 4638 2731 4703 quartum
2752 4633 2924 4704 plane
2946 4635 3317 4690 consentiens
3332 4636 3890 4708 adjungi),exceptis,

2256 4719 2516 4791 inquam,
2549 4721 2644 4776 his
2693 4738 2841 4794 quos
2890 4723 3061 4778 modo
3099 4723 3422 4792 nominavi,
3453 4723 3663 4797 reliqui
3696 4742 3890 4781 omnes

2257 4813 2601 4882 praesentem
2616 4811 3143 4867 exauctorationem
3160 4811 3501 4883 patriarchae
3516 4815 3891 4869 concordibus

2258 4896 2498 4953 calculis
2530 4898 2927 4966 decreverunt,
2952 4900 3053 4955 sed
3087 4900 3295 4969 majori
3345 4916 3414 4955 ex
3458 4905 3619 4971 parte
3651 4903 3725 4956 ob
3758 4920 3889 4957 con-

2254 4986 2571 5043 tumaciam
2632 4987 2779 5043 261
2843 5004 2959 5043 non
3012 4988 3261 5044 sistendi
3319 5004 3381 5044 se
3427 4989 3651 5058 judicio
3701 5006 3713 5043 :
3761 5008 3885 5046 nam

2256 5076 2476 5130 crimen
2495 5076 2565 5130 de
2588 5074 2820 5132 sultane
2848 5074 3084 5147 longam
3107 5092 3215 5131 nec
3236 5078 3627 5133 necessariam
3662 5079 3887 5135 aiebant

2257 5180 2494 5235 poscere
2524 5163 2997 5234 disquisitionem
3043 5166 3113 5220 de
3162 5164 3440 5236 religione
3469 5167 3615 5236 ejus,
3649 5183 3765 5237 qua
3794 5169 3882 5222 de-

2255 5252 2420 5323 fungi
2451 5250 2667 5317 liceret,
2694 5252 2753 5305 in
2785 5252 3060 5323 ambiguo
3093 5251 3476 5324 relinquendo
3523 5255 3883 5311 Christianus

2256 5356 2436 5394 necne
2489 5340 2681 5408 fuerit,
2714 5341 2951 5394 nitendo
2999 5344 3192 5395 autem
3225 5341 3295 5394 ad
3328 5342 3764 5398 damnationem
3795 5362 3881 5399 ac-

2256 5427 2441 5483 cusati
2499 5444 2565 5482 eo
2618 5430 2773 5498 quod
2821 5434 2880 5482 et
2930 5435 3080 5483 certo
3140 5432 3430 5483 constaret
3472 5435 3529 5485 et
3567 5433 3877 5486 secundum

2253 5513 2410 5587 leges
2468 5516 2785 5585 sufﬁceret,
2830 5516 3196 5571 recusatione
3224 5516 3492 5573 videlicet
3519 5521 3880 5591 comparandi

2254 5608 2389 5660 ante
2437 5603 2768 5675 legitimum
2814 5602 3097 5671 tribunal,
3129 5619 3242 5674 quo
3283 5602 3392 5659 rite
3435 5606 3650 5663 citatus
3697 5609 3877 5665 fuerit.
