4158 6280
290 400 403 454 713

1352 397 1449 449 DE
1485 393 1855 449 MICHALLE
1893 392 2340 448 PALEOLOGO
2378 392 2509 445 LIB.
2550 393 2646 445 IV.

3586 389 3696 445 714

292 518 698 595 τηγορουμένῳ
726 517 787 571 τὸ
817 522 915 584 τῆς
954 512 1273 592 φυγοδικίας
1316 515 1405 569 καὶ
1466 513 1624 587 μόνον
1684 513 1935 585 ἐνόμιζον
1966 520 2016 584 Α
2049 512 2333 586 νεγκόντας
2364 513 2463 581 την
2494 515 2594 577 τῆς
2626 509 2781 582 δίκης
2809 516 2989 587 ψῆφον
3021 517 3097 584 τῷ
3143 512 3486 587 πατριάρχῃ.
3514 516 3575 564 Ὃ
3625 507 3693 579 δὴ

294 604 577 684 ἔγκλημα,
612 605 685 666 ὡς
746 603 829 658 ἐπ’
868 602 1174 679 ἐγκλήμασι
1233 607 1311 673 τῷ
1365 600 1749 678 φυγοδικοῦντι
1808 622 1945 672 συμ-

293 693 507 752 ϐαῖνον.
543 695 610 751 Οἱ
671 691 726 747 δὲ
784 691 871 746 καὶ
928 690 1099 768 σφίσιν
1155 685 1465 745 ἀντέϐαινον
1515 691 1737 758 ἱκανῶς,
1772 689 1844 749 ὡς
1898 686 1945 741 εἲ

304 786 400 858 μὲν
435 785 509 845 ὡς
540 783 875 849 κοινωνήσας
909 774 1258 834 ἀλλοσεϐέσιν
1305 779 1331 831 ὁ
1390 779 1735 853 πατριάρχης
1791 774 1944 838 εὐθύ,

295 895 473 943 νοιτο,
506 876 719 945 πρῶτον
758 870 878 940 μὲν,
910 867 1035 922 ἀλλ’
1066 865 1273 937 ἄδηλον
1320 868 1376 921 ’ὀν
1439 866 1483 919 εἷ
1542 861 1749 925 ἀσεϐεῖς
1808 864 1944 917 ἐκεῖ·

301 982 411 1024 νοι,
458 962 519 1013 τὸ
572 954 826 1031 ἔγκλημα
883 950 1192 1028 συμϐαίνειν
1249 953 1559 1026 ἐξασθενεῖν.
1622 954 1683 1009 Εἰ
1746 950 1801 1005 δὲ
1857 951 1942 1004 καὶ

299 1055 424 1113 ταῖς
450 1047 730 1118 ἀληθείαις
762 1044 861 1115 ἔξω
892 1050 988 1112 τῆς
1036 1040 1211 1111 αὐλῆς
1266 1046 1360 1095 τοῦ
1417 1044 1651 1115 Χριστοῦ
1706 1042 1733 1094 6
1791 1037 1949 1093 σουλ.

300 1140 419 1205 τάν,
448 1139 535 1190 τὸν
574 1137 665 1207 μὲν
700 1133 1045 1207 πατριάρχην
1076 1131 1165 1185 καὶ
1219 1130 1391 1190 οὕτως
1449 1129 1729 1191 ἀνεύθυνον
1789 1127 1944 1197 εἶναι,

300 1234 401 1283 τοῦ
460 1227 657 1287 παντὸς
717 1223 805 1279 ἐπὶ
860 1228 939 1295 τῷ
1001 1225 1363 1297 μαρτυροῦντι
1407 1219 1663 1292 κειμένου
1697 1240 1706 1250 ·
1744 1220 1771 1273 ὁ
1803 1216 1847 1272 δ’
1878 1220 1943 1286 ἦν

303 1320 332 1372 6
371 1313 647 1378 Πισσιδίας
686 1311 985 1388 Μακάριος.
1018 1310 1083 1367 Εἰ
1133 1307 1177 1363 δ’
1210 1308 1323 1378 οὖν,
1352 1307 1496 1363 ἀλλὰ
1547 1308 1947 1370 συνευθῦνεσθαι

302 1404 552 1466 καὶτοὺς
581 1402 787 1463 ἄλλους
836 1405 917 1472 τῷ
964 1399 1298 1472 πατριάρχη,
1330 1398 1684 1469 Χριστιανούς
1739 1417 1799 1470 γε
1856 1392 1949 1448 ὅν-

299 1515 398 1556 τας
431 1495 518 1548 καὶ
574 1487 1170 1566 προσκεκληρωμένους
1224 1491 1303 1557 τῷ
1351 1485 1499 1557 θείῳ,
1530 1485 1646 1548 καθ’
1680 1482 1943 1551 όνδηποτ·

304 1587 399 1637 οῦν
461 1579 878 1654 εὑρισκομένους
911 1576 1142 1651 βαθμὸν,
1174 1577 1256 1636 οἷς
1316 1572 1382 1642 δὴ
1442 1572 1531 1627 καὶ
1580 1570 1842 1648 ὠφείλετο
1895 1571 1946 1641 ἐξ

306 1671 554 1744 ἀνάγκης
585 1667 1018 1739 ὑπομιμνήσκειν
1049 1668 1128 1736 τῷ
1175 1663 1490 1737 πατριάρχῃ
1545 1663 1633 1715 καὶ
1690 1658 1947 1714 ἀναστέλ-

312 1775 430 1815 Λειν
489 1759 589 1825 τῆν
641 1756 837 1810 ἐκεῖθεν
896 1748 1227 1827 βεϐήλωσιν.
1260 1750 1334 1807 Τὸ
1394 1747 1451 1804 δὲ
1506 1748 1731 1810 τοῦτους
1778 1768 1951 1822 παρα-

2058 601 2145 655 καὶ
2203 598 2423 670 συνέϐη,
2479 600 2843 675 ἐξορισθέντος
2900 602 3014 674 ἅμα
3067 606 3144 671 τῷ
3200 602 3610 675 καθαιρεθῆναι,
3658 599 3693 668 ἢ

2058 687 2268 760 μᾶλλον
2302 688 2389 743 καὶ
2422 688 2633 764 ἐρήμην
2666 689 2896 759 ἁλῶναι,
2926 690 3194 746 κάκείνου.
3225 691 3312 750 Ὠς
3355 686 3413 742 δὲ
3465 686 3691 742 πολλῶν

2053 779 2175 831 τότε
2230 776 2689 850 κατατεινομένων
2750 777 2927 853 λόγων
2982 778 3140 840 τέλος
3186 777 3274 833 καὶ
3308 779 3456 832 οῦτοι
3490 783 3693 845 συνῆλ-

2055 868 2143 919 θον
2203 871 2315 927 τοῖς
2374 865 2566 927 ἄλλοις
2626 865 2833 929 ἑκόντες
2863 866 3100 938 ἄκοντες,
3132 869 3451 942 κυροῦταιὴ
3511 868 3691 940 ψῆφος

2054 953 2142 1007 καὶ
2202 956 2228 1007 ὁ
2286 954 2629 1029 πατριάρχης
2717 952 2800 1009 ἐπὶ
2880 957 3180 1028 καθαιρέσει
3260 952 3691 1021 καταδικάζεται.

2055 1041 2229 1097 Λῦσαν
2283 1039 2328 1095 δ’
2382 1040 2617 1116 αἰψηρᾶιν
2700 1042 2927 1117 ἀγορὴν,
2981 1047 3279 1112 ποιητικῶς
3350 1040 3528 1117 φάναι,
3585 1044 3693 1093 τῶν

2060 1130 2323 1202 βασιλέων
2359 1130 2785 1206 εὐφημηθέντων
2814 1132 2949 1185 κατά
2993 1132 3055 1185 τὸ
3114 1131 3360 1200 σύνηθες.
3395 1128 3547 1197 Πλὴν
3604 1126 3693 1181 καὶ

2057 1214 2149 1271 δύο
2181 1220 2459 1272 τάττονται
2516 1219 2658 1293 παρά
2691 1221 2774 1292 ΙΡ.
2812 1222 2930 1292 181]
2975 1225 3080 1273 τῶν
3121 1220 3393 1294 ἱεραρχῶν
3442 1217 3693 1291 ἱεράρχαι

2054 1305 2381 1369 ἀπελθόντες
2408 1306 2474 1360 τὰ
2506 1307 2649 1381 παρά
2676 1314 2775 1375 τῆς
2807 1305 3031 1361 συνόδου
3087 1306 3397 1381 πραχθέντα
3452 1310 3695 1377 σημῆναι

2052 1400 2132 1467 τῷ
2160 1394 2454 1468 καταδίκῳ.

2058 1512 2117 1579 ζ’.
2149 1511 2340 1588 "Aanqu
2363 1510 2722 1588 _o’i1ts)iﬂ6vrec
2778 1517 2923 1588 τρεῖς
2963 1512 3240 1588 ἀρχιερεῖς
3273 1512 3322 1582 ἐξ
3381 1509 3693 1588 ἀποπολῆς

2123 1585 2230 1634 τῶν
2270 1580 2470 1659 *ἄλλων
2521 1587 2599 1652 τῷ
2657 1580 2975 1658 πατρίάρχῃ
3001 1580 3009 1586 ’
3039 1580 3139 1638 τά’
3186 1591 3279 1652 τῆς
3311 1580 3695 1659 καθαιρέσεως

2124 1649 2542 1726 παρεδήλωσαν.

2128 1749 2317 1822 Ὀψίας
2374 1755 2503 1824 γοῦν
2563 1748 2750 1820 δείλης
2805 1752 2939 1826 πρὸς
3014 1751 3215 1806 ἐκεῖνον
3300 1752 3698 1823 ἀπηντηκότες,

314 1846 617 1918 δραμόντας
674 1842 761 1898 ἐπὶ
824 1837 969 1914 μόνῳ
1026 1845 1104 1911 τῷ
1133 1840 1445 1913 πατριάρχῃ
1501 1835 1654 1907 δίκην
1687 1839 1836 1908 ἱστᾷν
1870 1838 1946 1909 μή
1979 1872 2024 1935 Β
2059 1837 2323 1913 παρόντος
2380 1838 2470 1891 καὶ
2527 1842 2621 1892 τοῦ
2677 1837 2889 1913 κλήρου
2939 1840 3159 1908 παντὸς,
3199 1838 3429 1910 ἐδήλουν
3488 1860 3545 1893 τε
3598 1841 3699 1909 τὴν

309 1936 449 1990 εἶναι
480 1931 686 1988 δίκαιον
743 1932 804 1985 τὸ
856 1928 1103 2003 παράπαν
1168 1925 1298 1999 μηδ’
1328 1926 1577 1987 ἐπιεικῶς
1610 1921 1853 1999 εῦλογον.
1887 1925 1948 1980 Ὁ

312 2022 362 2079 δ’
394 2023 489 2076 οὗν
526 2018 800 2080 Πισσιδίας
833 2018 966 2092 πρὸς
1021 2016 1082 2071 τὸ
1124 2010 1539 2087 ἀποϐησόμενον
1594 2014 1808 2090 ἀφορῶν
1870 2013 1950 2085 (τὸ

308 2112 417 2185 γὰρ
445 2109 697 2184 ἔγκλημα
732 2106 1023 2180 μπρτύριον
1056 2105 1121 2173 ἦν
1170 2107 1265 2158 τοῦ
1297 2104 1386 2156 καὶ
1439 2105 1627 2156 τοῦτον
1664 2104 1733 2173 τῇ
1788 2122 1949 2155 κατα-

308 2199 436 2273 δίκῃ
487 2196 872 2271 συνυπάγεσθαι
908 2212 921 2225 ⁸
956 2193 1016 2247 οὐ
1053 2194 1155 2266 γὰρ
1210 2190 1267 2245 ἂν
1329 2188 1532 2263 δόξαιεν
1591 2191 1804 2251 πάντως
1860 2189 1949 2242 τὸν

310 2287 663 2360 πατριάρχην
727 2282 949 2343 δικαίως
978 2277 1384 2346 καταδεκάζειν,
1418 2278 1463 2332 εἰ
1513 2280 1588 2351 μὴ
1642 2276 1730 2332 καὶ
1790 2277 1950 2331 αὐτὸν

316 2374 613 2445 εὐθύνοιεν)
645 2372 726 2447 ἐφ’
756 2370 994 2444 ἡσυχίαν
1053 2369 1363 2439 καθήμενος
1409 2366 1497 2433 ἦν.
1527 2367 1691 2420 Τόσον
1745 2363 1789 2419 δ’
1820 2364 1955 2419 ὲκεί-

320 2484 437 2525 νοις
498 2460 660 2533 ἔμελε
715 2458 910 2514 τούτου
968 2457 1105 2511 ὥστε
1162 2453 1286 2510 οὐδὲ
1333 2456 1638 2528 τὸπρῶτον
1674 2452 1959 2508 συνεκαλέ-

321 2572 480 2606 σαντο
539 2550 723 2621 μαθεῖν
782 2546 833 2617 ἐξ
888 2545 1093 2600 ἐκείνου
1139 2545 1205 2598 τὰ
1252 2542 1373 2616 περὶ
1402 2547 1501 2596 τοῦ
1534 2541 1782 2597 σουλτὰν.
1818 2540 1959 2602 Τέως

319 2638 366 2693 δ’
400 2638 552 2711 ὅμως
576 2638 679 2691 οὐκ
701 2636 768 2705 ἦν
813 2635 968 2709 αρτὸν
1029 2630 1280 2707 δέχεσθαι
1335 2629 1460 2692 τοὺς
1520 2628 1588 2684 δι’
1618 2630 1778 2685 αὐτὸν
1832 2628 1954 2683 ἐπε-

330 2843 459 2906 His,
493 2843 775 2911 quatenus
804 2836 865 2891 in
898 2836 1174 2907 ambiguo
1207 2833 1617 2904 relinquebant
1649 2831 1867 2887 crimen
1895 2832 1966 2885 de

340 2928 592 2995 sultane,
635 2925 999 2981 obsistebant
1046 2923 1143 2978 alii
1196 2922 1339 2977 satis
1375 2919 1675 2975 verisimili
1724 2920 1963 2986 ratione,

337 3017 751 3073 contendentes
785 3013 957 3084 plane
989 3020 1299 3083 purgatum
1333 3010 1405 3064 de
1429 3026 1494 3064 eo
1534 3009 1715 3063 videri
1756 3008 1967 3061 debere

331 3103 745 3179 patriarcham.
778 3102 921 3156 Nam
947 3115 1079 3154 eum
1112 3098 1348 3169 quidem
1372 3114 1484 3167 quo
1526 3102 1692 3168 pacto
1740 3111 1964 3163 zequum

332 3195 413 3248 sit
460 3190 749 3256 damnari,
803 3188 943 3259 quia
991 3188 1271 3259 profunos
1298 3185 1357 3239 in
1412 3201 1605 3240 rerum
1664 3199 1962 3238 sacrarum

334 3279 810 3337 communionem
844 3275 1170 3341 admiserit,
1223 3274 1267 3329 si
1319 3274 1591 3343 profanos
1643 3273 1787 3326 istos
1825 3287 1970 3341 quos

340 3367 582 3425 admisit
613 3367 795 3420 fuisse
842 3381 955 3418 non
1010 3362 1293 3418 constet?
1327 3361 1391 3415 Et
1448 3366 1740 3428 utcunque
1772 3375 1833 3413 se
1882 3374 1972 3412 res

337 3455 632 3516 habuerit,
691 3453 966 3508 idoneum
1026 3468 1123 3505 eos
1176 3466 1277 3520 pro
1317 3448 1665 3504 Christianis
1718 3446 1966 3501 habendi

342 3543 671 3614 patriarcha
686 3539 958 3595 habuerit
975 3543 1268 3593 auctorem
1293 3536 1502 3592 Macari
1515 3554 1544 3589 u
1557 3553 1609 3589 m
1634 3536 1973 3605 episcopum

344 3631 597 3696 Pisidia,
632 3644 809 3700 penes
839 3642 1009 3697 quem
1043 3627 1100 3680 in
1133 3624 1381 3679 solidum
1416 3624 1565 3693 ejus,
1608 3624 1656 3677 si
1707 3640 1821 3693 qua
1868 3626 1975 3689 est,

346 3719 460 3774 acti
492 3716 665 3787 culpa
697 3714 977 3771 resideat?
1020 3719 1295 3784 praeterea
1344 3728 1457 3765 non
1502 3711 1832 3782 patriarcha
1881 3726 1977 3764 so—

350 3808 446 3862 lus
496 3823 564 3861 eo
614 3805 850 3861 nomine
907 3801 1279 3857 damnandus
1334 3800 1576 3868 venerit,
1627 3801 1726 3853 sed
1776 3802 1832 3852 et
1883 3796 1981 3851 alii

351 3894 525 3950 multi
560 3894 658 3964 qui
683 3891 859 3948 simul
890 3895 1029 3945 tunc
1059 3906 1193 3944 cum
1226 3905 1291 3943 eo
1324 3888 1381 3942 in
1414 3887 1630 3958 templo
1652 3888 1833 3955 fuere,
1867 3900 1981 3939 non

357 3981 676 4039 Christiani
707 3979 1026 4045 solum,sed
1059 3978 1229 4033 etiam
1259 3976 1410 4031 clero
1442 3974 1703 4045 ascripti,
1734 3988 1981 4044 quorum

357 4070 625 4142 singulos
646 4086 746 4140 pro
768 4069 988 4123 ratione
1003 4066 1141 4138 grad
1156 4066 1522 4135 uscujusque
1544 4063 1862 4132 stringebat
1879 4077 1986 4115 sua

354 4175 494 4230 pars
524 4156 695 4212 ollicii
728 4156 796 4210 ad
832 4153 1224 4209 excludendos
1254 4152 1440 4223 adytis
1473 4152 1747 4221 profanos
1770 4153 1825 4203 et
1870 4165 1986 4202 non

357 4245 910 4304 communicandum
949 4243 1004 4296 in
1054 4240 1300 4312 mystica
1348 4240 1647 4295 functione
1695 4253 1827 4291 cum
1872 4254 1985 4291 non

355 4334 630 4390 initiatis.
662 4333 802 4395 Quis
832 4331 985 4385 enim
1017 4329 1201 4398 possit
1232 4329 1501 4383 dubitare
1540 4328 1679 4397 quin
1712 4326 1916 4380 saltem
1950 4325 1989 4379 ii

358 4421 669 4477 debuerint
700 4420 1014 4474 admonere
1045 4416 1523 4487 patriarcham,et
1543 4432 1673 4469 cum
1710 4432 1823 4469 non
1845 4416 1991 4468 fece-

354 4510 493 4573 rint,
530 4510 670 4580 quin
702 4508 856 4576 ejus,
892 4505 937 4560 si
966 4505 1118 4576 quod
1152 4503 1478 4574 est,piaculi
1511 4502 1987 4573 contagionemin
2024 4508 2067 4571 [)

362 4615 424 4654 se
456 4597 759 4661 traxerint,
794 4595 866 4649 ob
899 4609 1073 4663 quam
1108 4592 1294 4662 etipsi
1322 4593 1440 4646 sint
1476 4609 1652 4661 poema
1701 4591 1931 4645 obnoxii
1965 4592 1992 4645 ‘I

361 4684 683 4741 Praeteritis
707 4699 876 4754 porro
908 4687 991 4736 tot
1018 4681 1144 4736 aliis
1176 4680 1552 4750 participibus
1583 4679 1852 4749 culpm,in
1879 4696 1992 4734 uno

368 4773 665 4845 puniendo
721 4771 1083 4825 severitatem
1142 4770 1358 4823 haerere
1417 4767 1745 4838 patriarcha
1809 4784 1995 4836 neque

366 4879 599 4933 aequum
626 4877 814 4932 neque
843 4859 1143 4915 tolerabile
1171 4860 1410 4913 omnino
1441 4858 1620 4913 videri
1647 4874 1833 4927 posse.
1868 4859 1998 4912 Haec

365 4953 571 5006 videns
604 4949 835 5005 Pisidiae
866 4948 1130 5016 antistes,
1164 4952 1220 5001 et
1270 4949 1385 5000 vim
1446 4946 1762 5016 prazjudicii
1816 4947 1885 5000 ad
1935 4962 1999 5001 se

368 5054 600 5109 quoque
632 5037 689 5091 in
724 5038 987 5091 eamdem
1022 5052 1154 5089 cum
1190 5034 1515 5105 patriarcha
1564 5033 1998 5088 damnationem

369 5125 783 5181 involvendum
819 5124 1165 5195 pertinentis
1213 5139 1411 5178 secum
1448 5127 1743 5193 reputans,
1788 5122 2002 5176 tacitus

370 5214 524 5270 208
574 5213 831 5268 sedebat.
885 5212 1093 5267 Nocuit
1140 5210 1221 5265 illi
1267 5211 1484 5265 nimius
1536 5212 1694 5265 favor
1740 5210 2001 5265 Patrum.

370 5301 518 5357 Nam
553 5306 617 5357 ut
646 5299 697 5354 ei
732 5304 1051 5370 parcerent,
1084 5299 1482 5354 abstinueranl
1538 5300 1607 5353 ab
1649 5315 1713 5354 eo
1753 5298 2005 5367 juridice

371 5390 782 5458 interrogando
846 5391 969 5441 tum
1029 5404 1162 5442 cum
1218 5387 1607 5442 discuteretur
1665 5386 2005 5457 patriarchae

376 5478 532 5532 circa
592 5475 887 5531 sultanem
947 5477 1185 5542 factum,
1220 5476 1390 5544 cujus
1440 5475 1566 5547 ipse
1617 5492 1751 5546 pars
1800 5477 2005 5531 fuerat.

374 5566 539 5621 Nunc
571 5581 769 5620 serum
797 5567 921 5619 erat
946 5563 1115 5620 illum
1162 5579 1393 5634 vocare,
1447 5565 1753 5619 manifesto
1809 5564 2009 5636 utique

383 5652 721 5725 praajudicio
756 5652 1116 5707 damnatum.
1143 5651 1257 5707 Nec
1288 5654 1513 5723 poterat
1541 5650 1733 5708 locum
1758 5652 2012 5725 amplius

666 5771 934 5833 Paraon.
983 5771 1090 5832 Gn.
1130 5769 1389 5831 CXLIII.

2055 1923 2320 2001 ἀπόφασιν
2378 1926 2465 1979 καὶ
2522 1926 2597 1987 ὡς
2654 1924 2880 1996 ἐξελθεῖν
2927 1925 3272 1999 ἐτοιμασθείη
3304 1926 3697 1983 διεκελεύοντο.

2054 2018 2107 2066 '0
2152 2009 2207 2066 δὲ
2263 2018 2477 2087 πρῶτον
2539 2014 2634 2085 μὲν
2680 2015 3081 2088 εὐχαριστήσας
3110 2018 3224 2088 Θεῷ
3255 2012 3475 2088 ἕτοιμον
3510 2014 3696 2070 ἑαυτὸν

2056 2105 2323 2175 παχεῖχεν
2379 2101 2730 2177 ἀπέρχεσθαι,
2789 2103 2897 2173 ὅπη
2955 2103 3044 2158 καὶ
3107 2104 3416 2178 βούλοιντο.
3472 2106 3696 2161 Ἔπειτα

2061 2188 2118 2243 δὲ
2174 2189 2263 2243 καὶ
2321 2189 2455 2263 πρὸς
2511 2190 2602 2243 τὸν
2655 2192 2860 2264 κλῆρον
2909 2192 3156 2267 στραφείς
3189 2212 3201 2224 ·
3237 2217 3263 2244 (ι
3297 2193 3373 2246 Τὰ
3423 2193 3517 2263 μὲν
3576 2192 3693 2246 κατ’

2062 2276 2158 2350 ἐμὲ
2240 2279 2388 2342 ὅπως
2469 2275 2663 2350 συνέϐη
2740 2286 3199 2355 παραχωροῦντος
3276 2286 3429 2352 Θεοῦ,
3488 2277 3698 2349 οἴδατε,

2061 2368 2219 2421 τέκνα
2254 2388 2265 2399 ·
2301 2364 2381 2421 δεῖ
2412 2365 2456 2420 δ’
2489 2369 2641 2439 ὅμως
2673 2368 2933 2423 εὐπειθεῖν
2965 2374 3044 2441 τῷ
3092 2371 3220 2442 θείῳ
3274 2369 3565 2442 θελήματι,
3598 2367 3693 2422 κᾶν

2066 2455 2213 2517 ὅπως
2247 2453 2565 2527 οἰκονομοίη
2596 2456 2661 2509 τὰ
2691 2458 2803 2510 καθ’
2834 2459 3004 2530 ἡμᾶς.
3036 2459 3226 2530 Ἡμεῖς
3271 2458 3364 2528 μὲν
3425 2455 3515 2512 οῦν
3572 2478 3699 2511 ποι-

2070 2542 2223 2614 μένες
2279 2543 2566 2617 ταχθέντες
2625 2543 2879 2617 κρίμασιν
2940 2548 3022 2607 οἷς
3081 2544 3193 2599 οἶδε
3246 2546 3309 2600 τὸ
3366 2550 3584 2619 Πνεῦμα
3638 2545 3702 2598 τὸ

2070 2630 2218 2705 ἅγιον
2249 2633 2311 2685 τὸ
2342 2631 2592 2704 καλέσαν,
2627 2631 2672 2687 εἷ
2726 2632 2815 2687 καὶ
2872 2632 3139 2706 ἀναξίους,
3168 2636 3336 2706 ἡμᾶς,
3368 2632 3515 2696 ὅπως
3572 2633 3710 2689 κατά

2073 2832 2286 2887 habere
2320 2832 2746 2905 qualiscunque
2777 2834 2966 2905 ipsius
2992 2835 3272 2901 defensio,
3307 2836 3431 2904 jam
3468 2832 3711 2905 prolatis

2076 2920 2391 2977 multorum
2425 2922 2735 2978 sententiis
2768 2924 2824 2977 in
2850 2940 2946 2978 eos
2971 2923 3069 2993 qui
3101 2940 3234 2979 cum
3269 2923 3524 2993 profanis
3548 2938 3715 2977 com-

2077 3010 2500 3080 municassent,
2526 3028 2651 3080 quae
2678 3011 2954 3083 suffragia
2986 3011 3166 3067 nihilo
3197 3011 3395 3067 minus
3427 3010 3716 3066 Pisidien-

2079 3113 2199 3151 sem
2233 3113 2408 3168 quam
2444 3100 2634 3169 ipsum
2673 3100 3061 3168 patriarcham
3110 3101 3466 3171 afﬂigebant.
3514 3100 3715 3169 Itaque

2079 3186 2355 3240 damnato
2371 3186 2834 3257 patriarcha,aut
2851 3188 3041 3257 potius
3055 3188 3275 3243 indicta
3288 3204 3465 3243 causa
3479 3192 3714 3258 propter

2078 3273 2407 3342 neglectum
2423 3274 2823 3330 vadimonium
2840 3275 3713 3346 deposito,Pisidiensisquoque

2079 3360 2135 3413 in
2168 3361 2434 3415 exsilium
2467 3361 2672 3431 pulsus
2703 3368 2957 3419 est.Post
2986 3364 3171 3419 multa
3192 3364 3251 3418 in
3284 3363 3395 3418 ista
3417 3368 3713 3418 concerta-

2080 3448 2237 3502 tione
2276 3450 2428 3502 ultro
2460 3450 2720 3521 citroque
2751 3452 3259 3521 allegata,tandem
3292 3458 3347 3505 et
3380 3451 3437 3505 hi
3460 3451 3717 3507 volentes

2084 3540 2346 3592 nolentes
2376 3554 2505 3591 cum
2550 3539 2681 3593 aliis
2714 3546 3129 3605 convenerunt,
3178 3546 3235 3594 et
3283 3540 3554 3595 concordi
3590 3536 3719 3609 jam

2085 3625 2535 3697 synodijudicio
2594 3628 2879 3696 depositio
2938 3629 3277 3700 patriarchae
3336 3630 3561 3683 sancita
3614 3636 3721 3684 est.

2086 3714 2395 3769 Solverunt
2425 3718 2634 3779 autem,
2668 3721 2733 3769 ut
2765 3718 2983 3786 poetice
3013 3717 3227 3783 dicam,
3270 3717 3535 3772 subitum
3585 3734 3722 3772 con-

2085 3806 2348 3870 ventum,
2373 3806 2429 3856 et
2459 3801 2977 3859 acclamationibus
3015 3805 3072 3858 in
3113 3805 3393 3860 honorem
3426 3805 3723 3875 imperan-

2088 3892 2235 3946 tium
2264 3889 2437 3946 editis
2466 3891 2537 3945 de
2568 3906 2749 3956 more,
2773 3896 3164 3962 praetereaque
3193 3893 3423 3948 duobus
3456 3891 3726 3961 praesuli-

2090 3982 2202 4034 bus
2249 3978 2447 4033 electis
2506 3979 2603 4048 qui
2651 3979 2889 4034 nomine
2937 3980 3139 4051 synodi
3193 3979 3724 4035 exauctorationem

2092 4066 2428 4138 patriarchae
2450 4066 2864 4122 denuntiarent
2892 4084 3087 4138 suam,
3121 4068 3250 4123 linis
3280 4068 3593 4137 impositus
3624 4082 3726 4123 ne-

2092 4156 2247 4227 gotio
2279 4159 2385 4209 est.

2092 4314 2147 4368 7.
2184 4315 2246 4370 Ut
2292 4313 2449 4367 missi
2494 4314 2760 4386 a_sy_nodo
2811 4314 2881 4368 ad
2924 4314 3311 4386 patriarcham
3349 4313 3455 4368 duo
3487 4311 3734 4384 episcopi

2320 4400 2479 4438 suam
2508 4384 2560 4439 ei
2586 4384 2995 4441 damnationem
3023 4386 3493 4455 signiﬁcaverunt.

2171 4507 2308 4561 Inde
2368 4509 2476 4561 sub
2536 4523 2835 4577 vesperam
2889 4510 3241 4563 conveniunt
3271 4507 3665 4579 patriarcham
3696 4505 3738 4560 ii

2103 4612 2248 4666 quos
2281 4595 2533 4649 diximus
2563 4596 2632 4649 ad
2666 4596 2723 4649 id
2750 4613 2782 4649 a
2814 4596 3033 4663 synodo
3067 4595 3305 4663 electos,
3338 4600 3396 4651 et
3425 4594 3580 4652 clero
3603 4611 3745 4664 pras-

2104 4689 2266 4738 sente
2298 4683 2590 4748 universo,
2626 4688 2931 4753 postquam
2987 4700 3152 4739 suam
3188 4684 3272 4737 illi
3316 4682 3745 4754 depositionem

2098 4771 2344 4840 juridice
2376 4771 2767 4834 declararunt,
2794 4772 2995 4825 eadem
3025 4771 3218 4842 ipsum
3253 4772 3592 4827 auctoritate
3614 4772 3749 4841 jus-

2106 4863 2305 4913 serunt
2336 4859 2606 4928 expedire
2633 4875 2760 4914 sese
2800 4876 2865 4913 ac
2904 4876 3245 4930 comparare
3276 4861 3344 4915 ad
3407 4860 3743 4931 proximum

2107 4947 2527 5001 discessum.At
2560 4945 2656 5001 ille
2687 4948 2893 5018 gratiis
2918 4949 3171 5019 primum
3202 4948 3317 5003 Deo
3341 4949 3748 5019 actis,promp-

2108 5039 2231 5088 tum
2259 5039 2642 5104 paratumque
2667 5052 2723 5089 se
2744 5036 3003 5090 exhibuit
3025 5036 3092 5090 ad
3112 5034 3744 5106 eundumquovellent.

2109 5124 2259 5177 Tum
2292 5124 2360 5176 ad
2395 5121 2613 5177 clerum
2671 5139 3009 5189 conversus,
3068 5146 3094 5173 ιι
3130 5128 3265 5189 Res,
3325 5125 3538 5195 inquit,
3572 5123 3654 5177 uti
3686 5137 3749 5177 se

2114 5228 2251 5266 meae
2286 5210 2536 5265 habeant
2573 5216 2681 5265 Deo
2716 5212 3110 5281 permittente,
3143 5212 3492 5273 nostis.ﬁlii:
3527 5213 3752 5280 oportet

2112 5304 2307 5355 tamen
2331 5300 2698 5367 acquiescere
2725 5299 2930 5354 divinae
2960 5300 3269 5365 voluntati,
3304 5304 3359 5355 et
3382 5299 3515 5354 boni
3538 5315 3754 5355 consuo

2114 5388 2231 5442 lere
2280 5388 2562 5457 quidquid
2617 5389 2687 5442 de
2737 5388 2907 5442 nobis
2941 5388 3301 5442 Providentia
3333 5387 3603 5443 decrevit.
3637 5385 3754 5441 Nos

2116 5492 2247 5530 cum
2269 5476 2585 5529 fuissemus
2604 5481 2866 5545 pastores
2888 5475 3393 5545 praefectijudiciis
3412 5475 3561 5529 nolis
3577 5472 3760 5542 Spiri-

2120 5563 2207 5618 tui
2237 5569 2462 5633 sancto,
2491 5564 2588 5633 qui
2619 5564 2844 5619 vocavit
2874 5580 2980 5618 nos
3014 5565 3280 5633 quamvis
3302 5562 3760 5636 indignos,269

2117 5658 2315 5709 tamen
2345 5659 2516 5725 prout
2546 5652 2850 5724 potuimus
2879 5668 3110 5723 gregem
3144 5654 3409 5725 pavimus
3441 5659 3496 5711 et
3519 5670 3620 5710 vos
3652 5652 3754 5708 Ec-

3413 5775 3489 5836 23
