4162 6292
461 311 567 366 715

1744 310 2038 366 GRORGII
2076 309 2420 363 PACHYME
2428 311 2544 363 ΒΕ

3747 303 3867 360 ⁸716

456 434 518 488 τὸ
550 430 769 487 δυνατὸν
800 434 933 505 ἡμῖν
966 430 1331 505 ἐποιμάναμεν
1364 431 1452 485 καὶ
1482 433 1550 486 τὰ
1594 433 1710 486 καθ’
1739 434 1884 505 ἡμᾶς
1946 428 2084 499 διεξ-
2115 433 2164 498 Α
2198 428 2446 505 στραφεὶς
2474 428 2611 502 πρὸς
2640 425 2767 489 τοὺς
2824 425 3185 501 πεμφθέντας,
3232 448 3261 476 ‹‹
3294 421 3573 502 Ἀδελφοὶ,
3608 446 3633 477 υ
3680 425 3860 497 εἶπεν,

456 519 772 593 ήγομεν,οὐ
824 517 1008 580 καλῶς
1068 519 1159 591 μὲν
1222 517 1372 588 ἴσως,
1424 519 1624 579 ἰκανῶς
1683 516 1739 572 δὲ
1798 518 1932 571 κατά
1995 519 2092 586 τήν

456 609 723 680 ἡμετέραν
784 605 1033 679 δύναμιν,
1068 604 1249 661 οἴδατε
1282 625 1293 638 ’
1325 606 1377 661 τί
1432 606 1498 661 τὰ
1556 604 1699 675 δῆλα
1752 606 1841 660 καὶ
1901 605 2091 681 Mys);

459 697 612 769 ὅμως
642 696 885 758 πολλοὺς
916 697 1009 767 μὶν
1046 694 1174 759 ἴσως
1202 695 1292 750 καὶ
1342 693 1717 769 ἐλυπήσαμεν,
1749 695 1893 768 παρὰ
1952 692 2093 748 πολ-

456 785 570 841 λῶν
632 783 688 839 δὲ
740 785 829 839 καὶ
886 783 1259 856 ἐλυπήθημεν,
1324 782 1759 858 συνδιαφέροντες
1816 781 2094 852 ἀλλήλοις

458 877 553 937 τὰς
611 876 735 948 παρ’
766 872 1029 943 ἀλΛήλων
1083 872 1398 946 ἀπεχθείας.
1434 876 1670 939 Τοιαῦτα
1729 872 1827 946 γὰρ
1877 872 1943 924 τὰ
1994 878 2095 938 τῆς

462 962 792 1031 ἘκκΛησίας
850 960 1157 1036 σπλάγχνα.
1217 960 1291 1021 ὡς
1349 962 1437 1014 καὶ
1494 959 1870 1034 βαρυνομένων
1934 960 2092 1031 ἡμῶν

465 1054 537 1113 ὡς
565 1051 810 1124 πατέρων
861 1050 999 1122 ὑμᾶς
1057 1050 1132 1110 ὡς
1171 1050 1327 1102 τέκνα
1383 1047 1688 1121 ἀνέχεσθαι,
1721 1047 1809 1100 καὶ
1856 1047 2095 1120 ἀπεχθα-

463 1141 704 1213 νομένων
728 1142 887 1193 τινῶν
923 1138 1061 1209 ὑμᾶς
1094 1135 1241 1197 αὖθις
1273 1134 1613 1210 ἀλογοῦντας
1649 1139 1747 1200 τῆς
1805 1134 2099 1208 ἀπεχθείας

465 1230 539 1290 ὡς
589 1227 731 1300 μέλη
790 1228 985 1301 γνήσια
1034 1226 1305 1298 περιέπειν
1384 1225 1513 1285 τοὺς
1596 1224 2097 1296 ἀπεχθανομένους.

466 1321 571 1371 Νῦν
633 1313 722 1369 οῦν
769 1315 955 1388 καιρὸς
1015 1310 1290 1383 ἀλλήλοις
1348 1312 1558 1388 ἀφεῖναι
1604 1312 1670 1365 τά
1728 1309 2097 1388 ὀφειλήματα.

465 1406 564 1459 Καὶ
598 1402 664 1473 δὴ
696 1405 757 1458 τὸ
810 1404 901 1475 μὲν
948 1401 1038 1455 ἀπ’
1067 1399 1303 1473 ἐμαυτοῦ
1360 1399 1644 1475 ἐκπληρῶ,
1674 1406 1763 1453 καί
1820 1404 2099 1474 συγχωρῶ

462 1500 614 1563 πᾶσι,
644 1492 735 1547 καὶ
792 1491 901 1561 ὅπη
956 1494 1034 1562 τῷ
1085 1494 1198 1560 Θεῷ
1254 1487 1523 1563 βουλητὸν
1582 1487 1878 1563 προθύμως
1936 1489 2101 1560 ἀπέρ-

464 1601 659 1657 χομαι.
691 1582 872 1653 Ὑμεῖς
919 1575 977 1633 δὶ
1023 1576 1169 1633 ἀλλά
1213 1579 1279 1631 τὰ
1334 1582 1441 1631 τῶν
1494 1581 1693 1629 σκευῶν
1734 1577 1799 1630 τὰ
1844 1583 1944 1645 τῆς
1978 1578 2101 1632 Ἐκ·-

463 1669 714 1739 κλησίας,
752 1667 841 1721 καὶ
891 1666 989 1721 ὅσα
1031 1667 1082 1720 ἐν
1128 1667 1363 1726 πέπλοις
1413 1664 1619 1736 τιμίοις
1673 1664 1763 1717 καὶ
1820 1663 2098 1737 λειψάνοις

467 1760 627 1833 ἁγίων
686 1756 775 1811 καὶ
828 1750 1066 1831 βίϐλοις,
1098 1748 1421 1816 ἀπελθόντες
1477 1756 1562 1822 [Ρ.
1593 1754 1722 1840 i82]
1760 1752 1850 1806 καὶ
1896 1753 2014 1814 καθ’
2043 1751 2096 1805 ἓν
2132 1777 2179 1840 Β

468 1845 673 1907 ἰδόντες
724 1845 811 1899 καὶ
866 1842 1384 1920 ἀναψηλαφήσαντες
1440 1838 1821 1914 παραδέξασθε,
1885 1841 1961 1912 μὴ
2014 1840 2102 1893 καί

468 1957 549 1997 τις
604 1932 909 2010 ἱεροσυλίας
966 1934 1113 2005 ἡμᾶς
1169 1930 1598 2005 γράψηται.Καὶ
1654 1931 1715 1983 τὸ
1748 1926 1941 1983 λοιπὸν
1978 1926 2105 2002 χαί-

472 2045 589 2101 ρετε
668 2023 717 2078 ὲν
802 2022 1003 2095 Κυρίῳ,
1056 2018 1233 2087 τέκνα,
1294 2018 1383 2073 καὶ
1444 2019 1693 2087 σώζεσθε.
1742 2019 1906 2089 Ἡμῖν
1965 2015 2023 2071 δὲ
2079 2017 2106 2071 ὁ

472 2112 764 2183 ἰπενδότης
810 2111 898 2165 καὶ
954 2111 1016 2165 τὸ
1071 2110 1254 2179 πυξίον
1306 2111 1393 2162 καὶ
1442 2107 1565 2183 τρία
1593 2111 1698 2160 τῶν
1731 2108 2105 2179 νομισμάτων,

410 2252 426 2259 ,,
474 2205 506 2258 ἃ
564 2202 630 2273 δὴ
686 2202 776 2256 καὶ
831 2204 911 2271 τῷ
966 2196 1341 2273 πατριαρχείῳ
1406 2191 1823 2270 προσϐαίνοντες
1882 2194 2103 2269 εἴχομεν

472 2292 607 2348 κατᾶ
660 2290 859 2345 κανόνα
909 2291 1017 2342 τῶν
1071 2289 1353 2359 μοναχῶν,
1384 2286 1471 2339 καὶ
1502 2288 1667 2339 ταῦτα
1701 2282 1858 2344 ἰδίοις
1914 2283 2104 2345 κόποις

470 2386 587 2442 τοῖς
617 2378 676 2434 ἐκ
709 2382 1087 2452 μετεγγραφῆς
1146 2373 1424 2447 ψαλτῆρος
1481 2372 1742 2442 κτηθέντα
1790 2371 1952 2426 πάλιν
2008 2370 2109 2425 λα-

471 2465 657 2531 ϐόντες
686 2466 883 2539 ἔξιμεν.
920 2490 947 2516 ››
988 2466 1167 2521 Ταῦτα
1218 2463 1305 2516 καὶ
1363 2464 1566 2515 τοιαῦθ’
1617 2459 1769 2536 ἕτερα
1821 2460 1959 2535 πρὸς
2014 2461 2104 2514 τὸν

467 2556 676 2631 κλῆρον
712 2553 900 2618 εἰπὼν,
935 2550 1069 2605 ὥστε
1098 2549 1187 2603 καὶ
1221 2547 1280 2602 ἐκ
1314 2552 1411 2603 τοῦ
1465 2548 1660 2622 σχεδὸν
1718 2544 1971 2609 ἀπελθεῖν
2029 2567 2109 2600 τι-

466 2665 558 2707 νας
592 2642 679 2699 ἐπὶ
700 2646 767 2715 τῇ
798 2646 905 2695 τῶν
938 2639 1098 2715 ἁγίων
1158 2634 1493 2711 παραλήψιι,
1522 2637 1595 2690 ὧν
1653 2634 1743 2689 καὶ
1796 2633 1955 2697 αὐτὸς
2013 2636 2103 2705 ἦν,

483 2844 839 2911 clesiamque
886 2836 1366 2911 gubernavimus,
1395 2834 1637 2889 forsitan
1670 2850 1782 2888 non
1812 2833 1975 2900 bene,
2022 2847 2117 2886 ve-

480 2934 834 2993 rumtamen,
867 2933 1150 2995 quantum
1182 2922 1395 2976 virium
1446 2920 1855 2990 facultatisque
1906 2922 2118 2973 nostrze

479 3017 736 3074 tenuitas
761 3011 1394 3081 tulit,fideliter.'l‘estes
1410 3025 1509 3062 vos
1529 3008 1813 3061 habemus
1833 3006 2115 3060 omnium:

484 3107 625 3177 quid
658 3104 864 3159 attinet
896 3108 1032 3155 nota
1057 3097 1320 3169 proloqui
1351 3097 1371 3149 ?
1407 3096 1559 3150 lnter
1590 3094 1710 3148 haec
1764 3094 1887 3148 fieri
1929 3098 2117 3164 potest

487 3199 552 3248 ut
570 3210 675 3247 nos
696 3190 1024 3245 molestiam
1047 3184 1249 3240 multis
1269 3183 1855 3249 facessiverimus,uti
1870 3186 1924 3235 et
1944 3182 2115 3237 vicis-

486 3283 598 3336 sim
614 3277 869 3351 perpessi
885 3292 1093 3331 sumus
1115 3272 1413 3327 molestias
1428 3270 2115 3341 plurimorum.lgnosca-

486 3386 619 3424 mus
649 3366 1164 3433 condonemusque
1196 3361 1363 3415 nobis
1393 3360 1639 3413 invicem
1674 3362 1907 3413 mutuas
1936 3359 2118 3413 offen-

482 3460 678 3513 siones
708 3455 767 3508 in
796 3452 1120 3508 visceribus
1151 3447 1554 3505 ecclesiastica:
1595 3446 1920 3502 charitatis.
1971 3447 2113 3503 Nam

482 3546 635 3601 inter
652 3560 759 3599 nos
777 3544 1119 3612 comparatae
1142 3536 1591 3592 necessitudinis
1628 3535 1811 3605 poscit
1830 3535 2109 3601 officium,

482 3639 549 3688 ut
577 3638 634 3688 et
665 3647 770 3686 nos
802 3634 997 3701 patres
1028 3626 1271 3679 libenter
1305 3624 1557 3677 feramus
1590 3638 1715 3693 qua:
1744 3622 1940 3691 gravia
1979 3638 2110 3692 per-

480 3722 597 3794 peti
627 3738 660 3776 a
690 3718 825 3773 filiis
857 3714 1161 3785 contingit,
1194 3718 1249 3767 et
1283 3728 1381 3766 vos
1430 3710 1533 3764 filii
1596 3710 1753 3780 quod
1800 3728 1831 3763 a
1871 3714 2112 3780 paterna

479 3809 900 3883 gubernatione
932 3803 1131 3857 minus
1161 3804 1393 3871 gratum
1430 3799 1722 3853 interdum
1742 3795 2109 3867 accipittole-

478 3900 636 3966 retis;
669 3898 924 3965 itemque
978 3908 1107 3962 qua:
1142 3890 1287 3943 forte
1338 3906 1371 3942 a
1424 3886 1703 3941 fratribus
1759 3884 2107 3940 offensiones

472 3988 777 4051 exsistunt,
812 4000 923 4038 non
957 3977 1179 4035 mutuis
1209 3977 1409 4032 ulcisci
1441 3974 1718 4041 odiis,sed
1753 3978 1815 4029 ut
1846 3975 2109 4030 membra

471 4078 734 4148 ejusdem
765 4071 1027 4142 corporis
1057 4085 1191 4121 vera
1222 4066 1352 4120 illos
1386 4065 1544 4135 ipsos
1593 4079 1797 4134 graves
1855 4063 2019 4119 vobis
2050 4069 2107 4118 et

470 4166 717 4222 infestos
744 4155 1467 4230 amplectamini.Tempus
1490 4168 1645 4205 nunc
1663 4156 1749 4205 est
1766 4151 2104 4207 dimittendi

470 4253 719 4308 invicem
752 4248 965 4303 debita.
991 4243 1298 4315 Equidem,
1330 4257 1453 4310 quae
1480 4239 1536 4292 in
1583 4239 1690 4293 hoc
1723 4255 1860 4293 mea:
1908 4245 2104 4309 partes

469 4345 815 4409 sunt,quam
850 4332 1185 4406 plenissime
1212 4344 1449 4400 possum
1483 4327 2105 4399 exsequor,indulgens

466 4430 921 4495 condonansque
950 4420 1177 4476 cunctis
1208 4421 1417 4473 cuncta
1449 4433 1463 4485 ;
1496 4421 1552 4469 et
1609 4432 1723 4485 quo
1757 4419 1865 4469 Deo
1918 4416 2101 4487 placi-

462 4522 589 4572 tum
620 4519 727 4582 est,
761 4491 965 4567 alacris
999 4524 1188 4579 pergo.
1223 4505 1337 4560 Vos
1370 4504 1465 4573 ite,
1497 4519 1737 4558 censum
1785 4502 1955 4558 facite
2002 4521 2096 4560 ec-
2126 4491 2172 4555 D

464 4604 651 4659 clesiaa
674 4603 1069 4666 vasorum;et
1112 4593 1400 4666 quidquid
1450 4590 1707 4645 velorum
1756 4598 2091 4663 ceteraeque

460 4693 726 4765 pretiosas
758 4689 957 4754 vestis,
993 4682 1278 4757 quidquid
1326 4685 1660 4736 sanctarum
1713 4678 2091 4748 reliquiarum

459 4787 516 4836 et
545 4780 828 4835 librorum
859 4773 1269 4831 ecclesiasticae
1304 4769 1518 4823 habent
1565 4783 1773 4837 capsas,
1817 4784 2093 4840 recogno-

459 4870 621 4937 scite,
658 4867 919 4938 probate,
955 4865 1279 4921 numerate,
1308 4856 1572 4927 accipite,
1606 4871 1676 4909 ne
1708 4855 1840 4926 quis
1880 4857 2090 4914 deinde

458 4974 565 5013 nos
596 4952 890 5023 sacrilegae
920 4950 1136 5019 rapinis
1179 4945 1361 5016 possit
1409 4959 1703 4999 accusare.
1762 4945 1836 4998 De
1881 4950 2086 5002 caetero

454 5046 703 5117 gaudete
731 5042 789 5096 in
816 5039 1081 5105 Domino,
1117 5035 1241 5105 filii,
1274 5038 1331 5088 et
1378 5031 1612 5087 salvete.
1658 5030 1773 5084 Nos
1829 5032 2083 5104 palliolo,

455 5130 842 5205 pugillaribus
873 5132 929 5182 et
958 5126 1146 5180 tribus
1178 5120 1457 5181 nummis,
1493 5118 1754 5173 mercede
1785 5134 1971 5190 Opera:
2010 5122 2085 5178 li-

454 5220 658 5276 brariae
690 5215 1069 5273 describendo
1120 5208 1390 5282 psalterio
1443 5207 1661 5272 locatae,
1714 5222 1839 5277 quae
1890 5211 2087 5267 omnia

445 5310 612 5380 juxta
635 5306 1017 5363 monasticam
1041 5299 1301 5371 regulam
1326 5296 1489 5369 prius
1513 5294 1881 5366 possedimus
1906 5314 2081 5367 quam

450 5394 865 5469 patriarchales
896 5393 1047 5447 aedes
1086 5388 1549 5459 ingrederemur,
1586 5388 1649 5438 ut
1695 5385 1947 5455 pr0priis
1994 5404 2083 5443 re-

447 5486 723 5557 sumptis,
755 5483 1000 5539 eximus.
1035 5500 1062 5528 »
1092 5477 1221 5532 Haec
1246 5482 1302 5531 et
1334 5473 1447 5529 alia
1477 5471 1765 5543 ejusmodi
1821 5476 2084 5544 quaedam

446 5574 651 5631 effatus
676 5573 744 5627 ad
765 5571 1069 5633 clerum,et
1090 5570 1376 5635 tanquam
1397 5577 1531 5617 mox
1549 5558 1922 5618 discessurus
1944 5580 2081 5636 pro-

2206 541 2235 568 «
2262 515 2379 571 ἰδοὺ
2412 518 2774 588 ἡτοιμὰσθην,
2804 515 2893 569 καὶ
2926 516 2987 569 οῦ
3017 518 3461 591 ταραχθήσομαι,
3489 512 3585 569 κᾶν
3620 515 3649 569 δ
3678 537 3731 569 τι
3761 518 3858 571 καὶ

2205 605 2287 659 ἐπ’
2316 604 2438 677 ἐμοὶ
2500 604 2806 679 βούλοισθε.
2840 606 2917 661 Τὸ
2972 603 3064 659 οῦν
3124 604 3405 678 ὑμέτερον,
3436 604 3511 665 ὡς
3539 605 3691 679 φατὶ,
3722 626 3860 659 κατ-

2207 693 2451 767 επράχθη
2513 698 2805 767 Πραττέτω
2862 693 2951 747 καὶ
2998 694 3061 747 τὸ
3121 692 3307 747 λεῖπον
3368 694 3395 745 ὁ
3443 692 3731 764 Βασιλεὺς,
3765 695 3859 748 καὶ

2208 780 2343 835 ὅπου
2378 781 2513 835 ἰτέον
2546 784 2681 853 ἡμῖν
2712 781 2761 850 ἐξ
2814 780 2980 850 αὐτῆς
3028 780 3315 847 κελευέτω,
3348 778 3383 848 ἢ
3446 778 3660 851 μᾶλλον
3714 802 3863 854 πεμ-

2207 869 2350 923 πέτω
2378 870 2463 923 καὶ
2495 869 2627 930 τοὺς
2657 870 2978 939 ἀπάξοντας.
3010 865 3149 925 Οὐδὲ
3179 868 3283 942 γὰρ
3315 867 3563 942 ἐρίσομεν
3618 869 3680 922 τὸ
3738 890 3857 923 πα-

2210 958 2401 1031 ράπαν,
2461 956 2554 1011 κᾶν
2616 958 2765 1034 ξίφος
2830 958 3254 1031 προσετοιμάζοι
3338 954 3431 1009 κᾶν
3511 958 3759 1012 θάνατον.
3821 982 3857 1011 ››

2206 1048 2361 1099 Ταῦτ’
2392 1046 2555 1099 είπὼν
2614 1045 2899 1116 ἀπέπεμπε
2959 1051 3073 1117 μετ’
3130 1044 3354 1119 εἰρήνης
3410 1043 3631 1113 πάντας,
3687 1046 3854 1107 αὐτὸς

2211 1131 2268 1187 δὲ
2295 1138 2415 1196 τοῖς
2446 1134 2598 1195 δΛοις
2632 1133 2969 1206 ἐξαμελήσας
3012 1133 3265 1202 ἐκάθητο,
3295 1131 3357 1185 τὸ
3408 1132 3513 1186 ἀπὸ
3566 1136 3663 1186 τοῦ
3720 1153 3855 1207 κρα-

2209 1227 2427 1284 τοῦντος
2460 1221 2737 1294 ἀναμένων
2772 1221 3115 1296 πρόσταγμα.

2210 1338 2281 1406 η’.
2334 1338 2532 1409 ’Όπως
2602 1338 2822 1409 πέμψας
2901 1336 2929 1388 ὁ
2991 1332 3244 1409 βασιλεὺς
3319 1332 3489 1409 ἐξάγει
3573 1338 3671 1409 τοῦ
3744 1355 3846 1388 πα·

2281 1407 2602 1493 τριαρχείου
2681 1405 2775 1461 τὸν
2845 1405 3212 1479 πατριάρχην,
3268 1406 3357 1459 καὶ
3415 1405 3481 1459 τὰ
3532 1405 3655 1459 τότε
3707 1428 3854 1478 συμ-

2284 1498 2471 1532 οαντα.

2283 1577 2391 1648 Νὺξ
2439 1576 2525 1647 ἦν,
2556 1574 2679 1649 περί
2730 1596 2833 1629 που
2889 1575 2956 1629 τά
3010 1570 3294 1628 τελευταῖα
3354 1577 3717 1642 Πυαντιῶνος,
3765 1572 3853 1627 ὅτι

2210 1664 2300 1718 καὶ
2360 1664 2495 1738 πρὸς
2543 1664 2605 1717 τὸ
2666 1663 3017 1738 αίθριώτερον
3069 1662 3383 1725 καθίσταται
3416 1662 3443 1715 ὁ
3472 1661 3579 1733 ἀήρ
3608 1666 3713 1715 τῶν
3748 1662 3852 1716 ἀπὸ

2212 1756 2306 1806 τοῦ
2356 1756 2634 1826 χειμῶνος
2691 1748 3025 1823 ἀπαλλαγείς
3083 1747 3387 1824 δυσχερῶν,
3438 1750 3499 1803 τὸ
3556 1747 3700 1803 πολὺ
3757 1756 3854 1817 τῆς

2216 1837 2425 1900 νοτίδος
2455 1834 2771 1893 ἀποϐαλών.
2808 1839 2909 1894 Καὶ
2942 1836 3008 1907 δὴ
3040 1839 3138 1905 τὴν
3173 1838 3398 1913 πρώτην
3451 1834 3695 1905 φυλακὴν
3752 1844 3850 1905 τῆν

2216 1930 2405 1989 νυκτὸς
2432 1926 2642 1995 ἐκείνης
2674 1927 2725 1980 οἱ
2780 1930 2877 1981 τοῦ
2913 1923 3179 2000 βασιλέως
3236 1925 3543 1996 πέμπονται
3596 1924 3677 2001 ἐφ’
3705 1923 3851 2000 ᾧπερ

2213 2016 2304 2069 τὸν
2359 2012 2815 2077 καταδικασθέντα
2896 2013 3285 2088 καταγαγόντες
3361 2014 3653 2087 ἀπαγαγεῖν
3716 2014 3850 2067 ὅπου

2216 2103 2303 2157 καὶ
2342 2102 2809 2177 προσετάχθησαν.
2840 2103 2927 2164 Ὧς
2984 2106 3108 2175 γοῦν
3169 2102 3361 2156 αὐτίκα
3416 2102 3704 2174 κατήγετο.
3735 2099 3852 2154 ἐπι-

2218 2188 2315 2255 ϐὰς
2372 2197 2467 2247 τοῦ
2529 2192 2780 2265 μεγίστου
2826 2196 2986 2259 ναοῦ,
3029 2194 3154 2254 στὰς
3207 2192 3343 2265 πρὸς
3397 2195 3515 2252 τάῖς
3574 2192 3851 2265 μεγίσταις

2216 2278 2434 2351 πύλαις,
2468 2279 2707 2357 ἀφωσίου
2736 2285 2814 2351 τῷ
2847 2279 3087 2351 Δεσπότᾳ
3132 2278 3348 2356 Χριστῷ
3404 2280 3471 2334 τὰ
3526 2278 3850 2353 εὐχαριστή-

2217 2390 2307 2442 ρια
2336 2374 2648 2443 προσκυνῶν
2704 2389 2762 2423 τε
2814 2369 2905 2422 καὶ
2965 2369 3408 2441 συνταττόμενος.
3440 2373 3527 2429 Ὡς
3574 2364 3620 2421 δ’
3653 2365 3852 2439 ἔμελλε

2216 2455 2304 2511 διὰ
2331 2464 2430 2526 τῆς
2462 2459 2577 2511 κατ’
2602 2455 2866 2518 ἀνατολὰς
2900 2456 3079 2525 πύλης
3112 2456 3416 2531 έξέρχεσθαι
3458 2455 3540 2532 ἐφ’
3591 2454 3635 2527 ᾧ
3692 2476 3849 2509 κατα-

2215 2540 2400 2599 λαϐεῖν
2458 2546 2519 2599 τὸ
2576 2544 2628 2599 ἐν
2681 2548 2749 2618 τῇ
2808 2540 3063 2619 Βαρϐάρᾳ
3116 2541 3440 2620 κελλόδριον
3495 2548 3593 2598 τοῦ
3647 2554 3850 2616 θαυμα-

2212 2638 2444 2711 τουργοῦ
2477 2634 2777 2703 Νικολάου,
2811 2634 2839 2689 ’ὀ
2872 2632 2937 2703 δὴ
2970 2634 3060 2689 καὶ
3094 2636 3376 2689 συνίστατο
3420 2634 3543 2689 τότε
3600 2634 3735 2707 πρὸς
3783 2636 3851 2706 τῇ

2226 2833 2454 2903 perarej
2467 2834 2619 2888 ussis
2635 2831 2989 2903 quibusdam
3012 2848 3042 2887 e
3056 2833 3462 2903 praesentibus,
3486 2848 3735 2903 quorum
3751 2849 3854 2904 ego

2228 2938 2380 2975 unus
2418 2920 2597 2987 fui,ad
2629 2921 3040 2981 sacram,270
3074 2924 3135 2974 ut
3166 2920 3408 2986 dixerat,
3431 2919 3848 2991 supellectilem

2229 3013 2533 3063 numerato
2548 3008 2939 3078 recipiendam
2951 3025 3288 3075 ,conversus
3302 3010 3371 3063 ad
3390 3008 3603 3064 missos
3633 3026 3666 3063 a
3678 3026 3852 3081 syno-

2229 3097 2355 3150 do:«
2371 3098 2909 3166 Fratres,inquit,en
2933 3101 3173 3167 paratus
3195 3103 3539 3164 sum,etnon
3559 3099 3851 3163 turbabor,

2227 3185 2508 3254 quidquid
2541 3186 2611 3239 de
2643 3201 2734 3239 me
2762 3184 3253 3250 volueritis.Quod
3277 3190 3696 3251 vestrarum,ut
3720 3185 3855 3240 dici-

2221 3272 2448 3337 tis,erat
2480 3274 2752 3343 partium,
2784 3272 3021 3327 fecistis.
3054 3273 3251 3327 Faciat
3280 3279 3336 3328 et
3359 3273 3671 3343 imperator
3699 3274 3851 3344 quod

2220 3360 2509 3430 reliquum
2534 3367 2642 3425 est,
2675 3367 2732 3414 et
2763 3377 2877 3431 quo
2908 3362 3169 3415 eundum
3231 3361 3401 3417 nobis
3439 3363 3515 3417 sit
3563 3361 3849 3433 extemplo

2218 3449 2686 3518 praescribat,aut
2717 3449 2910 3518 potius
2936 3449 3031 3519 qui
3065 3466 3131 3503 eo
3161 3450 3453 3504 deducant
3482 3451 3699 3516 mittat;
3733 3468 3848 3506 non

2215 3536 2371 3591 enim
2407 3537 2766 3602 resistemus,
2801 3543 2901 3591 aut
2926 3538 3250 3608 quidquam
3283 3539 3522 3594 omnino
3550 3540 3845 3594 recusabi-

2216 3641 2368 3691 mus,
2402 3624 2525 3679 sive
2556 3625 2605 3679 is
2636 3625 3050 3695 gladium’sive
3082 3631 3325 3681 mortem
3373 3626 3545 3682 etiam
3600 3632 3780 3696 paret.
3816 3649 3845 3676 ››

2216 3711 2313 3766 Uis
2344 3712 2514 3767 dictis
2546 3714 2773 3767 dimisit
2801 3714 2859 3767 in
2895 3730 3032 3784 pace
3063 3730 3287 3769 omnes.
3322 3719 3450 3785 Ipse
3481 3714 3705 3785 placide
3727 3731 3843 3770 om-

2212 3800 2376 3856 nium
2406 3817 2644 3856 securus
2689 3802 2926 3871 assedit,
2984 3803 3054 3859 ab
3101 3803 3448 3874 imperatore
3497 3804 3840 3859 mandatum

2210 3893 2571 3958 exspectans.

2208 4051 2261 4103 8.
2299 4049 2359 4105 Ut
2388 4050 2615 4104 mittens
2647 4049 2951 4121 imperator
2980 4048 3238 4105 eduxerit
3284 4052 3650 4121 patriarchali
3693 4053 3845 4111 domo

2452 4120 2853 4191 palriarcham;
2874 4124 3070 4191 etquae
3094 4124 3222 4176 tunc
3250 4120 3595 4194 centigerint.

2279 4245 2407 4299 Mox
2434 4249 2558 4300 erat
2588 4244 2817 4299 circiter
2845 4248 3105 4300 extrema
3134 4245 3269 4301 Maii
3304 4246 3543 4316 mensis,
3596 4265 3729 4303 cum
3782 4248 3840 4304 in

2206 4332 2579 4386 serenitatem
2610 4330 2969 4388 exhilaratus
3000 4349 3096 4388 aer
3124 4350 3192 4388 ex
3243 4332 3485 4389 hiberno
3540 4335 3726 4404 rigore
3783 4339 3842 4391 et

2204 4419 2469 4475 humoris
2525 4436 2625 4490 per
2677 4436 2885 4476 vernos
2941 4426 3168 4492 tepores
3235 4423 3611 4479 exuberantia
3678 4430 3845 4494 parte

2204 4524 2413 4578 magna
2444 4506 2719 4575 resoluta,
2744 4506 2961 4577 liquido
2995 4509 3234 4564 liberius
3259 4509 3399 4566 coelo
3431 4511 3842 4582 ridet,quando

2201 4596 2357 4652 circa
2387 4595 2575 4666 prima
2631 4594 2889 4667 vigiliam
2949 4596 3265 4652 adfuerunt
3323 4614 3471 4668 quos
3521 4597 3845 4670 imperator

2202 4684 2440 4738 miserat
2465 4684 2535 4738 ad
2568 4684 3028 4739 condemnatum
3062 4686 3473 4741 abducendum
3529 4702 3646 4757 quo
3690 4688 3843 4757 jussi

2199 4776 2384 4827 erant.
2420 4774 2470 4826 Is
2502 4788 2631 4825 cum
2666 4772 3369 4845 abduceretur,superatis
3391 4776 3671 4846 gradibus
3693 4782 3842 4831 tem-

2200 4860 2279 4932 pli
2313 4860 2543 4915 maximi
2574 4865 2738 4915 stans
2770 4861 2841 4916 ad
2876 4868 3105 4933 portam
3135 4863 3417 4933 majorem
3464 4868 3685 4935 gratias
3725 4865 3846 4936 egit

2198 4950 2642 5006 venerabundus
2674 4952 2905 5005 Christo
2951 4951 3212 5018 Domino,
3266 4953 3520 5009 adorans
3571 4959 3629 5008 et
3674 4958 3738 5008 ut
3783 4954 3840 5009 in

2199 5040 2463 5111 digressu
2497 5039 2846 5094 valedicens.
2900 5042 3030 5094 Mox
3062 5055 3196 5095 cum
3260 5042 3521 5097 exiturus
3564 5045 3719 5097 esset
3738 5058 3843 5112 per

2197 5129 2499 5183 obversam
2522 5127 2729 5182 orienti
2764 5132 3015 5199 portam,
3051 5133 3115 5183 ut
3148 5129 3219 5184 ad
3269 5129 3540 5185 cellulam
3596 5131 3652 5184 in
3698 5130 3839 5185 Bar-

2196 5216 2337 5271 bara
2366 5215 2531 5270 sitam
2561 5215 2791 5270 miriﬁci
2844 5216 3066 5271 Nicolai
3111 5232 3173 5272 se
3232 5219 3519 5273 conferret
3549 5218 3640 5289 (ea
3695 5226 3837 5274 tunc

2194 5302 2547 5359 domuncula
2579 5304 2724 5358 mari
2756 5305 3008 5371 admota,
3042 5311 3099 5359 et
3129 5306 3198 5360 ad
3234 5305 3514 5361 Oxeensis
3549 5310 3838 5361 monaste-

2194 5393 2259 5446 rii
2285 5394 2385 5461 jus
2416 5391 2861 5463 dominiumque
2886 5393 3204 5463 pertinens,
3240 5395 3367 5449 ideo
3417 5399 3618 5464 parata
3644 5393 3834 5448 fuerat

2192 5479 2378 5536 obiter
2406 5478 2744 5550 excipiendo
2775 5481 3041 5547 Arsenio,
3094 5482 3251 5551 quod
3298 5481 3349 5536 ei
3400 5482 3599 5537 sedem
3645 5481 3839 5536 exsilii

2190 5568 2344 5641 apud
2377 5568 2611 5636 Oxeam,
2646 5568 3148 5641 opportunitatem
3182 5571 3500 5640 quamdam
3530 5568 3639 5626 loci
3670 5586 3841 5627 secu-
