4158 6280
518 365 625 419 719

1814 367 2116 423 GEORGII
2152 367 2613 422 PACHYMERE

3800 366 3906 421 720

517 481 835 561 ριϐάλλεται
889 484 978 536 καὶ
1031 482 1116 537 ἐπὶ
1191 482 1434 560 κεφαλῆς
1504 486 1602 551 τὴν
1654 485 1798 557 ἱερὰν
1859 485 2145 538 ἐπιτίθεται
2178 491 2230 554 Α
2265 485 2519 554 ὑπήκοοι,
2581 483 2788 558 μηδένα
2833 491 2940 540 τῶν
2996 487 3247 540 ἁπάντων
3309 487 3461 557 ὑμῶν
3521 485 3606 540 ἐπὶ
3639 490 3900 540 τοσοῦτον

520 571 752 645 κίδαριν,
811 572 901 624 καὶ
948 571 1223 634 καθεσθείς
1278 569 1375 642 ἔξω
1424 573 1610 647 καιρὸν
1657 571 1834 642 ἐζήτει
1876 571 2148 635 συνελθεῖν

517 666 586 734 τῇ
620 657 829 731 συνόδῳ
871 665 950 730 τῷ
995 660 1309 734 πατριάρχῃ
1362 657 1770 735 συνεδρευοόσῃ.
1824 662 1912 722 Ὠς
1963 658 2009 713 δ’
2049 661 2150 733 ἠγ-

519 749 748 824 γέλλετο
800 752 867 820 τῇ
900 745 1108 818 συνόδῳ
1135 749 1200 800 τὰ
1238 747 1360 822 περὶ
1411 748 1612 803 τούτου
1644 747 2033 822 περιμένοντος
2063 747 2152 801 καὶ

520 841 915 913 ἀρχιερατικῶς
973 834 1276 898 ἐστολίσθαι
1344 835 1680 907 ἐμάνθανον,
1739 835 1886 890 δεινὰ
1933 835 2150 890 ἐποίουν

519 928 609 982 καὶ
662 926 759 981 οὐκ
811 923 1008 994 ἤθελον
1061 921 1330 998 δέχεσθαι.
1391 926 1478 985 Ὠς
1539 922 1596 978 δέ
1649 945 1732 986 τις
1792 924 2006 978 ἐκείνων
2064 922 2153 976 καὶ

517 1018 615 1084 τὴν
667 1013 960 1081 ἐπιστολὴν
1009 1011 1282 1089 ἐνεφάνιζε
1335 1013 1434 1081 τήν
1495 1011 1724 1084 ἐκείνου,
1757 1012 1806 1066 ἐν
1865 1010 2154 1084 ἧέπέγρα-

519 1124 610 1180 φεν
662 1103 845 1157 ἑαυτὸν
920 1100 1144 1162 οἰκείαις
1221 1101 1406 1174 χερσὶν
1459 1102 1780 1169 Ἀθανάσον,
1835 1100 2025 1154 αὐτίκα
2075 1103 2156 1171 τῷ

523 1196 618 1266 μὲν
676 1192 990 1265 πατριάρχῃ
1031 1191 1130 1257 τήν
1176 1195 1272 1244 τοῦ
1337 1191 1555 1264 βοηθεῖν
1604 1191 1780 1263 ὁρμὴν
1836 1185 2154 1262 ἠμϐλύσθαι

518 1281 607 1336 καὶ
655 1281 716 1333 τὸ
774 1280 904 1353 ὑπὲρ
955 1277 1160 1332 ἐκείνου
1209 1277 1406 1352 θερμόν
1459 1277 1690 1353 ἐψῦχθαι
1737 1273 2032 1344 συνέϐαινε,
2079 1280 2158 1346 τῷ

521 1367 568 1423 δ’
614 1369 934 1422 ἀνακοπέντι
984 1371 1299 1442 καθυφεῖναι
1343 1374 1444 1435 τῆς
1493 1365 1682 1440 πείρας
1727 1366 1817 1419 καὶ
1867 1364 2156 1439 ἀπραγμό-

517 1478 620 1518 νως
677 1455 910 1510 ἐντεῦτεν
972 1453 1198 1528 διάγειν.
1265 1453 1440 1510 Ἀλλὰ
1493 1458 1661 1507 ταῦτα
1719 1454 1814 1525 μέν
1865 1453 2153 1525 πρότερον·

513 1545 638 1601 τότε
670 1543 727 1599 δὲ
747 1543 950 1599 πολλοὶ
981 1549 1087 1597 τῶν
1119 1564 1177 1597 τε
1212 1547 1470 1617 μοναχῶν
1503 1542 1590 1595 καὶ
1620 1549 1722 1609 τῆς
1753 1538 2002 1600 λαώδους
2041 1537 2157 1612 μοί-

521 1655 615 1710 ρας
675 1633 1095 1706 ἀποσχνσθέντες
1149 1633 1268 1685 κατ’
1324 1629 1518 1691 αὐτοὺς
1569 1629 1942 1704 συνελέγοντο,
1999 1653 2019 1678 ι
2067 1629 2154 1696 Μὴ

521 1726 629 1796 atq
681 1718 820 1794 μηδὲ
869 1720 992 1794 θίγῃ
1024 1721 1085 1773 τὸ
1116 1719 1390 1792 παράπαν,
1424 1742 1451 1769 ››
1485 1717 1760 1791 λέγοντες,
1797 1739 1821 1770 ι
1854 1717 1913 1779 ὃς
1942 1715 2001 1770 ἂν
2035 1737 2160 1768 συν-

2262 571 2413 640 ἥκειν
2446 569 2868 648 φρενοϐλαϐείας
2917 573 3055 628 ὥστε
3102 575 3176 645 μὴ
3225 575 3400 644 ἐαυτῷ
3449 573 3703 627 3-5νασθαι
3759 582 3906 648 χρῆ-

2261 672 2381 723 σθαι
2431 657 2752 734 συμϐούλῳ,
2801 662 2944 717 ἀλλά
2971 668 3048 734 τῷ
3091 663 3284 725 πέλας.
3320 662 3382 718 Ei
3433 663 3535 736 γὰρ
3566 662 3658 716 καὶ
3689 664 3724 730 ἡ
3757 664 3903 736 παρὰ

2259 753 2365 802 τῶν
2400 748 2583 803 ἄλλων
2639 750 2813 824 βοδλή
2865 746 3266 822 συλλαμϐάνειν
3316 752 3385 804 τὰ
3430 749 3660 804 πλεῖστα
3703 752 3908 826 πέφυκε

2259 841 2375 897 τοῖς
2429 838 2850 910 βουλευομένοις
2883 838 3073 913 (ταύτῃ
3106 839 3209 913 γὰρ
3241 838 3331 892 καὶ
3362 833 3651 908 συμϐουλή
3688 836 3908 912 λέγεται

2263 922 2337 984 εἷς
2391 925 2553 979 ταυτὸ
2613 925 2990 1000 συναγομένων
3046 929 3248 1003 ἀμφοῖν
3300 931 3407 980 τῶν
3463 924 3726 1000 βουλῶν),
3779 925 3910 982 ἀλλ’

2264 1012 2552 1085 ἀναγκαῖον
2598 1018 2758 1068 τοῦτο
2809 1013 2889 1090 ἐφ’
2936 1015 3088 1076 ὅσοις
3139 1014 3222 1068 ἐπ’
3272 1009 3570 1088 ἀμφιϐόλῳ
3615 1020 3790 1068 κεῖται
3843 1014 3904 1070 τὸ

2269 1097 2707 1173 βουλευόμενον,
2767 1103 2840 1163 ὡς
2899 1103 3277 1179 ἀμφοτέρωθεν
3337 1100 3636 1177 λογισμοὺς
3687 1101 3903 1178 ίσορῤό-

2264 1209 2398 1248 πους
2448 1192 2731 1257 κινεῖσθαι,
2791 1189 2885 1243 κᾶν
2946 1190 3135 1251 ὁποίας
3176 1211 3258 1252 τις
3310 1192 3536 1262 ἅψηται.
3588 1191 3706 1265 Ἐφ’
3757 1189 3908 1252 ὅσοις

2268 1273 2324 1330 δὲ
2355 1277 2678 1352 ἑτερορρεπῆ
2711 1278 2778 1332 τὰ
2829 1281 2928 1342 τῆς
2985 1276 3164 1348 δόξης,
3226 1279 3300 1341 ὡς
3330 1278 3564 1342 ἐντεῦθεν
3621 1281 3719 1350 μὶν
3775 1280 3907 1351 μετά

2264 1370 2361 1418 τοῦ
2389 1365 2559 1420 καλοῦ
2617 1367 2706 1420 καὶ
2763 1368 2824 1421 τὸ
2879 1366 3077 1441 πάγιον
3137 1367 3536 1442 ἀναφαίνεσθαι,
3589 1366 3791 1421 ἐκεῖθεν
3851 1365 3906 1422 δὲ

2269 1451 2438 1522 δῆλον
2498 1454 2632 1508 εἶναι
2685 1455 2746 1508 τὸ
2805 1453 3070 1530 βλάπτον,
3117 1454 3296 1509 ἐκαῖον
3331 1451 3500 1517 ὅντως
3534 1455 3624 1510 καὶ
3656 1455 3905 1510 ἀλυσιτεο

2268 1542 2358 1603 λὶς
2435 1541 2713 1614 λογισμῶν
2789 1543 3096 1616 συντρόφων
3179 1544 3525 1618 ὑπερορῶντα
3587 1542 3905 1614 ἀλλοτρίοις

2269 1637 2529 1703 χρῆσθαι,
2562 1637 2642 1692 οἱς
2692 1629 2769 1685 ἔνι
2805 1632 2897 1703 μὶν
2933 1627 3187 1700 ἀϐουλία,
3222 1628 3296 1685 ἔνι
3333 1629 3377 1685 δ’
3404 1626 3576 1705 ὄρεξις
3606 1633 3745 1706 πρὸς
3775 1631 3905 1685 τοῦ-

2266 1740 2382 1781 τοις
2409 1719 2500 1773 καὶ
2530 1721 2590 1772 τὸ
2623 1720 2762 1789 ξένον
2791 1720 2870 1775 ἀεί
2918 1721 3041 1774 ποτ’
3077 1720 3410 1794 ανάλγητον,
3458 1721 3531 1781 ὡς
3581 1719 3782 1782 παντὸς
3812 1725 3908 1774 τοῦ

519 1810 696 1878 αινοίη
753 1812 821 1880 τῇ
881 1807 1183 1880 καθαιρέσει
1242 1811 1337 1860 τοῦ
1394 1807 1740 1880 πατριάρχου
1785 1806 1820 1874 ἢ
1884 1806 1991 1876 μὴν
2039 1825 2156 1858 κοι-
2189 1843 2236 1906 Β
2269 1805 2472 1860 οἰκείου
2503 1807 2802 1883 πεφυκότος
2857 1807 3077 1876 πιέζειν.
3139 1813 3228 1862 Δεῖ
3277 1808 3454 1862 τοίνυν
3507 1829 3569 1881 γε
3625 1809 3717 1862 καὶ
3765 1809 3906 1880 ὑμᾶς

518 1898 722 1966 νωνοίη
770 1902 887 1956 τοῖς
940 1899 1296 1950 συκθαινοῦσιν.
1347 1918 1376 1946 ››
1435 1893 1590 1950 Ἀλλ’
1643 1895 1670 1947 ὁ
1727 1891 1997 1968 βασιλεὺς,
2045 1891 2157 1946 ἐπεὶ

522 1987 622 2041 οὐκ
667 1990 731 2054 ἦν
771 1987 868 2054 τὴν
917 1983 1240 2053 Ἐκκλησίαν
1298 1983 1634 2054 ἀποίμαντον
1699 1980 1992 2054 διαμένειν,
2043 1987 2159 2042 τοῖς

525 2076 620 2147 μὶν
691 2075 1030 2148 ἀρχιερεῦσιν
1098 2073 1265 2148 ἐφῆκε
1321 2071 1648 2148 ψηφίζεσθαι
1698 2072 1790 2124 τὸν
1853 2068 1999 2146 σφίσι
2062 2067 2155 2122 δο-

520 2167 741 2228 κοῦντα,
792 2162 949 2221 αὐτὸς
987 2159 1044 2214 δὲ
1093 2159 1226 2235 βαθύ
1274 2180 1325 2213 τι
1359 2163 1623 2233 συνορῶν,
1672 2159 1757 2212 καὶ
1808 2155 2156 2211 ἀναστέλλειν

522 2250 696 2305 θέλων
726 2251 792 2304 τὰ
836 2249 1132 2323 σχίσματα,
1161 2247 1369 2316 σόναξίν
1423 2268 1483 2300 τε
1526 2247 1716 2314 κοινὴν
1767 2242 2154 2318 παραγγέλλει,

521 2340 611 2393 καὶ
657 2339 868 2392 πάντων
925 2335 974 2389 ἐν
1023 2340 1202 2406 ταυτῷ
1254 2334 1625 2408 συλλεγέντων
1678 2333 1737 2387 ἐκ
1777 2338 1872 2386 τοῦ
1917 2331 2155 2404 παραθύ-

524 2447 620 2499 ρου
647 2433 748 2494 τῆς
781 2425 944 2478 αὐτοῦ
994 2422 1221 2493 κέλλης,
1283 2423 1311 2476 ὃ
1372 2421 1437 2491 δὴ
1472 2424 1560 2476 καὶ
1592 2419 1838 2496 σιδηροῖς
1867 2425 2026 2475 τοῦτο
2063 2421 2155 2491 μὲν

524 2513 752 2588 ὀρθίοις,
810 2517 970 2568 τοῦτο
1017 2509 1063 2565 δ’
1117 2510 1425 2585 ἐγκαρσίυις
1456 2509 1983 2584 περιεδρυφακτοῦτο
2041 2512 2158 2568 τοῖς

521 2604 742 2674 κάμαξι,
771 2602 950 2675 λόγων
983 2599 1185 2667 ἥπτετο
1215 2600 1352 2673 πρὸς
1381 2598 1575 2660 αὐτοὺς
1605 2595 1856 2654 τοιῶνδε.

528 2712 612 2764 ια’.
702 2707 1027 2782 Δημηγορία
1103 2710 1201 2760 τοῦ
1282 2704 1548 2782 βασιλέως
1625 2704 1749 2779 περὶ
1803 2706 1910 2756 τῶν
1971 2705 2160 2774 σχιζο-

1249 2777 1442 2848 μένων.

597 2869 682 2940 [Ρ.
721 2869 843 2939 185]
896 2887 923 2921 α
977 2865 1118 2941 Ἐγὼ
1165 2863 1398 2936 νομίζω,
1449 2861 1494 2916 ὦ
1544 2867 1644 2932 τῆς
1694 2860 1832 2934 ἐμῆς
1885 2857 2159 2936 βασιλείας

529 3099 707 3138 manu
740 3080 974 3153 propria
1021 3077 1406 3133 Athanasium
1465 3074 1869 3145 inscripserat,
1927 3071 2168 3143 contigit

2266 1900 2382 1956 τοῖς
2438 1893 2516 1970 ἐφ’
2573 1895 2771 1949 ἐαυτῶν
2832 1894 3125 1969 λογισμοῖς
3161 1897 3595 1970 προηγουμένως
3637 1899 3902 1971 χρῆσθαι,

2269 1984 2355 2036 καὶ
2407 1983 2548 2036 οὕτω
2581 1980 2890 2055 δοκιμάζειν
2921 1984 3046 2045 τοὺς
3075 1981 3287 2053 ἔξωθεν.
3324 1986 3422 2046 ’ος
3453 1982 3508 2038 δέ
3539 1988 3645 2038 τῶν
3679 1984 3900 2039 οἷγείων

2271 2071 2617 2147 ὑπερφρονῶν
2660 2071 2844 2124 ἑαυτὸν
2892 2077 3012 2134 τοῖς
3067 2068 3257 2141 ἔξωθεν
3308 2068 3684 2144 λογιζομένοις
3740 2073 3906 2146 παρὲο

2266 2177 2354 2230 χει
2404 2158 2475 2217 ὡς
2507 2155 2560 2211 εἷ’
2607 2179 2657 2211 τι
2709 2157 2769 2211 ἂν
2821 2160 3031 2233 φέροιεν
3083 2157 3285 2212 ἐκεῖνοι
3328 2161 3625 2234 προσέξων,
3661 2161 3689 2213 ὁ
3719 2165 3904 2213 τοιοῦ-

2263 2266 2355 2306 τος
2413 2244 2706 2319 ὁμολογῶν
2757 2243 2889 2300 ἴστω
2947 2247 3021 2307 ὡς
3079 2243 3260 2323 ἄφρων
3295 2245 3405 2301 ἐστὶ
3462 2249 3523 2302 τὸ
3565 2249 3685 2301 καθ’
3717 2244 3902 2304 αὐτόν.

2264 2333 2536 2405 νΑφρονος
2595 2330 2652 2387 δὲ
2703 2333 2917 2395 πάντως
2973 2333 3035 2388 τὸ
3084 2335 3211 2405 μήτ’
3270 2334 3358 2409 ἀφ’
3416 2334 3606 2388 ἑαυτοῦ
3653 2336 3906 2402 συνιέναι,

2265 2421 2354 2475 καὶ
2409 2420 2472 2474 τὸ
2521 2421 2608 2474 καὶ
2641 2443 2722 2482 τις
2754 2422 2841 2476 καὶ
2889 2426 2996 2476 τῶν
3030 2421 3218 2494 ἔξωθεν
3270 2422 3444 2497 λέγοι,
3478 2424 3553 2494 μὴ
3603 2420 3900 2496 διακρίνειν

2267 2505 2464 2562 εἰδέναι
2517 2509 2578 2562 τὸ
2623 2505 2863 2584 κρεῖττόν
2895 2531 2954 2564 τε
2982 2510 3070 2565 καὶ
3099 2511 3160 2564 τὸ
3191 2516 3400 2585 χεῖρονο
3434 2510 3523 2564 καὶ
3558 2511 3753 2566 λοιπὸν
3783 2509 3908 2566 οὐδὲ

2267 2602 2367 2665 τῆς
2405 2595 2625 2670 θυραίας
2672 2595 2859 2669 ἐκείνῳ
2913 2594 3234 2670 συμϐουλῆς
3284 2595 3508 2674 ὄφελος.
3540 2601 3623 2654 Τὰ
3653 2597 3749 2652 οὗν
3785 2603 3910 2672 ξυμ-

2268 2683 2500 2738 πεσόντα
2557 2681 2738 2738 οῗδατε
2793 2684 3048 2755 πάντως,
3119 2687 3209 2740 καὶ
3265 2683 3415 2740 οὐδὲν
3478 2687 3530 2756 ἐξ
3576 2689 3739 2760 ἡμῶν
3799 2691 3906 2741 τῶν

2269 2770 2570 2844 γενομένων
2618 2773 2957 2846 κέκρυπται·
3017 2773 3105 2827 ἰπὶ
3159 2774 3335 2846 τούτῳ
3389 2774 3495 2848 γὰρ
3554 2774 3644 2828 καὶ
3705 2774 3913 2847 ᾠκονο-

2272 2864 2426 2932 μεῖτο
2474 2861 2508 2928 ἡ
2569 2859 2646 2936 ἐφ’
2679 2859 2886 2933 ἑκάστῳ
2949 2862 3099 2934 ὑμῶν
3131 2860 3377 2916 ἐνταυθοῖ
3430 2859 3735 2936 συνδρομὴ,
3769 2861 3911 2917 οὕτω

2277 3072 2541 3128 consilio.
2573 3073 2694 3128 Etsi
2741 3074 2895 3130 enim
2931 3074 3176 3130 aliorum
3213 3073 3555 3129 sententiam
3615 3077 3920 3146 exquirere

529 3169 867 3240 patriarcha:
899 3181 1131 3238 quoque
1162 3161 2162 3234 ipsijuvandieiushebetariimpe-
2196 3190 2238 3254 Ο
2276 3176 2338 3213 ac
2371 3176 2502 3214 cum
2560 3177 2666 3216 sua
2724 3163 2985 3216 conferre
3043 3163 3431 3217 deliberantes
3488 3162 3702 3228 solent,
3744 3163 3914 3254 “unde

532 3263 658 3312 tum
682 3261 738 3312 et
755 3255 929 3310 studii
955 3269 1090 3324 erga
1112 3268 1242 3307 eum
1269 3251 1637 3321 refrigescere
1660 3247 2164 3318 ardorem,ipsum
2202 3244 2237 3254 “”
2277 3247 2536 3301 Graecum
2571 3249 2814 3302 consilio
2857 3265 3067 3304 nomen
3119 3253 3311 3303 ortum
3364 3254 3473 3314 est,
3530 3256 3593 3304 ut
3621 3244 3911 3321 συμϐουλή

535 3361 671 3399 vero
703 3342 1035 3415 perculsum
1084 3339 1301 3394 infelici
1329 3354 1599 3393 successu
1637 3338 1704 3390 ad
1740 3336 1990 3407 quietem
2023 3335 2172 3398 vitae,

533 3449 704 3504 quam
728 3432 938 3485 frustra
958 3433 1225 3484 excutere
1258 3427 1408 3483 273
1437 3429 1777 3490 tentaverat,
1801 3422 2170 3478 constantius

527 3523 803 3591 deinceps
817 3536 906 3573 am
919 3518 1279 3590 plectendam
1295 3515 1573 3570 domitum
1594 3513 1829 3583 repulsa
1842 3515 2168 3567 convertere

533 3609 818 3664 animum.
851 3607 962 3662 Sed
1003 3606 1122 3660 haec
1173 3605 1336 3674 prius
1395 3607 1726 3656 evenerant.
1758 3605 1916 3655 Tunc
1975 3604 2166 3655 autem

536 3697 704 3752 multi
729 3695 997 3750 monachi
1029 3698 1084 3748 et
1111 3691 1238 3747 laici
1271 3707 1301 3745 e
1360 3690 1540 3759 plebe,
1591 3688 1997 3743 abscindentes
2045 3701 2168 3740 sese

537 3784 986 3842 acommunione
1016 3797 1213 3836 eorum
1265 3779 1362 3850 qui
1387 3780 1809 3832 damnaverant
1837 3773 2164 3839 Arsenium,

534 3872 777 3928 scorsim
809 3872 1222 3935 convenerunt,
1255 3872 1311 3921 et
1340 3865 1576 3934 vulgare
1605 3878 1837 3918 carmen
1893 3877 2162 3914 aversan-

529 3961 677 4016 tium
703 3975 875 4015 usum
907 3956 1443 4024 commerciumque
1477 3952 1847 4023 profanorum
1888 3949 2166 4003 adhiben-

529 4050 667 4104 dum
699 4049 810 4104 sibi
845 4063 998 4100 nunc
1029 4046 1099 4099 ad
1131 4042 1523 4098 excludendos
1553 4056 1661 4094 ase
1693 4037 2164 4107 reliquossanxe-

526 4143 681 4194 runt:
708 4159 735 4186 ‹‹
759 4136 840 4192 Ne
860 4140 1097 4197 tractes,
1118 4154 1138 4183 α
1157 4132 1469 4196 dicentes,»
1494 4146 1563 4182 ne
1586 4133 1813 4198 tangas,
1833 4142 1902 4180 ne
1923 4125 2162 4181 omnino

526 4227 595 4280 ad
619 4225 796 4280 ullam
829 4219 1273 4278 consuetudinis
1297 4223 1515 4287 partem
1541 4215 1817 4270 admittas
1852 4214 2034 4268 ullum
2067 4230 2161 4268 e0-

523 4330 652 4368 rum
685 4313 783 4384 qui
817 4311 902 4365 vel
936 4307 1276 4380 patriarcha
1315 4304 1844 4359 exauctorationem
1878 4303 2159 4372 probave-

521 4403 638 4457 rint
663 4401 748 4455 vel
791 4396 1172 4469 probantibus
1216 4391 1792 4449 communicaverint.
1819 4411 1846 4439 »
1880 4390 2158 4444 Caeterum

519 4484 1189 4560 imperatorintelligens
1213 4499 1324 4537 non
1360 4495 1531 4551 posse
1563 4478 1812 4549 relinqui
1835 4478 2154 4532 Ecclesiam

2277 3335 2564 3388 diceretur
2595 3336 2759 3405 quasi
2791 3337 3210 3391 sententiarum
3232 3337 3290 3390 in
3314 3354 3494 3391 unum
3520 3337 3754 3393 collatio
3769 3340 3915 3395 dua-

2277 3428 2646 3488 rum,tamen
2681 3424 2733 3476 id
2769 3428 2994 3478 tantum
3025 3423 3214 3479 locum
3247 3424 3425 3479 habet
3454 3425 3514 3479 in
3558 3427 3734 3481 rebus
3768 3443 3918 3496 qua-

2275 3527 2403 3564 rum
2428 3511 2484 3564 in
2509 3511 2782 3583 ambiguo
2804 3513 3015 3582 pendet
3033 3513 3342 3581 judicium,
3359 3515 3598 3583 paribus
3616 3514 3916 3586 utrimque

2273 3599 2637 3666 argumentis
2670 3598 2858 3652 aiendi
2895 3600 3262 3670 negandique
3314 3601 3601 3654 incertum
3660 3601 3913 3673 eligendi

2273 3685 2970 3741 arhitriumlibrantibus.
3003 3686 3108 3741 Ubi
3142 3693 3332 3743 autem
3380 3688 3536 3742 haud
3595 3689 3792 3745 dubiis
3851 3689 3909 3744 in

2273 3770 2494 3826 lancem
2519 3772 2759 3827 alteram
2793 3775 3104 3830 momentis
3128 3776 3281 3830 274
3312 3777 3398 3830 fas
3429 3781 3486 3831 et
3513 3793 3747 3847 aequum
3783 3795 3912 3832 ver-

2271 3860 2377 3931 git,
2409 3861 2548 3916 adeo
2581 3867 2645 3916 ut
2671 3861 2807 3917 hinc
2856 3864 3089 3934 quidem
3144 3865 3449 3919 manifeste
3493 3864 3806 3920 honestum
3857 3871 3914 3921 et

2271 3953 2466 4002 tutum
2499 3956 2777 4021 appareat
2807 3952 2960 4020 quod
2995 3952 3356 4022 proponitur,
3388 3951 3551 4008 illinc
3607 3954 3764 4024 quod
3815 3971 3910 4009 os-

2269 4037 2525 4091 tenditur
2553 4037 2848 4093 evidenter
2870 4039 3107 4093 noxium
3140 4045 3432 4108 cernatur,
3456 4045 3582 4095 tum
3607 4042 3904 4097 enimvero

2266 4139 2479 4178 vanum
2513 4125 3027 4196 inconsultumque
3059 4128 3134 4182 sit
3165 4127 3492 4198 quempiam
3523 4128 3726 4183 innato
3763 4130 3905 4184 inti-

2265 4228 2478 4284 moque
2511 4219 2728 4268 naturae
2761 4231 2824 4269 ac
2867 4217 3044 4270 menti
3102 4216 3348 4287 propriis
3405 4233 3582 4271 sensu
3641 4217 3907 4273 abdicato

2266 4300 2472 4354 alienis
2504 4302 2584 4355 uti
2618 4301 2897 4366 consiliis,
2951 4303 3169 4372 quibus
3200 4304 3351 4358 inest
3409 4304 3648 4374 quidem
3681 4307 3906 4377 impru-

2265 4387 2480 4454 dentia,
2538 4390 2688 4444 inest
2725 4395 2782 4445 et
2832 4391 3146 4461 cupiditas,
3207 4396 3598 4463 praetereaque
3674 4394 3910 4466 prurigo

2263 4478 2537 4533 novitatis
2566 4484 2622 4534 et
2651 4481 2915 4548 quaedam
2961 4481 3296 4537 malesuada
3347 4482 3590 4537 dulcedo
3641 4481 3907 4554 inexper-

513 4547 640 4633 sine
669 4582 919 4648 pastore,
942 4547 1278 4628 electionem
1305 4547 1643 4639 patriarchae
1687 4547 1883 4620 liberis
1924 4565 2157 4620 antisti-
2187 4547 2229 4610 Π
2262 4569 2454 4620 torum
2482 4605 2497 4630 ,
2556 4547 2816 4637 inquieto
2875 4569 3185 4637 conjuncta
3250 4569 3417 4623 taedio
3482 4547 3798 4625 solitarum
3855 4574 3910 4624 et

511 4670 638 4721 tum
673 4663 968 4734 suffragiis
998 4660 1418 4732 permisithse
1441 4655 1618 4710 altius
1641 4661 1920 4726 reputans
1954 4655 2148 4725 perni-

510 4756 659 4810 ciem
707 4752 1114 4818 schismatum,
1165 4747 1214 4803 si
1265 4763 1429 4802 ruere
1480 4745 1578 4816 qui
1629 4760 1820 4798 errare
1865 4741 2148 4813 coeperint

509 4843 799 4907 sinantur,
825 4839 1098 4894 concione
1128 4835 1318 4891 omnis
1348 4835 1574 4905 generis
1597 4832 1901 4887 hominum
1924 4835 2142 4898 vocata,

505 4948 534 4985 e
568 4932 819 4984 fenestra
846 4925 1096 4982 cubiculi
1128 4924 1412 4979 clathrata
1442 4923 1612 4989 ferro,
1633 4927 1821 4975 rectas
1847 4925 2143 4984 transver-

501 5019 581 5073 sis
608 5015 955 5072 decussatim
1013 5013 1379 5068 nectentibus
1405 5010 1586 5080 virgis
1643 5009 1884 5063 invicem
1942 5025 2054 5080 que
2085 5007 2141 5062 in

502 5106 681 5161 cratis
740 5105 987 5158 formam
1036 5098 1327 5170 implexis,
1383 5097 1537 5151 hunc
1571 5096 1751 5150 ferme
1780 5095 1839 5149 in
1899 5097 2139 5152 modum

501 5195 787 5250 disserere
812 5206 982 5245 orsus
1013 5192 1126 5242 est.

637 5331 722 5386 il.
759 5329 943 5388 Oratio
974 5328 1320 5399 imperatori:
1352 5325 1414 5381 de
1443 5325 1740 5380 schismate
1769 5324 1995 5380 avulsis.

572 5455 905 5526 «Equidem
944 5451 1233 5517 existimo,
1293 5467 1324 5504 ο
1385 5465 1512 5503 meo
1565 5447 1808 5517 imperio
1864 5447 2136 5519 subjecti,

499 5544 788 5598 neminem
813 5542 1074 5597 omnium
1098 5542 1356 5594 vestrum
1375 5554 1440 5592 eo
1471 5535 1734 5591 stultitiae
1755 5527 2134 5607 processisse,

497 5637 564 5690 ut
601 5649 716 5688 non
768 5649 874 5687 suo
903 5630 1113 5702 ipsius,
1147 5629 1246 5684 sed
1295 5626 1537 5684 alterius
1586 5625 1780 5680 solum
1825 5625 1905 5681 uti
1948 5627 2134 5697 possit

2257 4655 2734 4724 quotidianarum
2770 4671 2986 4710 rerum.
3023 4655 3373 4711 Faciendum
3415 4656 3595 4728 igitur
3625 4658 3792 4713 vobis
3823 4661 3910 4713 est

2258 4750 2320 4797 ut
2343 4747 2475 4797 ante
2505 4744 2700 4798 omnia
2727 4744 2936 4798 vestris
2968 4743 3230 4814 ipsorum
3259 4744 3636 4800 mentibusac
3656 4745 3906 4815 judiciis

2255 4831 2592 4886 auctoribus
2621 4832 2893 4899 utamini,
2926 4837 2982 4888 et
3012 4833 3083 4886 ad
3115 4831 3325 4887 horum
3375 4849 3616 4888 examen
3665 4833 3903 4889 vocetis.

2255 4936 2383 4990 quae
2412 4919 2573 4974 vobis
2600 4919 2834 4975 aliunde
2848 4925 3265 4991 suggeruntur.
3286 4920 3432 4976 Nam
3449 4921 3547 4991 qui
3567 4922 3693 4977 suis
3714 4921 3900 4992 ipsius

2253 5007 2801 5064 ratiocinationibus
2833 5009 3084 5078 rejectis,
3120 5009 3355 5064 aliunde
3397 5009 3607 5064 oblatis
3651 5010 3902 5065 advertit

2251 5097 2513 5150 animum
2545 5101 2601 5150 et
2623 5096 2863 5152 inhaeret
2894 5097 3160 5164 obnoxie,
3186 5097 3234 5152 is
3276 5114 3417 5152 sane
3447 5098 3760 5153 habendus
3794 5113 3893 5169 pro

2249 5183 2462 5238 fatente
2485 5201 2546 5239 se
2573 5183 2818 5239 stultum
2842 5185 3124 5255 etjudicii
3142 5192 3455 5256 expertem.
3479 5185 3656 5241 Stulti
3677 5187 3896 5258 quippe

2247 5290 2313 5328 ac
2338 5271 2561 5343 judicio
2592 5273 2854 5328 destituti
2888 5274 3126 5329 omnino
3153 5280 3241 5329 est
3279 5274 3425 5329 nihil
3474 5291 3543 5329 ex
3581 5291 3644 5329 se
3675 5275 3900 5330 intelli-

2247 5377 2399 5430 gere,
2433 5361 2532 5415 sed
2565 5361 2853 5432 quidquid
2887 5361 3122 5417 aliunde
3154 5363 3394 5416 offertur
3438 5379 3587 5416 caca
3643 5362 3899 5418 creduli-

2246 5453 2364 5505 tate
2396 5448 2674 5520 recipere,
2702 5448 2910 5505 melius
2935 5451 2992 5504 id
3018 5450 3092 5506 sit
3124 5467 3195 5505 an
3249 5451 3413 5521 pejus
3469 5450 3616 5505 nihil
3679 5452 3901 5507 discer-

2247 5538 2461 5594 nendo.
2494 5536 2616 5592 Tali
2648 5542 2840 5593 autem
2867 5555 2980 5594 non
3003 5538 3167 5593 video
3191 5538 3328 5607 quid
3347 5541 3897 5612 prositsuggestum

2249 5626 2319 5682 ab
2352 5625 2462 5683 alio
2494 5627 2825 5683 consilium.
2868 5629 3000 5694 Qua:
3055 5643 3241 5698 nuper
3296 5627 3671 5700 contigerunt
3728 5627 3893 5686 scitis
