4158 6280
273 384 379 438 721

1350 387 1444 440 DE
1480 384 1852 441 MICHAELE
1889 381 2331 439 PALEOLOGO
2365 383 2500 436 LIB.
2538 384 2635 439 IV.

3569 380 3677 435 722

272 510 373 561 τοῦ
432 507 704 580 ἡμετερου
753 504 1107 571 κελεύσαντος
1160 503 1409 581 κράτους.
1471 510 1646 562 Τοῦτο
1698 505 1799 579 γὰρ
1831 505 1921 557 καὶ
1953 511 2003 577 Α
2032 502 2131 578 γὰρ
2162 503 2249 557 καὶ
2278 523 2359 565 τις
2390 501 2802 573 σκανδαλισθείη
2832 522 2843 572 ;
2896 503 2979 558 ὅτι
3031 497 3460 575 μεταλλάττεταί
3488 524 3540 558 τι
3571 511 3674 574 τῆς

275 593 335 649 ἃ)
355 594 482 649 λοτε
503 590 716 663 ξυνέϐη.
751 595 907 663 Πλὴν
956 596 1015 649 τὸ
1046 595 1132 650 ἐπὶ
1180 601 1297 657 ταῖς
1347 596 1545 656 αἰτίαις
1597 592 1918 648 διαλλάττον

272 678 640 759 ἀμφισϐητεῖν
701 683 916 756 παρέξει
972 681 1103 738 τισί.
1163 683 1300 740 Τότε
1362 685 1455 756 μὲν
1511 682 1600 736 οῦν
1662 680 1919 753 ἐθελίμου

271 769 713 843 παραιτουμένου
743 774 838 824 τοῦ
870 770 955 825 ἐπὶ
1002 779 1101 840 τῆς
1129 773 1493 847 πατριαρχίας
1543 768 1696 825 ὄντος
1750 767 1921 832 ἄλλος

272 858 713 921 ἀντικαθίστατο’
774 863 865 911 νῦν
917 856 974 911 δὲ
1030 858 1118 912 καὶ
1151 859 1238 913 ἐπὶ
1294 857 1608 935 κεφαλαίοις
1666 860 1915 932 καθαιρε-

267 946 475 1011 θέντος,
522 946 595 1006 ὡς
641 942 844 1013 οἷ’δατε,
892 944 1063 1000 ἄλλον
1115 946 1506 1020 ἐγκαταστῆναι
1554 947 1615 999 τὸ
1662 944 1804 1007 εἰκὸς
1835 941 1914 996 δί-

270 1031 462 1089 δωσιν.
511 1035 576 1089 ’Ὀ
632 1037 758 1108 γοῦν
808 1032 867 1087 ἐκ
924 1038 1019 1088 τοῦ
1068 1033 1433 1109 παρελθόντος
1492 1031 1723 1110 ἐσφάλη,
1753 1030 1912 1085 τοῦτο

266 1122 404 1193 πρὸς
438 1122 499 1175 τὸ
535 1118 742 1193 μέλλον
796 1121 1077 1196 βέλτιστον
1125 1127 1572 1195 προοικονομεῖν.
1612 1122 1742 1174 Τότε
1796 1118 1911 1173 τοί-

267 1230 361 1263 νυν
394 1211 533 1270 τινες
564 1214 670 1263 τῶν
706 1216 803 1278 τῆς
845 1208 1134 1283 ὀχλώδους
1188 1208 1387 1284 μοίραᾶ
1434 1211 1520 1263 καὶ
1575 1206 1907 1263 ἀπαιδεύτων

265 1299 351 1359 οἷς
383 1301 417 1366 ἠ
454 1298 667 1372 ταραχὴ
700 1305 797 1366 τῆς
858 1297 1184 1364 Ἐκκλησίας
1236 1300 1529 1371 ἀσμένισις,
1589 1293 1908 1371 παρεισδυό-

266 1407 423 1457 μενοι
473 1390 591 1449 ταῖς
638 1391 744 1439 τῶν
804 1387 1100 1457 ἀνθρώπων
1163 1386 1358 1447 οἰκίαις
1420 1405 1687 1459 πορισμεν
1746 1384 1900 1457 εἶχον

263 1473 502 1536 ἐντεῦθεν
554 1478 615 1527 τὸ
675 1472 904 1547 σχίσμα.
968 1476 1051 1545 [Ρ.
1114 1476 1236 1545 186]
1297 1473 1405 1528 Κᾶν
1469 1475 1706 1544 μετῇμεν
1766 1471 1904 1525 ἐκεί-

260 1582 405 1631 νους,
442 1561 486 1616 εἰ
552 1564 689 1634 μήτε
734 1562 795 1614 τὸ
830 1563 1007 1636 βραχὺ
1058 1566 1155 1615 τοῦ
1206 1566 1399 1634 καιροῦ
1458 1561 1679 1621 ἐκείνοις
1718 1580 1776 1613 τε
1803 1566 1902 1628 τῆς

260 1649 481 1719 ἀταξίας
522 1650 610 1704 καὶ
661 1652 796 1720 ἡμῖν
828 1657 927 1718 τῆς
958 1648 1341 1721 ἐπεξελεύσεως
1396 1647 1650 1721 ἐμποδὼν
1707 1649 1901 1720 ὡρμη-

265 1742 449 1813 μένοις
510 1735 669 1808 ἔστη.
722 1740 981 1793 Τοιοῦτον
1038 1760 1089 1792 τι
1148 1738 1237 1792 καὶ
1281 1740 1347 1792 τά
1400 1742 1491 1791 τῦν
1545 1736 1900 1791 ὑποπτεύεται

256 1829 516 1903 γίνεσθαι*
556 1826 615 1880 οὐ
644 1827 743 1900 γὰρ
802 1826 1090 1881 ἀπόλωλεν
1123 1829 1156 1895 ἡ
1190 1827 1397 1896 ἀταξία,
1445 1827 1517 1887 ὥς
1557 1848 1706 1886 τινας
1755 1826 1901 1879 ἐπει-

260 1914 588 1988 λημμένους
639 1913 810 1975 α’ίτίας
871 1914 1032 1969 πάλιν
1084 1910 1366 1968 ἀνασοϐεἴν
1408 1916 1494 1968 καὶ
1526 1916 1623 1983 τὴν
1666 1912 1902 1983 Ἐκκλη-

272 2004 391 2059 σίαν
419 2007 516 2058 τοῦ
547 2007 680 2058 Θεοῦ
736 2004 944 2077 σχίζειν
999 2008 1302 2077 πειρᾶσθαι.
1351 2003 1428 2058 Τὸ
1482 2008 1607 2077 γοῦν
1668 2001 1901 2063 ἐκείνους

268 2098 474 2163 ζητεῖν,
508 2092 663 2166 φύσιν
713 2087 939 2166 ἔχοντας
1000 2091 1243 2165 ἄντικρυς
1284 2090 1333 2164 ἐξ
1367 2090 1590 2163 ἐθισμοῦ
1648 2094 1903 2164 συνεχοῦς

258 2187 381 2242 ταῖς
443 2181 673 2256 γωνίαις
724 2178 1152 2253 ἐπηλυγάζεσθαι
1202 2181 1291 2233 καὶ
1322 2176 1595 2255 κρυφηδὸν
1635 2180 1696 2232 τὸ
1728 2178 1899 2232 αὐτῶν

272 2271 528 2343 πράττειν
563 2264 744 2343 ἔργον,
792 2267 980 2327 ἄλλως
1040 2265 1095 2321 δὲ
1126 2289 1188 2342 γε
1238 2267 1324 2321 καὶ
1383 2266 1653 2341 περιττόν·
1713 2270 1827 2326 τοῖς
1855 2264 1902 2319 δ’

262 2358 633 2432 ὑπαγομένοις
687 2355 855 2416 οὕτως
888 2351 1139 2416 ἀϐούλως
1194 2360 1311 2418 τοῖς
1359 2355 1567 2409 ἐκείνων
1617 2354 1901 2428 ὀαρισμοῖς

258 2450 571 2520 προπιμᾷν
630 2449 736 2498 τῶν
798 2445 1086 2519 χειρίστων
1147 2444 1208 2498 οὐ
1265 2446 1657 2517 κατονήσομεν.
1718 2443 1808 2504 Εἷς
1847 2442 1899 2497 τί

269 2682 476 2721 omnes
515 2682 527 2719 :
575 2664 723 2719 nihil
777 2681 978 2719 eorum
1025 2680 1382 2735 quemquam
1428 2668 1685 2719 vestrum
1732 2661 1903 2716 latet.

269 2754 493 2809 Idcirco
537 2755 652 2807 huc
683 2752 1086 2821 concurristis,
1137 2755 1375 2806 vocante
1406 2768 1470 2805 ac
1505 2752 1750 2821 jubente
1790 2766 1903 2806 me.

267 2842 434 2904 Quod
473 2842 679 2895 factum
715 2841 885 2895 modo
913 2845 1021 2908 est,
1055 2840 1376 2910 contigerat
1405 2844 1462 2893 et
1492 2838 1657 2893 alias.
1690 2839 1904 2892 Verum

278 2927 563 2983 similium
595 2932 905 2983 eventuum
941 2930 1185 2983 duorum
1231 2928 1467 2981 diversae
1499 2944 1684 2981 causa;
1716 2926 1905 2980 ambi-

271 3018 556 3090 guitatem
589 3018 837 3087 objicere
856 3018 1206 3086 quibusdam
1228 3021 1483 3087 possent.
1507 3016 1669 3069 Tunc
1684 3015 1908 3085 quidem

269 3106 324 3159 ei
360 3105 460 3175 qui
491 3104 814 3159 voluntarie
837 3104 1179 3175 dignitatem
1202 3103 1644 3174 patriarchalem
1668 3102 1906 3155 abdica-

269 3198 455 3261 verat,
488 3193 842 3263 subrogatus
875 3200 959 3247 est
994 3207 1335 3246 successor:
1372 3208 1527 3245 nunc
1546 3208 1676 3245 cum
1702 3191 1772 3243 ob
1794 3190 1902 3243 cri-

270 3282 433 3335 mina
464 3281 735 3351 depositi,
767 3288 831 3335 ut
860 3281 1046 3351 scitis,
1075 3280 1263 3335 locum
1286 3278 1449 3334 alteri
1474 3280 1725 3333 tribuere
1745 3295 1907 3348 opor-

269 3375 394 3424 teat
427 3386 530 3438 par
560 3376 618 3423 et
658 3386 890 3440 equum
922 3376 1012 3424 est
1051 3385 1392 3438 praecavere,
1426 3385 1496 3422 ne
1526 3367 1681 3437 quod
1722 3367 1909 3436 priore

266 3458 372 3512 illa
421 3457 599 3512 simili
641 3456 945 3511 occasione
980 3472 1279 3528 perperam
1317 3462 1510 3511 aetum
1545 3460 1652 3523 est,
1698 3456 1908 3509 iterum

279 3546 389 3599 hoc
445 3551 705 3616 tempore
754 3550 1094 3599 attentetur.
1147 3546 1311 3598 Tunc
1362 3544 1508 3600 275
1564 3544 1801 3613 quidam
1860 3546 1915 3595 et

276 3633 617 3687 turbulento
650 3648 857 3704 genere
891 3632 1254 3687 indoctorum
1289 3632 1617 3697 hominum,
1649 3648 1792 3699 quos
1822 3633 1915 3683 de-

273 3721 453 3775 lectat
484 3721 748 3775 Ecclesiae
796 3720 1110 3779 tumultus.
1159 3720 1527 3774 insinuantes
1550 3735 1612 3773 se
1642 3718 1916 3772 domibus

274 3810 528 3863 fructum
586 3808 721 3863 inde
760 3808 906 3879 ipsis
953 3814 1219 3877 optatum
1269 3807 1525 3862 sohisma
1571 3806 1913 3860 retulerunt.

276 3896 683 3951 Describerem
739 3896 1235 3966 informaremque
1276 3895 1507 3964 plenius
1548 3895 1788 3963 quinam
1831 3891 1917 3945 illi

281 3985 544 4048 fuerunt,
579 3984 688 4038 nisi
724 4001 899 4054 quam
934 3984 1076 4037 mihi
1112 3982 1439 4053 praescripsi
1472 3983 1755 4043 brevitas,
1786 3980 1919 4033 illos

280 4074 503 4127 honore
534 4074 850 4128 mentionis
884 4079 1115 4137 nostrae,
1136 4089 1242 4127 nos
1271 4072 1467 4126 labore
1489 4072 1557 4125 de
1590 4070 1660 4126 iis
1687 4072 1810 4123 fuse
1832 4069 1918 4121 di-

280 4162 472 4227 cendi,
506 4160 638 4215 licet
668 4163 737 4216 ad
772 4162 827 4215 id
866 4160 1614 4232 promptosinclinaiosque
1646 4158 1919 4229 prohibe-

284 4255 393 4305 ret.
436 4252 705 4305 Iteranda
734 4266 889 4303 nunc
922 4250 1040 4303 fore
1072 4267 1199 4320 quas
1231 4254 1370 4303 tunc
1400 4255 1525 4303 aeta
1556 4247 1694 4314 sint,
1739 4263 1921 4317 prona

282 4338 661 4408 prudensque
691 4338 950 4406 suspicio
982 4342 1070 4391 est
1095 4354 1107 4391 :
1142 4354 1255 4390 non
1281 4338 1433 4391 enim
1460 4336 1806 4405 perversitas
1825 4350 1918 4386 ex-

282 4425 495 4478 stincta
517 4432 602 4478 est
634 4425 920 4479 funditus.
955 4424 1175 4491 Facile,
1207 4424 1445 4493 inquam
1467 4465 1480 4489 ,
1514 4430 1602 4476 est
1634 4423 1919 4493 quosdam

277 4512 628 4581 arripientes
653 4512 1016 4566 occasionem
1049 4513 1314 4575 nocendi,
1342 4511 1686 4564 conturbare
1709 4510 1919 4563 iterum

1930 1875 1977 1937 Β

2031 589 2190 661 δόξης
2222 592 2370 662 αὐτῷ
2405 612 2417 661 ;
2459 592 2617 649 Ἀλλ’
2666 591 2817 646 οὐδὲν
2872 597 2979 647 τῶν
3028 593 3307 667 ἡμετέρων
3358 588 3669 668 παραϐέϐα-

2027 700 2167 747 σται,
2197 681 2269 751 μὴ
2299 677 2364 748 δή
2387 701 2436 733 τι
2459 681 2549 733 καὶ
2569 676 2905 754 παραϐαθείη
2924 681 2985 734 τὸ
3004 680 3255 741 σύνολον,
3281 681 3437 736 Ἀλλ’
3462 683 3543 735 ὅτι
3563 686 3665 735 τοῦ

2028 771 2289 837 συνήθους
2323 767 2665 842 ἐξέστραπται
2697 789 2709 838 ;
2744 769 2900 823 Ἀλλ’
2930 767 3081 823 οὐδὲν
3116 768 3235 843 ἔχοι
3268 767 3328 823 ἂν
3355 790 3435 831 τις
3468 769 3659 839 εἰπεῖν,

2022 855 2117 908 κᾶν
2150 856 2340 911 πολλὰ
2368 857 2554 927 κάμοι.
2590 856 2748 912 Ἀλλ’
2802 857 2884 911 ὅτι
2920 858 3021 911 ὑπὸ
3062 859 3293 929 ηοιμένα
3352 863 3657 927 τελοῦντες,

2022 942 2226 997 ἐκείνου
2257 947 2711 1017 παρακινῆὒέντος
2758 946 2929 1007 αἰτίας
2971 949 3199 1013 ἱκαναῖς,
3233 944 3407 999 ἄλλου
3455 947 3519 1000 τὸ
3550 967 3654 1001 πα-

2019 1034 2193 1106 ράπαν
2225 1032 2324 1086 οὐκ
2368 1034 2763 1105 εὐμοιρήσετες
2814 1031 2988 1088 ’Λλλά
3020 1036 3124 1105 μὴν
3158 1034 3247 1088 καὶ
3277 1033 3432 1105 εὗμοι
3467 1036 3657 1107 ρήσετε

2018 1120 2105 1173 καὶ
2158 1120 2482 1190 κρειττόνως
2544 1121 2631 1174 ὑπ’
2690 1120 2876 1192 ἐκείνῳ
2952 1119 3154 1191 διάξετε
3204 1121 3652 1194 ποιμαινόμενοι.

2016 1208 2124 1261 Τίνι
2156 1210 2259 1282 γὰρ
2291 1209 2379 1261 ἀπ’
2428 1208 2631 1262 ἐκείνου
2678 1214 2787 1262 τῶν
2836 1210 3046 1263 πάντων
3099 1211 3153 1264 εὗ
3198 1209 3465 1283 ἐξεγένετο
3514 1210 3655 1281 πρά-

2016 1296 2117 1365 ξειν
2150 1317 2239 1350 και
2286 1298 2351 1349 τὰ
2405 1304 2506 1364 τῆς
2561 1298 2827 1369 ἡμετέρας
2888 1295 3164 1367 εὐμενείας
3222 1295 3376 1366 ἕξειν,
3430 1294 3495 1364 ἤν
3547 1318 3652 1351 που

2014 1380 2346 1454 ἀϐουλήτοις
2391 1385 2479 1438 καὶ
2525 1382 2851 1456 περιπέσοι;
2905 1383 2995 1438 διὰ
3040 1385 3091 1439 τί
3123 1405 3135 1453 ;
3167 1385 3256 1439 καὶ
3312 1386 3525 1446 πάντως
3557 1384 3650 1446 οὖς

2010 1476 2100 1524 νῦν
2128 1472 2202 1533 εἷς
2230 1472 2427 1541 ταύτὴν
2481 1474 2619 1544 ὑμᾶς
2668 1477 2868 1545 συνῆξα
2920 1479 3137 1527 σκοπῶν
3183 1473 3332 1535 ὅπως
3380 1472 3438 1527 ἂν
3490 1472 3650 1534 αὐτὸς

2008 1564 2104 1614 τοῦ
2140 1562 2409 1635 ἡμετέρου
2434 1562 2663 1635 κράτους
2691 1562 3077 1636 κατηγοροίην’
3126 1560 3303 1615 ’Λλλά
3345 1562 3443 1629 τὴν
3469 1560 3645 1615 αἰτίαν

2011 1647 2177 1722 λέγω,
2208 1650 2296 1702 καὶ
2328 1650 2429 1702 οὑκ
2481 1648 2904 1724 ἐπικρύπτομαι,
2960 1654 3057 1704 τοῦ
3119 1653 3191 1721 μή
3251 1671 3303 1703 τι
3360 1653 3646 1723 τυγχάνειν

2005 1742 2111 1790 τῶν
2144 1736 2525 1809 προσηκόντων
2586 1737 2642 1791 ἐκ
2700 1739 2989 1812 βασιλικῆς
3046 1738 3270 1798 νεύσεως
3303 1738 3394 1791 τὸν
3452 1735 3642 1799 ἐλέους

2005 1825 2302 1899 χρῄζοντα.
2335 1822 2470 1880 Οὔτε
2498 1826 2597 1898 γὰρ
2626 1824 2811 1897 ἐκείνῳ
2839 1826 2905 1878 τὰ
2942 1828 3077 1899 πρὸς
3126 1828 3271 1897 ἡμᾶς
3318 1823 3496 1894 εὔοδα,
3530 1846 3641 1879 κω-

2013 1915 2251 1980 Λυούσης
2297 1920 2396 1981 τῆς
2444 1913 2755 1986 ἀπεχθείας,
2809 1912 2921 1967 οὔθ’
2970 1917 3104 1987 ἡμῖν
3153 1916 3227 1985 μὴ
3252 1918 3379 1985 παρ’
3435 1913 3642 1968 ἐκείνου

2012 1999 2350 2072 ἀξιουμένοις
2383 2002 2448 2053 τὰ
2493 2009 2592 2069 τῆς
2640 2000 2914 2072 εὐμενείας
2961 2003 3156 2056 ἀνυστά
3186 2004 3324 2075 πρὸς
3354 2005 3444 2055 τὸν
3500 2004 3646 2076 χρῄ-

2015 2094 2195 2157 ζοντα,
2230 2087 2365 2142 δπου
2422 2109 2484 2160 γε
2520 2090 2609 2142 καὶ
2667 2090 2711 2143 εἰ
2764 2090 2940 2159 ἠξίου,
2990 2090 3090 2144 οὐκ
3127 2088 3185 2143 ἂν
3221 2090 3481 2166 ἐτύγχανε
3533 2089 3644 2144 τῶν

2013 2173 2263 2247 δεόντων,
2322 2177 2432 2242 καὶ,
2464 2176 2515 2230 τί
2566 2177 2665 2252 γὰρ
2726 2174 2807 2231 δεῖ
2862 2177 3260 2252 ἐπικρύπτεινς
3317 2179 3423 2253 οὐχ
3480 2181 3641 2250 ἡμῶν

2010 2267 2143 2341 πρὸς
2162 2267 2225 2319 τὸ
2248 2263 2302 2318 εὖ
2325 2268 2577 2338 πράττειν
2628 2265 3079 2338 ἀποπεφυκότων,
3106 2264 3247 2321 Αλλ’
3301 2265 3511 2320 ἐκείνου
3561 2267 3636 2339 μὴ

2012 2354 2427 2424 οἷκονομοῦντος
2457 2357 2525 2425 τῇ
2577 2353 2790 2422 ἀξιώσει
2822 2354 2882 2407 τὸ
2941 2351 3155 2428 εὔχαρι.
3213 2354 3495 2409 Τίκτεσθαι
3544 2356 3645 2431 γὰρ

2010 2443 2169 2516 χάριν
2205 2438 2389 2515 χάριτι
2444 2443 2860 2515 μεμαθήκαμεν,
2890 2442 2996 2509 ικαὶ
3053 2442 3149 2497 οὐκ
3193 2443 3256 2517 ᾖν
3290 2443 3529 2513 αὐξάνειν
3556 2446 3647 2499 τὸν

2014 2676 2114 2730 pro
2146 2658 2296 2713 virili
2327 2659 2620 2713 dabimus.
2649 2659 2794 2723 Quid
2824 2660 3049 2732 igitur?
3080 2664 3164 2716 An
3199 2662 3333 2732 quia
3365 2662 3511 2717 verti
3541 2662 3648 2717 ali-

2014 2747 2151 2818 quid
2185 2746 2430 2819 contigit
2473 2764 2673 2802 eorum
2707 2749 2920 2819 quibus
2951 2750 3394 2806 insueveramus
3416 2750 3444 2804 ‘I
3486 2752 3558 2805 At
3585 2751 3645 2806 id

2013 2835 2253 2906 quidem
2270 2852 2339 2889 ne
2362 2836 2653 2891 interdum
2676 2836 2887 2891 accidit
2906 2838 3072 2901 vitari
3092 2838 3252 2893 nulla
3275 2839 3649 2896 contentione

2013 2926 2237 2995 possit;
2271 2942 2450 2995 quare
2474 2942 2688 2979 vanum
2723 2926 2800 2981 sit
2831 2927 2937 2981 hac
2969 2927 3039 2981 de
3070 2944 3131 2983 re
3162 2932 3347 2998 queri.
3380 2933 3466 2983 An
3492 2930 3650 2984 deni-

2017 3032 2129 3087 que
2176 3002 2329 3084 quo'd
2378 3020 2668 3084 pastorem
2702 3017 2861 3071 vobis
2912 3018 3285 3087 praepositum
3337 3019 3551 3086 sortiti,
3583 3035 3649 3073 eo

2017 3104 2225 3158 deinde
2251 3103 2431 3170 justis
2461 3108 2517 3157 et
2538 3104 2881 3158 necessariis
2915 3110 3108 3159 amoto
3132 3107 3350 3174 causis,
3377 3107 3650 3177 despera-

2013 3190 2089 3245 tis
2122 3190 2243 3243 ﬁeri
2279 3207 2448 3260 posse
2480 3196 2541 3244 ut
2572 3191 2748 3245 alium
2785 3209 3039 3262 unquam
3073 3210 3236 3263 aeque
3276 3195 3650 3249 commodum

2018 3279 2441 3333 nanciscamini
2472 3279 2494 3331 ?
2529 3282 2702 3350 Atqui
2757 3296 2825 3333 ne
2858 3282 3124 3335 dubitate
3168 3300 3180 3337 :
3224 3282 3647 3337 nanciseemini

2015 3368 2189 3424 etiam
2223 3369 2701 3431 commodiorem,
2725 3388 2756 3424 a
2780 3387 2891 3440 quo
2916 3372 3319 3443 indulgentius
3342 3373 3647 3444 curemini,

2017 3456 2126 3509 sub
2159 3472 2272 3525 quo
2306 3456 2531 3510 felicius
2563 3457 2788 3512 vivatis.
2824 3459 2966 3512 Nam
3001 3462 3072 3513 ab
3105 3460 3214 3515 isto
3237 3462 3470 3532 quidem
3499 3461 3649 3529 ejec-

2018 3550 2076 3599 to
2108 3544 2200 3598 cui
2252 3546 2343 3598 uni
2378 3546 2611 3600 tandem
2641 3552 2896 3601 vestrum
2948 3549 3099 3603 276
3145 3551 3407 3605 omnium
3452 3550 3646 3620 juvari

2021 3648 2280 3702 unquam
2308 3635 2364 3684 et
2394 3632 2671 3688 beneficio
2724 3636 2873 3689 affici
2908 3637 3209 3707 contigit?
3261 3655 3430 3709 quem
3480 3638 3658 3692 etiam

2020 3721 2226 3775 dolens
2258 3719 2689 3790 indignansque
2720 3723 2909 3777 recolo
2942 3726 3195 3779 fructum
3230 3731 3440 3780 nostrze
3468 3726 3524 3779 in
3555 3743 3658 3780 vos

2022 3826 2215 3877 pronae
2247 3824 2313 3862 ac
2344 3814 2557 3876 paratae
2589 3807 2646 3860 in
2693 3811 3143 3867 necessitatibus
3175 3830 3301 3883 qua;
3333 3813 3663 3867 inciderant

2022 3896 2390 3951 liberalitatis
2421 3896 2836 3951 intervertisse.
2875 3898 3162 3953 Pcenitens
3192 3900 3320 3967 hoc,
3369 3901 3610 3971 inquam
3645 3941 3660 3967 ,

2023 3990 2079 4038 et
2109 4001 2201 4038 me
2240 3984 2673 4054 reprehendens
2706 3988 2909 4054 reputo
2937 4002 2949 4039 :
2985 3986 3125 4055 quin
3174 3987 3389 4041 idcirco
3422 4004 3521 4042 vos
3553 3987 3664 4041 huc

2022 4072 2358 4141 convocavi,
2401 4074 2465 4125 ut
2499 4087 2589 4124 me
2621 4072 2743 4142 ipse
2786 4088 3115 4127 accusarem
3152 4076 3304 4144 apud
3347 4090 3449 4129 vos
3489 4075 3658 4129 beni-

2027 4160 2267 4231 gnitatis
2310 4159 2498 4213 rarius
2539 4176 2603 4213 ac
2645 4160 2875 4230 parcius
2915 4162 3196 4216 exercitae.
3232 4162 3420 4216 Simul
3463 4167 3661 4216 tamen

2026 4248 2177 4304 clare
2219 4247 2407 4301 dicam
2448 4248 2576 4317 ejus
2615 4248 2790 4301 errati
2823 4265 3085 4314 causam,
3130 4266 3232 4303 nec
3272 4249 3658 4305 dissimulabo

2026 4335 2280 4404 amplius
2312 4335 2730 4405 impedimento
2754 4336 2932 4390 fuisse
2964 4337 3350 4407 patriarcham
3377 4352 3447 4392 ne
3467 4330 3566 4406 qui
3592 4353 3662 4390 ex

2027 4423 2189 4478 vobis
2221 4428 2455 4493 egerent
2487 4440 2519 4476 a
2550 4429 2750 4477 nostra
2780 4423 3130 4479 liberalitate
3163 4442 3275 4496 quo
3307 4441 3454 4494 opus
3486 4426 3658 4478 habe-

2028 4511 2167 4565 bant
2192 4516 2706 4581 consequerentur.
2740 4514 2961 4565 Etenim
2993 4528 3125 4566 cum
3161 4529 3263 4567 nec
3294 4512 3390 4567 ille
3415 4514 3657 4567 ventita-

274 4606 335 4654 et
369 4600 464 4654 Dei
497 4599 812 4654 Ecclesiam
859 4600 1125 4654 scindere
1155 4600 1374 4654 conari.
1407 4598 1550 4660 Quid
1594 4599 1700 4651 hoc
1731 4614 1915 4667 genus
1948 4588 1991 4651 D
2026 4604 2111 4653 ret
2133 4599 2201 4652 ad
2236 4614 2364 4661 nos,
2398 4599 2738 4669 prohibente
2769 4600 2899 4654 odio
2922 4617 3035 4671 quo
3067 4617 3099 4655 a
3128 4601 3654 4656 uobisimmaniter

277 4690 584 4743 hominum
617 4692 857 4759 spectet,
891 4689 1029 4758 quid
1052 4692 1338 4742 venentur
1368 4694 1422 4740 et
1443 4693 1676 4754 captent
1707 4685 1822 4753 isti,
1845 4701 1912 4738 ex

273 4794 387 4831 usu
426 4778 665 4831 assiduo
696 4777 863 4846 quasi
894 4782 1162 4831 naturam
1207 4776 1489 4829 habentes
1530 4772 1909 4827 delitescendi

276 4866 337 4918 in
359 4864 590 4934 angulis
606 4868 1006 4935 etsuumopus
1029 4863 1357 4917 clanculum
1382 4861 1683 4925 actitaudi,
1709 4877 1911 4931 super-

272 4968 593 5006 vacaneum
629 4953 705 5005 sit
736 4953 927 5006 dicere
957 4969 969 5006 :
998 4952 1141 5005 illud
1176 4969 1291 5005 non
1324 4950 1673 5003 cunctabore
1705 4950 1912 5016 facere,

279 5042 435 5110 quod
472 5046 614 5110 puto
644 5040 1065 5105 necessarium,
1099 5040 1397 5109 increpare
1418 5038 1682 5092 videlicet
1705 5054 1805 5107 pro
1833 5036 1914 5090 rei

272 5127 533 5198 pernicie
578 5129 789 5182 acriter
829 5128 1206 5183 stoliditatem
1250 5126 1637 5181 inconsultam
1679 5125 1910 5179 illorum

272 5215 375 5286 qui
409 5215 620 5270 abduci
644 5232 705 5270 se
728 5216 929 5269 sinunt
952 5214 1454 5270 susurrationibus
1476 5215 1740 5267 istorum.
1767 5212 1911 5275 Quid

271 5308 366 5359 est
395 5303 551 5358 enim
575 5320 680 5357 cur
700 5303 834 5373 quis
854 5303 988 5356 hinc
1015 5302 1491 5357 scandalizetur‘?
1513 5319 1585 5355 an
1614 5302 1766 5371 quod
1801 5301 1911 5354 im-

276 5395 572 5446 mutatum
627 5391 739 5461 ipsi
793 5391 1116 5460 quidquam
1150 5390 1227 5444 sit
1274 5390 1345 5444 de
1382 5388 1709 5444 Christiano
1761 5388 1911 5458 quod

276 5480 515 5535 tenebat
537 5481 809 5550 dogmate
827 5479 854 5533 ?
876 5480 1083 5535 Verum
1107 5496 1211 5534 nec
1230 5479 1513 5533 hactenus
1534 5479 1856 5548 quidquam
1887 5495 1916 5532 e

277 5584 457 5623 sacrm
482 5569 761 5621 doctrinae
787 5567 1014 5631 placitis
1037 5574 1257 5622 motum
1284 5571 1394 5636 est,
1417 5583 1481 5621 ac
1503 5584 1572 5620 ne
1595 5567 1915 5637 quidquam

280 5658 341 5711 in
374 5662 671 5727 posterum
710 5661 1029 5723 moveatur,
1063 5661 1119 5710 et
1148 5659 1279 5711 vota
1309 5656 1555 5711 facimus
1590 5660 1644 5709 et
1684 5672 1916 5725 operam

2019 4687 2310 4750 abhorret,
2364 4703 2463 4741 nec
2519 4704 2623 4740 nos
2674 4688 2743 4741 ad
2790 4687 2957 4742 illum
3007 4690 3276 4744 accedere
3321 4706 3651 4759 possemus,

2021 4775 2234 4845 quippe
2268 4776 2364 4845 qui
2398 4775 2681 4829 sciremus
2705 4775 2859 4829 haud
2886 4778 3205 4831 admissum
3232 4777 3322 4847 iri,
3349 4776 3506 4831 nulla
3528 4794 3650 4831 res-

2020 4863 2180 4915 tabat
2209 4862 2375 4915 nobis
2406 4862 2495 4916 via
2533 4865 2917 4933 cognoscendi
2964 4863 3220 4933 legitimo
3269 4871 3323 4920 et
3376 4871 3654 4921 consueto

2023 4949 2211 5003 Patris
2263 4951 2592 5004 communis
2641 4950 2854 5005 indicio
2890 4955 3264 5009 necessitates
3312 4971 3654 5026 pauperum,

2024 5037 2213 5106 iisque
2246 5037 2600 5117 providendi.
2628 5039 2968 5108 Quanquam
2994 5042 3242 5112 (fatebor
3262 5042 3439 5112 enim)
3466 5058 3653 5113 neque

2022 5124 2069 5179 si
2104 5126 2353 5179 maxime
2383 5126 2664 5180 indicaret
2692 5127 2787 5181 ille
2822 5134 3183 5199 rogaretque,
3208 5131 3452 5185 idoneus
3473 5133 3654 5185 inter-

2022 5210 2592 5283 veniretdeprecator
2606 5216 2775 5269 nobis
2788 5216 2857 5270 a'i
2874 5217 3335 5271 misericordiam
3351 5217 3651 5271 ﬂectendis

2023 5306 2123 5355 aut
2154 5301 2474 5369 quidquam
2498 5301 2855 5373 impetraret,
2881 5321 2990 5358 non
3016 5306 3167 5375 quod
3194 5311 3400 5360 natura
3421 5304 3549 5358 duri
3574 5304 3653 5357 si-
3690 5358 3693 5360 .

2026 5405 2155 5441 mus
2188 5394 2243 5441 et
2272 5406 2305 5441 a
2335 5390 2525 5443 dando
2549 5391 2754 5456 aversi,
2789 5392 2886 5444 sed
2913 5393 3065 5461 quod
3100 5392 3158 5444 in
3184 5408 3416 5445 summa
3447 5390 3546 5444 illa
3566 5390 3655 5444 di-

2024 5477 2243 5547 gnitate
2274 5476 2740 5546 ingratissimum
2774 5496 2905 5547 erga
2938 5497 3043 5534 nos
3076 5497 3136 5534 se
3187 5480 3471 5549 praebens,
3504 5480 3656 5533 indi-

2025 5581 2205 5635 gnum
2230 5580 2291 5617 se
2313 5565 2648 5633 reddiderit,
2668 5567 2758 5619 cui
2780 5567 3095 5636 gratiﬁcari
3120 5567 3267 5620 tanti
3283 5568 3652 5622 duceremus.

2028 5654 2228 5710 Gratia
2258 5654 2493 5725 quippe,
2528 5661 2593 5710 ut
2624 5671 2774 5725 saepe
2797 5656 2909 5709 dici
2942 5656 3297 5721 audivimus,
3317 5655 3505 5727 gignit
3524 5671 3659 5727 gra-
