4158 6280
467 266 582 320 723

1769 271 2071 329 GEORGII
2107 271 2574 328 PACHYMERE

3765 271 3878 328 724

471 389 648 464 ἔρωτα
672 391 1014 466 γεννηθέντα.
1059 391 1134 464 μὴ
1166 389 1606 465 έπιγεννηθέντος
1657 391 1748 445 καὶ
1803 395 1900 446 τοῦ
1957 391 2108 446 ἀντέ-
2142 389 2419 462 Αέκεῖνοί
2474 389 2605 455 ἷ¹σως
2635 391 2692 448 ἃν
2725 392 2814 448 καὶ
2867 391 3072 463 λέξειαν
3125 387 3536 467 διαϐάλλεντες)
3591 393 3876 469 ἀποκαρα-

479 500 672 555 ρωτος,
719 478 879 554 Τάχα
935 477 992 532 ἂν
1055 477 1358 554 μυθολόγον
1393 501 1460 552 με
1491 478 1788 550 οΐηθείητε.
1845 477 2020 535 Ἀλλᾶ
2057 480 2119 534 τὸ

475 571 575 621 τοῦ
607 566 778 640 μύοου
829 569 902 629 ὡς
945 566 1178 638 ἀληθείᾳ
1208 573 1506 642 προσπαῖυν
1561 567 1856 622 ἐπαινετόν.
1915 570 2119 642 Ἔφησε

477 656 578 731 γὰρ
609 657 697 710 καὶ
727 677 808 718 τις
838 654 943 709 τῶν
995 653 1094 726 ἔξω
1140 655 1368 730 ἐρημίας
1412 655 1629 730 γείτονα
1677 657 1776 725 τήν
1833 655 2117 710 αὐθάδειαν

476 749 556 816 τῷ
597 745 698 819 γὰρ
756 742 974 806 αὐθάδει
1035 742 1209 805 οὐδεὶς
1249 744 1499 817 προσέξοι
1559 740 1950 818 προσϐάλλων,
2000 745 2122 797 κάν-

475 834 655 886 τεῦθεν
686 832 1022 907 ἐρημωθέντι
1067 837 1171 887 τῶν
1228 830 1412 887 ἄλλων
1458 834 1576 896 καθ’
1609 832 1766 886 αὐτὸν
1800 831 1958 886 αὐτὸν
2013 829 2124 886 διά-

475 942 586 994 γειν
621 917 923 994 ξυμϐαίνει.
976 921 1038 976 Τί
1070 925 1196 995 γοῦν
1249 921 1309 974 τὸ
1343 921 1652 990 εἶ’σέπειτας
1707 918 1968 990 Είδῆσετε
2016 920 2116 974 πάν

473 1030 581 1064 τως
610 1009 697 1063 καὶ
731 1009 1007 1082 εὐμενείας
1041 1011 1167 1080 ύμῖν
1222 1003 1680 1082 προσϐαλλούσας
1733 1009 1970 1075 ἀκτῖνας,
2019 1012 2119 1062 τοῦ

475 1100 737 1170 ποιμένος
794 1102 1073 1159 κινοῦντος
1130 1098 1229 1164 τὴν
1291 1096 1558 1169 ἡμετέραν
1609 1097 1836 1170 γνώμην
1893 1095 2124 1170 ὑπερτά-

471 1207 596 1248 τοις
630 1188 900 1259 μεσιτείας
930 1185 1178 1260 τρόποις.
1231 1186 1414 1241 Μόνον
1463 1186 1535 1253 μή
1582 1206 1665 1247 τις
1713 1183 1850 1257 ἐνδῷ
1896 1184 2030 1257 πρὸς
2059 1184 2123 1238 τὸ

480 1279 685 1349 χεῖρον,
723 1273 862 1346 μηδέ
889 1295 972 1334 τις
1005 1275 1063 1328 τὸ
1093 1275 1210 1337 καθ’
1244 1273 1400 1328 αὑτὸν
1437 1277 1657 1326 σκοπῶν
1716 1274 1800 1344 [Ρ.
1864 1275 1981 1340 187]
2033 1271 2123 1325 καὶ

485 1365 645 1435 μόνον
697 1363 747 1416 ἐν
809 1365 869 1416 οὗ
909 1367 1159 1422 παικτοῖς
1216 1361 1475 1432 παιζέτω,
1515 1358 1645 1432 μηδ’
1700 1361 1800 1415 οὐκ
1851 1360 1937 1414 ἐπὶ
1997 1361 2121 1414 ἀνυ-

482 1457 630 1514 στοῖς
658 1450 1029 1519 σπουδαζὲτω.
1091 1451 1163 1503 Τὰ
1193 1451 1292 1524 γὰρ
1325 1452 1444 1512 καθ’
1501 1446 1726 1503 ἕκαστον
1779 1447 2124 1520 ὀλισθήματα

482 1540 786 1612 ἐμπιπλᾶσι
847 1540 1181 1614 πραγμάτων
1214 1539 1305 1599 τὰς
1358 1537 1570 1604 πόλεις,
1631 1537 1722 1590 καὶ
1763 1537 1876 1599 ἑνός
1933 1537 2120 1610 ἀμαρ-

481 1631 737 1689 τάνοντος
769 1627 972 1682 πολλοὶ
1019 1629 1126 1680 τῶν
1175 1631 1355 1680 κακῶν
1404 1625 1686 1699 ἀπηύρων.
1747 1624 1980 1699 Φεύγετε
2003 1624 2120 1679 τοί-

2225 475 2533 542 δοκοῦντας.
2567 481 2634 537 Τί
2663 485 2792 557 γοῦν
2834 483 3092 551 ποιητέον
3147 482 3271 554 ὑμῖν
3332 481 3442 536 ἐστί
3475 501 3488 550 ;
3522 483 3600 538 Τὸ
3635 481 3732 553 μὶν
3771 503 3868 554 με·

2221 565 2498 623 ταδιδόναι
2555 571 2643 624 καὶ
2699 575 2814 632 τοῖς
2873 567 3066 632 ἄλλοις
3112 574 3220 625 τῶν
3293 567 3463 624 ὄντων
3526 569 3585 624 οὗ
3651 571 3871 646 φθόνος·

2224 656 2472 730 πραττέω
2502 679 2582 720 τις
2633 659 2706 720 ὡς
2759 657 3012 734 βούλεται
3071 662 3251 714 τοῦτο.
3282 659 3356 714 Τό
3417 656 3476 712 δὲ
3501 663 3618 720 τοῖς
3681 655 3874 733 λόγοις

2225 743 2399 799 αὐτῶν
2459 746 2857 822 καθυπάγεσθαι
2933 748 3023 801 καὶ
3102 746 3194 800 σὺν
3277 745 3508 808 ἐκείνοις
3565 745 3874 810 πλανᾶσθαι

2226 827 2286 886 οὗ
2325 855 2415 906 μοι
2468 831 2616 889 δοκεῖ
2673 832 2783 888 οὔτ’
2824 834 2947 907 ἐμοί
2980 835 3198 889 ἀνεκτὸν
3251 831 3360 888 οὔθ’
3422 836 3550 908 ὑμῖν
3607 833 3871 908 ἀσφαλές,

2228 921 2318 975 Διὸ
2360 924 2648 996 προσθάνει
2703 930 2802 992 τῆς
2857 922 3131 996 τιμωρίας
3163 924 3197 991 ἤ
3232 921 3454 993 ἀπειλὴ,
3491 923 3566 994 μή
3620 943 3740 985 πως
3784 922 3876 977 ἐπὶ

2224 1013 2331 1063 τῶν
2412 1007 2584 1084 ἔργων
2661 1013 2902 1086 γεγονώς
2957 1033 3038 1072 τις
3109 1011 3297 1064 ππθὼν
3360 1007 3582 1066 εἶ’σεται.
3641 1010 3874 1086 Ἀνάγκη

2223 1098 2324 1172 γὰρ
2381 1104 2497 1159 τοῖς
2554 1099 2768 1174 ὀλίγοις
2836 1097 3345 1172 συνδιαστρέφεσθαι
3415 1097 3542 1159 τοὺς
3599 1097 3874 1162 πολλούς·

2225 1185 2313 1239 καὶ
2368 1186 2681 1251 τούντεῦθεν
2734 1187 2815 1250 τίς
2876 1187 3018 1241 οὕτω
3076 1186 3350 1254 νυστάζων
3421 1186 3495 1248 ὡς
3555 1187 3630 1258 μή
3696 1192 3878 1256 ζητεῖν

2228 1279 2428 1349 φτῆσαι
2458 1275 2555 1342 τὴν
2593 1273 2770 1350 ῥύμην
2808 1295 2820 1344 ;
2883 1274 2992 1349 ἐγὼ
3055 1276 3151 1346 μὲν
3208 1272 3300 1327 οὖν
3361 1271 3748 1346 διακελεύομαι
3782 1276 3874 1328 καὶ

2228 1359 2381 1435 ἀνδρὶ
2438 1363 2527 1416 καὶ
2585 1363 2820 1435 γυναικὶ,
2871 1362 2958 1416 καὶ
2993 1356 3267 1437 πρεσϐύτῃ
3325 1360 3415 1414 καὶ
3472 1362 3600 1433 νέῳ,
3669 1362 3877 1432 ἀστικῷ

2225 1471 2283 1504 τε
2327 1447 2390 1503 αὖ
2450 1451 2538 1504 καὶ
2590 1451 2856 1525 ἀγροίκῳ,
2921 1447 3232 1521 δοκιμάζειν
3283 1453 3499 1522 πρῶτον
3551 1448 3678 1511 τοὺς
3722 1448 3880 1519 πλη-

2229 1540 2508 1606 σιάζοντας
2543 1585 2557 1609 ,
2608 1541 2697 1593 καὶ
2751 1538 2893 1593 οὕτω
2955 1542 3241 1613 χρῆσθαι.
3290 1538 3366 1593 Τὸ
3418 1538 3519 1612 γὰρ
3564 1541 3757 1592 νοσοῦν
3817 1536 3878 1592 ἐκ

2225 1631 2331 1681 τῶν
2367 1627 2716 1702 ὑγιαινόντων
2777 1623 2893 1702 ἔχει
2942 1628 3036 1688 τὰς
3095 1625 3366 1696 βοηθείας·
3402 1625 3446 1678 εἰ
3491 1623 3538 1680 δ’
3593 1625 3748 1680 αὐτοὶ
3778 1627 3878 1690 τὰς

3102 746 3194 800 σὺν

481 1740 570 1772 νυν
601 1718 697 1780 τὰς
744 1717 1153 1790 παρασυνάξεις,
1202 1715 1292 1768 καὶ
1351 1720 1468 1776 τοῖς
1527 1713 1820 1788 σχίσμασιν
1877 1714 2120 1787 ἀπεχθά-
2155 1717 2448 1818 Βγνώμας
2480 1721 2712 1788 νοσοῖεν,
2743 1717 2794 1770 τί
2840 1713 2900 1768 ἂν
2948 1720 3064 1776 τοῖς
3115 1712 3313 1775 ἄλλοις
3370 1712 3705 1788 παράσχοιεν
3739 1714 3881 1788 ἀγαο

682 1811 724 1818 .-
767 1805 784 1818 \
804 1803 824 1818 λ
879 1805 890 1818 ι
1150 1804 1161 1818 Ι
1355 1808 1376 1818 υ
1484 1802 1497 1818 1
1546 1802 1556 1818 1
1699 1802 1713 1818 ο
1779 1805 1804 1816 ο
2234 1814 2248 1818 -
2276 1802 2288 1818 Ι
2430 1803 2474 1818 9‘
2494 1801 2512 1818 κ
2541 1803 2554 1818 \
2659 1803 2674 1818 \
2783 1805 2798 1818 ι
2889 1801 2902 1818 9
2981 1804 2993 1818 1
3175 1803 3188 1818 ο
3389 1803 3402 1818 ς
3503 1801 3527 1818 υ
3694 1799 3719 1818 ἢ
3759 1803 3798 1818 Ib

480 1818 647 1870 νεσθε.
682 1803 892 1860 Παλλοὶ
925 1804 1257 1879 σακκοφόροι
1285 1808 1404 1864 ταῖς
1450 1802 1643 1863 οἰκίαις
1694 1802 1843 1872 ὑμῶν
1894 1821 2116 1873 παρεισ-

481 1895 754 1964 δύσονται,
788 1895 902 1966 οὐχ
926 1892 1076 1953 ὅπως
1116 1893 1244 1964 ὑμῖν
1294 1890 1348 1945 εὖ
1377 1892 1596 1965 γένηται
1650 1889 2122 1963 προθυμούμενοι,

479 1983 606 2039 ἀλλ’
637 1982 784 2043 ὅπως
816 1981 872 2036 ἂν
929 1980 1112 2044 αὐτοῖς
1171 1981 1294 2054 παρ’
1361 1980 1510 2050 ὑμῶν
1562 1979 1844 2052 πορισθείη
1896 1979 1962 2032 τὰ
1990 1979 2125 2032 κατὰ

483 2072 670 2147 χρείας
727 2073 1072 2130 σκοποῦντες.
1133 2071 1265 2122 Εἶτα
1318 2068 1760 2142 κατηγορήσουσι
1813 2067 1908 2138 μὲν
1967 2067 2120 2139 βασι-

482 2161 644 2232 λέων,
671 2159 827 2213 καινᾶ
885 2156 941 2211 δὲ
996 2161 1113 2219 τοῖς
1167 2154 1426 2219 παλαιοῖς
1482 2155 1728 2225 μίξαντες
1800 2154 1876 2225 μὴ
1935 2159 2121 2217 καλῶς

483 2246 632 2323 ἔχειν
681 2249 747 2302 τά
797 2253 897 2316 τῆς
953 2245 1279 2313 Ἐκκλησίας
1334 2243 1631 2306 ἐποίσουσι,
1688 2243 1774 2296 καὶ
1820 2239 1910 2296 διὰ
1966 2247 2125 2297 τοῦτο

485 2337 573 2393 καὶ
605 2335 799 2397 αὐτοὺς
828 2335 971 2409 τάχα
1021 2333 1320 2388 πλανᾶσθαι
1349 2331 1448 2400 τήν
1483 2328 1770 2405 διόρθωσιν
1823 2329 1987 2404 (οὕτω
2025 2332 2124 2405 γὰρ

490 2569 594 2610 nec
644 2554 835 2624 potest
883 2566 1048 2606 amor
1083 2552 1256 2604 natus
1301 2545 1650 2616 adolescere,
1693 2545 1834 2616 quin
1885 2543 2127 2615 paribus

489 2645 763 2714 assurgat
798 2637 1173 2695 incrementis
1215 2636 1367 2691 alius
1399 2639 1533 2706 post
1572 2634 1824 2706 priorem
1865 2632 2120 2704 genitus,

487 2737 730 2787 mutuus
754 2746 937 2796 amor,
961 2732 1228 2794 Anteros,
1252 2729 1508 2780 vocatus.
1535 2723 1661 2777 Haec
1683 2740 1766 2778 rue
1789 2723 2120 2790 loquentem

487 2836 695 2891 parum
715 2816 1052 2887 aberitquin
1068 2813 1448 2870 fabulatorem
1477 2810 1818 2882 opinemini.
1839 2809 2120 2864 Caeterum

485 2907 707 2973 fabula,
733 2912 796 2962 ut
828 2907 882 2960 in
918 2921 1161 2976 scopum
1194 2901 1456 2957 veritatis
1481 2905 1637 2956 recta
1660 2898 1979 2954 collineans
2005 2913 2118 2950 non

489 3013 618 3052 raro
649 2995 810 3050 utilis
843 2998 898 3050 et
929 2991 1243 3048 laudabilis
1265 2990 1531 3044 habetur.
1553 2989 1678 3042 Non
1705 2986 1854 3040 male
1879 2985 2116 3057 quidam

2229 1802 2368 1871 ()o'v;
2419 1801 2565 1858 ἀλλὰ
2618 1803 2684 1858 τὰ
2744 1805 2837 1876 μὶν
2886 1801 3103 1857 ἐκείνων
3168 1803 3195 1856 ὁ
3254 1803 3441 1876 καιρὸς
3502 1801 3630 1864 ἴσως
3691 1799 3879 1872 δείξει·

2235 1892 2359 1963 ὑμῖν
2421 1888 2477 1945 δὲ
2540 1892 2638 1960 τὴν
2699 1891 2913 1946 ἐκείνων
2971 1890 3160 1945 κακίαν
3220 1889 3732 1965 ἁπομοργνυμένοις
3780 1891 3876 1945 καὶ

2231 1984 2327 2033 τοῦ
2380 1979 2542 2052 ὀροοῦ
2597 1979 2924 2034 ἐκκλίνουσιν
2973 1979 3032 2034 οὐ
3079 1979 3331 2033 συνοίσει.
3367 1976 3469 2032 Κᾶν
3505 1978 3700 2033 ἐκεῖνοι
3761 1976 3882 2034 δια-

2235 2065 2594 2142 διδράσκοιεν,
2651 2068 2774 2140 ὑμῖν
2824 2068 2886 2121 τὸ
2945 2063 3203 2141 ἔγκλημα
3261 2069 3661 2140 περιστήσεται.
3727 2067 3887 2141 Μέγα

2237 2156 2332 2228 μὲν
2363 2154 2497 2229 ἔρῶν
2528 2153 2670 2224 οῖδα,
2705 2155 2856 2228 ὅμως
2890 2153 2947 2210 δὲ
2998 2155 3086 2210 καὶ
3140 2156 3266 2227 ὑμῖν
3327 2153 3543 2226 δοκοῦν,
3578 2156 3661 2209 δτι
3692 2157 3756 2210 τὸ
3787 2161 3886 2210 τοῦ

2236 2244 2540 2317 σχίσματος
2569 2241 2826 2318 ἔγκλημα
2881 2243 2932 2297 ἐν
2966 2240 3072 2315 ἴσῳ
3127 2243 3216 2297 καὶ
3265 2243 3517 2305 ἀπιστίας
3570 2245 3879 2316 σεθήσεται,

2235 2331 2320 2386 καὶ
2355 2333 2382 2385 ὁ
2413 2330 2698 2406 ἐγκληθεὶς
2731 2332 2815 2386 ἐπὶ
2850 2333 3026 2405 τούτῳ
3074 2330 3328 2394 κολάσεις
3386 2332 3559 2407 ὑφέξει
3615 2335 3888 2388 καθοσιώ-

2237 2545 2313 2600 Iis
2337 2546 2552 2618 quibus
2569 2547 2900 2620 respublica
2918 2562 3154 2618 pessum
3178 2547 3304 2602 iret.
3330 2546 3424 2602 Sic
3442 2548 3600 2602 enim
3644 2548 3730 2604 illi
3762 2550 3887 2605 for-

2236 2632 2386 2688 sitan
2421 2635 2702 2706 garrient,
2739 2637 3121 2691 criminantes
3151 2651 3250 2690 eos
3279 2634 3380 2706 qui
3413 2637 3712 2707 sapienter
3743 2655 3883 2694 cun-

2228 2726 2462 2776 ctantur
2490 2722 3028 2793 circumspicientes
3067 2722 3286 2789 omnia,
3319 2727 3376 2778 et
3420 2722 3480 2778 in
3533 2725 3879 2782 occasiones

2230 2811 2538 2866 imminent
2581 2817 2907 2884 opportuno
2939 2813 3322 2884 procurandae
3355 2812 3605 2884 publica;
3645 2815 3881 2873 salutis.

2231 2899 2375 2964 Quid
2409 2899 2588 2970 igitur
2619 2900 2912 2970 agendum
2941 2901 3109 2955 vobis
3141 2906 3229 2956 est
3257 2899 3285 2954 ?
3315 2901 3463 2966 Quin
3495 2917 3524 2956 e
3555 2908 3750 2959 vestra
3781 2921 3882 2961 co-

2230 2987 2326 3058 pia
2351 2985 2682 3058 largiamini
2719 2988 2932 3059 quibus
2967 2989 3283 3055 videbitur,
3316 2988 3480 3044 nulla
3508 2989 3732 3047 invidia
3771 2998 3880 3049 est.

489 3089 858 3139 externorum
893 3082 1039 3136 dixit
1069 3078 1372 3134 solitudini
1423 3076 1733 3130 finitimam
1786 3074 2120 3146 superbiam
2159 3114 2201 3180 Ο
2243 3075 2436 3129 Faciat
2467 3076 2522 3176 ip
2546 3091 2842 3180 eo‘genere
2865 3077 3116 3149 quisque
3149 3076 3398 3133 utvolet.
3427 3077 3655 3180 Ab'duci
3678 3084 3879 3137 autem

489 3190 637 3238 esse,
677 3172 892 3226 idcirco
931 3168 1083 3240 quod
1125 3165 1441 3236 superbum
1485 3180 1654 3218 nemo
1697 3167 1908 3232 curat,
1956 3178 2126 3216 nemo

494 3261 634 3328 adit,
661 3260 814 3314 unde
841 3273 1072 3312 necesse
1097 3256 1159 3310 fit
1185 3270 1314 3308 eum
1343 3257 1622 3306 semotum
1653 3271 1683 3304 a
1707 3251 2132 3305 consuetudine

493 3349 801 3404 hominum
837 3350 892 3400 et
932 3343 1250 3400 solitariam
1285 3341 1460 3395 vitam
1496 3341 1723 3411 degere.
1759 3339 1903 3404 Quid
1937 3343 2131 3394 autem

498 3439 554 3492 in
590 3441 880 3507 posterum
904 3433 930 3487 ?
964 3433 1066 3486 Aio
1100 3436 1155 3485 et
1186 3430 1467 3485 conﬁrmo
1501 3428 1660 3483 vobis
1706 3445 1718 3483 ε
1755 3427 2131 3482 mutationem

492 3524 548 3578 in
585 3521 794 3576 melius
824 3535 1094 3590 magnam
1129 3515 1530 3588 experiemini.
1558 3516 1899 3569 Pervenient
1931 3515 2001 3569 ad
2035 3533 2133 3569 vos

491 3610 727 3682 benigni
761 3609 907 3662 radii
934 3607 1101 3662 nobis
1135 3607 1345 3660 innatas
1381 3604 1794 3672 beneficentiae,
1829 3603 1983 3658 nulla
2011 3605 2133 3674 jam

489 3698 795 3768 intercepti
851 3696 1005 3750 nube
1054 3691 1460 3764 patriarchalis
1520 3691 1861 3746 offensionis
1915 3708 1927 3744 ε
1981 3691 2129 3746 277

489 3787 630 3858 quin
657 3786 775 3840 imo
807 3788 969 3856 grato
1004 3783 1173 3837 nobis
1206 3783 1263 3836 in
1298 3779 1491 3835 locum
1523 3780 1739 3833 retrusi
1771 3785 1829 3833 et
1859 3779 2134 3850 implaca-

487 3875 622 3930 bilis
651 3873 824 3928 istius
856 3887 1202 3928 successuro
1224 3874 1477 3940 pastore,
1499 3867 1950 3922 commoditates
1977 3868 2130 3939 apud

491 3980 597 4019 nos
627 3966 851 4017 vestras
883 3959 1227 4014 decentibus
1259 3957 1415 4011 illam
1453 3972 1761 4028 personam
1799 3955 2135 4010 efficacibus

486 4051 1012 4108 intercessionibus
1066 4052 1432 4120 procurante,
1485 4047 1643 4118 large
1673 4046 1729 4100 in
1765 4062 1864 4100 vos
1915 4045 2134 4100 effundi

489 4143 752 4199 sentietis
788 4142 936 4195 bona
970 4157 1095 4210 quae
1116 4137 1460 4193 desideratis
1491 4137 1684 4190 omnis
1707 4135 1957 4207 generis.
1981 4137 2132 4191 Tan-

487 4239 612 4289 tum
646 4247 716 4287 ne
750 4232 882 4303 quis
917 4234 1173 4284 vestrum
1199 4227 1289 4299 agi
1323 4243 1385 4281 se
1416 4226 1471 4279 in
1506 4229 1903 4280 transversum
1939 4227 2130 4295 sinat;

491 4339 594 4380 nec
627 4339 734 4377 sua
787 4320 962 4375 unius
995 4323 1267 4391 spectans
1321 4316 1617 4371 commoda
1655 4315 1821 4370 ludat
1854 4317 1908 4370 in
1961 4316 2135 4370 rebus

489 4431 617 4487 quae
650 4412 856 4467 ludum
891 4427 1008 4465 non
1033 4407 1376 4470 admittunt,
1410 4409 1508 4460 aut
1538 4422 1604 4460 ea
1631 4421 1756 4476 qua:
1782 4407 1978 4477 perfici
2016 4422 2127 4460 non

2239 3165 2720 3235 persuasionibus
2751 3164 3018 3233 istorum,
3052 3169 3259 3221 etcum
3290 3166 3618 3221 errantibus
3649 3185 3752 3223 vos
3778 3186 3883 3241 pa-

2240 3253 2382 3306 riter
2426 3269 2640 3320 errare,
2688 3269 2792 3308 nec
2847 3254 3140 3324 probarim
3185 3255 3456 3326 equidem
3500 3271 3606 3310 nec
3648 3257 3879 3328 patiar;

2241 3357 2352 3395 non
2387 3341 2541 3396 enim
2571 3346 2658 3395 est
2689 3340 3008 3406 tolerabile,
3043 3359 3105 3397 ac
3141 3358 3210 3397 ns
3243 3342 3406 3398 vobis
3439 3345 3676 3414 quidem
3711 3362 3878 3418 expe-

2243 3429 2342 3483 dit.
2378 3434 2680 3500 Propterea
2715 3430 2983 3501 praecedit
3005 3447 3136 3486 ecce
3170 3430 3448 3486 ultionem
3475 3434 3878 3501 comminatio,

2243 3534 2312 3571 ne
2343 3518 2474 3588 quis
2507 3535 2633 3573 sero
2683 3520 2894 3590 sapiat,
2930 3520 3026 3573 ubi
3059 3520 3460 3592 deprehensus
3509 3538 3635 3592 quae
3669 3524 3884 3579 meruit

2244 3605 2510 3676 patietur.
2563 3609 2706 3663 Cum
2740 3609 2893 3662 enim
2930 3609 3258 3664 necessario
3294 3625 3363 3663 ex
3412 3608 3659 3664 tolerata
3689 3611 3879 3682 pravi-

2239 3698 2356 3747 tate
2379 3711 2695 3766 paucorum
2726 3695 2893 3751 multi
2922 3701 3342 3768 pervertantur,
3361 3698 3492 3768 quis
3519 3702 3636 3752 tam
3659 3699 3883 3755 dormi-

2243 3786 2372 3838 tans
2405 3785 2797 3839 custodiendae
2825 3784 3153 3857 reipublicae
3187 3786 3532 3858 praepositus
3567 3804 3680 3842 non
3708 3789 3882 3845 ratio-

2244 3887 2344 3926 nes
2375 3872 2530 3926 ineat
2561 3876 2614 3927 et
2645 3879 2914 3928 conatum
2980 3873 3275 3942 adhibeat,
3309 3891 3447 3946 quo,
3483 3875 3530 3930 si
3566 3876 3735 3946 posit,
3773 3879 3886 3933 sis-

2244 3963 2324 4012 tat
2355 3958 2638 4031 impetum
2676 3962 2900 4017 ruentis
2931 3962 2986 4014 in
3022 3979 3279 4034 praeceps
3302 3963 3454 4019 278
3485 3963 3885 4022 multitudinis

2241 4047 2529 4102 incauta}?
2575 4049 2692 4121 Ego
2726 4050 2922 4122 'igitur
2953 4051 3169 4106 diserte
3207 4052 3563 4107 denuntians
3607 4055 3881 4126 praecipio

2240 4135 2360 4190 viro
2392 4137 2575 4191 cuivis
2607 4143 2662 4192 et
2684 4139 2937 4206 mulieri,
2964 4139 3087 4194 seni
3108 4140 3631 4213 juxtajuvenique,
3656 4144 3879 4200 urbano

2241 4226 2459 4296 pariter
2489 4230 2544 4280 et
2575 4227 2814 4297 rustico,
2843 4232 2904 4282 ut
2933 4227 3192 4300 exploret
3224 4228 3389 4302 prius
3421 4230 3622 4300 quales
3643 4231 3880 4303 sintqui

2240 4314 2310 4368 ad
2371 4331 2432 4369 se
2492 4316 2807 4382 accedunt,
2865 4320 2990 4371 tum
3047 4318 3094 4371 si
3145 4317 3327 4374 bonos
3378 4317 3612 4390 reperit,
3663 4327 3878 4375 utatur.

2240 4401 2380 4456 Nam
2415 4419 2565 4474 aeger
2594 4421 2626 4458 a
2656 4405 2818 4460 sanis
2842 4405 3078 4474 juvetur
3111 4423 3123 4461 :
3157 4405 3206 4461 si
3239 4411 3432 4461 autem
3468 4407 3686 4474 animo,
3718 4408 3882 4466 labo-

499 4483 747 4574 possunt
777 4499 928 4554 serio
959 4502 1216 4552 conetur.
1251 4495 1393 4549 Nam
1430 4492 1792 4564 singulorum
1831 4511 2132 4565 perperam
2164 4483 2210 4546 Β
2243 4495 2462 4545 rantcm
2515 4497 2708 4546 mente
2741 4494 3000 4566 corrupti
3051 4495 3321 4566 adierint,
3355 4497 3492 4567 quid
3547 4513 3617 4551 ex
3666 4497 3740 4552 iis
3785 4516 3879 4554 ex-

488 4589 909 4646 oti'endentium
932 4585 1145 4640 civium
1163 4583 1367 4656 lapsus
1387 4582 1688 4637 universas
1709 4582 1870 4636 tricis
1890 4581 2134 4653 implent

485 4678 795 4748 turbisque
829 4675 1111 4741 civitates,
1147 4677 1352 4727 natura
1387 4687 1579 4725 rerum
1617 4670 1696 4725 ita
1727 4670 1945 4725 ferente
1978 4675 2040 4725 ut
2065 4686 2133 4724 ex

488 4783 603 4821 uno
651 4768 922 4832 peccante
953 4779 1124 4835 pmna
1155 4761 1214 4815 in
1259 4760 1472 4814 multos
1519 4765 1890 4832 propagatur.
1926 4759 2127 4831 Fugite

490 4855 672 4926 igitur
720 4850 1141 4916 conventicula,
1174 4847 1526 4903 aversamini
1573 4848 1911 4903 schismata.
1963 4847 2127 4902 Mulli

487 4941 672 4998 saccis
725 4939 914 4994 induti
948 4939 1152 4994 domos
1183 4936 1242 4990 in
1273 4940 1494 4990 vestras
1545 4953 1605 4991 se
1638 4937 1958 5006 insinuant,
2011 4953 2124 4992 non

488 5034 552 5085 ut
581 5027 745 5084 vobis
779 5026 1026 5099 prosint,
1051 5026 1147 5080 sed
1173 5028 1234 5077 ut
1263 5023 1370 5077 sibi
1406 5023 1819 5078 eblandiantur
1851 5029 1951 5078 aut
1979 5041 2126 5095 quo-

488 5120 666 5175 modo
700 5117 1012 5172 conficiant
1043 5132 1109 5169 ex
1137 5114 1301 5169 vobis
1335 5131 1458 5184 qua:
1493 5114 1756 5185 cupiunt,
1793 5114 2003 5184 quibus
2036 5116 2126 5168 in-

483 5209 700 5280 digent.
762 5208 900 5262 Inde
964 5206 1370 5276 imperatorem
1428 5203 1663 5273 quidem
1717 5202 2124 5260 accusabunt:

483 5301 613 5351 tum
648 5312 793 5351 nova
839 5293 1134 5350 veteribus
1167 5290 1501 5354 miscentes,
1534 5290 1686 5344 haud
1722 5289 1862 5344 bene
1911 5290 2125 5345 habere

485 5403 577 5440 res
609 5384 874 5440 Ecclesiae
908 5381 1292 5443 subinferent,
1318 5382 1372 5432 et
1394 5382 1695 5449 propterea
1721 5378 1989 5434 videlicet
2011 5379 2125 5434 lar-

482 5473 640 5544 giter
669 5476 925 5527 erratum
961 5471 1017 5524 in
1053 5469 1160 5522 viis
1207 5467 1582 5522 correctionis
1626 5466 1927 5538 ineundis,
1963 5467 2122 5523 nullo

476 5563 627 5616 inter
655 5559 1079 5617 ecclesiasticos
1103 5557 1306 5612 i'loneo
1332 5560 1555 5628 reperto
1577 5556 1964 5612 emendandis
1985 5573 2114 5614 ma-

2244 4585 2502 4650 spectarc
2520 4580 2651 4634 boni
2677 4583 2895 4653 queat?
2912 4585 3010 4638 sed
3035 4584 3276 4638 istorum
3297 4585 3531 4655 quidem
3553 4587 3876 4658 nequitiam

2243 4667 2366 4722 dies
2415 4668 2654 4724 forsitan
2722 4671 2973 4743 dcteget.
3007 4671 3184 4726 Vobis
3247 4677 3440 4728 autem
3475 4691 3676 4729 eorum
3712 4677 3876 4732 mali-

2241 4757 2380 4811 tiam
2415 4757 2788 4814 imitantibus
2809 4765 2865 4814 et
2897 4778 2927 4815 a
2959 4765 3114 4816 recto
3155 4761 3607 4831 declinantibus,
3643 4780 3775 4820 vere
3811 4783 3874 4821 ac

2241 4845 2392 4900 clare
2409 4847 2679 4917 praedico,
2706 4865 2818 4902 non
2839 4850 3022 4903 abibit
3039 4849 3220 4904 stulta
3238 4849 3484 4906 facilitas
3509 4853 3774 4924 impune.
3804 4861 3879 4910 Ac

2241 4934 2322 4988 illi
2361 4936 2506 4989 forte
2537 4953 2764 5006 pmnam
2793 4936 3315 5008 fugalucrifacient
3338 4956 3349 4994 :
3374 4957 3472 4994 vos
3491 4939 3884 5011 deprehende-

2244 5023 2385 5076 mini
2417 5041 2429 5091 ;
2462 5023 2702 5078 haerebit
2730 5025 2785 5078 in
2819 5025 2983 5080 vobis
3013 5025 3297 5082 luendum
3333 5027 3581 5082 crimen.
3607 5031 3880 5102 Magnum

2240 5113 2357 5166 scio
2389 5128 2516 5167 esse
2551 5114 2704 5184 quod
2741 5114 2904 5169 edico
2944 5115 3332 5185 comminans,
3386 5119 3485 5172 sed
3539 5121 3736 5173 tamen
3768 5119 3879 5174 tals

2239 5202 2390 5271 quod
2427 5201 2592 5256 vobis
2651 5207 2869 5257 attente
2925 5204 3437 5261 considerantibus
3477 5223 3710 5278 aequum
3744 5224 3880 5263 con-

2237 5290 2354 5343 ﬁdo
2384 5290 2578 5344 visum
2613 5290 2704 5356 iri,
2728 5291 3066 5348 schismatis
3097 5292 3316 5348 crimen
3342 5294 3467 5366 pari
3492 5311 3622 5349 cum
3649 5300 3878 5368 aposta-

2238 5378 2316 5431 sia
2353 5395 2522 5448 pcena
2546 5379 2940 5436 multandum.
2979 5381 3046 5436 Et
3075 5383 3174 5453 qui
3200 5383 3504 5438 convictus
3525 5385 3654 5455 ejus
3684 5385 3874 5452 fuerit,

2235 5465 2429 5520 debita
2462 5467 2752 5536 sacrilegae
2797 5469 3097 5524 defectioni
3135 5470 3422 5542 supplicia
3458 5472 3728 5544 perferet.
3771 5477 3876 5528 Vos

2233 5570 2368 5626 ergo
2417 5554 2839 5628 circumspecto
2891 5573 3087 5614 rerum
3119 5559 3477 5630 presentium
3506 5563 3686 5631 statu,
3734 5561 3872 5633 quid
