  <div class='ocr_page' id='page_1' title='image "/cluster/home/n/w/nwhite01/storage/ocr_20150623/143/mdp.39015078384784/370.png"; bbox 0 0 4162 6292; ppageno 0'>
   <div class='ocr_carea' id='block_1_1' title="bbox 268 370 375 427">
    <p class='ocr_par' dir='ltr' id='par_1_1' title="bbox 268 370 375 427">
     <span class='ocr_line' id='line_1_1' title="bbox 268 370 375 427; baseline 0 0"><span class='ocrx_word' id='word_1_1' title='bbox 268 370 375 427; x_wconf 85' lang='lat'>725</span> 
     </span>
    </p>
   </div>
   <div class='ocr_carea' id='block_1_2' title="bbox 1337 377 2634 435">
    <p class='ocr_par' dir='ltr' id='par_1_2' title="bbox 1337 377 2634 435">
     <span class='ocr_line' id='line_1_2' title="bbox 1337 377 2634 435; baseline 0.001 -4"><span class='ocrx_word' id='word_1_2' title='bbox 1337 377 1435 431; x_wconf 77' lang='lat' dir='ltr'>DE</span> <span class='ocrx_word' id='word_1_3' title='bbox 1472 378 1845 432; x_wconf 78' lang='lat' dir='ltr'>MICHAELE</span> <span class='ocrx_word' id='word_1_4' title='bbox 1883 377 2326 435; x_wconf 65' lang='lat' dir='ltr'>PALEOLOGO</span> <span class='ocrx_word' id='word_1_5' title='bbox 2361 379 2497 432; x_wconf 90' lang='lat' dir='ltr'>LIB.</span> <span class='ocrx_word' id='word_1_6' title='bbox 2537 380 2634 433; x_wconf 84' lang='lat' dir='ltr'>IV.</span> 
     </span>
    </p>
   </div>
   <div class='ocr_carea' id='block_1_3' title="bbox 3555 370 3666 425">
    <p class='ocr_par' dir='ltr' id='par_1_3' title="bbox 3555 370 3666 425">
     <span class='ocr_line' id='line_1_3' title="bbox 3555 370 3666 425; baseline 0 -1"><span class='ocrx_word' id='word_1_7' title='bbox 3555 370 3666 425; x_wconf 80' lang='grc'>726</span> 
     </span>
    </p>
   </div>
   <div class='ocr_carea' id='block_1_4' title="bbox 270 490 3665 573">
    <p class='ocr_par' dir='ltr' id='par_1_4' title="bbox 270 490 3665 573">
     <span class='ocr_line' id='line_1_4' title="bbox 270 490 3665 573; baseline 0 -26"><span class='ocrx_word' id='word_1_8' title='bbox 270 496 430 556; x_wconf 79' lang='grc' dir='ltr'>σεως.</span> <span class='ocrx_word' id='word_1_9' title='bbox 461 494 643 565; x_wconf 80' lang='grc' dir='ltr'>Ὑμεῖς</span> <span class='ocrx_word' id='word_1_10' title='bbox 670 496 799 567; x_wconf 89' lang='grc' dir='ltr'>γοῦν</span> <span class='ocrx_word' id='word_1_11' title='bbox 829 490 1009 547; x_wconf 69' lang='grc' dir='ltr'>οῗδᾶτε</span> <span class='ocrx_word' id='word_1_12' title='bbox 1068 495 1216 556; x_wconf 81' lang='grc' dir='ltr'>ὅπως</span> <span class='ocrx_word' id='word_1_13' title='bbox 1270 492 1409 565; x_wconf 74' lang='grc' dir='ltr'>ἕξετε</span> <span class='ocrx_word' id='word_1_14' title='bbox 1466 498 1601 572; x_wconf 86' lang='grc' dir='ltr'>πρὸς</span> <span class='ocrx_word' id='word_1_15' title='bbox 1655 498 1723 552; x_wconf 74' lang='grc' dir='ltr'>τὰ</span> <span class='ocrx_word' id='word_1_16' title='bbox 1777 517 1913 571; x_wconf 84' lang='grc' dir='ltr'>παρ·</span> <span class='ocrx_word' id='word_1_17' title='bbox 1945 508 1993 572; x_wconf 77' lang='grc' dir='ltr'>Α</span> <span class='ocrx_word' id='word_1_18' title='bbox 2031 500 2145 571; x_wconf 87' lang='grc' dir='ltr'>μετ’</span> <span class='ocrx_word' id='word_1_19' title='bbox 2171 496 2354 560; x_wconf 74' lang='grc' dir='ltr'>αἰδοῦς</span> <span class='ocrx_word' id='word_1_20' title='bbox 2387 499 2476 553; x_wconf 83' lang='grc' dir='ltr'>καὶ</span> <span class='ocrx_word' id='word_1_21' title='bbox 2505 502 2601 554; x_wconf 91' lang='grc' dir='ltr'>τοῦ</span> <span class='ocrx_word' id='word_1_22' title='bbox 2653 499 2951 572; x_wconf 70' lang='grc' dir='ltr'>πρέποντος</span> <span class='ocrx_word' id='word_1_23' title='bbox 3006 497 3389 573; x_wconf 69' lang='grc' dir='ltr'>προσεφέρετο,</span> <span class='ocrx_word' id='word_1_24' title='bbox 3420 494 3508 549; x_wconf 83' lang='grc' dir='ltr'>καὶ</span> <span class='ocrx_word' id='word_1_25' title='bbox 3566 491 3665 548; x_wconf 87' lang='grc' dir='ltr'>λό-</span> 
     </span>
    </p>
   </div>
   <div class='ocr_carea' id='block_1_5' title="bbox 267 580 1907 658">
    <p class='ocr_par' dir='ltr' id='par_1_5' title="bbox 267 580 1907 658">
     <span class='ocr_line' id='line_1_5' title="bbox 267 580 1907 658; baseline 0.001 -21"><span class='ocrx_word' id='word_1_26' title='bbox 267 582 416 650; x_wconf 87' lang='grc' dir='ltr'>όντα,</span> <span class='ocrx_word' id='word_1_27' title='bbox 449 580 525 643; x_wconf 84' lang='grc' dir='ltr'>ὠς</span> <span class='ocrx_word' id='word_1_28' title='bbox 578 580 613 649; x_wconf 73' lang='grc' dir='ltr'><strong>ἢ</strong></span> <span class='ocrx_word' id='word_1_29' title='bbox 672 586 751 650; x_wconf 82' lang='grc' dir='ltr'>τῷ</span> <span class='ocrx_word' id='word_1_30' title='bbox 809 584 1104 655; x_wconf 76' lang='grc' dir='ltr'>ἡσυχάζειν</span> <span class='ocrx_word' id='word_1_31' title='bbox 1161 582 1244 636; x_wconf 79' lang='grc' dir='ltr'>ἐπ’</span> <span class='ocrx_word' id='word_1_32' title='bbox 1289 585 1509 657; x_wconf 81' lang='grc' dir='ltr'>ἀγαθοῖς</span> <span class='ocrx_word' id='word_1_33' title='bbox 1565 587 1839 658; x_wconf 80' lang='grc' dir='ltr'>ἐσόμενοι,</span> <span class='ocrx_word' id='word_1_34' title='bbox 1872 586 1907 655; x_wconf 75' lang='grc' dir='ltr'><strong>ἢ</strong></span> 
     </span>
    </p>
   </div>
   <div class='ocr_carea' id='block_1_6' title="bbox 262 668 1910 748">
    <p class='ocr_par' dir='ltr' id='par_1_6' title="bbox 262 668 1910 748">
     <span class='ocr_line' id='line_1_6' title="bbox 262 668 1910 748; baseline 0.001 -23"><span class='ocrx_word' id='word_1_35' title='bbox 262 670 344 743; x_wconf 83' lang='grc' dir='ltr'>τῷ</span> <span class='ocrx_word' id='word_1_36' title='bbox 373 674 596 724; x_wconf 85' lang='grc' dir='ltr'>τοιαῦτα</span> <span class='ocrx_word' id='word_1_37' title='bbox 638 674 817 739; x_wconf 85' lang='grc' dir='ltr'>ζητεῖν</span> <span class='ocrx_word' id='word_1_38' title='bbox 851 668 1019 741; x_wconf 69' lang='grc' dir='ltr'>μηδὲν</span> <span class='ocrx_word' id='word_1_39' title='bbox 1052 669 1197 733; x_wconf 80' lang='grc' dir='ltr'>ὅλως</span> <span class='ocrx_word' id='word_1_40' title='bbox 1242 671 1368 743; x_wconf 84' lang='grc' dir='ltr'>ὑμῖν</span> <span class='ocrx_word' id='word_1_41' title='bbox 1428 676 1777 748; x_wconf 73' lang='grc' dir='ltr'>προσήκοντα</span> <span class='ocrx_word' id='word_1_42' title='bbox 1830 695 1910 728; x_wconf 91' lang='grc' dir='ltr'>τι-</span> 
     </span>
    </p>
   </div>
   <div class='ocr_carea' id='block_1_7' title="bbox 271 756 819 832">
    <p class='ocr_par' dir='ltr' id='par_1_7' title="bbox 271 756 819 832">
     <span class='ocr_line' id='line_1_7' title="bbox 271 756 819 832; baseline -0.011 -19"><span class='ocrx_word' id='word_1_43' title='bbox 271 756 761 832; x_wconf 80' lang='grc' dir='ltr'>μωρηθησόμενοι.</span> <span class='ocrx_word' id='word_1_44' title='bbox 791 780 819 808; x_wconf 76' lang='grc' dir='ltr'>ι)</span> 
     </span>
    </p>
   </div>
   <div class='ocr_carea' id='block_1_8' title="bbox 270 923 1912 1002">
    <p class='ocr_par' dir='ltr' id='par_1_8' title="bbox 270 923 1912 1002">
     <span class='ocr_line' id='line_1_8' title="bbox 270 923 1912 1002; baseline 0.003 -23"><span class='ocrx_word' id='word_1_45' title='bbox 270 928 362 1001; x_wconf 83' lang='grc' dir='ltr'>ιβ’.</span> <span class='ocrx_word' id='word_1_46' title='bbox 390 928 581 987; x_wconf 83' lang='grc' dir='ltr'>’Όπως</span> <span class='ocrx_word' id='word_1_47' title='bbox 613 923 900 1001; x_wconf 72' lang='grc' dir='ltr'>ψηφίζεται</span> <span class='ocrx_word' id='word_1_48' title='bbox 932 927 958 980; x_wconf 98' lang='lat'>6</span> <span class='ocrx_word' id='word_1_49' title='bbox 984 933 1083 994; x_wconf 76' lang='grc' dir='ltr'>τῆς</span> <span class='ocrx_word' id='word_1_50' title='bbox 1117 926 1402 1002; x_wconf 80' lang='grc' dir='ltr'>Ἀδριανοῦ</span> <span class='ocrx_word' id='word_1_51' title='bbox 1432 930 1706 1002; x_wconf 78' lang='grc' dir='ltr'>Γερμανὸς</span> <span class='ocrx_word' id='word_1_52' title='bbox 1746 929 1819 991; x_wconf 71' lang='grc' dir='ltr'>εἷς</span> <span class='ocrx_word' id='word_1_53' title='bbox 1850 930 1912 983; x_wconf 87' lang='grc' dir='ltr'>τὸ</span> 
     </span>
    </p>
   </div>
   <div class='ocr_carea' id='block_1_9' title="bbox 611 998 1573 1073">
    <p class='ocr_par' dir='ltr' id='par_1_9' title="bbox 611 998 1573 1073">
     <span class='ocr_line' id='line_1_9' title="bbox 611 998 1573 1073; baseline 0.007 -24"><span class='ocrx_word' id='word_1_54' title='bbox 611 998 1024 1073; x_wconf 79' lang='grc' dir='ltr'>πατριαρχεῖον,</span> <span class='ocrx_word' id='word_1_55' title='bbox 1058 998 1146 1051; x_wconf 83' lang='grc' dir='ltr'>καὶ</span> <span class='ocrx_word' id='word_1_56' title='bbox 1180 998 1369 1061; x_wconf 82' lang='grc' dir='ltr'>ὁποῖος</span> <span class='ocrx_word' id='word_1_57' title='bbox 1400 998 1573 1062; x_wconf 78' lang='grc' dir='ltr'>οὗτος.</span> 
     </span>
    </p>
   </div>
   <div class='ocr_carea' id='block_1_10' title="bbox 341 1108 1910 1185">
    <p class='ocr_par' dir='ltr' id='par_1_10' title="bbox 341 1108 1910 1185">
     <span class='ocr_line' id='line_1_10' title="bbox 341 1108 1910 1185; baseline 0.001 -19"><span class='ocrx_word' id='word_1_58' title='bbox 341 1112 404 1166; x_wconf 91' lang='grc' dir='ltr'>Ὁ</span> <span class='ocrx_word' id='word_1_59' title='bbox 438 1111 531 1183; x_wconf 80' lang='grc' dir='ltr'>μὶν</span> <span class='ocrx_word' id='word_1_60' title='bbox 567 1108 656 1163; x_wconf 80' lang='grc' dir='ltr'>οῦν</span> <span class='ocrx_word' id='word_1_61' title='bbox 689 1109 942 1185; x_wconf 70' lang='grc' dir='ltr'>βασιλεὺς</span> <span class='ocrx_word' id='word_1_62' title='bbox 967 1111 1184 1175; x_wconf 76' lang='grc' dir='ltr'>τούτοις</span> <span class='ocrx_word' id='word_1_63' title='bbox 1226 1134 1283 1166; x_wconf 87' lang='grc' dir='ltr'>τε</span> <span class='ocrx_word' id='word_1_64' title='bbox 1338 1114 1426 1168; x_wconf 84' lang='grc' dir='ltr'>καὶ</span> <span class='ocrx_word' id='word_1_65' title='bbox 1485 1112 1677 1177; x_wconf 74' lang='grc' dir='ltr'>ἄλλοις</span> <span class='ocrx_word' id='word_1_66' title='bbox 1731 1114 1910 1167; x_wconf 83' lang='grc' dir='ltr'>τοιού-</span> 
     </span>
    </p>
   </div>
   <div class='ocr_carea' id='block_1_11' title="bbox 263 1198 1912 1275">
    <p class='ocr_par' dir='ltr' id='par_1_11' title="bbox 263 1198 1912 1275">
     <span class='ocr_line' id='line_1_11' title="bbox 263 1198 1912 1275; baseline 0.002 -22"><span class='ocrx_word' id='word_1_67' title='bbox 263 1220 383 1262; x_wconf 81' lang='grc' dir='ltr'>τοις</span> <span class='ocrx_word' id='word_1_68' title='bbox 409 1200 505 1260; x_wconf 68' lang='grc' dir='ltr'>τὰς</span> <span class='ocrx_word' id='word_1_69' title='bbox 536 1201 1016 1275; x_wconf 77' lang='grc' dir='ltr'>προαναφωνήσεις</span> <span class='ocrx_word' id='word_1_70' title='bbox 1052 1198 1177 1264; x_wconf 76' lang='grc' dir='ltr'>δοὺς</span> <span class='ocrx_word' id='word_1_71' title='bbox 1229 1206 1307 1272; x_wconf 80' lang='grc' dir='ltr'>τῷ</span> <span class='ocrx_word' id='word_1_72' title='bbox 1375 1203 1513 1273; x_wconf 80' lang='grc' dir='ltr'>λαῷ,</span> <span class='ocrx_word' id='word_1_73' title='bbox 1546 1200 1772 1256; x_wconf 79' lang='grc' dir='ltr'>ἀπολύει</span> <span class='ocrx_word' id='word_1_74' title='bbox 1831 1202 1912 1256; x_wconf 77' lang='grc' dir='ltr'>ἐπ’</span> 
     </span>
    </p>
   </div>
   <div class='ocr_carea' id='block_1_12' title="bbox 265 1286 1911 1363">
    <p class='ocr_par' dir='ltr' id='par_1_12' title="bbox 265 1286 1911 1363">
     <span class='ocr_line' id='line_1_12' title="bbox 265 1286 1911 1363; baseline 0.002 -22"><span class='ocrx_word' id='word_1_75' title='bbox 265 1286 435 1342; x_wconf 69' lang='grc' dir='ltr'>οἴκων</span> <span class='ocrx_word' id='word_1_76' title='bbox 492 1289 813 1360; x_wconf 83' lang='grc' dir='ltr'>πορεύεσθαι</span> <span class='ocrx_word' id='word_1_77' title='bbox 873 1293 979 1342; x_wconf 83' lang='grc' dir='ltr'>τῶν</span> <span class='ocrx_word' id='word_1_78' title='bbox 1036 1288 1250 1343; x_wconf 80' lang='grc' dir='ltr'>οἰκείων</span> <span class='ocrx_word' id='word_1_79' title='bbox 1286 1294 1365 1360; x_wconf 87' lang='grc' dir='ltr'>[Ρ.</span> <span class='ocrx_word' id='word_1_80' title='bbox 1402 1294 1523 1363; x_wconf 82' lang='grc'>188]</span> <span class='ocrx_word' id='word_1_81' title='bbox 1558 1288 1781 1345; x_wconf 72' lang='grc' dir='ltr'>ἕκαστον</span> <span class='ocrx_word' id='word_1_82' title='bbox 1818 1310 1829 1322; x_wconf 92' lang='grc'><strong>·</strong></span> <span class='ocrx_word' id='word_1_83' title='bbox 1860 1300 1911 1353; x_wconf 76' lang='grc' dir='ltr'>οἱ</span> 
     </span>
    </p>
   </div>
   <div class='ocr_carea' id='block_1_13' title="bbox 264 1373 1909 1455">
    <p class='ocr_par' dir='ltr' id='par_1_13' title="bbox 264 1373 1909 1455">
     <span class='ocr_line' id='line_1_13' title="bbox 264 1373 1909 1455; baseline 0.003 -25"><span class='ocrx_word' id='word_1_84' title='bbox 264 1378 548 1450; x_wconf 83' lang='grc' dir='ltr'>ἀρχιερεῖς</span> <span class='ocrx_word' id='word_1_85' title='bbox 578 1373 634 1429; x_wconf 75' lang='grc' dir='ltr'>δὲ</span> <span class='ocrx_word' id='word_1_86' title='bbox 662 1377 722 1430; x_wconf 87' lang='grc' dir='ltr'>τὸ</span> <span class='ocrx_word' id='word_1_87' title='bbox 778 1374 1063 1449; x_wconf 78' lang='grc' dir='ltr'>ἐνδόσιμον</span> <span class='ocrx_word' id='word_1_88' title='bbox 1126 1374 1383 1441; x_wconf 76' lang='grc' dir='ltr'>λαϐόντες</span> <span class='ocrx_word' id='word_1_89' title='bbox 1441 1381 1762 1455; x_wconf 76' lang='grc' dir='ltr'>ψηφίζεσθαι</span> <span class='ocrx_word' id='word_1_90' title='bbox 1819 1383 1909 1435; x_wconf 74' lang='grc' dir='ltr'>τὸν</span> 
     </span>
    </p>
   </div>
   <div class='ocr_carea' id='block_1_14' title="bbox 263 1461 1910 1541">
    <p class='ocr_par' dir='ltr' id='par_1_14' title="bbox 263 1461 1910 1541">
     <span class='ocr_line' id='line_1_14' title="bbox 263 1461 1910 1541; baseline 0.001 -22"><span class='ocrx_word' id='word_1_91' title='bbox 263 1461 534 1519; x_wconf 79' lang='grc' dir='ltr'>δοκοῦντα</span> <span class='ocrx_word' id='word_1_92' title='bbox 566 1464 741 1541; x_wconf 81' lang='grc' dir='ltr'>σφίσιν</span> <span class='ocrx_word' id='word_1_93' title='bbox 776 1463 861 1517; x_wconf 73' lang='grc' dir='ltr'>ἐπὶ</span> <span class='ocrx_word' id='word_1_94' title='bbox 893 1468 962 1537; x_wconf 77' lang='grc' dir='ltr'>τῇ</span> <span class='ocrx_word' id='word_1_95' title='bbox 999 1465 1223 1539; x_wconf 81' lang='grc' dir='ltr'>μεγίστῃ</span> <span class='ocrx_word' id='word_1_96' title='bbox 1256 1469 1552 1541; x_wconf 80' lang='grc' dir='ltr'>προστασίᾳ</span> <span class='ocrx_word' id='word_1_97' title='bbox 1581 1469 1670 1522; x_wconf 87' lang='grc' dir='ltr'>τὸν</span> <span class='ocrx_word' id='word_1_98' title='bbox 1718 1468 1910 1538; x_wconf 66' lang='grc' dir='ltr'>ἐπιτή-</span> 
     </span>
    </p>
   </div>
   <div class='ocr_carea' id='block_1_15' title="bbox 264 1551 1910 1630">
    <p class='ocr_par' dir='ltr' id='par_1_15' title="bbox 264 1551 1910 1630">
     <span class='ocr_line' id='line_1_15' title="bbox 264 1551 1910 1630; baseline 0.003 -24"><span class='ocrx_word' id='word_1_99' title='bbox 264 1551 436 1619; x_wconf 83' lang='grc' dir='ltr'>δειον,</span> <span class='ocrx_word' id='word_1_100' title='bbox 470 1553 520 1605; x_wconf 81' lang='grc' dir='ltr'>ἐν</span> <span class='ocrx_word' id='word_1_101' title='bbox 579 1556 761 1624; x_wconf 86' lang='grc' dir='ltr'>ταυτῷ</span> <span class='ocrx_word' id='word_1_102' title='bbox 818 1552 1019 1606; x_wconf 84' lang='grc' dir='ltr'>συνίασι</span> <span class='ocrx_word' id='word_1_103' title='bbox 1078 1555 1269 1616; x_wconf 86' lang='grc' dir='ltr'>πάντες</span> <span class='ocrx_word' id='word_1_104' title='bbox 1329 1556 1464 1609; x_wconf 85' lang='grc' dir='ltr'>κατᾶ</span> <span class='ocrx_word' id='word_1_105' title='bbox 1513 1556 1574 1610; x_wconf 82' lang='grc' dir='ltr'>τὸ</span> <span class='ocrx_word' id='word_1_106' title='bbox 1624 1558 1767 1630; x_wconf 71' lang='grc' dir='ltr'>ἱερὸν</span> <span class='ocrx_word' id='word_1_107' title='bbox 1820 1558 1910 1612; x_wconf 85' lang='grc' dir='ltr'>καὶ</span> 
     </span>
    </p>
   </div>
   <div class='ocr_carea' id='block_1_16' title="bbox 267 1640 1911 1720">
    <p class='ocr_par' dir='ltr' id='par_1_16' title="bbox 267 1640 1911 1720">
     <span class='ocr_line' id='line_1_16' title="bbox 267 1640 1911 1720; baseline 0.004 -27"><span class='ocrx_word' id='word_1_108' title='bbox 267 1640 406 1715; x_wconf 71' lang='grc' dir='ltr'>μέγα</span> <span class='ocrx_word' id='word_1_109' title='bbox 438 1645 540 1693; x_wconf 76' lang='grc' dir='ltr'>τῶν</span> <span class='ocrx_word' id='word_1_110' title='bbox 574 1644 895 1715; x_wconf 80' lang='grc' dir='ltr'>ΒΛαχερνῶν</span> <span class='ocrx_word' id='word_1_111' title='bbox 926 1640 1168 1713; x_wconf 69' lang='grc' dir='ltr'>τέμενος,</span> <span class='ocrx_word' id='word_1_112' title='bbox 1201 1642 1288 1696; x_wconf 77' lang='grc' dir='ltr'>καὶ</span> <span class='ocrx_word' id='word_1_113' title='bbox 1321 1642 1491 1698; x_wconf 74' lang='grc' dir='ltr'>ἄλλον</span> <span class='ocrx_word' id='word_1_114' title='bbox 1543 1641 1716 1699; x_wconf 77' lang='grc' dir='ltr'>ἄλλου</span> <span class='ocrx_word' id='word_1_115' title='bbox 1773 1666 1911 1720; x_wconf 91' lang='grc' dir='ltr'>προ-</span> 
     </span>
    </p>
   </div>
   <div class='ocr_carea' id='block_1_17' title="bbox 261 1723 1910 1807">
    <p class='ocr_par' dir='ltr' id='par_1_17' title="bbox 261 1723 1910 1807">
     <span class='ocr_line' id='line_1_17' title="bbox 261 1723 1910 1807; baseline 0.002 -26"><span class='ocrx_word' id='word_1_116' title='bbox 261 1723 618 1800; x_wconf 67' lang='grc' dir='ltr'>ϐαλλομένου</span> <span class='ocrx_word' id='word_1_117' title='bbox 673 1728 833 1789; x_wconf 74' lang='grc' dir='ltr'>τέλος</span> <span class='ocrx_word' id='word_1_118' title='bbox 894 1728 973 1805; x_wconf 80' lang='grc' dir='ltr'>ἐφ’</span> <span class='ocrx_word' id='word_1_119' title='bbox 1032 1731 1105 1783; x_wconf 73' lang='grc' dir='ltr'>ἑνὶ</span> <span class='ocrx_word' id='word_1_120' title='bbox 1166 1732 1355 1792; x_wconf 84' lang='grc' dir='ltr'>πάντες</span> <span class='ocrx_word' id='word_1_121' title='bbox 1413 1738 1784 1807; x_wconf 73' lang='grc' dir='ltr'>συμφωνοῦσι,</span> <span class='ocrx_word' id='word_1_122' title='bbox 1833 1738 1910 1804; x_wconf 78' lang='grc' dir='ltr'>τῷ</span> 
     </span>
    </p>
   </div>
   <div class='ocr_carea' id='block_1_18' title="bbox 2020 585 3662 664">
    <p class='ocr_par' dir='ltr' id='par_1_18' title="bbox 2020 585 3662 664">
     <span class='ocr_line' id='line_1_18' title="bbox 2020 585 3662 664; baseline -0.002 -23"><span class='ocrx_word' id='word_1_123' title='bbox 2020 609 2116 661; x_wconf 89' lang='grc' dir='ltr'>γου</span> <span class='ocrx_word' id='word_1_124' title='bbox 2150 589 2358 642; x_wconf 87' lang='grc' dir='ltr'>ἀκούων</span> <span class='ocrx_word' id='word_1_125' title='bbox 2387 589 2589 663; x_wconf 79' lang='grc' dir='ltr'>ἠγάπα,</span> <span class='ocrx_word' id='word_1_126' title='bbox 2624 589 2711 642; x_wconf 82' lang='grc' dir='ltr'>καὶ</span> <span class='ocrx_word' id='word_1_127' title='bbox 2745 586 2904 664; x_wconf 82' lang='grc' dir='ltr'>φίλος</span> <span class='ocrx_word' id='word_1_128' title='bbox 2932 589 2997 656; x_wconf 73' lang='grc' dir='ltr'>ἦν</span> <span class='ocrx_word' id='word_1_129' title='bbox 3040 585 3092 647; x_wconf 83' lang='grc' dir='ltr'>ἐς</span> <span class='ocrx_word' id='word_1_130' title='bbox 3146 586 3213 640; x_wconf 75' lang='grc' dir='ltr'>τὰ</span> <span class='ocrx_word' id='word_1_131' title='bbox 3264 585 3502 657; x_wconf 84' lang='grc' dir='ltr'>μάλιστα</span> <span class='ocrx_word' id='word_1_132' title='bbox 3556 588 3662 637; x_wconf 82' lang='grc' dir='ltr'>τῶν</span> 
     </span>
    </p>
   </div>
   <div class='ocr_carea' id='block_1_19' title="bbox 2020 671 3662 748">
    <p class='ocr_par' dir='ltr' id='par_1_19' title="bbox 2020 671 3662 748">
     <span class='ocr_line' id='line_1_19' title="bbox 2020 671 3662 748; baseline -0.003 -18"><span class='ocrx_word' id='word_1_133' title='bbox 2020 677 2311 745; x_wconf 80' lang='grc' dir='ltr'>τοιούτων,</span> <span class='ocrx_word' id='word_1_134' title='bbox 2344 677 2416 737; x_wconf 84' lang='grc' dir='ltr'>ὡς</span> <span class='ocrx_word' id='word_1_135' title='bbox 2445 675 2533 729; x_wconf 82' lang='grc' dir='ltr'>καὶ</span> <span class='ocrx_word' id='word_1_136' title='bbox 2568 674 2725 736; x_wconf 79' lang='grc' dir='ltr'>αὐτὸς</span> <span class='ocrx_word' id='word_1_137' title='bbox 2752 679 2849 729; x_wconf 88' lang='grc' dir='ltr'>τοῦ</span> <span class='ocrx_word' id='word_1_138' title='bbox 2903 673 3075 729; x_wconf 86' lang='grc' dir='ltr'>καλοῦ</span> <span class='ocrx_word' id='word_1_139' title='bbox 3134 674 3355 748; x_wconf 71' lang='grc' dir='ltr'>μετέχοι</span> <span class='ocrx_word' id='word_1_140' title='bbox 3417 671 3490 734; x_wconf 84' lang='grc' dir='ltr'>ὡς</span> <span class='ocrx_word' id='word_1_141' title='bbox 3546 673 3662 745; x_wconf 84' lang='grc' dir='ltr'>ἄρι-</span> 
     </span>
    </p>
   </div>
   <div class='ocr_carea' id='block_1_20' title="bbox 2024 759 3664 839">
    <p class='ocr_par' dir='ltr' id='par_1_20' title="bbox 2024 759 3664 839">
     <span class='ocr_line' id='line_1_20' title="bbox 2024 759 3664 839; baseline -0.001 -22"><span class='ocrx_word' id='word_1_142' title='bbox 2024 785 2140 819; x_wconf 87' lang='grc' dir='ltr'>στα.</span> <span class='ocrx_word' id='word_1_143' title='bbox 2177 767 2397 839; x_wconf 74' lang='grc' dir='ltr'>Ἀρετῆς</span> <span class='ocrx_word' id='word_1_144' title='bbox 2458 762 2513 817; x_wconf 71' lang='grc' dir='ltr'>δὲ</span> <span class='ocrx_word' id='word_1_145' title='bbox 2573 770 2737 837; x_wconf 83' lang='grc' dir='ltr'>μετῆν</span> <span class='ocrx_word' id='word_1_146' title='bbox 2791 761 2869 835; x_wconf 82' lang='grc' dir='ltr'>τῷ</span> <span class='ocrx_word' id='word_1_147' title='bbox 2926 759 3078 836; x_wconf 81' lang='grc' dir='ltr'>ἀνδρὶ</span> <span class='ocrx_word' id='word_1_148' title='bbox 3125 761 3232 836; x_wconf 77' lang='grc' dir='ltr'>οὐχ</span> <span class='ocrx_word' id='word_1_149' title='bbox 3259 762 3319 829; x_wconf 79' lang='grc' dir='ltr'>ἢν</span> <span class='ocrx_word' id='word_1_150' title='bbox 3351 759 3409 814; x_wconf 79' lang='grc' dir='ltr'>ἂν</span> <span class='ocrx_word' id='word_1_151' title='bbox 3445 762 3494 815; x_wconf 76' lang='grc' dir='ltr'>οἱ</span> <span class='ocrx_word' id='word_1_152' title='bbox 3526 782 3664 837; x_wconf 87' lang='grc' dir='ltr'>παρ-</span> 
     </span>
    </p>
   </div>
   <div class='ocr_carea' id='block_1_21' title="bbox 2025 846 3662 926">
    <p class='ocr_par' dir='ltr' id='par_1_21' title="bbox 2025 846 3662 926">
     <span class='ocr_line' id='line_1_21' title="bbox 2025 846 3662 926; baseline -0.001 -21"><span class='ocrx_word' id='word_1_153' title='bbox 2025 853 2175 913; x_wconf 86' lang='grc' dir='ltr'>όντες</span> <span class='ocrx_word' id='word_1_154' title='bbox 2234 852 2456 923; x_wconf 66' lang='grc' dir='ltr'>αἶνοῖεν,</span> <span class='ocrx_word' id='word_1_155' title='bbox 2490 852 2524 921; x_wconf 71' lang='grc' dir='ltr'><strong>ἢ</strong></span> <span class='ocrx_word' id='word_1_156' title='bbox 2591 852 2801 925; x_wconf 76' lang='grc' dir='ltr'>μᾶλλον</span> <span class='ocrx_word' id='word_1_157' title='bbox 2865 852 2915 905; x_wconf 79' lang='grc' dir='ltr'>οἱ</span> <span class='ocrx_word' id='word_1_158' title='bbox 2973 852 3099 926; x_wconf 83' lang='grc' dir='ltr'>παρ’</span> <span class='ocrx_word' id='word_1_159' title='bbox 3129 851 3339 906; x_wconf 71' lang='grc' dir='ltr'>ἑαυτοῖς</span> <span class='ocrx_word' id='word_1_160' title='bbox 3399 846 3662 925; x_wconf 66' lang='grc' dir='ltr'>προῦχειν</span> 
     </span>
    </p>
   </div>
   <div class='ocr_carea' id='block_1_22' title="bbox 2026 938 3665 1016">
    <p class='ocr_par' dir='ltr' id='par_1_22' title="bbox 2026 938 3665 1016">
     <span class='ocr_line' id='line_1_22' title="bbox 2026 938 3665 1016; baseline -0.002 -20"><span class='ocrx_word' id='word_1_161' title='bbox 2026 940 2310 1004; x_wconf 82' lang='grc' dir='ltr'>δοκοῦντες</span> <span class='ocrx_word' id='word_1_162' title='bbox 2338 946 2445 995; x_wconf 81' lang='grc' dir='ltr'>τῶν</span> <span class='ocrx_word' id='word_1_163' title='bbox 2480 938 2689 1013; x_wconf 74' lang='grc' dir='ltr'>ἄλλων,</span> <span class='ocrx_word' id='word_1_164' title='bbox 2728 942 2991 1015; x_wconf 82' lang='grc' dir='ltr'>βρώματα</span> <span class='ocrx_word' id='word_1_165' title='bbox 3019 940 3109 993; x_wconf 83' lang='grc' dir='ltr'>καὶ</span> <span class='ocrx_word' id='word_1_166' title='bbox 3167 938 3349 1000; x_wconf 84' lang='grc' dir='ltr'>πόσεις</span> <span class='ocrx_word' id='word_1_167' title='bbox 3409 938 3665 1016; x_wconf 87' lang='grc' dir='ltr'>φιλοκρι-</span> 
     </span>
    </p>
   </div>
   <div class='ocr_carea' id='block_1_23' title="bbox 2025 1027 3662 1102">
    <p class='ocr_par' dir='ltr' id='par_1_23' title="bbox 2025 1027 3662 1102">
     <span class='ocr_line' id='line_1_23' title="bbox 2025 1027 3662 1102; baseline -0.001 -19"><span class='ocrx_word' id='word_1_168' title='bbox 2025 1034 2241 1091; x_wconf 88' lang='grc' dir='ltr'>νοῦντες</span> <span class='ocrx_word' id='word_1_169' title='bbox 2295 1029 2383 1084; x_wconf 78' lang='grc' dir='ltr'>καὶ</span> <span class='ocrx_word' id='word_1_170' title='bbox 2443 1029 2652 1102; x_wconf 73' lang='grc' dir='ltr'>ἡμέρας</span> <span class='ocrx_word' id='word_1_171' title='bbox 2702 1029 2907 1082; x_wconf 84' lang='grc' dir='ltr'>τούτων</span> <span class='ocrx_word' id='word_1_172' title='bbox 2963 1027 3168 1098; x_wconf 77' lang='grc' dir='ltr'>ἑκάστῳ</span> <span class='ocrx_word' id='word_1_173' title='bbox 3216 1027 3521 1102; x_wconf 74' lang='grc' dir='ltr'>πρεπούσας</span> <span class='ocrx_word' id='word_1_174' title='bbox 3574 1027 3662 1081; x_wconf 83' lang='grc' dir='ltr'>καὶ</span> 
     </span>
    </p>
   </div>
   <div class='ocr_carea' id='block_1_24' title="bbox 2026 1113 3661 1191">
    <p class='ocr_par' dir='ltr' id='par_1_24' title="bbox 2026 1113 3661 1191">
     <span class='ocr_line' id='line_1_24' title="bbox 2026 1113 3661 1191; baseline -0.001 -19"><span class='ocrx_word' id='word_1_175' title='bbox 2026 1119 2172 1191; x_wconf 76' lang='grc' dir='ltr'>παρὰ</span> <span class='ocrx_word' id='word_1_176' title='bbox 2198 1118 2260 1171; x_wconf 91' lang='grc' dir='ltr'>τὸ</span> <span class='ocrx_word' id='word_1_177' title='bbox 2294 1116 2435 1179; x_wconf 62' lang='grc' dir='ltr'>είκὸς</span> <span class='ocrx_word' id='word_1_178' title='bbox 2468 1118 2884 1191; x_wconf 75' lang='grc' dir='ltr'>προσνέμοντες,</span> <span class='ocrx_word' id='word_1_179' title='bbox 2916 1119 3052 1188; x_wconf 81' lang='grc' dir='ltr'>πεζῇ</span> <span class='ocrx_word' id='word_1_180' title='bbox 3108 1137 3166 1170; x_wconf 89' lang='grc' dir='ltr'>τε</span> <span class='ocrx_word' id='word_1_181' title='bbox 3216 1115 3305 1169; x_wconf 82' lang='grc' dir='ltr'>καὶ</span> <span class='ocrx_word' id='word_1_182' title='bbox 3369 1113 3537 1190; x_wconf 84' lang='grc' dir='ltr'>βάδην</span> <span class='ocrx_word' id='word_1_183' title='bbox 3568 1117 3661 1170; x_wconf 72' lang='grc' dir='ltr'>αἱ-</span> 
     </span>
    </p>
   </div>
   <div class='ocr_carea' id='block_1_25' title="bbox 2027 1201 3665 1279">
    <p class='ocr_par' dir='ltr' id='par_1_25' title="bbox 2027 1201 3665 1279">
     <span class='ocr_line' id='line_1_25' title="bbox 2027 1201 3665 1279; baseline -0.001 -20"><span class='ocrx_word' id='word_1_184' title='bbox 2027 1205 2284 1277; x_wconf 81' lang='grc' dir='ltr'>ρούμενοι</span> <span class='ocrx_word' id='word_1_185' title='bbox 2318 1205 2624 1279; x_wconf 73' lang='grc' dir='ltr'>διέρχεσθαι</span> <span class='ocrx_word' id='word_1_186' title='bbox 2654 1206 2749 1266; x_wconf 77' lang='grc' dir='ltr'>τὰς</span> <span class='ocrx_word' id='word_1_187' title='bbox 2792 1203 2972 1270; x_wconf 78' lang='grc' dir='ltr'>ὁδοὺς,</span> <span class='ocrx_word' id='word_1_188' title='bbox 3003 1201 3357 1265; x_wconf 83' lang='grc' dir='ltr'>ἀνιπτόποδες</span> <span class='ocrx_word' id='word_1_189' title='bbox 3412 1204 3502 1258; x_wconf 84' lang='grc' dir='ltr'>καὶ</span> <span class='ocrx_word' id='word_1_190' title='bbox 3558 1223 3665 1279; x_wconf 76' lang='grc' dir='ltr'>χα-</span> 
     </span>
    </p>
   </div>
   <div class='ocr_carea' id='block_1_26' title="bbox 2031 1289 3659 1367">
    <p class='ocr_par' dir='ltr' id='par_1_26' title="bbox 2031 1289 3659 1367">
     <span class='ocr_line' id='line_1_26' title="bbox 2031 1289 3659 1367; baseline -0.002 -20"><span class='ocrx_word' id='word_1_191' title='bbox 2031 1298 2275 1365; x_wconf 81' lang='grc' dir='ltr'>μαιεῦναι</span> <span class='ocrx_word' id='word_1_192' title='bbox 2304 1294 2391 1347; x_wconf 76' lang='grc' dir='ltr'>καὶ</span> <span class='ocrx_word' id='word_1_193' title='bbox 2425 1292 2817 1367; x_wconf 74' lang='grc' dir='ltr'>μονοχίτωνες,</span> <span class='ocrx_word' id='word_1_194' title='bbox 2851 1292 2900 1346; x_wconf 80' lang='grc' dir='ltr'>ἐν</span> <span class='ocrx_word' id='word_1_195' title='bbox 2937 1290 3169 1365; x_wconf 70' lang='grc' dir='ltr'>δευτέρῳ</span> <span class='ocrx_word' id='word_1_196' title='bbox 3218 1289 3274 1345; x_wconf 78' lang='grc' dir='ltr'>δὶ</span> <span class='ocrx_word' id='word_1_197' title='bbox 3319 1291 3524 1345; x_wconf 80' lang='grc' dir='ltr'>τούτων</span> <span class='ocrx_word' id='word_1_198' title='bbox 3568 1292 3659 1346; x_wconf 82' lang='grc' dir='ltr'>τὸν</span> 
     </span>
    </p>
   </div>
   <div class='ocr_carea' id='block_1_27' title="bbox 2027 1377 3661 1456">
    <p class='ocr_par' dir='ltr' id='par_1_27' title="bbox 2027 1377 3661 1456">
     <span class='ocr_line' id='line_1_27' title="bbox 2027 1377 3661 1456; baseline -0.002 -21"><span class='ocrx_word' id='word_1_199' title='bbox 2027 1383 2203 1435; x_wconf 72' lang='grc' dir='ltr'>οἶκτον</span> <span class='ocrx_word' id='word_1_200' title='bbox 2236 1381 2326 1435; x_wconf 76' lang='grc' dir='ltr'>καὶ</span> <span class='ocrx_word' id='word_1_201' title='bbox 2358 1381 2455 1448; x_wconf 72' lang='grc' dir='ltr'>τὴν</span> <span class='ocrx_word' id='word_1_202' title='bbox 2491 1380 2701 1455; x_wconf 75' lang='grc' dir='ltr'>ἀγάπην</span> <span class='ocrx_word' id='word_1_203' title='bbox 2734 1377 3026 1453; x_wconf 81' lang='grc' dir='ltr'>τιθέμενοι,</span> <span class='ocrx_word' id='word_1_204' title='bbox 3060 1377 3135 1434; x_wconf 79' lang='grc' dir='ltr'>ἔτι</span> <span class='ocrx_word' id='word_1_205' title='bbox 3170 1377 3228 1434; x_wconf 72' lang='grc' dir='ltr'>δὲ</span> <span class='ocrx_word' id='word_1_206' title='bbox 3279 1378 3368 1433; x_wconf 86' lang='grc' dir='ltr'>καὶ</span> <span class='ocrx_word' id='word_1_207' title='bbox 3425 1381 3523 1447; x_wconf 75' lang='grc' dir='ltr'>τὴν</span> <span class='ocrx_word' id='word_1_208' title='bbox 3575 1401 3661 1456; x_wconf 84' lang='grc' dir='ltr'>φι-</span> 
     </span>
    </p>
   </div>
   <div class='ocr_carea' id='block_1_28' title="bbox 2027 1467 3660 1542">
    <p class='ocr_par' dir='ltr' id='par_1_28' title="bbox 2027 1467 3660 1542">
     <span class='ocr_line' id='line_1_28' title="bbox 2027 1467 3660 1542; baseline -0.001 -19"><span class='ocrx_word' id='word_1_209' title='bbox 2027 1468 2371 1541; x_wconf 84' lang='grc' dir='ltr'>λανθρωπίαν</span> <span class='ocrx_word' id='word_1_210' title='bbox 2403 1471 2491 1523; x_wconf 84' lang='grc' dir='ltr'>καὶ</span> <span class='ocrx_word' id='word_1_211' title='bbox 2523 1472 2620 1538; x_wconf 80' lang='grc' dir='ltr'>τήν</span> <span class='ocrx_word' id='word_1_212' title='bbox 2666 1469 2997 1542; x_wconf 79' lang='grc' dir='ltr'>συμπάθειαν</span> <span class='ocrx_word' id='word_1_213' title='bbox 3056 1469 3146 1522; x_wconf 81' lang='grc' dir='ltr'>καὶ</span> <span class='ocrx_word' id='word_1_214' title='bbox 3194 1469 3255 1522; x_wconf 87' lang='grc' dir='ltr'>τὸ</span> <span class='ocrx_word' id='word_1_215' title='bbox 3305 1467 3432 1523; x_wconf 81' lang='grc' dir='ltr'>ὅλον</span> <span class='ocrx_word' id='word_1_216' title='bbox 3492 1467 3660 1521; x_wconf 79' lang='grc' dir='ltr'>εἰπεῖν</span> 
     </span>
    </p>
   </div>
   <div class='ocr_carea' id='block_1_29' title="bbox 2024 1552 3659 1632">
    <p class='ocr_par' dir='ltr' id='par_1_29' title="bbox 2024 1552 3659 1632">
     <span class='ocr_line' id='line_1_29' title="bbox 2024 1552 3659 1632; baseline -0.002 -20"><span class='ocrx_word' id='word_1_217' title='bbox 2024 1559 2123 1627; x_wconf 75' lang='grc' dir='ltr'>τὴν</span> <span class='ocrx_word' id='word_1_218' title='bbox 2158 1555 2447 1632; x_wconf 79' lang='grc' dir='ltr'>διάκρισιν,</span> <span class='ocrx_word' id='word_1_219' title='bbox 2477 1554 2712 1632; x_wconf 85' lang='grc' dir='ltr'>σκληροί</span> <span class='ocrx_word' id='word_1_220' title='bbox 2757 1579 2898 1619; x_wconf 89' lang='grc' dir='ltr'>τινες</span> <span class='ocrx_word' id='word_1_221' title='bbox 2958 1552 3107 1620; x_wconf 81' lang='grc' dir='ltr'>ὅντες</span> <span class='ocrx_word' id='word_1_222' title='bbox 3154 1557 3241 1611; x_wconf 85' lang='grc' dir='ltr'>καὶ</span> <span class='ocrx_word' id='word_1_223' title='bbox 3300 1561 3414 1617; x_wconf 82' lang='grc' dir='ltr'>τοῖς</span> <span class='ocrx_word' id='word_1_224' title='bbox 3463 1554 3659 1617; x_wconf 77' lang='grc' dir='ltr'>ἄλλοις</span> 
     </span>
    </p>
   </div>
   <div class='ocr_carea' id='block_1_30' title="bbox 2029 1645 3658 1722">
    <p class='ocr_par' dir='ltr' id='par_1_30' title="bbox 2029 1645 3658 1722">
     <span class='ocr_line' id='line_1_30' title="bbox 2029 1645 3658 1722; baseline -0.002 -22"><span class='ocrx_word' id='word_1_225' title='bbox 2029 1648 2344 1719; x_wconf 82' lang='grc' dir='ltr'>μωμητικοὶ</span> <span class='ocrx_word' id='word_1_226' title='bbox 2400 1647 2488 1699; x_wconf 84' lang='grc' dir='ltr'>καὶ</span> <span class='ocrx_word' id='word_1_227' title='bbox 2548 1647 2937 1720; x_wconf 74' lang='grc' dir='ltr'>μεμψίμοιροι,</span> <span class='ocrx_word' id='word_1_228' title='bbox 2971 1645 3045 1707; x_wconf 84' lang='grc' dir='ltr'>ὡς</span> <span class='ocrx_word' id='word_1_229' title='bbox 3103 1647 3313 1706; x_wconf 65' lang='grc' dir='ltr'>ἑαυτοῖς</span> <span class='ocrx_word' id='word_1_230' title='bbox 3363 1646 3511 1722; x_wconf 82' lang='grc' dir='ltr'>σφίσι</span> <span class='ocrx_word' id='word_1_231' title='bbox 3568 1646 3658 1698; x_wconf 82' lang='grc' dir='ltr'>καὶ</span> 
     </span>
    </p>
   </div>
   <div class='ocr_carea' id='block_1_31' title="bbox 2030 1732 3660 1810">
    <p class='ocr_par' dir='ltr' id='par_1_31' title="bbox 2030 1732 3660 1810">
     <span class='ocr_line' id='line_1_31' title="bbox 2030 1732 3660 1810; baseline -0.001 -21"><span class='ocrx_word' id='word_1_232' title='bbox 2030 1734 2217 1807; x_wconf 89' lang='grc' dir='ltr'>μόνοις</span> <span class='ocrx_word' id='word_1_233' title='bbox 2273 1735 2370 1801; x_wconf 74' lang='grc' dir='ltr'>τήν</span> <span class='ocrx_word' id='word_1_234' title='bbox 2432 1734 2625 1809; x_wconf 71' lang='grc' dir='ltr'>ἀρετὴν</span> <span class='ocrx_word' id='word_1_235' title='bbox 2668 1740 2966 1809; x_wconf 81' lang='grc' dir='ltr'>περιποιεῖν</span> <span class='ocrx_word' id='word_1_236' title='bbox 3001 1732 3337 1810; x_wconf 73' lang='grc' dir='ltr'>αἱρούμενοι,</span> <span class='ocrx_word' id='word_1_237' title='bbox 3369 1734 3461 1788; x_wconf 71' lang='grc' dir='ltr'>κᾶν</span> <span class='ocrx_word' id='word_1_238' title='bbox 3524 1733 3553 1789; x_wconf 77' lang='lat'>6&#39;</span> <span class='ocrx_word' id='word_1_239' title='bbox 3608 1755 3660 1787; x_wconf 92' lang='grc' dir='ltr'>τι</span> 
     </span>
    </p>
   </div>
   <div class='ocr_carea' id='block_1_32' title="bbox 261 1816 3661 1919">
    <p class='ocr_par' dir='ltr' id='par_1_32' title="bbox 261 1816 3661 1919">
     <span class='ocr_line' id='line_1_32' title="bbox 261 1816 3661 1919; baseline 0.002 -48"><span class='ocrx_word' id='word_1_240' title='bbox 261 1816 774 1893; x_wconf 84' lang='grc' dir='ltr'>Ἀδριανουπόλεως</span> <span class='ocrx_word' id='word_1_241' title='bbox 807 1824 1089 1891; x_wconf 79' lang='grc' dir='ltr'>Γερμανῷ,</span> <span class='ocrx_word' id='word_1_242' title='bbox 1118 1817 1271 1894; x_wconf 77' lang='grc' dir='ltr'>ἀνδρὶ</span> <span class='ocrx_word' id='word_1_243' title='bbox 1314 1820 1580 1897; x_wconf 69' lang='grc' dir='ltr'>ἐλευθέρῳ</span> <span class='ocrx_word' id='word_1_244' title='bbox 1637 1824 1727 1877; x_wconf 79' lang='grc' dir='ltr'>τὸν</span> <span class='ocrx_word' id='word_1_245' title='bbox 1784 1824 1913 1898; x_wconf 89' lang='grc' dir='ltr'>τρό-</span> <span class='ocrx_word' id='word_1_246' title='bbox 1947 1858 1993 1919; x_wconf 78' lang='grc' dir='ltr'><strong>Β</strong></span> <span class='ocrx_word' id='word_1_247' title='bbox 2026 1823 2219 1877; x_wconf 77' lang='grc' dir='ltr'>ἐκεῖνοι</span> <span class='ocrx_word' id='word_1_248' title='bbox 2253 1822 2341 1876; x_wconf 86' lang='grc' dir='ltr'>καὶ</span> <span class='ocrx_word' id='word_1_249' title='bbox 2399 1822 2706 1895; x_wconf 86' lang='grc' dir='ltr'>πράττοιεν,</span> <span class='ocrx_word' id='word_1_250' title='bbox 2741 1820 2868 1877; x_wconf 82' lang='grc' dir='ltr'>ἀΛλ’</span> <span class='ocrx_word' id='word_1_251' title='bbox 2898 1825 3093 1896; x_wconf 79' lang='grc' dir='ltr'>ἀρετῆς</span> <span class='ocrx_word' id='word_1_252' title='bbox 3149 1830 3247 1892; x_wconf 75' lang='grc' dir='ltr'>τῆς</span> <span class='ocrx_word' id='word_1_253' title='bbox 3305 1824 3422 1877; x_wconf 83' lang='grc' dir='ltr'>κατ’</span> <span class='ocrx_word' id='word_1_254' title='bbox 3453 1821 3661 1899; x_wconf 78' lang='grc' dir='ltr'>ἅνθρω-</span> 
     </span>
    </p>
   </div>
   <div class='ocr_carea' id='block_1_33' title="bbox 268 1904 1912 1983">
    <p class='ocr_par' dir='ltr' id='par_1_33' title="bbox 268 1904 1912 1983">
     <span class='ocr_line' id='line_1_33' title="bbox 268 1904 1912 1983; baseline 0.004 -24"><span class='ocrx_word' id='word_1_255' title='bbox 268 1927 377 1960; x_wconf 84' lang='grc' dir='ltr'>πον</span> <span class='ocrx_word' id='word_1_256' title='bbox 408 1907 497 1960; x_wconf 86' lang='grc' dir='ltr'>καὶ</span> <span class='ocrx_word' id='word_1_257' title='bbox 530 1908 703 1981; x_wconf 72' lang='grc' dir='ltr'>ἱεραῖς</span> <span class='ocrx_word' id='word_1_258' title='bbox 735 1904 1082 1982; x_wconf 80' lang='grc' dir='ltr'>διεξαγωγαῖς</span> <span class='ocrx_word' id='word_1_259' title='bbox 1113 1909 1394 1983; x_wconf 71' lang='grc' dir='ltr'>πρέποντι,</span> <span class='ocrx_word' id='word_1_260' title='bbox 1428 1904 1504 1963; x_wconf 78' lang='grc' dir='ltr'>ἔτι</span> <span class='ocrx_word' id='word_1_261' title='bbox 1566 1908 1622 1964; x_wconf 70' lang='grc' dir='ltr'>δὲ</span> <span class='ocrx_word' id='word_1_262' title='bbox 1671 1912 1759 1963; x_wconf 76' lang='grc' dir='ltr'>καὶ</span> <span class='ocrx_word' id='word_1_263' title='bbox 1815 1913 1912 1979; x_wconf 73' lang='grc' dir='ltr'>τὴν</span> 
     </span>
    </p>
   </div>
   <div class='ocr_carea' id='block_1_34' title="bbox 267 1992 1916 2069">
    <p class='ocr_par' dir='ltr' id='par_1_34' title="bbox 267 1992 1916 2069">
     <span class='ocr_line' id='line_1_34' title="bbox 267 1992 1916 2069; baseline 0.002 -20"><span class='ocrx_word' id='word_1_264' title='bbox 267 1993 332 2049; x_wconf 80' lang='grc' dir='ltr'>ἐκ</span> <span class='ocrx_word' id='word_1_265' title='bbox 391 1992 662 2069; x_wconf 72' lang='grc' dir='ltr'>βασιλέως</span> <span class='ocrx_word' id='word_1_266' title='bbox 718 1994 776 2048; x_wconf 79' lang='grc' dir='ltr'>ἐκ</span> <span class='ocrx_word' id='word_1_267' title='bbox 832 1996 1069 2050; x_wconf 82' lang='grc' dir='ltr'>παλαιοῦ</span> <span class='ocrx_word' id='word_1_268' title='bbox 1126 1997 1455 2051; x_wconf 71' lang='grc' dir='ltr'>πλουτοῦντι</span> <span class='ocrx_word' id='word_1_269' title='bbox 1516 1996 1773 2062; x_wconf 77' lang='grc' dir='ltr'>διάθεσιν.</span> <span class='ocrx_word' id='word_1_270' title='bbox 1824 2001 1916 2052; x_wconf 83' lang='grc' dir='ltr'>Ὧν</span> 
     </span>
    </p>
   </div>
   <div class='ocr_carea' id='block_1_35' title="bbox 263 2082 1918 2163">
    <p class='ocr_par' dir='ltr' id='par_1_35' title="bbox 263 2082 1918 2163">
     <span class='ocr_line' id='line_1_35' title="bbox 263 2082 1918 2163; baseline 0.003 -27"><span class='ocrx_word' id='word_1_271' title='bbox 263 2084 374 2155; x_wconf 78' lang='grc' dir='ltr'>γάρ</span> <span class='ocrx_word' id='word_1_272' title='bbox 408 2083 435 2137; x_wconf 81' lang='grc' dir='ltr'>ὁ</span> <span class='ocrx_word' id='word_1_273' title='bbox 466 2082 599 2155; x_wconf 76' lang='grc' dir='ltr'>ἀνὴρ</span> <span class='ocrx_word' id='word_1_274' title='bbox 631 2088 747 2143; x_wconf 86' lang='grc' dir='ltr'>ταῖς</span> <span class='ocrx_word' id='word_1_275' title='bbox 780 2082 1059 2150; x_wconf 77' lang='grc' dir='ltr'>ἀληθείαις</span> <span class='ocrx_word' id='word_1_276' title='bbox 1096 2083 1401 2161; x_wconf 84' lang='grc' dir='ltr'>φιλόκαλος</span> <span class='ocrx_word' id='word_1_277' title='bbox 1466 2086 1558 2157; x_wconf 77' lang='grc' dir='ltr'>μὶν</span> <span class='ocrx_word' id='word_1_278' title='bbox 1613 2088 1701 2141; x_wconf 80' lang='grc' dir='ltr'>καὶ</span> <span class='ocrx_word' id='word_1_279' title='bbox 1761 2086 1918 2163; x_wconf 83' lang='grc' dir='ltr'>φιλο-</span> 
     </span>
    </p>
   </div>
   <div class='ocr_carea' id='block_1_36' title="bbox 267 2170 1915 2247">
    <p class='ocr_par' dir='ltr' id='par_1_36' title="bbox 267 2170 1915 2247">
     <span class='ocr_line' id='line_1_36' title="bbox 267 2170 1915 2247; baseline 0.001 -19"><span class='ocrx_word' id='word_1_280' title='bbox 267 2173 442 2247; x_wconf 85' lang='grc' dir='ltr'>λόγος</span> <span class='ocrx_word' id='word_1_281' title='bbox 472 2170 524 2233; x_wconf 87' lang='grc' dir='ltr'>ἐς</span> <span class='ocrx_word' id='word_1_282' title='bbox 549 2170 733 2245; x_wconf 77' lang='grc' dir='ltr'>ἄκρον,</span> <span class='ocrx_word' id='word_1_283' title='bbox 764 2172 930 2227; x_wconf 86' lang='grc' dir='ltr'>καλὸν</span> <span class='ocrx_word' id='word_1_284' title='bbox 965 2170 1011 2227; x_wconf 88' lang='grc' dir='ltr'>δ’</span> <span class='ocrx_word' id='word_1_285' title='bbox 1043 2175 1175 2227; x_wconf 79' lang='grc' dir='ltr'>ἅπαν</span> <span class='ocrx_word' id='word_1_286' title='bbox 1212 2171 1370 2235; x_wconf 80' lang='grc' dir='ltr'>εἰδὼς</span> <span class='ocrx_word' id='word_1_287' title='bbox 1399 2175 1427 2228; x_wconf 83' lang='grc' dir='ltr'><strong>’ὀ</strong></span> <span class='ocrx_word' id='word_1_288' title='bbox 1460 2173 1517 2228; x_wconf 80' lang='grc' dir='ltr'>ἂν</span> <span class='ocrx_word' id='word_1_289' title='bbox 1568 2177 1658 2230; x_wconf 79' lang='grc' dir='ltr'>καὶ</span> <span class='ocrx_word' id='word_1_290' title='bbox 1718 2176 1794 2237; x_wconf 85' lang='grc' dir='ltr'>είς</span> <span class='ocrx_word' id='word_1_291' title='bbox 1849 2177 1915 2231; x_wconf 82' lang='grc' dir='ltr'>τὰ</span> 
     </span>
    </p>
   </div>
   <div class='ocr_carea' id='block_1_37' title="bbox 263 2261 1915 2339">
    <p class='ocr_par' dir='ltr' id='par_1_37' title="bbox 263 2261 1915 2339">
     <span class='ocr_line' id='line_1_37' title="bbox 263 2261 1915 2339; baseline 0.003 -24"><span class='ocrx_word' id='word_1_292' title='bbox 263 2264 566 2335; x_wconf 81' lang='grc' dir='ltr'>πράγματα</span> <span class='ocrx_word' id='word_1_293' title='bbox 599 2261 956 2335; x_wconf 86' lang='grc' dir='ltr'>χρησιμεύοι,</span> <span class='ocrx_word' id='word_1_294' title='bbox 993 2264 1067 2333; x_wconf 79' lang='grc' dir='ltr'>μή</span> <span class='ocrx_word' id='word_1_295' title='bbox 1106 2263 1270 2333; x_wconf 84' lang='grc' dir='ltr'>μόνον</span> <span class='ocrx_word' id='word_1_296' title='bbox 1298 2263 1373 2324; x_wconf 87' lang='grc' dir='ltr'>εἰς</span> <span class='ocrx_word' id='word_1_297' title='bbox 1413 2263 1629 2337; x_wconf 78' lang='grc' dir='ltr'>ἀρετὴν,</span> <span class='ocrx_word' id='word_1_298' title='bbox 1664 2265 1718 2319; x_wconf 83' lang='grc' dir='ltr'>ἐν</span> <span class='ocrx_word' id='word_1_299' title='bbox 1778 2286 1915 2339; x_wconf 88' lang='grc' dir='ltr'>προ-</span> 
     </span>
    </p>
   </div>
   <div class='ocr_carea' id='block_1_38' title="bbox 262 2348 1912 2423">
    <p class='ocr_par' dir='ltr' id='par_1_38' title="bbox 262 2348 1912 2423">
     <span class='ocr_line' id='line_1_38' title="bbox 262 2348 1912 2423; baseline 0.002 -19"><span class='ocrx_word' id='word_1_300' title='bbox 262 2352 491 2421; x_wconf 75' lang='grc' dir='ltr'>τιμήσει</span> <span class='ocrx_word' id='word_1_301' title='bbox 542 2348 813 2410; x_wconf 75' lang='grc' dir='ltr'>πολλάκις</span> <span class='ocrx_word' id='word_1_302' title='bbox 860 2354 967 2403; x_wconf 84' lang='grc' dir='ltr'>τῶν</span> <span class='ocrx_word' id='word_1_303' title='bbox 1024 2349 1254 2404; x_wconf 76' lang='grc' dir='ltr'>ἐπαίνων</span> <span class='ocrx_word' id='word_1_304' title='bbox 1313 2350 1473 2413; x_wconf 77' lang='grc' dir='ltr'>ἐτίθει</span> <span class='ocrx_word' id='word_1_305' title='bbox 1524 2352 1614 2405; x_wconf 91' lang='grc' dir='ltr'>τὸν</span> <span class='ocrx_word' id='word_1_306' title='bbox 1678 2356 1792 2423; x_wconf 89' lang='grc' dir='ltr'>μετ’</span> <span class='ocrx_word' id='word_1_307' title='bbox 1830 2352 1912 2407; x_wconf 84' lang='grc' dir='ltr'>ἐν-</span> 
     </span>
    </p>
   </div>
   <div class='ocr_carea' id='block_1_39' title="bbox 265 2435 1913 2516">
    <p class='ocr_par' dir='ltr' id='par_1_39' title="bbox 265 2435 1913 2516">
     <span class='ocr_line' id='line_1_39' title="bbox 265 2435 1913 2516; baseline 0.002 -23"><span class='ocrx_word' id='word_1_308' title='bbox 265 2438 522 2513; x_wconf 87' lang='grc' dir='ltr'>τρεχείας</span> <span class='ocrx_word' id='word_1_309' title='bbox 548 2439 729 2493; x_wconf 88' lang='grc' dir='ltr'>καὶτὸ</span> <span class='ocrx_word' id='word_1_310' title='bbox 761 2438 812 2500; x_wconf 82' lang='grc' dir='ltr'>ἐς</span> <span class='ocrx_word' id='word_1_311' title='bbox 845 2440 1030 2513; x_wconf 69' lang='grc' dir='ltr'>ψυχὴν</span> <span class='ocrx_word' id='word_1_312' title='bbox 1076 2438 1312 2516; x_wconf 69' lang='grc' dir='ltr'>ἀσφαλὲς</span> <span class='ocrx_word' id='word_1_313' title='bbox 1365 2435 1563 2514; x_wconf 79' lang='grc' dir='ltr'>ἔχοντα</span> <span class='ocrx_word' id='word_1_314' title='bbox 1617 2446 1713 2495; x_wconf 90' lang='grc' dir='ltr'>τοῦ</span> <span class='ocrx_word' id='word_1_315' title='bbox 1770 2442 1913 2505; x_wconf 80' lang='grc' dir='ltr'>ὅλως</span> 
     </span>
    </p>
   </div>
   <div class='ocr_carea' id='block_1_40' title="bbox 266 2527 1915 2602">
    <p class='ocr_par' dir='ltr' id='par_1_40' title="bbox 266 2527 1915 2602">
     <span class='ocr_line' id='line_1_40' title="bbox 266 2527 1915 2602; baseline 0.001 -20"><span class='ocrx_word' id='word_1_316' title='bbox 266 2529 436 2602; x_wconf 76' lang='grc' dir='ltr'>ἀρετῇ</span> <span class='ocrx_word' id='word_1_317' title='bbox 496 2530 766 2595; x_wconf 82' lang='grc' dir='ltr'>συζῶντος</span> <span class='ocrx_word' id='word_1_318' title='bbox 824 2531 1027 2601; x_wconf 78' lang='grc' dir='ltr'>γυμνῇ,</span> <span class='ocrx_word' id='word_1_319' title='bbox 1089 2527 1134 2580; x_wconf 79' lang='grc' dir='ltr'>εἰ</span> <span class='ocrx_word' id='word_1_320' title='bbox 1188 2528 1324 2581; x_wconf 85' lang='grc' dir='ltr'>κατά</span> <span class='ocrx_word' id='word_1_321' title='bbox 1385 2529 1501 2601; x_wconf 90' lang='grc' dir='ltr'>βίον</span> <span class='ocrx_word' id='word_1_322' title='bbox 1549 2528 1638 2582; x_wconf 83' lang='grc' dir='ltr'>καὶ</span> <span class='ocrx_word' id='word_1_323' title='bbox 1696 2530 1772 2601; x_wconf 79' lang='grc' dir='ltr'>μὴ</span> <span class='ocrx_word' id='word_1_324' title='bbox 1834 2531 1915 2583; x_wconf 83' lang='grc' dir='ltr'>ἐπ’</span> 
     </span>
    </p>
   </div>
   <div class='ocr_carea' id='block_1_41' title="bbox 263 2613 1916 2690">
    <p class='ocr_par' dir='ltr' id='par_1_41' title="bbox 263 2613 1916 2690">
     <span class='ocr_line' id='line_1_41' title="bbox 263 2613 1916 2690; baseline 0.001 -21"><span class='ocrx_word' id='word_1_325' title='bbox 263 2613 504 2690; x_wconf 80' lang='grc' dir='ltr'>ἐρημίας</span> <span class='ocrx_word' id='word_1_326' title='bbox 537 2613 737 2689; x_wconf 83' lang='grc' dir='ltr'>διάγοι.</span> <span class='ocrx_word' id='word_1_327' title='bbox 771 2616 928 2678; x_wconf 78' lang='grc' dir='ltr'>’Ὁθεν</span> <span class='ocrx_word' id='word_1_328' title='bbox 961 2615 1153 2689; x_wconf 86' lang='grc' dir='ltr'>λόγιος</span> <span class='ocrx_word' id='word_1_329' title='bbox 1182 2615 1275 2687; x_wconf 75' lang='grc' dir='ltr'>μὲν</span> <span class='ocrx_word' id='word_1_330' title='bbox 1306 2616 1411 2669; x_wconf 79' lang='grc' dir='ltr'>οὐκ</span> <span class='ocrx_word' id='word_1_331' title='bbox 1464 2618 1553 2685; x_wconf 71' lang='grc' dir='ltr'>ἦν,</span> <span class='ocrx_word' id='word_1_332' title='bbox 1587 2614 1799 2681; x_wconf 90' lang='grc' dir='ltr'>λογίοις</span> <span class='ocrx_word' id='word_1_333' title='bbox 1860 2615 1916 2671; x_wconf 58' lang='lat' dir='ltr'>Si</span> 
     </span>
    </p>
   </div>
   <div class='ocr_carea' id='block_1_42' title="bbox 276 2832 1922 2903">
    <p class='ocr_par' dir='ltr' id='par_1_42' title="bbox 276 2832 1922 2903">
     <span class='ocr_line' id='line_1_42' title="bbox 276 2832 1922 2903; baseline -0.002 -11"><span class='ocrx_word' id='word_1_334' title='bbox 276 2838 539 2891; x_wconf 84' lang='lat' dir='ltr'>vestrum</span> <span class='ocrx_word' id='word_1_335' title='bbox 575 2832 892 2903; x_wconf 82' lang='lat' dir='ltr'>unicuique</span> <span class='ocrx_word' id='word_1_336' title='bbox 932 2832 1556 2893; x_wconf 82' lang='lat' dir='ltr'>conducat,decernite.</span> <span class='ocrx_word' id='word_1_337' title='bbox 1590 2833 1811 2899; x_wconf 78' lang='lat' dir='ltr'>Videte,</span> <span class='ocrx_word' id='word_1_338' title='bbox 1835 2835 1922 2888; x_wconf 90' lang='lat' dir='ltr'>in-</span> 
     </span>
    </p>
   </div>
   <div class='ocr_carea' id='block_1_43' title="bbox 290 2920 1922 2994">
    <p class='ocr_par' dir='ltr' id='par_1_43' title="bbox 290 2920 1922 2994">
     <span class='ocr_line' id='line_1_43' title="bbox 290 2920 1922 2994; baseline -0.001 -17"><span class='ocrx_word' id='word_1_339' title='bbox 290 2939 491 2994; x_wconf 82' lang='lat' dir='ltr'>quam,</span> <span class='ocrx_word' id='word_1_340' title='bbox 528 2939 597 2977; x_wconf 89' lang='lat' dir='ltr'>au</span> <span class='ocrx_word' id='word_1_341' title='bbox 632 2938 741 2976; x_wconf 90' lang='lat' dir='ltr'>non</span> <span class='ocrx_word' id='word_1_342' title='bbox 777 2922 852 2977; x_wconf 97' lang='lat' dir='ltr'>sit</span> <span class='ocrx_word' id='word_1_343' title='bbox 890 2920 1097 2975; x_wconf 90' lang='lat' dir='ltr'>melius</span> <span class='ocrx_word' id='word_1_344' title='bbox 1120 2920 1309 2990; x_wconf 84' lang='lat' dir='ltr'>quiete</span> <span class='ocrx_word' id='word_1_345' title='bbox 1338 2921 1585 2976; x_wconf 91' lang='lat' dir='ltr'>vivendo</span> <span class='ocrx_word' id='word_1_346' title='bbox 1616 2921 1784 2976; x_wconf 83' lang='lat' dir='ltr'>bonis</span> <span class='ocrx_word' id='word_1_347' title='bbox 1810 2922 1922 2976; x_wconf 86' lang='lat' dir='ltr'>frui</span> 
     </span>
    </p>
   </div>
   <div class='ocr_carea' id='block_1_44' title="bbox 273 3009 1919 3084">
    <p class='ocr_par' dir='ltr' id='par_1_44' title="bbox 273 3009 1919 3084">
     <span class='ocr_line' id='line_1_44' title="bbox 273 3009 1919 3084; baseline 0 -19"><span class='ocrx_word' id='word_1_348' title='bbox 273 3028 453 3084; x_wconf 90' lang='lat' dir='ltr'>quam</span> <span class='ocrx_word' id='word_1_349' title='bbox 488 3010 811 3065; x_wconf 90' lang='lat' dir='ltr'>intricando</span> <span class='ocrx_word' id='word_1_350' title='bbox 834 3025 895 3064; x_wconf 88' lang='lat' dir='ltr'>se</span> <span class='ocrx_word' id='word_1_351' title='bbox 928 3010 1101 3064; x_wconf 82' lang='lat' dir='ltr'>rebus</span> <span class='ocrx_word' id='word_1_352' title='bbox 1126 3026 1189 3063; x_wconf 85' lang='lat' dir='ltr'>as</span> <span class='ocrx_word' id='word_1_353' title='bbox 1220 3025 1319 3063; x_wconf 88' lang='lat' dir='ltr'>vos</span> <span class='ocrx_word' id='word_1_354' title='bbox 1354 3009 1496 3063; x_wconf 87' lang='lat' dir='ltr'>nihil</span> <span class='ocrx_word' id='word_1_355' title='bbox 1530 3009 1919 3065; x_wconf 87' lang='lat' dir='ltr'>attinentibus</span> 
     </span>
    </p>
   </div>
   <div class='ocr_carea' id='block_1_45' title="bbox 277 3096 1361 3170">
    <p class='ocr_par' dir='ltr' id='par_1_45' title="bbox 277 3096 1361 3170">
     <span class='ocr_line' id='line_1_45' title="bbox 277 3096 1361 3170; baseline -0.007 -17"><span class='ocrx_word' id='word_1_356' title='bbox 277 3101 337 3153; x_wconf 90' lang='lat' dir='ltr'>in</span> <span class='ocrx_word' id='word_1_357' title='bbox 378 3115 578 3170; x_wconf 88' lang='lat' dir='ltr'>pcenas</span> <span class='ocrx_word' id='word_1_358' title='bbox 608 3098 868 3152; x_wconf 83' lang='lat' dir='ltr'>incidere</span> <span class='ocrx_word' id='word_1_359' title='bbox 900 3096 1296 3169; x_wconf 88' lang='lat' dir='ltr'>gravissimas.</span> <span class='ocrx_word' id='word_1_360' title='bbox 1334 3119 1361 3146; x_wconf 86' lang='grc'><strong>››</strong></span> 
     </span>
    </p>
   </div>
   <div class='ocr_carea' id='block_1_46' title="bbox 278 3246 1899 3319">
    <p class='ocr_par' dir='ltr' id='par_1_46' title="bbox 278 3246 1899 3319">
     <span class='ocr_line' id='line_1_46' title="bbox 278 3246 1899 3319; baseline 0 -16"><span class='ocrx_word' id='word_1_361' title='bbox 278 3248 368 3304; x_wconf 85' lang='grc'>12.</span> <span class='ocrx_word' id='word_1_362' title='bbox 401 3250 463 3304; x_wconf 84' lang='lat' dir='ltr'>Ut</span> <span class='ocrx_word' id='word_1_363' title='bbox 491 3248 776 3319; x_wconf 69' lang='lat' dir='ltr'>suffragiis</span> <span class='ocrx_word' id='word_1_364' title='bbox 805 3249 1009 3303; x_wconf 78' lang='lat' dir='ltr'>electus</span> <span class='ocrx_word' id='word_1_365' title='bbox 1038 3246 1109 3301; x_wconf 81' lang='lat' dir='ltr'>sit</span> <span class='ocrx_word' id='word_1_366' title='bbox 1148 3247 1205 3301; x_wconf 79' lang='lat' dir='ltr'>in</span> <span class='ocrx_word' id='word_1_367' title='bbox 1225 3248 1610 3319; x_wconf 81' lang='lat' dir='ltr'>patriarcham</span> <span class='ocrx_word' id='word_1_368' title='bbox 1634 3248 1899 3303; x_wconf 81' lang='lat' dir='ltr'>Adriano-</span> 
     </span>
    </p>
   </div>
   <div class='ocr_carea' id='block_1_47' title="bbox 345 3318 1838 3391">
    <p class='ocr_par' dir='ltr' id='par_1_47' title="bbox 345 3318 1838 3391">
     <span class='ocr_line' id='line_1_47' title="bbox 345 3318 1838 3391; baseline -0.001 -17"><span class='ocrx_word' id='word_1_369' title='bbox 345 3320 524 3390; x_wconf 75' lang='lat' dir='ltr'>poleos</span> <span class='ocrx_word' id='word_1_370' title='bbox 570 3318 851 3391; x_wconf 67' lang='lat' dir='ltr'>cpiscopus</span> <span class='ocrx_word' id='word_1_371' title='bbox 882 3320 1214 3381; x_wconf 80' lang='lat' dir='ltr'>Germanus;</span> <span class='ocrx_word' id='word_1_372' title='bbox 1243 3324 1295 3374; x_wconf 84' lang='lat' dir='ltr'>et</span> <span class='ocrx_word' id='word_1_373' title='bbox 1320 3319 1501 3389; x_wconf 79' lang='lat' dir='ltr'>qualis</span> <span class='ocrx_word' id='word_1_374' title='bbox 1530 3318 1618 3373; x_wconf 83' lang='lat' dir='ltr'>hic</span> <span class='ocrx_word' id='word_1_375' title='bbox 1645 3322 1838 3388; x_wconf 74' lang='lat' dir='ltr'>fuerit.</span> 
     </span>
    </p>
   </div>
   <div class='ocr_carea' id='block_1_48' title="bbox 341 3451 1914 3523">
    <p class='ocr_par' dir='ltr' id='par_1_48' title="bbox 341 3451 1914 3523">
     <span class='ocr_line' id='line_1_48' title="bbox 341 3451 1914 3523; baseline -0.001 -17"><span class='ocrx_word' id='word_1_376' title='bbox 341 3452 470 3506; x_wconf 71' lang='lat' dir='ltr'>Haec</span> <span class='ocrx_word' id='word_1_377' title='bbox 496 3454 813 3523; x_wconf 80' lang='lat' dir='ltr'>imperator</span> <span class='ocrx_word' id='word_1_378' title='bbox 836 3456 891 3505; x_wconf 90' lang='lat' dir='ltr'>et</span> <span class='ocrx_word' id='word_1_379' title='bbox 911 3452 1199 3521; x_wconf 81' lang='lat' dir='ltr'>ejusmodi</span> <span class='ocrx_word' id='word_1_380' title='bbox 1226 3451 1339 3505; x_wconf 92' lang='lat' dir='ltr'>alia</span> <span class='ocrx_word' id='word_1_381' title='bbox 1362 3451 1591 3506; x_wconf 88' lang='lat' dir='ltr'>locutus</span> <span class='ocrx_word' id='word_1_382' title='bbox 1612 3452 1914 3520; x_wconf 82' lang='lat' dir='ltr'>conticuit,</span> 
     </span>
    </p>
   </div>
   <div class='ocr_carea' id='block_1_49' title="bbox 271 3540 1915 3611">
    <p class='ocr_par' dir='ltr' id='par_1_49' title="bbox 271 3540 1915 3611">
     <span class='ocr_line' id='line_1_49' title="bbox 271 3540 1915 3611; baseline -0.002 -12"><span class='ocrx_word' id='word_1_383' title='bbox 271 3545 466 3599; x_wconf 90' lang='lat' dir='ltr'>locum</span> <span class='ocrx_word' id='word_1_384' title='bbox 500 3544 647 3596; x_wconf 91' lang='lat' dir='ltr'>dans</span> <span class='ocrx_word' id='word_1_385' title='bbox 680 3540 1202 3595; x_wconf 79' lang='lat' dir='ltr'>acclamationibus</span> <span class='ocrx_word' id='word_1_386' title='bbox 1234 3541 1429 3611; x_wconf 90' lang='lat' dir='ltr'>populi</span> <span class='ocrx_word' id='word_1_387' title='bbox 1466 3542 1915 3604; x_wconf 85' lang='lat' dir='ltr'>solitis,concio-</span> 
     </span>
    </p>
   </div>
   <div class='ocr_carea' id='block_1_50' title="bbox 270 3630 1918 3703">
    <p class='ocr_par' dir='ltr' id='par_1_50' title="bbox 270 3630 1918 3703">
     <span class='ocr_line' id='line_1_50' title="bbox 270 3630 1918 3703; baseline -0.002 -16"><span class='ocrx_word' id='word_1_388' title='bbox 270 3648 460 3703; x_wconf 90' lang='lat' dir='ltr'>neque</span> <span class='ocrx_word' id='word_1_389' title='bbox 491 3631 683 3685; x_wconf 90' lang='lat' dir='ltr'>soluta</span> <span class='ocrx_word' id='word_1_390' title='bbox 734 3630 960 3683; x_wconf 82' lang='lat' dir='ltr'>remisit</span> <span class='ocrx_word' id='word_1_391' title='bbox 1007 3630 1247 3683; x_wconf 87' lang='lat' dir='ltr'>domum</span> <span class='ocrx_word' id='word_1_392' title='bbox 1299 3646 1801 3701; x_wconf 87' lang='lat' dir='ltr'>unumquemque.</span> <span class='ocrx_word' id='word_1_393' title='bbox 1847 3633 1918 3683; x_wconf 88' lang='lat' dir='ltr'>At</span> 
     </span>
    </p>
   </div>
   <div class='ocr_carea' id='block_1_51' title="bbox 270 3717 1918 3792">
    <p class='ocr_par' dir='ltr' id='par_1_51' title="bbox 270 3717 1918 3792">
     <span class='ocr_line' id='line_1_51' title="bbox 270 3717 1918 3792; baseline -0.002 -16"><span class='ocrx_word' id='word_1_394' title='bbox 270 3720 529 3792; x_wconf 89' lang='lat' dir='ltr'>episcopi</span> <span class='ocrx_word' id='word_1_395' title='bbox 565 3719 837 3773; x_wconf 83' lang='lat' dir='ltr'>facultate</span> <span class='ocrx_word' id='word_1_396' title='bbox 858 3722 1095 3788; x_wconf 88' lang='lat' dir='ltr'>accepta</span> <span class='ocrx_word' id='word_1_397' title='bbox 1128 3718 1377 3787; x_wconf 73' lang='lat' dir='ltr'>eligendi</span> <span class='ocrx_word' id='word_1_398' title='bbox 1403 3717 1600 3771; x_wconf 86' lang='lat' dir='ltr'>liberis</span> <span class='ocrx_word' id='word_1_399' title='bbox 1625 3717 1918 3787; x_wconf 74' lang='lat' dir='ltr'>suffragiis</span> 
     </span>
    </p>
   </div>
   <div class='ocr_carea' id='block_1_52' title="bbox 275 3805 1917 3882">
    <p class='ocr_par' dir='ltr' id='par_1_52' title="bbox 275 3805 1917 3882">
     <span class='ocr_line' id='line_1_52' title="bbox 275 3805 1917 3882; baseline -0.004 -18"><span class='ocrx_word' id='word_1_400' title='bbox 275 3825 450 3882; x_wconf 89' lang='lat' dir='ltr'>quem</span> <span class='ocrx_word' id='word_1_401' title='bbox 475 3808 735 3862; x_wconf 90' lang='lat' dir='ltr'>omnium</span> <span class='ocrx_word' id='word_1_402' title='bbox 757 3805 1117 3877; x_wconf 88' lang='lat' dir='ltr'>aptissimum</span> <span class='ocrx_word' id='word_1_403' title='bbox 1135 3806 1472 3875; x_wconf 84' lang='lat' dir='ltr'>judicarent</span> <span class='ocrx_word' id='word_1_404' title='bbox 1494 3806 1562 3860; x_wconf 81' lang='lat' dir='ltr'>ad</span> <span class='ocrx_word' id='word_1_405' title='bbox 1582 3822 1917 3875; x_wconf 85' lang='lat' dir='ltr'>supremam</span> 
     </span>
    </p>
   </div>
   <div class='ocr_carea' id='block_1_53' title="bbox 279 3894 1921 3967">
    <p class='ocr_par' dir='ltr' id='par_1_53' title="bbox 279 3894 1921 3967">
     <span class='ocr_line' id='line_1_53' title="bbox 279 3894 1921 3967; baseline -0.004 -14"><span class='ocrx_word' id='word_1_406' title='bbox 279 3897 549 3953; x_wconf 59' lang='lat' dir='ltr'>Ecclesia</span> <span class='ocrx_word' id='word_1_407' title='bbox 581 3897 979 3967; x_wconf 66' lang='lat' dir='ltr'>praefecturam</span> <span class='ocrx_word' id='word_1_408' title='bbox 1029 3899 1239 3948; x_wconf 91' lang='lat' dir='ltr'>coeunt</span> <span class='ocrx_word' id='word_1_409' title='bbox 1279 3910 1481 3947; x_wconf 91' lang='lat' dir='ltr'>omnes</span> <span class='ocrx_word' id='word_1_410' title='bbox 1514 3894 1569 3947; x_wconf 91' lang='lat' dir='ltr'>in</span> <span class='ocrx_word' id='word_1_411' title='bbox 1602 3910 1829 3948; x_wconf 88' lang='lat' dir='ltr'>sacrum</span> <span class='ocrx_word' id='word_1_412' title='bbox 1856 3910 1921 3947; x_wconf 88' lang='lat' dir='ltr'>ac</span> 
     </span>
    </p>
   </div>
   <div class='ocr_carea' id='block_1_54' title="bbox 275 3982 1922 4058">
    <p class='ocr_par' dir='ltr' id='par_1_54' title="bbox 275 3982 1922 4058">
     <span class='ocr_line' id='line_1_54' title="bbox 275 3982 1922 4058; baseline -0.003 -18"><span class='ocrx_word' id='word_1_413' title='bbox 275 4002 556 4058; x_wconf 89' lang='lat' dir='ltr'>magnum</span> <span class='ocrx_word' id='word_1_414' title='bbox 576 3984 862 4056; x_wconf 89' lang='lat' dir='ltr'>templum</span> <span class='ocrx_word' id='word_1_415' title='bbox 888 3984 1428 4047; x_wconf 76' lang='lat' dir='ltr'>Blachernarum,et</span> <span class='ocrx_word' id='word_1_416' title='bbox 1446 3987 1750 4053; x_wconf 85' lang='lat' dir='ltr'>postquam</span> <span class='ocrx_word' id='word_1_417' title='bbox 1773 3982 1922 4036; x_wconf 89' lang='lat' dir='ltr'>alius</span> 
     </span>
    </p>
   </div>
   <div class='ocr_carea' id='block_1_55' title="bbox 276 4074 1922 4146">
    <p class='ocr_par' dir='ltr' id='par_1_55' title="bbox 276 4074 1922 4146">
     <span class='ocr_line' id='line_1_55' title="bbox 276 4074 1922 4146; baseline -0.003 -16"><span class='ocrx_word' id='word_1_418' title='bbox 276 4077 459 4131; x_wconf 87' lang='lat' dir='ltr'>alium</span> <span class='ocrx_word' id='word_1_419' title='bbox 487 4075 979 4146; x_wconf 85' lang='lat' dir='ltr'>proposuisset,ad</span> <span class='ocrx_word' id='word_1_420' title='bbox 1013 4079 1335 4127; x_wconf 85' lang='lat' dir='ltr'>extremum</span> <span class='ocrx_word' id='word_1_421' title='bbox 1364 4074 1616 4128; x_wconf 79' lang='lat' dir='ltr'>universi</span> <span class='ocrx_word' id='word_1_422' title='bbox 1642 4089 1922 4127; x_wconf 84' lang='lat' dir='ltr'>convene-</span> 
     </span>
    </p>
   </div>
   <div class='ocr_carea' id='block_1_56' title="bbox 278 4162 1921 4235">
    <p class='ocr_par' dir='ltr' id='par_1_56' title="bbox 278 4162 1921 4235">
     <span class='ocr_line' id='line_1_56' title="bbox 278 4162 1921 4235; baseline -0.003 -15"><span class='ocrx_word' id='word_1_423' title='bbox 278 4170 420 4220; x_wconf 87' lang='lat' dir='ltr'>runt</span> <span class='ocrx_word' id='word_1_424' title='bbox 482 4166 539 4218; x_wconf 89' lang='lat' dir='ltr'>in</span> <span class='ocrx_word' id='word_1_425' title='bbox 588 4165 877 4219; x_wconf 89' lang='lat' dir='ltr'>Germano</span> <span class='ocrx_word' id='word_1_426' title='bbox 919 4165 1071 4220; x_wconf 75' lang='lat'><strong>279</strong></span> <span class='ocrx_word' id='word_1_427' title='bbox 1127 4162 1580 4235; x_wconf 84' lang='lat' dir='ltr'>Adrianopoleos</span> <span class='ocrx_word' id='word_1_428' title='bbox 1630 4163 1921 4233; x_wconf 71' lang='lat' dir='ltr'>episc0po,</span> 
     </span>
    </p>
   </div>
   <div class='ocr_carea' id='block_1_57' title="bbox 275 4253 1926 4321">
    <p class='ocr_par' dir='ltr' id='par_1_57' title="bbox 275 4253 1926 4321">
     <span class='ocr_line' id='line_1_57' title="bbox 275 4253 1926 4321; baseline -0.002 -13"><span class='ocrx_word' id='word_1_429' title='bbox 275 4256 403 4309; x_wconf 87' lang='lat' dir='ltr'>viro</span> <span class='ocrx_word' id='word_1_430' title='bbox 421 4255 610 4309; x_wconf 71' lang='lat' dir='ltr'>liberae</span> <span class='ocrx_word' id='word_1_431' title='bbox 629 4254 844 4308; x_wconf 88' lang='lat' dir='ltr'>indolis</span> <span class='ocrx_word' id='word_1_432' title='bbox 865 4257 919 4308; x_wconf 92' lang='lat' dir='ltr'>et</span> <span class='ocrx_word' id='word_1_433' title='bbox 938 4253 1535 4320; x_wconf 20' lang='lat' dir='ltr'>sacrislfunctionibus</span> <span class='ocrx_word' id='word_1_434' title='bbox 1552 4253 1755 4306; x_wconf 78' lang='lat' dir='ltr'>decore</span> <span class='ocrx_word' id='word_1_435' title='bbox 1769 4269 1926 4321; x_wconf 86' lang='lat' dir='ltr'>pera-</span> 
     </span>
    </p>
   </div>
   <div class='ocr_carea' id='block_1_58' title="bbox 278 4340 1921 4415">
    <p class='ocr_par' dir='ltr' id='par_1_58' title="bbox 278 4340 1921 4415">
     <span class='ocr_line' id='line_1_58' title="bbox 278 4340 1921 4415; baseline -0.003 -18"><span class='ocrx_word' id='word_1_436' title='bbox 278 4343 813 4415; x_wconf 85' lang='lat' dir='ltr'>gendisidoneo,ad</span> <span class='ocrx_word' id='word_1_437' title='bbox 850 4341 970 4395; x_wconf 81' lang='lat' dir='ltr'>haec</span> <span class='ocrx_word' id='word_1_438' title='bbox 1003 4341 1260 4413; x_wconf 87' lang='lat' dir='ltr'>gratioso</span> <span class='ocrx_word' id='word_1_439' title='bbox 1291 4341 1606 4412; x_wconf 88' lang='lat' dir='ltr'>plurimum</span> <span class='ocrx_word' id='word_1_440' title='bbox 1634 4341 1757 4411; x_wconf 85' lang='lat' dir='ltr'>jam</span> <span class='ocrx_word' id='word_1_441' title='bbox 1785 4340 1921 4394; x_wconf 93' lang='lat' dir='ltr'>olim</span> 
     </span>
    </p>
   </div>
   <div class='ocr_carea' id='block_1_59' title="bbox 270 4418 1929 4501">
    <p class='ocr_par' dir='ltr' id='par_1_59' title="bbox 270 4418 1929 4501">
     <span class='ocr_line' id='line_1_59' title="bbox 270 4418 1929 4501; baseline -0.004 -16"><span class='ocrx_word' id='word_1_442' title='bbox 270 4431 427 4501; x_wconf 91' lang='lat' dir='ltr'>apud</span> <span class='ocrx_word' id='word_1_443' title='bbox 449 4429 1026 4500; x_wconf 79' lang='lat' dir='ltr'>imperatorem.Erat</span> <span class='ocrx_word' id='word_1_444' title='bbox 1047 4430 1201 4483; x_wconf 84' lang='lat' dir='ltr'>enim</span> <span class='ocrx_word' id='word_1_445' title='bbox 1220 4446 1412 4484; x_wconf 78' lang='lat' dir='ltr'>revera</span> <span class='ocrx_word' id='word_1_446' title='bbox 1436 4431 1607 4484; x_wconf 91' lang='lat' dir='ltr'>homo</span> <span class='ocrx_word' id='word_1_447' title='bbox 1624 4430 1858 4501; x_wconf 84' lang='lat' dir='ltr'>elegans</span> <span class='ocrx_word' id='word_1_448' title='bbox 1873 4418 1929 4479; x_wconf 60' lang='lat' dir='ltr'>et</span> 
     </span>
    </p>
   </div>
   <div class='ocr_carea' id='block_1_60' title="bbox 269 4517 1927 4589">
    <p class='ocr_par' dir='ltr' id='par_1_60' title="bbox 269 4517 1927 4589">
     <span class='ocr_line' id='line_1_60' title="bbox 269 4517 1927 4589; baseline -0.002 -16"><span class='ocrx_word' id='word_1_449' title='bbox 269 4519 537 4573; x_wconf 85' lang='lat' dir='ltr'>eruditus</span> <span class='ocrx_word' id='word_1_450' title='bbox 570 4522 632 4571; x_wconf 92' lang='lat' dir='ltr'>ut</span> <span class='ocrx_word' id='word_1_451' title='bbox 664 4518 762 4589; x_wconf 92' lang='lat' dir='ltr'>qui</span> <span class='ocrx_word' id='word_1_452' title='bbox 793 4517 1135 4582; x_wconf 81' lang='lat' dir='ltr'>maxime,ac</span> <span class='ocrx_word' id='word_1_453' title='bbox 1168 4534 1299 4571; x_wconf 91' lang='lat' dir='ltr'>cum</span> <span class='ocrx_word' id='word_1_454' title='bbox 1336 4518 1390 4570; x_wconf 91' lang='lat' dir='ltr'>in</span> <span class='ocrx_word' id='word_1_455' title='bbox 1434 4517 1595 4571; x_wconf 88' lang='lat' dir='ltr'>nullo</span> <span class='ocrx_word' id='word_1_456' title='bbox 1620 4534 1732 4570; x_wconf 90' lang='lat' dir='ltr'>non</span> <span class='ocrx_word' id='word_1_457' title='bbox 1762 4531 1927 4569; x_wconf 84' lang='lat' dir='ltr'>exer-</span> 
     </span>
    </p>
   </div>
   <div class='ocr_carea' id='block_1_61' title="bbox 2026 1908 3659 1988">
    <p class='ocr_par' dir='ltr' id='par_1_61' title="bbox 2026 1908 3659 1988">
     <span class='ocr_line' id='line_1_61' title="bbox 2026 1908 3659 1988; baseline 0.001 -23"><span class='ocrx_word' id='word_1_458' title='bbox 2026 1932 2126 1965; x_wconf 69' lang='grc' dir='ltr'>ποθ</span> <span class='ocrx_word' id='word_1_459' title='bbox 2177 1908 2366 1978; x_wconf 79' lang='grc' dir='ltr'>ὅντως,</span> <span class='ocrx_word' id='word_1_460' title='bbox 2398 1913 2515 1974; x_wconf 86' lang='grc' dir='ltr'>καθ’</span> <span class='ocrx_word' id='word_1_461' title='bbox 2544 1913 2604 1980; x_wconf 72' lang='grc' dir='ltr'>ἣν</span> <span class='ocrx_word' id='word_1_462' title='bbox 2665 1909 2722 1965; x_wconf 78' lang='grc' dir='ltr'>ἂν</span> <span class='ocrx_word' id='word_1_463' title='bbox 2775 1912 2865 1966; x_wconf 76' lang='grc' dir='ltr'>καὶ</span> <span class='ocrx_word' id='word_1_464' title='bbox 2926 1913 2952 1965; x_wconf 88' lang='grc' dir='ltr'>ὁ</span> <span class='ocrx_word' id='word_1_465' title='bbox 3012 1911 3269 1981; x_wconf 69' lang='grc' dir='ltr'>ἀληθινὸς</span> <span class='ocrx_word' id='word_1_466' title='bbox 3314 1912 3659 1988; x_wconf 81' lang='grc' dir='ltr'>χαρακτηρί-</span> 
     </span>
    </p>
   </div>
   <div class='ocr_carea' id='block_1_62' title="bbox 2029 1998 3662 2072">
    <p class='ocr_par' dir='ltr' id='par_1_62' title="bbox 2029 1998 3662 2072">
     <span class='ocr_line' id='line_1_62' title="bbox 2029 1998 3662 2072; baseline 0.001 -19"><span class='ocrx_word' id='word_1_467' title='bbox 2029 2004 2172 2067; x_wconf 87' lang='grc' dir='ltr'>ζοιτο</span> <span class='ocrx_word' id='word_1_468' title='bbox 2206 2000 2512 2072; x_wconf 81' lang='grc' dir='ltr'>ἄνθρωπος,</span> <span class='ocrx_word' id='word_1_469' title='bbox 2544 2000 2633 2053; x_wconf 87' lang='grc' dir='ltr'>καὶ</span> <span class='ocrx_word' id='word_1_470' title='bbox 2671 1998 2881 2072; x_wconf 79' lang='grc' dir='ltr'>μᾶλλον</span> <span class='ocrx_word' id='word_1_471' title='bbox 2917 2001 2944 2053; x_wconf 89' lang='lat'>6</span> <span class='ocrx_word' id='word_1_472' title='bbox 2975 1999 3057 2053; x_wconf 84' lang='grc' dir='ltr'>ἐπ’</span> <span class='ocrx_word' id='word_1_473' title='bbox 3088 1998 3342 2069; x_wconf 75' lang='grc' dir='ltr'>ἐξουσίας,</span> <span class='ocrx_word' id='word_1_474' title='bbox 3371 2001 3416 2072; x_wconf 84' lang='grc' dir='ltr'>ᾧ</span> <span class='ocrx_word' id='word_1_475' title='bbox 3448 1998 3513 2069; x_wconf 78' lang='grc' dir='ltr'>δή</span> <span class='ocrx_word' id='word_1_476' title='bbox 3572 2001 3662 2055; x_wconf 83' lang='grc' dir='ltr'>καὶ</span> 
     </span>
    </p>
   </div>
   <div class='ocr_carea' id='block_1_63' title="bbox 2022 2086 3661 2165">
    <p class='ocr_par' dir='ltr' id='par_1_63' title="bbox 2022 2086 3661 2165">
     <span class='ocr_line' id='line_1_63' title="bbox 2022 2086 3661 2165; baseline 0.002 -25"><span class='ocrx_word' id='word_1_477' title='bbox 2022 2089 2083 2141; x_wconf 84' lang='grc' dir='ltr'>τὸ</span> <span class='ocrx_word' id='word_1_478' title='bbox 2146 2088 2502 2161; x_wconf 71' lang='grc' dir='ltr'>μετριοπαθές</span> <span class='ocrx_word' id='word_1_479' title='bbox 2556 2092 2651 2142; x_wconf 83' lang='grc' dir='ltr'>τοῦ</span> <span class='ocrx_word' id='word_1_480' title='bbox 2710 2088 2948 2151; x_wconf 75' lang='grc' dir='ltr'>ἀπαθοῦς</span> <span class='ocrx_word' id='word_1_481' title='bbox 3000 2086 3210 2160; x_wconf 76' lang='grc' dir='ltr'>μᾶλλον</span> <span class='ocrx_word' id='word_1_482' title='bbox 3250 2087 3565 2165; x_wconf 84' lang='grc' dir='ltr'>ὀφείλεται·</span> <span class='ocrx_word' id='word_1_483' title='bbox 3600 2091 3661 2144; x_wconf 83' lang='grc' dir='ltr'>οὗ</span> 
     </span>
    </p>
   </div>
   <div class='ocr_carea' id='block_1_64' title="bbox 2026 2172 3658 2250">
    <p class='ocr_par' dir='ltr' id='par_1_64' title="bbox 2026 2172 3658 2250">
     <span class='ocr_line' id='line_1_64' title="bbox 2026 2172 3658 2250; baseline 0.002 -22"><span class='ocrx_word' id='word_1_484' title='bbox 2026 2173 2091 2242; x_wconf 76' lang='grc' dir='ltr'>δὴ</span> <span class='ocrx_word' id='word_1_485' title='bbox 2156 2176 2276 2250; x_wconf 86' lang='grc' dir='ltr'>βίου</span> <span class='ocrx_word' id='word_1_486' title='bbox 2310 2178 2395 2249; x_wconf 82' lang='grc' dir='ltr'>[Λ.</span> <span class='ocrx_word' id='word_1_487' title='bbox 2430 2178 2553 2249; x_wconf 86' lang='grc'>189]</span> <span class='ocrx_word' id='word_1_488' title='bbox 2586 2176 2630 2229; x_wconf 75' lang='grc' dir='ltr'>εἰ</span> <span class='ocrx_word' id='word_1_489' title='bbox 2684 2174 2886 2249; x_wconf 81' lang='grc' dir='ltr'>ἐξαρεῖς</span> <span class='ocrx_word' id='word_1_490' title='bbox 2937 2176 3035 2244; x_wconf 79' lang='grc' dir='ltr'>τὴν</span> <span class='ocrx_word' id='word_1_491' title='bbox 3096 2172 3383 2250; x_wconf 83' lang='grc' dir='ltr'>διάκρισιν,</span> <span class='ocrx_word' id='word_1_492' title='bbox 3440 2177 3500 2231; x_wconf 84' lang='grc' dir='ltr'>τὸ</span> <span class='ocrx_word' id='word_1_493' title='bbox 3558 2184 3658 2233; x_wconf 82' lang='grc' dir='ltr'>πᾶν</span> 
     </span>
    </p>
   </div>
   <div class='ocr_carea' id='block_1_65' title="bbox 2025 2262 3663 2339">
    <p class='ocr_par' dir='ltr' id='par_1_65' title="bbox 2025 2262 3663 2339">
     <span class='ocr_line' id='line_1_65' title="bbox 2025 2262 3663 2339; baseline 0.003 -23"><span class='ocrx_word' id='word_1_494' title='bbox 2025 2262 2309 2327; x_wconf 78' lang='grc' dir='ltr'>ἀπώλεσας</span> <span class='ocrx_word' id='word_1_495' title='bbox 2388 2264 2437 2334; x_wconf 82' lang='grc' dir='ltr'>ἐξ</span> <span class='ocrx_word' id='word_1_496' title='bbox 2518 2264 2650 2325; x_wconf 71' lang='grc' dir='ltr'>ἑνός.</span> <span class='ocrx_word' id='word_1_497' title='bbox 2712 2264 2943 2339; x_wconf 73' lang='grc' dir='ltr'>Τοιαύτη</span> <span class='ocrx_word' id='word_1_498' title='bbox 3029 2264 3204 2318; x_wconf 84' lang='grc' dir='ltr'>τοίνυν</span> <span class='ocrx_word' id='word_1_499' title='bbox 3284 2265 3663 2339; x_wconf 84' lang='grc' dir='ltr'>κοσμούμενος</span> 
     </span>
    </p>
   </div>
   <div class='ocr_carea' id='block_1_66' title="bbox 2024 2350 3662 2428">
    <p class='ocr_par' dir='ltr' id='par_1_66' title="bbox 2024 2350 3662 2428">
     <span class='ocr_line' id='line_1_66' title="bbox 2024 2350 3662 2428; baseline 0.002 -22"><span class='ocrx_word' id='word_1_500' title='bbox 2024 2352 2210 2425; x_wconf 75' lang='grc' dir='ltr'>ἀρετῇ,</span> <span class='ocrx_word' id='word_1_501' title='bbox 2245 2355 2310 2421; x_wconf 77' lang='grc' dir='ltr'>ἢν</span> <span class='ocrx_word' id='word_1_502' title='bbox 2374 2350 2438 2421; x_wconf 78' lang='grc' dir='ltr'>δὴ</span> <span class='ocrx_word' id='word_1_503' title='bbox 2499 2355 2587 2407; x_wconf 77' lang='grc' dir='ltr'>καὶ</span> <span class='ocrx_word' id='word_1_504' title='bbox 2646 2351 2937 2423; x_wconf 74' lang='grc' dir='ltr'>πολιτικήν</span> <span class='ocrx_word' id='word_1_505' title='bbox 2996 2374 3133 2415; x_wconf 88' lang='grc' dir='ltr'>τινες</span> <span class='ocrx_word' id='word_1_506' title='bbox 3165 2352 3380 2428; x_wconf 71' lang='grc' dir='ltr'>λέγουσι</span> <span class='ocrx_word' id='word_1_507' title='bbox 3427 2354 3517 2409; x_wconf 78' lang='grc' dir='ltr'>καὶ</span> <span class='ocrx_word' id='word_1_508' title='bbox 3568 2358 3662 2412; x_wconf 88' lang='grc' dir='ltr'>τὸν</span> 
     </span>
    </p>
   </div>
   <div class='ocr_carea' id='block_1_67' title="bbox 2025 2437 3661 2516">
    <p class='ocr_par' dir='ltr' id='par_1_67' title="bbox 2025 2437 3661 2516">
     <span class='ocr_line' id='line_1_67' title="bbox 2025 2437 3661 2516; baseline 0.002 -22"><span class='ocrx_word' id='word_1_509' title='bbox 2025 2441 2143 2494; x_wconf 83' lang='grc' dir='ltr'>κατ’</span> <span class='ocrx_word' id='word_1_510' title='bbox 2173 2440 2336 2507; x_wconf 73' lang='grc' dir='ltr'>αὐτὴν</span> <span class='ocrx_word' id='word_1_511' title='bbox 2402 2440 2517 2515; x_wconf 84' lang='grc' dir='ltr'>βίον</span> <span class='ocrx_word' id='word_1_512' title='bbox 2575 2439 2881 2509; x_wconf 85' lang='grc' dir='ltr'>πολιτικὸν,</span> <span class='ocrx_word' id='word_1_513' title='bbox 2921 2440 3079 2512; x_wconf 74' lang='grc' dir='ltr'>μέσον</span> <span class='ocrx_word' id='word_1_514' title='bbox 3140 2437 3267 2495; x_wconf 81' lang='grc' dir='ltr'>ὅντα</span> <span class='ocrx_word' id='word_1_515' title='bbox 3326 2447 3661 2516; x_wconf 79' lang='grc' dir='ltr'>θεωρητικοῦ</span> 
     </span>
    </p>
   </div>
   <div class='ocr_carea' id='block_1_68' title="bbox 2023 2527 3660 2605">
    <p class='ocr_par' dir='ltr' id='par_1_68' title="bbox 2023 2527 3660 2605">
     <span class='ocr_line' id='line_1_68' title="bbox 2023 2527 3660 2605; baseline 0.001 -22"><span class='ocrx_word' id='word_1_516' title='bbox 2023 2549 2082 2583; x_wconf 86' lang='grc' dir='ltr'>τε</span> <span class='ocrx_word' id='word_1_517' title='bbox 2135 2531 2224 2582; x_wconf 76' lang='grc' dir='ltr'>καὶ</span> <span class='ocrx_word' id='word_1_518' title='bbox 2278 2527 2701 2598; x_wconf 78' lang='grc' dir='ltr'>ἀπολαυστικοῦ,</span> <span class='ocrx_word' id='word_1_519' title='bbox 2759 2530 2785 2582; x_wconf 88' lang='lat'>6</span> <span class='ocrx_word' id='word_1_520' title='bbox 2843 2528 3113 2597; x_wconf 69' lang='grc' dir='ltr'>δηλωθεὶς</span> <span class='ocrx_word' id='word_1_521' title='bbox 3160 2537 3257 2598; x_wconf 78' lang='grc' dir='ltr'>τῆς</span> <span class='ocrx_word' id='word_1_522' title='bbox 3314 2529 3660 2605; x_wconf 89' lang='grc' dir='ltr'>Ὀρεστιάδος</span> 
     </span>
    </p>
   </div>
   <div class='ocr_carea' id='block_1_69' title="bbox 2026 2617 3659 2697">
    <p class='ocr_par' dir='ltr' id='par_1_69' title="bbox 2026 2617 3659 2697">
     <span class='ocr_line' id='line_1_69' title="bbox 2026 2617 3659 2697; baseline 0.003 -25"><span class='ocrx_word' id='word_1_523' title='bbox 2026 2617 2307 2695; x_wconf 80' lang='grc' dir='ltr'>ἀρχιερεὺς</span> <span class='ocrx_word' id='word_1_524' title='bbox 2357 2620 2668 2695; x_wconf 73' lang='grc' dir='ltr'>προκριθεὶς</span> <span class='ocrx_word' id='word_1_525' title='bbox 2720 2624 2829 2674; x_wconf 80' lang='grc' dir='ltr'>τῶν</span> <span class='ocrx_word' id='word_1_526' title='bbox 2887 2617 3073 2675; x_wconf 78' lang='grc' dir='ltr'>ἄλλων</span> <span class='ocrx_word' id='word_1_527' title='bbox 3113 2620 3222 2693; x_wconf 85' lang='grc' dir='ltr'>(καὶ</span> <span class='ocrx_word' id='word_1_528' title='bbox 3280 2621 3383 2696; x_wconf 83' lang='grc' dir='ltr'>γὰρ</span> <span class='ocrx_word' id='word_1_529' title='bbox 3444 2618 3659 2697; x_wconf 77' lang='grc' dir='ltr'>ὲλὲγετο</span> 
     </span>
    </p>
   </div>
   <div class='ocr_carea' id='block_1_70' title="bbox 2033 2836 3665 2909">
    <p class='ocr_par' dir='ltr' id='par_1_70' title="bbox 2033 2836 3665 2909">
     <span class='ocr_line' id='line_1_70' title="bbox 2033 2836 3665 2909; baseline 0.003 -19"><span class='ocrx_word' id='word_1_530' title='bbox 2033 2836 2225 2901; x_wconf 85' lang='lat' dir='ltr'>batur,</span> <span class='ocrx_word' id='word_1_531' title='bbox 2268 2841 2333 2891; x_wconf 91' lang='lat' dir='ltr'>ut</span> <span class='ocrx_word' id='word_1_532' title='bbox 2387 2838 2660 2892; x_wconf 66' lang='lat' dir='ltr'>doctrinae</span> <span class='ocrx_word' id='word_1_533' title='bbox 2712 2855 2778 2893; x_wconf 88' lang='lat' dir='ltr'>ac</span> <span class='ocrx_word' id='word_1_534' title='bbox 2822 2838 3145 2909; x_wconf 66' lang='lat' dir='ltr'>sapientia,</span> <span class='ocrx_word' id='word_1_535' title='bbox 3178 2854 3354 2909; x_wconf 89' lang='lat' dir='ltr'>quam</span> <span class='ocrx_word' id='word_1_536' title='bbox 3415 2839 3474 2894; x_wconf 90' lang='lat' dir='ltr'>in</span> <span class='ocrx_word' id='word_1_537' title='bbox 3533 2840 3665 2895; x_wconf 82' lang='lat' dir='ltr'>aliis</span> 
     </span>
    </p>
   </div>
   <div class='ocr_carea' id='block_1_71' title="bbox 2033 2924 3662 2998">
    <p class='ocr_par' dir='ltr' id='par_1_71' title="bbox 2033 2924 3662 2998">
     <span class='ocr_line' id='line_1_71' title="bbox 2033 2924 3662 2998; baseline 0.004 -20"><span class='ocrx_word' id='word_1_538' title='bbox 2033 2926 2287 2989; x_wconf 88' lang='lat' dir='ltr'>amabat,</span> <span class='ocrx_word' id='word_1_539' title='bbox 2347 2924 2439 2979; x_wconf 89' lang='lat' dir='ltr'>vel</span> <span class='ocrx_word' id='word_1_540' title='bbox 2500 2924 2817 2998; x_wconf 88' lang='lat' dir='ltr'>plurimum</span> <span class='ocrx_word' id='word_1_541' title='bbox 2850 2926 2907 2980; x_wconf 91' lang='lat' dir='ltr'>in</span> <span class='ocrx_word' id='word_1_542' title='bbox 2962 2944 3023 2983; x_wconf 89' lang='lat' dir='ltr'>se</span> <span class='ocrx_word' id='word_1_543' title='bbox 3090 2929 3302 2984; x_wconf 87' lang='lat' dir='ltr'>habere</span> <span class='ocrx_word' id='word_1_544' title='bbox 3349 2927 3662 2985; x_wconf 86' lang='lat' dir='ltr'>videretur.</span> 
     </span>
    </p>
   </div>
   <div class='ocr_carea' id='block_1_72' title="bbox 2030 3013 3668 3085">
    <p class='ocr_par' dir='ltr' id='par_1_72' title="bbox 2030 3013 3668 3085">
     <span class='ocr_line' id='line_1_72' title="bbox 2030 3013 3668 3085; baseline 0.005 -21"><span class='ocrx_word' id='word_1_545' title='bbox 2030 3013 2231 3068; x_wconf 89' lang='lat' dir='ltr'>Virtus</span> <span class='ocrx_word' id='word_1_546' title='bbox 2262 3030 2393 3069; x_wconf 89' lang='lat' dir='ltr'>vero</span> <span class='ocrx_word' id='word_1_547' title='bbox 2425 3031 2600 3085; x_wconf 88' lang='lat' dir='ltr'>quam</span> <span class='ocrx_word' id='word_1_548' title='bbox 2634 3014 2691 3068; x_wconf 88' lang='lat' dir='ltr'>in</span> <span class='ocrx_word' id='word_1_549' title='bbox 2724 3019 2836 3069; x_wconf 85' lang='lat' dir='ltr'>vita</span> <span class='ocrx_word' id='word_1_550' title='bbox 2865 3015 3251 3085; x_wconf 87' lang='lat' dir='ltr'>exprimebat,</span> <span class='ocrx_word' id='word_1_551' title='bbox 3276 3033 3390 3070; x_wconf 90' lang='lat' dir='ltr'>non</span> <span class='ocrx_word' id='word_1_552' title='bbox 3422 3016 3668 3073; x_wconf 85' lang='lat' dir='ltr'>eratilla</span> 
     </span>
    </p>
   </div>
   <div class='ocr_carea' id='block_1_73' title="bbox 2029 3101 3668 3175">
    <p class='ocr_par' dir='ltr' id='par_1_73' title="bbox 2029 3101 3668 3175">
     <span class='ocr_line' id='line_1_73' title="bbox 2029 3101 3668 3175; baseline 0.004 -21"><span class='ocrx_word' id='word_1_553' title='bbox 2029 3102 2265 3171; x_wconf 89' lang='lat' dir='ltr'>quidem</span> <span class='ocrx_word' id='word_1_554' title='bbox 2301 3102 2529 3173; x_wconf 85' lang='lat' dir='ltr'>qualern</span> <span class='ocrx_word' id='word_1_555' title='bbox 2560 3101 2843 3157; x_wconf 89' lang='lat' dir='ltr'>hodierna</span> <span class='ocrx_word' id='word_1_556' title='bbox 2863 3102 3169 3157; x_wconf 81' lang='lat' dir='ltr'>laudarent</span> <span class='ocrx_word' id='word_1_557' title='bbox 3202 3103 3416 3172; x_wconf 87' lang='lat' dir='ltr'>tetrici,</span> <span class='ocrx_word' id='word_1_558' title='bbox 3440 3109 3542 3160; x_wconf 91' lang='lat' dir='ltr'>aut</span> <span class='ocrx_word' id='word_1_559' title='bbox 3565 3122 3668 3175; x_wconf 93' lang='lat' dir='ltr'>po-</span> 
     </span>
    </p>
   </div>
   <div class='ocr_carea' id='block_1_74' title="bbox 2029 3188 3668 3260">
    <p class='ocr_par' dir='ltr' id='par_1_74' title="bbox 2029 3188 3668 3260">
     <span class='ocr_line' id='line_1_74' title="bbox 2029 3188 3668 3260; baseline 0.003 -19"><span class='ocrx_word' id='word_1_560' title='bbox 2029 3191 2145 3254; x_wconf 77' lang='lat' dir='ltr'>tius</span> <span class='ocrx_word' id='word_1_561' title='bbox 2176 3188 2275 3259; x_wconf 91' lang='lat' dir='ltr'>qui</span> <span class='ocrx_word' id='word_1_562' title='bbox 2309 3205 2519 3243; x_wconf 89' lang='lat' dir='ltr'>arcano</span> <span class='ocrx_word' id='word_1_563' title='bbox 2543 3188 2908 3244; x_wconf 64' lang='lat' dir='ltr'>conscientias</span> <span class='ocrx_word' id='word_1_564' title='bbox 2942 3190 3093 3244; x_wconf 81' lang='lat' dir='ltr'>fastu</span> <span class='ocrx_word' id='word_1_565' title='bbox 3130 3196 3404 3260; x_wconf 69' lang='lat' dir='ltr'>praestare</span> <span class='ocrx_word' id='word_1_566' title='bbox 3433 3208 3496 3245; x_wconf 89' lang='lat' dir='ltr'>se</span> <span class='ocrx_word' id='word_1_567' title='bbox 3527 3191 3668 3246; x_wconf 88' lang='lat' dir='ltr'>reli-</span> 
     </span>
    </p>
   </div>
   <div class='ocr_carea' id='block_1_75' title="bbox 2027 3277 3656 3348">
    <p class='ocr_par' dir='ltr' id='par_1_75' title="bbox 2027 3277 3656 3348">
     <span class='ocr_line' id='line_1_75' title="bbox 2027 3277 3656 3348; baseline 0.002 -18"><span class='ocrx_word' id='word_1_568' title='bbox 2027 3293 2058 3346; x_wconf 94' lang='lat' dir='ltr'>q</span> <span class='ocrx_word' id='word_1_569' title='bbox 2072 3277 2160 3331; x_wconf 90' lang='lat' dir='ltr'>uis</span> <span class='ocrx_word' id='word_1_570' title='bbox 2178 3277 2892 3348; x_wconf 84' lang='lat' dir='ltr'>existimant,magnopere</span> <span class='ocrx_word' id='word_1_571' title='bbox 2906 3278 3013 3332; x_wconf 89' lang='lat' dir='ltr'>sibi</span> <span class='ocrx_word' id='word_1_572' title='bbox 3039 3277 3332 3348; x_wconf 85' lang='lat' dir='ltr'>placentes</span> <span class='ocrx_word' id='word_1_573' title='bbox 3346 3279 3403 3332; x_wconf 90' lang='lat' dir='ltr'>in</span> <span class='ocrx_word' id='word_1_574' title='bbox 3426 3296 3656 3335; x_wconf 87' lang='lat' dir='ltr'>moroso</span> 
     </span>
    </p>
   </div>
   <div class='ocr_carea' id='block_1_76' title="bbox 2023 3364 3656 3435">
    <p class='ocr_par' dir='ltr' id='par_1_76' title="bbox 2023 3364 3656 3435">
     <span class='ocr_line' id='line_1_76' title="bbox 2023 3364 3656 3435; baseline 0.002 -17"><span class='ocrx_word' id='word_1_575' title='bbox 2023 3365 2277 3434; x_wconf 86' lang='lat' dir='ltr'>quodam</span> <span class='ocrx_word' id='word_1_576' title='bbox 2307 3365 2570 3419; x_wconf 90' lang='lat' dir='ltr'>ciborum</span> <span class='ocrx_word' id='word_1_577' title='bbox 2603 3382 2667 3419; x_wconf 84' lang='lat' dir='ltr'>ac</span> <span class='ocrx_word' id='word_1_578' title='bbox 2701 3364 3001 3435; x_wconf 84' lang='lat' dir='ltr'>potionum</span> <span class='ocrx_word' id='word_1_579' title='bbox 3026 3366 3271 3433; x_wconf 89' lang='lat' dir='ltr'>delectu,</span> <span class='ocrx_word' id='word_1_580' title='bbox 3297 3364 3423 3421; x_wconf 88' lang='lat' dir='ltr'>suis</span> <span class='ocrx_word' id='word_1_581' title='bbox 3445 3368 3656 3421; x_wconf 91' lang='lat' dir='ltr'>unicu-</span> 
     </span>
    </p>
   </div>
   <div class='ocr_carea' id='block_1_77' title="bbox 2024 3453 3665 3524">
    <p class='ocr_par' dir='ltr' id='par_1_77' title="bbox 2024 3453 3665 3524">
     <span class='ocr_line' id='line_1_77' title="bbox 2024 3453 3665 3524; baseline 0.002 -19"><span class='ocrx_word' id='word_1_582' title='bbox 2024 3468 2156 3521; x_wconf 88' lang='lat' dir='ltr'>que,</span> <span class='ocrx_word' id='word_1_583' title='bbox 2199 3453 2523 3506; x_wconf 81' lang='lat' dir='ltr'>voluntaria</span> <span class='ocrx_word' id='word_1_584' title='bbox 2550 3454 2844 3522; x_wconf 74' lang='lat' dir='ltr'>religione,</span> <span class='ocrx_word' id='word_1_585' title='bbox 2881 3453 3034 3507; x_wconf 87' lang='lat' dir='ltr'>ultra</span> <span class='ocrx_word' id='word_1_586' title='bbox 3068 3454 3470 3524; x_wconf 68' lang='lat' dir='ltr'>praescriptum</span> <span class='ocrx_word' id='word_1_587' title='bbox 3494 3471 3665 3509; x_wconf 90' lang='lat' dir='ltr'>com-</span> 
     </span>
    </p>
   </div>
   <div class='ocr_carea' id='block_1_78' title="bbox 2024 3540 3664 3610">
    <p class='ocr_par' dir='ltr' id='par_1_78' title="bbox 2024 3540 3664 3610">
     <span class='ocr_line' id='line_1_78' title="bbox 2024 3540 3664 3610; baseline 0.002 -17"><span class='ocrx_word' id='word_1_588' title='bbox 2024 3540 2278 3594; x_wconf 90' lang='lat' dir='ltr'>muniter</span> <span class='ocrx_word' id='word_1_589' title='bbox 2336 3541 2596 3594; x_wconf 90' lang='lat' dir='ltr'>ordinem</span> <span class='ocrx_word' id='word_1_590' title='bbox 2657 3541 2865 3595; x_wconf 89' lang='lat' dir='ltr'>diebus</span> <span class='ocrx_word' id='word_1_591' title='bbox 2912 3541 3265 3610; x_wconf 80' lang='lat' dir='ltr'>assigandis,</span> <span class='ocrx_word' id='word_1_592' title='bbox 3326 3542 3664 3597; x_wconf 77' lang='lat' dir='ltr'>aﬂ&#39;ectautes</span> 
     </span>
    </p>
   </div>
   <div class='ocr_carea' id='block_1_79' title="bbox 2024 3628 3663 3700">
    <p class='ocr_par' dir='ltr' id='par_1_79' title="bbox 2024 3628 3663 3700">
     <span class='ocr_line' id='line_1_79' title="bbox 2024 3628 3663 3700; baseline 0.001 -18"><span class='ocrx_word' id='word_1_593' title='bbox 2024 3628 2528 3682; x_wconf 84' lang='lat' dir='ltr'>itineraconﬁcere</span> <span class='ocrx_word' id='word_1_594' title='bbox 2552 3630 2818 3697; x_wconf 82' lang='lat' dir='ltr'>pedibus,</span> <span class='ocrx_word' id='word_1_595' title='bbox 2844 3646 2991 3700; x_wconf 91' lang='lat' dir='ltr'>quos</span> <span class='ocrx_word' id='word_1_596' title='bbox 3020 3630 3196 3683; x_wconf 87' lang='lat' dir='ltr'>etiam</span> <span class='ocrx_word' id='word_1_597' title='bbox 3221 3645 3451 3699; x_wconf 87' lang='lat' dir='ltr'>semper</span> <span class='ocrx_word' id='word_1_598' title='bbox 3471 3630 3663 3684; x_wconf 86' lang='lat' dir='ltr'>illotos</span> 
     </span>
    </p>
   </div>
   <div class='ocr_carea' id='block_1_80' title="bbox 2026 3715 3664 3783">
    <p class='ocr_par' dir='ltr' id='par_1_80' title="bbox 2026 3715 3664 3783">
     <span class='ocr_line' id='line_1_80' title="bbox 2026 3715 3664 3783; baseline 0.001 -13"><span class='ocrx_word' id='word_1_599' title='bbox 2026 3721 2319 3771; x_wconf 81' lang='lat' dir='ltr'>ostentare</span> <span class='ocrx_word' id='word_1_600' title='bbox 2350 3723 2569 3783; x_wconf 86' lang='lat' dir='ltr'>amant,</span> <span class='ocrx_word' id='word_1_601' title='bbox 2605 3715 2766 3770; x_wconf 90' lang='lat' dir='ltr'>humi</span> <span class='ocrx_word' id='word_1_602' title='bbox 2801 3718 3109 3783; x_wconf 87' lang='lat' dir='ltr'>cubantes,</span> <span class='ocrx_word' id='word_1_603' title='bbox 3141 3734 3257 3770; x_wconf 90' lang='lat' dir='ltr'>una</span> <span class='ocrx_word' id='word_1_604' title='bbox 3297 3718 3497 3771; x_wconf 86' lang='lat' dir='ltr'>tunica</span> <span class='ocrx_word' id='word_1_605' title='bbox 3527 3734 3664 3771; x_wconf 90' lang='lat' dir='ltr'>con-</span> 
     </span>
    </p>
   </div>
   <div class='ocr_carea' id='block_1_81' title="bbox 2030 3803 3665 3873">
    <p class='ocr_par' dir='ltr' id='par_1_81' title="bbox 2030 3803 3665 3873">
     <span class='ocr_line' id='line_1_81' title="bbox 2030 3803 3665 3873; baseline 0 -15"><span class='ocrx_word' id='word_1_606' title='bbox 2030 3805 2197 3871; x_wconf 89' lang='lat' dir='ltr'>tenti,</span> <span class='ocrx_word' id='word_1_607' title='bbox 2222 3810 2494 3858; x_wconf 83' lang='lat' dir='ltr'>caeterum</span> <span class='ocrx_word' id='word_1_608' title='bbox 2529 3803 2990 3857; x_wconf 84' lang='lat' dir='ltr'>misericordiam</span> <span class='ocrx_word' id='word_1_609' title='bbox 3022 3804 3181 3858; x_wconf 90' lang='lat' dir='ltr'>hisce</span> <span class='ocrx_word' id='word_1_610' title='bbox 3203 3804 3665 3873; x_wconf 88' lang='lat' dir='ltr'>charitatemque</span> 
     </span>
    </p>
   </div>
   <div class='ocr_carea' id='block_1_82' title="bbox 2029 3891 3663 3964">
    <p class='ocr_par' dir='ltr' id='par_1_82' title="bbox 2029 3891 3663 3964">
     <span class='ocr_line' id='line_1_82' title="bbox 2029 3891 3663 3964; baseline -0.002 -17"><span class='ocrx_word' id='word_1_611' title='bbox 2029 3899 2158 3964; x_wconf 91' lang='lat' dir='ltr'>post</span> <span class='ocrx_word' id='word_1_612' title='bbox 2188 3894 2466 3948; x_wconf 87' lang='lat' dir='ltr'>habentes</span> <span class='ocrx_word' id='word_1_613' title='bbox 2501 3897 2891 3963; x_wconf 66' lang='lat' dir='ltr'>praetereaque</span> <span class='ocrx_word' id='word_1_614' title='bbox 2916 3891 3337 3961; x_wconf 85' lang='lat' dir='ltr'>benignitatem</span> <span class='ocrx_word' id='word_1_615' title='bbox 3370 3897 3427 3946; x_wconf 90' lang='lat' dir='ltr'>et</span> <span class='ocrx_word' id='word_1_616' title='bbox 3454 3893 3663 3945; x_wconf 88' lang='lat' dir='ltr'>huma-</span> 
     </span>
    </p>
   </div>
   <div class='ocr_carea' id='block_1_83' title="bbox 2030 3979 3664 4048">
    <p class='ocr_par' dir='ltr' id='par_1_83' title="bbox 2030 3979 3664 4048">
     <span class='ocr_line' id='line_1_83' title="bbox 2030 3979 3664 4048; baseline -0.002 -13"><span class='ocrx_word' id='word_1_617' title='bbox 2030 3998 2169 4035; x_wconf 90' lang='lat' dir='ltr'>num</span> <span class='ocrx_word' id='word_1_618' title='bbox 2203 3981 2549 4035; x_wconf 86' lang='lat' dir='ltr'>condolendi</span> <span class='ocrx_word' id='word_1_619' title='bbox 2579 3979 2962 4034; x_wconf 79' lang='lat' dir='ltr'>maerentibus</span> <span class='ocrx_word' id='word_1_620' title='bbox 3002 3980 3282 4045; x_wconf 79' lang='lat' dir='ltr'>officium,</span> <span class='ocrx_word' id='word_1_621' title='bbox 3316 3979 3563 4048; x_wconf 87' lang='lat' dir='ltr'>denique</span> <span class='ocrx_word' id='word_1_622' title='bbox 3600 3983 3664 4031; x_wconf 91' lang='lat' dir='ltr'>ut</span> 
     </span>
    </p>
   </div>
   <div class='ocr_carea' id='block_1_84' title="bbox 2030 4065 3661 4137">
    <p class='ocr_par' dir='ltr' id='par_1_84' title="bbox 2030 4065 3661 4137">
     <span class='ocr_line' id='line_1_84' title="bbox 2030 4065 3661 4137; baseline -0.004 -14"><span class='ocrx_word' id='word_1_623' title='bbox 2030 4087 2142 4123; x_wconf 91' lang='lat' dir='ltr'>uno</span> <span class='ocrx_word' id='word_1_624' title='bbox 2167 4070 2341 4123; x_wconf 88' lang='lat' dir='ltr'>verbo</span> <span class='ocrx_word' id='word_1_625' title='bbox 2366 4074 2576 4122; x_wconf 87' lang='lat' dir='ltr'>cuncta</span> <span class='ocrx_word' id='word_1_626' title='bbox 2612 4066 2985 4137; x_wconf 90' lang='lat' dir='ltr'>complectar,</span> <span class='ocrx_word' id='word_1_627' title='bbox 3018 4066 3447 4130; x_wconf 86' lang='lat' dir='ltr'>discretionem,</span> <span class='ocrx_word' id='word_1_628' title='bbox 3473 4065 3661 4135; x_wconf 91' lang='lat' dir='ltr'>asperi</span> 
     </span>
    </p>
   </div>
   <div class='ocr_carea' id='block_1_85' title="bbox 2031 4152 3663 4228">
    <p class='ocr_par' dir='ltr' id='par_1_85' title="bbox 2031 4152 3663 4228">
     <span class='ocr_line' id='line_1_85' title="bbox 2031 4152 3663 4228; baseline -0.002 -17"><span class='ocrx_word' id='word_1_629' title='bbox 2031 4157 2269 4228; x_wconf 84' lang='lat' dir='ltr'>quidam</span> <span class='ocrx_word' id='word_1_630' title='bbox 2294 4163 2348 4210; x_wconf 88' lang='lat' dir='ltr'>et</span> <span class='ocrx_word' id='word_1_631' title='bbox 2369 4155 2730 4225; x_wconf 87' lang='lat' dir='ltr'>supereiliosi</span> <span class='ocrx_word' id='word_1_632' title='bbox 2757 4152 3276 4223; x_wconf 88' lang='lat' dir='ltr'>censores,nullam</span> <span class='ocrx_word' id='word_1_633' title='bbox 3296 4154 3570 4223; x_wconf 88' lang='lat' dir='ltr'>carpendi</span> <span class='ocrx_word' id='word_1_634' title='bbox 3597 4169 3663 4207; x_wconf 86' lang='lat' dir='ltr'>ac</span> 
     </span>
    </p>
   </div>
   <div class='ocr_carea' id='block_1_86' title="bbox 2028 4242 3662 4300">
    <p class='ocr_par' dir='ltr' id='par_1_86' title="bbox 2028 4242 3662 4300">
     <span class='ocr_line' id='line_1_86' title="bbox 2028 4242 3662 4300; baseline -0.003 0"><span class='ocrx_word' id='word_1_635' title='bbox 2028 4245 2332 4300; x_wconf 89' lang='lat' dir='ltr'>vellicandi</span> <span class='ocrx_word' id='word_1_636' title='bbox 2385 4249 2594 4298; x_wconf 86' lang='lat' dir='ltr'>cuncta</span> <span class='ocrx_word' id='word_1_637' title='bbox 2649 4244 2815 4297; x_wconf 84' lang='lat' dir='ltr'>obvia</span> <span class='ocrx_word' id='word_1_638' title='bbox 2848 4243 3081 4297; x_wconf 91' lang='lat' dir='ltr'>modum</span> <span class='ocrx_word' id='word_1_639' title='bbox 3117 4242 3269 4297; x_wconf 70' lang='lat'>280</span> <span class='ocrx_word' id='word_1_640' title='bbox 3301 4243 3545 4296; x_wconf 81' lang='lat' dir='ltr'>ﬁnemve</span> <span class='ocrx_word' id='word_1_641' title='bbox 3580 4243 3662 4295; x_wconf 82' lang='lat' dir='ltr'>fa-</span> 
     </span>
    </p>
   </div>
   <div class='ocr_carea' id='block_1_87' title="bbox 2032 4330 3663 4400">
    <p class='ocr_par' dir='ltr' id='par_1_87' title="bbox 2032 4330 3663 4400">
     <span class='ocr_line' id='line_1_87' title="bbox 2032 4330 3663 4400; baseline -0.004 -11"><span class='ocrx_word' id='word_1_642' title='bbox 2032 4339 2272 4400; x_wconf 88' lang='lat' dir='ltr'>cientes,</span> <span class='ocrx_word' id='word_1_643' title='bbox 2303 4350 2410 4387; x_wconf 82' lang='lat' dir='ltr'>sua</span> <span class='ocrx_word' id='word_1_644' title='bbox 2464 4335 2765 4398; x_wconf 84' lang='lat' dir='ltr'>mirantes,</span> <span class='ocrx_word' id='word_1_645' title='bbox 2797 4347 2857 4385; x_wconf 90' lang='lat' dir='ltr'>se</span> <span class='ocrx_word' id='word_1_646' title='bbox 2910 4348 3053 4385; x_wconf 89' lang='lat' dir='ltr'>unos</span> <span class='ocrx_word' id='word_1_647' title='bbox 3082 4334 3296 4384; x_wconf 86' lang='lat' dir='ltr'>rectam</span> <span class='ocrx_word' id='word_1_648' title='bbox 3336 4331 3466 4384; x_wconf 69' lang='lat' dir='ltr'>vitas</span> <span class='ocrx_word' id='word_1_649' title='bbox 3497 4330 3663 4400; x_wconf 90' lang='lat' dir='ltr'>sequi</span> 
     </span>
    </p>
   </div>
   <div class='ocr_carea' id='block_1_88' title="bbox 2033 4418 3663 4491">
    <p class='ocr_par' dir='ltr' id='par_1_88' title="bbox 2033 4418 3663 4491">
     <span class='ocr_line' id='line_1_88' title="bbox 2033 4418 3663 4491; baseline -0.004 -12"><span class='ocrx_word' id='word_1_650' title='bbox 2033 4428 2274 4488; x_wconf 88' lang='lat' dir='ltr'>sectam,</span> <span class='ocrx_word' id='word_1_651' title='bbox 2318 4438 2463 4476; x_wconf 89' lang='lat' dir='ltr'>unos</span> <span class='ocrx_word' id='word_1_652' title='bbox 2512 4437 2737 4491; x_wconf 88' lang='lat' dir='ltr'>sapere,</span> <span class='ocrx_word' id='word_1_653' title='bbox 2787 4434 2962 4489; x_wconf 86' lang='lat' dir='ltr'>penes</span> <span class='ocrx_word' id='word_1_654' title='bbox 3013 4436 3161 4473; x_wconf 90' lang='lat' dir='ltr'>unos</span> <span class='ocrx_word' id='word_1_655' title='bbox 3207 4421 3320 4472; x_wconf 89' lang='lat' dir='ltr'>vim</span> <span class='ocrx_word' id='word_1_656' title='bbox 3369 4418 3663 4487; x_wconf 82' lang='lat' dir='ltr'>decusque</span> 
     </span>
    </p>
   </div>
   <div class='ocr_carea' id='block_1_89' title="bbox 2033 4504 3662 4579">
    <p class='ocr_par' dir='ltr' id='par_1_89' title="bbox 2033 4504 3662 4579">
     <span class='ocr_line' id='line_1_89' title="bbox 2033 4504 3662 4579; baseline -0.004 -12"><span class='ocrx_word' id='word_1_657' title='bbox 2033 4513 2220 4567; x_wconf 70' lang='lat' dir='ltr'>laudis</span> <span class='ocrx_word' id='word_1_658' title='bbox 2256 4528 2320 4564; x_wconf 88' lang='lat' dir='ltr'>ac</span> <span class='ocrx_word' id='word_1_659' title='bbox 2352 4508 2645 4579; x_wconf 86' lang='lat' dir='ltr'>religionis</span> <span class='ocrx_word' id='word_1_660' title='bbox 2674 4508 2924 4561; x_wconf 88' lang='lat' dir='ltr'>residere</span> <span class='ocrx_word' id='word_1_661' title='bbox 2955 4506 3164 4575; x_wconf 86' lang='lat' dir='ltr'>omnis,</span> <span class='ocrx_word' id='word_1_662' title='bbox 3199 4507 3255 4559; x_wconf 89' lang='lat' dir='ltr'>in</span> <span class='ocrx_word' id='word_1_663' title='bbox 3289 4504 3513 4560; x_wconf 90' lang='lat' dir='ltr'>cunctis</span> <span class='ocrx_word' id='word_1_664' title='bbox 3536 4521 3662 4575; x_wconf 66' lang='lat' dir='ltr'>quas</span> 
     </span>
    </p>
   </div>
   <div class='ocr_carea' id='block_1_90' title="bbox 273 4588 3661 4677">
    <p class='ocr_par' dir='ltr' id='par_1_90' title="bbox 273 4588 3661 4677">
     <span class='ocr_line' id='line_1_90' title="bbox 273 4588 3661 4677; baseline -0.004 -16"><span class='ocrx_word' id='word_1_665' title='bbox 273 4609 493 4662; x_wconf 88' lang='lat' dir='ltr'>citatus</span> <span class='ocrx_word' id='word_1_666' title='bbox 518 4605 901 4661; x_wconf 87' lang='lat' dir='ltr'>laudabilium</span> <span class='ocrx_word' id='word_1_667' title='bbox 930 4623 1140 4677; x_wconf 88' lang='lat' dir='ltr'>genere</span> <span class='ocrx_word' id='word_1_668' title='bbox 1171 4606 1407 4674; x_wconf 88' lang='lat' dir='ltr'>artium,</span> <span class='ocrx_word' id='word_1_669' title='bbox 1440 4612 1563 4660; x_wconf 85' lang='lat' dir='ltr'>tum</span> <span class='ocrx_word' id='word_1_670' title='bbox 1597 4606 1727 4659; x_wconf 87' lang='lat' dir='ltr'>illas</span> <span class='ocrx_word' id='word_1_671' title='bbox 1759 4606 1917 4659; x_wconf 87' lang='lat' dir='ltr'>exiis</span> <span class='ocrx_word' id='word_1_672' title='bbox 1951 4588 1995 4650; x_wconf 73' lang='grc' dir='ltr'>Ι)</span> <span class='ocrx_word' id='word_1_673' title='bbox 2028 4605 2207 4672; x_wconf 82' lang='lat' dir='ltr'>agunt</span> <span class='ocrx_word' id='word_1_674' title='bbox 2236 4615 2296 4653; x_wconf 86' lang='lat' dir='ltr'>se</span> <span class='ocrx_word' id='word_1_675' title='bbox 2337 4597 2561 4668; x_wconf 86' lang='lat' dir='ltr'>opinari</span> <span class='ocrx_word' id='word_1_676' title='bbox 2613 4597 3001 4665; x_wconf 77' lang='lat' dir='ltr'>praeferentes.</span> <span class='ocrx_word' id='word_1_677' title='bbox 3036 4594 3157 4648; x_wconf 91' lang='lat' dir='ltr'>Non</span> <span class='ocrx_word' id='word_1_678' title='bbox 3210 4593 3364 4658; x_wconf 84' lang='lat' dir='ltr'>talis,</span> <span class='ocrx_word' id='word_1_679' title='bbox 3398 4593 3661 4663; x_wconf 90' lang='lat' dir='ltr'>inquam,</span> 
     </span>
    </p>
   </div>
   <div class='ocr_carea' id='block_1_91' title="bbox 275 4694 1911 4766">
    <p class='ocr_par' dir='ltr' id='par_1_91' title="bbox 275 4694 1911 4766">
     <span class='ocr_line' id='line_1_91' title="bbox 275 4694 1911 4766; baseline -0.001 -17"><span class='ocrx_word' id='word_1_680' title='bbox 275 4712 406 4766; x_wconf 67' lang='lat' dir='ltr'>quae</span> <span class='ocrx_word' id='word_1_681' title='bbox 438 4711 551 4749; x_wconf 84' lang='lat' dir='ltr'>non</span> <span class='ocrx_word' id='word_1_682' title='bbox 586 4695 656 4749; x_wconf 87' lang='lat' dir='ltr'>ad</span> <span class='ocrx_word' id='word_1_683' title='bbox 690 4695 871 4749; x_wconf 87' lang='lat' dir='ltr'>solam</span> <span class='ocrx_word' id='word_1_684' title='bbox 904 4694 1175 4749; x_wconf 89' lang='lat' dir='ltr'>virtutem</span> <span class='ocrx_word' id='word_1_685' title='bbox 1199 4695 1295 4749; x_wconf 91' lang='lat' dir='ltr'>sed</span> <span class='ocrx_word' id='word_1_686' title='bbox 1320 4695 1389 4748; x_wconf 86' lang='lat' dir='ltr'>ad</span> <span class='ocrx_word' id='word_1_687' title='bbox 1416 4710 1505 4748; x_wconf 81' lang='lat' dir='ltr'>res</span> <span class='ocrx_word' id='word_1_688' title='bbox 1528 4694 1674 4748; x_wconf 84' lang='lat' dir='ltr'>bene</span> <span class='ocrx_word' id='word_1_689' title='bbox 1696 4710 1760 4748; x_wconf 91' lang='lat' dir='ltr'>ac</span> <span class='ocrx_word' id='word_1_690' title='bbox 1783 4709 1911 4747; x_wconf 91' lang='lat' dir='ltr'>cum</span> 
     </span>
    </p>
   </div>
   <div class='ocr_carea' id='block_1_92' title="bbox 274 4780 1914 4854">
    <p class='ocr_par' dir='ltr' id='par_1_92' title="bbox 274 4780 1914 4854">
     <span class='ocr_line' id='line_1_92' title="bbox 274 4780 1914 4854; baseline -0.002 -15"><span class='ocrx_word' id='word_1_691' title='bbox 274 4799 553 4839; x_wconf 90' lang='lat' dir='ltr'>successu</span> <span class='ocrx_word' id='word_1_692' title='bbox 588 4784 868 4854; x_wconf 88' lang='lat' dir='ltr'>gerendas</span> <span class='ocrx_word' id='word_1_693' title='bbox 897 4788 1089 4837; x_wconf 81' lang='lat' dir='ltr'>essent</span> <span class='ocrx_word' id='word_1_694' title='bbox 1119 4783 1313 4849; x_wconf 88' lang='lat' dir='ltr'>utiles,</span> <span class='ocrx_word' id='word_1_695' title='bbox 1354 4783 1617 4851; x_wconf 63' lang='lat' dir='ltr'>praeferre</span> <span class='ocrx_word' id='word_1_696' title='bbox 1659 4780 1914 4852; x_wconf 89' lang='lat' dir='ltr'>plerum-</span> 
     </span>
    </p>
   </div>
   <div class='ocr_carea' id='block_1_93' title="bbox 276 4869 1917 4941">
    <p class='ocr_par' dir='ltr' id='par_1_93' title="bbox 276 4869 1917 4941">
     <span class='ocr_line' id='line_1_93' title="bbox 276 4869 1917 4941; baseline -0.001 -17"><span class='ocrx_word' id='word_1_697' title='bbox 276 4886 393 4941; x_wconf 91' lang='lat' dir='ltr'>que</span> <span class='ocrx_word' id='word_1_698' title='bbox 416 4871 639 4941; x_wconf 88' lang='lat' dir='ltr'>judicio</span> <span class='ocrx_word' id='word_1_699' title='bbox 671 4887 735 4925; x_wconf 91' lang='lat' dir='ltr'>ac</span> <span class='ocrx_word' id='word_1_700' title='bbox 768 4871 1271 4925; x_wconf 84' lang='lat' dir='ltr'>commendatione</span> <span class='ocrx_word' id='word_1_701' title='bbox 1301 4870 1521 4924; x_wconf 75' lang='lat' dir='ltr'>caeteris</span> <span class='ocrx_word' id='word_1_702' title='bbox 1543 4869 1829 4934; x_wconf 81' lang='lat' dir='ltr'>solitus,et</span> <span class='ocrx_word' id='word_1_703' title='bbox 1850 4886 1917 4923; x_wconf 87' lang='lat' dir='ltr'>ex</span> 
     </span>
    </p>
   </div>
   <div class='ocr_carea' id='block_1_94' title="bbox 273 4958 1917 5031">
    <p class='ocr_par' dir='ltr' id='par_1_94' title="bbox 273 4958 1917 5031">
     <span class='ocr_line' id='line_1_94' title="bbox 273 4958 1917 5031; baseline -0.001 -19"><span class='ocrx_word' id='word_1_704' title='bbox 273 4959 617 5013; x_wconf 89' lang='lat' dir='ltr'>hominibus</span> <span class='ocrx_word' id='word_1_705' title='bbox 650 4975 780 5013; x_wconf 89' lang='lat' dir='ltr'>eum</span> <span class='ocrx_word' id='word_1_706' title='bbox 816 4960 913 5031; x_wconf 92' lang='lat' dir='ltr'>qui</span> <span class='ocrx_word' id='word_1_707' title='bbox 934 4976 1065 5013; x_wconf 90' lang='lat' dir='ltr'>cum</span> <span class='ocrx_word' id='word_1_708' title='bbox 1094 4958 1431 5013; x_wconf 85' lang='lat' dir='ltr'>dexteritate</span> <span class='ocrx_word' id='word_1_709' title='bbox 1452 4958 1655 5029; x_wconf 86' lang='lat' dir='ltr'>agendi</span> <span class='ocrx_word' id='word_1_710' title='bbox 1680 4974 1917 5013; x_wconf 83' lang='lat' dir='ltr'>versan-</span> 
     </span>
    </p>
   </div>
   <div class='ocr_carea' id='block_1_95' title="bbox 274 5046 1917 5118">
    <p class='ocr_par' dir='ltr' id='par_1_95' title="bbox 274 5046 1917 5118">
     <span class='ocr_line' id='line_1_95' title="bbox 274 5046 1917 5118; baseline -0.002 -14"><span class='ocrx_word' id='word_1_711' title='bbox 274 5048 456 5118; x_wconf 89' lang='lat' dir='ltr'>dique</span> <span class='ocrx_word' id='word_1_712' title='bbox 477 5050 534 5102; x_wconf 91' lang='lat' dir='ltr'>in</span> <span class='ocrx_word' id='word_1_713' title='bbox 568 5050 741 5103; x_wconf 89' lang='lat' dir='ltr'>rebus</span> <span class='ocrx_word' id='word_1_714' title='bbox 774 5049 980 5103; x_wconf 84' lang='lat' dir='ltr'>salutis</span> <span class='ocrx_word' id='word_1_715' title='bbox 1004 5049 1211 5103; x_wconf 60' lang='lat' dir='ltr'>animae</span> <span class='ocrx_word' id='word_1_716' title='bbox 1236 5047 1485 5102; x_wconf 88' lang='lat' dir='ltr'>rationes</span> <span class='ocrx_word' id='word_1_717' title='bbox 1510 5047 1564 5101; x_wconf 91' lang='lat' dir='ltr'>in</span> <span class='ocrx_word' id='word_1_718' title='bbox 1591 5052 1715 5102; x_wconf 91' lang='lat' dir='ltr'>tuto</span> <span class='ocrx_word' id='word_1_719' title='bbox 1735 5046 1917 5101; x_wconf 84' lang='lat' dir='ltr'>habe-</span> 
     </span>
    </p>
   </div>
   <div class='ocr_carea' id='block_1_96' title="bbox 275 5135 1919 5206">
    <p class='ocr_par' dir='ltr' id='par_1_96' title="bbox 275 5135 1919 5206">
     <span class='ocr_line' id='line_1_96' title="bbox 275 5135 1919 5206; baseline -0.002 -14"><span class='ocrx_word' id='word_1_720' title='bbox 275 5140 387 5205; x_wconf 87' lang='lat' dir='ltr'>ret,</span> <span class='ocrx_word' id='word_1_721' title='bbox 418 5136 517 5190; x_wconf 87' lang='lat' dir='ltr'>illo</span> <span class='ocrx_word' id='word_1_722' title='bbox 548 5137 879 5192; x_wconf 83' lang='lat' dir='ltr'>existimare</span> <span class='ocrx_word' id='word_1_723' title='bbox 910 5136 1189 5206; x_wconf 87' lang='lat' dir='ltr'>potiorem</span> <span class='ocrx_word' id='word_1_724' title='bbox 1240 5136 1295 5188; x_wconf 89' lang='lat' dir='ltr'>in</span> <span class='ocrx_word' id='word_1_725' title='bbox 1330 5151 1391 5189; x_wconf 90' lang='lat' dir='ltr'>se</span> <span class='ocrx_word' id='word_1_726' title='bbox 1419 5139 1606 5189; x_wconf 87' lang='lat' dir='ltr'>totum</span> <span class='ocrx_word' id='word_1_727' title='bbox 1657 5135 1823 5189; x_wconf 68' lang='lat' dir='ltr'>nudae</span> <span class='ocrx_word' id='word_1_728' title='bbox 1854 5151 1919 5188; x_wconf 86' lang='lat' dir='ltr'>ac</span> 
     </span>
    </p>
   </div>
   <div class='ocr_carea' id='block_1_97' title="bbox 283 5222 1918 5280">
    <p class='ocr_par' dir='ltr' id='par_1_97' title="bbox 283 5222 1918 5280">
     <span class='ocr_line' id='line_1_97' title="bbox 283 5222 1918 5280; baseline -0.001 -1"><span class='ocrx_word' id='word_1_729' title='bbox 283 5241 444 5280; x_wconf 86' lang='lat' dir='ltr'>mere</span> <span class='ocrx_word' id='word_1_730' title='bbox 474 5226 669 5279; x_wconf 88' lang='lat' dir='ltr'>virtuti</span> <span class='ocrx_word' id='word_1_731' title='bbox 695 5226 927 5280; x_wconf 89' lang='lat' dir='ltr'>dederet</span> <span class='ocrx_word' id='word_1_732' title='bbox 957 5225 1004 5278; x_wconf 88' lang='lat' dir='ltr'>si</span> <span class='ocrx_word' id='word_1_733' title='bbox 1037 5224 1083 5277; x_wconf 88' lang='lat' dir='ltr'>ei</span> <span class='ocrx_word' id='word_1_734' title='bbox 1118 5240 1230 5277; x_wconf 89' lang='lat' dir='ltr'>non</span> <span class='ocrx_word' id='word_1_735' title='bbox 1262 5223 1319 5277; x_wconf 89' lang='lat' dir='ltr'>in</span> <span class='ocrx_word' id='word_1_736' title='bbox 1350 5222 1688 5278; x_wconf 90' lang='lat' dir='ltr'>sollitudine</span> <span class='ocrx_word' id='word_1_737' title='bbox 1736 5224 1834 5277; x_wconf 86' lang='lat' dir='ltr'>sed</span> <span class='ocrx_word' id='word_1_738' title='bbox 1861 5223 1918 5277; x_wconf 90' lang='lat' dir='ltr'>in</span> 
     </span>
    </p>
   </div>
   <div class='ocr_carea' id='block_1_98' title="bbox 280 5311 1917 5369">
    <p class='ocr_par' dir='ltr' id='par_1_98' title="bbox 280 5311 1917 5369">
     <span class='ocr_line' id='line_1_98' title="bbox 280 5311 1917 5369; baseline -0.004 0"><span class='ocrx_word' id='word_1_739' title='bbox 280 5313 565 5369; x_wconf 87' lang='lat' dir='ltr'>societate</span> <span class='ocrx_word' id='word_1_740' title='bbox 587 5329 772 5367; x_wconf 88' lang='lat' dir='ltr'>acusu</span> <span class='ocrx_word' id='word_1_741' title='bbox 799 5313 1098 5367; x_wconf 87' lang='lat' dir='ltr'>hominum</span> <span class='ocrx_word' id='word_1_742' title='bbox 1115 5312 1422 5365; x_wconf 90' lang='lat' dir='ltr'>vivendum</span> <span class='ocrx_word' id='word_1_743' title='bbox 1446 5311 1764 5365; x_wconf 89' lang='lat' dir='ltr'>esse.Unde</span> <span class='ocrx_word' id='word_1_744' title='bbox 1787 5327 1917 5364; x_wconf 90' lang='lat' dir='ltr'>cum</span> 
     </span>
    </p>
   </div>
   <div class='ocr_carea' id='block_1_99' title="bbox 290 5399 1919 5471">
    <p class='ocr_par' dir='ltr' id='par_1_99' title="bbox 290 5399 1919 5471">
     <span class='ocr_line' id='line_1_99' title="bbox 290 5399 1919 5471; baseline -0.003 -15"><span class='ocrx_word' id='word_1_745' title='bbox 290 5418 407 5456; x_wconf 88' lang='lat' dir='ltr'>non</span> <span class='ocrx_word' id='word_1_746' title='bbox 440 5406 593 5455; x_wconf 78' lang='lat' dir='ltr'>esset</span> <span class='ocrx_word' id='word_1_747' title='bbox 641 5400 765 5470; x_wconf 84' lang='lat' dir='ltr'>ipse</span> <span class='ocrx_word' id='word_1_748' title='bbox 814 5401 1047 5471; x_wconf 89' lang='lat' dir='ltr'>quidem</span> <span class='ocrx_word' id='word_1_749' title='bbox 1096 5399 1394 5469; x_wconf 88' lang='lat' dir='ltr'>eloquens,</span> <span class='ocrx_word' id='word_1_750' title='bbox 1446 5400 1692 5453; x_wconf 89' lang='lat' dir='ltr'>disertos</span> <span class='ocrx_word' id='word_1_751' title='bbox 1726 5404 1919 5452; x_wconf 88' lang='lat' dir='ltr'>tamen</span> 
     </span>
    </p>
   </div>
   <div class='ocr_carea' id='block_1_100' title="bbox 278 5486 1921 5549">
    <p class='ocr_par' dir='ltr' id='par_1_100' title="bbox 278 5486 1921 5549">
     <span class='ocr_line' id='line_1_100' title="bbox 278 5486 1921 5549; baseline -0.003 -5"><span class='ocrx_word' id='word_1_752' title='bbox 278 5489 430 5544; x_wconf 88' lang='lat' dir='ltr'>scita</span> <span class='ocrx_word' id='word_1_753' title='bbox 460 5494 515 5543; x_wconf 90' lang='lat' dir='ltr'>et</span> <span class='ocrx_word' id='word_1_754' title='bbox 544 5490 827 5542; x_wconf 86' lang='lat' dir='ltr'>reverenti</span> <span class='ocrx_word' id='word_1_755' title='bbox 863 5487 1283 5541; x_wconf 85' lang='lat' dir='ltr'>consuetudine</span> <span class='ocrx_word' id='word_1_756' title='bbox 1315 5486 1921 5549; x_wconf 87' lang='lat' dir='ltr'>demerebatur,bene-</span> 
     </span>
    </p>
   </div>
   <div class='ocr_carea' id='block_1_101' title="bbox 281 5574 1921 5646">
    <p class='ocr_par' dir='ltr' id='par_1_101' title="bbox 281 5574 1921 5646">
     <span class='ocr_line' id='line_1_101' title="bbox 281 5574 1921 5646; baseline -0.002 -17"><span class='ocrx_word' id='word_1_757' title='bbox 281 5577 449 5631; x_wconf 81' lang='lat' dir='ltr'>volus</span> <span class='ocrx_word' id='word_1_758' title='bbox 493 5576 724 5629; x_wconf 82' lang='lat' dir='ltr'>auditor</span> <span class='ocrx_word' id='word_1_759' title='bbox 752 5576 1169 5646; x_wconf 86' lang='lat' dir='ltr'>perorantium,</span> <span class='ocrx_word' id='word_1_760' title='bbox 1196 5574 1523 5641; x_wconf 74' lang='lat' dir='ltr'>amorisque</span> <span class='ocrx_word' id='word_1_761' title='bbox 1556 5575 1610 5627; x_wconf 92' lang='lat' dir='ltr'>in</span> <span class='ocrx_word' id='word_1_762' title='bbox 1640 5574 1693 5627; x_wconf 89' lang='lat' dir='ltr'>id</span> <span class='ocrx_word' id='word_1_763' title='bbox 1738 5574 1921 5628; x_wconf 85' lang='lat' dir='ltr'>homi-</span> 
     </span>
    </p>
   </div>
   <div class='ocr_carea' id='block_1_102' title="bbox 277 5662 1925 5736">
    <p class='ocr_par' dir='ltr' id='par_1_102' title="bbox 277 5662 1925 5736">
     <span class='ocr_line' id='line_1_102' title="bbox 277 5662 1925 5736; baseline -0.003 -15"><span class='ocrx_word' id='word_1_764' title='bbox 277 5681 425 5721; x_wconf 89' lang='lat' dir='ltr'>num</span> <span class='ocrx_word' id='word_1_765' title='bbox 449 5681 630 5736; x_wconf 86' lang='lat' dir='ltr'>geuus</span> <span class='ocrx_word' id='word_1_766' title='bbox 657 5663 849 5720; x_wconf 80' lang='lat' dir='ltr'>eximii</span> <span class='ocrx_word' id='word_1_767' title='bbox 877 5663 1202 5734; x_wconf 74' lang='lat' dir='ltr'>professor;</span> <span class='ocrx_word' id='word_1_768' title='bbox 1228 5662 1440 5731; x_wconf 90' lang='lat' dir='ltr'>quibus</span> <span class='ocrx_word' id='word_1_769' title='bbox 1466 5662 1637 5716; x_wconf 89' lang='lat' dir='ltr'>rebus</span> <span class='ocrx_word' id='word_1_770' title='bbox 1660 5677 1925 5733; x_wconf 84' lang='lat' dir='ltr'>asseque-</span> 
     </span>
    </p>
   </div>
   <div class='ocr_carea' id='block_1_103' title="bbox 2022 4681 3655 4758">
    <p class='ocr_par' dir='ltr' id='par_1_103' title="bbox 2022 4681 3655 4758">
     <span class='ocr_line' id='line_1_103' title="bbox 2022 4681 3655 4758; baseline -0.005 -15"><span class='ocrx_word' id='word_1_771' title='bbox 2022 4689 2201 4758; x_wconf 89' lang='lat' dir='ltr'>hujus</span> <span class='ocrx_word' id='word_1_772' title='bbox 2224 4687 2325 4740; x_wconf 88' lang='lat' dir='ltr'>viri</span> <span class='ocrx_word' id='word_1_773' title='bbox 2361 4687 2545 4740; x_wconf 87' lang='lat' dir='ltr'>virtus</span> <span class='ocrx_word' id='word_1_774' title='bbox 2574 4684 2821 4750; x_wconf 83' lang='lat' dir='ltr'>erat,sed</span> <span class='ocrx_word' id='word_1_775' title='bbox 2850 4683 3019 4753; x_wconf 91' lang='lat' dir='ltr'>longe</span> <span class='ocrx_word' id='word_1_776' title='bbox 3052 4681 3259 4736; x_wconf 86' lang='lat' dir='ltr'>diversi</span> <span class='ocrx_word' id='word_1_777' title='bbox 3290 4681 3535 4751; x_wconf 88' lang='lat' dir='ltr'>generis,</span> <span class='ocrx_word' id='word_1_778' title='bbox 3562 4698 3655 4735; x_wconf 89' lang='lat' dir='ltr'>ac-</span> 
     </span>
    </p>
   </div>
   <div class='ocr_carea' id='block_1_104' title="bbox 2025 4770 3659 4841">
    <p class='ocr_par' dir='ltr' id='par_1_104' title="bbox 2025 4770 3659 4841">
     <span class='ocr_line' id='line_1_104' title="bbox 2025 4770 3659 4841; baseline -0.006 -8"><span class='ocrx_word' id='word_1_779' title='bbox 2025 4778 2390 4833; x_wconf 87' lang='lat' dir='ltr'>commodata</span> <span class='ocrx_word' id='word_1_780' title='bbox 2422 4774 2680 4829; x_wconf 91' lang='lat' dir='ltr'>omnimo</span> <span class='ocrx_word' id='word_1_781' title='bbox 2712 4774 2782 4827; x_wconf 87' lang='lat' dir='ltr'>ad</span> <span class='ocrx_word' id='word_1_782' title='bbox 2832 4772 3155 4826; x_wconf 86' lang='lat' dir='ltr'>humanum</span> <span class='ocrx_word' id='word_1_783' title='bbox 3205 4776 3467 4841; x_wconf 89' lang='lat' dir='ltr'>captum,</span> <span class='ocrx_word' id='word_1_784' title='bbox 3498 4770 3659 4841; x_wconf 88' lang='lat' dir='ltr'>quali</span> 
     </span>
    </p>
   </div>
   <div class='ocr_carea' id='block_1_105' title="bbox 2024 4858 3659 4933">
    <p class='ocr_par' dir='ltr' id='par_1_105' title="bbox 2024 4858 3659 4933">
     <span class='ocr_line' id='line_1_105' title="bbox 2024 4858 3659 4933; baseline -0.006 -13"><span class='ocrx_word' id='word_1_785' title='bbox 2024 4882 2153 4920; x_wconf 90' lang='lat' dir='ltr'>eum</span> <span class='ocrx_word' id='word_1_786' title='bbox 2190 4863 2457 4933; x_wconf 87' lang='lat' dir='ltr'>insigniri</span> <span class='ocrx_word' id='word_1_787' title='bbox 2487 4864 2569 4915; x_wconf 86' lang='lat' dir='ltr'>t&#39;as</span> <span class='ocrx_word' id='word_1_788' title='bbox 2600 4862 2673 4916; x_wconf 89' lang='lat' dir='ltr'>sit</span> <span class='ocrx_word' id='word_1_789' title='bbox 2705 4861 2801 4932; x_wconf 91' lang='lat' dir='ltr'>qui</span> <span class='ocrx_word' id='word_1_790' title='bbox 2827 4876 3022 4913; x_wconf 83' lang='lat' dir='ltr'>verum</span> <span class='ocrx_word' id='word_1_791' title='bbox 3055 4858 3349 4912; x_wconf 90' lang='lat' dir='ltr'>hominem</span> <span class='ocrx_word' id='word_1_792' title='bbox 3386 4875 3516 4912; x_wconf 82' lang='lat' dir='ltr'>vera</span> <span class='ocrx_word' id='word_1_793' title='bbox 3545 4858 3659 4911; x_wconf 90' lang='lat' dir='ltr'>hu-</span> 
     </span>
    </p>
   </div>
   <div class='ocr_carea' id='block_1_106' title="bbox 2026 4946 3662 5020">
    <p class='ocr_par' dir='ltr' id='par_1_106' title="bbox 2026 4946 3662 5020">
     <span class='ocr_line' id='line_1_106' title="bbox 2026 4946 3662 5020; baseline -0.004 -13"><span class='ocrx_word' id='word_1_794' title='bbox 2026 4953 2300 5007; x_wconf 85' lang='lat' dir='ltr'>manitale</span> <span class='ocrx_word' id='word_1_795' title='bbox 2330 4967 2455 5005; x_wconf 85' lang='lat' dir='ltr'>sese</span> <span class='ocrx_word' id='word_1_796' title='bbox 2480 4954 2727 5020; x_wconf 73' lang='lat' dir='ltr'>praestet,</span> <span class='ocrx_word' id='word_1_797' title='bbox 2763 4951 2930 5019; x_wconf 87' lang='lat' dir='ltr'>prout</span> <span class='ocrx_word' id='word_1_798' title='bbox 2963 4946 3280 5016; x_wconf 79' lang='lat' dir='ltr'>praesertim</span> <span class='ocrx_word' id='word_1_799' title='bbox 3313 4962 3447 4999; x_wconf 88' lang='lat' dir='ltr'>eum</span> <span class='ocrx_word' id='word_1_800' title='bbox 3498 4947 3662 5000; x_wconf 88' lang='lat' dir='ltr'>decet</span> 
     </span>
    </p>
   </div>
   <div class='ocr_carea' id='block_1_107' title="bbox 2027 5033 3660 5110">
    <p class='ocr_par' dir='ltr' id='par_1_107' title="bbox 2027 5033 3660 5110">
     <span class='ocr_line' id='line_1_107' title="bbox 2027 5033 3660 5110; baseline -0.004 -16"><span class='ocrx_word' id='word_1_801' title='bbox 2027 5041 2125 5110; x_wconf 92' lang='lat' dir='ltr'>qui</span> <span class='ocrx_word' id='word_1_802' title='bbox 2150 5039 2505 5093; x_wconf 87' lang='lat' dir='ltr'>contsitutus</span> <span class='ocrx_word' id='word_1_803' title='bbox 2530 5038 2585 5091; x_wconf 91' lang='lat' dir='ltr'>in</span> <span class='ocrx_word' id='word_1_804' title='bbox 2621 5037 2957 5105; x_wconf 71' lang='lat' dir='ltr'>praafectura</span> <span class='ocrx_word' id='word_1_805' title='bbox 2979 5035 3117 5097; x_wconf 88' lang='lat' dir='ltr'>sit,a</span> <span class='ocrx_word' id='word_1_806' title='bbox 3141 5050 3253 5104; x_wconf 81' lang='lat' dir='ltr'>quo</span> <span class='ocrx_word' id='word_1_807' title='bbox 3278 5050 3390 5089; x_wconf 89' lang='lat' dir='ltr'>non</span> <span class='ocrx_word' id='word_1_808' title='bbox 3415 5033 3660 5101; x_wconf 81' lang='lat' dir='ltr'>exigitur</span> 
     </span>
    </p>
   </div>
   <div class='ocr_carea' id='block_1_108' title="bbox 2029 5121 3658 5199">
    <p class='ocr_par' dir='ltr' id='par_1_108' title="bbox 2029 5121 3658 5199">
     <span class='ocr_line' id='line_1_108' title="bbox 2029 5121 3658 5199; baseline -0.004 -16"><span class='ocrx_word' id='word_1_809' title='bbox 2029 5137 2094 5183; x_wconf 89' lang='lat' dir='ltr'>ut</span> <span class='ocrx_word' id='word_1_810' title='bbox 2124 5126 2633 5199; x_wconf 87' lang='lat' dir='ltr'>perturbationum</span> <span class='ocrx_word' id='word_1_811' title='bbox 2666 5122 2933 5177; x_wconf 83' lang='lat' dir='ltr'>funditus</span> <span class='ocrx_word' id='word_1_812' title='bbox 2976 5138 3177 5191; x_wconf 90' lang='lat' dir='ltr'>expers</span> <span class='ocrx_word' id='word_1_813' title='bbox 3210 5121 3307 5185; x_wconf 87' lang='lat' dir='ltr'>sit,</span> <span class='ocrx_word' id='word_1_814' title='bbox 3340 5121 3439 5175; x_wconf 89' lang='lat' dir='ltr'>sed</span> <span class='ocrx_word' id='word_1_815' title='bbox 3470 5125 3530 5175; x_wconf 92' lang='lat' dir='ltr'>ut</span> <span class='ocrx_word' id='word_1_816' title='bbox 3560 5136 3658 5176; x_wconf 86' lang='lat' dir='ltr'>eas</span> 
     </span>
    </p>
   </div>
   <div class='ocr_carea' id='block_1_109' title="bbox 2030 5208 3658 5283">
    <p class='ocr_par' dir='ltr' id='par_1_109' title="bbox 2030 5208 3658 5283">
     <span class='ocr_line' id='line_1_109' title="bbox 2030 5208 3658 5283; baseline -0.006 -11"><span class='ocrx_word' id='word_1_817' title='bbox 2030 5217 2430 5272; x_wconf 88' lang='lat' dir='ltr'>mediocritate</span> <span class='ocrx_word' id='word_1_818' title='bbox 2445 5214 2693 5283; x_wconf 87' lang='lat' dir='ltr'>quadam</span> <span class='ocrx_word' id='word_1_819' title='bbox 2722 5215 3076 5281; x_wconf 86' lang='lat' dir='ltr'>temperatas</span> <span class='ocrx_word' id='word_1_820' title='bbox 3094 5208 3308 5263; x_wconf 86' lang='lat' dir='ltr'>habeat</span> <span class='ocrx_word' id='word_1_821' title='bbox 3328 5210 3382 5262; x_wconf 91' lang='lat' dir='ltr'>in</span> <span class='ocrx_word' id='word_1_822' title='bbox 3410 5216 3658 5279; x_wconf 86' lang='lat' dir='ltr'>potesta-</span> 
     </span>
    </p>
   </div>
   <div class='ocr_carea' id='block_1_110' title="bbox 2029 5296 3659 5376">
    <p class='ocr_par' dir='ltr' id='par_1_110' title="bbox 2029 5296 3659 5376">
     <span class='ocr_line' id='line_1_110' title="bbox 2029 5296 3659 5376; baseline -0.006 -15"><span class='ocrx_word' id='word_1_823' title='bbox 2029 5312 2110 5374; x_wconf 89' lang='lat' dir='ltr'>te;</span> <span class='ocrx_word' id='word_1_824' title='bbox 2139 5323 2166 5359; x_wconf 81' lang='grc' dir='ltr'>ει</span> <span class='ocrx_word' id='word_1_825' title='bbox 2183 5322 2296 5376; x_wconf 86' lang='lat' dir='ltr'>quo</span> <span class='ocrx_word' id='word_1_826' title='bbox 2318 5305 2443 5357; x_wconf 71' lang='lat' dir='ltr'>vitae</span> <span class='ocrx_word' id='word_1_827' title='bbox 2461 5317 2669 5374; x_wconf 88' lang='lat' dir='ltr'>genere</span> <span class='ocrx_word' id='word_1_828' title='bbox 2683 5302 2729 5354; x_wconf 91' lang='lat' dir='ltr'>si</span> <span class='ocrx_word' id='word_1_829' title='bbox 2754 5299 3159 5353; x_wconf 87' lang='lat' dir='ltr'>discretionem</span> <span class='ocrx_word' id='word_1_830' title='bbox 3176 5296 3570 5357; x_wconf 87' lang='lat' dir='ltr'>tollas,omnia</span> <span class='ocrx_word' id='word_1_831' title='bbox 3591 5315 3659 5352; x_wconf 81' lang='lat' dir='ltr'>ex</span> 
     </span>
    </p>
   </div>
   <div class='ocr_carea' id='block_1_111' title="bbox 2030 5383 3656 5463">
    <p class='ocr_par' dir='ltr' id='par_1_111' title="bbox 2030 5383 3656 5463">
     <span class='ocr_line' id='line_1_111' title="bbox 2030 5383 3656 5463; baseline -0.006 -16"><span class='ocrx_word' id='word_1_832' title='bbox 2030 5411 2145 5449; x_wconf 89' lang='lat' dir='ltr'>uno</span> <span class='ocrx_word' id='word_1_833' title='bbox 2193 5392 2518 5463; x_wconf 90' lang='lat' dir='ltr'>perdidisti.</span> <span class='ocrx_word' id='word_1_834' title='bbox 2570 5388 2918 5459; x_wconf 88' lang='lat' dir='ltr'>Hujusmodi</span> <span class='ocrx_word' id='word_1_835' title='bbox 2953 5403 3086 5455; x_wconf 86' lang='lat' dir='ltr'>ergo</span> <span class='ocrx_word' id='word_1_836' title='bbox 3135 5389 3373 5438; x_wconf 85' lang='lat' dir='ltr'>ornatus</span> <span class='ocrx_word' id='word_1_837' title='bbox 3426 5383 3656 5449; x_wconf 88' lang='lat' dir='ltr'>virtute,</span> 
     </span>
    </p>
   </div>
   <div class='ocr_carea' id='block_1_112' title="bbox 2031 5471 3657 5553">
    <p class='ocr_par' dir='ltr' id='par_1_112' title="bbox 2031 5471 3657 5553">
     <span class='ocr_line' id='line_1_112' title="bbox 2031 5471 3657 5553; baseline -0.006 -18"><span class='ocrx_word' id='word_1_838' title='bbox 2031 5498 2206 5553; x_wconf 88' lang='lat' dir='ltr'>quam</span> <span class='ocrx_word' id='word_1_839' title='bbox 2243 5479 2465 5533; x_wconf 87' lang='lat' dir='ltr'>civilem</span> <span class='ocrx_word' id='word_1_840' title='bbox 2501 5479 2739 5547; x_wconf 86' lang='lat' dir='ltr'>quidam</span> <span class='ocrx_word' id='word_1_841' title='bbox 2764 5480 3064 5538; x_wconf 88' lang='lat' dir='ltr'>vocant,ut</span> <span class='ocrx_word' id='word_1_842' title='bbox 3092 5478 3148 5528; x_wconf 88' lang='lat' dir='ltr'>et</span> <span class='ocrx_word' id='word_1_843' title='bbox 3179 5474 3302 5525; x_wconf 67' lang='lat' dir='ltr'>vitae</span> <span class='ocrx_word' id='word_1_844' title='bbox 3333 5471 3657 5525; x_wconf 87' lang='lat' dir='ltr'>secundum</span> 
     </span>
    </p>
   </div>
   <div class='ocr_carea' id='block_1_113' title="bbox 2032 5559 3659 5636">
    <p class='ocr_par' dir='ltr' id='par_1_113' title="bbox 2032 5559 3659 5636">
     <span class='ocr_line' id='line_1_113' title="bbox 2032 5559 3659 5636; baseline -0.008 -12"><span class='ocrx_word' id='word_1_845' title='bbox 2032 5585 2160 5624; x_wconf 91' lang='lat' dir='ltr'>eam</span> <span class='ocrx_word' id='word_1_846' title='bbox 2195 5569 2383 5621; x_wconf 56' lang='lat' dir='ltr'>ducta»</span> <span class='ocrx_word' id='word_1_847' title='bbox 2413 5567 2597 5621; x_wconf 91' lang='lat' dir='ltr'>civilis</span> <span class='ocrx_word' id='word_1_848' title='bbox 2655 5562 3103 5636; x_wconf 87' lang='lat' dir='ltr'>appellationem</span> <span class='ocrx_word' id='word_1_849' title='bbox 3136 5559 3424 5623; x_wconf 89' lang='lat' dir='ltr'>tribuunt,</span> <span class='ocrx_word' id='word_1_850' title='bbox 3457 5559 3659 5613; x_wconf 62' lang='lat' dir='ltr'>medias</span> 
     </span>
    </p>
   </div>
   <div class='ocr_carea' id='block_1_114' title="bbox 2034 5646 3662 5729">
    <p class='ocr_par' dir='ltr' id='par_1_114' title="bbox 2034 5646 3662 5729">
     <span class='ocr_line' id='line_1_114' title="bbox 2034 5646 3662 5729; baseline -0.006 -15"><span class='ocrx_word' id='word_1_851' title='bbox 2034 5658 2284 5729; x_wconf 88' lang='lat' dir='ltr'>cuipiam</span> <span class='ocrx_word' id='word_1_852' title='bbox 2320 5656 2471 5711; x_wconf 90' lang='lat' dir='ltr'>inter</span> <span class='ocrx_word' id='word_1_853' title='bbox 2501 5652 3004 5724; x_wconf 80' lang='lat' dir='ltr'>contemplavitam</span> <span class='ocrx_word' id='word_1_854' title='bbox 3051 5657 3105 5706; x_wconf 87' lang='lat' dir='ltr'>et</span> <span class='ocrx_word' id='word_1_855' title='bbox 3133 5648 3542 5720; x_wconf 84' lang='lat' dir='ltr'>voluptariam,</span> <span class='ocrx_word' id='word_1_856' title='bbox 3564 5646 3662 5705; x_wconf 89' lang='lat' dir='ltr'>ille</span> 
     </span>
    </p>
   </div>
  </div>
