4162 6292
450 328 563 382 727

1752 325 2049 386 GEORGII
2088 324 2549 378 PACHYMERE

3738 326 3849 381 728

452 451 547 505 γάν
580 452 659 521 τῷ
690 450 806 505 κατ’
839 451 1106 519 ἀνατολὴν
1156 446 1267 527 ὄρει
1324 455 1403 523 τῷ
1464 452 1656 524 μέλανι
1709 451 1799 506 καὶ
1854 452 1922 522 τῇ
1979 448 2095 501 κατ’
2127 451 2178 515 Α
2215 446 2308 517 μὲν
2369 443 2680 516 ἁπλότητος
2738 445 3120 522 πλεονέκτημα
3176 448 3251 512 εἷς
3297 449 3632 525 κατηγορίαν
3689 448 3849 505 ἀδιας-

460 537 629 592 έκεῖνο
692 541 830 611 μονῇ
890 538 1204 613 ἐγχρονίσας
1262 540 1490 607 ἀσκῆσαι
1530 540 1591 595 τὸ
1622 538 1791 594 πάλαι
1820 537 1885 591 τὰ
1945 537 2103 609 μέγι-

464 629 583 700 στα)
616 627 762 698 παρὰ
812 631 923 701 τῶν
984 626 1192 681 λοιπῶν
1242 630 1465 699 ἠξιοῦτο
1513 629 1611 696 τὴν
1641 634 1739 696 τῆς
1770 634 2103 680 Κωνσταντι-

463 715 777 777 νουπόλεως
835 725 1165 789 προστασίαν
1227 714 1595 786 ἀναδέξασθαι.
1650 716 1750 769 Σὺν
1810 718 1890 775 οἷς
1936 713 2025 767 καὶ
2076 714 2102 765 ὁ

471 803 727 877 βασιλεὺς
758 806 1063 881 τὴνψῆφον
1124 803 1521 877 ἀποδεξάμενος
1577 798 1958 872 κατηντιϐόλει
2010 802 2100 853 τὸν

467 889 652 961 ἄνδρα,
686 892 773 945 καὶ
807 892 885 968 ἐφ’
919 892 1147 966 ἡμέραις
1183 894 1423 962 προσιὼν
1466 891 1621 951 ὅλαις
1674 893 1866 965 ὁρμαῖς
1924 888 2104 963 παρώ-

463 998 621 1052 τρυνε
651 980 737 1032 καὶ
769 978 922 1050 ἠξίου
959 981 1032 1051 μὴ
1085 981 1507 1052 ἀποπέμψασθαι
1556 981 1620 1033 τά
1675 986 1773 1047 τῆς
1828 980 2100 1047 κλήσεως,

464 1085 765 1158 ιΥ,”Ὀπως
814 1082 1061 1159 ἀνάγεται
1121 1085 1392 1159 Γερμανὸς
1451 1084 1524 1148 εἰς
1568 1084 1629 1139 τὸ
1686 1089 2100 1159 πατριαρχεῖον,

977 1157 1065 1209 καὶ
1096 1156 1148 1209 τί
1179 1156 1579 1229 διαπράττεται.

532 1244 641 1297 Καὶ
702 1242 767 1310 δὴ
817 1242 1190 1318 παρακληθεὶς
1246 1246 1364 1313 εἶξε.
1400 1246 1503 1299 Καὶ
1550 1244 1715 1315 μηνὸς
1773 1248 2105 1312 Μαιμακτη-

465 1335 664 1402 ριῶνος
696 1329 747 1384 ἐν
779 1336 847 1405 τῇ
880 1336 979 1385 τοῦ
1012 1331 1162 1404 ἁγίου
1207 1331 1521 1402 Πνεύματος
1575 1332 1733 1403 ἑορτῇ
1794 1329 1896 1383 ὑπὸ
1946 1329 2104 1400 τὸμῳ

463 1423 629 1490 κοινῷ
705 1420 948 1493 γεγονότι
1042 1421 1388 1493 πατριάρχης
1474 1419 1937 1491 ἐπικηρύσσεται,
2013 1416 2103 1470 καὶ

468 1507 647 1583 σφίσιν
682 1508 794 1579 ἅμα
826 1505 1320 1580 συλλειτουργήσας
1346 1512 1423 1578 τῷ
1467 1507 1598 1580 ἱερῷ
1642 1504 1871 1583 έφιζάνει
1930 1503 2104 1576 θρόνῳ

464 1594 690 1648 καὶτῶν
724 1591 907 1648 ἄλλων
972 1593 1313 1667 προΐσταται.
1344 1597 1496 1666 ’Ἅμα
1552 1592 1609 1647 δὲ
1662 1598 1741 1665 τῷ
1797 1586 2103 1664 προσϐῆναι

461 1686 544 1753 τῷ
602 1683 779 1757 θρόνῳ
840 1680 991 1757 ἔργον
1045 1680 1235 1753 ἆκείνῳ
1292 1681 1558 1757 ἀσχολίας
1605 1680 1782 1749 πάσης
1815 1681 2100 1755 ὑπέρτερον

2207 534 2509 610 φορὸτητος
2537 536 2869 608 περιίστατο,
2902 535 3053 591 τὸδὲ
3106 544 3205 607 τῆς
3255 539 3331 600 εἷς
3383 538 3609 614 βασιλέα
3662 536 3847 601 αἰδοῦς

2205 642 2261 675 τε
2317 622 2406 675 καὶ
2463 618 2837 698 κυϐερνήσεως
2915 624 2990 688 εἷς
3062 621 3318 699 ἔγκλημα
3402 626 3693 688 κολακείας
3752 629 3838 681 καὶ

2206 708 2434 782 ψεύδους
2491 712 2625 782 πρὸς
2672 712 2797 773 τοὺς
2852 712 3099 775 πολλοὺς
3132 716 3400 788 ἄντικρυς.
3435 719 3525 784 Τῷ
3553 716 3655 788 γάρ
3683 714 3842 785 ἁπλῷ

2204 802 2299 850 τοῦ
2354 798 2558 872 τρόπου
2613 799 2702 853 καὶ
2753 800 3042 873 ἀνυπούλῳ
3097 802 3183 855 ναὶ
3240 801 3529 873 ἐλευθερίῳ
3590 802 3725 871 πρὸς
3783 804 3843 856 τὸ

2204 890 2320 945 τοῖς
2364 890 2594 958 παροῦσι
2654 889 2959 961 χρήσασθαι
3017 890 3115 961 μὶν
3173 891 3262 943 καὶ
3312 890 3489 955 αὐτὸν,
3524 888 3729 966 ἐφεῖναι
3786 887 3843 943 δὲ

2205 975 2291 1025 καί
2322 977 2441 1034 τοῖς
2474 971 2632 1035 ἰδίοις
2667 978 2927 1049 χρῆσθαι,
2950 978 3048 1044 τήν
3099 982 3194 1030 τοῦ
3240 984 3617 1050 καταχρῆσθαι
3673 997 3845 1049 προσ-

2206 1058 2412 1128 ειλήσει
2475 1059 2652 1130 δόξαν.
2689 1066 2770 1135 [Ρ.
2814 1066 2934 1135 190]
2990 1067 3079 1135 Τῷ
3139 1062 3195 1118 δὲ
3252 1060 3508 1138 κυϐερνᾷν
3564 1065 3658 1118 τὸν
3712 1085 3847 1137 κρα-

2204 1152 2417 1218 τοῦντα,
2450 1150 2537 1202 καὶ
2601 1150 2811 1221 μᾶλλον
2867 1150 2947 1228 ἐφ’
3005 1152 3279 1219 ἱκετείαις,
3327 1154 3415 1206 ὅτε
3473 1152 3677 1214 ἐκεῖνος
3749 1154 3841 1224 μὲν

2204 1238 2624 1313 προσαναφέρων
2677 1239 2855 1308 ἠξίου,
2887 1241 2914 1293 ὁ
2949 1238 3004 1293 δὲ
3060 1246 3269 1314 κρατῶν
3332 1240 3393 1293 ού
3443 1238 3643 1315 ῥᾳδίως
3689 1243 3848 1295 κατέ-

2204 1344 2342 1391 νευε,
2374 1326 2656 1388 κάντεῦθεν
2713 1329 2847 1380 κατὰ
2892 1328 2955 1382 τὸ
3014 1326 3203 1382 δοκοῦν
3263 1328 3531 1400 ᾠκονόμει
3588 1333 3668 1399 τῷ
3724 1326 3840 1382 δεο-

2208 1408 2348 1483 μένῳ
2396 1414 2487 1466 τὸν
2554 1411 2843 1486 ἐλπισμὸν,
2878 1418 2953 1477 ὡς
3013 1419 3087 1488 μὴ
3121 1416 3387 1489 ὰπογνοίη
3445 1416 3840 1493 ἀποπεμφθεὶς,

2204 1498 2441 1567 ἐλπίζων
2472 1498 2607 1564 ’ίσως
2642 1502 2818 1556 ἀνύειν
2843 1502 3150 1579 ἐσύστερον,
3179 1503 3273 1558 κᾶν
3337 1503 3511 1579 λέγων
3567 1501 3840 1566 πολλάκις

2207 1586 2305 1640 οὐκ
2358 1585 2508 1658 ἤνυε,
2540 1590 2638 1657 τὴν
2692 1595 2789 1644 τοῦ
2844 1590 3074 1660 ψεύδους
3132 1592 3365 1665 ὑποψίαν
3420 1592 3839 1666 προσκτώμενος

2204 1678 2566 1746 κατεκρίνετο.
2601 1677 2681 1734 Τὰ
2721 1675 2777 1731 δὲ
2829 1678 3152 1752 ἐγκλήματα
3210 1683 3374 1733 ταῦτα
3428 1680 3670 1749 καθάπαξ
3725 1685 3839 1740 τοῖς

460 1775 621 1842 τιμᾷν
676 1791 735 1825 τε
789 1777 905 1832 τοῖς
962 1772 1300 1844 προσήκουσι
1358 1770 1483 1831 τοὺς
1530 1771 1691 1843 ἀρετῇ
1726 1768 2014 1830 δοκοῦντας
2063 1768 2098 1836 ἢ
2134 1802 2175 1864 Β
2205 1770 2311 1819 τῶν
2344 1762 2571 1818 πολλῶν
2604 1768 2807 1840 ψυχαῖς
2842 1766 3157 1836 ἐνιζήσαντα
3204 1767 3398 1837 ἐξῆπτε
3450 1767 3513 1821 τὸ
3572 1767 3678 1820 ἀπὸ
3732 1768 3838 1821 τῶν

460 1859 551 1912 καὶ
612 1856 762 1931 λόγῳ
809 1859 1065 1933 προέχειν
1116 1863 1224 1912 τῶν
1256 1856 1463 1925 ἄλλων,
1494 1858 1623 1918 τοὺς
1657 1859 1749 1929 μὶν
1806 1856 2095 1928 ἀξιώμασι,

455 1945 585 2007 τοὺς
643 1944 699 1999 δὲ
759 1946 1104 2023 φιλοτησίαις
1160 1948 1386 2007 άπάσαις
1432 1947 1521 2000 καὶ
1567 1944 1763 2020 δώροις
1796 1944 2093 2005 παντοίοις.

459 2038 556 2089 Ἠν
608 2036 709 2109 γὰρ
764 2034 853 2089 καὶ
904 2037 1307 2109 περιφρονητὴς
1360 2035 1586 2109 χρυσίου
1632 2037 1697 2089 τὰ
1732 2034 1987 2106 μάλιστα,
2021 2035 2093 2094 ὡς

464 2120 604 2195 μηδὲ
659 2130 946 2191 κεκτῆσθαι
1006 2122 1318 2197 βαλάντιον,
1369 2121 1513 2177 ἀλλά
1567 2124 1629 2176 τὸ
1684 2118 2089 2196 προσαγόμενον

457 2207 677 2265 ἔκποθεν
710 2209 926 2277 έπίτῆς
977 2205 1227 2271 στιϐάδος
1277 2210 1480 2264 ἐκείνου
1537 2210 1775 2264 κελεύειν
1832 2210 2092 2277 τίθεσθαι,

456 2298 530 2358 ὡς
579 2294 797 2370 ἕτοιμον
850 2298 983 2351 εἶναι
1043 2302 1161 2359 ταῖς
1198 2295 1410 2371 χρείαις
1437 2303 1534 2363 τῆς
1569 2295 1811 2358 εὐποιίας
1839 2294 1975 2348 ὅπου
2032 2293 2089 2347 ἂν

457 2385 659 2448 ἐκεῖνος
716 2384 1008 2443 κελεύσειε.
1059 2384 1304 2457 Τοιούτῳ
1360 2381 1406 2438 δ’
1462 2380 1575 2439 ὄντι
1635 2382 1821 2455 ἐκείνῳ
1875 2382 1937 2436 τὸ
1992 2389 2091 2451 τῆς

455 2619 633 2675 supra
648 2600 1323 2659 memoratusOrestiadis
1338 2597 1949 2671 episcopus,praelatus
1962 2596 2094 2653 aliis

453 2690 628 2746 etiam
642 2689 1149 2746 commendatione
1171 2687 1300 2743 vita:
1319 2688 1614 2759 quondam
1647 2686 1907 2742 asceticm
1933 2702 2091 2740 sum-

451 2794 545 2834 ma
568 2779 737 2834 laude
769 2779 869 2834 diu
897 2778 1219 2834 exercitatzs
1248 2778 1301 2832 in
1328 2774 1676 2832 monasterio
1700 2775 1855 2846 Nigri
1883 2773 2093 2829 Montis

457 2869 528 2922 ad
552 2868 843 2923 Orientem
878 2867 1037 2933 siti,a
1054 2866 1294 2939 reliquis
1315 2866 1593 2920 orabatur
1612 2869 1673 2919 ut
1694 2866 2094 2935 praefecturam

455 2957 912 3015 ecclesiasticam
945 2954 1600 3028 Constantinopolitanae
1636 2954 1796 3007 urbis
1826 2968 2092 3023 capesse-

454 3049 576 3101 ret:
613 3062 752 3103 cum
786 3046 1001 3117 quibus
1034 3050 1089 3100 et
1115 3046 1432 3116 imperator
1461 3042 1801 3097 electionem
1828 3056 2092 3111 compro-

463 3136 631 3204 bans,
659 3150 1006 3206 magnopere
1058 3132 1436 3187 incumbebat
1484 3130 1552 3183 ad
1585 3129 1748 3200 Iidem
1783 3130 1852 3182 ab
1886 3145 1950 3183 eo
1982 3128 2091 3181 im-

458 3224 831 3293 petrandum,
857 3221 1113 3293 quotidie
1135 3219 1335 3274 adiens
1358 3222 1414 3273 et
1434 3217 1592 3272 omni
1641 3216 2086 3289 persuasionum

465 3314 521 3365 et
551 3309 1022 3364 obsecrationum
1068 3308 1286 3378 impetu
1332 3306 1644 3377 adurgens,
1678 3322 1749 3359 ne
1800 3308 2099 3376 respueret

462 3397 844 3453 vocationem.

472 3552 561 3606 13.
609 3553 667 3607 Ut
724 3555 940 3604 evectus
999 3548 1295 3603 Germanus
1350 3549 1410 3601 in
1436 3547 1859 3617 patriarchalem
1919 3549 2099 3603 sedem

868 3619 1082 3687 fuerit:
1111 3625 1164 3674 et
1190 3621 1379 3689 prima
1409 3619 1525 3687 ejus
1556 3629 1695 3673 acta.

531 3751 631 3806 His
654 3750 750 3806 ille
769 3751 1037 3821 precibus
1062 3750 1275 3805 moveri
1296 3766 1353 3804 se
1390 3751 1620 3805 tandem
1648 3768 1873 3821 passus,
1900 3766 2097 3805 mense

458 3840 633 3896 Junio
666 3840 722 3893 in
751 3840 894 3893 festo
919 3838 1101 3893 sancti
1127 3839 1376 3909 Spiritus
1399 3839 1783 3894 concordibus
1808 3838 2098 3909 suffragiis

464 3929 694 3983 decreto
723 3928 1018 3982 communi
1044 3928 1263 3998 perlato
1288 3926 1616 3998 patriarcha
1636 3925 1965 3980 declaratus
1988 3932 2095 3995 est,

456 4021 513 4070 et
543 4033 708 4071 sacro
741 4032 873 4070 cum
906 4015 1023 4069 illis
1057 4016 1367 4081 celebrato,
1410 4031 1584 4069 sacra:
1632 4014 1940 4086 impositus
1972 4016 2095 4069 sedi

459 4104 766 4175 praesidere
797 4104 1025 4158 cunctis
1054 4103 1243 4174 coepit.
1273 4103 1456 4158 Simul
1483 4108 1674 4156 autem
1710 4103 1985 4157 thronum
2010 4108 2094 4157 at-

454 4192 607 4262 tigit,
649 4208 793 4260 opus
844 4192 1003 4245 omni
1054 4191 1280 4245 actione
1337 4190 1606 4260 superius
1660 4195 1819 4245 ratus
1866 4192 2094 4246 afﬁcere

455 4279 680 4333 meritis
700 4278 991 4332 honorum
1025 4277 1281 4348 praemiis
1304 4277 1514 4331 virtute
1546 4281 1643 4331 aut
1663 4278 1927 4333 doctrina
1953 4296 2093 4349 prae-

453 4366 726 4421 cellentcs
756 4366 908 4434 aliis,
944 4366 1040 4436 qui
1075 4366 1217 4421 281
1260 4365 1406 4419 tales
1434 4370 1627 4420 essent
1662 4367 1866 4436 partim
1902 4367 2093 4439 digni-

450 4453 673 4509 tatibus
725 4454 938 4525 partim
993 4454 1285 4508 donativis
1335 4457 1391 4508 et
1440 4453 1852 4525 largitionibus
1902 4457 2090 4510 omnis

2206 1852 2431 1909 πολλῶν
2470 1861 2649 1927 μῖσος,
2683 1857 2763 1910 ὅτι
2802 1877 2859 1910 τε
2906 1857 3195 1926 ἀντίζηλος
3254 1856 3336 1927 εἵη
3393 1863 3472 1929 τῷ
3529 1860 3840 1932 πατριάρχῃ

2205 1944 2302 2010 τήν
2336 1943 2535 1996 ἐκείνου
2575 1946 2861 2017 κατασχὼν
2894 1943 3239 2014 Ἐκκλησίαν,
3270 1945 3357 2000 καὶ
3416 1945 3497 1999 ὅτι
3554 1946 3660 1999 ἀπὸ
3712 1945 3832 2018 Θρό-

2200 2052 2293 2083 vos
2323 2038 2421 2097 τῆς
2453 2036 2712 2105 θυγατρός
2742 2036 2818 2102 τῷ
2850 2032 3026 2106 θρόνῳ
3077 2041 3176 2101 τῆς
3240 2036 3445 2109 μητρὸς
3506 2033 3671 2105 (οὕτω
3728 2033 3830 2107 γὰρ

2199 2118 2292 2179 τὰς
2351 2117 2639 2187 ἐκκλησίας
2695 2118 2942 2191 ἐκάλουν)
2997 2118 3187 2190 ἀνέδην
3248 2122 3387 2176 οὕτω
3444 2122 3531 2175 καὶ
3590 2119 3833 2184 αὐθαδῶς

2204 2204 2599 2276 εἷσπηδῆσειεν,
2633 2206 2752 2270 ὅθεν
2784 2209 2875 2261 καὶ
2930 2206 3075 2261 δυσὶν
3134 2210 3495 2284 ἐνισχομένου
3551 2207 3834 2283 ἐγκλήμα-

2202 2316 2282 2347 σιν
2313 2295 2415 2348 οὗκ
2468 2295 2533 2362 ἦν
2594 2296 2740 2357 ὅστις
2800 2296 2997 2369 ἀγαθὸν
3057 2295 3241 2352 ἐλάλει
3298 2298 3421 2373 περὶ
3471 2296 3697 2365 ἐκείνου,
3727 2302 3832 2350 τῶν

2205 2382 2298 2455 μὲν
2332 2379 2740 2457 προσκειμένων
2769 2388 2847 2455 τῷ
2876 2385 3207 2461 πατριάρχῃ,
3238 2390 3344 2440 τῶν
3377 2383 3435 2440 δὲ
3488 2387 3576 2440 καὶ
3639 2384 3836 2458 ἐπομε-

2200 2597 2529 2668 spicionum
2546 2598 2810 2655 libertate
2823 2600 3665 2672 quoslibetpromiscueobvios
3676 2601 3834 2658 aﬂ'ari

2201 2685 2577 2757 excipereque
2610 2694 3223 2761 consuesset,cumque
3250 2691 3374 2745 suis
3405 2689 3746 2745 domesticis
3767 2690 3835 2744 li-

2201 2774 2484 2829 beriorem
2508 2775 2838 2830 istiusmodi
2866 2778 3080 2847 pariter
3100 2794 3231 2833 cum
3265 2779 3571 2849 quibusvis
3601 2795 3835 2834 conver-

2202 2862 2482 2917 sationem
2505 2863 3033 2935 permitteret,usus
3052 2866 3147 2921 ille
3173 2871 3553 2940 utrorumque
3584 2867 3837 2923 securior

2203 2951 2355 3019 apud
2389 2952 2778 3022 suspiciosum
2809 2953 3019 3026 vulgus
3067 2955 3124 3009 in
3158 2956 3449 3011 abusuum
3480 2957 3830 3011 occultorum

2201 3038 2532 3109 Opinionem
2565 3040 2831 3095 incurrit.
2862 3044 3151 3098 Tractatio
3183 3049 3373 3099 autem
3408 3046 3756 3117 obsequiosa
3780 3049 3834 3099 et

2202 3129 2677 3205 verecundacum
2702 3130 3058 3201 principe,ex
3082 3149 3198 3202 qua
3218 3132 3313 3187 ille
3340 3134 3609 3188 fiduciam
3640 3151 3833 3189 sumc-

2202 3215 2301 3269 bat
2332 3218 2709 3287 suspendenti
2744 3220 3008 3273 affectum
3060 3220 3553 3293 supplicationum
3587 3224 3836 3294 patriar-

2203 3303 2342 3370 chae,
2371 3305 2427 3358 id
2471 3321 2648 3376 agens
2698 3306 2809 3363 isto
2859 3308 3167 3363 ambitioso
3216 3310 3460 3366 artiﬁcio
3508 3312 3833 3367 differendae

2201 3392 2420 3463 gratiae,
2453 3395 2621 3464 cujus
2661 3411 2822 3466 spem
2857 3413 2969 3450 non
3019 3397 3335 3467 auferebat,
3369 3403 3435 3452 nt
3479 3415 3611 3454 eum
3659 3416 3831 3471 quam

2203 3479 2535 3535 diutissime
2567 3482 2678 3537 sibi
2702 3483 3019 3555 supplicem
3045 3489 3103 3540 et
3134 3486 3215 3540 sic
3245 3486 3559 3542 obnoxium
3593 3492 3834 3553 teneret,

2204 3565 2260 3619 in
2285 3583 2461 3621 causa
2483 3574 2604 3623 erat
2652 3575 2717 3624 ut
2738 3587 2863 3624 cum
2892 3588 3017 3643 qua:
3041 3574 3368 3643 patriarcha
3391 3575 3833 3647 impetraturum

2203 3670 2264 3708 se
2296 3665 2604 3728 receperat,
2639 3660 2708 3713 ad
2742 3660 2892 3714 diem
2914 3678 3028 3715 non
3063 3662 3443 3733 provenirent,
3481 3664 3580 3735 qui
3621 3665 3834 3719 frustra

2202 3749 2626 3815 exspectarent,
2662 3749 2836 3802 verba
2867 3749 2979 3804 sibi
3004 3750 3072 3804 ab
3097 3766 3161 3804 eo
3195 3751 3329 3806 data
3345 3757 3724 3823 quererentur
3746 3769 3760 3819 ;
3784 3753 3833 3808 si

2200 3848 2329 3887 vero
2360 3839 2602 3889 nossent
2633 3837 2856 3891 aditum
2891 3839 2961 3893 ab
3011 3855 3077 3894 eo
3111 3855 3309 3895 revera
3356 3841 3701 3912 principem,
3730 3841 3832 3895 fri-

2199 3920 2332 3991 gide
2354 3921 2407 3975 id
2435 3940 2497 3976 ac
2516 3924 2718 3980 timide
2741 3927 2983 3980 nimium
3010 3928 3079 3981 ab
3103 3928 3458 3997 eo,videlicet
3482 3934 3833 3997 assentante,

2201 4014 2394 4064 actum
2430 4011 2557 4079 rati,
2585 4014 2986 4069 auctoritatem
3015 4020 3067 4069 et
3092 4016 3270 4070 robur
3293 4017 3555 4089 dignitati
3590 4018 3832 4089 patriar-

2199 4098 2319 4151 cha:
2351 4105 2800 4155 consentaneum
2834 4102 2891 4155 in
2911 4119 2975 4157 eo
3009 4103 3424 4173 desiderarent,
3445 4123 3509 4159 ac
3532 4112 3836 4179 propterea

2200 4187 2301 4240 tali
2336 4188 2457 4242 loco
2489 4189 2685 4243 minus
2713 4190 2984 4245 idoneum
3017 4192 3315 4247 ducerent.
3343 4194 3469 4249 Hzcc
3504 4194 3742 4249 sinislra
3766 4196 3835 4250 de

2200 4274 2485 4330 Germano
2525 4278 2751 4347 judicia
2801 4278 3116 4334 multorum
3173 4281 3352 4336 semel
3398 4282 3613 4338 animis
3661 4282 3836 4338 inﬁxa

2199 4363 2478 4428 subjectis
2501 4365 2729 4420 invidiae
2764 4366 2987 4422 facibus
3011 4369 3456 4425 cxardescebant
3482 4370 3540 4424 in
3566 4372 3835 4426 offensio-

2200 4467 2334 4507 nem
2369 4453 2519 4508 282
2550 4454 2867 4524 publicam,
2902 4457 3105 4512 multis
3130 4459 3246 4527 jam
3273 4458 3437 4513 illum
3472 4459 3835 4515 intuentibus

448 4542 678 4612 generis
711 4540 1118 4597 liberalissime
1142 4557 1345 4595 ornare
1371 4557 1433 4594 ac
1460 4540 1758 4595 cumulare
1790 4558 1955 4596 orsus
1983 4548 2084 4596 est.
2127 4527 2167 4590 ll
2200 4544 2261 4593 ut
2293 4540 2583 4594 intrusum
2621 4560 2720 4613 pro
2754 4560 2885 4598 vero
2932 4547 3279 4616 patriamha,
3313 4553 3569 4618 ereptam
3618 4549 3835 4619 injuste

448 4630 583 4684 Erat
610 4628 763 4683 enim
793 4628 917 4683 auri
951 4632 1309 4699 contemptor
1339 4634 1404 4683 ut
1442 4633 1536 4700 qui
1570 4630 1841 4695 maxime,
1872 4647 1940 4685 ne
1957 4648 2085 4685 cru.

450 4733 676 4772 menum
712 4716 946 4787 quidem
970 4717 1183 4771 habere
1206 4717 1478 4787 dignatus
1509 4734 1521 4771 :
1547 4717 1644 4772 sed
1671 4717 1954 4788 quidquid
1980 4735 2086 4772 un-

449 4806 757 4875 decunque
805 4805 1125 4873 offerretur,
1169 4822 1347 4875 supra
1384 4804 1598 4859 lectum
1634 4822 1667 4860 a
1718 4806 2085 4877 portantibus

448 4893 910 4963 deponijubcns,
934 4910 1044 4962 quo
1076 4893 1154 4946 ibi
1187 4897 1509 4964 expositum
1543 4894 1598 4947 in
1634 4899 1904 4966 promptu
1934 4901 2089 4949 esset

447 4980 514 5034 ad
537 4997 681 5034 usus
699 4980 1473 5051 beneﬁcentiae,erogandum
1501 4982 1624 5050 ejus
1644 4984 1916 5037 mandato
1945 5000 2083 5054 quo-

445 5082 675 5138 cunque
707 5067 956 5120 rationes
997 5066 1292 5137 egentium
1346 5074 1667 5138 poscerent.
1717 5070 1838 5123 Tali
1894 5078 2082 5125 autem

450 5155 587 5209 huic
612 5156 733 5207 viro
753 5155 1114 5208 abundantia
1146 5156 1542 5226 simplicitatis
1567 5157 1861 5213 solutioris
1885 5159 1940 5212 in
1965 5160 2084 5215 vita

446 5242 695 5297 licentia:
712 5242 1140 5296 accusationem
1167 5245 1525 5315 comparavit
1550 5262 1561 5298 :
1586 5247 1773 5315 pudor
1792 5263 1922 5299 vero
1948 5263 2085 5319 erga

447 5330 954 5402 imperatorem,et
980 5332 1033 5384 in
1057 5332 1277 5402 agendo
1308 5349 1438 5386 cum
1465 5349 1529 5387 eo
1562 5350 1701 5387 cura
1722 5334 1970 5388 vitandae
1994 5337 2080 5389 of-

446 5418 725 5473 fensionis
752 5419 1225 5486 adhibita,labem
1252 5420 1361 5491 ipsi
1389 5421 1537 5492 apud
1560 5422 1775 5476 multos
1797 5422 2083 5478 adulatio-

446 5505 538 5559 nis
567 5511 621 5560 et
655 5507 945 5563 mendacii
986 5509 1253 5577 aspersit.
1288 5511 1427 5562 Cum
1481 5510 1633 5563 enim
1671 5509 1719 5564 is
1748 5511 1985 5565 sincerre
2013 5514 2083 5567 ab

449 5594 608 5646 omni
642 5595 771 5648 fuco
803 5594 980 5649 indoli
1011 5597 1362 5669 obsequens,
1389 5598 1633 5652 candida
1664 5616 1726 5654 ac
1758 5616 1961 5655 secura
1984 5618 2083 5656 su-

2197 4628 2428 4683 innoxio
2466 4630 2773 4686 Ecclesium
2829 4637 3147 4702 tenentem,
3181 4639 3238 4689 et
3286 4652 3315 4691 e
3346 4635 3555 4690 throno
3615 4636 3744 4690 ﬁliae
3774 4637 3832 4691 in

2196 4717 2470 4771 thronum
2508 4718 2705 4773 matris
2738 4720 2844 4791 (sic
2875 4722 3027 4776 enim
3084 4722 3357 4777 ecclesias
3388 4725 3692 4796 vocabant)
3725 4726 3835 4780 im-

2198 4805 2481 4873 pudenter
2508 4822 2573 4859 ac
2606 4810 2818 4862 temere
2848 4808 3072 4863 insilire
3096 4827 3325 4866 ausum.
3360 4812 3581 4874 Quibus
3614 4814 3831 4868 sensim

2195 4892 2578 4963 gliscentibus
2603 4897 3092 4964 sensibus,evenit
3118 4899 3349 4953 tandem
3376 4901 3516 4955 adeo
3535 4901 3699 4956 illum
3726 4919 3834 4956 ma-

2196 4982 2459 5036 culosum
2491 5000 2769 5054 apparere
2807 4986 3057 5056 duplicis
3084 4988 3252 5041 istius
3286 4989 3413 5043 labe
3453 4989 3737 5057 criminis,
3772 4995 3838 5044 ut

2197 5088 2306 5124 non
2332 5075 2481 5125 esset
2513 5073 2609 5143 qui
2640 5074 2708 5126 de
2738 5090 2803 5127 eo
2826 5074 2961 5128 boni
2989 5075 3447 5146 quidquamjam
3479 5077 3632 5148 loqui
3657 5079 3835 5132 susti-

2196 5164 2378 5226 neret,
2413 5161 2890 5231 conspirantihus
2913 5162 2968 5215 in
3002 5179 3184 5217 unum
3214 5165 3362 5217 odiis
3394 5165 3697 5219 ambarum
3724 5166 3837 5221 fac-

2194 5249 2441 5312 tionum,
2495 5254 2613 5303 tam
2660 5251 2787 5319 ejus
2816 5250 3084 5305 videlicet
3137 5269 3263 5322 qua)
3315 5254 3552 5308 Arsenio
3588 5254 3830 5321 favebat,

2195 5354 2371 5405 quam
2407 5337 2644 5391 alterius
2674 5355 2796 5407 quas
2830 5355 2966 5393 suas
3000 5341 3254 5409 privatas
3286 5346 3484 5395 secuta
3515 5342 3770 5396 rationes
3801 5359 3835 5397 a

2194 5424 2480 5479 Germano
2513 5426 2881 5481 abhorrebat.
2914 5426 3027 5481 Nec
3059 5428 3299 5481 deerant
3330 5428 3671 5483 maleferiati
3707 5428 3833 5483 bla-

2195 5519 2421 5567 terones
2463 5514 2516 5567 in
2543 5513 3007 5569 maledicentiam
3044 5516 3260 5578 faciles,
3293 5516 3389 5587 qui
3442 5532 3544 5587 per
3573 5532 3832 5571 scomma

2194 5618 2327 5656 cum
2358 5601 2716 5657 Marrnutzan
2752 5603 3138 5669 nominarent,
3171 5602 3511 5658 vocabulum
3545 5603 3655 5675 ipsi
3690 5605 3834 5659 Per-
