4158 6280
367 342 480 398 729

1435 350 1530 402 DE
1566 345 1937 400 MICHAELE
1974 338 2398 397 PALEOLOGO
2435 339 2566 392 LIB.
2598 337 2694 390 IV.

3650 312 3759 368 730

368 490 474 523 νων
536 467 670 531 ἴσως
727 475 846 534 ταῖς
900 471 1152 546 γνώμαις
1208 468 1442 525 ἐκείνων.
1491 471 1659 526 Ἦσαν
1693 465 1751 522 δὲ
1779 467 1869 522 καὶ
1897 470 2003 519 τῶν
2035 468 2088 533 Α
2118 463 2337 539 ἀγωγην
2389 461 2463 523 εἷς
2513 456 2788 514 παίδευσιν
2838 453 3090 531 λογικὴν,
3120 449 3183 506 τὸ
3215 448 3416 546 ἐκεῖνον
3446 444 3505 500 ἐκ
3530 447 3630 546 τῆς
3657 443 3752 546 τοῦ

372 562 641 633 περιττῶν
701 559 789 612 καὶ
840 559 914 622 εἷς
975 559 1307 633 κατηγορίας
1347 557 1610 629 εὐκόλων,
1643 555 1693 610 o'i
1723 556 1810 610 καὶ
1842 575 2010 628 προσ-

378 643 734 714 ονειδίζοντες
815 652 1172 721 Μαρμουτζᾶν
1259 647 1725 722 προσωνόμαζον,
1807 640 2014 718 προσά-

374 755 597 795 πτοντες
647 731 823 806 ὄνομα
855 736 1113 808 Περσικὸν
1162 735 1211 804 ἐξ
1243 734 1418 798 αἰτίας
1445 741 1543 803 τῆς
1591 732 1672 786 ὅτι
1707 731 1903 793 ἐκεῖνος
1952 731 2013 784 τὸ

374 823 538 896 γένος
568 823 628 876 τὸ
662 821 919 898 σύνεγγυς
953 825 1126 892 Λάζος
1175 823 1264 892 ἦν,
1315 823 1376 877 τὸ
1418 820 1463 876 δ’
1494 822 1742 876 ἀνέκαθεν
1793 820 1882 874 καὶ
1915 824 2014 873 Γαο

376 906 529 982 ϐρᾶς.
575 912 724 973 Τὲως
752 912 842 965 τὸν
895 911 1098 986 τρόπον
1136 911 1474 988 μεμφόμενοι
1505 913 1596 964 τὸν
1625 909 1826 964 ἐκείνου
1859 906 2014 977 δῆθεν

373 1004 536 1053 τοῦτο
588 1000 681 1071 μὲν
734 1000 806 1059 ὡς
857 999 1245 1074 ἀπερίσκεπτον
1295 1000 1383 1054 καὶ
1429 999 1622 1072 θρασὺν
1679 1001 1753 1072 μὴ
1809 997 2015 1059 εἰδότος

374 1089 442 1155 ἧς
501 1086 562 1140 οὖ
620 1088 777 1159 μετὸν
840 1083 1101 1142 ἐπιϐαίνει
1159 1095 1348 1161 τιμῆς,
1410 1093 1570 1143 τοῦτο
1623 1085 1680 1142 δὲ
1703 1089 1792 1141 καὶ
1825 1089 1899 1148 ὡς
1931 1085 2016 1140 ἐπὶ

377 1173 636 1246 κολακείᾳ
683 1171 1118 1248 διαϐαλλόμενον
1159 1180 1229 1249 τῇ
1273 1177 1407 1252 πρὸς
1452 1176 1698 1250 βασιλέα,
1729 1196 2052 1260 προσεμωοὶ

373 1269 554 1318 κῶντο
585 1265 645 1317 τὸ
684 1265 839 1338 γένος
872 1265 946 1325 ὡς
997 1266 1197 1328 ἒκεῖοεν
1230 1265 1287 1320 ’ὀν
1324 1266 1516 1320 ὁπόθεν
1566 1265 1655 1320 καὶ
1708 1266 1768 1320 τὸ
1827 1271 2017 1338 Περσι-

371 1351 468 1405 κὸν
529 1351 658 1404 εἶναι
719 1348 1144 1426 διωμολογεῖτο.
1200 1355 1386 1425 Ὅμως
1441 1354 1613 1429 γὲριυν
1668 1351 1739 1407 ὢν
1772 1352 1860 1407 καὶ
1893 1352 2020 1406 παί-

377 1436 554 1494 δευσιν
611 1439 841 1514 ἀρχαίαν
903 1437 1047 1514 ἔχων
1108 1439 1564 1512 ἐκκλησιαπικήν
1616 1446 1898 1515 Γερμανοῦ
1925 1445 2022 1496 τοῦ

377 1527 701 1600 μακαρίτου,
762 1526 947 1582 πολλά
999 1532 1106 1581 τῶν
1158 1532 1259 1594 τῆς
1313 1527 1510 1599 τάξεως
1559 1537 1658 1599 τῆς
1693 1529 2019 1600 Ἐκκλησίας

375 1614 599 1669 καθίστα
629 1617 764 1690 πρὸς
796 1616 858 1670 τὸ
907 1603 1262 1691 ἀρχαιότερον
1295 1617 1654 1693 παρῃρημὲνα
1703 1617 1793 1672 καὶ
1841 1617 2023 1693 χρόνῳ

381 1705 465 1776 [Ρ.
503 1705 628 1775 191]
656 1704 745 1758 καὶ
777 1703 1080 1776 ἀμελείαις.

382 1817 468 1875 ιδ’.
499 1821 687 1908 ’Ὅπως
713 1821 804 1874 τὸν
835 1815 1154 1914 Ὀλόβωλον
1185 1823 1516 1914 ’μεταγαγὼν
1545 1824 1573 1878 ὁ
1599 1821 2012 1914 πατριαρχειξων
2061 1817 2102 1880 Β

455 1889 773 1914 _?__,,,__"
809 1897 936 1914 Δία*
1032 1913 1057 1914 η
1647 1897 1658 1914 Ι

452 1889 538 1971 εἰς.
558 1891 657 1971 τᾳὴν
680 1896 777 1971 τοῦ
803 1897 940 1971 θεοῦ
972 1889 1261 1971 ἐκκλησίαν
1321 1889 1560 1971 ὀῴιρικίῳ
1593 1889 2015 1969 ῥήτορος’ἒτίμα

453 1960 540 2015 καὶ
574 1960 896 2039 διδάσκαλον
926 1960 1169 2019 καθίστα.

462 2061 539 2115 Τὸ
571 2058 627 2114 δὲ
661 2066 842 2133 μεῖζον
895 2063 976 2116 δτι
1025 2062 1113 2116 καὶ
1143 2061 1446 2139 φιλολόγος
1478 2063 1548 2117 ὥν
1575 2065 1641 2118 ti
1681 2061 1919 2136 μάλιστα
1946 2069 2026 2137 τῷ

387 2143 694 2222 Ὀλοῦώλῳ
727 2149 911 2228 εὐφυεῖ
938 2171 997 2226 γε
1027 2146 1139 2206 ὄντι
1171 2153 1256 2206 καὶ
1291 2151 1491 2227 πλήρει
1518 2152 1695 2227 λόγων
1735 2153 1824 2207 καὶ
1856 2173 2024 2227 προσ-

387 2237 648 2306 ετετήκει,
709 2236 835 2291 ὥστ’
865 2239 1125 2313 ἀποχρῶν
1158 2240 1292 2294 κανᾶ
1317 2240 1378 2294 τὸ
1404 2242 1666 2315 παρεστὸς
1696 2240 2024 2315 ἡγούμενος,

386 2327 547 2378 τοῦτο
609 2325 704 2397 μὲν
736 2325 811 2387 εἷς
837 2329 936 2395 τήν
978 2325 1180 2382 ἐκείνου
1231 2328 1573 2404 παραμυθίαν
1620 2329 1886 2391 παθόντος
1939 2331 2027 2382 οἷα

383 2412 656 2486 πεπόνθει,
713 2415 872 2470 τοὸτο
906 2413 963 2470 δὲ
1010 2417 1097 2471 καὶ
1149 2416 1224 2480 εἷς
1254 2419 1352 2486 τήν
1404 2422 1511 2472 τῶν
1566 2416 2027 2489 ἐκκλησιαπικῶν

388 2626 1062 2700 εἰουωόριαοῐεε,ςυοά
1094 2645 1280 2700 genus
1309 2646 1482 2684 suum
1509 2631 1836 2700 proximum
1866 2649 1898 2686 a
1918 2632 2022 2686 La-

392 2715 500 2784 zis,
531 2716 811 2772 remotius
842 2733 875 2772 a
896 2717 1087 2772 Gabra
1119 2719 1260 2772 urbe
1290 2717 1546 2772 Persidis
1567 2718 1824 2785 duceret,
1847 2718 2022 2775 simul

399 2807 597 2860 eadem
630 2805 767 2861 dicti
785 2805 1138 2862 contumelia
1155 2805 1475 2861 lacerantes
1494 2808 1620 2878 ejus
1639 2808 2023 2879 mores,quasi

401 2893 650 2948 hominis
681 2893 1092 2949 inconsiderati
1124 2900 1180 2948 et
1212 2893 1457 2949 barbare
1487 2895 1852 2965 audacis,qui
1874 2911 2025 2950 caeca

400 2979 490 3034 sui
518 2987 818 3051 provectus
852 2981 1180 3052 ignorantia
1201 2981 1608 3037 inconcessum
1632 3000 1743 3038 non
1767 2983 2025 3038 dubitas-

397 3071 485 3123 set
513 3070 660 3122 sacri
693 3068 930 3124 honoris
967 3069 1264 3140 fastigium
1297 3070 1587 3138 invadere,
1620 3087 1731 3126 non
1767 3072 1892 3127 sine
1924 3072 2025 3126 ad-

396 3157 571 3211 mista
603 3173 803 3211 amara
856 3157 1125 3212 irrisione
1177 3156 1529 3212 adulationis
1569 3159 1697 3227 ejus
1739 3175 1878 3231 erga
1916 3159 2023 3214 im-

2121 533 2445 628 Προδρόμου
2499 552 2668 622 μονῆς
2715 547 2945 617 ἐξελθεῖν
2989 544 3077 598 καὶ
3136 536 3491 615 προσοκεῖλαι
3545 537 3613 607 τῇ
3667 533 3756 588 ἐκ-

2117 623 2363 714 κλησίᾳ,
2413 641 2566 718 ἔργον
2618 641 2795 708 πάσης
2851 633 3118 711 ἀσχολίας
3173 629 3377 718 ἐπέκειν
3417 626 3636 718 τίθεται
3693 623 3754 676 τὸ

2123 733 2253 804 ὑπὲρ
2283 717 2478 786 τούτου
2511 723 2832 804 πρεσϐεῦσαι
2883 730 2960 796 τῷ
3011 720 3228 800 βασιλεῖ
3256 717 3344 774 καὶ
3376 717 3440 770 τὸ
3467 717 3565 778 τῆς
3620 731 3754 786 πρε-

2121 800 2300 881 σϐείας
2360 800 2634 893 ἐπαγωιξὸν
2704 811 3093 892 προϐαλέσθαι,
3154 810 3228 873 ὡς
3289 831 3314 862 ιι
3367 803 3509 874 ’Ήδη
3574 800 3754 893 μὲν-ό

2121 887 2519 982 ’Λκροπολίτης
2556 887 2652 961 ⁷καὶ
2716 887 2880 979 μξέγας
2939 900 3234 976 λογοθὲτης
3294 895 3567 982 Γεώρχιος
3601 935 3645 982 ,_
3675 887 3754 964 ἐφ’

2120 979 2300 1052 ἱκανὸν
2377 996 2436 1050 ἐκ
2507 993 2845 1070 προστάξεως
2925 997 3044 1059 σῆς,
3133 985 3374 1061 βασιλεῦ,
3463 979 3754 1054 ἐνιδρώσας

2122 1083 2451 1161 παραδιδοὺς
2501 1085 2566 1136 τὰ
2627 1085 2960 1155 μαθήματα,
3016 1075 3123 1146 ’ἤδη
3178 1073 3265 1129 καὶ
3323 1069 3754 1161 ἀποκεκαιιηκει,

2121 1154 2211 1230 καῖ
2265 1173 2424 1249 χρεία
2480 1154 2854 1229 ἐστὶνάλλους
2913 1166 3214 1239 ἀνάγεσθαι,
3273 1160 3361 1215 καὶ
3418 1163 3524 1214 τῶν
3569 1154 3754 1209 ἄλλων

2123 1264 2230 1338 οὐχ
2257 1246 2418 1333 ἦττον
2445 1260 2570 1322 τοὺς
2601 1263 2697 1323 τῆς
2731 1255 3040 1326 ἐκκλησίας,
3098 1253 3222 1326 παρ’
3273 1249 3396 1304 ὅσον
3428 1247 3516 1301 καὶ
3548 1246 3754 1317 ἀνάγκη

2123 1335 2437 1428 προϐαίνειν
2483 1349 2708 1412 τούτους
2761 1347 2840 1417 τῷ
2897 1344 3052 1419 λόγῳ
3105 1347 3222 1402 ταῖς
3281 1335 3755 1428 ἐκκλησιαστικαῖς

2125 1419 2337 1517 χρείαις
2375 1441 2449 1502 ὡς
2508 1438 2742 1512 μάλιστα
2799 1431 3286 1510 χρησιμεύσοντας.
3353 1423 3614 1482 Κατάνευε
3642 1419 3757 1474 τοί-

2125 1511 2211 1584 νόν
2273 1533 2406 1602 ἡμῖν
2467 1527 2698 1597 ἀξιοῦσιν
2752 1525 2827 1586 ὡς
2887 1522 3017 1594 ὑπὲρ
3094 1525 3194 1586 τῆς
3244 1511 3574 1602 Ἐκκλησία-ς
3599 1527 3759 1602 ,πρε-

2128 1594 2398 1688 σϐεὖουσι,
2429 1615 2518 1670 καὶ
2571 1612 2904 1686 ἐξευμενίζου
2963 1613 3040 1679 τῷ
3095 1599 3423 1673 Ὀλοϐώλῳ,
3472 1598 3562 1688 καὶ
3596 1594 3760 1688 ἢέχο-

2131 1728 2224 1780 μαι
2255 1709 2444 1760 τοῦτον
2489 1703 2579 1757 καὶ
2609 1701 2743 1756 κατᾶ
2783 1700 2845 1754 τὸ
2891 1697 3030 1757 εἰκὸς
3065 1700 3287 1767 τιμῆσαι
3335 1688 3424 1743 καὶ
3476 1686 3551 1746 εἷς
3612 1680 3760 1737 διδα-

2133 1793 2330 1850 σκαλον
2385 1798 2711 1861 καταστῆσαι
2769 1793 2885 1849 τοῖς
2956 1784 3326 1860 προσφοιτῶσι
3381 1782 3480 1846 τῆς
3536 1773 3764 1848 λογικῆς

2131 1881 2482 1944 παιδεύσεως.
2515 1906 2542 1933 n
2604 1881 2703 1935 Καὶ
2761 1881 2930 1932 ταῦτα
2973 1874 3066 1946 μὶν
3092 1872 3185 1925 τὸν
3231 1866 3578 1942 πατριάρχην
3624 1861 3764 1914 ἐκεῖ·

2131 1994 2221 2027 νον
2279 1972 2469 2038 εἷ’πεῖν,
2518 1970 2606 2025 καὶ
2635 1968 2857 2027 ἐπόντος
2914 1961 3065 2026 εὐθὺς
3091 1961 3410 2016 κατανεῦσαι
3458 1953 3546 2008 τὸν
3612 1951 3766 2026 βασι-

2134 2060 2232 2116 λέα
2287 2061 2376 2114 καὶ
2430 2061 2500 2130 τῇ
2557 2058 2770 2127 ἀξιώσει
2833 2051 3224 2108 καθ’)ποκλῖναι
3261 2089 3274 2102 .
3335 2045 3434 2100 Ἢν
3490 2040 3589 2118 γὰρ
3647 2041 3765 2130 ταῖς

2138 2149 2419 2220 ἀληθείαις
2477 2147 2722 2206 κάκεῖνος
2755 2143 2889 2218 πρὸς
2948 2142 3013 2193 τὰ
3067 2136 3278 2192 παλαιᾶ
3303 2139 3400 2200 τῆς
3429 2124 3766 2220 Κωνσταντί-

2133 2260 2227 2292 νου
2283 2235 2763 2308 παρακνιζόμενος,
2817 2232 2888 2291 ὡς
2940 2231 3263 2293 καταστῆσαι
3327 2220 3418 2294 μὲν
3476 2216 3715 2308 κλήροος
3751 2257 3766 2283 ,

2133 2320 2223 2380 ἕνα
2257 2325 2350 2396 μὶν
2383 2323 2470 2378 ἐπὶ
2497 2327 2576 2395 τῷ
2605 2319 2938 2396 περιωνῦμῳ
2967 2321 3073 2371 τῶν
3107 2308 3425 2368 ἀποστόλων
3454 2309 3586 2396 ναῷ,
3616 2303 3764 2396 θοῇ-ε-

2135 2434 2229 2490 ρον
2258 2391 2318 2468 δὶ
2348 2412 2436 2467 ἐπὶ
2462 2391 2561 2483 τῷ-
2585 2391 2692 2466 τῶν
2737 2391 3088 2482 Βλαχερνῶν,
3147 2400 3235 2457 καὶ
3293 2393 3641 2471 ὑμνοπόλους
3673 2391 3764 2467 ὲῤ-

2133 2629 2292 2684 laudi
2321 2629 2450 2699 ejus
2479 2627 2538 2682 in
2556 2631 2673 2682 tam
2689 2623 2895 2680 acerba
2907 2613 3614 2676 calamitate.Moliendum
3634 2625 3765 2682 ergo

2133 2717 2246 2772 sibi
2277 2716 2501 2788 putavit
2531 2722 2596 2770 ut
2625 2729 2758 2769 cum
2791 2713 2943 2766 bona
2957 2708 3145 2781 gratia
3164 2699 3765 2788 imperatoris,illume

2135 2787 2506 2860 monasterio.
2539 2799 2917 2856 Precursoris
2939 2800 3214 2854 eductum
3233 2790 3486 2848 ecclesia
3505 2787 3761 2859 applica-

2133 2893 2446 2963 ret,ibique
2477 2891 2686 2947 scholae
2715 2886 3119 2944 ecclesiasticae
3152 2877 3764 2955 prazficeret,erudien-

2135 2983 2239 3037 dos
2272 2982 2383 3052 ipsi
2415 2981 2788 3036 committens
2810 2979 3057 3048 juvenes
3089 2973 3351 3028 clericos.
3388 2970 3566 3038 quue
3590 2981 3768 3037 nego-

2134 3075 2280 3125 tium
2315 3071 2542 3124 cunctis
2575 3066 3035 3140 praevertendum
3062 3067 3246 3128 ratus,
3279 3055 3582 3114 confestim
3623 3053 3768 3108 adiit

2135 3158 2566 3230 imperatorem,
2600 3174 2733 3212 cum
2765 3151 3124 3224 eoque,uihil
3156 3166 3272 3204 non
3301 3145 3581 3202 adhibens
3611 3141 3765 3213 quod

392 3249 713 3316 peratorem
743 3244 981 3299 infamia
1014 3243 1128 3300 late
1180 3251 1453 3300 manante
1504 3230 1824 3317 dissipatae.
1871 3247 2028 3302 velut
2057 3265 2100 3330 ο
2137 3246 2324 3302 velere
2354 3246 2424 3300 ad
2458 3243 2892 3316 impetrandum
2942 3240 3328 3330 arbitraretur
3368 3247 3556 3330 posse,
3607 3230 3767 3284 hunc

392 3333 706 3388 innuentes
736 3331 1022 3387 familiare
1052 3333 1108 3387 id
1141 3333 1226 3387 illi
1257 3339 1314 3388 et
1343 3334 1513 3389 domo
1547 3335 1785 3390 allatum
1835 3335 2027 3391 inesse

392 3421 832 3493 vitium,utpote
863 3421 1085 3476 homini
1119 3423 1218 3493 qui
1251 3439 1387 3479 suos
1415 3426 1666 3493 majores
1692 3441 1758 3478 ex
1788 3441 1855 3480 ea
1887 3426 2030 3480 urbe

412 3511 689 3565 oriundos
719 3509 1018 3574 fateretur,
1052 3527 1223 3580 quam
1259 3527 1463 3566 omnes
1494 3512 1712 3566 scirent
1740 3527 1864 3567 esse
1896 3512 2028 3568 Per-

401 3598 604 3654 sicam.
636 3599 858 3652 'l‘amen
881 3596 931 3652 is
949 3597 1049 3667 qui
1073 3598 1142 3652 ad
1167 3598 1407 3653 multam
1434 3603 1659 3654 (etatem
1705 3601 1914 3655 veteris
1937 3617 2028 3654 ec-

393 3685 734 3741 clesiastica:
749 3685 1094 3740 eruditionis
1111 3685 1430 3756 plurimum
1447 3687 1810 3756 adjunxisset
1831 3706 2028 3744 exem-

393 3773 490 3844 plo
521 3777 579 3827 et
610 3772 951 3827 auctoritate
980 3775 1248 3827 Germani
1276 3772 1514 3828 alterius
1532 3774 1642 3829 sibi
1664 3778 2028 3847 cognominis

397 3859 868 3932 patriarchae,qui
899 3865 1136 3916 Patrum
1172 3861 1451 3916 memoria
1480 3861 1852 3919 laudabiliter
1871 3881 2028 3920 eam-

393 3949 529 4004 dem
564 3949 880 4004 Ecclesiam
921 3949 1188 4013 rexisset,
1250 3949 1434 4004 multa
1479 3968 1547 4005 ex
1598 3952 1726 4019 ejus
1773 3959 2031 4022 tempore

394 4039 455 4092 in
513 4037 774 4092 deterius
833 4054 934 4107 per
975 4037 1268 4092 incuriam
1330 4037 1600 4109 prolapsa
1657 4041 1726 4094 ad
1777 4047 2027 4096 veterem

395 4132 777 4198 exactamque
808 4143 1076 4182 revocare
1128 4127 1498 4198 disciplinam
1559 4129 1900 4200 castigando
1945 4136 2030 4185 est

396 4231 733 4286 aggressus,
784 4231 850 4270 eo
901 4231 1176 4270 successu
1230 4221 1293 4270 ut
1324 4233 1438 4270 non
1473 4233 1657 4286 pauca
1710 4218 1768 4272 in
1819 4218 2030 4275 melius

399 4302 748 4358 restitueret.

400 4417 484 4471 14.
536 4417 598 4472 Ut
666 4414 996 4472 Holobolum
1018 4417 1331 4486 patriarcha
1372 4417 1669 4475 Germanus
1697 4421 2032 4475 translatum

470 4489 534 4542 in
562 4487 660 4566 Dei
711 4488 1013 4566 ecclesiam,
1039 4488 1219 4566 ofﬁcio
1275 4489 1513 4545 rhetoris
1572 4491 1923 4547 honoraverit
1977 4503 2035 4546 et

469 4560 793 4625 magistrum
823 4560 1186 4613 conslituerit.

472 4655 534 4710 In
565 4654 657 4710 bis
690 4653 942 4726 palmare
978 4653 1085 4707 fuit
1114 4656 1264 4724 quod
1293 4674 1398 4712 suo
1423 4659 1742 4729 ingenti,de
1760 4677 1873 4730 quo
1892 4660 2030 4729 dixi,

401 4744 1003 4816 etcognoscendarum
1023 4749 1075 4798 ct
1097 4749 1616 4815 promovendarum
1635 4750 2032 4806 doctrinarum

402 4833 734 4904 obsequens
765 4832 984 4898 studio,
1017 4832 1356 4903 complexus
1386 4842 1474 4890 est
1506 4838 1697 4892 favore
1727 4855 1792 4892 ac
1835 4845 2032 4908 patro-

403 4923 554 4978 cinio
587 4919 929 4976 Holobolum
955 4920 1171 4992 ingenii
1193 4926 1524 4992 praestantis
1546 4925 1842 4981 hominem
1865 4933 1920 4982 et
1937 4928 2032 4982 lit-

401 5015 655 5066 terarum
711 5008 862 5064 283
918 5007 1204 5078 plenum;
1264 5011 1334 5064 de
1387 5027 1500 5081 quo
1559 5031 1690 5067 cum
1745 5015 2036 5084 judicaret

400 5098 676 5153 idoneum
737 5112 802 5150 ac
862 5095 1184 5163 sufficiens,
1237 5097 1283 5151 si
1337 5102 1732 5168 praeficeretur
1786 5104 2031 5170 studiis,

399 5189 858 5242 instrumentum
877 5203 944 5240 eu
957 5203 1008 5238 m
1031 5185 1148 5240 fore
1163 5188 1539 5256 provehendis
1554 5191 1624 5244 ad
1641 5190 2032 5247 celebritatem

401 5277 746 5332 litteratum
781 5291 845 5328 ac
879 5275 1224 5344 reponenda:
1257 5275 1315 5330 in
1351 5276 1546 5332 florem
1581 5279 2032 5350 pristinum,sua

398 5381 537 5419 sane
570 5362 738 5417 illum
770 5361 964 5430 opinio
999 5377 1111 5417 non
1149 5363 1371 5431 fefellit;
1406 5383 1744 5437 quanquam
1778 5369 1847 5422 ad
1880 5368 2037 5423 hunc

403 5451 730 5508 ornandum
765 5465 877 5504 non
911 5449 1032 5503 sola
1050 5449 1320 5506 utilitatis
1337 5454 1579 5524 publica:
1605 5455 1826 5509 ratione
1844 5461 2036 5510 motus

403 5545 511 5606 est,
541 5540 638 5594 sed
677 5537 1074 5592 misericordia
1107 5545 1384 5608 praeterea
1439 5541 1631 5597 infesti
1670 5559 1862 5611 casus,
1922 5561 2036 5615 quo

403 5628 502 5683 ille
537 5626 842 5685 infeliciter
859 5625 1111 5683 afﬂictus
1134 5627 1600 5704 fuerat,curaque
1623 5631 1816 5688 debita
1836 5649 2037 5690 conso-

2141 3336 2320 3389 ferme
2351 3335 2408 3388 in
2445 3337 2684 3389 modum
2743 3331 2905 3401 egit:
2963 3352 2983 3378 ι
3035 3325 3366 3397 Acropolita
3405 3327 3461 3378 et
3519 3334 3768 3390 magnus

2135 3423 2426 3493 logotbeta
2457 3423 2738 3494 Georgius
2772 3433 2866 3476 tuo
2897 3420 3140 3482 dudum,
3177 3412 3621 3486 AugusteJussu
3641 3424 3764 3463 ver-

2135 3518 2301 3566 satus
2325 3512 2381 3564 in
2411 3512 2695 3565 tradentis
2725 3508 3394 3578 disciplinis,postquam
3421 3497 3764 3567 multisjam

2135 3599 2305 3654 annis
2335 3598 2632 3653 insudavit
2659 3597 2710 3651 ei
2743 3594 3151 3668 operte,fractis
3173 3593 3408 3646 demum
3430 3587 3651 3641 viribus
3674 3586 3759 3638 fa-

2135 3688 2380 3754 tiscit,et
2402 3692 2464 3740 ut
2493 3687 2543 3740 ei
2576 3687 2816 3740 emerito
2875 3683 2975 3739 alii
3007 3680 3323 3737 succedant
3347 3691 3496 3747 opus
3529 3672 3764 3727 omnino

2135 3783 2235 3832 est.
2270 3776 2330 3830 Id
2356 3791 2486 3829 cum
2521 3774 2837 3828 universim
2863 3770 3189 3842 juventutis
3220 3764 3408 3837 gratia
3430 3779 3522 3816 me
3551 3775 3765 3831 sugge-

2136 3881 2259 3919 rere
2280 3869 2452 3933 teque
2481 3877 2683 3916 curare
2713 3861 2956 3930 dignum
2983 3865 3092 3923 est,
3117 3863 3239 3910 tum
3271 3849 3587 3924 praesertim
3622 3845 3766 3901 mihi

2135 3953 2402 4008 convenit
2430 3950 2840 4006 ecclesiasticis
2863 3950 2919 4001 in
2951 3963 3017 4000 eo
3049 3960 3258 4015 genere
3300 3936 3764 3996 adolescentibus

2135 4041 2642 4111 prospicere,quos
2667 4038 2750 4091 ita
2782 4039 2846 4090 ed
2860 4051 3029 4090 ucare
3045 4037 3296 4102 utquam
3323 4025 3614 4098 aptissimi
3638 4039 3763 4078 cva-

2135 4130 2276 4184 dant
2308 4129 2376 4181 ad
2410 4143 2612 4182 omnes
2647 4125 2973 4180 functiones
3005 4119 3228 4176 ordinis
3265 4116 3469 4182 nostri,
3511 4127 3761 4184 quarum

2135 4221 2422 4290 pleraeque
2451 4215 2662 4272 litteris
2688 4220 2744 4271 et
2772 4213 3058 4284 exquisita
3087 4207 3349 4264 doctrina
3374 4203 3658 4273 indigent,
3693 4200 3762 4253 ad

2135 4313 2396 4362 nostram
2431 4307 2485 4360 in
2526 4306 2730 4375 primis
2780 4300 3200 4374 providentiam
3245 4294 3509 4367 pertinet.
3559 4293 3765 4345 Annus

2133 4398 2315 4469 igitur
2343 4397 2644 4452 orantibus
2677 4395 2845 4450 nobis
2874 4399 2931 4448 et
2955 4384 3514 4448 universchclesize
3529 4380 3765 4436 nomine

2137 4485 2467 4556 petentibus
2483 4484 2707 4539 veniam
2724 4481 3086 4553 gratiamque
3098 4494 3236 4549 erga
3248 4471 3591 4530 Holobolum
3608 4474 3764 4556 tuam

2147 4555 2490 4644 permittens
2525 4579 2587 4625 ut
2610 4573 2924 4625 trauferam
2956 4568 3117 4621 illum
3150 4557 3621 4634 accipiamquein
3653 4555 3769 4611 col-

2145 4660 2360 4729 legium
2387 4659 2522 4713 cleri
2545 4659 2942 4712 nostrietcum
2962 4655 3154 4710 debito
3177 4653 3391 4707 honore
3416 4647 3764 4717 magistrum

2144 4749 2454 4820 praeficiam
2488 4752 2694 4802 nostrae
2719 4745 3037 4817 juventuti,
3069 4740 3399 4813 disciplinis
3431 4734 3769 4792 liberalibus

2145 4838 2201 4892 in
2235 4838 2368 4892 lnzlo
2398 4837 2676 4891 litterario
2707 4852 2939 4906 operam
2968 4834 3209 4888 daturis.
3245 4853 3273 4880 »
3305 4835 3435 4884 Haec
3460 4825 3653 4881 locuto
3676 4841 3772 4894 pa-

2143 4925 2408 4980 triarcha:
2439 4925 2727 4980 concessit
2756 4923 2952 4978 statim
2986 4921 3202 4994 prolixe
3232 4919 3382 4990 quod
3407 4915 3631 4971 volebat
3661 4913 3770 4968 im-

2144 5022 2393 5086 perator;
2425 5021 2546 5069 erat
2575 5015 2727 5069 enim
2757 5019 2812 5067 et
2843 5014 2966 5083 ipse
2989 5011 3216 5082 proprio
3238 5009 3406 5079 genio
3431 5022 3543 5060 non
3565 5018 3771 5075 parum

2143 5104 2461 5157 inclinatus
2493 5106 2560 5157 ad
2597 5103 2982 5157 revocandum
3007 5101 3065 5154 in
3087 5097 3247 5154 omni
3266 5096 3458 5168 glorias
3485 5097 3644 5163 parte
3666 5107 3773 5145 an—

2147 5193 2370 5259 tiquum
2405 5191 2557 5247 284
2581 5190 2948 5245 sulendorem
2981 5187 3164 5252 urbis;
3199 5201 3373 5254 quam
3409 5184 3478 5236 ad
3507 5196 3626 5235 rem
3659 5179 3774 5232 duo

2144 5280 2536 5349 clericorpora
2559 5279 3143 5338 constituerat,unum
3168 5273 3460 5329 collocans
3485 5269 3539 5321 in
3560 5265 3776 5356 celebri

2145 5368 2538 5438 apostolorum
2576 5366 3067 5437 templo,alterum
3099 5364 3158 5417 in
3176 5359 3390 5428 templo
3422 5353 3775 5410 Blacberna-

2145 5467 2686 5527 rum,cantoresque
2701 5457 2913 5512 annuis
2939 5452 3248 5524 stipendiis
3281 5447 3508 5516 utrique
3540 5441 3775 5498 addide-

2147 5549 2235 5598 rat
2264 5561 2332 5598 ex
2363 5545 2760 5599 sacerdotibus
2793 5543 2972 5598 urbis.
3032 5545 3309 5595 Praeterea
3337 5533 3489 5606 apud
3549 5546 3776 5586 sacram

2145 5633 2326 5690 andem
2343 5632 2540 5706 magni
2554 5631 2790 5690 Pauliin
2802 5629 3062 5703 antiquis
3076 5620 3586 5699 orphanotropbiis
3598 5635 3782 5693 gram-
