4158 6280
351 290 452 346 731

1657 295 1959 352 GEORGII
1996 300 2457 356 PACHYMERE

3633 295 3745 350 732

359 414 560 490 ῥόγους
587 413 730 484 τάξει
763 418 881 478 τοῖς
929 415 1161 490 κλήροις
1191 415 1320 478 τοὺς
1351 414 1409 471 ἐκ
1444 422 1542 486 τῆς
1569 414 1785 481 πόλεως
1813 419 1996 494 ἱερεῖς,
2028 424 2082 490 Α
2109 422 2394 477 κοινωνίαν
2425 426 2525 488 τῆς
2554 443 2612 477 τε
2645 420 2853 498 βουλῆς
2882 423 2971 478 καὶ
3019 428 3119 491 τῆς
3166 422 3410 494 πράξεως
3465 418 3749 496 προσκλη-

357 505 721 574 συςττξσασθαι
755 500 811 558 δὲ
865 504 955 557 καὶ
1007 504 1144 558 κατὰ
1191 506 1280 558 τὸν
1333 510 1430 558 τοῦ
1483 505 1725 580 μεγάλου
1784 506 2005 563 Παύλου

361 593 495 646 νεὼν
553 592 603 646 ἐν
663 598 780 652 τοῖς
838 591 1090 668 ἀρχαίοις
1155 593 1636 670 ὀρφανοτροιρείοις
1691 615 2004 668 γραμματι-

365 679 673 753 κευομένων
735 679 993 754 σχολὴν,
1051 680 1140 734 καὶ
1202 681 1388 757 ῥόγαις
1447 680 1684 752 ἐτησίοις
1739 684 2005 760 ἐπιρρων-

356 769 496 823 vst
557 767 649 823 τόν
705 790 762 822 τε
822 766 1146 824 διδάσκαλον
1217 771 1304 823 καὶ
1357 769 1484 832 τοὺς
1539 768 1756 843 παῖδας,
1787 772 1860 833 ὡς
1889 773 2000 850 ἐφι-

358 858 566 910 στάνειν
621 854 791 910 ἐνίοτε
815 862 883 930 τῇ
920 858 1125 931 σχολῇ,
1175 858 1265 911 καὶ
1298 859 1489 920 ὁποῖος
1521 856 1739 921 ἕκαστος
1769 861 1857 914 καὶ
1894 861 2000 931 ὅπη

357 943 534 1021 λόγων
585 944 908 1019 προκόπτοι,
972 944 1082 1000 ἐστι
1145 943 1190 999 δ’
1251 947 1310 1000 οὗ
1366 946 1550 1016 καὶτὰ
1579 947 1760 1001 εἶκότα
1787 946 2002 1024 φιλοτι-

360 1036 592 1108 μεῖσθαι,
629 1035 673 1089 εἰ
721 1031 766 1088 δ’
822 1035 911 1088 οὗν
961 1033 1087 1090 ἀλλ’
1121 1033 1297 1089 ἄνεσιν
1331 1041 1448 1097 τοῖς
1481 1037 1633 1090 παισὶ
1669 1034 1870 1091 διδόναι
1903 1045 2001 1107 τῆς

357 1120 618 1198 ἀσχολίας
651 1125 786 1177 κατά
815 1145 865 1178 τι
899 1124 1122 1198 πάτριον
1179 1123 1429 1193 σύνηθες.
1481 1124 1619 1180 Τότε
1652 1122 1695 1178 δ’
1747 1123 1837 1178 οὖν
1870 1125 2005 1179 ὑπο-

353 1213 605 1266 κλιθὲντα
662 1217 778 1273 ταῖς
829 1216 925 1265 τοῦ
984 1213 1246 1286 ἱεράρχου
1305 1212 1546 1282 αἶ’τήσεσι
1623 1213 2005 1287 προσπαθῆσαί

353 1321 410 1354 τε
467 1298 658 1353 αὐτίκα
715 1304 792 1370 τῷ
837 1297 1114 1372 καταδίκῳ
1173 1299 1262 1353 καὶ
1323 1299 1552 1371 ἐξελθεῖν
1580 1301 1847 1358 κελεῦσαι.
1905 1304 2001 1358 “Ov

357 1385 422 1456 δὴ
454 1387 701 1448 κάκεῖνος
757 1385 1040 1460 δεξάμενος
1091 1386 1327 1450 πολλοῖς
1360 1393 1439 1458 [Ρ.
1477 1391 1599 1464 192]
1647 1391 1713 1458 ἦν
1748 1388 2002 1464 ἀγάλλων

355 1481 470 1537 τοῖς
530 1477 748 1551 ἀγαθοῖς
783 1521 797 1544 ,
858 1476 1389 1554 προσεπισφραγίσας
1452 1477 1540 1531 καὶ
1603 1477 1805 1552 ῥήτορα
1843 1522 1855 1546 ,
1914 1478 2003 1533 καὶ

361 1565 449 1618 ὑπ’
475 1563 623 1635 αὖτῷ
653 1561 961 1618 διδάσκοντι
995 1570 1152 1618 πᾶσιν
1189 1563 1466 1638 ἐξηνοίγνυ
1509 1565 1570 1619 τὸ
1601 1570 1706 1619 τῶν
1742 1567 2000 1639 μαθημά-

362 1673 469 1706 των
505 1648 880 1706 διδασκαλεῖον
892 1695 904 1707 .

364 1768 440 1822 ιε’·
502 1768 692 1846 "Ome;
769 1765 1127 1846 nylnoevu‘c
1202 1767 1344 1828 τινες
1389 1771 1524 1846 ,τῶν
1577 1772 1675 1846 τοιῢ
1733 1767 2078 1846 παλατίουΒ

432 1837 852 1914 καθοσιώσεως,
911 1838 999 1892 καὶ
1056 1838 1147 1893 τὸν
1207 1837 1550 1912 πατριάρχην
1606 1839 1816 1914 εἰσῆγον
1876 1841 2001 1914 Ἀρ-

435 1909 631 1967 σένιον,

431 2007 538 2062 Τοῦ
571 2001 720 2065 ἔτους
755 2003 960 2058 ἐκείνου
1007 2007 1094 2059 καὶ
1142 2007 1519 2067 καθοσιώσεως
1578 2001 1835 2079 ἔγκλημα
1888 2012 2002 2068 τοῖς

360 2093 484 2166 περὶ
538 2094 628 2147 τὸν
695 2093 1150 2167 Φραγγόπουλον,
1213 2093 1413 2148 οἷκεῖον
1476 2094 1692 2169 βασιλεῖ
1737 2117 1799 2170 γε
1855 2092 2002 2165 ὄντα,

363 2180 632 2243 κάκείνοις
695 2181 1121 2255 ἀριθμουμένοις
1182 2182 1259 2242 εἰς
1318 2180 1528 2237 δώδεκα
1583 2179 2004 2258 προσετρίϐετο,

366 2268 438 2322 ὧν
494 2267 559 2337 δὴ
614 2268 704 2323 καί
775 2270 910 2323 κατᾶ
975 2273 1072 2323 τοῦ
1139 2267 1409 2344 βασιλέως
1467 2268 1879 2342 μελετησάντων
1935 2273 2008 2332 ὡς

363 2357 694 2412 κτενούντων
727 2357 769 2411 εἰ
804 2355 1042 2410 εὐοδοῖεν
1090 2357 1301 2425 αὐτίκα,
1357 2356 1634 2433 Κάρουλός
1679 2381 1781 2427 τις,
1836 2361 1880 2432 ᾧ
1939 2358 2004 2429 δὴ

365 2446 454 2501 καὶ
484 2447 582 2513 τήν
615 2441 1113 2520 πρωτοϐεστιαρίου
1163 2446 1534 2515 Μουζάλωνος
1584 2449 1794 2525 σφαγήν
1845 2448 1872 2501 6
1921 2446 2010 2503 λό-

366 2555 466 2609 γος
497 2531 893 2610 ἐξεργασθεῖσαν
926 2531 1128 2589 ἐδείκνυ
1175 2536 1238 2589 τὸ
1286 2533 1480 2608 πάλαι,
1513 2538 1589 2599 εἷς
1639 2537 1883 2601 κάκεῖνος
1933 2538 2009 2600 εἷς

370 2753 593 2808 maticaa
626 2753 883 2810 scholam
911 2754 1263 2823 instituerat,
1297 2758 1353 2810 ct
1383 2755 1764 2826 pensionibus
1796 2755 2006 2810 annuis

375 2847 500 2896 tum
533 2840 795 2912 magistri
820 2845 944 2896 tum
981 2858 1289 2913 puerorum
1323 2844 2005 2915 suslentationiprovide-

371 2932 479 2996 rat,
513 2930 771 3000 adeoque
803 2945 919 2984 rem
954 2932 1196 2986 curabat
1228 2937 1289 2985 ut
1319 2949 1433 2987 non
1466 2933 1881 3003 dedignaretur
1920 2932 2007 2985 in-

370 3018 557 3072 visere
588 3033 690 3089 per
720 3034 782 3072 se
813 3018 1107 3073 interdum
1143 3020 1345 3074 ludum
1379 3020 1547 3074 illum
1575 3025 1633 3072 et
1661 3035 1855 3074 coram
1881 3036 2006 3090 pro-

2109 510 2238 581 Οεῖς,
2317 513 2344 565 6
2420 509 2476 566 δὲ
2551 513 2626 582 μή
2681 511 2968 583 ἀναμείνας
3027 512 3265 586 γενέσθαι
3321 515 3400 582 τῷ
3455 512 3744 582 κρατοῦντι

2105 601 2267 662 κακὸς
2324 600 2384 655 ἐκ
2439 600 2721 675 πράξεως,
2780 599 2838 655 ἐκ
2893 597 3295 675 προσαγγελίας
3350 597 3517 672 ἐφάνη
3576 596 3744 657 κακὸς

2103 694 2220 750 τοῖς
2252 687 2528 759 καλέσασι,
2560 688 2648 742 καὶ
2683 687 2836 752 εὐθὺς
2868 686 3272 762 προσ-ἤγγελλε,
3304 686 3392 740 καὶ
3422 685 3742 755 ἡλίσκοντο.

2108 776 2174 834 Οἶ
2204 775 2269 845 δὴ
2303 777 2389 830 καὶ
2441 776 2753 849 ἐταζόμενοι
2801 782 2918 838 ταῖς
2979 777 3228 850 βασάνοις
3284 774 3362 850 ἐφ’
3411 775 3558 845 ᾧπερ
3615 771 3743 832 τοὺς

2107 863 2413 926 συνειδότας
2471 865 2665 935 εἷ’πεῖν,
2711 865 2799 919 καὶ
2865 863 3083 935 μᾶλλον
3116 863 3162 917 εἲ
3213 862 3303 916 καὶ
3336 863 3362 916 ὁ
3392 862 3743 936 πατριάρχης

2107 951 2326 1027 συνῄδει
2376 955 2746 1028 πραξείουσιν,
2806 955 2857 1006 οἱ
2905 951 2961 1006 δὲ
3019 949 3220 1012 ἄλλους
3282 951 3375 1023 μὲν
3437 949 3536 1003 οὐκ
3593 949 3741 1023 εἶχον

2107 1042 2421 1118 ὁμολογεῖν,
2481 1043 2572 1096 τὸν
2630 1040 2685 1096 δέ
2740 1063 2798 1115 γε
2828 1041 3172 1116 πατριάρχην
3233 1037 3327 1093 κᾶν
3384 1036 3607 1108 ἀληθῶς
3647 1033 3744 1090 κᾶν

2107 1128 2166 1184 ἐκ
2220 1128 2335 1204 βίας
2385 1137 2482 1198 τῆς
2540 1129 2598 1182 ἐκ
2631 1130 2873 1203 βασάνων
2906 1133 2972 1201 τῇ
3027 1126 3228 1197 εἷδῆσει
3263 1123 3449 1198 ἔλεγον
3485 1131 3748 1198 συνεσχῆ-

2107 1229 2225 1282 σοαι
2313 1217 2471 1271 αὐτὸν
2565 1214 3135 1291 προσαναγγειλάντων
3173 1257 3185 1270 .
3281 1212 3562 1274 Κάκείνοις
3653 1212 3746 1284 μὲν

2109 1308 2363 1376 ἀπήντων
2421 1305 2475 1359 αἰ
2533 1302 2677 1359 δίκαι
2741 1306 2974 1380 βαρεῖαι,
3033 1302 3222 1363 ποινὰς
3283 1298 3575 1378 διαφόρους
3615 1301 3754 1355 κατὰ

2104 1394 2195 1448 τὸν
2255 1397 2358 1447 τῶν
2420 1391 2828 1467 ἁμαρτημάτων
2879 1391 3043 1466 λόγον
3103 1391 3412 1464 ἐπάγουσαι.
3447 1388 3606 1446 Ἀλλ’
3638 1385 3752 1442 οὐδ’

2109 1482 2136 1535 6
2189 1479 2534 1556 πατριάρχης
2590 1479 2769 1533 ἀνεῖτο
2825 1483 2922 1534 τοῦ
2989 1473 3407 1554 προστριϐἐντος
3468 1475 3750 1552 ἐγκλήμα-

2104 1590 2220 1640 τος,
2279 1567 2402 1623 ἀλλ’
2460 1568 2676 1642 ἐπέχων
2733 1569 2822 1622 καὶ
2879 1565 3088 1640 μᾶλλον
3141 1561 3486 1639 ἐπεμϐαίνων
3517 1565 3752 1636 κειμένῳ

2110 1657 2159 1710 οἱ
2189 1657 2215 1709 6
2251 1654 2505 1730 βασιλεὺς
2537 1655 2846 1710 ἐπενεκάλει
2879 1656 2939 1709 τὸ
2989 1651 3240 1728 ἔγκλημα
3294 1654 3428 1728 πρὸς
3471 1655 3570 1721 τὴν
3625 1653 3751 1704 σόνο

2109 1742 2232 1798 οδον
2265 1743 2353 1798 καὶ
2388 1741 2535 1797 δεινὰ
2590 1742 2782 1814 ἐποίει,
2843 1742 2887 1796 εἰ
2945 1744 3020 1814 μὴ
3055 1739 3324 1796 ἐκδικοῖτο
3377 1741 3454 1812 μὴ
3488 1739 3752 1814 ἀνεχόμε-

2111 1853 2222 1893 νος.
2275 1830 2483 1894 Αὐτοὺς
2534 1831 2626 1902 μὲν
2680 1830 2780 1905 γὰρ
2839 1828 2922 1884 ἐπ’
2975 1827 3316 1903 ἐγκλήμασιν
3375 1826 3754 1896 ἐκκλησιαστι-

2110 1925 2228 1980 κοῖς
2275 1921 2375 1988 τὴν
2434 1917 2586 1987 δίκην
2643 1917 2950 1992 ἐπαγαγεῖν,
3015 1917 3175 1969 αὐτὸν
3233 1913 3309 1983 δὲ,
3345 1913 3388 1968 εἴ
3433 1915 3506 1986 μὴ
3541 1913 3629 1968 καὶ
3662 1912 3752 1967 ἐπὶ

2110 2007 2190 2084 τῷ
2247 2009 2384 2083 πρὸς
2443 2005 2667 2082 βασιλέα
2724 2004 3029 2078 ἐγκλήματι
3091 2004 3327 2078 ὑπόσχοι
3360 2001 3537 2077 ὲτέραν
3594 1999 3751 2070 δίκην

2111 2099 2212 2166 τὴν
2269 2096 2575 2169 πρέπουσαν
2635 2095 2661 2147 6
2718 2090 3016 2166 προδήλως
3075 2089 3546 2164 κατηγορούμενος
3581 2133 3596 2158 ,
3673 2091 3752 2161 μὴ

2114 2187 2347 2244 ἀνεκτῶς
2393 2185 2456 2237 τὸ
2489 2181 2643 2237 σόνο)
2661 2203 2717 2236 ον
2751 2180 2916 2256 ἔχειν,
2949 2180 3042 2235 κᾶν
3077 2182 3105 2234 ὅ
3152 2201 3203 2234 τι
3251 2179 3509 2232 πεπόνθει
3560 2177 3756 2250 πρότε-

2117 2292 2230 2348 ρον·
2297 2269 2435 2344 μηδὲ
2486 2271 2588 2344 γὰρ
2640 2270 2775 2324 εἶναι
2825 2268 2994 2323 καλὸν
3059 2264 3197 2341 μηδέ
3249 2264 3452 2320 δίκαιον
3501 2266 3592 2319 τὸν
3629 2265 3758 2338 ὑπὲρ

2114 2365 2211 2415 τοῦ
2273 2358 2540 2435 βασιλέως
2595 2359 2903 2434 πολυωρεῖν
2935 2356 3225 2433 ὀφείλοντα
3253 2361 3372 2408 τοῖς
3407 2354 3629 2429 ἐχθροῖς
3659 2355 3760 2424 βα-

2119 2447 2316 2508 σιλέως
2360 2443 2804 2520 καταπροίεσθαι,
2855 2447 2939 2518 [Ρ.
2971 2447 3097 2514 913]
3146 2445 3234 2504 Ὧς
3282 2446 3411 2516 γοῦν
3465 2441 3760 2514 σκεπτομέ-

2117 2557 2222 2592 νων
2253 2536 2321 2590 τὰ
2373 2535 2497 2608 περί
2547 2533 2748 2588 τούτου
2799 2531 2972 2588 ἐδόκει
3027 2530 3194 2586 καλὸν
3251 2529 3608 2587 ἀποστέλλειν
3667 2531 3759 2584 καὶ

2119 2753 2384 2810 conscios
2399 2753 2778 2824 proderentet
2792 2747 3141 2804 nominatim
3158 2749 3227 2803 de
3242 2746 3573 2819 patriarcha
3587 2746 3760 2800 inter-

2118 2841 2302 2913 rogati
2335 2840 2512 2895 alium
2533 2838 2766 2910 quidem
2784 2833 3489 2901 nominarumneminem,
3508 2833 3759 2904 patriar-

2117 2930 2285 2984 cham
2322 2933 2646 2994 autem,seu
2681 2941 2748 2979 ex
2779 2940 2910 2978 vero
2944 2939 3042 2978 seu
3070 2923 3119 2976 vi
3144 2925 3572 2977 tormentorrm
3601 2937 3760 2975 men-

2117 3016 2212 3072 tiri
2236 3011 3044 3087 cogente,participasseipsis
3084 3012 3144 3064 in
3177 3010 3443 3066 meditati
3483 3009 3761 3064 facinoris

372 3105 560 3159 bando
612 3122 960 3176 cognoscere
1017 3111 1304 3176 quantum
1365 3106 1697 3161 auditorum
1753 3107 2002 3178 quisque
2037 3137 2078 3203 C
2117 3105 2471 3161 conscientia
2504 3099 3086 3158 declararunt.Acilli
3118 3099 3354 3170 quidem
3373 3097 3596 3152 meritis
3624 3097 3761 3151 sub-

373 3192 694 3262 proﬁceret,
725 3193 877 3247 datis
904 3193 1101 3260 etiam,
1140 3193 1235 3247 ubi
1273 3211 1362 3248 res
1411 3200 1694 3264 posceret,
1748 3195 2004 3265 praemiis

368 3280 603 3349 ingenio
636 3295 699 3334 ac
725 3280 1006 3351 profectui
1053 3282 1422 3346 merentium,
1482 3299 1704 3337 necnon
1737 3289 1794 3337 et
1853 3299 2009 3338 more

369 3367 556 3437 patrio
589 3367 760 3422 ferias
794 3368 991 3436 pueris
1023 3367 1528 3440 indulgens.Tunc
1553 3369 1732 3440 igitur
1765 3370 2011 3427 inﬂexus

371 3453 713 3524 patriarchae
749 3454 1018 3518 precibus
1053 3458 1279 3512 remisit
1329 3458 1524 3512 subito
1586 3475 1810 3528 pmnam
1871 3458 2009 3513 olim

381 3544 681 3609 damnato,
713 3545 769 3596 et
799 3547 863 3597 ut
915 3546 1268 3600 monasterio
1326 3547 1672 3602 educeretur
1719 3547 2010 3618 praecepit.

381 3631 554 3684 Porro
595 3629 752 3684 hunc
821 3631 1153 3702 patriarcha
1211 3639 1447 3703 paterno
1510 3637 1640 3690 sinu
1710 3643 2012 3706 exceptum

379 3717 834 3788 quamplurimis
868 3721 1057 3789 potuit
1085 3723 1296 3777 amoris
1341 3723 1869 3793 signiﬁcationibus
1919 3725 2016 3778 do-

389 3807 600 3877 nisque
629 3807 929 3872 recreavit,
983 3808 1394 3877 rhetoremque
1407 3812 1726 3880 diplomate
1741 3811 1848 3865 rite
1862 3811 2016 3878 sigil-

381 3895 497 3949 lato
529 3895 867 3961 declaravit;
904 3913 967 3951 ac
995 3895 1200 3951 ludum
1234 3898 1506 3952 omnibus
1539 3899 1788 3969 aperuit,
1814 3899 1911 3953 ubi
1945 3898 2016 3953 ab

380 3983 489 4037 hoc
524 3987 874 4054 praeceptore
899 3983 1221 4056 disciplinae
1256 3987 1636 4041 traderentur.

383 4099 469 4151 15.
542 4098 603 4172 U_t
651 4100 890 4172 accusati
922 4100 1317 4172 palatinorum
1369 4100 1596 4170 quidam
1651 4099 1802 4157 laesa?
1848 4103 2018 4172 maje-

450 4167 614 4222 statis
665 4170 1043 4236 patriarcham
1100 4167 1393 4224 Arsenizmi
1438 4173 1497 4225 in
1546 4172 1794 4226 eamdem
1841 4167 2022 4227 secum

452 4239 901 4294 criminationem
932 4239 1279 4294 involverz‘nt.

453 4333 557 4388 Illo
591 4349 759 4404 porro
793 4350 945 4388 anno
985 4335 1208 4388 crimen
1265 4334 1411 4389 laesae
1470 4352 1641 4390 sacrm
1700 4337 2024 4406 majestatis

386 4420 708 4491 impactum
739 4426 827 4476 est
862 4420 1288 4492 PhrangOpullo
1320 4423 2027 4494 cuidam,quoimperator

2107 3193 2247 3262 jecti
2267 3191 2573 3263 suppliciis
2601 3194 2758 3259 sunt,
2793 3187 3422 3260 unoquoqueipsorum
3459 3202 3560 3257 pro
3593 3185 3763 3239 modo

2113 3283 2296 3352 culpae
2313 3294 2751 3349 congruapcena
2767 3278 3033 3331 multato.
3061 3277 3170 3331 Sed
3208 3275 3398 3330 necde
3427 3272 3765 3345 patriarcha

2114 3369 2440 3440 neglectum
2460 3367 2741 3421 indicium
2757 3371 2864 3421 est.
2886 3365 3036 3429 Quin
3057 3364 3306 3434 arripuit
3333 3365 3553 3418 crimen
3585 3363 3764 3433 impe-

2115 3462 2272 3511 rator
2293 3455 2622 3510 vehementi
2658 3470 2974 3526 erumpens
2990 3454 3206 3520 impetu
3224 3453 3282 3506 in
3301 3451 3774 3522 prosecutionem

2119 3545 2744 3614 ultionis;causamque
2759 3544 3025 3596 ardenter
3039 3542 3105 3595 ad
3126 3540 3413 3612 synodum
3428 3540 3498 3593 de
3513 3539 3648 3593 tulit
3665 3554 3766 3609 pro

2119 3635 2198 3688 rei
2214 3633 2513 3687 atrocitate
2531 3635 2982 3700 conquerens,et
3000 3645 3111 3700 prae
3131 3644 3188 3682 sc
3212 3629 3400 3682 ferens
3423 3627 3766 3697 neutiquam

2119 3723 2522 3792 acquieturum
2573 3719 2853 3788 se,quoad
2871 3722 3096 3772 tantum
3115 3715 3508 3786 scelus,prout
3523 3719 3761 3786 parerat

2122 3811 2536 3865 vindicaretur:
2565 3831 2592 3856 ‹‹
2617 3809 2948 3872 Enimvero,
2975 3806 3190 3867 aiebat.
3222 3805 3470 3875 indigna
3512 3804 3766 3857 nimium

2123 3904 2179 3952 et
2207 3897 2442 3952 minime
2467 3897 2698 3951 ferenda
2724 3895 3003 3965 iniquitas
3027 3893 3512 3963 esset,episcopos
3528 3891 3768 3961 quidem

2123 3984 2816 4056 cumipsisnosvidemur
2845 3983 2900 4037 in
2938 3981 3396 4036 ecclesiasticum
3431 3979 3771 4050 aliquodin-

2125 4072 2378 4127 currisse
2392 4071 2837 4139 crimen,statim
2865 4085 3092 4140 poenam
3109 4068 3430 4138 imponere,
3457 4083 3695 4122 mevero
3711 4068 3770 4121 in

2126 4161 2413 4215 horrendo
2445 4160 2660 4215 scelere
2690 4159 3083 4214 contravitam
3112 4175 3176 4212 ac
3199 4163 3375 4226 caput
3399 4155 3772 4228 imperatoris

2126 4249 2710 4320 deprehenso,tamen
2736 4264 2850 4319 pra:
2879 4246 3167 4302 modestia
3191 4244 3480 4316 judicium
3514 4244 3773 4300 tantime

2128 4337 2344 4392 doloris
2375 4354 2441 4392 ac
2472 4336 2712 4408 periculi
2745 4352 2847 4407 per
2877 4351 2968 4390 me
3000 4335 3283 4405 attingere
3311 4336 3628 4396 verentem,
3661 4333 3762 4388 sed

2129 4426 2374 4480 obnoxie
2388 4425 2814 4495 confugientem
2833 4425 2899 4478 ad
2921 4421 3169 4477 tribunal
3185 4420 3772 4492 ecclesiasticum,pa-

386 4509 593 4564 intime
621 4509 899 4564 familiari
933 4509 1225 4578 utebatur,
1258 4514 1314 4564 et
1341 4510 1610 4582 aliis,ipsi
1642 4512 1889 4566 consciis
1916 4530 2016 4567 nu-
2048 4494 2094 4557 D
2127 4514 2166 4567 ti
2185 4494 3083 4583 repulsamautfrustrationibus
3099 4510 3312 4564 eludi.»
3333 4508 3509 4562 Multa
3526 4509 3773 4578 quidem

386 4612 543 4650 mero
575 4596 1295 4668 duodecim.Conspirasse
1322 4599 1664 4654 dicebantur
1686 4600 1744 4654 in
1778 4601 2020 4671 impera-

385 4691 594 4748 torem,
626 4700 804 4754 quem
831 4684 1007 4739 etiam
1059 4686 1384 4741 interﬁcere
1432 4688 1863 4757 quamprimum
1922 4690 2021 4744 de-

385 4775 704 4839 creverant,
739 4773 998 4842 siquam
1033 4773 1294 4828 invenire
1316 4776 1598 4831 rationem
1653 4779 2020 4833 commodam

391 4867 631 4930 possent
663 4862 741 4916 rei
779 4863 1174 4918 conﬁciendae.
1208 4863 1454 4918 Vocatus
1497 4882 1531 4919 a
1586 4867 1904 4935 conjuratis
1962 4870 2020 4922 in

389 4953 609 5017 partem
642 4955 698 5002 et
727 4949 960 5005 consilii
986 4955 1041 5005 et
1073 4951 1206 5005 facti
1240 4952 1429 5006 fuerat
1451 4952 1690 5008 Carolus
1723 4955 2024 5024 quidam,a

389 5051 505 5106 quo
530 5037 887 5092 trucidatum
921 5039 1426 5109 protovestiarium
1458 5042 1820 5096 Muzalonem
1847 5060 2022 5113 supe-

391 5124 514 5179 rius
545 5125 879 5192 docuimus;
910 5141 1110 5180 verum
1136 5127 1185 5180 is
1207 5143 1321 5180 non
1353 5129 1651 5182 sustinens
1683 5130 2025 5186 malefacere

393 5211 540 5267 285
574 5211 913 5282 imperatori
946 5215 1310 5282 cooperando
1335 5216 1474 5269 cadi
1506 5217 1656 5286 ejus,
1688 5221 1869 5272 totam
1907 5235 2023 5288 per-

390 5299 600 5353 niciem
629 5301 907 5356 avertitin
940 5300 1132 5371 capita
1146 5301 1614 5358 machinatorum
1631 5304 1774 5359 tanti
1791 5305 2024 5362 sceleris

391 5404 422 5438 a
453 5387 668 5457 quibus
700 5394 823 5444 erat
853 5391 907 5443 in
953 5389 1079 5458 ejus
1137 5391 1607 5446 communionem
1641 5395 1881 5449 ascitus.
1915 5396 2025 5451 Eos

390 5474 542 5528 enim
576 5475 784 5530 detulit
827 5477 882 5531 in
917 5477 972 5531 id
1004 5479 1478 5549 atquepatefecit;
1500 5481 1852 5537 undesubito
1876 5499 2027 5539 como

393 5560 663 5634 prehensi
707 5580 911 5621 omnes
943 5570 1099 5624 sunt.
1125 5567 1275 5623 Tum
1316 5566 1443 5624 dira
1469 5571 1788 5641 qumstione
1836 5571 1940 5628 toti
1964 5577 2030 5629 ut

2131 4617 2193 4654 se
2208 4601 2498 4654 hactenus
2523 4599 2720 4670 gravia
2750 4599 2957 4654 tulisse
2980 4603 3191 4653 :tamen
3219 4597 3354 4652 huic
3377 4597 3605 4667 injuriae
3627 4595 3774 4651 tole-

2129 4691 2323 4745 randae
2337 4690 2616 4760 imparem
2635 4689 2786 4744 ultro
2801 4688 2964 4742 fateri
2982 4704 3148 4742 suam
3165 4702 3294 4742 esse
3309 4686 3674 4755 patientiam;
3718 4690 3775 4740 et

2131 4779 2415 4849 quidquid
2437 4783 2607 4831 antea
2625 4776 3168 4840 dissimulaverit,in
3202 4779 3496 4845 posterum
3517 4774 3774 4844 profecto

2131 4865 2472 4936 neutiquam
2508 4882 2817 4936 passurum
2855 4866 2998 4919 adeo
3015 4863 3179 4918 nihili
3200 4863 3370 4932 pendi
3407 4864 3774 4932 majestatem

2131 4954 2587 5024 imperatoriam,
2607 4957 2670 5008 ut
2700 4957 2880 5008 vitam
2906 4958 2964 5006 et
2992 4951 3339 5022 sanguinem
3369 4951 3553 5022 captis
3581 4951 3772 5021 reipu-

2132 5043 2295 5098 blicae
2323 5041 2559 5096 nefariis
2583 5041 2980 5113 perduellibus
3001 5041 3240 5109 prodere
3261 5040 3502 5109 impune
3523 5038 3697 5093 liceat
3719 5037 3768 5092 ei

2131 5130 2244 5200 ipsi
2275 5130 2368 5184 cui
2384 5147 2449 5184 ex
2467 5130 2656 5184 ofﬁcio
2673 5129 3046 5200 potissimum
3065 5127 3443 5182 incumbebat
3458 5128 3628 5182 saluti
3646 5128 3774 5195 ejus

2132 5219 2566 5290 invigilare.His
2585 5225 2699 5272 tam
2713 5219 2937 5272 acerbis
2953 5223 3190 5286 expostu
3203 5215 3516 5270 lationibue
3531 5216 3772 5286 impera-

2132 5307 2278 5361 toris
2308 5307 2488 5361 coacti
2516 5306 2712 5360 Patres
2727 5303 3770 5376 negotium2860apessere,concor-

2139 5396 2313 5450 dibus
2341 5395 2635 5464 sulfragiis
2657 5395 3038 5449 decreverunt
3087 5392 3405 5447 mittendos
3453 5392 3552 5462 qui
3606 5406 3771 5445 reum

2136 5485 2649 5553 interrogarent,ct
2664 5484 2709 5537 si
2722 5501 2784 5538 ve
2799 5484 3073 5538 fateretur
3086 5480 3453 5545 crimen,sive
3469 5484 3776 5551 quantum-

2138 5572 2226 5628 vis
2250 5571 2509 5628 inﬁtiaus
2543 5571 2768 5628 idoneis
2793 5576 2984 5627 tamen
3009 5568 3239 5625 indiciis
3275 5568 3455 5625 teneri
3485 5567 3622 5624 facti
3639 5583 3773 5623 con-
