4162 6292
370 306 483 362 733

1435 317 1525 370 DE
1561 316 1929 371 MICUAELE
1965 318 2405 376 PALEOLOGO
2441 325 2574 378 LIB.
2617 325 2713 379 ιν.

3655 318 3761 374 734

374 429 603 503 ἐρωτᾷν,
663 429 761 486 κᾶν
818 434 861 488 εἰ
894 435 1204 512 ὁμολογοίη
1237 434 1272 505 ἢ
1303 438 1392 491 καὶ
1448 437 1522 509 μή
1557 437 1850 511 ὁμολογῶν
1882 436 2009 492 ἀλί-
2039 442 2086 507 Α
2120 460 2228 502 νος.
2290 443 2549 515 Ιίέμπτην
2609 445 2701 516 μὲν
2761 445 2884 500 τότε
2917 443 3006 500 καὶ
3045 444 3292 512 εἰκοστὴν
3324 443 3466 518 εἶχεν
3499 443 3528 496 6
3574 443 3761 498 Ἀνθε-

377 538 587 588 σκοιτο,
641 518 936 598 ἒπιφέρειν,
1000 525 1094 592 τήν
1154 522 1330 594 δίκην,
1364 524 1412 578 εί·
1441 522 1487 578 δ’
1540 526 1652 592 οὗν,
1684 527 1773 579 καὶ
1805 525 2020 591 ἐσαῦθις

375 606 720 678 σκέπτεσθαι,
777 610 803 663 6
854 611 1106 685 βασιλεὺς
1167 612 1384 668 αὐτόθεν
1439 612 1596 683 ἠξίου
1629 611 2015 688 σχεδιασϐῆναι

373 695 468 749 τὸν
522 703 622 764 τῆς
682 695 908 752 συνόδου
966 699 1290 774 ἀφορισμὸν,
1347 700 1437 755 καὶ
1469 700 1641 756 οὕτως
1685 703 2022 766 ἀπελθόντας

377 781 470 843 οὓς
503 783 560 836 ἂν
614 784 702 838 καὶ
755 787 964 856 ταξοιεν
993 785 1222 863 ἔρεσθαι,
1271 788 1360 843 καὶ
1415 789 1463 843 εἷ’
1519 790 1846 865 ὁμολογοίη,
1903 792 2018 846 ἐπε-

373 870 637 946 νηνέχθαι
669 874 729 926 τὸ
763 874 1062 948 πρόστιμον
1097 874 1300 930 δίκαιον
1356 877 1414 930 ’ὀν
1476 879 1605 952 ὑπὲρ
1643 877 1909 951 βασιλέως
1939 884 2017 950 τῷ

372 961 512 1014 κατᾶ
572 960 840 1034 βασιλέως
869 969 986 1025 τοῖς
1035 963 1451 1037 ἐπιθησομένοις
1485 969 1908 1042 συμπράττοντι,
1970 968 2013 1021 εἰ

374 1046 423 1101 δ’
482 1049 593 1115 οὖν,
623 1049 712 1103 καὶ
749 1051 821 1122 μὴ
858 1050 1289 1125 ὁμολογοῦντος,
1319 1054 1409 1108 τὸν
1446 1052 1640 1127 δεσμὸν
1688 1061 1892 1118 κεῖσθαι
1925 1056 2014 1110 καὶ

373 1135 770 1210 ἒπαναρτᾶσθαί
800 1141 851 1193 οἱ
882 1142 1016 1213 πρὸς
1049 1140 1078 1194 ὅ
1127 1163 1178 1195 τι
1238 1142 1328 1195 καὶ
1386 1140 1598 1196 σύνοιδε
1629 1143 1752 1217 περὶ
1782 1143 2010 1215 τούτων,

373 1225 511 1278 ὥσνε
567 1224 841 1300 ἐνέχεσθαι
895 1228 1013 1300 μὲν,
1066 1229 1114 1282 εἷ’
1145 1229 1282 1292 τέως
1332 1228 1613 1285 ἁλίσκοιτο
1669 1237 2009 1306 κακουργῶν,

371 1311 422 1368 εἲ
453 1311 500 1366 δ’
531 1312 641 1382 οὖν,
675 1314 956 1391 ἐλεύθερον
990 1317 1120 1371 εἶναι
1151 1322 1246 1371 τοῦ
1279 1319 1476 1393 βάρους
1525 1321 1598 1381 ὡς
1648 1317 1845 1381 ἀδίκως
1897 1319 2011 1374 δια-

369 1396 737 1474 ϐαλλόμενον.
767 1408 943 1458 Ταῦτα
991 1409 1087 1458 τοῦ
1146 1405 1415 1480 βασιλέως
1466 1410 2010 1481 προσαπαιτήσαντος

368 1489 462 1543 καὶ
494 1491 528 1558 ἡ
556 1494 661 1543 τῶν
695 1489 993 1567 ἀρχιερέων
1022 1490 1238 1563 πληθὺς
1270 1497 1672 1569 συγκατένευον.

376 1643 462 1704 ις’.
491 1643 680 1705 ιὈπως
709 1644 738 1732 6
764 1645 1094 1732 συγγραφεὺς
1125 1645 1215 1698 σὺν
1246 1645 1340 1736 (ip;
1371 1647 1824 1736 dpxtepeﬁa’w'fic
1866 1647 2005 1701 ἐκεῖ·

548 1735 634 1768 νον
675 1714 990 1788 πέμπεται,’
1009 1718 1098 1770 καὶ
1140 1717 1261 1792 περὶ
1287 1714 1366 1772 ὧν
1399 1714 1582 1780 αὐτοῖς
1607 1714 1827 1788 συνέϐη.

444 1845 547 1900 Καὶ
607 1843 674 1914 δὴ
735 1845 1073 1922 σχεδιάζεται
1139 1850 1231 1922 μὲν
1283 1850 1345 1903 τὸ
1401 1856 1500 1918 τῆς
1565 1847 1720 1920 δίκης
1749 1851 2002 1924 γράμμα,

367 1930 685 2005 ἐκλέγονται
728 1931 784 1988 δὲ
811 1937 910 2004 τὴν
967 1936 1229 2011 ταχίστην
1261 1936 1318 1991 ἐκ
1352 1937 1445 2010 μὶν
1474 1943 1618 2014 σφῶν
1660 1938 1834 1992 αὐτῶν
1887 1936 2004 2007 δύο,

369 2020 398 2074 ὃ
427 2041 487 2074 τε
518 2023 933 2097 Νεοκαισαρείας
965 2026 1530 2096 Μονοκωνστάντινος,
1582 2023 1739 2103 φίλος
1798 2023 1869 2079 ὥν
1918 2027 2007 2080 καὶ

371 2107 588 2180 μᾶλλον
640 2110 848 2183 ἐκείνῳ,
908 2111 994 2166 καὶ
1051 2113 1078 2166 ὁ
1137 2115 1469 2184 Μωκησσοῦ,
1517 2111 1858 2189 προεδρεύων
1887 2112 2008 2167 τότε

362 2201 466 2262 τῆς
514 2197 840 2269 Ἐκκλησίας
883 2204 1287 2276 Ηροικοννήσου
1317 2201 1643 2278 κατὰλόγον
1695 2199 2004 2271 ἐπιδόσεως,

363 2287 424 2340 ἐκ
455 2284 511 2341 δέ
538 2309 599 2362 γε
626 2292 733 2342 τῶν
786 2288 1064 2363 κληρικῶν
1105 2291 1131 2344 6
1160 2292 1221 2345 τὸ
1251 2289 1504 2360 τηνικάδε
1536 2289 1622 2345 ἐπὶ
1666 2295 1772 2345 τῶν
1834 2291 2008 2365 οεκρέ-

359 2398 472 2431 των
505 2375 771 2452 Γαληνὸς,
820 2380 905 2434 καὶ
943 2379 1035 2434 σὺν
1063 2379 1246 2442 αὐτοῖς
1278 2381 1382 2456 ἐγὼ
1439 2380 1714 2456 τέταρτος,
1769 2379 1860 2456 βίᾳ
1912 2382 2003 2453 μὲν

360 2466 726 2541 συνυπαχθεῖς
784 2467 873 2521 καὶ
926 2467 1168 2523 κελεύσει
1246 2468 1552 2543 βασιλικῇ,
1605 2470 1742 2532 τέως
1818 2466 1863 2522 δ’
1923 2468 2006 2522 ὅτι

365 2555 494 2624 παρ’
553 2554 753 2611 ἰκεῖνον
813 2555 1053 2630 ἱκοίμην,
1081 2556 1168 2611 καὶ
1199 2557 1260 2612 τὸ
1295 2559 1457 2631 μέρος
1516 2555 2006 2633 προσαποδεχόμε-

373 2775 616 2832 scientia
633 2777 1371 2848 convinceretur,continuo
1385 2779 1692 2835 aﬁeeretur
1707 2780 1852 2836 cond
1864 2779 2010 2851 ignis

381 2866 587 2934 pcenis:
640 2866 686 2920 si
703 2883 838 2920 vero
853 2883 956 2920 nec
974 2867 1202 2936 propria
1225 2869 1587 2924 confessione
1605 2886 1705 2923 nec
1721 2869 2010 2924 sufﬁcien-

383 2953 539 3008 tibus
551 2954 617 3006 ad
635 2953 862 3024 plenam
885 2956 1279 3026 probationem
1299 2957 1662 3027 argumentis
1682 2957 2005 3012 reusscele-

371 3041 452 3094 ris
475 3041 650 3095 delati
683 3043 877 3113 peragi
913 3050 1127 3113 posset,
1181 3043 1633 3100 deliberaturum
1694 3045 1901 3100 iterum
1934 3047 2004 3100 de

366 3146 543 3184 causa
573 3131 882 3200 synodum.
910 3133 1022 3185 lloe
1038 3133 1180 3186 satis
1203 3133 1537 3203 imperatori
1562 3150 1674 3188 non
1699 3141 1788 3188 est
1809 3134 1998 3188 visum

2130 531 2388 600 στηριὼν,
2445 533 2533 586 καὶ
2586 535 2749 605 ἡμεῖς
2780 541 2878 604 τῆς
2907 535 3038 604 νηὸς
3088 531 3387 598 ἐπιϐάντες,
3449 527 3595 584 δυσὶν
3627 531 3760 603 ἡμέ-

2123 636 2242 690 ραις
2295 618 2511 695 ὕστερον
2573 624 2944 698 προσσχόντες
3003 626 3070 696 τῇ
3118 624 3269 693 νήσῳ
3313 625 3391 692 τῷ
3440 617 3754 694 πατριάρχῂ

2123 705 2526 780 ἒμφανιζὸμεθα
2563 752 2577 776 ,
2639 709 2730 764 καὶ
2806 711 2929 786 περὶ
2996 716 3102 766 τῶν
3190 709 3561 784 προκειμένων
3622 707 3756 781 πρὸς

2122 793 2321 848 ἐκεῖνον
2353 796 2589 869 γίνονται
2624 797 2804 873 λόγοι.
2865 802 2920 853 '0
2953 797 3008 854 δὲ
3054 799 3303 875 ἠγρίαινέ
3347 818 3403 852 τε
3455 795 3758 870 παραυτίκα

2127 880 2266 954 μηδὲ
2316 884 2413 952 τὴν
2473 885 2649 960 ἀρχήν
2684 886 2932 962 ἐνεγκὼν,
2976 890 3063 941 καὶ
3101 913 3125 938 ιι
3182 887 3241 940 Τί
3281 908 3373 959 μοι
3425 884 3585 938 κακὸν
3620 882 3754 956 πρὸς

2122 971 2212 1023 τὸν
2273 971 2496 1038 βασιλέα
2529 975 2853 1049 πέπρακται,
2884 980 2963 1049 [Ρ,
3000 978 3121 1047 194]
3186 977 3299 1048 μετ’
3347 971 3544 1042 ὄδύνης
3590 970 3755 1025 πλεί-

2123 1079 2252 1126 στης
2284 1059 2371 1113 καὶ
2405 1069 2646 1135 συνοχῆς
2696 1062 2896 1139 ἔλεγεν,
2931 1089 2957 1114 ‹‹
2995 1064 3039 1118 εί
3072 1063 3232 1118 αὐτὸν
3289 1063 3382 1134 μὲν
3443 1060 3548 1134 ἐγὼ
3602 1055 3755 1112 ἷὸιώ-

2119 1167 2216 1216 την
2275 1143 2401 1201 ὄντα
2446 1155 2543 1217 τῆς
2604 1151 2882 1225 βασιλείας
2941 1148 3178 1220 ἐπέϐησα
3212 1194 3226 1220 ,
3296 1150 3392 1221 ἐμὲ
3457 1146 3502 1202 δ’
3554 1145 3755 1207 ἐκεῖνος

2120 1237 2462 1311 πατριάρχην
2515 1238 2682 1313 εὑρὼν
2743 1239 2802 1293 οὐ
2851 1239 3044 1300 καλαῖς
3108 1238 3304 1298 αἰτίαις
3333 1237 3613 1309 ἠτίμωσι;
3668 1233 3756 1287 καὶ

2117 1328 2208 1376 νῦν
2265 1345 2322 1397 γε
2378 1325 2620 1396 κάθημαι
2682 1325 2762 1380 ἐπ’
2830 1327 3126 1402 ἀκρωρείας
3183 1325 3440 1395 ταυτησὶν
3499 1321 3624 1376 ὡσεί
3676 1342 3758 1381 τις

2119 1411 2383 1483 ἀτίμητος
2463 1415 2796 1486 μετανάστης
2831 1459 2844 1483 ,
2925 1417 3015 1469 τὸν
3072 1415 3217 1488 παρᾶ
3261 1419 3368 1468 τῶν
3427 1413 3756 1486 Χριστιανῶν

2116 1501 2232 1554 καθ’
2290 1500 2513 1573 ἑκάστην
2576 1500 3008 1578 έπεκδεχόμενος
3068 1501 3240 1558 ἔλεον.
3300 1504 3492 1574 ’Ὁμως
3524 1497 3667 1553 καλὰ
3695 1496 3760 1551 τὰ

2118 1583 2414 1660 συμϐάντα,
2448 1588 2590 1644 καλᾶ
2618 1597 2805 1663 ταῦτα,
2837 1591 2927 1646 καὶ
2960 1593 2986 1646 ὁ
3047 1590 3396 1668 πατριάρχης
3451 1589 3616 1643 αὐτοῦ
3674 1586 3758 1639 εὖ·

2118 1676 2347 1756 λογείτω
2408 1677 2499 1732 σὺν
2553 1683 2620 1752 τῇ
2691 1678 2931 1756 Εὐλογίᾳ
2986 1681 3215 1751 τάκείνῳ
3271 1677 3621 1752 πραττόμενα
3657 1718 3668 1730 .
3730 1699 3757 1725 ››

2115 1753 2356 1836 Ἐδήλου
2414 1764 2461 1821 δ’
2509 1769 2536 1822 ὁ
2569 1765 2738 1844 λόγος
2898 1766 3236 1845 αὖταδέλφην
3266 1789 3364 1822 τσυ
3400 1762 3686 1842 βασιλέως,

2236 1855 2416 1918 κακῶς
2471 1857 2611 1931 εἶχεν
2673 1856 2874 1919 ἐκεῖνος
2935 1858 3008 1920 ὡς
3057 1857 3122 1911 τὰ
3180 1855 3314 1911 κατὰ
3394 1859 3491 1909 τοῦ
3565 1849 3757 1912 παιδὸς

2113 1926 2370 1998 Ἰωάννου
2431 1926 2884 2020 συμϐουλευσάσῃ
2943 1950 3021 2018 τῷ
3083 1945 3329 2020 βασιλεῖ.
3388 1945 3476 2005 Ὠς
3534 1939 3578 1996 δ’
3634 1941 3757 1995 ἆνε-

2117 2029 2379 2085 πτῦσσετο
2454 2033 2541 2085 καὶ
2626 2033 2688 2086 τὸ
2772 2034 3001 2107 γράμμα
3087 2030 3752 2107 ὑπαναγνωσθησόμενον,

2119 2116 2317 2178 ἐκεῖνος
2369 2117 2528 2191 γνοὺς
2579 2113 2802 2181 ἔκποθεν
2860 2121 2920 2172 τὸ
2952 2121 3063 2173 εκεῖ
3091 2114 3453 2196 ἐμφερόμενον
3487 2116 3656 2177 ποκὺς
3687 2119 3752 2184 ἦν

2116 2199 2436 2259 ἀντιϐαίνων
2489 2207 2578 2260 καὶ
2633 2207 2900 2261 ἀνεισπῶν
2973 2207 3047 2274 μὴ
3119 2205 3330 2260 ἀκούειν
3394 2204 3588 2271 ὅλως,
3662 2204 3748 2258 καὶ

2115 2296 2535 2369 προσαπεχώρει
2591 2295 2804 2370 ταχέως
2883 2295 3463 2368 ὑπαναγινωσκομένου
3540 2293 3614 2356 ὡς
3673 2293 3746 2364 μὴ

2117 2381 2380 2436 ἀκούσειε.
2453 2382 2717 2437 Κάκείνων
2777 2378 3395 2456 ἐπικαταλαμϐανόντων
3452 2378 3748 2452 ἀποδιδρά-

2116 2490 2307 2524 σκοντα
2357 2470 2500 2544 παρὰ
2573 2471 2635 2524 τὸ
2711 2473 2943 2540 καθῆκον
3002 2469 3348 2543 κινουμένοις
3414 2469 3503 2523 καὶ
3557 2467 3750 2543 ταχέσι

2114 2557 2294 2630 ποσὶν,
2349 2553 2539 2614 ὲπέϐυε
2593 2559 2661 2614 τὰ
2715 2559 2828 2614 ὦτα
2873 2564 2989 2622 τοῖς
3046 2559 3491 2635 παρηρτημένοις
3519 2562 3617 2626 τῆς
3646 2575 3743 2610 κα-

2118 2777 2452 2834 solventem:
2485 2779 2664 2834 biduo
2697 2784 2828 2850 post
2856 2781 2927 2835 ad
2960 2780 3216 2836 insulam
3249 2779 3479 2852 appulsi
3512 2777 3754 2851 patriar-

2117 2866 2285 2921 cham
2317 2866 2586 2933 adiimus,
2622 2873 2678 2923 et
2710 2868 2856 2924 287
2894 2885 3143 2939 quorum
3187 2886 3366 2924 causa
3412 2867 3746 2924 venerimus

2116 2969 2285 3024 agere
2315 2971 2449 3010 eum
2479 2973 2544 3010 eo
2577 2957 2881 3027 ccepimus.
2909 2958 2986 3011 Ad
3013 2957 3262 3028 primam
3288 2957 3369 3011 rei
3397 2955 3748 3012 mentionem

2116 3041 2212 3096 ille
2234 3042 2605 3098 vehementer
2619 3046 2992 3100 exacerbatus
3014 3062 3085 3100 ne
3105 3047 3309 3100 audire
3332 3045 3568 3115 quidem
3594 3043 3750 3100 ulte-

2113 3130 2235 3184 rius
2267 3131 2569 3198 sustinuit,
2604 3133 2703 3186 sed
2727 3149 2859 3186 cum
2885 3133 3171 3188 imnienso
3187 3134 3381 3188 dolore
3398 3138 3455 3188 et
3477 3133 3749 3205 angustia

365 3218 468 3272 sed
504 3217 670 3289 petiit
694 3218 818 3287 jam
862 3235 1016 3273 nunc
1067 3219 1331 3274 absolute
1387 3221 2004 3275 exeommunieationis
2036 3214 2078 3278 C
2117 3218 2169 3271 in
2193 3217 2295 3272 has
2322 3220 3060 3292 querimoniasprorupitzu
3083 3221 3226 3286 Quid
3253 3221 3750 3291 imperatorimale

365 3306 1112 3361 sententiaminArsenium
1140 3309 1401 3378 asynodo
1415 3309 1524 3364 rite
1549 3310 1679 3364 ferri
1698 3326 1790 3364 reo
1816 3325 2006 3364 coram

367 3394 757 3448 intimandam
783 3411 816 3448 a
839 3395 1141 3450 mittendis
1161 3396 1231 3450 ad
1249 3396 1463 3466 ipsum;
1488 3414 1552 3451 ac
1573 3399 1618 3450 si
1649 3397 1883 3468 quidem
1907 3397 2006 3452 ille

363 3483 644 3536 fateretur
701 3482 914 3550 scelus,
948 3483 1305 3554 supplicium
1347 3485 1395 3537 ei
1431 3485 1625 3538 statim
1672 3485 2001 3550 inferretur,
2051 3534 2056 3539 .

365 3571 517 3641 quod
553 3570 671 3641 pati
704 3588 934 3643 aequum
958 3572 1167 3642 estqui
1200 3573 1427 3627 sicariis
1454 3572 1755 3643 parricidis
1787 3575 2000 3628 caedem

361 3659 732 3730 imperatoris
753 3660 1069 3714 machinari
1098 3662 1257 3716 ausis
1278 3662 1597 3716 assenserit
1613 3663 2000 3728 conscius;sin

363 3748 413 3801 is
438 3754 696 3818 negaret,
731 3753 924 3802 tamen
961 3755 1021 3802 ut
1045 3767 1112 3803 ex
1144 3749 1434 3804 delatione
1464 3750 1675 3819 deipso
1699 3768 1730 3804 a
1753 3751 2003 3806 consciis

367 3836 580 3890 moritu
593 3836 669 3890 ris
682 3834 832 3891 clare
849 3837 996 3891 facta
1012 3837 1141 3906 plus
1158 3837 1334 3891 nimio
1350 3845 1653 3908 suspectus
1669 3855 2004 3893 excommu-

365 3925 644 3979 nicationi
677 3926 1025 3994 subjaceret,
1060 3927 1248 3996 quoad
1276 3932 1374 3980 aut
1394 3927 1558 3997 plene
1582 3928 1880 3981 convictus
1905 3945 1998 3996 pu-

366 4013 612 4079 niretur,
629 4021 732 4066 aut
764 4013 811 4067 si
829 4016 972 4068 forte
995 4015 1362 4084 contingeret
1377 4013 2002 4085 sufﬁeienterpurgari,

362 4117 513 4156 noxa
541 4101 698 4155 omni
729 4101 1074 4157 liberaretur
1103 4107 1382 4172 tanquam
1417 4103 1630 4171 injuste
1647 4101 2002 4157 calumniam

363 4206 596 4260 passus.
635 4190 772 4243 Eam
810 4189 1142 4260 petitionem
1175 4191 1538 4261 imperatoris
1577 4191 1771 4244 Patres
1800 4191 2004 4262 synodi

362 4276 623 4348 plerique
680 4277 946 4332 arbitrati
1000 4295 1251 4349 aequam,
1311 4284 1374 4333 ut
1433 4279 1514 4332 ita
1572 4278 1736 4334 ﬁeret
1784 4295 2005 4333 annue-

369 4371 532 4421 runt.

366 4523 427 4579 l6
485 4525 546 4598 Ut
576 4528 762 4598 auctor
813 4523 978 4593 hujus
1026 4524 1266 4581 histor-ia:
1317 4542 1427 4581 una
1473 4544 1596 4598 cum
1643 4528 1903 4598 epz'scom's
1934 4527 2004 4582 ad

504 4596 790 4650 Arsaniam
820 4599 1018 4650 missus
1063 4598 1153 4663 sit,
1194 4598 1406 4668 etquid
1447 4597 1516 4651 iis
1545 4596 1858 4665 contigerit.

430 4721 815 4793 Perscriptum
840 4722 1019 4792 igitur
1041 4723 1311 4777 festinato
1336 4723 1759 4778 criminationis
1783 4723 1997 4779 instru-

359 4815 621 4864 mentum
641 4814 748 4875 est,
775 4809 1005 4865 etelecti
1023 4811 1398 4880 celeriterqui
1419 4827 1581 4864 reum
1608 4812 2000 4878 convenirent,

355 4913 385 4950 ο
403 4897 672 4951 Patribus
687 4897 923 4968 quidem
949 4897 1086 4964 duo,
1115 4896 1272 4966 prior
1293 4897 1602 4966 episcopus
1621 4900 2000 4950 Neocaesarete

357 4984 964 5050 Monoconstantinus,
996 4984 1248 5038 multum
1285 4986 1511 5038 amicus
1558 4985 1820 5050 Arsenio,
1854 4985 2000 5038 alter

359 5073 749 5140 Moeessenus,
769 5077 907 5127 tunc
921 5071 1175 5126 ecclesiae
1193 5071 1406 5125 Procon
1419 5071 1540 5125 nesi
1564 5071 1832 5142 specialis
1857 5089 1997 5126 con-

363 5159 644 5216 cessionis
697 5159 994 5230 privilegio
1029 5160 1368 5229 praesidens,
1400 5176 1428 5213 e
1459 5159 1684 5214 clericis
1722 5177 1873 5223 vero,
1906 5161 1996 5216 cui

357 5255 495 5304 tunc
527 5256 749 5304 secreta
781 5247 1099 5303 commissa
1129 5253 1317 5316 erant,
1347 5247 1619 5317 Galenus,
1653 5254 1709 5302 et
1738 5265 1869 5302 cum
1903 5249 1996 5303 his

355 5354 460 5408 ego
483 5341 752 5406 quartus,
778 5337 830 5390 vi
856 5335 1089 5404 quidem
1112 5335 1172 5389 in
1197 5336 1252 5389 id
1278 5337 1518 5390 adactus
1539 5336 1996 5406 utiquejubente

347 5426 918 5495 imperatore,tamen
943 5424 1096 5494 quod
1129 5423 1290 5477 illum
1311 5423 1400 5477 cui
1426 5425 1732 5478 studebam
1755 5441 1992 5494 quomo-

354 5515 665 5583 docunque
681 5513 930 5566 revisum
949 5512 1114 5580 irem,
1134 5529 1200 5566 ex
1217 5516 1376 5581 parte
1400 5510 1992 5580 perlibenter.Quinta

350 5606 409 5659 et
439 5600 719 5657 vicesima
744 5599 835 5655 die
865 5597 1006 5654 Julii
1041 5599 1254 5680 mensis
1290 5613 1492 5654 navem
1543 5599 1991 5656 conscendimus

2117 3307 2251 3360 feci"?
2282 3325 2386 3380 ego
2417 3308 2611 3378 ipsum
2635 3326 2701 3364 ex
2724 3311 2946 3380 privato
2969 3311 3025 3364 in
3050 3310 3278 3381 imperii
3312 3310 3524 3364 solium
3548 3309 3748 3377 extuli;

2116 3392 2210 3448 ille
2242 3411 2372 3449 vero
2407 3412 2495 3450 me
2528 3413 2660 3450 eum
2695 3396 3084 3466 patriarcbam
3111 3396 3553 3467 reperissetnon
3580 3397 3751 3451 hone-

2116 3480 2221 3534 stis
2254 3497 2320 3535 ex
2340 3484 2533 3536 causis
2565 3483 2782 3538 honore
2815 3484 3076 3553 privavit.
3109 3484 3176 3538 Et
3222 3501 3377 3539 nunc
3408 3484 3644 3538 desideo
3689 3483 3747 3538 in

2116 3571 2390 3641 hocjugo
2417 3573 2628 3626 deserti
2665 3575 2896 3638 montis,
2949 3575 3046 3628 ubi
3089 3574 3248 3629 velut
3297 3573 3531 3628 infamis
3587 3573 3747 3628 exsul

2113 3660 2580 3715 Christianorum
2637 3664 2896 3732 quotidie
2953 3664 3414 3719 misericordiam
3458 3673 3744 3735 exspecto.

2114 3753 2327 3803 Tamen
2387 3751 2530 3803 bene
2589 3749 2806 3805 habent
2863 3769 2992 3820 quas
3049 3753 3441 3823 contigerunt;
3500 3751 3747 3823 pulchra

2115 3837 2546 3907 hae,inquam,
2582 3852 2680 3907 per
2725 3855 2814 3890 me
2862 3844 3074 3893 sunto:
3128 3855 3272 3893 suus
3320 3829 3370 3894 ei
3422 3839 3748 3909 patriarcha

2115 3927 2258 3979 bene
2290 3931 2574 3995 precetur,
2599 3931 2802 3980 etcum
2830 3927 3227 3982 benedictione
3257 3927 3595 3996 comprobet
3617 3942 3747 3996 quae

2117 4013 2188 4068 ab
2221 4013 2318 4067 illo
2345 4016 2508 4067 fiunt.
2531 4037 2557 4061 υ
2578 4014 2639 4068 In
2667 4015 2754 4068 bis
2778 4015 2972 4069 Graeco
2993 4014 3411 4068 benedictionis
3440 4013 3742 4082 vocabulo,

2115 4102 2267 4172 quod
2287 4102 2476 4172 ipsum
2513 4118 2720 4156 nomen
2743 4102 3128 4173 eratEulogiaa
3147 4101 3746 4172 sororisimperatoris

2113 4190 2216 4243 illa
2246 4190 2374 4259 ipsa
2420 4190 2628 4244 mulier
2676 4191 3110 4260 designabatur,
3143 4190 3236 4245 cui
3293 4196 3417 4245 erat
3469 4190 3745 4245 Arsenius

2114 4277 2478 4348 peculiariter
2509 4279 2795 4348 infensus,
2849 4279 3004 4349 quod
3057 4279 3238 4348 ipsam
3290 4279 3540 4333 maxime
3571 4277 3747 4333 sciret

2113 4366 2293 4421 fuisse
2345 4365 2509 4421 fratri
2560 4372 2850 4421 auctorem
2904 4383 3104 4422 eorum
3164 4383 3291 4437 qua:
3322 4367 3633 4422 crudeliter
3689 4370 3747 4420 et

2113 4455 2289 4526 impie
2320 4454 2377 4508 in
2410 4470 2658 4524 puerum
2689 4457 2973 4508 Joannem
2999 4458 3401 4510 attentaverat.
3439 4454 3510 4509 Ut
3547 4458 3741 4508 autem

2111 4543 2402 4614 explicatas
2434 4543 2633 4598 litterae
2662 4547 2800 4598 sunt
2825 4542 2978 4597 velut
3012 4560 3143 4596 mox
3173 4543 3282 4612 ipsi
3317 4542 3592 4612 legendae,
3632 4542 3744 4595 Ar-

2113 4633 2315 4686 senius
2347 4649 2475 4685 eum
2504 4631 2772 4685 alicunde
2807 4631 3209 4700 prresensisset
3239 4631 3377 4701 quid
3404 4632 3462 4684 in
3488 4631 3558 4684 iis
3589 4635 3743 4684 esset

2111 4721 2416 4791 scriptum,
2451 4719 2774 4774 vehementi
2809 4719 2935 4774 nisu
2971 4735 3097 4774 sese
3128 4723 3513 4789 contorquens
3554 4735 3622 4773 ae
3653 4735 3738 4772 re-

2110 4808 2346 4861 trahens
2378 4805 2733 4860 auditionem
2769 4812 3070 4862 aversatus
3101 4807 3340 4862 omnino
3366 4811 3486 4875 est;
3520 4811 3577 4861 et
3606 4824 3740 4862 cum

2110 4895 2222 4965 legi
2253 4894 2636 4949 nihilominus
2668 4901 2920 4965 coeptum
2954 4900 3107 4950 esset
3136 4895 3440 4950 celerrime
3479 4895 3738 4961 recessit,

2110 5000 2179 5036 ne
2209 4981 2457 5037 audiret.
2488 4983 2596 5035 Sed
2630 4981 2730 5053 qui
2761 4983 3004 5040 aderant
3033 4999 3202 5038 cursu
3236 4983 3483 5038 insecuti
3516 4983 3741 5052 fugien-

2110 5071 2340 5137 ten’.,vix
2377 5070 2601 5124 tandem
2636 5070 3120 5140 comprehensum
3145 5073 3435 5141 (currebat
3463 5072 3619 5125 enim
3643 5087 3741 5124 ve-

2111 5159 2294 5214 locius
2326 5174 2500 5228 quam
2535 5157 2606 5211 ab
2639 5157 2738 5212 illa
2766 5163 2932 5212 astate
2964 5159 3362 5229 gravitateque
3415 5157 3740 5228 exspectari

2108 5247 2414 5318 potuisset)
2439 5252 2798 5301 retraxerunt
2823 5245 3243 5301 invitissimum
3271 5249 3342 5301 ad
3360 5244 3742 5299 auscultanda

2105 5353 2230 5406 quae
2262 5352 2330 5389 ex
2359 5335 2571 5405 scripto
2623 5333 2777 5388 clara
2823 5350 2958 5390 voce
3016 5335 3474 5405 proferebantur.
3523 5335 3594 5387 At
3641 5331 3739 5385 ille

2107 5422 2528 5494 appendicibus
2557 5421 2734 5492 galeri
2767 5423 2833 5477 ad
2863 5439 3032 5476 aures
3062 5423 3264 5476 ambas
3288 5426 3533 5489 utraque
3562 5436 3737 5473 manu

2103 5510 2598 5580 valideappressis
2617 5526 2826 5564 sonum
2844 5509 3106 5564 lectionis
3122 5510 3331 5562 frustra
3352 5507 3737 5578 pronuntiata:

2104 5614 2218 5656 non
2248 5598 2488 5670 accepit.
2511 5597 2766 5668 Denique
2777 5597 3188 5669 gravissimum
3205 5595 3537 5669 signiﬁcans
3554 5593 3734 5652 animi
