4158 6280
404 328 512 382 735

407 449 579 523 λόπτρ
590 469 650 510 ας
707 447 1028 522 ἑκατέρωθεν
1078 452 1183 503 τῶν

405 535 610 591 ἐπαΐειν
697 536 1200 612 ἀναγινωσκομένου
1284 543 1380 592 τοῦ
1468 541 1813 615 γράμματος.
1885 540 2052 600 Τέλος

407 623 750 697 δυσΟυμήσ-ας
800 626 1026 700 οὐρανόν
1086 647 1143 680 τε
1173 626 1261 680 καὶ
1319 626 1421 702 γῆν
1467 628 1867 702 ἐπεμαρτύρετο
1900 629 2052 701 μεγί-

406 734 507 788 σρῃ
541 716 694 789 φωνῇ
749 714 820 766 ὧν
852 711 917 781 δὴ
973 715 1060 768 καί
1091 715 1318 790 πάσχοι,
1363 716 1452 769 καὶ
1489 717 1563 788 μὴ
1593 717 1757 788 μό-ον
1793 719 1874 778 οἷς
1907 717 2052 769 εἶπον

409 803 460 856 οἱ
489 800 832 859 κατειπόντες
864 803 1019 873 ἠξίου
1051 803 1362 878 προσέχειν,
1407 803 1551 858 ἀλλᾶ
1608 804 1695 858 καὶ
1754 804 2052 873 ἀντήκουον

410 890 468 944 ἂν
500 891 624 963 παρ’
655 889 817 944 αὐτοῦ
851 889 997 962 ε”περ
1059 892 1307 967 ἀνέφερον
1365 889 1510 953 ὅλως
1571 892 1866 965 προσηξίου
1926 913 2053 946 σκο-

408 984 545 1048 πεῖν,
603 978 650 1032 εἷ’
712 979 786 1050 μὴ
823 977 1110 1053 ἐπείχοντο
1154 977 1448 1054 ἐμϐριθῶς,
1485 981 1529 1034 εἰ
1565 982 1640 1053 μὴ
1672 982 1759 1034 καὶ
1796 978 2053 1055 μεγάλως

407 1064 736 1136 ’ἦττειλοῦντο
820 1067 1141 1135 κολάζεσθαι
1218 1070 1354 1142 πρὸς
1435 1073 1587 1139 Θεοῦ,
1648 1069 2050 1143 ἐπιχειροῦντες

406 1155 574 1217 ὅλως.
633 1155 734 1210 Καί
768 1155 841 1216 ὡς
874 1178 896 1208 α
935 1155 1122 1216 Καλῶς
1156 1155 1238 1228 ἂν,
1274 1180 1299 1205 ››
1328 1153 1530 1231 ἔλεγεν,
1564 1181 1590 1208 ‹‹
1626 1155 2052 1233 ἡρχιερατεύσα-

413 1266 529 1316 μεν,
590 1243 750 1316 φόνον
809 1247 887 1315 τῷ
950 1245 1165 1318 βασιλεῖ
1220 1245 1662 1320 συνυιραίνοντος,
1697 1247 1747 1299 οἳ
1781 1243 1846 1313 δὴ
1879 1245 1966 1299 καὶ
1999 1243 2052 1299 ἐν

409 1332 634 1407 ἐσχατιᾷ
690 1329 855 1404 ταύτῃ
907 1331 1367 1407 παραρῥιφθέντες
1427 1334 1552 1387 Θεὸν
1609 1333 1683 1394 εἷς
1713 1331 1880 1387 καλὸν
1915 1332 2053 1388 ἐπει-

408 1419 614 1495 λῆφθαι
671 1421 769 1487 τῆς
830 1418 1035 1473 ἐκείνου
1085 1423 1270 1494 ψυχῆς
1328 1421 1663 1494 ἱκετεύομεν,
1705 1419 1800 1475 κᾶν
1851 1421 2050 1478 ἐκεῖνος

409 1506 562 1580 λιμῷ
618 1508 704 1561 καὶ
766 1505 908 1580 δίψει
968 1507 1047 1561 ἐπ’
1107 1507 1335 1583 ἐρημίας
1395 1509 1469 1571 ὠς
1518 1507 1842 1570 καταδίκους
1877 1507 2048 1563 ἀπόλ-

411 1595 555 1651 λυσι.
621 1617 649 1645 ››
700 1597 881 1651 Ταῦτα
911 1596 1000 1649 καὶ
1056 1599 1259 1650 τοιαῦθ’
1292 1595 1443 1671 ἔτερα
1475 1596 1525 1650 ἐν
1560 1596 1718 1670 ὀδύνῃ
1749 1601 1934 1672 ψυχῆς
1960 1597 2048 1651 καὶ

410 1685 601 1756 πικρίᾳ
651 1683 958 1758 ἐξενεγκὼν,
1012 1684 1079 1739 τὰ
1139 1686 1230 1757 μὲν
1293 1685 1438 1756 αὐτῷ
1493 1684 1727 1760 βασιλεῖ,
1782 1688 1849 1740 τὰ
1876 1684 1932 1740 δὲ
1960 1687 2049 1740 καὶ

408 1776 487 1842 τῷ
547 1770 598 1831 ἐς
653 1774 744 1826 τὸν
806 1774 992 1845 θρόνον
1053 1773 1369 1828 καταστάντι
1428 1772 1852 1847 προσενειδίσας,
1895 1775 2047 1844 ἢκαί
2085 1813 2126 1875 Β

416 1859 429 1875 ς
677 1859 687 1875 ι
958 1860 1048 1875 υς
1216 1862 1230 1875 .
1289 1862 1298 1875 .
1597 1864 1662 1875 .--
1737 1869 1760 1875 _
1852 1860 1892 1875 τι.
2033 1863 2045 1875 .

413 1859 854 1930 ἐποικτισάμενος
915 1860 1145 1933 μᾶλλον,
1206 1862 1539 1933 ἀπέπεμπεν.
1597 1864 1786 1933 Ἡμεῖς
1849 1860 1902 1916 δὲ
1960 1863 2048 1916 καὶ

416 1946 565 2010 αὖθις
621 1955 718 2018 τῆς
780 1947 1112 2019 ἐπελθούσης
1181 1951 1394 2022 ἡμέρας
1466 1951 1876 2024 προσελθόντες,
1957 1951 2045 2005 καὶ

419 2035 540 2090 ὅσον
598 2036 658 2103 ἦν
717 2038 784 2091 τὰ
841 2038 1302 2112 προσανακείμενα
1334 2037 1721 2110 ἐκτελέσαντες,
1753 2041 2051 2116 ἀφωρμοῦ-

421 2145 519 2207 μεν
573 2129 667 2179 τοῦ
726 2125 946 2198 λιμένος
995 2126 1201 2196 αὐτίκα,
1261 2128 1347 2181 καὶ
1403 2133 1502 2182 τοῦ
1566 2129 1759 2204 βορέου
1791 2126 2048 2203 λαμπροῦ

415 2209 838 2274 καταϐαίνοντος
892 2213 979 2268 διὰ
1003 2219 1108 2269 τῶν
1159 2216 1294 2269 κατὰ
1324 2213 1470 2269 δόσιν
1502 2223 1601 2284 τῆς
1641 2218 1809 2286 νήσου
1874 2221 2050 2290 μερῶν

415 2300 755 2378 ἀνεκτότερον
815 2301 1094 2377 ἡγούμεθα
1148 2303 1332 2357 πλέειν
1389 2303 1878 2376 ἐπισκεπτομένους
1931 2311 2048 2366 τοῖς

415 2385 615 2461 ὄρεσιν.
669 2389 822 2446 Λλλα
878 2391 1090 2463 μᾶλλον
1150 2393 1177 2445 ὁ
1235 2389 1450 2446 κλύδων
1519 2393 1771 2466 μέγιστος
1826 2392 2050 2467 ἐπηγεί-

417 2497 559 2551 ρετο,
619 2481 708 2532 καί
767 2475 952 2532 ὤδινεν
1013 2482 1046 2548 ἡ
1095 2477 1333 2533 θάλασσα
1361 2478 1552 2549 πλέον,
1581 2481 1668 2534 καὶ
1699 2485 1777 2552 τῷ
1805 2480 2049 2550 Γαληνο-

415 2564 594 2638 λιμένι
631 2563 792 2639 μόλις
825 2567 1194 2642 προσσχόντες
1247 2569 1347 2637 τὴν
1377 2573 1526 2638 ναῦν,
1560 2570 1588 2624 ’ὀ
1648 2567 1712 2638 δὴ
1745 2569 1834 2623 καὶ
1866 2569 2049 2640 Γαλη-

416 2803 715 2860 angorem,
749 2789 954 2844 cmlum
993 2794 1318 2860 terramque
1370 2807 1508 2846 voce
1569 2790 1818 2845 maxima
1874 2794 2050 2844 testes

415 2877 686 2931 adhibuit
731 2893 931 2932 eorum
971 2879 1120 2934 288
1153 2895 1277 2950 quae
1313 2881 1700 2950 pateretur.Et
1721 2896 1834 2934 non
1858 2877 2047 2933 solum

415 2966 485 3020 ad
517 2983 584 3020 ea
623 2983 747 3037 qua:
779 2967 890 3037 ipsi
922 2968 1423 3024 denuntiabantur
1453 2987 1564 3023 non
1627 2969 1911 3022 attendit:
1947 2965 2048 3020 sed

419 3069 603 3123 neque
630 3056 729 3125 qui
761 3071 893 3110 eum
927 3055 1378 3127 alloquebantur
1423 3056 1783 3111 audivissent
1810 3055 2048 3109 omnino

416 3143 486 3196 ab
518 3158 584 3197 eo
615 3143 936 3213 quidquam
970 3145 1039 3198 de
1073 3143 1300 3213 negotio
1335 3143 1648 3213 preposito,
1681 3143 1831 3212 quod
1861 3142 1927 3195 ad
1954 3159 2045 3213 sy-

417 3231 632 3285 nodum
693 3231 996 3300 referrent,
1049 3230 1161 3285 nisi
1193 3247 1322 3285 eum
1359 3231 1629 3302 expedire
1681 3247 1743 3284 se
1775 3231 1843 3284 ab
1903 3229 2046 3300 ipsis
2078 3211 2120 3274 (ἶ

416 3333 787 3388 summopere
811 3323 1116 3372 conantem
1151 3318 1202 3372 vi
1239 3319 1442 3388 majori
1476 3319 1677 3388 utique
1708 3321 2052 3385 tenerent,et

417 3421 620 3476 graves
655 3405 1008 3460 intentarent
1039 3424 1072 3461 a
1102 3413 1216 3461 Deo
1248 3407 1459 3472 minas,
1493 3407 1540 3461 si
1601 3406 1936 3476 persisteret
1991 3406 2050 3460 in

418 3493 801 3549 contumacia.
824 3494 1080 3550 Tandem
1097 3495 1346 3550 summis
1365 3494 1672 3550 conatibus
1704 3510 2050 3564 responsum

419 3581 742 3652 exprimere
772 3582 1177 3652 qualecunque
1209 3583 1598 3653 satagentinm
1636 3582 1794 3636 visus
1828 3583 2050 3635 cedere:

421 3693 446 3718 ι(
470 3673 571 3733 En,
604 3670 817 3740 inquit,
863 3674 924 3724 ut
953 3670 1097 3725 bene
1127 3672 1581 3742 patriarchatum
1615 3671 1930 3741 gessimus,
1960 3686 2054 3723 ne-

422 3775 546 3813 cem
581 3759 916 3829 imperatori
949 3760 1389 3815 machinantesl
1441 3761 1531 3814 cui
1585 3760 1848 3814 videlicet
1877 3761 2052 3814 etiam

422 3847 663 3917 projecti
695 3863 724 3901 e
757 3847 931 3901 rebus
963 3847 1781 3902 humanisinhocextremum
1815 3847 2055 3902 deserta;

422 3934 626 3989 insulae
659 3935 839 3990 Deum
874 3937 1184 4007 propitiare
1209 3954 1322 3990 non
1342 3953 1662 4001 cessamus,
1681 3934 2056 3990 obsecrantes

422 4027 482 4077 ut
497 4024 621 4092 ejus
635 4023 842 4077 animae
860 4025 1006 4080 bene
1027 4024 1341 4080 consulens
1362 4025 1726 4088 misereatur,
1756 4030 2057 4095 utcunque

422 4111 518 4165 ille
548 4112 698 4164 fame
725 4129 789 4165 ac
821 4113 916 4166 siti
951 4130 1056 4166 nos
1086 4114 1240 4167 velut
1271 4117 1454 4167 marte
1502 4113 1807 4167 damnatos
1858 4113 1916 4166 in
1951 4113 2057 4167 hac

423 4199 736 4255 solitudine
759 4200 1137 4254 interficiat.»
1166 4202 1290 4254 llaec
1309 4201 1663 4270 etejusmodi
1691 4201 1804 4255 alia
1824 4218 2057 4255 summo

422 4289 617 4342 dolore
649 4293 820 4358 atque
835 4287 1234 4342 amanitudine
1257 4287 1438 4340 animi
1473 4287 1750 4356 profatus,
1785 4288 1964 4343 multa
1986 4289 2060 4342 si-

425 4377 548 4432 mul
582 4376 939 4447 imperatori,
974 4375 1150 4430 simul
1173 4376 1231 4430 in
1263 4375 1536 4429 thronum
1586 4375 1812 4430 intruso
1857 4393 2058 4446 expro-

428 4467 604 4521 brans
635 4470 735 4520 aut
757 4466 947 4536 potius
982 4465 1328 4534 imprecans,
1360 4463 1584 4517 dimisit
1615 4464 1684 4517 ad
1735 4479 1794 4518 se
1825 4464 2056 4520 missos.

1705 331 2004 387 GEORGII
2042 333 2502 387 PACHYMERE

3691 321 3802 376 736

1274 447 1424 504 ὤτων
1483 449 1666 505 ὡτίοις
1701 493 1714 505 .
1775 452 1849 505 ὡς
1911 449 2039 505 μηδ’
2077 455 2113 505 Δ
2158 453 2394 505 νολιιιῆν
2457 450 2745 505 ἰδιωτικῶς
2803 451 2852 505 οἳ
2886 449 3177 505 ἐπιγώοιὸι
3229 445 3681 505 παραφθείροντες
3715 442 3802 499 λέπ

1570 449 1666 512 ίοις
1701 493 1714 518 ,
1775 452 1849 512 ὡς
1909 449 2039 522 μηδ’
2069 455 2124 520 Α
2158 453 2394 524 νολιμὴν
2457 450 2745 513 ἰδιωτικῶς
2803 451 2852 506 οἳ
2886 449 3177 526 ἐπιχώριὸι
3229 445 3681 523 παραφθείροντες
3715 442 3778 499 λέ

2155 562 2332 614 γουσι,
2395 539 2658 615 μεγάλοις
2731 541 2901 594 ἐκεῖσε
2955 534 3215 616 φοϐεροῖς
3273 535 3594 610 ἐνετύχομεν
3627 579 3643 604 ,
3691 537 3806 586 κατ’

2156 629 2431 706 εἶ’σπραξιν
2490 632 2645 702 οἶμαι
2697 634 2793 683 τοῦ
2843 631 2918 701 μή
2954 631 3033 701 [Ρ.
3078 629 3198 699 195]
3237 627 3352 698 μετ’
3382 623 3631 698 εὐλογίας
3662 623 3800 676 ἀπο-

2156 719 2384 787 λυθῆναι
2416 722 2514 774 τοῦ
2545 717 2908 792 πατριάρχου.
2965 719 3034 772 ’Ὁ
3090 714 3153 783 δὴ
3214 715 3304 768 καὶ
3349 713 3513 782 ἤθελε
3549 713 3644 784 μὲν
3675 712 3802 764 ’ἐκα-

2157 828 2280 868 στος
2314 807 2410 861 ἀνά
2445 809 2630 880 μέρος,
2665 807 2738 866 ὡς
2771 805 2988 879 ὕστερον
3041 802 3366 876 ὡμολόγουν
3426 801 3561 872 πρὸς
3614 797 3801 866 ἀλλή-

2154 893 2284 956 λους
2351 892 2810 967 μεταμελόμενοι.
2868 895 3062 962 "Opto;
3096 889 3152 944 δὲ
3201 891 3298 957 τὴν
3350 887 3585 950 ἐντεῦθεν
3624 907 3798 954 κατη-

2151 987 2340 1060 γορίαν
2373 985 2719 1061 ὑφορώμενοι
2778 981 3149 1054 κατημέλουν.
3207 979 3417 1041 Νυκτὸς
3466 979 3567 1052 γὰρ
3627 977 3800 1048 μέσης

2154 1076 2376 1146 σεισμὸς
2435 1073 2771 1128 ἐπεισπίπτει
2837 1071 3024 1146 βαρὺς,
3082 1070 3172 1124 καὶ
3227 1070 3289 1124 τὸ
3349 1068 3474 1142 ὅρος
3535 1066 3795 1140 θραυσθέν

2153 1161 2242 1216 καὶ
2292 1163 2451 1216 πεσὸν
2508 1160 2584 1224 εἶς
2641 1158 2910 1214 θάλασσαν
2938 1160 3029 1213 τὸν
3065 1159 3234 1212 ἐκεῖσε
3263 1156 3429 1210 τόπον
3482 1152 3797 1222 κατέκλυσε,

2154 1248 2374 1322 δόκησίν
2430 1272 2485 1304 τε
2541 1252 2628 1305 καὶ
2689 1252 2837 1322 ἡμᾶς
2891 1245 3328 1316 κατακλυσθῆναι
3388 1243 3632 1318 παρέσχε
3681 1241 3801 1296 κατ’

2154 1339 2404 1413 αἰγιαλὸν
2468 1339 2744 1410 μένοντας.
2807 1336 2982 1392 Ἀλλᾶ
3033 1335 3193 1409 μόλις
3247 1333 3432 1389 πολλὰ
3456 1336 3522 1404 τῇ
3555 1329 3799 1405 Θαλάσσῃ

2153 1424 2812 1500 προσταλαιπωρήσαντες
2876 1430 2977 1491 τῆς
3033 1421 3444 1478 Κωνσταντίνῠυ
3501 1414 3800 1491 ἐπέϐημεν,

2158 1516 2328 1588 μηνὸς
2387 1511 2729 1586 ἑξκαιδεκάτῃ
2788 1509 3153 1574 Ποσειδεῶνος
3190 1555 3202 1579 ,
3261 1511 3349 1564 καὶ
3406 1513 3483 1580 τῷ
3541 1526 3802 1582 πατριαρο

2155 1608 2350 1679 χοῦντι
2410 1602 2672 1676 πρότερον
2731 1600 3125 1674 προσελθόντες
3183 1599 3273 1654 καὶ
3329 1599 3390 1651 τὸ
3419 1602 3520 1651 πᾶν
3547 1595 3798 1670 ἀναγγεί-

2156 1690 2345 1752 λαντες
2379 1693 2584 1763 Θερμήν
2645 1690 2864 1759 ἀξίωσιν
2893 1692 3007 1743 οἷον
3066 1687 3366 1760 ἠξιούμεθα
3413 1687 3539 1759 παρ’
3569 1683 3796 1750 ἐκείνου,

2155 1785 2259 1834 πᾶν
2319 1778 2563 1854 λυπηρὸν
2594 1785 2692 1846 τῆς
2754 1775 3088 1852 ἀπαγγελίας
3141 1773 3484 1847 ὑπεξελέσθαι
3532 1772 3666 1847 πρὸς
3703 1773 3799 1845 βα-

2159 1867 2314 1921 σιλέα
2345 1865 2628 1942 λέγοντας,
2671 1865 2773 1920 ’καὶ
2833 1864 2886 1919 εἷ’
2934 1886 2984 1918 τι
3019 1862 3288 1919 λέλεκται.
3326 1861 3482 1919 Οὕτω
3515 1858 3560 1914 δ’
3589 1859 3800 1932 ᾠκονό-

2163 1977 2326 2028 μηται
2382 1957 2450 2010 τὰ
2498 1955 2621 2009 τότε
2676 1955 2811 2028 πρὸς
2846 1951 3092 2028 βασιλέα,
3145 1953 3272 2006 ὥστ’
3329 1949 3630 2004 ἀκούσαντα
3683 1946 3798 2002 δια-

2157 2049 2355 2115 γνῶναι
2399 2044 2492 2115 μὲν
2542 2044 2641 2109 τὴν
2673 2041 2993 2114 ἀπολογίαν,
3050 2041 3132 2094 ὅτι
3181 2039 3269 2092 καὶ
3328 2037 3471 2098 εἰκὸς
3499 2037 3801 2091 ἀκούσαντα

2156 2129 2402 2204 ἐπισχεῖν
2458 2129 2714 2197 ἐκείνους,
2779 2129 2853 2198 μὴ
2915 2126 3141 2190 θέλοντα
3190 2123 3247 2179 δέ
3303 2124 3428 2186 τοὺς
3460 2127 3578 2186 καθ’
3635 2125 3794 2195 ἡμῶν

2158 2218 2463 2293 ἐμφανίζειν
2551 2221 2721 2291 σιγᾷν,
2805 2213 2978 2269 δεινὸν
3065 2213 3119 2268 δέ
3197 2215 3284 2267 καὶ
3342 2212 3403 2266 τὸ
3474 2216 3798 2274 κακοπαθεῖν

2157 2308 2355 2361 ἐκεῖνον
2415 2307 2747 2379 ἡγήσασθαι,
2807 2303 2932 2357 ὥστ’
2987 2304 3164 2357 αὐτίκ’
3194 2301 3432 2371 ἐπιτάξαι
3463 2299 3796 2375 τριακοσίοις

2156 2393 2395 2464 ἐτησίοις
2448 2392 2772 2465 νομίσμασιν
2806 2390 3005 2446 ἐκεῖνόν
3045 2411 3104 2444 τε
3133 2390 3219 2444 καὶ
3253 2391 3410 2453 τούτς
3439 2389 3562 2461 περὶ
3594 2388 3795 2442 ἐκεῖνον

2156 2484 2499 2549 καθικανοῦκ,
2563 2477 3149 2554 ὑπεραπολογούμενον
3181 2477 3271 2532 καὶ
3332 2479 3446 2550 μεθ’
3502 2477 3667 2551 ὅρκου
3725 2476 3798 2537 ὡς

2160 2569 2538 2644 καὶπρότερον
2585 2568 2824 2638 ἐπιτάξοι
2875 2566 3048 2630 οὕτως
3075 2566 3164 2621 καὶ
3213 2567 3288 2628 ὥς
3329 2567 3456 2641 παρ’
3486 2563 3688 2619 ἐκεῖνον
3724 2565 3798 2637 μὴ

2551 2221 2721 2291 σιγᾷν,

2160 2787 2502 2858 paenitentes
2526 2787 2774 2842 invicem
2810 2787 3181 2853 fatebantur;
3214 2786 3312 2840 sed
3345 2788 3579 2840 verente
3610 2801 3716 2856 pro
3739 2799 3799 2839 se

2161 2892 2391 2947 quoque
2423 2891 2492 2930 ne
2524 2876 2579 2929 id
2611 2876 2722 2929 sibi
2781 2873 3012 2928 crimini
3069 2876 3409 2938 verteretur,
3465 2872 3685 2942 pariter
3740 2872 3796 2926 id

2160 2980 2362 3018 omnes
2395 2963 2769 3034 neglexerant
2801 2963 3000 3017 facere.
3033 2963 3176 3016 Nam
3209 2966 3376 3015 nocte
3408 2961 3601 3016 media
3633 2967 3797 3015 terrae

2160 3057 2355 3107 motus
2388 3051 2592 3105 incidit
2621 3051 2830 3118 gravis,
2864 3055 2920 3104 et
2949 3051 3227 3116 abruptus
3281 3065 3452 3103 mons
3482 3049 3800 3104 imminens

2159 3157 2225 3194 ac
2255 3155 2505 3211 superne
2533 3139 2931 3210 praecipitatus
2955 3139 3011 3191 in
3046 3154 3205 3191 mare
3229 3137 3371 3191 illud
3397 3139 3587 3207 coegit
3613 3138 3669 3190 in
3693 3141 3802 3191 ter-

2159 3245 2279 3282 ram
2311 3227 2423 3281 late
2445 3228 2693 3282 vicinam
2718 3227 3027 3295 inundare,
3062 3230 3222 3280 tanto
3271 3230 3412 3280 aestu
3445 3243 3511 3279 ac
3539 3225 3799 3279 tumultu

2157 3321 2220 3370 ut
2242 3317 2336 3385 qui
2357 3316 2659 3370 stabamus
2679 3315 2736 3368 in
2753 3315 2944 3369 littore
2958 3331 3064 3369 nos
3079 3313 3354 3370 continuo
3379 3314 3798 3384 demergendos

2157 3405 2549 3459 crederemus.
2583 3403 2865 3458 Caeterum
2917 3401 3416 3457 mrumnosissimo
3458 3402 3593 3457 inde
3622 3419 3794 3457 cursu

2158 3494 2607 3546 transt‘retantes
2655 3506 2802 3562 aegre
2874 3489 3440 3560 Constantinopolim
3496 3491 3798 3544 tenuimus

2161 3584 2320 3634 sexta
2351 3579 2577 3633 decima
2606 3580 2699 3632 die
2731 3579 2953 3632 mensis
2983 3578 3249 3648 Augusti,
3283 3583 3341 3633 et
3362 3579 3613 3649 primum
3642 3579 3798 3633 adito

2162 3667 2512 3739 patriarcha,
2550 3667 2647 3720 ubi
2681 3683 2806 3736 qua
2839 3667 3204 3736 contigerant
3247 3667 3578 3730 retulimus,
3622 3682 3797 3737 quam

2164 3755 2467 3825 potuimus
2500 3756 2913 3810 ardentissime
2942 3755 3108 3809 illum
3159 3756 3453 3810 oravimus
3486 3760 3549 3808 ut
3602 3771 3703 3825 pro
3734 3770 3804 3809 ea

2163 3860 2280 3913 qua
2309 3843 2524 3898 valeret
2543 3860 2650 3913 apu
2663 3845 2694 3896 d
2713 3844 3118 3913 imperatorem
3135 3843 3484 3898 auctoritate
3501 3846 3721 3913 gratiaq
3733 3858 3804 3895 ue

2163 3931 2333 3985 nobis
2366 3932 2596 3985 adesset
2628 3947 2755 4001 quae
2784 3943 2914 3986 acta
2965 3937 3131 3986 erant
3181 3931 3680 3991 renuntiantibus,
3739 3945 3804 3984 ac

2165 4019 2212 4073 si
2241 4020 2377 4090 quid
2399 4019 2729 4074 necessario
2749 4020 3075 4075 diceremus
3098 4019 3248 4088 quod
3274 4019 3520 4090 Augusti
3541 4019 3803 4072 animum

2167 4113 2468 4177 pungerct,
2504 4107 2776 4162 deliniret
2808 4107 2930 4177 ipse
2961 4123 3215 4177 praesens
3246 4124 3361 4178 qua
3389 4107 3620 4162 valebat
3662 4111 3804 4171 arte,

2167 4202 2340 4266 atque
2373 4200 2436 4248 ut
2466 4200 2676 4250 cuncta
2707 4197 2838 4250 boni
2875 4195 3206 4250 consuleret
3235 4197 3399 4251 daret
3429 4211 3684 4266 operam.
3712 4195 3807 4248 Fe-

2167 4284 2246 4337 cit
2276 4283 2569 4336 cumulate
2609 4283 2763 4353 quod
2791 4282 3088 4353 petiimus;
3125 4299 3309 4353 eoque
3343 4299 3472 4337 mox
3529 4298 3806 4336 successu

2168 4388 2302 4425 eum
2339 4371 2691 4442 imperatore
2720 4371 2971 4442 egimus,
3005 4377 3064 4425 ut
3117 4371 3214 4426 ille
3266 4371 3529 4441 placatus
3566 4370 3808 4424 Arsenio

2170 4464 2519 4529 acceptaque
2549 4459 2884 4514 defensione
2915 4459 3101 4530 ipsius
3131 4458 3282 4514 ultro
3303 4459 3657 4530 significaret
3690 4473 3810 4513 cre-

423 4555 539 4609 Nos
569 4558 761 4608 autem
788 4552 888 4607 illo
921 4553 1132 4607 iterum
1167 4551 1444 4623 postridie
1477 4555 1774 4616 convento,
1800 4557 1857 4606 et
1900 4554 2058 4607 omni
2089 4563 2136 4626 θ
2169 4547 2302 4600 dere
2347 4563 2428 4613 se,
2461 4547 2510 4601 8i
2564 4547 2699 4615 Quid
2733 4549 2804 4600 de
2861 4547 3264 4617 conjuratione
3296 4547 3352 4601 in
3411 4547 3587 4602 vitam
3640 4561 3808 4600 suam

424 4661 490 4698 eo
516 4643 672 4714 quod
703 4643 923 4712 sperari
973 4641 1157 4712 potuit
1186 4641 1407 4706 effecto,
1462 4657 1492 4695 e
1524 4645 1691 4711 portu
1749 4640 2056 4696 confestim

423 4731 728 4795 solvimus,
761 4734 816 4785 et
848 4729 1036 4784 valido
1067 4730 1372 4798 ingruente
1404 4730 1580 4783 Borea
1626 4729 1683 4782 in
1745 4729 2058 4785 Occiduam

423 4819 626 4873 insulae
651 4817 1024 4883 oram,satius
1042 4818 1314 4872 duximus
1335 4817 1601 4887 navigare
1621 4818 2058 4888 protegentibus

426 4907 742 4961 montibus.
771 4911 840 4960 At
870 4905 1181 4960 vehemens
1212 4909 1410 4960 coorta
1467 4905 1724 4974 procella
1755 4911 1860 4973 est,
1897 4907 2056 4961 intu-

426 4997 686 5065 muitque
717 4999 1072 5048 commotum
1108 4992 1363 5063 amplius
1398 5009 1574 5046 mare.
1627 4992 1814 5054 Quare
1865 4995 2056 5048 navim

423 5100 572 5154 aagre
603 5082 994 5153 applicuimus
1028 5082 1097 5136 ad
1126 5081 1319 5135 locum
1353 5079 1788 5134 Galenolimena
1832 5097 2057 5137 nuncu-

426 5178 648 5242 patum,
682 5171 848 5240 quasi
914 5173 1144 5239 portum
1208 5183 1477 5221 serenum
1537 5167 1778 5221 diceres.
1840 5169 2059 5223 Accolae

421 5258 880 5329 linguavulgari,
897 5261 1171 5325 corrupto
1187 5259 1371 5308 vetere
1386 5253 2058 5321 vocabulo,Galilolimen

423 5346 741 5418 appellant.
767 5345 992 5414 Magnis
1026 5343 1104 5397 ibi
1137 5342 1410 5414 periculis
1441 5359 1649 5397 sumus
1681 5345 1939 5411 exerciti,
1999 5345 2056 5398 in

420 5451 670 5505 pccnam,
697 5433 920 5503 opinor,
956 5448 1071 5486 non
1104 5431 1293 5503 petitae
1323 5434 1377 5484 et
1407 5435 1650 5501 acceptae
1675 5449 1706 5485 a
1733 5433 2060 5502 patriarcha

422 5524 480 5577 in
509 5523 774 5591 digressu
795 5520 1234 5575 benedictionis.
1258 5519 1413 5582 Quod
1445 5519 1627 5573 facere
1651 5521 2056 5592 unusquisque

422 5608 724 5681 sigillatim
740 5608 1087 5678 voluerat,ut
1101 5614 1316 5679 postea,
1337 5607 1393 5664 in
1408 5607 1542 5664 mali
1559 5624 1735 5664 sensu
1752 5625 1878 5665 sero
1903 5609 2056 5665 289

2171 4635 2318 4689 facta
2349 4635 2710 4702 cognovisset
2759 4635 3064 4695 Arsenius.
3098 4639 3441 4689 cenaturum
3465 4652 3595 4690 eum
3631 4635 3810 4689 fuisse

2168 4725 2503 4792 coniuratos
2534 4740 2566 4776 a
2598 4723 2819 4777 nefario
2853 4729 3039 4792 co-pto
3100 4729 3396 4789 avertere;
3435 4723 3807 4794 siluisseque,

2167 4813 2214 4865 si
2243 4814 2380 4884 quid
2415 4814 2620 4867 horum
2656 4815 2830 4876 novit,
2853 4812 3010 4867 abiis
3033 4813 3364 4867 indicandis
3396 4812 3678 4882 religione
3708 4829 3805 4866 co-

2167 4901 2416 4956 hibitum
2441 4903 2715 4972 quadarn,
2737 4902 2884 4970 quod
2915 4918 3079 4956 suam
3107 4901 3250 4955 forte
3277 4918 3583 4972 personam
3609 4902 3810 4956 decere

2169 5006 2279 5043 non
2317 4994 2546 5060 putaret
2577 4989 2805 5042 irritare
2839 4989 3158 5059 principem
3203 4989 3261 5042 in
3295 4989 3566 5044 subditos
3599 4989 3804 5043 horum

2171 5079 2225 5132 in
2261 5079 2452 5149 ipsum
2491 5077 3025 5132 machinationibus
3058 5077 3140 5131 illi
3167 5077 3633 5133 manifestandis.
3660 5082 3805 5132 Prae-

2166 5170 2324 5220 terea
2355 5165 2528 5220 simul
2562 5165 2785 5219 audivit
2815 5182 2847 5220 a
2871 5165 3038 5219 nobis
3054 5169 3372 5235 egestatem
3392 5165 3806 5236 miseriamque

2169 5271 2285 5325 qua
2316 5254 2408 5307 ille
2446 5254 2503 5308 in
2545 5253 2746 5309 exsilio
2808 5253 3269 5317 conﬂictabatur,
3329 5255 3471 5308 adeo
3507 5259 3696 5308 motus
3749 5255 3804 5309 in

2171 5341 2631 5397 misericordiam
2665 5347 2754 5396 est
2787 5346 2848 5396 ut
2897 5341 3091 5396 statim
3144 5341 3380 5410 juberet
3433 5346 3724 5397 trecentos
3755 5343 3804 5398 ei

2172 5448 2444 5487 nummos
2463 5432 2769 5486 annuosad
2787 5431 2875 5486 sui
2901 5447 3260 5501 suorumque
3280 5430 3496 5485 victum
3515 5431 3802 5503 assignari

2170 5521 2605 5590 afﬁrmaretque
2660 5520 2720 5574 in
2763 5519 3188 5574 excusationem
3247 5519 3801 5589 suam,juramento

2168 5611 2344 5665 etiam
2379 5607 2740 5681 interposito,
2791 5625 2853 5664 se
2911 5624 3071 5678 prius
3104 5610 3476 5664 decreturum
3529 5609 3643 5681 ipsi
3673 5625 3800 5665 eam
