4158 6280
384 323 494 378 737

1443 336 1538 388 DE
1576 334 1945 388 MICHAELE
1982 331 2424 388 PALEOLOGO
2459 333 2593 388 LIB.
2635 334 2730 388 IV.

3670 334 3776 390 638

382 447 611 504 θέλοντα
662 449 910 525 δέχεσθαι
965 454 1026 507 τὸ
1088 455 1163 526 μή
1211 453 1457 510 δεδόσθαι
1507 456 1764 526 ἧν,τὲως
1826 452 1880 509 δὲ
1926 456 2016 509 καὶ
2051 456 2368 531 Αγενὲσθαι
2416 457 2560 531 παρά
2617 476 2674 509 τε
2729 459 2824 510 τοῦ
2881 455 3222 532 πατριάρχου
3291 454 3380 510 καὶ
3438 458 3616 526 πάσης
3677 464 3776 526 τῆς

385 537 536 600 αὖθις
589 536 802 594 δεδιότα
852 542 928 612 μὴ
979 540 1125 603 ὅπως
1188 541 1426 619 δέχοιτο,
1466 546 1911 620 προσανατιθὲναι
1958 549 2025 619 τῇ

384 623 640 701 δεσποίνῃ
671 629 769 696 τὴν
828 629 1115 705 χορηγίαν,
1149 629 1228 707 ἐφ’
1261 631 1305 703 ᾦ
1340 632 1498 686 αὐτὸν
1564 633 1656 705 μὲν
1709 632 2027 688 ἀποστεῖλαι

381 716 470 768 καὶ
495 713 644 778 αὖθις
675 714 869 789 φίλους
900 715 1088 788 ἐκείνῳ
1117 720 1508 792 νομιζομένους
1569 723 1704 775 κατά
1759 743 1876 775 τινα
1933 723 2032 789 τὴν

385 803 480 856 ἀπ’
564 801 724 857 αὐτοῦ
809 807 1149 878 παραμυθίαν
1200 828 1257 861 τε
1312 809 1398 862 καὶ
1457 808 1756 882 εὐμένειαν,
1812 813 1910 878 τήν
1975 807 2031 863 δὲ

384 887 666 944 δέσποιναν
731 892 845 963 μετ’
878 891 1095 947 ἐκείνων
1151 896 1382 968 πέμπειν
1444 895 1516 954 ὠς
1576 899 1665 974 ἀφ’
1714 898 1909 966 ἑαυτῆς
1965 898 2032 952 τὶ

382 978 716 1052 νομίσματα.
746 981 808 1033 ⁸0
866 979 932 1049 δὴ
991 973 1078 1036 καὶ
1141 986 1255 1055 μετ’
1287 983 1352 1038 οὐ
1406 983 1549 1039 πολὺ
1583 987 1906 1059 πέπρακται,
1939 985 2029 1040 καὶ

385 1065 818 1123 ἀποστέλλονται
859 1071 886 1123 ὁ
929 1077 1028 1139 τῆς
1062 1071 1388 1142 Ἑκκλησίας
1448 1074 2029 1150 ὑπομνηματογράίφος

391 1157 672 1229 Γεμιστὸς,
719 1157 746 1211 6
801 1163 897 1212 τοῦ
957 1159 1242 1234 βασιλικοῦ
1298 1160 1510 1236 κλήρου
1569 1160 1952 1236 λαμπαδάριος
2003 1165 2029 1217 6

386 1244 711 1314 Οἲναιώτης,
770 1247 857 1300 καὶ
945 1247 1124 1322 τρίτος
1189 1249 1216 1302 ὁ
1271 1256 1369 1318 τῆς
1427 1251 1593 1325 Ἰερᾶς
1671 1251 2032 1326 ἰερομόναχος

388 1331 630 1408 Μάρκος,
669 1331 857 1409 ἄνδρες
914 1334 972 1389 ἐκ
1021 1338 1256 1392 παλαιοῦ
1309 1337 1460 1406 φίλοι
1513 1339 1699 1411 ἐκείνῳ
1749 1341 1816 1394 τὰ
1867 1338 2032 1412 μάλι-

390 1441 509 1488 στα,
535 1423 616 1483 οἷς
653 1418 719 1491 δὴ
751 1423 839 1475 καὶ
890 1424 1034 1498 παρᾶ
1082 1431 1181 1494 τῆς
1243 1423 1532 1496 δεσποίνης
1589 1427 1654 1481 τὰ
1703 1427 1779 1488 εἷς
1838 1429 2028 1502 χρείαν

387 1508 904 1567 συναπεστέλλοντο.
960 1516 1048 1583 Τῷ
1109 1513 1202 1584 μὲν
1264 1511 1354 1567 οὖν
1426 1514 1640 1588 βασιλεῖ
1699 1514 1797 1568 οὐκ
1851 1517 1916 1584 ἦν
1978 1516 2030 1578 ἐς

385 1601 646 1652 τοσοῧτον
700 1599 768 1653 τὰ
817 1605 918 1668 τῆς
959 1599 1223 1670 σπουδῆς,
1256 1601 1401 1656 ἀλλᾶ
1429 1603 1516 1656 καὶ
1547 1605 1608 1657 τὸ
1639 1601 1804 1657 πλέον
1865 1625 2033 1679 προσ-

382 1687 654 1755 επεζήτει,
691 1685 904 1758 μᾶλλον
965 1687 1020 1742 δὲ
1075 1691 1161 1743 καὶ
1217 1689 1282 1744 οὗ
1338 1690 1496 1765 χάριν
1537 1693 1685 1746 ταῦτ’
1717 1691 2028 1767 ἐπράττετο.

2135 542 2480 618 συνόδοο,τὸν
2517 542 2572 598 δὲ
2613 543 2846 599 λύσαντα
2883 545 3159 621 ὑφεωρᾶτο
3198 546 3271 617 μὴ
3304 545 3393 598 καὶ
3427 542 3570 615 δόξοι
3603 544 3776 600 ἄλυτα

2133 631 2276 686 λύων
2311 632 2369 688 ἐκ
2397 637 2492 688 τοῦ
2525 633 2659 706 πρὸς
2709 633 2912 688 ἐκεῖνον
2963 634 3054 687 τὸν
3112 630 3242 686 λαὸν
3285 631 3569 708 ὀλιγώρως
3629 627 3682 710 ἔ)
3704 655 3777 687 ειν

2130 721 2288 774 τοῦτο
2355 722 2447 793 μὲν
2511 718 2600 774 διὰ
2655 722 2716 775 τὸ
2778 722 2852 792 μή
2919 720 3001 774 ἐπ’
3049 719 3236 792 ἐκείνῳ
3286 719 3779 798 πληροφορεῖσθαι,

2130 814 2289 863 τοῦτο
2325 807 2380 863 δὲ
2409 810 2497 863 καὶ
2532 809 2620 864 διὰ
2663 812 2763 878 τὴν
2825 810 3232 885 ἐμφαινομένην
3290 813 3386 863 τοῦ
3439 809 3629 882 θρόνου
3693 830 3783 882 με-

2131 897 2365 952 τάθεσιν.
2397 897 2458 952 Ὀ
2509 894 2556 950 δ’
2589 895 2792 957 ἐννοίας
2848 897 3103 956 τοιαύτας
3153 892 3485 952 ὑποϐαλλων
3547 902 3626 968 τῷ
3685 899 3781 972 βα-

2135 983 2278 1038 σιλεῖ
2307 986 2334 1039 6
2367 982 2638 1052 87,)tm05ic
2698 984 2975 1053 Γαλησίου
3032 986 3098 1053 ἦν
3129 987 3350 1062 Ἰωσήφ,
3384 986 3442 1046 ’ὀς
3503 985 3562 1039 οὐ
3619 985 3780 1040 τόσον

2136 1071 2454 1146 ὑπερεπάθει
2507 1076 2604 1126 τοῦ
2660 1071 2936 1144 Ἀρσενίου
2996 1071 3120 1126 ὅσον
3183 1078 3264 1144 τῷ
3322 1077 3578 1148 Γερμανῷ
3639 1074 3785 1144 ἀπη-

2135 1162 2365 1235 χθάνετο
2393 1157 2480 1214 διὰ
2507 1161 2605 1228 τήν
2641 1159 2700 1214 ἐκ
2727 1160 2918 1233 Θρόνου
2967 1165 3222 1214 ταπεινοῦ
3282 1161 3358 1222 εἰς
3413 1162 3504 1216 τὸν
3558 1161 3785 1233 ὑπέρτα-

2135 1269 2226 1301 τον
2279 1245 2627 1317 ἐπιπήδησιν.
2674 1251 2758 1317 Τῷ
2810 1267 2895 1300 τοι
2943 1247 3032 1300 καὶ
3091 1247 3337 1320 ἐσχίζετο
3400 1250 3492 1319 μὲν
3555 1249 3787 1318 ἐκεῖνος,

2141 1335 2382 1390 {nrt-cem
2413 1333 2469 1389 δὲ
2520 1335 2609 1389 καὶ
2667 1339 2747 1406 τῷ
2804 1336 3020 1408 βασιλεῖ
3076 1335 3136 1388 οὐ
3190 1334 3362 1396 καλὰς
3400 1335 3605 1396 ἐννοίας
3661 1336 3785 1411 περὶ

2137 1421 2341 1477 ἐκείνου
2392 1425 2466 1486 ὡς
2520 1425 2584 1476 οὐ
2645 1421 2924 1494 λόσοντος,
2960 1421 3017 1476 ἄν
3074 1443 3134 1498 γε
3172 1423 3261 1477 καὶ
3295 1422 3418 1478 λόοι
3453 1441 3467 1455 ⁶
3502 1421 3625 1478 οὕτε
3677 1425 3780 1498 γὰρ

2138 1510 2321 1564 ἱκανὸν
2374 1511 2502 1564 εἶναι
2551 1514 2710 1564 τοῦτο
2767 1511 2912 1585 παρᾶ
2969 1515 3086 1582 Θεῷ
3167 1511 3257 1564 καὶ
3329 1509 3611 1585 αὔταρκες,
3674 1510 3786 1566 οὔτ’

2139 1599 2550 1672 ἀκατάγνωστον
2600 1603 2678 1669 τῷ
2741 1599 2975 1674 βασιλεῖ.
3007 1600 3097 1659 Ὡς
3145 1604 3272 1674 γοῦν
3299 1601 3448 1654 ταῦτ’
3475 1598 3654 1676 ἔλεγεν
3713 1601 3786 1662 ὡς

2139 1687 2188 1742 ἐν
2253 1689 2562 1763 ἀνθρώποις
2639 1689 2712 1750 ei:
2793 1688 2997 1764 πατέρα
3077 1688 3402 1762 τεταγμένος
3473 1689 3640 1761 αὐτῷ,
3695 1690 3785 1744 καὶ

381 1772 458 1828 Τὸ
491 1769 620 1841 δ’ἦν
652 1771 754 1848 ἄρα
787 1771 912 1829 ὅσον
944 1773 994 1830 ἐν
1028 1773 1236 1849 σπουδῇ
1296 1776 1502 1832 ἐκείνου
1559 1783 1654 1833 τοῦ
1713 1780 2028 1848 ἀνυσθῆναι,
2064 1803 2106 1866 Β
2142 1777 2342 1840 πείθειν
2403 1777 2469 1844 ἦν
2525 1777 2726 1831 ἐκεῖνον
2782 1776 2841 1830 ἐκ
2893 1781 2988 1830 τοῦ
3045 1777 3346 1852 προχείρου
3400 1783 3490 1831 καί
3543 1775 3611 1831 δι’
3642 1775 3788 1832 ἄλλα

378 1858 542 1912 τόσον
597 1858 649 1914 ἐν
711 1861 912 1936 ἀπορίᾳ
965 1868 1061 1916 τοῦ
1118 1868 1235 1925 πῶς
1289 1862 1349 1918 ἂν
1411 1865 1657 1935 ἀνυσθείη
1741 1866 1831 1920 καὶ
1887 1867 2032 1940 παρᾶ

383 1945 549 2010 τίνος.

386 2053 471 2120 ιζ’.
502 2054 690 2116 "Ome:
723 2055 750 2109 6
785 2055 1037 2130 βασιλεὺς
1071 2052 1387 2130 ἐϐουλεύετο
1417 2058 1484 2130 τὰ
1531 2058 1653 2130 περὶ
1709 2066 1808 2128 τῆς
1839 2061 2028 2115 ἑαυτοῦ

851 2123 1077 2195 λύσεως,
1109 2129 1198 2182 καὶ
1232 2129 1368 2202 πρὸς
1397 2129 1566 2190 τίνος.

454 2213 655 2275 "Hes/ts
704 2215 788 2286 [P.
824 2217 942 2287 196]
999 2217 1093 2288 μὲν
1152 2217 1242 2271 οὖν
1302 2218 1400 2285 τὴν
1459 2215 1555 2272 τοῦ
1615 2215 1816 2291 δεσμόῦ
1877 2220 2029 2273 Λύσιν

389 2446 690 2486 summam
719 2431 920 2497 fuisse,
957 2433 1008 2487 si
1041 2439 1335 2504 sperasset
1365 2434 1564 2489 induci
1593 2451 1725 2490 eum
1761 2451 1934 2506 posse
1960 2436 2033 2490 ad

385 2517 561 2574 istam
584 2535 616 2572 a
639 2535 701 2574 se
722 2521 1063 2590 pensionem
1081 2523 1496 2592 acceptandam
1520 2524 1649 2591 ;sed
1673 2539 1805 2578 cum
1829 2539 2034 2594 super-

398 2605 637 2661 stitione
694 2624 885 2678 tpsum
919 2611 1174 2679 quadam
1206 2610 1518 2666 abhorrere
1561 2629 1594 2666 a
1625 2612 2036 2666 communione

391 2709 740 2765 quacunque
769 2712 970 2751 secum
1003 2697 1158 2752 890
1190 2697 1560 2768 intelligeret,
1594 2698 1856 2769 ingerere
1879 2699 2034 2770 quod

397 2783 814 2852 scrupulosum
847 2801 1049 2840 senem
1080 2785 1393 2840 offenderet
1425 2803 1538 2841 non
1568 2803 1800 2841 ausum.
1833 2788 1912 2841 Ac
1963 2803 2035 2841 ne

398 2885 552 2924 nunc
593 2872 829 2940 quidem
879 2874 1024 2929 velle
1074 2874 1405 2931 molestiam
1457 2877 1742 2948 facessere
1785 2877 2032 2930 infirma

396 2956 649 3014 hominis
678 2961 1066 3032 conscientiae,
1101 2963 1347 3034 ideoque
1380 2968 1731 3020 metuentem
1768 2981 1838 3019 ne
1869 2981 2032 3020 recu-

395 3050 553 3100 saret
599 3051 995 3105 necessarium
1039 3051 1370 3108 subsidium
1401 3053 1450 3107 si
1483 3071 1589 3108 suo
1638 3053 1752 3122 ipsi
1796 3053 2032 3109 nomine

391 3133 716 3205 offerretur,
750 3140 1080 3194 consentire
1110 3157 1172 3195 se
1203 3145 1265 3195 ut
1303 3141 1359 3195 id
1383 3141 1658 3212 Augustae
1681 3141 2023 3212 imputetur.

389 3221 652 3292 Denique
679 3225 820 3279 velle
851 3241 914 3280 se
945 3227 1100 3281 mitti
1131 3228 1202 3282 ad
1234 3245 1368 3282 eum
1427 3227 1655 3300 aliquos
1716 3245 1784 3283 ex
1824 3229 2028 3284 amicis

388 3311 516 3374 ejus
549 3311 619 3364 ad
653 3314 968 3382 quamdam
1012 3315 1334 3370 calamitosi
1367 3317 1525 3371 senis
1571 3316 2028 3372 consolationem

388 3401 448 3450 et
476 3401 917 3466 recreationem,
949 3407 1006 3456 et
1031 3402 1104 3456 iis
1127 3403 1471 3459 deferendos
1515 3405 1587 3458 ad
1636 3404 1829 3475 ipsum
1876 3405 2028 3460 tradi

393 3487 680 3540 trecentos
711 3485 840 3540 illos
873 3505 1144 3543 nummos
1189 3493 1470 3560 tanquam
1504 3492 1748 3546 donatos
1796 3491 1870 3547 ab
1924 3494 2031 3547 Au-

389 3576 583 3640 gusta,
616 3589 750 3628 cum
782 3580 938 3630 certa
968 3577 1362 3646 promissione
1392 3579 1664 3633 rediturae
1712 3580 2029 3650 quotannis

390 3659 464 3713 ab
495 3662 696 3716 eadem
730 3679 907 3718 manu
940 3665 1098 3734 paris
1129 3682 1391 3720 summae.
1426 3667 1487 3721 Id
1520 3668 1674 3737 quod
1725 3685 1842 3723 non
1885 3672 2031 3724 mul-

401 3754 460 3803 to
494 3756 624 3819 post
656 3752 735 3806 ita
791 3754 1009 3808 factum
1068 3759 1174 3809 est.
1237 3754 1498 3825 Delegati
1555 3757 1712 3811 enim
1761 3759 1828 3812 ad
1859 3759 2030 3812 Arse-

394 3837 557 3894 nium
598 3846 736 3895 sunt
785 3842 1053 3899 Ecclesiae
1111 3844 1665 3900 Commentariensis
1706 3846 2025 3916 Gemistus,

393 3943 647 3998 cumque
680 3931 784 3984 hoc
831 3931 976 4002 regii
1033 3931 1170 3986 cleri
1225 3931 1622 4003 lampadarius
1663 3934 1930 3990 OEnmota
1972 3938 2028 3990 et

392 4015 606 4070 tertiua
633 4019 937 4074 monaterii
981 4020 1158 4074 Ilieraa
1210 4020 1348 4074 dicti
1399 4021 1721 4076 monachus
1771 4022 2024 4092 Marcus,

394 4102 503 4157 viri
546 4121 749 4161 omnes
789 4106 901 4178 ipsi
932 4107 1070 4162 olim
1105 4109 1474 4177 charissimi;
1524 4109 1623 4180 qui
1655 4114 1714 4165 et
1743 4127 2025 4166 memora-

399 4197 524 4247 tum
557 4193 670 4264 ipsi
703 4195 776 4250 ab
807 4197 1068 4268 Augusta
1098 4197 1428 4253 subsidium
1460 4203 1862 4270 apportarunt.
1887 4201 2022 4263 Qua

393 4295 526 4335 cum
558 4281 734 4339 altius
765 4290 991 4356 reputo,
1016 4286 1285 4356 suspicor
1314 4286 1586 4359 equidem
1636 4303 1750 4342 non
1772 4287 1878 4342 hoc
1904 4293 2026 4343 tan-

387 4372 512 4424 tum
545 4371 603 4425 in
634 4388 831 4427 senem
854 4389 1055 4443 parum
1086 4375 1196 4430 sibi
1226 4392 1457 4446 aequum
1482 4375 1748 4432 studium
1778 4393 1846 4430 ex
1875 4376 2025 4431 sola-

388 4461 510 4513 tum
558 4459 932 4517 miseratione
979 4461 1318 4534 imperatori
1360 4470 1566 4520 natum
1615 4482 1764 4531 esse,
1798 4463 2018 4519 homini

2144 1865 2238 1937 μὲν
2296 1866 2433 1940 πρὸς
2488 1865 2548 1919 τὸ
2607 1863 2784 1919 δοκεῖν
2835 1865 3009 1936 ἱκανὰ,
3046 1865 3282 1936 μάλιστα
3339 1863 3397 1920 δὲ
3437 1866 3527 1920 καὶ
3559 1865 3641 1920 ὅτι
3699 1866 3785 1921 ἐπ’

2139 1953 2327 2025 ἐκείνῳ
2358 1953 2824 2028 πεπληροφόρητο
2871 1954 2937 2007 τὰ
2985 1952 3171 2007 πολλὰ
3227 1955 3386 2025 πατρί
3444 1974 3506 2029 γε
3555 1960 3784 2026 νομιζο-

2143 2043 2307 2115 μὲνῳ,
2341 2041 2392 2096 ἐν
2436 2041 2662 2103 ἐννοίαις
2695 2043 2723 2096 6
2753 2046 2962 2114 κρατῶν
3006 2043 3098 2114 ἦρ,
3131 2042 3220 2095 καὶ
3272 2041 3488 2113 μᾶλλον
3550 2041 3631 2096 ὅτι
3689 2045 3779 2096 καὶ

2136 2132 2198 2185 τὸ
2247 2130 2455 2205 σχίσμα
2514 2128 2684 2184 πλέον
2741 2129 2946 2206 ἐγένετο
2999 2128 3086 2183 διὰ
3138 2132 3236 2198 τήν
3322 2132 3620 2201 μετάθεσιν,
3680 2130 3780 2185 κᾶν

2137 2218 2339 2281 ἐκεῖνος
2398 2215 2778 2293 κατωλιγώρει
2825 2225 2927 2286 τῆς
2986 2217 3060 2279 εἰς
3113 2217 3266 2272 αὐτὸν
3317 2212 3524 2291 ὕϐρεως
3577 2219 3666 2273 καί
3722 2240 3784 2294 γε

2144 2436 2307 2490 dum.
2341 2441 2417 2493 De
2449 2436 2783 2507 patriarcha
2833 2436 3150 2492 verebatur
3197 2453 3268 2492 ne
3319 2453 3526 2507 parum
3561 2453 3625 2493 eo
3656 2453 3786 2494 exo-

2143 2527 2326 2579 rando
2357 2525 2681 2595 proficeret,
2720 2525 2846 2595 ipso
2878 2524 3126 2580 libenter
3159 2525 3398 2596 quidem
3433 2541 3786 2594 assensuro;
3826 2532 3830 2536 ’

2143 2614 2243 2668 sed
2276 2615 2552 2684 quoniam
2585 2614 2793 2686 exigua
2820 2615 2948 2684 ejus
2979 2614 3135 2685 apud
3182 2614 3460 2684 populum
3492 2619 3550 2669 et
3599 2615 3790 2685 gratia

2142 2706 2266 2755 erat
2294 2705 2350 2754 et
2379 2702 2717 2766 auctoritas,
2760 2702 3090 2757 timendum
3135 2703 3432 2757 videretur
3459 2719 3532 2757 ne
3565 2701 3785 2758 invidia

2143 2789 2398 2843 auctoris
2431 2794 2623 2844 aetum
2657 2790 2982 2844 infirmaret
3028 2798 3082 2844 et
3131 2789 3308 2845 talem
3360 2791 3786 2846 absolutionem

2143 2895 2246 2947 pro
2290 2877 2451 2932 nulla
2509 2878 2770 2949 plerique
2828 2878 3109 2948 irritaque
3157 2879 3460 2947 haberent,
3511 2883 3788 2949 tanquam

2143 2964 2321 3020 latam
2357 2965 2427 3019 ab
2459 2965 2696 3021 homine
2728 2967 2898 3037 cujus
2930 2966 3263 3021 auctoritati
3290 2983 3495 3036 parum
3519 2967 3787 3034 fiderent,

2143 3058 2205 3108 et
2235 3054 2305 3107 de
2337 3071 2451 3124 quo
2483 3071 2554 3108 an
2589 3053 2846 3125 legitime
2879 3059 3182 3125 promotus
3213 3059 3390 3126 esset,
3423 3057 3660 3126 propter
3688 3071 3779 3109 ve-

2140 3141 2309 3196 titam
2357 3141 2682 3198 canonibus
2715 3143 2785 3197 de
2826 3143 3035 3197 throno
3067 3142 3124 3196 in
3159 3143 3407 3198 thonum
3445 3143 3786 3198 translatio-

2144 3247 2275 3284 nem
2327 3229 2675 3301 abigeretur.
2717 3232 2937 3285 Auctor
2957 3235 3015 3285 et
3044 3231 3189 3286 291
3235 3235 3543 3301 suggestor
3569 3231 3778 3300 hujus-

2140 3317 2776 3373 modisollicitudinum
2803 3325 2838 3371 A
2855 3323 3065 3390 ugusto
3092 3318 3200 3372 f'uit
3217 3336 3395 3389 supra
3410 3324 3772 3373 memoratus

2140 3405 2354 3475 Joseph
2401 3405 2612 3461 Galesii
2659 3407 2981 3476 praefectus,
3017 3423 3128 3461 non
3165 3412 3282 3462 tam
3318 3406 3414 3461 ille
3446 3407 3681 3477 quidem
3721 3407 3779 3459 in

2142 3493 2250 3547 hoc
2272 3493 2644 3548 miseratione
2666 3495 2721 3548 in
2746 3496 3054 3550 Arsenium
3086 3496 3338 3564 quadam
3378 3501 3571 3550 motus
3605 3510 3783 3566 quam

2139 3578 2451 3650 indulgens
2465 3581 2706 3634 minime
2719 3582 2921 3636 dissim
2934 3581 3089 3636 ulato
3122 3583 3400 3636 adversus
3431 3582 3783 3637 Germanum

2139 3669 2467 3738 edio,quem
2492 3667 2680 3737 palam
2704 3669 2978 3740 culpabat
3002 3671 3167 3740 quasi
3193 3687 3222 3724 e
3245 3671 3380 3724 sede
3404 3671 3698 3726 humiliori
3722 3670 3780 3725 in

2141 3773 2476 3826 supremam
2531 3756 2678 3811 saltu
2729 3759 3035 3812 ambitioso
3067 3775 3171 3813 nec
3220 3775 3326 3828 per
3383 3776 3580 3814 sacras
3625 3759 3782 3830 leges

2140 3863 2414 3901 concesso
2447 3845 2923 3900 transcendisset.
2958 3846 3118 3900 Unde
3156 3863 3288 3900 cum
3314 3863 3376 3901 se
3398 3847 3522 3917 ipse
3547 3847 3618 3900 ab
3649 3848 3777 3916 ejus

2139 3933 2548 3988 communione
2579 3933 2921 4005 segregavit,
2958 3938 3082 3986 tum
3137 3935 3280 3988 istas
3332 3950 3481 4004 quas
3517 3934 3635 3988 dixi
3685 3935 3784 3988 ad-

2139 4037 2336 4077 versas
2367 4022 2652 4077 Germano
2685 4022 3065 4092 cogitationes
3097 4024 3272 4092 atque
3306 4021 3646 4076 formidines
3671 4021 3776 4076 im-

2140 4111 2422 4181 peratoris
2453 4110 2646 4165 animo
2695 4108 2963 4180 subjecit,
2991 4110 3371 4164 metuendum
3421 4111 3778 4164 denuntians

2143 4214 2212 4252 ne
2243 4214 2354 4252 non
2391 4198 2655 4253 idoneam
2699 4197 2796 4252 ille
2828 4197 3065 4252 haberet
3111 4195 3368 4251 solvendi
3409 4202 3774 4268 potestatem,

2140 4303 2206 4342 ac
2238 4287 2388 4357 quod
2423 4291 2544 4341 erat
2575 4287 2707 4342 inde
2749 4301 3136 4356 consequens,
3178 4285 3225 4339 si
3261 4302 3293 4339 a
3323 4285 3425 4339 tali
3466 4285 3778 4341 absolutus

2140 4375 2350 4429 fuisset
2373 4374 2817 4446 imperator,nec
2840 4375 2990 4444 apud
3012 4374 3191 4428 Deum
3210 4389 3314 4427 nec
3337 4374 3489 4443 apud
3515 4374 3781 4429 homines

2141 4479 2268 4517 vere
2291 4461 2437 4517 liber
2459 4479 2492 4517 a
2512 4463 2636 4516 diro
2659 4461 2890 4516 vinculo
2913 4466 3270 4516 censeretur.
3302 4463 3435 4523 Qum
3474 4465 3779 4530 Augustus

391 4548 592 4618 utique
624 4550 869 4606 minime
895 4525 1152 4623 simplici
1173 4559 1274 4608 aut
1297 4570 1478 4609 unum
1500 4559 1556 4610 et
1581 4525 1765 4610 cuivis
1791 4554 2024 4609 obvium
2058 4525 2104 4589 Β
2137 4551 2384 4605 audiens
2413 4550 2484 4605 ab
2516 4566 2581 4605 eo
2613 4567 2785 4620 quem
2819 4549 3000 4620 patris
3033 4548 3286 4604 habebat
3315 4548 3460 4612 loco,
3493 4525 3596 4602 cui
3628 4553 3685 4603 et
3715 4553 3782 4604 ut

389 4641 650 4704 spectare
686 4639 741 4693 in
773 4639 845 4694 iis
898 4657 1023 4710 quae
1076 4646 1273 4712 ageret
1320 4641 1528 4710 solito;
1581 4659 1760 4714 quare
1790 4648 1926 4712 puto
1959 4641 2027 4696 il-

387 4721 508 4777 lum
543 4724 671 4792 plus
705 4726 761 4781 in
797 4744 862 4782 eo
894 4727 1135 4799 vidisse,
1178 4735 1353 4801 atque
1384 4730 1494 4785 hoc
1525 4730 1676 4785 facto
1729 4730 2028 4785 studuisse

392 4813 618 4868 munire
650 4831 714 4868 ac
744 4814 1112 4886 complanare
1144 4817 1255 4873 sibi
1279 4819 1429 4873 viam
1457 4818 1526 4873 ad
1549 4818 1879 4888 antiquum,
1914 4835 2027 4890 quo

388 4899 608 4956 dudum
641 4903 934 4972 tendebat,
952 4921 1193 4977 scepum
1215 4906 1601 4961 absolutionis
1623 4906 2024 4977 impetranda);

386 5005 557 5058 quam
589 5007 711 5045 rem
744 4998 962 5062 quanto
995 4994 1395 5050 vehementius
1427 4995 1720 5066 cupiebat,
1755 4999 1916 5050 tanto
1942 5011 2027 5050 so-

386 5073 589 5132 lertius
621 5079 914 5151 cogitabat
956 5099 1210 5153 quanam
1258 5082 1476 5154 optime
1507 5084 1728 5140 ratione
1760 5089 1816 5138 et
1850 5101 1882 5139 a
1913 5099 2026 5153 quo

393 5165 618 5222 facilius
649 5167 1070 5242 honestiusque
1101 5177 1574 5243 consequeretur.

393 5270 478 5325 17.
509 5273 570 5329 ω
597 5275 782 5330 modos
819 5277 1099 5348 quaesierit
1154 5278 1459 5349 imperator
1501 5294 1622 5336 suae
1669 5279 2028 5334 absolutionis

869 5349 1240 5421 inpetrandw,
1272 5353 1320 5405 et
1359 5368 1393 5404 a
1423 5367 1547 5421 quo.

457 5430 890 5502 Cogitationum
923 5455 1093 5508 porro
1126 5439 1254 5510 ejus
1287 5455 1514 5494 summa
1564 5438 1621 5492 in
1671 5436 1727 5492 id
1763 5439 2027 5493 confere-

387 5515 589 5586 batur,
623 5525 712 5594 .ut
768 5527 1088 5582 curandum
1156 5527 1515 5583 existimaret
1571 5526 1716 5583 solvi
1771 5544 1896 5583 sese
1953 5527 2025 5582 ab

387 5605 778 5668 anathematis
807 5613 1038 5672 vinculo
1069 5631 1175 5688 per
1203 5615 1598 5690 patriarcham
1631 5621 1688 5673 et
1717 5633 1820 5689 per
1851 5632 2029 5688 syno-

2139 4639 2503 4694 conseientize
2528 4655 2644 4692 suae
2676 4637 2896 4694 arbitro
2926 4642 2982 4691 et
3014 4641 3077 4690 ut
3107 4637 3372 4691 omnium
3398 4653 3526 4708 quae
3554 4639 3623 4691 ad
3649 4653 3782 4708 pro-

2140 4727 2495 4782 curationem
2555 4730 2886 4797 spectarent
2938 4725 3271 4780 animarum
3335 4724 3781 4780 consultissima

2141 4817 2359 4888 passim
2393 4817 2590 4872 habito
2621 4815 2750 4870 fidei
2783 4815 3097 4886 plurimam
3130 4815 3642 4886 venerationisque
3671 4815 3780 4869 tri-

2138 4905 2370 4971 buebat,
2414 4904 2703 4960 anxietate
2751 4903 3102 4959 constrictus
3135 4909 3224 4957 est
3258 4904 3544 4969 maxima,
3601 4919 3780 4974 quam

2139 4995 2388 5049 subinde
2421 4994 2606 5064 magis
2657 4993 2960 5064 magisque
2992 4992 3334 5046 intendebat
3366 5008 3686 5064 augescens
3719 4991 3780 5047 in

2140 5084 2262 5138 dies
2295 5082 2552 5138 schisma
2583 5081 2902 5136 multorum
2939 5083 3009 5134 ob
3045 5079 3327 5134 invidiam
3376 5079 3780 5135 translationis

2139 5171 2408 5227 Germani
2443 5170 2918 5225 communionem
2959 5169 3382 5236 aversantium,
3415 5169 3542 5239 ipso
3575 5183 3781 5224 secure

2141 5259 2317 5315 nimis
2340 5259 2726 5314 indormiente
2763 5257 2987 5328 injuria:
3011 5275 3129 5312 sum
3161 5261 3356 5323 tantae,
3385 5273 3487 5311 nec
3528 5273 3781 5328 purgare

2140 5355 2238 5403 aut
2267 5347 2512 5402 delinire
2563 5346 2800 5403 omnino
2842 5345 3180 5418 gliscentem
3233 5343 3514 5398 invidiam
3567 5343 3689 5399 ulla
3721 5360 3783 5400 re

2138 5440 2401 5491 conante.
2436 5435 2578 5490 Nam
2615 5436 2846 5490 tametsi
2887 5449 3092 5490 omnes
3144 5431 3227 5485 illi
3280 5433 3616 5486 nuntiarent
3651 5447 3780 5502 quis

2138 5527 2340 5579 contra
2371 5523 2534 5577 illum
2571 5525 2911 5578 dicebantur
2971 5527 3026 5576 et
3085 5519 3323 5585 fiebant,
3373 5519 3592 5574 nemini
3645 5537 3780 5576 suc-

2139 5611 2387 5683 censuit,
2421 5609 2647 5666 nullum
2681 5606 3293 5682 eompescuit,nullum
3327 5607 3415 5662 vel
3439 5606 3777 5678 minimum,
