4162 6292
481 394 587 450 739

1776 389 2071 444 GEORGII
2109 391 2566 445 PACHYMERE

3772 393 3875 447 7-50

475 516 631 573 οὐδὲν
676 516 848 572 οὐδενὶ
920 514 1187 591 ἠνώχλει,
1251 514 1344 568 κᾶν
1406 514 1599 574 πάντες
1682 509 2327 587 προσηγγελλον.Ατὴν
2385 512 2853 589 Νοστογγόνισσαν
2915 511 3273 583 συνέστησανς
3333 513 3391 569 οὐ
3458 512 3696 588 βλέπεις
3753 515 3871 579 τοὺς

474 600 807 661 Μεταϐαλὼν
866 609 993 680 γοῦν
1047 612 1147 673 τῆς
1192 604 1419 677 γνώμης
1453 604 1479 656 6
1515 599 1765 676 βασιλεὺς
1821 599 1994 660 πολὺς
2049 601 2115 668 ἦν

472 694 840 771 ὀριγνώμενος
904 691 992 748 διὰ
1072 698 1239 748 ταῦτα
1323 692 1575 760 ἐκστῆναι
1630 694 1726 745 τοῦ
1785 689 1974 764 θρόνου
2026 690 2115 744 τὸν

470 783 767 857 Γερμανὸν,
797 779 891 836 κᾶν
930 783 1003 853 μή
1038 780 1088 851 ἐξ
1135 782 1325 835 ἑαυτοῦ
1389 780 1572 852 μαθὼν
1636 777 1954 846 ὑπεκσταῖη,
1991 775 2118 831 ἀλλ’

471 869 561 924 οῦν
626 869 796 925 ἄλλον
856 870 1209 945 ἐπιθαρῥῆσαι
1268 863 1659 940 συμϐουλεύειν
1744 865 1931 937 ἐκείνῳ
2015 865 2112 933 τὴν

473 959 855 1034 ὑποχώρησιν.
889 961 1151 1031 ’Ἑτοιμος
1183 955 1229 1010 δ’
1257 960 1319 1025 ἦν
1357 957 1431 1019 εἷς
1478 959 1637 1009 τοῦτο
1690 954 1751 1007 τὸ
1811 953 2115 1027 παραυτίκα

469 1048 496 1099 6
529 1046 751 1122 Ἰωσὴφ,
788 1042 933 1115 πλὴν
992 1045 1336 1122 ἀνεμφάτως,
1370 1043 1457 1097 καὶ
1513 1043 1586 1103 ὡς
1648 1041 1705 1094 ἂν
1765 1040 1974 1110 οἰηθείη
2032 1061 2112 1101 τις

467 1134 785 1207 ἀγνοοῦντος
816 1138 915 1187 τοῦ
950 1134 1215 1209 βασιλέως
1251 1152 1263 1163 ·
1300 1131 1499 1192 ἐκεῖνος
1551 1130 1652 1204 γάρ
1710 1131 1799 1183 καί
1853 1126 1905 1191 ἐς
1958 1125 2115 1190 τέλος

463 1223 561 1290 τὴν
599 1222 830 1296 ὑποψίαν
863 1220 1061 1291 ταύτην
1095 1224 1180 1290 [Ρ.
1220 1222 1341 1292 197]
1376 1216 1780 1292 διεφυλάττετο.

470 1383 561 1448 ιη’.
600 1384 786 1442 Ὅπως
963 1379 1160 1455 Ἰωσὴφ
1220 1382 1299 1455 τῷ
1386 1379 1646 1455 Γερμανῷ
1731 1369 2109 1428 συνεϐούλευεν

869 1447 1159 1511 ἀποθέσθαι
1190 1451 1286 1516 τὴν
1316 1447 1703 1522 πατριάρχίαν.

536 1593 639 1647 Καὶ
682 1589 748 1659 δὴ
805 1594 901 1646 τοῦ
966 1589 1231 1664 βασιλέως
1293 1586 1557 1658 ἐνδόντος,
1590 1586 1641 1639 ἐν
1701 1584 2036 1660 ἀπορρήτοις
2084 1584 2111 1637 ὁ

464 1683 667 1758 Ἰωσὴφ
696 1685 774 1751 τῷ
804 1684 1065 1754 Γερμανῴ
1096 1679 1336 1751 προσιὼν
1397 1676 1447 1729 ἐν
1484 1678 1591 1749 σχή
1605 1696 1730 1747 ματι
1793 1669 2111 1745 συμϐούλου

470 1773 715 1844 χρηστοῦ
771 1770 868 1837 τήν
929 1768 1294 1843 πατριαρχίαν
1355 1759 1734 1818 συνεϐούλευεν
1794 1762 2108 1818 ἀποθέσθαι.

2230 601 2507 675 μοναχοῦς
2539 603 3008 679 ἀποσοιτήσαντας
3039 607 3144 656 τὼν
3190 602 3386 674 μονῶν,
3423 605 3517 663 αἶς
3582 600 3870 677 ἐνίδρωσαν

2222 690 2614 765 ἐγγηράσαντες
2666 696 2785 753 τοῖς
2844 690 3158 760 ἀσκητικοῖς
3215 689 3431 759 πόνοιςς
3470 689 3525 744 εἴ
3559 687 3607 744 δ’
3669 691 3756 745 ἐπὶ
3811 698 3870 765 τῇ

2222 778 2463 853 Εὗλογίᾳ
2495 777 2730 853 θαρρεῖς,
2764 777 2890 832 ἀλλ’
2914 776 2999 832 ’ίδε
3027 780 3125 846 τὴν
3186 776 3425 855 ἀδελφὴν
3494 777 3670 847 αὐτῆς
3731 754 3872 853 Μὰρζ

2220 868 2334 937 θαν,
2389 865 2476 920 te;
2529 867 2623 928 τὰς
2676 866 2840 935 αὐτῆς
2893 866 3204 939 θυγατέρας,
3264 868 3410 929 ὅπως
3468 870 3555 937 τῷ
3613 868 3869 939 Ἀρσενίῳ

2220 959 2614 1032 προστετήκασι
2665 957 2754 1010 καὶ
2816 960 2909 1009 σοῦ
2968 956 3326 1030 ὀλιγωροῦσιν
3376 955 3453 1018 ὠς
3523 953 3782 1028 μηδενός.
3814 960 3870 1011 Οἱ

2221 1043 2277 1099 δὲ
2306 1045 2583 1117 κοσμιγοῖ,
2617 1043 2741 1098 ἀλΛ’
2772 1043 2870 1098 οὐκ
2899 1038 3012 1118 ἔχω
3044 1065 3128 1097 σοι
3186 1044 3357 1118 λέγειν
3414 1046 3577 1106 ὅπως
3627 1050 3706 1116 τῷ
3755 1051 3868 1101 Ὑα-

2217 1135 2384 1202 κίνθῳ
2436 1134 2781 1207 πρόσκεινται
2831 1132 2919 1184 καὶ
2977 1136 3046 1203 τῇ
3104 1131 3552 1208 Νοστογγονίσσῃ
3630 1138 3865 1208 μοναχῇ,

2217 1223 2277 1291 ἦν
2305 1219 2541 1297 ἀδελφὴν
2578 1218 2723 1281 οἶδας
2755 1218 2913 1273 οὖσαν
2967 1216 3253 1281 Θευδοσίας
3312 1221 3401 1274 καὶ
3449 1220 3712 1275 Ἰωάννου
3768 1227 3868 1276 τῶν

2132 1316 2139 1321 ’
2219 1309 2540 1384 εἰρημένων.
2573 1306 2636 1362 Τί
2668 1312 2795 1381 γοῦν
2849 1329 2933 1361 σοι
2986 1306 3180 1361 λοιπὸν
3241 1306 3797 1385 ἐναπολειφθήσεται,
3828 1309 3869 1364 εἳ

2218 1419 2280 1473 γε
2330 1397 2417 1451 καὶ
2478 1395 2729 1472 βασιλεὺς
2801 1395 3043 1450 ἀπειπὼν
3124 1395 3414 1468 ἀπολείψοι
3479 1416 3590 1466 as;
3647 1402 3865 1453 σπεῦσον

2222 1488 2355 1558 μετὰ
2384 1492 2549 1557 τιμῆς
2580 1482 2833 1553 ἐξελθεῖν,
2866 1484 2939 1546 ὠς
2995 1483 3180 1557 καιρὸν
3236 1478 3381 1558 ἔχεις
3410 1487 3514 1537 τοῦ
3559 1484 3652 1560 ἀφ’
3684 1485 3866 1540 ἑαυτοῦ

2217 1574 2491 1648 πράττειν,
2530 1574 2602 1645 μή
2666 1593 2780 1633 πως
2834 1571 3145 1625 ἐπιστάντος
3208 1593 3292 1624 σοι
3342 1576 3440 1625 τοῦ
3503 1576 3705 1646 καιροῦ
3756 1575 3864 1637 καθ’

2217 1665 2275 1717 ὃν
2335 1658 2656 1731 ἀϐουλήτως
2714 1659 2963 1734 πράττειν
3023 1660 3421 1734 ἀναγκασθήσῃ,
3480 1661 3578 1714 καὶ
3654 1661 3863 1733 γέλωτα

2220 1749 2436 1829 ὅφλοις,
2467 1751 2775 1823 ἀποχωρῶν
2806 1756 2904 1817 τῆς
2938 1747 3228 1817 ἐκκλησίας
3288 1751 3376 1802 καὶ
3416 1747 3592 1804 ἄκων.
3627 1774 3655 1801 ›)
3690 1752 3863 1805 Ταῦτα

466 1857 651 1913 Πολῦν
712 1859 816 1932 γὰρ
870 1857 1005 1910 εἶναι
1062 1856 1151 1909 τὸν
1210 1855 1479 1928 τάραχον,
1512 1851 1599 1905 καὶ
1634 1851 1741 1925 οὐχ
1771 1849 1888 1904 οἷόν
1916 1850 1963 1902 τ’
1991 1841 2104 1903 ἔσε-
2141 1855 2183 1918 Β
2221 1843 2312 1919 μὲν
2365 1838 2459 1893 οὖν
2516 1837 2717 1898 ἐκεῖνος
2763 1835 2811 1889 ἐν
2873 1836 3154 1906 ὑποθήκης
3204 1836 3391 1909 τρόπῳ
3421 1839 3569 1911 πρὸς
3629 1839 3721 1892 τὸν
3778 1837 3860 1892 ἐπὶ

469 1948 590 2000 σθαι
654 1944 707 2008 ἐς
768 1944 972 2018 μακρὰν
1032 1942 1305 2017 ἀντισχεῖν
1374 1941 1603 2008 ἐκείνου,
1643 1939 1737 1993 κᾶν
1788 1937 1911 1992 ὅσον
1966 1937 2111 2007 παρὰ

465 2039 561 2090 τοῦ
598 2032 865 2107 βασιλέως
922 2030 1205 2105 συνέχοιτο
1241 2050 1252 2062 ·
1289 2027 1620 2097 ἀπαυδήσειν
1678 2027 1781 2100 γάρ
1830 2045 1963 2079 τοτε
2017 2023 2107 2077 γαὶ

464 2123 623 2186 αὐτὸν
684 2121 908 2197 βασιλέα
960 2119 1196 2192 μαθόντα
1250 2119 1312 2172 τὸ
1372 2117 1599 2192 σχίσμα.
1636 2140 1663 2167 ‹‹
1706 2118 1768 2170 Ἢ
1821 2113 1929 2187 οὐχ
1979 2114 2106 2183 ὁρᾷς

465 2212 658 2266 ὁπόσοι
715 2230 775 2264 τε
830 2207 968 2285 ἀμφὶ
1023 2207 1114 2262 τὸν
1146 2207 1419 2260 Ὑάκινθον
1453 2202 1646 2258 ὁπόσοι
1683 2203 1732 2257 τ’
1763 2200 1915 2264 αὖθις
1967 2198 2107 2273 ἀμφὶ

462 2299 562 2367 τὴν
622 2293 907 2352 Θεοδοσίαν
961 2295 1051 2349 καὶ
1107 2295 1199 2348 τὸν
1257 2290 1588 2367 αὐτάδελφον
1635 2289 1800 2358 αὐτῆς
1852 2289 2105 2355 Ἰωάννην

464 2388 554 2442 τὸν
584 2392 685 2455 τῆς
716 2386 937 2458 Μάρθας
985 2383 1076 2437 καὶ
1122 2382 1218 2450 τὴν
1279 2378 1574 2457 ἐτεροθαλῆ
1633 2376 1873 2454 ἀδελφὴν
1936 2375 2109 2430 αὐτῶν

464 2608 527 2660 ut
557 2603 832 2675 oportuit,
866 2599 1126 2656 nascenti
1157 2603 1213 2654 et
1237 2596 1565 2665 augescenti
1601 2596 1754 2651 malo
1784 2594 2103 2649 remedium

460 2693 694 2761 objecit.
728 2694 953 2746 Mutata
983 2689 1161 2759 igitur
1191 2686 1481 2741 sententia
1515 2685 1833 2756 imperator
1882 2680 2102 2735 multus

451 2781 575 2851 jam
611 2780 812 2835 erat'in
838 2777 1218 2847 disquirendo
1240 2791 1442 2829 secum
1464 2790 1578 2843 qua
1600 2770 1853 2826 maxima
1876 2769 2101 2823 ratione

458 2873 655 2941 posset
676 2866 950 2936 consequi
977 2870 1043 2918 ut
1072 2880 1102 2918 e
1132 2863 1341 2918 throno
1360 2866 1684 2916 Germanus
1710 2860 2098 2913 amoveretur.

460 2957 743 3026 Cupiebat
798 2953 1108 3008 consilium
1170 2951 1321 3005 ultro
1374 2950 1506 3003 inde
1565 2946 1870 3002 recedendi
1906 2961 2006 3015 per
2037 2959 2099 2997 se

460 3044 629 3099 illum
664 3058 887 3113 capere.
922 3041 1082 3106 Quod
1115 3055 1247 3093 cum
1279 3038 1329 3092 ei
1360 3050 1673 3107 suggerere
1716 3034 1906 3103 pudor
1953 3046 2098 3085 suus

462 3148 577 3186 non
635 3130 869 3195 sineret,
928 3128 1165 3197 optabat
1219 3124 1486 3179 alicunde
1538 3122 1787 3191 aliquem
1823 3119 2099 3173 exsistere

460 3218 709 3273 liberum
743 3216 1114 3279 monitorem,
1148 3212 1249 3281 qui
1298 3212 1541 3265 suadere
1589 3208 1809 3264 homini
1858 3208 2095 3261 auderet
2130 3227 2171 3293 ρ

464 3322 530 3360 ιιι
556 3307 707 3375 quod
740 3319 941 3359 omnes
982 3300 1380 3356 desiderarent
1428 3301 1736 3366 occuparet
1776 3293 1976 3348 volens
2008 3295 2094 3347 fa-

463 3410 591 3449 cere
621 3408 686 3447 ac
716 3392 827 3445 vim
862 3389 1100 3443 arbitrio
1135 3390 1522 3458 praeverteret.
1564 3383 1943 3438 Commodum
1991 3381 2095 3434 ad-

466 3482 577 3537 fuit
608 3480 665 3533 in
697 3480 751 3533 id
788 3476 961 3533 ofﬁcii
998 3479 1233 3546 paratus
1274 3475 1398 3545 ipse
1436 3472 1659 3542 primus
1690 3470 1967 3525 tricarum
2000 3486 2094 3523 ar-

468 3570 609 3624 tifex
638 3566 843 3623 talium
873 3564 1179 3634 Josephus,
1214 3562 1473 3616 monitus
1503 3566 1717 3625 tamen,
1767 3563 1823 3613 et
1853 3557 2094 3611 instinc-

463 3663 527 3711 tu
563 3672 781 3726 pronus
814 3654 870 3707 in
906 3652 1083 3719 idem,
1118 3648 1374 3721 periculo
1407 3648 1561 3703 velut
1588 3647 1817 3718 proprio
1866 3651 2096 3699 tentan-

464 3746 605 3800 dum
638 3743 695 3798 id
727 3758 978 3806 sumere,
1014 3756 1117 3793 nec
1145 3739 1294 3794 292
1342 3755 1453 3807 pra
1487 3754 1546 3791 se
1571 3736 1717 3790 ferre
1748 3747 2093 3789 consensum

463 3834 522 3887 in
556 3832 666 3886 hoc
698 3829 882 3885 ullum
917 3832 1013 3882 aut
1048 3825 1461 3881 conscientiam
1495 3822 1770 3894 Augusti;
1800 3836 1971 3891 quam
2002 3818 2099 3873 ille

462 3920 792 3976 cautionem
825 3918 896 3972 ad
930 3917 1104 3970 ﬁnem
1138 3931 1323 3984 usque
1371 3911 1586 3984 negotii
1640 3909 1887 3964 ﬁdeliter
1932 3906 2096 3962 adhi-

463 4010 613 4077 buit,
646 4006 1043 4077 suspicionem
1083 4003 1218 4058 talis
1276 4000 1592 4057 molitionis
1634 3999 1705 4052 ab
1754 3998 2101 4067 imperatore

460 4102 749 4164 avertens,
781 4100 839 4149 et
870 4092 1053 4149 videri
1085 4092 1361 4147 aﬁ‘ectans
1392 4088 1625 4160 proprio
1656 4086 1890 4142 nomine
1921 4101 1985 4139 ac
2009 4084 2102 4154 ju-

461 4184 614 4239 dicio
645 4183 702 4238 id
733 4198 921 4253 agere.

464 4334 555 4390 t8.
620 4334 681 4389 Ut
733 4331 1007 4401 Iosephus
1077 4329 1346 4401 Germana
1403 4321 1641 4379 suaserit
1692 4320 2101 4377 abdicationem

1074 4396 1501 4469 patriarchatus.

538 4530 721 4599 Igitur
774 4526 921 4582 clam
980 4522 1347 4579 concedenda
1402 4519 1752 4589 imperatore
1807 4514 2103 4585 Josephus

2218 1937 2315 1988 τοῦ
2371 1926 2765 2001 πατριαρχείου
2824 1929 3099 1996 συνεῖρεν·
3161 1921 3287 1978 ἀλλ’
3335 1927 3370 1994 ἡ
3430 1921 3616 1998 ὄρεξις
3675 1925 3860 2000 προσί-

2217 2039 2375 2076 στατο
2432 2018 2530 2069 τοῦ
2589 2012 2894 2080 ἀκούοντος,
2922 2012 3010 2065 καὶ
3070 2012 3097 2065 ὁ
3152 2010 3324 2087 λέγων
3381 2011 3487 2066 οὐκ
3516 2009 3720 2076 ἔπειθε.
3757 2016 3858 2067 Ποῦ

2142 2120 2147 2129 ‘
2214 2108 2317 2183 γὰρ
2371 2105 2459 2160 καὶ
2513 2102 2586 2163 εἰς
2643 2104 2763 2154 νοῦν
2819 2099 3027 2172 ἐκείνῳ,
3060 2099 3134 2161 ὠς
3190 2100 3279 2154 καὶ
3341 2100 3604 2174 βασιλεὺς
3637 2100 3858 2155 ἐπινεύει

2215 2199 2382 2249 ταῦτα
2437 2190 2525 2246 καὶ
2581 2189 2648 2242 τά
2700 2192 2799 2252 τῆς
2849 2181 3166 2260 συμϐουλῆς
3197 2189 3398 2265 Ἰωσὴφ
3430 2188 3639 2243 ἐκεῖθεν
3693 2209 3854 2262 προα-

2216 2284 2638 2355 νακέκρουσται;
2670 2278 2889 2347 Ἔμεινε
2943 2280 3068 2351 γοῦν
3124 2276 3213 2329 καὶ
3270 2275 3345 2330 ἔτι
3384 2277 3479 2331 καὶ
3515 2272 3857 2331 ἐπεστοίϐασε

2215 2367 2515 2444 κληρικοῦς
2546 2387 2605 2420 τε
2631 2364 2719 2419 καὶ
2750 2363 3008 2439 ἱεράρχας
3052 2368 3406 2439 χειροτονῶν,
3438 2365 3670 2443 ἀφορῶν
3727 2365 3852 2439 πρὸς

2212 2587 2402 2642 verint
2442 2585 2499 2638 in
2552 2581 3082 2638 exauctorationem
3114 2582 3242 2636 tui?
3273 2582 3395 2636 Non
3427 2583 3630 2637 cernis
3658 2598 3848 2637 mona-

2214 2675 2353 2730 chos
2401 2671 2705 2727 turmatim
2758 2670 2826 2724 ad
2861 2670 3062 2723 eadem
3106 2670 3421 2739 urgendam
3479 2673 3850 2740 erumpentes

2211 2764 2504 2825 claustris,
2539 2759 2755 2829 quibus
2794 2756 3176 2811 insenuerant
3213 2757 3485 2812 asceticis
3521 2758 3846 2813 insudando

2210 2847 2551 2906 laboribus?
2582 2850 2790 2901 Contra
2812 2861 2940 2915 quae
2963 2845 3012 2898 si
3044 2843 3299 2915 Eulogiae
3330 2845 3600 2916 potentia
3634 2853 3684 2900 te
3711 2844 3845 2900 satis

2210 2938 2503 2992 munitum
2540 2940 2734 3005 putas,
2766 2939 2824 2987 at
2854 2939 3120 3001 reputare
3152 2940 3206 2987 te
3237 2940 3467 3003 oportet
3502 2950 3644 3004 opes
3676 2934 3842 2987 ferme

2209 3041 2379 3096 pares
2411 3026 2469 3078 in
2497 3022 2845 3077 contrariam
2880 3037 2993 3075 non
3054 3021 3229 3074 dubie
3272 3022 3485 3076 additas
3540 3022 3840 3076 factionem

2208 3113 2424 3168 sororis
2456 3113 2583 3182 ejus
2606 3110 2863 3164 Marthae.
2901 3108 3215 3163 Considera
3255 3110 3474 3180 quippe
3503 3111 3652 3164 ﬁlias
3675 3109 3839 3177 hujus

2213 3207 2273 3255 ut
2304 3201 2577 3255 studeant
2608 3197 2865 3263 Arsenio,
2900 3202 2964 3250 ut
2995 3196 3049 3249 in
3084 3198 3211 3265 ejus
3236 3198 3486 3251 favorem
3538 3198 3840 3251 vehemen-

2209 3287 2682 3350 terincumbant,
2720 3289 2856 3338 utte
2879 3301 2981 3354 pro
3025 3285 3186 3338 nullo
3208 3287 3625 3354 etsuposititio
3660 3284 3837 3355 palam

2209 3382 2510 3446 spernant.
2554 3373 2661 3435 Qui
2693 3371 2999 3426 saeculares
3020 3372 3046 3426 ?
3075 3373 3265 3427 dicere
3302 3373 3407 3427 tibi
3441 3389 3648 3428 vereor
3677 3386 3837 3441 quam

2206 3462 2497 3519 indivnlse
2529 3462 2863 3514 adhaereant
2890 3460 3211 3531 Hyacintho
3261 3464 3317 3514 et
3368 3461 3834 3531 Nostongonissaa

2207 3550 2506 3607 monachae
2537 3565 2712 3619 quam
2745 3548 3079 3603 Theodosia;
3112 3565 3176 3602 ac
3228 3546 3470 3603 Joannis
3520 3550 3691 3604 modo
3723 3562 3831 3601 me-

2207 3644 2568 3694 moratorum
2587 3652 2840 3691 sororem
2869 3635 3042 3690 nosti.
3068 3637 3212 3701 Quid
3238 3636 3414 3707 igitur
3434 3637 3542 3692 tibi
3577 3638 3675 3691 ﬁet
3706 3634 3828 3689 reli-

2207 3729 2328 3797 qui,
2353 3726 2402 3779 si
2454 3729 2754 3792 Augustus
2804 3728 2962 3777 metu
3015 3722 3351 3779 schismatis
3382 3724 3653 3794 adigatur
3681 3722 3746 3777 ad
3779 3726 3829 3774 te

2208 3812 2622 3869 deserendum?
2644 3812 2943 3879 Prieverte,
2969 3810 3018 3866 si
3039 3810 3181 3866 mihi
3214 3809 3838 3882 credis,ignominiam,

2208 3907 2265 3959 et
2311 3901 2521 3956 festina
2558 3916 2692 3955 cum
2743 3899 2960 3954 honore
3001 3899 3135 3953 inde
3166 3900 3340 3964 exire,
3366 3900 3523 3955 unde
3556 3916 3686 3954 mox
3716 3910 3836 3951 cum

2211 3991 2364 4045 293
2398 3988 2677 4043 dedecore
2726 3988 3126 4043 extrudendus
3175 4003 3257 4041 es.
3310 3987 3488 4042 Breve
3540 3991 3715 4043 restat
3744 3988 3839 4037 tuo

2211 4078 2470 4149 spatium
2519 4076 2780 4142 arbitrio,
2817 4076 3005 4130 brevis
3036 4081 3126 4130 est
3155 4076 3382 4131 occasio
3414 4075 3739 4133 voluntarie
3783 4086 3841 4124 ac

2212 4165 2444 4220 laudate
2478 4165 2853 4234 det'ungendi.
2878 4163 2933 4216 Si
2958 4162 3227 4234 negligis,
3246 4165 3444 4219 statim
3464 4171 3695 4236 tempus
3716 4161 3839 4215 ade-

2213 4254 2284 4308 rit
2305 4253 2559 4323 quojam
2584 4258 2818 4307 coactus
2852 4257 2909 4306 et
2942 4268 3073 4306 cum
3099 4251 3215 4307 risu
3242 4253 3586 4308 aemulorum
3609 4246 3841 4308 ecclesia

2215 4343 2431 4396 invitus
2479 4342 2751 4396 excedere
2807 4340 3194 4410 compelleris.
3229 4362 3257 4391 »
3306 4341 3434 4396 Haec
3487 4342 3609 4409 illo,
3646 4338 3741 4393 ﬁdi
3780 4350 3837 4388 se

2216 4428 2440 4484 consilii
2466 4428 2806 4482 benevolum
2834 4434 3127 4483 auctorem
3150 4429 3362 4494 ferens,
3397 4424 3835 4500 patriarchalem

2216 4518 2559 4589 dignitatem
2619 4516 2844 4587 gerenti
2902 4516 3217 4587 suggessit.
3278 4517 3386 4572 Sed
3444 4535 3560 4573 non
3645 4508 3839 4583 reperit

463 4634 673 4673 arcano
705 4616 1060 4671 Germanum
1091 4612 1315 4680 adiens,
1340 4608 1529 4680 specie
1561 4623 1625 4661 ac
1652 4621 1900 4675 persona
1922 4603 2101 4657 bcue-
2134 4593 2181 4655 D
2213 4607 2438 4661 iditum
2495 4606 2552 4659 in
2611 4604 2907 4659 audientis
2965 4606 3155 4660 animo
3224 4606 3502 4661 aviditate
3559 4607 3615 4659 in
3674 4604 3837 4672 gustu

470 4706 582 4762 voli
617 4702 933 4759 consiliarii
968 4700 1263 4772 suggessit
1294 4699 1508 4768 optime
1542 4694 1826 4749 facturum
1854 4690 2020 4745 illum
2056 4689 2104 4742 si

466 4794 620 4849 ultro
673 4789 1071 4863 patriarchatu
1141 4788 1418 4842 cederet:
1452 4784 1839 4837 intumescere
1891 4778 2105 4851 quippe

465 4882 766 4953 vulgarem
798 4878 1174 4934 offensionem
1211 4876 1265 4928 in
1302 4872 1515 4927 molem
1550 4870 1778 4924 invidiae
1815 4873 1927 4922 tam
1960 4866 2103 4922 valiv

465 4972 626 5039 dam,
655 4968 747 5024 cui
782 4983 934 5035 mox,
970 4965 1066 5020 ubi
1119 4962 1291 5035 paulo
1326 4959 1457 5031 plus
1507 4974 1566 5013 se
1621 4955 2105 5021 corroboraverit,

468 5057 906 5131 perrumpenda;
932 5070 1035 5124 par
1068 5068 1180 5105 non
1215 5050 1291 5103 sit
1314 5048 1569 5102 l'ururus.
1603 5045 1717 5099 Nec
1747 5043 1963 5098 {aventi
1995 5042 2106 5097 sibi

464 5148 733 5217 Augusto
766 5142 1014 5198 nimium
1048 5139 1249 5193 ﬁderet
1281 5154 1293 5191 :
1329 5140 1385 5190 et
1414 5134 1606 5204 ipsum
1652 5131 1807 5186 enim
1860 5147 1962 5200 pro
2007 5147 2108 5184 sua

468 5232 777 5306 sapientia,
811 5227 989 5286 simul
1030 5225 1345 5280 invaluisse
1401 5220 1660 5276 scliisma
1716 5218 1945 5285 viderit,
2004 5218 2109 5272 niti

464 5305 670 5379 contra
701 5322 1015 5376 torrentem
1070 5314 1292 5367 frustra
1321 5313 1378 5365 et
1409 5306 1663 5379 pernicie
1698 5309 1857 5360 certa
1888 5305 2111 5361 desitu-

470 5427 624 5466 rum.
682 5430 703 5458 ι
756 5412 844 5462 An
877 5404 1058 5470 enim,
1084 5400 1361 5463 addebat,
1391 5414 1504 5452 non
1538 5394 1699 5449 vides
1731 5410 1907 5464 quam
1940 5395 2109 5450 multi

469 5514 601 5553 cum
637 5492 977 5567 Hyacintho,
1004 5505 1183 5562 quam
1212 5485 1379 5542 multi
1400 5500 1602 5540 rursus
1639 5482 2113 5539 cumTheodosia

464 5590 759 5655 fratreque
820 5579 1008 5652 ipsius
1067 5578 1291 5633 Joanne
1350 5573 1583 5628 Marthae
1636 5571 1756 5628 ﬁlio
1806 5576 1864 5627 et
1914 5590 2113 5628 sorore

466 5674 677 5730 horum
740 5688 809 5727 ex
859 5667 970 5724 alio
1025 5669 1266 5738 parente
1322 5660 1784 5734 Nostongonissa
1814 5661 2111 5732 conspira-

2215 4696 2516 4766 prmsentis
2570 4693 2705 4748 boni
2755 4692 2943 4747 deﬁxa
3018 4700 3397 4765 preoccupato
3473 4693 3663 4765 qualis
3736 4688 3839 4740 ista

2216 4800 2446 4853 cunque
2492 4782 2789 4853 suggestio
2825 4783 3159 4851 :quomodo
3191 4784 3347 4837 enim
3400 4783 3455 4837 id
3508 4770 3833 4854 persuaderi

2219 4871 2331 4926 sibi
2385 4871 2711 4926 Germanus
2764 4870 2999 4937 sineret,
3052 4871 3325 4938 ignorans
3374 4888 3489 4942 quo
3548 4862 3836 4924 inclinaret

2216 4960 2554 5031 imperator,
2587 4975 2653 5013 ac
2701 4975 2771 5014 ne
2829 4958 3113 5029 suspicari
3176 4959 3412 5028 quidem
3462 4959 3657 5013 valens
3705 4948 3836 5006 talia

2219 5048 2327 5103 sibi
2359 5052 2504 5101 nutu
2532 5047 2796 5115 ejusdem
2845 5063 2911 5101 ac
2962 5046 3223 5117 impulsu
3274 5047 3560 5118 proponi?
3596 5033 3835 5100 Perstitit

2214 5135 2394 5207 igitur
2446 5134 2637 5189 adhuc
2696 5135 2755 5188 in
2816 5136 3111 5206 proposito
3180 5138 3410 5190 tuendas
3462 5122 3831 5207 possessionis

2220 5223 2416 5279 throni
2448 5239 2625 5293 seque
2656 5222 2713 5276 in
2746 5240 2813 5277 ea
2842 5223 3136 5293 ﬁrmandi,
3168 5224 3236 5278 ad
3272 5224 3379 5278 hoc
3411 5220 3829 5278 atiectanstunc

2220 5330 2352 5368 cum
2385 5311 2635 5367 maxime
2672 5327 2843 5366 usum
2877 5317 3169 5367 ostentare
3219 5312 3477 5367 labantis
3525 5297 3831 5382 potestatis:

2223 5400 2392 5473 quasi
2440 5415 2563 5454 eam
2611 5399 2719 5454 sibi
2753 5400 2937 5455 multo
2985 5400 3144 5455 illius
3174 5400 3444 5455 exercitio
3477 5396 3659 5468 magis
3688 5398 3830 5445 asse-

2220 5492 2393 5545 reret.
2432 5488 2786 5559 Frequentes
2823 5504 2928 5559 ego
2960 5488 3303 5544 clericorum
3352 5495 3409 5543 et
3451 5485 3831 5559 episcoporum

2223 5577 2622 5634 ordinationes
2678 5575 3021 5647 celebravit,
3063 5578 3246 5632 fretus
3294 5575 3517 5632 scilicet
3569 5563 3832 5628 ostentato

2224 5665 2507 5739 principis
2542 5666 2753 5734 favore,
2789 5665 2889 5736 qui
2923 5671 3113 5722 tamen
3159 5664 3478 5721 ludibrium
3528 5669 3737 5721 merum
3779 5648 3829 5702 θι
