4158 6280
297 379 405 434 741

1376 384 1472 436 DE
1511 382 1877 436 MICHAELE
1915 376 2338 434 PALEOLOGO
2374 380 2507 432 LIB.
2550 380 2645 432 IV.

3590 377 3699 432 742

294 502 393 571 τὴν
451 504 548 556 τοῦ
606 504 933 577 κρατοῦντος
992 500 1287 575 εὐμένειαν.
1316 504 1388 557 Τὸ
1438 502 1484 557 δ’
1534 499 1615 576 ἄρ’
1644 504 1710 570 ἦν
1758 499 1934 575 χλεύη
1970 502 2021 567 Α
2051 510 2232 562 κινθος
2266 498 2510 572 μοναχὸς
2541 499 2606 567 ἦν
2639 496 2697 553 ἐκ
2719 494 2937 567 δύσεως,
2970 498 3059 553 καί
3112 520 3170 574 γε
3225 498 3475 554 Νικαίαθι
3530 521 3693 575 γεγο-

296 590 619 665 καὶγέλως,
653 590 832 645 καὶτὸ
863 590 938 653 εἷς
986 589 1190 645 ἐκεῖνον
1254 590 1491 661 ἐλπίζειν
1548 591 1671 645 ὅσον
1730 590 1820 645 καὶ
1868 594 1949 661 τῷ

298 677 349 733 ἐν
413 677 587 751 μνίοις
647 678 943 749 θαλάσσης,
994 679 1111 733 ἐπεὶ
1168 686 1270 749 τῆς
1326 692 1462 743 νεώς
1520 680 1807 747 ἀποπέσοι,
1867 681 1947 751 [Ρ.

304 766 749 841 1981θαρῥοῦντι
809 767 1089 836 σώζετθοι.
1125 766 1286 821 ’Λλλ’
1318 772 1345 822 ὸ
1393 773 1605 843 κρατῶν
1661 769 1759 836 τὴν
1819 767 1955 820 ὑπο-

305 856 433 928 ψίαν
488 852 754 909 ἐκκλίνειν
812 853 1009 909 ἐθὲλων
1086 856 1177 910 καὶ
1248 857 1493 931 συνέχειν
1577 860 1953 930 προσεποιεῖτο

306 942 398 997 καὶ
464 942 705 1015 εὐμενῶς
784 944 1189 1020 προσεφέρετο,
1252 944 1341 997 καὶ
1426 950 1683 1019 παρεῖχεν
1772 943 1955 1013 ἐκείνῳ

309 1031 561 1102 πλεῖστα,
594 1031 674 1107 ἐφ’
703 1034 747 1104 ᾧ
780 1030 957 1103 διδοίη
995 1033 1084 1087 καὶ
1114 1034 1210 1095 τὰς
1263 1039 1370 1088 τῶν
1421 1034 1647 1089 πολλῶν
1706 1032 1957 1103 ἐξωνοῖτο

310 1123 556 1194 γνώμας,
590 1121 726 1175 ὥστε
752 1120 839 1175 καὶ
869 1125 970 1186 τῆς
1003 1126 1111 1176 τῶν
1166 1120 1335 1197 βαίων
1395 1123 1587 1193 ἐορτῆς
1646 1121 1956 1205 ἐπιστάσης,

310 1206 400 1265 ὅτε
456 1209 545 1264 καὶ
603 1211 638 1279 ἡ
700 1211 937 1279 συνήθης
985 1210 1033 1282 ἐξ
1083 1206 1281 1285 ὄρθρου
1316 1210 1553 1282 λιτανείᾳ
1575 1208 1833 1279 τελεῖται,
1865 1208 1959 1263 αὖ·

308 1300 399 1359 τὸς
455 1296 673 1370 πέμψας
730 1300 961 1351 πλεῖστα
1020 1297 1068 1369 ἐξ
1132 1298 1373 1373 ἀργύρου
1429 1299 1516 1352 καὶ
1551 1297 1750 1370 χιλκοῦ
1801 1296 1962 1368 νομί-

313 1407 492 1459 σματα
522 1385 660 1460 πρὸς
713 1390 809 1439 τοῦ
864 1386 1193 1459 κρατοῦντος
1248 1383 1544 1459 ἐλάμϐανε,
1582 1387 1670 1440 καὶ
1731 1383 1959 1460 ἁρπεδό-

316 1496 398 1529 σιν
453 1471 718 1528 ἐνδεῖσθαι
776 1475 1186 1547 παρασκκευάσας
1244 1474 1312 1528 τα
1370 1477 1615 1545 συνήθως
1693 1472 1962 1547 λεγόμενα

312 1562 618 1635 ἐπικόμπια
674 1562 765 1615 καὶ
810 1561 990 1631 αὐτὸς,
1026 1563 1198 1636 μέχρι
1260 1563 1349 1616 καὶ
1409 1583 1517 1615 των
1569 1581 1962 1635 τεσσαρακοντα

318 1650 603 1725 μαρτύρων
662 1650 761 1717 τὴν
833 1648 991 1717 λιτὴν
1050 1650 1400 1719 κατατείνων,
1462 1650 1667 1725 ῥιπτεῖν
1745 1648 1964 1703 ἐκέλευε

311 1743 393 1810 τῷ
419 1738 557 1810 λαῷ.
592 1738 688 1792 Καὶ
744 1739 950 1791 τοιαῦτ’
986 1737 1117 1803 ἦσαν
1174 1739 1240 1791 τὰ
1308 1738 1439 1811 πρὸς
1480 1738 1678 1791 ἐκεῖνον
1710 1742 1805 1791 τοῦ
1869 1739 1966 1813 βα-

316 1825 517 1889 σιλέως
569 1824 1013 1897 ἐπικαλύμματα,
1067 1826 1148 1903 ἐφ’
1205 1825 1249 1897 ᾧ
1328 1828 1403 1898 μὴ

319 1916 581 1989 ἀμηγέπη
614 1916 710 1983 τὴν
747 1914 949 1969 ἐκείνου
982 1913 1154 1978 θέλων
1184 1914 1473 1984 ἐξέλευσιν.

322 2023 408 2086 ιϐ’.
463 2021 591 2097 Περὶ
652 2020 950 2091 Ὑακίνθου,
1010 2020 1296 2097 ὅστις-καὶ
1347 2020 1489 2094 ὅθεν,
1547 2022 1637 2075 καὶ
1683 2026 1791 2076 τῶν
1840 2020 1964 2095 περὶ

1053 2092 1235 2147 αὐτόν.

393 2180 471 2236 Οὐ
529 2184 717 2255 χεῖρον
774 2176 831 2233 δὲ
886 2176 1066 2253 λέγειν
1120 2180 1207 2233 καὶ
1267 2180 1334 2233 τὰ
1393 2179 1515 2252 περὶ
1546 2177 1820 2241 Ὑακίνθου
1875 2177 1964 2231 καὶ

321 2268 490 2337 αὐτῆς
550 2266 616 2336 δὴ
679 2265 967 2328 Θεοδοσίας
1023 2267 1113 2320 καὶ
1173 2268 1425 2322 Ἰωάννου
1481 2266 1570 2321 καὶ
1630 2274 1729 2337 τῆς
1786 2268 1963 2320 αὐτῶν

322 2355 682 2432 ἐτεροθαλοῢς
734 2358 833 2424 τῆς
887 2354 1380 2431 Νοστογγονίσσης.
1421 2356 1477 2407 Ὀ
1540 2356 1635 2427 μὲν
1695 2355 1784 2409 οὖν
1842 2354 1964 2408 Ὑά-

324 2570 519 2627 irrisio
576 2575 739 2639 erat;
783 2571 876 2626 cui
934 2588 1093 2626 vana
1142 2568 1505 2625 simulationi
1556 2566 1966 2624 benevolentia

327 2660 434 2717 niti
465 2676 599 2714 eum
633 2675 983 2731 magnopere
1014 2658 1209 2713 simile
1234 2657 1509 2711 nimirum
1545 2657 1654 2711 fuit
1683 2656 1965 2726 quiddam

331 2767 398 2808 ac
429 2750 479 2804 si
511 2748 644 2820 quis
675 2748 955 2819 navigans
1009 2764 1287 2818 spumosa
1335 2734 1642 2817 superficie
1690 2744 1968 2799 undantis

334 2838 743 2905 maris,crusta
770 2838 1023 2907 quadam
1058 2836 1215 2890 ﬂuxa
1260 2834 1653 2890 innatantium
1681 2833 1967 2902 sordium,

339 2927 597 2982 muscosi
627 2926 865 2998 cespitis
895 2930 996 2980 aut
1028 2925 1268 2995 ingesta
1308 2926 1501 2980 arenis
1531 2923 1673 2995 alga
1706 2923 1967 2979 solidita-

341 3020 460 3071 tem
494 3014 843 3081 mentientis,
879 3012 1156 3069 sustineri
1188 3030 1250 3067 se
1278 3018 1542 3083 speraret
1572 3028 1764 3082 posse,
1799 3016 1971 3081 atque

336 3104 408 3159 ad
466 3107 789 3158 extremum
843 3120 876 3157 a
926 3100 1291 3156 demersione
1338 3101 1578 3169 servari,
1631 3100 1729 3155 ubi
1779 3116 1809 3153 e
1841 3097 1971 3153 navi

331 3189 661 3246 excidisset.
736 3189 1023 3247 Caeterum
1094 3189 1411 3260 imperator
1479 3205 1613 3243 suas
1684 3188 1965 3259 quasdam

330 3274 565 3326 secutus
652 3270 928 3340 rationes,
1019 3268 1091 3323 ob
1174 3286 1321 3339 quas
1377 3267 1670 3321 vitandam
1730 3266 1973 3337 putabat

333 3357 726 3430 suspicionem
762 3374 972 3412 aversa
1004 3374 1036 3412 a
1063 3358 1346 3411 Germano
1378 3354 1715 3421 voluntatis,
1748 3352 1977 3424 egregie

334 3447 593 3519 perstitit
661 3447 720 3501 in
783 3447 1157 3502 simulatione
1228 3446 1454 3500 fovendi
1526 3442 1980 3515 protegendique

341 3538 555 3607 ipsum,
583 3553 695 3591 non
730 3535 919 3591 solum
952 3534 1114 3589 vultu
1166 3549 1549 3603 sermoneque
1602 3533 1659 3587 in
1706 3548 1980 3602 congres-

343 3623 763 3691 sibus,cunctis
795 3641 937 3679 vera
957 3621 1364 3679 benevolentia
1393 3621 1625 3676 indiciis
1658 3626 1984 3675 monstran-

344 3711 456 3779 dis,
489 3728 689 3767 verum
722 3713 895 3767 etiam
927 3712 1193 3783 pecuniis
1226 3710 1385 3781 large
1425 3709 1737 3776 donandis,
1771 3708 1986 3779 quibus

343 3797 445 3853 ille
474 3799 740 3854 videlicet
761 3801 1033 3854 adversas
1061 3798 1173 3853 sibi
1210 3796 1609 3852 reconciliaret
1639 3795 1986 3860 voluntates,

346 3886 471 3949 Quo
496 3886 555 3940 in
585 3903 791 3958 genere
836 3886 1084 3958 contigit
1133 3886 1390 3939 instante
1433 3882 1767 3938 Palmarum
1821 3883 1989 3952 festo,

347 3992 465 4047 quo
495 3976 769 4034 selemnis
800 3978 935 4033 duci
967 3995 1067 4049 per
1094 3977 1298 4032 urbem
1333 3974 1682 4046 supplicatio
1721 3972 1993 4045 precibus

348 4065 727 4122 decantandis
774 4065 1096 4134 consuevit;
1131 4070 1195 4120 ut
1241 4080 1375 4118 cum
1427 4062 1623 4117 missis
1651 4062 1717 4115 ad
1750 4061 1997 4131 impera-

347 4156 533 4208 torem
557 4154 681 4210 suis
703 4153 1036 4227 patriarcha
1058 4153 1107 4208 ei
1132 4152 1490 4208 confidenter
1514 4146 1998 4205 indicassetindi-

349 4255 485 4311 gere
504 4258 564 4297 se
585 4240 756 4297 lineis
773 4242 946 4297 hamo
969 4258 1101 4297 esca
1122 4240 1329 4295 induto
1356 4236 1905 4309 instructis,quibus
1929 4235 1999 4290 ad

350 4344 415 4385 se
446 4330 716 4387 homines
750 4331 1029 4399 traheret,
1064 4329 1402 4401 intelligens
1452 4326 1551 4383 ille
1585 4332 1779 4399 petere
1808 4326 2004 4395 ipsum

355 4422 880 4495 nummos,quibus
926 4420 1275 4476 imminente
1324 4436 1541 4490 pompa
1572 4415 1916 4489 spargendis
1944 4412 2006 4468 in

351 4507 580 4582 plebem
638 4510 833 4566 studia
879 4526 1088 4580 parum
1123 4508 1232 4564 sibi
1283 4507 1599 4563 faventium
1645 4506 1997 4571 emerentur,

362 4597 641 4654 continuo
674 4600 827 4655 294
851 4598 1015 4653 misit
1049 4613 1308 4668 magnam
1356 4595 1584 4667 copiam
1614 4610 1771 4649 area:
1791 4608 2001 4663 argen—

363 4692 585 4759 teaque
608 4694 853 4744 moneta
872 4705 987 4759 qua
1009 4686 1104 4742 illc
1128 4704 1256 4759 qua
1278 4684 1449 4756 vulgo
1466 4688 1673 4739 vocant
1690 4679 2012 4753 epicompia

355 4776 702 4832 concinnari
737 4794 949 4832 curans
1000 4792 1067 4831 ea
1115 4775 1325 4847 jactari
1373 4773 1557 4844 jussit
1612 4770 1672 4825 in
1730 4767 2010 4842 populum

355 4870 480 4920 toto
524 4866 714 4937 spatio
767 4884 881 4938 quo
936 4882 1153 4939 pompa
1201 4863 1666 4936 supplicantium
1699 4860 2015 4932 processit,

358 4955 435 5009 ad
486 4960 825 5011 sanctorum
886 4953 1278 5026 quadraginta
1344 4956 1668 5022 martyrum
1732 4949 2017 5021 templum

358 5058 549 5113 usque
596 5046 899 5116 producta.
953 5044 1079 5100 Tali
1138 5042 1390 5099 callidus
1439 5040 1759 5111 imperator
1808 5042 2019 5093 astuta

360 5132 861 5193 dissimulationis
910 5133 1154 5189 artificio
1207 5134 1406 5188 fucum
1460 5129 1709 5184 faciebat
1767 5129 2021 5183 nimium

360 5221 602 5276 credulo
637 5221 993 5286 antistiti,ne
1025 5220 1294 5276 subolere
1314 5218 1428 5290 ipsi
1462 5216 1785 5288 quidquam
1819 5226 2023 5288 posset

360 5327 588 5365 arcana
638 5310 977 5378 voluntatis,
1011 5326 1127 5381 qua
1180 5307 1456 5380 cupiebat
1516 5304 1769 5360 amoveri
1822 5320 1957 5359 eum
1996 5320 2029 5358 a

359 5400 503 5457 sede
534 5398 938 5470 patriarchali.

360 5506 452 5561 19.
487 5507 561 5563 De
608 5506 949 5576 Hyacinthe,
998 5505 1122 5576 quis
1165 5507 1221 5557 et
1268 5501 1416 5576 unde
1463 5503 1644 5565 esset;
1696 5515 1759 5554 ac
1795 5502 1864 5557 de
1919 5504 2028 5576 ipsi

970 5574 1405 5631 adharentibus.

432 5666 557 5722 Non
594 5663 1091 5735 intempestivum,
1124 5662 1354 5734 opinor,
1396 5659 1573 5715 fuerit
1626 5662 1793 5731 quad
1931 5665 2029 5722 hic

1484 1826 1744 1901 γνωσθείη
1837 1823 1966 1898 μηδ’
1994 1875 2041 1938 Β

2055 590 2159 651 νὼς
2193 586 2243 641 ἔν
2273 610 2380 643 τινι
2405 593 2501 642 τοῦ
2535 590 2975 663 ἀρχιστρατήγου
3006 593 3140 661 ναῷ,
3172 587 3330 664 ἐγγυς
3376 592 3471 643 τοῦ
3528 588 3700 643 ἐκεῖσε

2056 677 2444 753 πατριαρχείου
2503 678 2871 752 προσκαθίσας
2932 676 3075 747 ξενος
3127 698 3187 732 τε
3242 679 3331 731 καὶ
3400 678 3579 753 ἀγνὼς
3633 679 3702 732 τὰ

2057 764 2305 834 πλεῖστα,
2339 763 2533 827 παῖδάς
2588 787 2646 820 τε
2704 764 3031 839 ἐπισυνάγει,
3058 766 3146 821 καὶ
3206 766 3429 827 τούτους
3490 765 3697 839 ἀνάγων

2057 854 2125 908 τὰ
2157 853 2229 915 εἷς
2261 851 2615 929 προπαιδείαν
2667 853 2945 929 ἐπορίζετο
2994 855 3087 915 τὰς
3137 854 3357 931 τροιράς.
3395 852 3569 911 Ἀλλὰ
3623 859 3701 925 τῷ

2058 944 2371 1017 πατριάρχῃ
2427 943 2887 1019 προσαγγελλεται
2947 943 3019 1004 ὠς
3080 942 3238 1012 δῆθεν
3296 945 3537 998 ἀτακτῶν
3602 964 3706 1015 μο-

2061 1032 2231 1104 ναχὸς
2262 1029 2455 1093 παῖδας
2499 1029 2826 1085 ἐκδιδάσκων
2862 1049 2873 1060 ·
2908 1031 2996 1085 καὶ
3049 1032 3109 1092 ὃς
3167 1031 3557 1107 προσεκαλεῖτο
3616 1030 3707 1085 καὶ

2063 1120 2336 1194 ἀνηρώτα,
2368 1121 2456 1174 καὶ
2489 1120 2601 1175 ἐπεὶ
2655 1119 2823 1191 δεξιὸν
2864 1122 3005 1196 ἐώρα
3034 1122 3123 1175 τὸν
3159 1118 3325 1197 ἄνδρα
3378 1122 3467 1175 καὶ
3520 1119 3707 1183 ἄλλως

2064 1206 2194 1272 ἀδεῆ
2250 1230 2306 1263 τε
2363 1209 2451 1263 καὶ
2510 1209 2562 1271 ἐς
2622 1210 2921 1286 παρρησίαν
2981 1206 3225 1282 ἕτοιμον,
3256 1211 3322 1278 ἧν
3352 1208 3398 1264 δ’
3431 1209 3504 1273 ὠς
3560 1206 3710 1283 ἔλεγε

2063 1297 2283 1350 καὶτῶν
2316 1297 2646 1371 ἱερωμένων,
2680 1293 3091 1373 προσλαμϐάνει
3135 1320 3191 1351 τε
3247 1302 3437 1351 τοῦτον
3489 1299 3579 1351 καὶ
3636 1297 3710 1358 ὡς

2067 1384 2252 1457 οἰκείῳ
2283 1384 2505 1458 ἐχρῆτο.
2552 1387 2683 1440 Εἶτα
2739 1381 3058 1459 συμϐάντων
3117 1391 3222 1440 τῶν
3265 1388 3399 1440 κατὰ
3458 1388 3713 1460 πατριάρ-

2068 1493 2199 1547 χην,
2230 1472 2341 1527 ἐπεὶ
2377 1472 2465 1526 καὶ
2500 1474 2660 1537 αὐτός
2691 1471 2917 1547 δόκιμος
2959 1474 3124 1551 ἐράνη
3162 1475 3291 1548 ὑπὲρ
3340 1479 3451 1529 τῶν
3506 1475 3712 1528 ἐκείνου

2072 1562 2276 1632 ζηλῶν,
2310 1561 2387 1617 ἔτι
2450 1562 2661 1635 μᾶλλον
2720 1565 2786 1618 τά
2836 1564 2910 1625 εἷς
2962 1564 3143 1639 φιλίαν
3179 1563 3360 1638 ἐκείνῳ
3391 1567 3712 1635 συνήπτετο.

2072 1651 2165 1704 Καὶ
2226 1649 2339 1705 ἐπεὶ
2374 1653 2454 1722 [Ρ.
2489 1654 2610 1724 199]
2646 1651 2696 1706 ἐν
2746 1656 2813 1725 τῇ
2874 1653 3280 1707 Κιυνσταντίνου
3328 1651 3491 1707 πάλιν
3549 1653 3576 1707 ὁ
3608 1672 3715 1705 πα-

2068 1739 2338 1813 τριάρχης
2398 1740 2646 1813 ἀνήγετο,
2708 1747 2870 1809 συνῆν
2960 1740 3148 1812 ἐκείνῳ
3229 1740 3552 1803 πιστότατος
3608 1744 3714 1793 τῶν

2073 1826 2310 1897 οἰκείων,
2370 1831 2579 1896 συνάμα
2659 1828 2750 1883 καὶ
2810 1831 3055 1904 Ἰγνατίῳ
3133 1828 3351 1903 Ῥοδίῳ,
3414 1828 3564 1905 ἀνδρὶ
3626 1828 3717 1884 καὶ

2071 1913 2217 1987 αὐτῷ
2275 1911 2553 1978 εὐλαϐείας
2608 1916 2809 1991 πλήρει
2895 1920 2981 1973 καὶ
3064 1926 3374 1994 μοναχικῆς
3451 1918 3719 1973 καταστά-

2075 2025 2226 2065 σεως.
2292 2008 2537 2075 Συνήτην
2591 2004 2682 2060 οὖν
2742 2004 2906 2084 ἄμφω
2954 2012 3033 2080 τῷ
3090 2010 3403 2083 πατριάρχη
3460 2006 3717 2063 κοινωνοὶ

2073 2093 2294 2146 καὶτῶν
2327 2090 2560 2166 θλίψεων
2593 2094 2680 2148 καὶ
2738 2100 2844 2148 τῶν
2909 2097 3321 2169 βουλευμάτων,
3350 2097 3437 2150 καὶ
3500 2095 3714 2169 μᾶλλον

2074 2178 2411 2251 ἐδεικνυέτην
2503 2182 2766 2252 ζηλοῦντε
2829 2184 2960 2258 ὑπὲρ
3009 2185 3079 2237 ὢν
3139 2184 3227 2238 καὶ
3288 2186 3315 2238 ὁ
3368 2185 3716 2260 πατριάρχης

2079 2266 2259 2337 ζηλῶν
2323 2269 2637 2343 ἠγωνίζετο.
2675 2272 2825 2325 Ἐπεὶ
2881 2269 2927 2326 δ’
2976 2279 3182 2335 εκεῖνος
3238 2268 3558 2343 ἐξεϐέϐλητο
3617 2276 3715 2336 τῆς

2075 2358 2460 2431 πατριαρχίας,
2517 2359 2756 2414 κάκεῖνοι
2810 2359 2883 2422 ὠς
2943 2360 3092 2435 εἶχον
3166 2358 3546 2435 παρεισδύντες
3602 2381 3717 2435 γω-

2075 2570 2267 2624 dicere
2290 2571 2359 2625 de
2382 2570 2697 2642 Hyacintbo
2725 2575 2912 2644 deque
2936 2575 3064 2644 ipsa
3078 2576 3397 2630 Theodosia
3421 2575 3717 2630 etJoanne

2078 2674 2389 2729 sororeque
2420 2660 2629 2715 horum
2657 2678 2727 2716 ex
2757 2668 2916 2732 patre
2946 2663 3425 2735 Nostongonissa.
3460 2663 3712 2734 Hyacin-

2076 2747 2215 2801 thus
2275 2749 2597 2804 monachus
2654 2751 2761 2805 fuit
2805 2767 2874 2805 ex
2924 2752 3255 2817 Occidente,
3310 2752 3409 2821 qui
3464 2752 3714 2806 Nicaam

2078 2835 2394 2904 profectus,
2426 2836 2486 2891 in
2519 2838 2772 2907 quodam
2804 2839 2988 2893 sancti
3019 2840 3267 2894 cmlestis
3302 2838 3523 2893 militia
3558 2840 3722 2908 prin-

2078 2923 2228 2993 cipis
2261 2925 2493 2995 templo,
2526 2926 2713 2982 vicino
2746 2927 2956 2998 palatio
2981 2927 3351 2998 patriarchali
3378 2928 3532 2998 quod
3566 2927 3625 2980 in
3658 2942 3727 2981 ea

2080 3011 2222 3066 urbe
2271 3018 2378 3077 est,
2430 3014 2670 3084 degens,
2721 3016 2891 3089 homo
2942 3016 3278 3085 peregrinus
3310 3021 3366 3068 et
3422 3014 3722 3085 plerisque

2079 3099 2316 3170 ignotus
2350 3118 2559 3171 pueros
2592 3103 2647 3156 in
2679 3104 3129 3158 contubernium
3161 3105 3557 3175 congregavit,
3592 3102 3727 3171 qui-

2002 3200 2044 3265 c
2084 3188 2195 3242 bus
2226 3205 2340 3242 non
2392 3194 2619 3245 tantum
2662 3190 2985 3246 litterarum
3038 3190 3325 3246 elementa
3356 3196 3411 3245 et
3454 3190 3729 3244 liberales

2090 3282 2245 3330 artes
2278 3293 2381 3347 per
2404 3294 2465 3332 se
2490 3280 2765 3345 traderet,
2788 3282 2887 3334 sed
2933 3280 3109 3335 etiam
3142 3280 3419 3333 alimenta
3446 3278 3732 3349 suppedi-

2092 3368 2258 3418 taret.
2296 3365 2357 3419 ld
2390 3366 2532 3421 dum
2573 3370 2692 3437 agit
2718 3368 2942 3422 delatus
2993 3369 3063 3422 ad
3099 3368 3516 3438 patriarcham,
3559 3364 3734 3436 quasi

2095 3456 2297 3505 contra
2324 3453 2586 3507 ordinem
2618 3454 2942 3524 disciplina
2970 3472 3144 3525 quam
3187 3457 3557 3525 proﬁteretur
3610 3469 3735 3507 mo-

2097 3538 2317 3593 nachus
2351 3556 2556 3609 pueros
2584 3542 2833 3607 doceret,
2878 3543 3123 3612 ideoque
3181 3545 3398 3598 citatus
3457 3543 3529 3596 ab
3574 3556 3640 3594 eo
3683 3546 3741 3596 et

2098 3642 2352 3697 praesens
2378 3627 2792 3697 interrogatus,
2818 3646 3038 3700 gnavus
3067 3630 3515 3702 industriusque
3548 3630 3633 3683 vir
3654 3635 3744 3684 est

2098 3714 2280 3778 visus,
2331 3719 2721 3785 pratereaque
2769 3716 3117 3787 intrepidus,
3168 3724 3224 3773 et
3280 3719 3351 3772 ad
3406 3720 3560 3787 quod
3594 3734 3742 3788 opus

2101 3808 2258 3857 esset
2313 3804 2490 3858 libere
2548 3804 2837 3873 agendum
2897 3812 2953 3859 et
3009 3805 3365 3876 loquendum
3412 3806 3741 3876 expeditus.

2106 3894 2291 3956 Quare
2322 3908 2454 3946 cum
2490 3892 2536 3946 is
2570 3896 2845 3962 praterea
2875 3908 2937 3947 se
2962 3894 3284 3949 sacerdotio
3316 3893 3612 3947 initiatum
3654 3893 3747 3945 di-

2106 3986 2278 4047 ceret,
2313 3982 2635 4052 assumpsit
2665 3983 2735 4036 ad
2768 3998 2830 4036 se
2856 3981 3023 4036 illum
3055 3989 3111 4036 et
3141 3982 3200 4036 in
3234 3983 3610 4037 familiarium
3644 3999 3750 4036 nu-

2109 4086 2267 4124 mero
2300 4070 2522 4124 habuit.
2555 4069 2769 4125 Deinde
2789 4086 2920 4124 cum
2947 4070 3288 4125 incidissent
3309 4088 3376 4126 ea
3407 4070 3747 4142 patriarcha

2109 4164 2373 4229 tempora
2401 4159 2473 4213 de
2501 4159 2713 4228 quibus
2743 4158 3162 4227 diximus,cum
3197 4161 3253 4213 in
3288 4160 3359 4213 iis
3386 4158 3748 4229 Hyacinthus

2112 4247 2287 4301 ﬁdem
2318 4251 2681 4302 constantem
2712 4252 2769 4300 et
2799 4247 3063 4301 studium
3096 4251 3339 4317 patrono
3374 4247 3585 4301 ardens
3619 4262 3753 4316 pro-

2114 4336 2330 4401 basset,
2361 4335 2592 4390 arctiori
2621 4336 2671 4389 ei
2711 4335 2979 4391 amicitia
3027 4334 3463 4389 necessitudine
3507 4336 3753 4403 junctus

2116 4430 2224 4480 est.
2258 4426 2335 4478 Ac
2366 4424 2463 4478 ubi
2512 4422 3015 4492 Constantinopoli
3066 4439 3274 4477 rursus
3318 4421 3648 4492 patriarcha
3673 4438 3758 4474 re-

2122 4513 2345 4583 positus
2376 4513 2436 4567 in
2462 4512 2737 4567 thronum
2789 4516 2896 4576 est,
2926 4511 3114 4565 adfuit
3144 4510 3230 4565 illi
3263 4510 3641 4564 familiarium
3674 4509 3760 4567 in.

2113 4602 2318 4669 timus,
2350 4605 2407 4655 et
2462 4599 2555 4654 cui
2615 4598 2936 4670 plurimum
2999 4598 3220 4665 fideret,
3272 4597 3420 4654 295
3460 4613 3579 4652 una
3621 4611 3756 4650 cum

2118 4690 2342 4761 Ignatio
2375 4688 2618 4754 Rhodio,
2651 4689 2771 4743 viro
2803 4692 2860 4742 et
2891 4687 3017 4758 ipso
3051 4686 3282 4757 pietatis
3315 4692 3372 4742 et
3403 4685 3758 4741 monachum

2122 4777 2382 4834 decentis
2428 4775 2727 4847 gravitatis
2759 4776 2951 4847 pleno.
3002 4775 3101 4829 His
3152 4775 3405 4829 maxime
3444 4775 3670 4829 duobus
3701 4772 3759 4826 in

2124 4866 2241 4921 illis
2272 4864 2561 4935 angustiis
2590 4881 2781 4919 rerum
2806 4880 3041 4919 suarum
3072 4862 3453 4934 participibus
3473 4862 3760 4917 malorum

2128 4959 2182 5010 et
2214 4952 2590 5009 consiliorum
2639 4952 2975 5007 auctoribus
3008 4969 3188 5019 usus;
3222 4957 3349 5019 est;
3391 4966 3637 5020 quorum
3671 4965 3762 5003 ex-

2128 5044 2362 5099 stabant
2418 5042 2723 5096 amborum
2782 5040 2977 5095 studia
3026 5040 3299 5095 sensibus
3344 5038 3762 5107 atiectibusque

2131 5130 2467 5203 patriarcha
2508 5128 2933 5185 consentientis.
2964 5145 3063 5200 per
3092 5127 3307 5183 omnia.
3367 5127 3468 5182 Illo
3523 5128 3762 5181 demum

2131 5221 2310 5291 ejecto
2340 5237 2369 5275 e
2402 5215 2774 5290 patriarchali
2804 5217 2939 5271 sede
2966 5216 3314 5271 abdiderunt
3351 5215 3410 5269 hi
3442 5230 3571 5270 sese
3614 5229 3765 5267 amo-

2132 5314 2451 5378 vernatque
2481 5327 2515 5364 a
2551 5311 2904 5379 conspectu:
2939 5323 3052 5361 non
3106 5306 3259 5361 enim
3296 5310 3383 5359 est
3412 5304 3485 5359 iis
3528 5304 3779 5375 permis-'

2134 5416 2267 5455 sum
2288 5397 2615 5453 exsulatum
2639 5396 2798 5452 eunti
2824 5412 2886 5450 se
2907 5394 3148 5452 comites
3170 5394 3400 5458 addere,
3425 5393 3769 5463 clademque

2135 5487 2295 5542 illam
2344 5503 2409 5541 ac
2458 5484 2849 5540 calamitatem
2884 5484 2992 5538 rati
3048 5481 3362 5553 propriam,
3413 5481 3471 5535 in
3511 5480 3669 5535 luctu
3703 5495 3769 5533 ac

2137 5575 2333 5630 dolore
2366 5572 2584 5628 malum
2625 5570 2992 5627 ineluctabile
3042 5570 3323 5634 ferebant,
3357 5569 3481 5624 Non
3510 5569 3609 5623 diu
3644 5571 3773 5639 post

2138 5663 2261 5719 hac
2292 5659 2550 5733 Ignatius
2582 5660 2755 5715 vitam
2786 5673 2918 5713 cum
2951 5661 3136 5713 morte
3166 5657 3547 5713 commutavit
3578 5671 3591 5711 :
3625 5655 3774 5728 Hya-
