4158 6280
501 358 608 415 743

1795 331 2095 388 GEORGII
2133 326 2592 382 PACHYMERE

3789 315 3880 371 744

501 485 631 536 νιῶν
693 472 916 551 ἀφανείᾳ
971 469 1054 541 (οὐ
1099 466 1202 542 γὰρ
1233 464 1421 519 εἷῶντο
1477 465 1557 534 τῷ
1617 457 1925 531 πατριάρχῃ
1982 471 2133 506 συνο-
2169 451 2221 516 Α
2252 447 2342 502 καὶ
2371 449 2506 524 πρὸς
2564 449 2627 502 τὸ
2677 447 2980 522 μοναχικὸν
3021 439 3409 499 ἀποκλίνουσα.
3466 440 3645 506 Συνῆν
3677 435 3731 491 δὲ
3757 437 3872 490 τού-

1272 550 1276 551 ,
1573 548 1582 551 _
1687 543 1806 551 -.--
1849 545 1862 551 -
2057 538 2066 551 ι
2457 537 2469 551 ι
2581 536 2593 551 ο
2648 539 2659 551 ι
2889 532 2918 544 υ
3059 536 3070 551 ι
3140 533 3184 551 ιν
3411 527 3424 551 Ι
3468 547 3581 551 Α---.
3648 526 3843 551 ---..μ-..ὶ

506 565 718 638 παδεῖν)
742 538 811 617 τὰ
840 567 934 629 τῆς
966 557 1204 631 ἀνάγκης
1235 550 1500 626 ἀλγεινῶς
1535 548 1647 622 μὲν,
1681 543 1806 600 ἀλλ’
1839 538 2144 615 ἀναγκαίως

506 655 750 731 δείφερον
814 651 910 704 Καὶ
948 649 972 702 6
1010 648 1101 720 μὲν
1154 641 1337 719 φθάνει
1385 641 1472 693 τὸν
1529 637 1643 712 βίον
1685 633 1744 688 ἐκ
1771 636 1865 687 τοῦ
1911 626 2142 698 πλησίον

509 743 839 816 ὑπεξελθὼν,
890 735 1163 795 Ὑάκινθος
1212 729 1269 784 δὲ
1322 728 1411 782 σὺν
1465 731 1579 787 τοῖς
1631 724 1760 800 ἀμφ’
1814 720 2012 775 ἐκεῖνον
2055 716 2145 770 τὸν

505 832 793 908 βασιλικὸν
844 825 1201 903 ὖφπρώμενος
1233 813 1424 896 φόϐων,
1479 813 1593 869 ἐπεὶ
1643 811 1730 867 καὶ
1776 811 1873 878 τὴν
1908 804 2144 880 ἀδελφὴν

511 919 725 975 ἐκείνου
780 918 1002 989 Μάρθαν
1061 912 1204 985 ἑώρα
1260 911 1339 978 τῷ
1396 904 1707 977 πατριάρχῃ
1753 894 2146 970 προσκειμένην

505 1011 572 1062 τὰ
625 1006 882 1080 μάλιστα,
939 999 1117 1074 ἐκείνῃ
1172 996 1238 1064 δὴ
1288 996 1612 1070 προσφοιτᾷ,
1661 989 1750 1043 καὶ
1794 1007 1899 1040 που
1929 1002 2150 1058 παρεισ-

511 1094 603 1158 δὺς
635 1095 701 1150 τά
753 1094 804 1155 ἐς
832 1091 1038 1168 τροφὴν
1103 1087 1304 1141 ἐκεῖθεν
1342 1085 1477 1158 εἶχε,
1513 1077 1680 1153 μηδὲν
1730 1078 1824 1128 τοῦ
1887 1069 2154 1145 βασιλέως

506 1182 741 1246 εἰδότος.
777 1158 878 1237 Ἦν
928 1158 1017 1233 οὖν
1070 1180 1140 1249 τῇ
1199 1175 1418 1246 μοναχῇ
1476 1168 1676 1242 Μάρθα
1723 1164 1808 1218 καὶ
1844 1163 1871 1215 6
1903 1158 2156 1226 Ἰωάννης

503 1270 643 1334 υἱός.
712 1271 892 1344 Τριῶν
949 1267 1052 1340 γὰρ
1113 1263 1248 1334 αὐτῇ
1305 1264 1411 1313 τῶν
1472 1256 1709 1332 ἀρρἑνων
1763 1249 1957 1316 ὄντων,
1996 1249 2021 1302 6
2057 1248 2150 1318 μὲν

506 1334 831 1435 Μιχαὴλ-τε
861 1334 1331 1426 καὶ-Ἀνδρόνικος
1385 1353 1615 1414 συνῆσαν
1665 1347 1744 1414 τῷ
1797 1337 2031 1416 βασιλεῖ,
2063 1334 2154 1390 καὶ

516 1452 629 1524 μετ’
660 1450 724 1503 ού
757 1445 898 1502 πολῦ
951 1443 1160 1498 τούτων
1195 1441 1222 1492 6
1259 1440 1351 1510 μὲν
1383 1436 1569 1490 τὸτοῦ
1604 1428 1843 1505 μεγάλου
1885 1446 2154 1500 πριμικη-

515 1511 640 1612 ρίου
690 1536 903 1608 ἀξίωμα
935 1533 961 1585 6
991 1526 1246 1603 Μιχαὴλ,
1280 1523 1495 1597 ὕστερον
1530 1515 1689 1612 δὶῇὥν
1737 1520 1834 1570 τοῦ
1879 1511 2157 1587 Ἀνδρονί-

516 1648 635 1697 κου,
691 1625 838 1698 παρὰ
893 1621 988 1676 τοῦ
1042 1619 1369 1692 κρατοῦντος
1425 1603 1749 1682 ἐλάμϐανεν,
1810 1606 1995 1678 ἅτερος
2035 1598 2091 1654 δὲ
2131 1600 2157 1653 6

513 1713 863 1789 Ἀνδρόνικος
913 1690 1088 1784 μέγας.
1131 1701 1495 1762 κονοσταῢλος
1547 1695 1983 1771 προεχειρίζετο*
2035 1690 2161 1765 παρ’

515 1807 581 1875 ἢν
613 1802 790 1860 αἰτίαν
844 1801 930 1856 καὶ
988 1797 1076 1852 ἐπὶ
1107 1801 1223 1855 ταῖς
1270 1795 1458 1864 τιμαῖς
1515 1785 1807 1856 ζηλοῦντος
1861 1785 1957 1836 τοῦ
2014 1779 2156 1853 πρώ-
2192 1802 2236 1865 Β
2267 1785 2808 1858 παρασκευαζομένου
2850 1829 2864 1854 ν

516 1915 616 1948 του
686 1890 918 1946 πλεῖστα
987 1878 1339 1958 ξυμϐεϐήκει,
1408 1878 1481 1939 ὡς
1536 1874 1672 1929 γατὰ
1734 1870 1901 1926 τόπον
1963 1869 2160 1927 ἱκανῶς

522 1979 772 2054 ἐροῦμεν.
807 1975 906 2029 Καὶ
939 1975 990 2027 οἱ
1025 1972 1116 2044 μὲν
1178 1966 1273 2022 δύο
1331 1963 1471 2019 οὕτω
1527 1961 1756 2029 συνήτην
1809 1961 1886 2027 τῷ
1923 1956 2158 2029 βασιλεῖ,

527 2042 698 2138 μηδὲν
759 2042 1366 2134 πολυπραγμονούντες’
1427 2054 1454 2104 ὁ
1516 2047 1558 2104 δ’
1624 2045 1874 2114 Ἰωάννης
1942 2042 2160 2114 ὕστερος

525 2151 598 2208 ὥν
626 2155 760 2215 τὲως
797 2152 891 2224 μὲν
930 2150 1066 2222 πρὸς
1117 2149 1212 2200 τοῦ
1266 2144 1410 2206 θείου
1465 2138 1553 2194 καὶ
1586 2134 1850 2190 δεσπότου
1911 2131 2160 2188 Ἰωάννου

529 2241 717 2313 ἐκείνῳ
758 2235 1301 2307 καθυπηρετούμενος
1351 2224 1681 2293 ἐπαιδεύετο,
1731 2223 1830 2289 τήν
1865 2219 1920 2274 δὲ
1955 2218 2162 2293 μητέρα

527 2303 926 2405 προσκειμένην
960 2303 1198 2399 -βλέπων
1259 2321 1336 2388 τῷ
1391 2311 1703 2389 πατριάρχῃ
1749 2309 1836 2363 καὶ
1889 2306 2050 2366 αὐτὸς
2081 2303 2163 2358 ἐκ·

524 2396 714 2480 τύπως
747 2396 1032 2486 έζή)ου,ν‹‹
1065 2410 1158 2477 Μὴ
1191 2409 1324 2482 ἅψη,
1363 2406 1438 2477 μή
1466 2401 1619 2476 θίγῃς
1650 2421 1677 2453 I
1719 2398 1882 2472 μέχρι
1925 2396 2014 2450 καὶ
2051 2398 2158 2486 τῷν

525 2505 916 2563 εὐτελεστάτων
1004 2499 1304 2575 ὑποφωνῶν
1385 2491 1474 2546 καὶ
1530 2486 1979 2561 διατηρούμενος.
2059 2481 2162 2536 Σὺν

530 2595 717 2668 ἐκείνῳ
745 2595 814 2662 ἦν
870 2589 958 2645 καὶ
987 2591 1022 2657 ἡ
1058 2573 1266 2662 ἀδελφὴ
1323 2577 1579 2636 Θεοδοσία
1632 2581 1747 2636 τοῖς
1779 2573 1962 2634 αὐτοῖς
1994 2591 2162 2646 προσ-

528 2685 756 2759 έχουσα,
809 2677 919 2749 ἤδη
950 2659 1314 2752 κεχηρωμενη
1358 2672 1454 2724 τοῦ
1485 2664 1677 2741 ἀνδρὸς
1731 2659 2164 2720 Βαλανειδιώτου

533 2895 769 2954 cinthus
801 2898 995 2948 autem
1053 2904 1185 2944 cum
1229 2885 1353 2941 suis
1380 2887 1437 2938 et
1467 2881 1722 2937 defuncti
1757 2875 2173 2947 superstitibus

536 2986 742 3042 amicis
817 2983 963 3036 iram
1041 2973 1410 3049 imperatoris
1483 2976 1774 3030 metuens,
1832 2964 2169 3036 praesidium

536 3077 812 3131 adversus
869 3085 993 3124 eam
1063 3065 1174 3120 sibi
1233 3061 1611 3132 quaerendum
1669 3055 1824 3124 apud
1877 3052 2167 3108 Martham

534 3161 759 3233 putavit
787 3161 914 3228 ejus
945 3170 1222 3218 sororem,
1257 3164 1430 3220 quam
1455 3144 1830 3214 commpdum
1861 3156 2165 3212 perspexe-

539 3258 622 3305 rat
657 3227 846 3303 favere
878 3242 1194 3315 plurimum
1227 3241 1285 3292 et
1315 3233 1617 3289 condolere
1647 3228 1886 3300 expulso
1920 3227 2167 3299 patriar-

538 3338 680 3393 chae.
713 3335 863 3404 Ergo
881 3314 960 3386 ad
992 3346 1118 3385 eam
1161 3325 1446 3380 ventitans
1472 3322 1612 3375 adeo
1646 3334 1706 3373 se
1756 3317 2079 3372 insinuavit.
2108 3314 2167 3368 in

539 3426 666 3492 ejus
698 3403 964 3493 gratiam,
995 3421 1060 3470 ut
1080 3414 1254 3468 etiam
1287 3411 1499 3464 victum
1534 3408 1668 3461 inde
1698 3403 2170 3473 haberet,horum

539 3490 742 3582 ignaro
775 3506 1043 3561 funditus
1076 3499 1355 3572 principe.
1392 3499 1528 3551 Erat
1577 3510 1745 3565 porro
1777 3490 2014 3546 Marthae
2051 3504 2172 3544 mo-

540 3581 736 3652 nachae
784 3595 1037 3649 Joannes
1082 3588 1256 3643 filius.
1289 3588 1429 3641 Tres
1480 3584 1631 3638 enim
1666 3581 1764 3635 illa
1812 3596 1942 3634 cum
1988 3591 2177 3632 mares

537 3684 860 3756 genuisset,
889 3694 1092 3735 eorum
1127 3674 1368 3730 Michael
1392 3677 1446 3727 et
1480 3669 1847 3724 Andronicus
1879 3667 2031 3737 apud
2067 3666 2180 3718 im-

539 3753 863 3845 peratorem
897 3770 1080 3831 erant,
1114 3780 1261 3836 quos
1307 3761 1477 3816 etiam
1512 3758 1609 3812 ille
1671 3773 1784 3810 non
1818 3754 2001 3808 multo
2051 3753 2182 3822 post

539 3863 658 3917 haec
690 3857 1012 3915 honoribus
1047 3851 1314 3910 ornavit:
1372 3865 1507 3904 nam
1557 3843 1802 3900 Michael
1853 3844 2046 3896 minor
2077 3841 2180 3892 An-

541 3948 779 4005 dronico
813 3944 1008 4017 magni
1045 3939 1357 4014 primicerii
1407 3935 1751 4006 dignitatem
1798 3930 1868 3985 ab
1921 3932 2182 3998 Augusto

541 4036 780 4108 accepit,
811 4016 1178 4089 Andronicus
1230 4043 1473 4097 magnus
1521 4019 1898 4077 conostaulus
1930 4016 2183 4072 declara-

537 4131 634 4182 tus
651 4105 736 4181 est
763 4139 894 4194 ;per
907 4136 1084 4192 quam
1105 4116 1486 4174 ambitionem
1514 4111 1820 4177 honorum,
1837 4105 2187 4162 ambulante

540 4215 729 4285 primo
763 4211 1034 4274 alterum,
1086 4205 1273 4261 multa
1317 4203 1467 4256 inter
1497 4201 1704 4253 fratres
1754 4195 2123 4266 contigerunt
2156 4210 2188 4247 a

542 4301 710 4358 nobis
744 4295 1122 4353 memoranda
1167 4295 1453 4363 quantum
1486 4287 1594 4342 erit
1632 4301 1778 4356 opus
1808 4299 1913 4338 suo
1944 4281 2091 4337 loco.
2127 4282 2189 4336 In

541 4389 698 4444 hunc
729 4388 966 4443 modum
1001 4383 1062 4438 hi
1095 4382 1336 4454 quidem
1369 4379 1484 4432 duo
1519 4376 1576 4429 in
1610 4372 1974 4444 imperatoris
2008 4370 2188 4426 comi-

540 4483 662 4533 tatu
722 4475 1130 4537 versabantur,
1189 4467 1334 4524 nihil
1387 4466 1480 4521 his
1546 4480 1607 4518 se
1667 4461 2085 4516 immiscentes.
2120 4461 2194 4514 At

2253 558 2361 597 τοις
2415 537 2480 591 τὰ
2539 536 2671 590 αὐτὰ
2718 532 2989 614 φρονοῦσα
3047 536 3082 602 ἡ
3140 527 3584 602 Νπστογγόνισσα
3648 526 3868 600 μοναχῆ,

2247 621 2312 692 ἤν
2357 624 2651 700 ἐτεροθαλῆ
2686 627 2713 678 6
2747 624 2910 698 λόγος
2959 619 3188 689 ἐδείκνυ,
3232 620 3313 672 ὅτι
3364 616 3421 670 ἐκ
3468 614 3743 689 πρπτὲρας
3787 634 3871 686 γυ-

2247 713 2431 774 ναικὸς
2470 718 2550 785 τῷ
2604 711 2992 786 Ταρχανειώτῃ
3041 707 3352 784 γεγέννητο.
3400 707 3567 758 Ἦσαν
3602 699 3694 754 οὖν
3745 701 3875 754 οὗτοι

2249 802 2437 863 πάντες
2514 803 2591 868 τῷ
2647 801 2913 871 Ὑακίνθῳ
2982 797 3250 865 συνόντες,
3315 792 3402 847 καὶ
3464 788 3753 860 ζηλοῦντες
3805 786 3876 841 ἐκ·

2250 889 2431 949 τύπως
2479 889 2610 962 ὑπὲρ
2657 893 2752 942 τοῦ
2802 887 3147 961 πατριάρχου
3204 886 3407 945 κακῶς,
3459 876 3504 932 ὦ
3551 877 3712 947 νόμοι
3757 876 3880 929 θεῖοι

2252 977 2341 1030 καὶ
2401 973 2548 1045 δίκη,
2608 975 3006 1050 ἐξορισθὲντος.
3069 970 3246 1026 Ἀλλὰ
3301 973 3469 1024 ταῦτα
3523 967 3617 1039 μὲν
3675 963 3748 1025 εἷς
3790 984 3880 1017 το-

2254 1085 2470 1118 σουτον.

2255 1223 2322 1277 κ’.
2364 1223 2551 1282 ’Όπως
2590 1220 2680 1274 καὶ
2741 1218 2830 1274 διὰ
2883 1223 2980 1273 τοῦ
3041 1214 3288 1290 Σάρδεων
3351 1209 3585 1290 Χαλαζὰ
3634 1208 3888 1290 ἐπιχειρεῖ

2470 1293 2497 1345 6
2535 1291 2786 1366 βασιλεὺς
2827 1295 2903 1362 τῷ
2941 1284 3370 1362 πατριάρχοῦντι
3404 1284 3694 1356 Γερμανῷ.

2335 1434 2418 1508 [Ρ.
2449 1436 2576 1506 200]
2608 1434 2670 1489 Ὀ
2716 1431 2772 1486 δὲ
2820 1451 2880 1506 γε
2930 1427 3187 1505 βασιλεὺς
3235 1427 3322 1481 καὶ
3377 1421 3561 1492 ἄλλην
3613 1426 3794 1508 πεῖραν
3828 1422 3892 1489 τῷ

2259 1505 2689 1596 πατριάρχοῦντι
2721 1505 2922 1594 ἀρτύει.
2956 1520 3068 1574 Τοῦ
3111 1515 3211 1590 γὰρ
3265 1512 3493 1580 Χαλαζᾶ
3545 1507 3787 1581 Σάρδεων
3819 1505 3890 1582 ἐφ,

2259 1609 2442 1664 ἱκανὸν
2495 1613 2565 1682 τῇ
2599 1606 3006 1665 Κωνσταντίνου
3059 1601 3615 1679 προσδιατρίψαντος,
3653 1596 3761 1651 ἐπεὶ
3796 1593 3888 1650 ἔδει

2261 1699 2397 1770 πρὸς
2463 1698 2560 1765 τὴν
2618 1696 2895 1771 λαχοῦσαν
2952 1693 3156 1749 ἐκεῖνον
3214 1688 3570 1762 ἀποδημεῖν,
3625 1685 3700 1746 εἷς
3753 1687 3894 1738 τοῦτο

2953 1784 3234 1852 ὑποθήκας
3319 1775 3636 1850 ἐμπιστὲύει
3719 1775 3766 1829 o't
3838 1769 3898 1826 δι’

2269 1873 2595 1950 ἀπορῥήτων
2625 1875 2652 1926 δ
2689 1871 2942 1947 βασιλεῦς
2996 1871 3076 1948 ἐφ’
3129 1871 3173 1940 ᾧ
3213 1869 3247 1937 ἢ
3282 1866 3734 1940 αὐτοπροσώπως
3767 1861 3899 1915 ἐντυ-

2273 1967 2391 2036 χεῖν
2419 1967 2497 2033 τῷ
2544 1962 2856 2035 πατριάρχῃ
2905 1959 2995 2013 καὶ
3038 1947 3119 2012 ⁷τᾶ
3169 1956 3306 2011 αὐτὰ
3363 1959 3443 2024 τῷ
3501 1953 3703 2027 Ἰωσὴφ
3751 1947 3896 2002 εἰπεῖν

2270 2051 2404 2125 πρὸς
2461 2051 2686 2116 ἐκεῖνον,
2735 2047 2769 2116 ἢ
2828 2047 2917 2102 καὶ
2961 2050 3167 2120 γράψαι
3215 2043 3303 2099 καὶ
3335 2038 3645 2097 ἐπιστεῖλαι
3706 2033 3896 2109 μᾶλλον

2273 2137 2330 2193 ἐκ
2359 2135 2719 2208 Χαλκηδόνος
2774 2136 3090 2208 ἐξορμῶντα
3144 2133 3279 2207 πρὸς
3328 2132 3427 2199 τὴν
3491 2124 3781 2196 ἀνατολήν.
3812 2124 3898 2179 Καὶ

2272 2228 2332 2280 τὸ
2389 2225 2607 2299 σκέμμα
2662 2227 2734 2286 ὡς
2797 2223 2931 2298 βαθύ
2987 2223 3163 2278 τεκαὶ
3222 2219 3515 2292 εὐπρεπὲς.
3577 2215 3654 2273 Τό
3710 2235 3767 2268 τε
3813 2213 3898 2288 γᾶρ

2277 2313 2559 2388 ὑψίθρονον
2592 2312 2738 2388 παρᾶ
2765 2311 2890 2372 τοὺς
2948 2309 3152 2370 ἄλλους
3204 2309 3413 2382 λέγειον
3451 2305 3588 2380 πρὸς
3623 2303 3811 2357 ἐκεῖνον
3840 2299 3898 2353 τὰ

2273 2402 2408 2456 αὐτὰ
2438 2398 2641 2470 ἐδίδου,
2673 2400 2762 2454 καὶ
2793 2400 2854 2453 τὸ
2886 2396 3225 2473 χειροτονίας
3260 2391 3388 2450 ὅντα
3427 2393 3524 2448 τὸν
3578 2386 3814 2462 Σάρδεων
3841 2383 3896 2453 ἤν

2275 2492 2302 2545 6
2335 2490 2610 2564 Ἀρσὲνιος
2639 2489 2741 2543 οὐκ
2775 2487 3018 2561 ἐδέχετο,
3049 2489 3270 2539 τοιαῦτα
3319 2486 3400 2553 τῷ
3434 2480 3750 2553 πατριάρχῃ
3779 2494 3895 2547 παρ-

2272 2583 2462 2646 αινεῖν,
2497 2575 2614 2631 δὲον
2671 2577 2797 2651 παρ’
2854 2575 3018 2629 αὐτοῦ
3060 2571 3269 2647 δεχθεὶς
3327 2569 3568 2644 ἀγαπᾷν,
3622 2563 3895 2621 δεικνύντος

2275 2663 2334 2719 ἂν
2368 2664 2449 2736 εἷή
2485 2666 2559 2728 ὡς
2601 2664 2740 2720 ἄλλο
2787 2684 2839 2718 τι
2874 2661 3164 2738 βαθύτερον
3209 2659 3534 2724 ὑπορύσσων
3579 2657 3793 2710 τοιτῦτα
3819 2648 3896 2704 λέ-

2283 2876 2518 2941 studiis,
2550 2891 2676 2946 quae
2708 2874 2882 2928 vidua
2913 2872 3113 2928 relicta
3145 2875 3330 2927 morte
3361 2870 3739 2926 Balanidiotaa
3780 2879 3892 2920 con-

2275 2964 2436 3036 jugis
2494 2965 2562 3018 ad
2624 2962 3008 3018 monasticam
3087 2977 3148 3016 se
3204 2961 3378 3014 vitam
3447 2959 3753 3027 receperat.
3813 2950 3895 3005 llis

2280 3052 2611 3106 adhaerebat
2636 3051 2906 3106 concordi
2939 3049 3224 3104 sententia
3266 3046 3727 3117 Nostongonissa
3756 3039 3896 3095 etiam

2282 3140 2587 3205 monacha,
2643 3155 2819 3209 quam
2870 3139 3081 3192 horum
3128 3153 3192 3190 ex
3241 3143 3403 3206 patre
3457 3147 3709 3189 sororem
3741 3140 3892 3197 supra

2281 3228 2618 3292 memoravi,
2654 3226 2926 3298 quoniam
2979 3243 3046 3280 ex
3095 3224 3270 3295 priori
3319 3225 3572 3294 conjuge
3604 3237 3636 3274 a
3671 3215 3888 3272 Tarcha-

2273 3318 2432 3372 niota
2453 3316 2647 3387 genita
2679 3316 2885 3369 fuerat.
2911 3315 3127 3368 Horum
3153 3318 3277 3368 erat
3298 3312 3566 3366 omnium
3600 3311 3751 3364 arcta
3773 3319 3886 3357 con-

2277 3404 2614 3461 suetudinis
2641 3407 2695 3457 et
2725 3401 3104 3457 consiliorum
3138 3417 3268 3455 cum
3303 3398 3625 3471 Hyacintho
3661 3389 3887 3449 necessi-

2276 3491 2439 3557 tudo,
2474 3491 2697 3544 ardenti
2731 3490 2946 3558 pariter
2976 3490 3180 3542 affectu
3215 3485 3663 3542 condolentibus
3694 3475 3889 3535 cunctis

2282 3580 2494 3634 misero
2537 3578 2801 3644 Arsenio,
2851 3577 3070 3646 injuste
3119 3577 3172 3646 (-0
3217 3575 3319 3645 jus
3368 3575 3577 3644 fasque
3611 3570 3622 3624 ι
3656 3585 3685 3624 o
3715 3565 3889 3620 divinis

2285 3668 2438 3736 leges
2471 3666 2513 3734 ι)
2537 3683 2566 3721 e
2597 3667 2735 3720 sede
2772 3663 3143 3734 patriarchali
3175 3663 3232 3717 in
3266 3661 3540 3718 exsilium
3572 3659 3764 3729 eiecto.
3795 3648 3887 3706 Sed

2285 3756 2405 3810 haec
2436 3755 2741 3810 hactenus.

2285 3916 2375 3971 20.
2413 3915 2476 3971 Ut
2515 3929 2613 3984 per
2659 3911 2984 3966 Sardensem
3014 3911 3318 3984 Clialamm
3367 3907 3574 3963 iterum
3609 3905 3890 3984 jmperalor

2556 3983 2893 4038 Germanum
2921 3981 3299 4053 patriarcham
3349 3977 3658 4035 tentaverit.

2363 4114 2435 4163 At
2459 4107 2776 4178 imperator
2798 4105 3135 4177 patriarchae
3161 4121 3368 4160 novam
3398 4104 3640 4158 alteram
3663 4088 3892 4152 tentatio-

2293 4215 2425 4253 nem
2466 4198 2787 4252 adornavit.
2809 4195 2948 4249 Cum
2974 4195 3129 4249 enim
3151 4195 3421 4249 Sardium
3448 4191 3744 4263 episcopus
3768 4178 3889 4236 Cha-

2293 4286 2418 4341 laza
2447 4290 2538 4340 sat
2562 4286 2659 4340 diu
2692 4283 3191 4353 Constantinopoli
3243 4287 3508 4337 moratus
3555 4277 3770 4333 differre
3797 4276 3891 4320 non

2296 4377 2495 4444 posset
2519 4389 2693 4426 suum
2726 4373 2784 4427 in
2810 4371 3102 4442 propriam
3138 4369 3441 4424 ecclesiam
3477 4359 3891 4424 reditum,nlqu°

2298 4441 2442 4516 adeo
2471 4460 2529 4514 in
2564 4460 2862 4531 procinctu
2895 4460 3023 4527 ejus
3056 4456 3428 4529 profectionis
3459 4441 3889 4520 esset,egitclam

538 4566 794 4620 Joannes
820 4561 1106 4617 ambobus
1141 4559 1331 4612 minor
1380 4558 1517 4608 natu
1551 4552 1832 4606 hactenus
1860 4547 1917 4602 in
1963 4545 2180 4601 familia
2212 4534 2257 4594 Ι)
2287 4564 2422 4604 cum
2454 4563 2520 4603 eo
2553 4548 2869 4618 imperator
2899 4551 2962 4600 ut
2992 4551 3091 4600 aut
3120 4545 3293 4600 verbo
3344 4560 3562 4610 comm,
3611 4537 3888 4600 antequam

545 4656 603 4708 et
633 4649 912 4720 obsequio
945 4646 1133 4702 aulico
1167 4644 1318 4701 296
1353 4639 1624 4697 avunculi
1657 4638 1907 4707 despotae
1938 4631 2183 4688 Joannis

547 4738 924 4794 educabatur.
955 4736 1059 4788 Hic
1091 4737 1332 4787 matrem
1367 4730 1678 4784 observans
1709 4720 1982 4778 benevole
2013 4722 2183 4775 affec-

546 4831 665 4881 tam
715 4823 1058 4896 patriarchas
1117 4821 1174 4873 in
1225 4820 1375 4872 hanc
1403 4833 1464 4870 se
1514 4820 1759 4884 partem,
1818 4809 2189 4865 vehementer

549 4915 724 4970 etiam
746 4912 1098 4966 incumbens
1128 4906 1530 4974 temulansque
1548 4918 1726 4972 supra
1751 4895 2187 4964 modum,addi-

2293 4639 2495 4703 abiret,
2529 4641 2629 4692 aut
2660 4636 2892 4706 scriptis
2925 4635 3287 4691 Chalcedone
3319 4635 3377 4688 in
3434 4635 3691 4704 digressu
3718 4626 3889 4676 versus

2293 4726 2586 4782 Orientem
2620 4725 2832 4780 litteris
2857 4726 3056 4779 eadem
3079 4723 3419 4794 patriarchas
3453 4714 3890 4788 suggereretqu‘”

2295 4813 2511 4870 frustra
2539 4813 2833 4884 Josephus
2877 4819 3159 4867 suaserat.
3186 4811 3403 4866 Callide
3434 4810 3488 4864 id
3523 4797 3890 4884 excogitatum.

2297 4907 2497 4973 utpote
2529 4902 2596 4955 ad
2634 4917 2796 4971 spem
2827 4915 3138 4954 successus
3171 4915 3287 4952 non
3317 4913 3519 4968 parum
3543 4875 3888 4948 accommoda-

2297 4967 2446 5056 tum,
2475 4967 2786 5043 consilium
2821 4987 2968 5054 fuit;
2999 5003 3132 5041 nam
3167 4991 3224 5040 et
3256 4967 3616 5042 auctoritatis
3658 4967 3892 5055 habitura

2301 5077 2619 5147 plurimum
2672 5075 2867 5131 suasio
2933 5045 3079 5130 9691
3144 5074 3450 5129 videbatur
3495 5069 3563 5123 ab
3619 5045 3887 5147 eminenti?

2301 5130 2782 5221 throniantistite
2821 5164 3098 5234 profecta,
3131 5166 3188 5216 et
3243 5164 3490 5216 maxime
3523 5151 3797 5226 purgatam
3833 5130 3888 5234 αἲξ

2304 5254 2462 5310 omni
2508 5253 2841 5324 suspicione
2887 5251 3141 5322 partium
3203 5251 3456 5305 futuram
3500 5238 3741 5299 eamdem
3789 5218 3892 5324 ‘emt

2306 5338 3009 5407 consentaneum,idoirco
3042 5339 3195 5409 quod
3220 5354 3352 5393 cum
3385 5329 3654 5390 Arsenius
3677 5311 3886 5409 Sarden:

2308 5430 2390 5485 sis
2421 5429 2848 5484 ordinationem
2873 5427 3178 5482 admittere
3210 5443 3313 5497 pro
3345 5421 3592 5495 legitime
3620 5395 3887 5467 renuisseb

2309 5517 2496 5590 palam
2530 5517 2623 5572 hic
2657 5516 2728 5572 ab
2758 5515 3080 5572 Arseniana
3111 5494 3358 5569 factione
3408 5499 3774 5590 alienissimus

2310 5607 2569 5662 tabatur.
2630 5605 2778 5673 Quin
2838 5605 2944 5660 hac
2995 5604 3124 5676 ipsa
3180 5620 3248 5658 ex
3306 5615 3478 5658 causa
3533 5574 3888 5648 insinuabant?

565 5004 749 5071 derat,
783 5001 926 5055 adeo
956 5003 1019 5051 ut
1045 5012 1214 5050 nemo
1244 5011 1308 5049 eo
1342 4990 1725 5063 frequentius,
1766 5004 1937 5042 nemo
1977 5001 2195 5057 pugna-

556 5091 682 5146 cius
713 5089 911 5144 tritam
944 5086 1104 5140 illam
1139 5082 1449 5137 formulam
1501 5075 1894 5134 aversantium
1928 5090 2195 5129 commu—

559 5179 793 5232 nionem
827 5176 1080 5229 adversae
1113 5176 1395 5240 tanquam
1424 5168 1674 5238 profana
1706 5163 1972 5218 factionis
2000 5162 2194 5217 verbis

559 5265 844 5336 factisque
875 5263 1207 5332 usurparet,
1250 5258 1317 5312 ad
1369 5272 1602 5310 omnem
1653 5268 1960 5308 occursum
2003 5255 2194 5323 partes

558 5353 848 5409 tuentium
871 5348 1185 5406 Germani:
1221 5370 1241 5394 α
1269 5345 1413 5400 Cave
1440 5342 1761 5413 contingas,
1797 5364 1822 5390 »
1851 5339 2195 5407 inclamans,

563 5440 974 5513 superstitione
1007 5451 1193 5508 usque
1225 5434 1294 5490 ad
1330 5431 1556 5486 minimi
1583 5447 1812 5502 quoque
1833 5446 1898 5484 ac
1926 5428 2203 5485 levissimi

565 5545 709 5583 usus
762 5523 1293 5582 fastidiosissimam
1345 5517 1797 5575 declinationem
1844 5504 2198 5572 abundante.

567 5617 711 5672 Cum
742 5631 807 5670 eo
837 5613 894 5668 in
923 5613 1016 5668 his
1047 5615 1171 5668 erat
1193 5607 1514 5666 Theodosia
1538 5623 1702 5663 soror
1723 5605 1929 5662 iisdem
1964 5606 2202 5677 praedita
