4158 6280
300 332 412 388 745

1347 332 1444 385 DE
1478 328 1846 385 MICHAELE
1886 325 2327 383 PALEOLOGO
2362 329 2494 381 LIB.
2536 329 2631 381 IV.

3591 323 3700 379 746

304 476 400 530 γοι
428 475 489 509 τε
515 455 603 509 καὶ
637 447 1004 526 συμϐουλεύοι
1037 450 1090 506 οἱ
1119 450 1331 527 ἀφεῖναι
1359 451 1451 504 τὸν
1489 448 1699 522 θρόνον.
1749 445 1812 500 Ei
1861 447 1934 518 μή
1969 449 2021 514 Α
2053 448 2142 500 τὸν
2176 449 2456 520 γράψαντα
2485 446 2566 520 ἐφ’
2597 446 2744 521 ᾧπερ
2774 445 2981 519 κριθείη
3012 450 3234 501 τοιαῦτα
3262 448 3397 521 πρὸς
3427 447 3518 502 τὸν
3549 449 3704 519 πρῶ,

305 567 360 598 τι
395 541 539 596 ἄλλο
563 543 688 616 γὰρ,
722 539 849 595 ἀλλ’
900 538 988 595 οὖν
1015 541 1076 594 τὸ
1116 547 1216 608 τῆς
1251 539 1581 611 μεταθέσεως
1613 535 1672 589 ἂν
1707 537 1793 589 καὶ
1825 535 1949 608 παρ’

310 631 508 693 ἄλλοις
538 631 613 691 ὡς
645 627 900 702 ἔγκλημα
929 633 1005 698 τῷ
1039 627 1439 700 μετατιθεμένῳ
1479 624 1701 697 ἰσχυρὸν
1754 620 1949 691 ἐδόκει,

314 719 454 777 ὣστε
503 719 588 772 καὶ
649 716 914 790 ἐκχωρεῖν
976 716 1385 787 ἀναγκάζεσθαι·
1447 711 1571 766 ἀλλ’
1618 708 1710 763 οὖν
1765 707 1949 780 ἐκείνῳ

312 808 461 881 παρὰ
516 805 767 860 τοιούτου
825 807 919 856 τοῦ
976 804 1065 856 ἀπ’
1121 801 1350 877 Ἐφέσου
1388 797 1706 873 Νικφφόρου
1734 796 1952 869 τὴνάρ-

313 892 655 968 χιερωσύνην
719 885 943 946 λαϐόντι
999 888 1323 962 προσίστατο
1384 883 1439 939 ἂν
1486 887 1554 938 τὰ
1605 883 1835 957 μεγάλα,
1878 884 1952 944 ὡς

315 982 378 1036 οὐ
416 979 626 1040 μᾶλλον
661 979 863 1032 ἐκεῖνον
895 974 1266 1044 καταδικάζειν
1299 977 1333 1044 ἦ
1362 973 1570 1039 ἑαυτὸν,
1613 975 1834 1026 τοιαῦτα
1864 970 1956 1025 λέ-

316 1045 493 1144 γοντι.
526 1071 593 1122 ’Ἄ
628 1065 694 1135 δὴ
728 1066 816 1120 καὶ
845 1067 936 1119 τὸν
969 1067 1405 1137 πατριαρχοῦντα
1431 1062 1556 1116 τότε
1605 1056 1844 1114 λαϐόντα
1891 1058 1957 1112 τὰ

313 1160 442 1232 παρ’
500 1156 709 1210 ἐκείνου
766 1157 1085 1228 γράμματα,
1140 1148 1324 1217 ἐπειδὴ
1376 1156 1466 1203 τὸν
1509 1149 1772 1222 Θρᾳκικὸν
1820 1145 1956 1199 ἐκεῖ-

317 1265 409 1305 νος
465 1241 789 1316 περαιωθείς
832 1242 1112 1313 Βόσπορον
1144 1239 1236 1310 ἅμ’
1284 1232 1532 1291 ἐπέϐαινε
1559 1243 1656 1303 τῆς
1687 1235 1815 1294 νεὼς
1866 1233 1952 1287 καὶ

318 1333 432 1404 ἅμα
486 1331 689 1384 τοιαῦτ’
743 1330 872 1382 ἄττα
922 1326 1172 1396 κινητικᾶ
1225 1325 1360 1400 πρὸς
1419 1324 1746 1396 παραίτησιν
1804 1318 1957 1394 ἔγρα.

319 1441 437 1496 φεν,
492 1418 568 1478 εἰς
601 1417 699 1470 οὐκ
728 1415 930 1489 ἀγαθὰς
989 1413 1245 1475 ὑπονοίας
1301 1411 1478 1485 ἐνῆγε,
1533 1411 1621 1464 καὶ
1663 1409 1736 1470 ὡς
1769 1408 1868 1463 οὐκ
1898 1408 1956 1462 ἃν

318 1507 527 1568 ἐκεῖνος
555 1504 786 1575 τολμώη
821 1505 1042 1557 τοιαῦτα
1073 1502 1297 1575 γράφειν
1351 1498 1438 1552 καὶ
1495 1499 1584 1551 τὸν
1618 1502 1833 1569 πρῶτον
1863 1516 1956 1549 κα-

319 1591 614 1669 θυϐρίζειν,
665 1592 709 1646 εἰ
771 1593 844 1662 μή
879 1591 930 1664 γ’
963 1589 1191 1644 ἄλλοθεν
1243 1589 1358 1661 εἶχε
1385 1587 1448 1640 τὸ
1478 1582 1776 1660 ἐγχωροῦν,
1811 1585 1960 1645 Τέως

319 1681 379 1738 δὲ
407 1683 566 1756 πείρᾳ
593 1682 656 1736 τὸ
686 1687 909 1755 πρᾶγμα
939 1675 1122 1738 διδοὺς
1180 1676 1426 1749 παραυτὰ
1482 1674 1617 1746 πρὸς
1652 1672 1743 1725 τὸν
1810 1672 1959 1746 βασι-

316 1771 418 1827 λέα
474 1770 706 1840 πέμπειν
762 1769 834 1828 ὡς
893 1769 1034 1840 εἶχεν
1091 1764 1226 1840 ἔγνω
1279 1765 1340 1818 τὸ
1378 1761 1626 1838 γράμμα,
1663 1760 1956 1834 μαρτύριον

318 1862 412 1915 τὸν
444 1859 644 1913 ἐκεῖθεν
679 1851 1044 1927 ἐκϐησόμενον
1075 1858 1180 1907 τῶν
1213 1848 1489 1926 παρόντων
1523 1851 1742 1922 θέμενος
1793 1848 1958 1920 ἀψευ-

323 1947 597 2015 δέστατον,
655 1945 728 2004 ὡς
759 1943 808 1997 εἴ
840 1945 934 2014 μὲν
969 1944 1266 2016 ἐπαλγήσει
1307 1945 1422 2001 τοῖς
1469 1943 1745 2014 γραφεῖσιν
1781 1940 1808 1991 ὁ
1861 1938 1960 2012 βοι-

317 2035 504 2097 σιλεὺς
561 2034 656 2088 κάν
713 2031 872 2100 δεινῷ
929 2032 1082 2098 θήσει
1134 2029 1197 2083 τὸ
1253 2035 1494 2103 πρᾶγμα,
1545 2027 1682 2081 ὥστε
1708 2027 1796 2080 καὶ
1821 2025 1956 2078 ἀπο-

321 2122 569 2179 στέλλειν
627 2119 716 2175 καὶ
778 2117 1126 2194 ὑποστρέφειν
1209 2119 1287 2189 [Ρ.
1363 2116 1488 2187 201]
1543 2113 1954 2188 καταναγκάζειν

305 2333 948 2402 commendabaturque
980 2329 1266 2385 Germano
1292 2328 1448 2382 velut
1477 2327 1768 2382 sincerum
1791 2329 1847 2382 et
1872 2343 1940 2381 ex

301 2444 438 2482 vero
471 2425 666 2480 studio
701 2422 1021 2492 profectum
1051 2416 1356 2473 consilium
1390 2417 1527 2470 talis
1557 2415 1940 2484 auctoris,cui

307 2514 580 2587 privatim
614 2510 757 2565 utile
787 2512 1092 2580 appareret
1122 2509 1382 2576 perstare
1431 2504 1488 2558 in
1540 2503 1939 2573 patriarchatu

306 2604 690 2666 Germanum,
721 2616 753 2653 a
783 2613 898 2668 quo
930 2593 1129 2665 utique
1160 2610 1262 2665 pro
1291 2608 1426 2647 vero
1457 2591 1728 2663 episcopo
1761 2606 1942 2661 agno-

309 2697 592 2750 sceretur.
623 2692 808 2755 Quare
840 2690 903 2740 ut
930 2685 980 2739 is
1009 2689 1205 2738 tamen
1255 2683 1378 2753 ipse
1427 2685 1632 2736 contra
1679 2680 1945 2751 proprias

311 2781 598 2837 utilitates
620 2790 912 2833 secessum
936 2772 1070 2827 inde
1093 2769 1439 2836 consuleret,
1466 2786 1648 2841 prona
1668 2773 1790 2823 erat
1811 2784 1944 2823 con-

309 2872 540 2939 jectura
569 2862 979 2921 occultioribus
1000 2877 1128 2915 eum
1154 2859 1506 2931 quibusdam
1531 2863 1587 2912 et
1607 2856 1854 2911 diversis
1876 2856 1948 2910 ab

316 2958 394 3013 iis
427 2972 552 3027 quae
583 2953 747 3024 vulgo
777 2951 1167 3021 allegarentur
1198 2948 1522 3002 rationibus
1548 2944 1779 3001 moveri.
1805 2944 1947 2998 Nam

317 3046 470 3117 quod
505 3046 573 3098 ab
607 3043 734 3096 aliis
764 3040 946 3111 excipi
981 3037 1193 3094 soleret
1221 3040 1420 3090 contra
1471 3033 1824 3090 Germanum
1880 3033 1950 3086 de

2058 556 2083 565 _
2185 535 2196 549 -ι
2283 534 2294 562 ί
2351 556 2366 564 _
2519 532 2582 550 αδ
2741 535 2769 554 ιν
2900 535 2914 556 ε
3054 535 3068 554 9
3163 533 3214 554 ἐκ
3458 540 3482 550 -

2069 555 2148 588 .ov
2183 537 2481 606 εκθιμινος,
2517 536 2685 603 οηλον
2721 555 2850 589 ειναι
2884 558 2958 598 ως
3014 557 3112 589 ουκ
3136 535 3342 597 ειοότος
3391 557 3486 590 του
3544 538 3699 611 βασι-

2061 620 2198 681 λέως
2231 617 2435 695 προέϐη
2471 626 2656 693 ταῦτα,
2716 623 2803 675 καὶ
2859 622 3118 700 ἀσφαλῶς
3173 622 3317 699 ἔχειν
3352 625 3587 687 ἐντεῦθεν
3622 625 3699 680 εἴ·

2061 730 2145 762 ναι
2174 716 2276 776 τῆς
2331 711 2722 771 καταστάσεως·
2758 711 2806 764 εἷ’
2852 708 2908 764 δὲ
2943 713 3125 783 μαθὼν
3157 714 3284 786 παρ’
3325 710 3477 767 οὐδὲν
3547 715 3699 782 θήσει

2062 798 2126 850 τὰ
2151 792 2523 872 γεγραμμένα,
2583 797 2726 854 ἀλλὰ
2755 799 3080 874 προφάσεσιν
3127 799 3362 856 ἐπειλύει
3393 803 3483 855 καὶ
3538 802 3697 878 ἀναρ-

2062 889 2127 954 τᾷ
2184 886 2257 946 ὡς
2316 885 2450 938 κατὰ
2473 886 2657 950 καιρὸν
2681 885 2817 948 ’ίσως
2851 889 3117 958 ζητήσων,
3177 887 3212 956 ἢ
3252 887 3342 942 καί
3370 887 3556 951 ἄλλως
3580 895 3699 952 πῶς

2066 971 2414 1027 ἐπιστείλειεν
2502 974 2574 1034 ὡς
2658 972 2815 1043 δῆθεν
2897 975 3219 1030 καταπαύων
3307 979 3396 1032 καὶ
3455 981 3700 1053 ἡμερῶν,

2062 1062 2372 1114 τούντεῦθεν
2436 1064 2510 1132 μή
2572 1062 2704 1116 εἶναι
2744 1061 2909 1117 πλέον
2945 1065 3017 1124 εἷς
3049 1064 3109 1117 τὸ
3164 1071 3348 1137 μαθεῖν
3380 1066 3454 1127 ὡς
3487 1067 3514 1119 ὁ
3549 1067 3705 1126 Βασι-

2065 1147 2190 1209 λεὺς
2249 1149 2370 1224 περὶ
2430 1149 2587 1204 αὐτὸν
2638 1151 2943 1225 ἡψικόρησε
3008 1154 3095 1207 καὶ
3154 1153 3329 1228 βουλῇ
3386 1154 3581 1209 τούτου
3636 1156 3704 1209 τὰ

2063 1241 2284 1290 τοιαῦτα
2342 1237 2661 1311 γέγραπται.
2712 1241 2872 1294 Ταῦτ’
2933 1240 2983 1294 ἐν
3042 1245 3114 1312 νῷ
3171 1241 3415 1313 θέμενος,
3447 1244 3700 1313 προσθεὶς

2066 1322 2125 1377 ἐκ
2179 1325 2506 1396 μηνυμάτων
2566 1327 2651 1380 καὶ
2714 1326 2939 1400 ἀλγεινὰ
2991 1329 3064 1389 ὡς
3097 1327 3325 1384 λυποῖτο
3355 1330 3422 1384 τὰ
3451 1329 3699 1400 πλεῖστα,

2067 1411 2327 1484 ἐκπέμπει
2385 1414 2476 1468 τὸν
2528 1417 2589 1469 τὸ
2619 1415 2850 1489 γράμμα
2880 1413 3282 1489 διακομίσοντα.
3341 1419 3396 1471 Ὀ
3429 1416 3486 1472 δὲ
3517 1414 3699 1474 λαϐὼν

2065 1515 2122 1554 τε
2173 1502 2264 1554 καὶ
2321 1501 2576 1577 ἀναγνοὺς
2611 1504 2716 1577 οὐχ
2746 1503 2895 1565 ὅπως
2926 1509 3043 1567 τοῖς
3096 1505 3495 1580 γεγραμμένοις
3526 1507 3704 1578 ἐπήλ-

2063 1609 2248 1662 γησεν,
2279 1588 2406 1644 ἀλλ’
2465 1593 2578 1644 οἷον
2613 1591 2796 1645 ἑαυτὸν
2847 1591 3226 1662 ἐπαλαστήσας
3284 1593 3330 1646 εἰ
3388 1593 3530 1649 οὕτω
3585 1601 3703 1658 ταῖς

2064 1680 2171 1729 τῶν
2204 1682 2403 1730 κοινῶν
2437 1683 2641 1751 σειραῖς
2674 1679 3100 1754 συσφιγγόμενος
3157 1681 3244 1734 καὶ
3276 1683 3395 1756 περὶ
3457 1686 3552 1737 τοῦ
3599 1703 3705 1738 πα-

2067 1767 2332 1837 τριάρχου
2390 1765 2692 1841 φροντίζειν
2763 1765 3182 1842 ἐπαναγκάζοιτο
3216 1811 3230 1831 ,
3288 1769 3478 1826 αὐτίκα
3536 1769 3705 1844 μηδὲν

2073 1850 2352 1922 μελλήσας
2417 1852 2605 1924 μηνύει
2663 1854 2737 1914 ὡς
2797 1879 2824 1906 ‹‹
2860 1857 2948 1910 Ἐν
2981 1856 3167 1929 χερσὶν
3195 1856 3352 1918 αὐτὸς
3408 1857 3552 1934 ἔχεις
3610 1862 3702 1915 τὸν

2067 1936 2253 2013 ἄνδρα,
2312 1939 2454 1993 οὕτω
2482 1945 2588 1995 τῶν
2639 1942 2879 1996 κανόνων
2932 1940 3212 2013 διδόντων,
3245 1945 3332 1999 καὶ
3388 1947 3439 2000 οἱ
3489 1946 3613 2020 περὶ
3646 1948 3705 2003 σὶ

2065 2025 2269 2082 πολλοὶ
2301 2031 2406 2081 τῶν
2437 2029 2699 2083 τοιούτων
2732 2031 2932 2105 κριταὶ,
2983 2031 3071 2085 καί
3101 2054 3184 2086 σοι
3213 2035 3278 2088 τὰ
3324 2035 3446 2110 περὶ
3492 2035 3700 2092 τούτων

2069 2121 2246 2186 ζητεῖν
2300 2115 2580 2193 ἐφειμένον
2639 2119 2782 2173 ποίει
2841 2119 2917 2180 ὡς
2977 2118 3184 2194 βούλει·
3246 2121 3463 2196 βασιλεῖ
3498 2126 3601 2200 γὰρ
3633 2125 3700 2181 οὗ

2049 2327 2203 2383 clare
2231 2328 2586 2400 intelligeret
2616 2333 2756 2402 quid
2796 2349 3018 2388 arcanae
3051 2333 3144 2389 his
3175 2334 3244 2390 de
3264 2336 3438 2391 rebus
3465 2341 3697 2394 senten-

2049 2416 2138 2470 tiae
2171 2417 2541 2488 imperatoris
2576 2419 3092 2478 animo'subesset.
3125 2424 3182 2476 Si
3213 2425 3370 2480 enim
3403 2425 3546 2482 visis
3593 2427 3694 2482 lit-

2051 2503 2191 2558 teris
2222 2505 2478 2560 dolorem
2512 2507 2871 2577 signiﬁcaret
2901 2513 2957 2564 et
2991 2509 3298 2580 displicere
3331 2513 3440 2567 sibi
3477 2515 3692 2569 factum

2053 2594 2405 2663 ostenderet,
2458 2594 2835 2666 mitteretque
2895 2601 3024 2668 post
3083 2598 3343 2669 epistolae
3403 2607 3702 2658 auctorem

2055 2679 2154 2750 qui
2185 2696 2316 2734 eum
2352 2698 2413 2735 ex
2450 2682 2657 2739 itinere
2689 2689 3009 2740 retractum
3061 2687 3563 2762 Constantin0poli
3615 2691 3694 2747 si-

2056 2773 2295 2834 sterent,
2330 2773 2709 2841 repetendum
2741 2773 2946 2843 utique
2975 2774 3257 2831 rationem
3291 2777 3585 2847 injudicio
3609 2781 3689 2836 le-

2057 2857 2261 2929 gitimo
2294 2858 2660 2916 irreverentis
2691 2861 2842 2930 ausi,
2875 2878 2988 2931 quo
3021 2863 3091 2917 ad
3127 2864 3446 2936 principem
3501 2885 3696 2925 sacro-

2061 2963 2186 3000 rum
2217 2945 2326 3002 tale
2350 2947 2632 3018 scriptum
2655 2966 2761 3004 suo
2783 2951 3020 3006 nomine
3043 2969 3155 3008 non
3181 2955 3504 3012 dubitasset
3536 2959 3674 3014 dare

2060 3038 2200 3089 tunc
2272 3051 2412 3090 sane
2472 3037 2588 3090 fore
2647 3039 3020 3094 manifestum
3083 3041 3283 3111 ignaro
3344 3045 3696 3116 imperatore

316 3133 702 3190 translatione
753 3131 930 3199 sedis,
982 3127 1134 3198 apud
1185 3125 1532 3180 Sardensem
1585 3127 1946 3177 momentum
1984 3139 2026 3204 ρ
2066 3123 2381 3194 contigisse
2411 3124 2542 3192 ista,
2576 3129 2633 3180 et
2664 3143 2934 3190 securum
2961 3129 3069 3183 sibi
3102 3134 3320 3187 statum
3351 3149 3418 3188 ea
3439 3151 3506 3189 ex
3536 3140 3700 3206 parte

314 3225 529 3279 habere
561 3220 786 3275 nullum
820 3217 1196 3272 manifestum
1230 3217 1512 3276 erat,cum
1551 3212 1702 3265 hunc
1731 3214 1958 3265 consta-

318 3321 407 3367 ret
438 3313 508 3366 ab
538 3327 604 3364 eo
637 3306 964 3380 patriarcha
995 3319 1161 3358 suam
1197 3302 1406 3371 ipsius,
1440 3316 1618 3370 quam
1671 3315 1771 3368 pro
1818 3297 1960 3365 legi-

323 3405 467 3456 tima
495 3399 792 3457 tuebatur,
825 3394 1248 3449 ordinationem
1283 3388 1595 3458 accepisse,
1631 3403 1798 3456 quem
1835 3401 1958 3438 om-

327 3507 432 3544 nes
464 3489 681 3543 scirent
710 3484 781 3537 ab
813 3481 1101 3552 Ephesina
1128 3479 1264 3533 sede
1315 3478 1371 3529 in
1423 3472 1958 3544 Constantinopoli-

325 3587 519 3634 tanam
553 3575 732 3629 fuisse
766 3565 1450 3630 translatum.Quomodo
1483 3565 1639 3618 enim
1672 3564 1722 3618 is
1751 3580 1818 3618 ex
1850 3563 1963 3616 ista

320 3663 723 3722 translationis
788 3677 855 3714 ex
925 3654 1440 3725 Adrianopolitano
1505 3653 1718 3707 throno
1786 3667 1964 3705 causa

321 3751 598 3812 Germani
631 3747 1054 3822 promotionem
1090 3747 1286 3815 posset
1314 3743 1535 3796 irritam
1569 3741 1778 3794 ducere
1807 3741 1962 3792 vide-

323 3846 398 3912 ri,
432 3842 531 3912 qui
557 3837 860 3908 Nicephori
888 3834 1200 3888 transitum
1224 3848 1290 3885 ex
1309 3829 1601 3900 Ephesius
1629 3829 1684 3926 in
1718 3829 1963 3898 patriar-

325 3932 554 3989 chalem
579 3928 741 3982 urbis
763 3926 957 3980 sedem
984 3939 1096 3976 non
1119 3920 1310 3976 solum
1336 3934 1436 3988 pro
1471 3920 1750 3971 canonico
1783 3931 1964 3986 agno-

331 4025 517 4084 verat,
549 4018 646 4071 sed
680 4015 851 4069 etiam
885 4029 918 4066 a
947 4010 1049 4065 tali
1076 4012 1313 4078 accepta
1343 4023 1449 4060 sua
1478 4004 1665 4076 ipsius
1715 4005 1964 4071 inaugu-

332 4107 560 4163 ratione
609 4105 663 4156 in
715 4101 1063 4156 Sardensem
1113 4097 1335 4160 sedem,
1366 4095 1536 4163 cujus
1566 4108 1627 4147 se
1653 4109 1847 4146 verum
1873 4093 1967 4160 ju-

338 4203 617 4264 stumque
639 4191 1004 4264 profiteretur
1027 4182 1690 4257 possessorem,rejicere
1707 4179 1972 4250 nequiret

334 4284 479 4356 quin
503 4299 564 4336 se
589 4281 710 4352 ipse
733 4280 1055 4332 damnaret.
1073 4275 1259 4336 Quare
1277 4271 1433 4326 aliud
1458 4269 1594 4341 quid
1608 4269 1759 4338 piam
1788 4269 1971 4321 idem-

334 4388 447 4441 que
468 4382 745 4437 magnum
771 4380 874 4435 par
893 4368 1016 4417 erat
1037 4359 1351 4416 existimari
1377 4357 1971 4422 vidisseSardensem,

342 4475 459 4531 quo
483 4459 554 4513 ad
576 4464 690 4510 tam
715 4454 1074 4522 inepinata'n
1097 4446 1530 4518 suggestionem
1558 4443 1971 4514 impelleretur.

342 4547 504 4602 Talis
536 4560 671 4614 ergo
702 4538 1007 4611 epistolam
1041 4536 1337 4592 sententia:
1377 4550 1502 4603 quas
1554 4531 1974 4586 abdicationem

344 4633 771 4706 patriarchatus
799 4626 1147 4690 consuleret,
1179 4622 1455 4693 scriptam
1510 4622 1580 4675 ad
1631 4636 1690 4675 se
1738 4618 1976 4687 trajecta

347 4726 602 4794 Bosporo
635 4737 667 4775 a
697 4732 902 4772 navem
934 4715 1005 4768 ad
1038 4713 1363 4768 discessum
1395 4709 1816 4764 conscendente
1846 4710 1974 4758 Sar-

349 4811 539 4875 densi,
574 4808 898 4862 Germanus
929 4800 1240 4870 accipiens,
1272 4798 1328 4852 in
1369 4796 1700 4867 perplexam
1752 4794 1976 4862 ingres-

352 4916 456 4956 sus
514 4895 905 4965 suspicionem
957 4895 1065 4957 est,
1112 4888 1315 4942 merito
1363 4890 1638 4954 reputans
1677 4898 1980 4952 nunquam

349 4988 534 5044 fuisse
566 4988 828 5038 futurum
852 4985 908 5032 ut
945 4977 1040 5031 ille
1073 4977 1310 5030 auderet
1340 4975 1451 5028 ista
1482 4972 1733 5027 scribere
1766 4986 1830 5023 ac
1861 4970 1978 5040 pri-

351 5092 514 5132 mum
547 5089 608 5128 se
636 5075 933 5126 auctorem
967 5067 1114 5120 ferre
1143 5062 1370 5118 consilii
1418 5058 1827 5115 contumeliosi
1884 5076 1984 5128 pa-

269 5137 272 5139 .
350 5164 818 5231 tri'archts,quem
853 5155 1039 5227 palam
1063 5155 1334 5224 probaret
1365 5149 1824 5221 imperator,nisi
1852 5149 1983 5203 huic

347 5254 505 5310 haud
539 5251 836 5321 ingratum
867 5245 923 5298 id
956 5260 1082 5298 esse
1116 5239 1524 5312 perspexisset.
1553 5239 1701 5309 Ergo
1753 5237 1982 5308 experi-

347 5347 616 5399 mentum
649 5336 839 5391 dubia:
871 5332 950 5386 rei
979 5347 1184 5402 capere
1222 5335 1443 5384 certum
1492 5327 1712 5390 volens,
1765 5327 1982 5396 episto-

347 5433 466 5487 lam
516 5445 643 5484 eam
695 5422 894 5479 statim
948 5419 1015 5473 ad
1050 5420 1459 5490 imperatorem
1495 5416 1690 5483 mittit,
1719 5415 1869 5470 298
1898 5420 1987 5470 te—

349 5517 697 5576 stimonium
732 5527 798 5567 ex
830 5513 1034 5564 eventu
1067 5506 1506 5561 veracissimum
1541 5504 1806 5559 omnium
1855 5519 1986 5574 quae

347 5615 491 5664 tunc
549 5600 755 5660 haberi
808 5599 1044 5667 possent
1099 5593 1431 5650 eliciturum
1484 5609 1614 5648 sese
1658 5595 1844 5660 ratus,
1874 5607 1990 5662 quo

671 5721 930 5782 ΡΑτιιοι..
976 5713 1082 5773 Gn.
1129 5710 1380 5772 CXLIII.

2067 3226 2210 3266 esse.
2249 3212 2302 3265 Si
2337 3217 2530 3267 autem
2566 3230 2623 3269 re
2653 3216 2881 3281 cognita
2920 3220 3105 3271 totum
3157 3218 3297 3274 illud
3350 3223 3700 3294 scriptarum

2067 3304 2287 3354 temere
2319 3299 2642 3354 litterarum
2679 3303 2895 3357 crimen
2932 3304 3221 3360 videretur
3251 3308 3418 3362 nihili
3469 3311 3702 3383 ducere,

2071 3388 2168 3440 sed
2203 3392 2511 3455 praetextus
2543 3389 2592 3443 ei
2625 3392 2957 3444 excusando
2987 3398 3272 3461 quaereret
3305 3398 3706 3466 autjudicium

2072 3475 2456 3544 suspenderet
2477 3483 2757 3547 tanquam
2783 3478 3050 3534 videlicet
3081 3481 3138 3535 in
3173 3487 3432 3555 tempore
3458 3488 3527 3541 de
3561 3489 3708 3544 facto

2071 3562 2485 3632 inquisiturus,
2519 3564 2606 3617 vel
2642 3565 2691 3618 si
2724 3567 2898 3620 etiam
2932 3583 3046 3621 non
3081 3569 3280 3639 ignoto
3310 3572 3418 3642 ipsi
3466 3575 3711 3632 artificio

2075 3650 2420 3704 rescriberet
2467 3649 2805 3705 humaniter
2852 3655 3018 3723 quasi
3061 3657 3427 3714 demulcendi
3463 3679 3526 3716 ac
3559 3663 3715 3718 miti-

2072 3739 2244 3807 gandi
2281 3738 2624 3801 ot‘ticio,tum
2655 3755 2795 3794 sane
2828 3758 2941 3795 non
2975 3744 3095 3798 fore
3125 3744 3236 3799 sibi
3259 3754 3713 3818 exspectandum

2073 3825 2354 3881 indicium
2385 3828 2598 3880 certius
2625 3827 2693 3880 ad
2728 3828 2897 3896 plane
2928 3829 3372 3901 intelligendum
3400 3837 3710 3908 imperato-

2075 3916 2154 3968 ris
2187 3915 2454 3968 satietate
2484 3917 2606 3982 jam
2658 3915 2750 3968 sui
2809 3917 2956 3983 capti
3017 3920 3260 3975 consilio
3309 3927 3366 3976 et
3407 3924 3707 3982 voluntate

2075 4003 2214 4058 talia
2247 4002 2426 4056 fuisse
2473 4003 2710 4072 scripta.
2754 4003 2870 4057 Hoc
2919 4005 3115 4061 animo
3162 4010 3522 4082 consilioque
3566 4019 3706 4070 Ger-

2076 4107 2286 4144 manus
2336 4097 2630 4160 acceptam
2683 4107 2716 4145 a
2761 4092 3050 4162 Sardensi,
3096 4097 3374 4164 adjuncta
3423 4101 3534 4156 alia
3581 4120 3613 4157 a
3646 4120 3707 4159 se

2078 4179 2320 4250 scripta,
2369 4195 2486 4247 qua
2531 4179 2890 4248 signiﬁcaret
2936 4181 3308 4240 vehementer
3345 4205 3412 4243 ea
3439 4207 3500 4245 se
3532 4208 3590 4246 re
3620 4194 3702 4247 of.

2081 4269 2309 4320 fensum
2345 4267 2401 4319 in
2435 4283 2540 4320 suo
2573 4267 2916 4337 gravissimo
2949 4270 3143 4326 dolore
3175 4274 3246 4328 ad
3280 4281 3481 4332 notum
3514 4297 3714 4351 exper-

2081 4361 2324 4424 tumque
2357 4355 2742 4424 imperatoriea
2774 4357 2972 4427 gratiae
3005 4363 3336 4428 praesidium
3381 4367 3715 4438 confugere,

2084 4459 2185 4513 per
2206 4444 2384 4496 fidum
2409 4442 2705 4498 hominem
2732 4445 2799 4497 ad
2826 4444 3238 4516 imperatorem
3268 4452 3464 4508 mittit.
3491 4455 3590 4510 Ille
3615 4475 3718 4511 au-

2085 4537 2200 4585 tem
2234 4531 2487 4601 acceptis
2522 4531 2804 4602 lectisque
2854 4533 3066 4589 litteris
3116 4539 3256 4592 adeo
3306 4557 3420 4596 non
3475 4543 3722 4601 indoluit

2081 4619 2252 4674 amici
2287 4636 2482 4682 causa,
2518 4625 2581 4673 ut
2615 4637 2721 4675 sua
2754 4621 2948 4690 potius
2979 4640 3128 4695 aegre
3160 4626 3350 4683 ferens
3383 4638 3724 4700 quereretur

2085 4708 2285 4779 inique
2317 4725 2513 4762 secum
2549 4709 2766 4779 agi.cui
2798 4711 2953 4766 curis
2986 4713 3319 4782 reipublicae
3359 4721 3722 4789 gravissimis

2087 4813 2364 4866 oppresso
2397 4797 2572 4850 etiam
2605 4797 2926 4852 alienarum
2961 4801 3029 4854 de
3061 4804 3392 4871 patriarcha
3435 4809 3721 4865 sollicitu-

2090 4885 2290 4937 dinum
2326 4884 2486 4938 nulla
2519 4885 2922 4942 misericordia
2951 4905 3100 4944 onus
3129 4893 3482 4960 injiceretur.
3505 4898 3724 4971 Hisque

2089 4973 2465 5042 indignanter
2499 4973 2674 5028 dictis
2723 4976 2922 5030 statim
2973 4994 3284 5038 conversus
3334 4985 3402 5039 ad
3450 4989 3722 5043 nuntium

2089 5077 2436 5130 responsum
2487 5061 2536 5115 ei
2589 5063 2742 5131 quod
2791 5063 3027 5119 referret
3081 5071 3418 5138 patriarchae
3469 5075 3522 5128 in
3575 5076 3726 5131 hanc

2092 5149 2439 5204 sententiam
2491 5150 2764 5216 reddidit,
2821 5150 3032 5207 habere
3081 5155 3273 5226 ipsum
3327 5160 3618 5218 hominem
3667 5165 3726 5218 in

2094 5237 2572 5307 manu,potestati
2600 5239 2980 5309 utiquejuxta
3003 5247 3404 5317 praescriptum
3430 5266 3730 5306 sacrorum

2097 5342 2382 5380 canonum
2420 5326 2748 5394 subjectum
2783 5345 2920 5382 suae.
2955 5331 3106 5386 299
3157 5336 3374 5390 Adesse
3418 5337 3527 5408 ipsi
3579 5339 3732 5394 anti-
3765 5325 3768 5329 ’

2095 5416 2263 5469 stites
2315 5415 2549 5479 multos,
2584 5413 2872 5484 legitimos
2898 5418 3100 5473 talium
3126 5422 3380 5489 judice-8.
3412 5425 3540 5492 Iret,
3571 5444 3733 5498 qua-

2094 5502 2343 5557 stionem
2380 5501 2733 5571 institueret,
2765 5511 2962 5575 ageret
2991 5509 3143 5577 quod
3175 5510 3348 5566 vellet
3380 5530 3393 5568 :
3427 5515 3737 5586 imperato-

2095 5605 2218 5645 rem
2250 5589 2404 5644 enim
2453 5590 2508 5644 in
2556 5591 2847 5661 ejusmodi
2898 5597 3127 5665 negotia
3173 5615 3287 5656 non
3337 5618 3400 5657 se
3446 5602 3731 5676 ingerere,

3338 5721 3416 5780 24
