4158 6280
270 379 371 436 749

1316 384 1413 435 DE
1448 379 1819 436 MICHAELB
1856 377 2300 434 PALBOLOGO
2335 378 2469 431 LIB.
2509 378 2607 430 IV.

3544 375 3651 434 750

268 510 370 560 τῶν
426 502 612 560 ἄλλων
639 504 757 559 νέον
818 506 1218 560 Κωνσταντῖνον
1250 504 1596 580 προσεπευφή
1610 523 1719 574 μει.
1749 501 1814 557 Τί
1846 498 1903 555 δὲ
1932 515 1983 578 Α
2014 505 2263 575 προνοεῖν
2317 498 2566 573 περιττὸν
2625 496 2809 559 ἄλλως
2837 498 2927 553 καὶ
2967 496 3064 553 οὖκ
3092 497 3377 574 ἀναγκαῖον
3406 504 3523 563 τοῖς
3553 503 3643 557 καὶ

272 600 451 667 μεῖζον
503 595 634 648 εἶναι
685 598 782 647 τοῦ
840 594 912 654 εἰς
969 592 1173 668 πατέρα
1221 594 1481 666 τετάχθαι
1511 598 1591 663 τῷ
1621 592 1724 663 νὲφ
1756 598 1902 644 Κων-

269 683 524 755 σταντίνῳ
553 684 641 736 καὶ
696 682 940 756 βασιλεῖς
1000 684 1078 738 Τὰ
1136 684 1239 756 γὰρ
1298 682 1421 755 περὶ
1472 680 1667 735 τούτου
1698 678 1903 733 πλατυ-

268 778 373 833 κῶς
428 772 618 839 εἰπεῖν,
678 770 824 842 ἔταξε
878 772 970 842 μὲν
1024 771 1299 845 Γερμανὸς
1330 774 1547 842 πρῶτος
1578 773 1655 838 τῷ
1690 767 1905 843 βασιλεῖ

269 860 651 934 χαριζόμενος,
686 862 803 920 οἷος
853 858 1055 919 ἐκεῖνος
1112 861 1210 926 τὴν
1266 859 1401 931 πρὸς
1450 856 1577 916 τοὺς
1635 855 1902 928 ἄρχοντας

269 947 571 1022 θεραπείαν,
608 944 1029 1019 ὑπεραπεδὲξατο
1062 944 1118 1000 δὲ
1145 948 1234 999 καὶ
1271 944 1522 1020 βασιλεὺς
1556 945 1628 1004 ὡς
1663 945 1746 1015 [Ρ.
1778 946 1904 1012 203]

270 1035 375 1109 οὐχ
405 1034 593 1096 ἀπλως
624 1029 953 1106 συμϐάντος,
984 1033 1111 1088 ἀλλ’
1163 1033 1245 1089 ὅτι
1276 1033 1408 1087 ποτε
1437 1031 1692 1102 νηπιόθεν
1750 1036 1905 1085 Κων-

271 1129 549 1183 σταντῖνος
579 1123 726 1196 παρὰ
769 1122 1038 1196 πατέρων,
1099 1123 1175 1183 ὡς
1232 1118 1434 1196 ἔλεγεν,
1488 1118 1676 1188 ἤκουε.
1727 1120 1793 1174 Οἱ
1851 1116 1909 1172 δὲ

270 1211 527 1278 Μανουήλ
585 1210 855 1284 λέγουσιν·
907 1212 935 1264 ’ὀ
985 1212 1073 1266 καὶ
1102 1211 1505 1282 ἀληθικώτερον
1541 1209 1697 1280 οἶμαι
1732 1205 1819 1260 διὰ
1846 1207 1907 1260 τὸ

270 1301 394 1374 παρ’
448 1299 579 1353 αὐτὸ
636 1294 1032 1374 προφοίϐασμα
1088 1298 1445 1371 ἷσαριθμῆσον
1501 1296 1568 1350 τὰ
1627 1297 1795 1367 μέτρα
1843 1292 1910 1346 τὰ.

267 1393 361 1443 τοῦ
413 1388 553 1461 βίου,
613 1394 712 1455 τῆς
759 1386 1010 1456 κλήσεώς
1039 1387 1097 1440 τέ
1130 1407 1271 1459 φημι
1301 1386 1389 1439 καὶ
1416 1382 1803 1455 τοὺπωνύμου.
1838 1384 1909 1437 ’Ὀ

268 1475 334 1544 δὴ
364 1477 452 1531 καί
484 1497 631 1538 τινας
660 1473 925 1551 ἔσφαΛΛεν
960 1474 1217 1534 ἷστῶντας
1280 1472 1408 1535 τοὺς
1452 1472 1709 1546 γρόνους,
1742 1469 1795 1531 ἐς
1824 1468 1908 1523 δε-

270 1565 490 1618 καεπτά.
553 1564 630 1618 Τὸ
680 1564 780 1636 γὰρ
847 1562 1229 1635 ΙΙαλαιολόγος
1286 1559 1513 1635 Μιχαὴλ
1575 1563 1820 1633 στοιχεῖα
1871 1558 1911 1626 ζ’

273 1654 438 1727 φέρει.
500 1649 895 1724 Προσνείμενον
948 1648 1004 1703 δὲ
1049 1650 1111 1704 τὸ
1142 1649 1403 1717 Μανουήλ
1433 1649 1523 1701 τὸν
1552 1646 1914 1719 είκοσιτὲταρ-

266 1762 358 1795 τον
388 1748 489 1809 τῆς
549 1739 825 1815 βασιλείας
875 1741 1076 1813 ’χρόνον
1133 1738 1408 1808 ἐδήλωσεν
1459 1740 1727 1811 ἄντικρυς.
1777 1736 1913 1789 Τότε

265 1834 394 1903 γοῦν
453 1829 544 1883 καὶ
576 1828 695 1901 περῖ
725 1834 825 1895 τῆς
878 1829 998 1881 κατ’
1057 1828 1259 1881 ἐκεῖνον
1301 1830 1745 1901 προσκοποῦντος
1774 1842 1909 1894 προ-

266 1918 414 1978 νοίας
467 1918 556 1970 καί
588 1938 651 1990 γε
682 1916 783 1970 οὐκ
812 1914 971 1988 ὀλίγα
1009 1914 1657 1990 προσεπαγγελλομὲνου,
1698 1937 1726 1963 ‹‹
1755 1914 1909 1983 ’Ὀψε-

262 2028 353 2061 ται
409 2006 538 2066 Θεὸς
567 2008 658 2060 τὸν
687 2004 761 2065 εἷς
790 2005 851 2057 τὸ
881 2004 1190 2075 ποιμαίνειν
1232 2004 1519 2077 αὐτάρκη,’
1546 2002 1681 2077 πρὸς
1734 1999 1791 2054 δὲ
1819 2000 1906 2054 καὶ

271 2092 691 2165 συνεπιλήψεταί
743 2093 795 2145 οἱ
851 2096 957 2146 τῶν
990 2094 1149 2165 ἱερῶν
1200 2095 1491 2166 μεριμνῶν.
1528 2090 1597 2143 Τὸ
1630 2088 1675 2142 δ’
1707 2087 1783 2149 εἷς
1813 2108 1910 2141 πα-

265 2182 394 2256 τὲρα
420 2181 679 2254 τετάχθαι
728 2184 808 2250 τῷ
860 2178 1072 2254 βασιλεῖ
1109 2180 1247 2251 μέγα
1300 2179 1390 2249 μὲν
1441 2177 1531 2231 καὶ
1586 2174 1771 2235 ἄλλως
1830 2195 1910 2228 σε-

271 2269 421 2341 μνόν·
479 2268 625 2336 πλὴν
661 2267 717 2322 ὅν
748 2267 837 2321 καὶ
869 2268 1000 2328 Θεὸς
1032 2266 1107 2330 εἷς
1135 2267 1400 2329 υἱοθεσίαν
1441 2258 1902 2340 προσεπελάϐετο,

264 2357 344 2419 τίς
396 2358 574 2417 ἱκανὸς
632 2356 709 2419 εἷς
762 2354 967 2428 πατέρα
1019 2354 1317 2423 κεκλῆσθαι
1370 2354 1575 2425 τούτῳ,
1630 2352 1675 2406 εἰ
1736 2353 1809 2424 μὴ
1843 2352 1901 2405 ὃν

269 2446 472 2506 ἒκεῖνος
534 2445 627 2516 μὲν
693 2439 860 2515 μόνος
889 2442 1032 2513 ἄξιον
1062 2442 1136 2504 εἰς
1177 2444 1276 2509 τήν
1308 2440 1651 2517 ἐπιτροπείαν
1682 2444 1857 2514 κρινεῖ
1886 2458 1900 2509 ;

259 2534 325 2588 τὸ
384 2532 566 2606 μίντοι
625 2552 688 2607 γε
741 2533 849 2587 τῶν
908 2530 1207 2606 ἀναγκαίων
1262 2529 1702 2606 προμηθεύεσθαί
1730 2550 1782 2583 τι
1808 2528 1897 2582 καὶ

269 2747 739 2816 Constantinum,
790 2747 889 2801 sed
920 2744 1247 2802 Manuelem
1299 2745 1659 2817 appellatum
1702 2743 1761 2797 In
1808 2742 1898 2797 in-

273 2835 456 2889 fantia
520 2834 857 2889 Michaelem
924 2833 1310 2905 Palaeologum
1380 2833 1765 2905 prodiderint.
1836 2831 1897 2885 Id

277 2922 430 2993 quod
474 2922 736 2992 equidem
781 2926 921 2992 puto
948 2922 1169 2992 verius,
1209 2922 1365 2993 quod
1407 2921 1489 2977 sic
1518 2925 1724 2976 eventu
1768 2934 1900 2989 per-

276 3013 562 3080 petratum
592 3013 869 3080 appareat
900 3009 1228 3080 auspicium
1258 3026 1547 3064 enumero
1572 3009 1897 3063 litterarum

267 3099 395 3168 ejus
415 3099 664 3153 nominis
680 3100 917 3151 ductum
940 3099 1006 3151 ad
1027 3097 1494 3168 praedestinatum
1512 3097 1698 3167 ipsius
1721 3096 1900 3166 impe-

266 3187 353 3242 rio
375 3186 655 3257 temporis
676 3186 921 3256 spatium
945 3186 1346 3241 indicandum.
1371 3185 1518 3242 Nam
1546 3186 1594 3239 is
1615 3201 1895 3239 numerus
1929 3169 1968 3235 C

264 3281 409 3331 tunc
439 3281 667 3331 tantum
702 3292 832 3329 cum
876 3290 1115 3329 numero
1146 3290 1433 3328 annorum
1466 3273 1677 3343 quibus
1709 3273 1896 3343 impe-

265 3368 415 3420 ravit
459 3365 742 3429 convenit,
795 3380 926 3416 cum
977 3379 1091 3417 non
1136 3362 1260 3417 sola
1301 3362 1417 3416 veri
1449 3363 1575 3429 ejus
1619 3361 1896 3429 nominis,

264 3456 365 3511 sed
398 3459 680 3526 praeterea
710 3454 1076 3523 cognominis
1111 3453 1283 3508 istius
1314 3452 1599 3507 elementa
1632 3452 1690 3505 in
1725 3468 1897 3505 unam

270 3544 518 3598 conflata
531 3559 825 3598 summam
846 3544 1079 3597 fuerint.
1105 3542 1249 3596 Nam
1271 3540 1406 3595 inde
1428 3543 1697 3610 deceptos
1721 3556 1899 3611 quos-

272 3633 405 3686 dam
438 3631 730 3695 novimus,
754 3630 851 3699 qui
873 3635 1256 3700 regnaturum
1281 3629 1438 3682 bunc
1464 3628 1779 3697 principem
1807 3644 1904 3680 an-

267 3720 362 3774 nis
393 3721 677 3775 duntaxat
708 3719 1121 3787 septemdecim
1152 3721 1618 3779 autumaverant,
1650 3732 1714 3769 eo
1747 3715 1901 3785 quod

269 3824 483 3862 nomen
520 3809 627 3862 hoc
656 3806 898 3864 Michael
925 3805 1280 3875 Palaaologus
1302 3804 1541 3857 totidem
1564 3807 1787 3857 constet
1808 3802 1903 3856 lit-

267 3898 439 3961 teris,
471 3911 586 3950 non
602 3896 1130 3949 animadvertentes
1150 3893 1587 3963 adjungendum
1604 3891 1739 3944 huic
1763 3890 1904 3944 fuis-

268 4000 333 4038 se
346 3987 797 4054 cognomentum
819 3980 1127 4048 Manuelis,
1147 3981 1315 4051 cujus
1337 3978 1639 4033 elementis
1652 3978 1722 4031 ad
1746 3977 1905 4048 prio-

268 4089 334 4128 ra
349 4071 770 4143 septemdecim
788 4068 1003 4124 additis
1019 4083 1298 4123 numerus
1312 4065 1905 4136 absolveturquatuor

263 4164 325 4214 et
346 4158 569 4229 viginti,
595 4157 918 4227 quotannis
938 4155 1120 4210 fuisse
1138 4154 1307 4209 illum
1324 4155 1745 4223 imperaturum
1762 4168 1902 4207 even

262 4252 327 4302 ta
353 4248 853 4301 demonstrarunt.
876 4248 1036 4298 Tunc
1058 4244 1240 4313 igitur
1255 4258 1386 4299 cum
1418 4247 1692 4312 praeterea
1717 4241 1902 4311 impe-

258 4338 429 4387 rator
458 4332 855 4387 effunderetur
882 4332 942 4384 in
974 4345 1207 4384 omnem
1240 4328 1727 4399 signiﬁcationem
1759 4327 1902 4382 libe-

267 4421 418 4477 ralis
449 4419 885 4487 benevolentiaa,
909 4418 1062 4472 ultro
1087 4417 1409 4499 pollicendo
1425 4433 1635 4471 census
1653 4432 1899 4483 annuos,

2009 588 2097 640 τὸν
2163 587 2286 648 τοὺς
2345 586 2597 648 νεοσσοὺς
2652 592 2756 641 τῶν
2815 586 3059 661 κοράκων
3117 587 3382 663 τρέφοντα
3427 586 3638 664 ἔχουσι.

2011 674 2163 744 Πλὴν
2197 674 2340 730 ἀλλὰ
2395 676 2482 731 καὶ
2540 678 2572 744 ἠ
2635 675 2739 747 ἐμὴ
2799 674 3057 741 ἐκκλησία
3112 699 3141 726 ››
3186 674 3411 746 (ἐδήλου
3443 676 3499 731 δὲ
3539 679 3637 746 τὴν

2012 763 2489 839 Ἀδριανούπολιν)
2548 788 2575 814 ‹‹
2632 765 2722 817 τὸν
2794 763 2924 835 ἐμὸν
2998 761 3255 839 ἄρχιερὲα
3309 764 3642 837 πλουτοῦσα,

2012 848 2128 925 ἔχει
2177 855 2389 926 τρέφειν
2438 853 2525 906 καὶ
2556 850 2742 929 ἄμφω,
2773 854 2981 925 σύναιμα
3036 853 3123 907 καὶ
3181 858 3295 925 Θεῷ
3340 859 3646 931 χορηγοῦν-

2011 962 2083 994 τι.
2117 963 2144 991 »
2177 944 2351 994 Ταῦτα
2413 941 2506 1012 μὲν
2560 942 2648 994 οὗν
2681 940 2804 994 τότε
2829 942 2856 993 ὁ
2912 941 3181 1013 Γερμανὸς
3230 942 3317 995 ἐπὶ
3375 949 3503 997 πᾶσι
3532 948 3652 1006 τοῖς

2013 1023 2378 1100 προϐληθεῖσι
2424 1027 2860 1100 παραιτούμενος
2907 1025 3107 1103 ἔλεγεν.
3152 1028 3250 1086 Ἠν
3306 1028 3351 1083 δ’
3382 1030 3439 1085 ὃν
3473 1028 3650 1107 ἔλεγεν
3700 1076 3701 1079 η

2016 1118 2206 1171 ἑαυτοῦ
2256 1120 2323 1188 τῇ
2384 1114 2837 1189 Ἀδριανουπόλει
2869 1116 3305 1191 ἐπικηρυχθέντα
3348 1121 3461 1190 μετ’
3490 1119 3649 1174 αὐτὸν

2017 1206 2142 1277 παρ’
2174 1203 2341 1258 αὐτοῦ
2373 1206 2398 1258 ὁ
2432 1205 2649 1277 ἀνεψιὸς
2695 1205 2897 1259 ἐκείνου
2954 1204 3221 1279 Βαρλαὰμ
3276 1204 3369 1260 εἶτ’
3418 1208 3513 1261 οὖν
3565 1214 3659 1262 Βα·

2018 1291 2242 1360 σίλειος,
2276 1293 2334 1355 ’ὀς
2364 1293 2497 1368 πρὸς
2535 1294 2628 1365 μὲν
2652 1292 2718 1346 τὰ
2747 1291 2824 1355 εἷς
2860 1295 3227 1365 πνευματικὴν
3259 1292 3537 1349 πολιτείαν
3564 1294 3655 1349 καὶ

2020 1379 2138 1435 λίαν
2168 1380 2387 1453 ἀμελῶς
2418 1381 2560 1456 εἶχεν
2572 1426 2585 1439 .

2019 1540 2124 1613 κβ’.
2178 1540 2302 1608 Περὶ
2355 1544 2452 1593 τοῦ
2508 1537 3017 1615 ’Ἃδριανουπόλεως
3071 1539 3352 1608 Βασιλείου
3404 1539 3500 1597 εἴτ’
3557 1540 3647 1597 οὖν

2688 1610 2974 1686 Βαρλααμ.

2089 1739 2173 1808 [Α.
2203 1739 2329 1808 204]
2360 1734 2582 1798 Ἀλλως
2614 1735 2671 1791 δὲ
2726 1736 3066 1813 φιλόκοσμος
3098 1734 3170 1792 ὢν
3196 1735 3390 1801 ’ίπποις
3420 1740 3647 1814 ἐχρῆτο,

2020 1819 2204 1877 ἔστιδ’
2240 1826 2328 1878 ὅτε
2382 1826 2473 1879 καὶ
2521 1824 2743 1888 ὅπλοις,
2790 1827 2879 1880 καὶ
2934 1826 3448 1902 προσεφιλοτιμεῖτο
3485 1828 3655 1900 ὁμόσε

2017 1919 2133 1973 τοῖς
2185 1912 2473 1985 πολεμίοις
2509 1918 2730 1987 χωρῶν.
2760 1915 2924 1969 Ταῦτ’
2954 1913 3056 1987 ἄρα
3090 1916 3176 1969 καὶ
3211 1920 3410 1983 ζῶντος
3444 1918 3539 1989 μὲν
3558 1923 3654 1973 τοῖ’)

2018 2002 2164 2060 θείου
2213 2000 2264 2054 ἐν
2324 2002 2652 2076 καταγνώσει
2712 2007 2876 2056 ταῦτα
2914 2004 3163 2077 πράττων
3215 2007 3649 2080 συνεγινώσκετο.

2016 2083 2233 2162 ὕστερον
2260 2086 2316 2142 δὲ
2342 2089 2431 2143 καὶ
2476 2086 2661 2143 ἄλλων
2693 2086 3125 2163 προστριϐἑντων
3153 2091 3300 2164 αὐτῷ
3338 2114 3652 2169 κατηγορη-

2020 2178 2223 2247 μάτων,
2254 2180 2352 2231 τοῦ
2383 2178 2637 2250 γέροντος
2692 2177 3145 2251 μεταλλάξαντος,
3207 2179 3320 2233 ἐπεὶ
3355 2182 3430 2243 εἰς
3476 2183 3648 2257 κρίσιν

2014 2264 2472 2336 καλούμενοςέπὶ
2504 2264 2743 2328 πολλαῖς
2787 2267 3021 2340 ἡμέραις
3048 2268 3139 2321 τὸν
3173 2266 3474 2339 ἐπίληπτον
3524 2272 3650 2326 ὑπε-

2010 2352 2220 2424 κρίνετο
2251 2353 2325 2414 ὡς
2356 2359 2772 2427 προσποιεῖσθαι
2830 2352 2996 2427 μηδὲν
3048 2359 3154 2410 τῶν
3214 2359 3333 2421 καθ’
3382 2357 3538 2413 αὐτὸν
3573 2359 3648 2414 εἷ-

1994 2437 2177 2515 ηδέναι,
2210 2439 2366 2502 τέλος
2424 2440 2677 2516 ὑφίστατο
2705 2443 2803 2511 τήν
2853 2443 2958 2496 ἀπὸ
2988 2448 3088 2511 τῆς
3148 2442 3371 2498 συνόδου
3400 2446 3648 2519 καθαίρε-

2011 2549 2113 2587 σιν.
2168 2529 2272 2584 Καὶ
2301 2528 2454 2591 εὐθὺς
2516 2531 2632 2602 μεθ’
2686 2531 2899 2605 ἡμέρας
2931 2531 2959 2585 ὁ
2999 2530 3185 2593 ἐκστὰς
3214 2530 3371 2602 δῆθεν
3400 2529 3645 2612 ἔμφρων,

2007 2742 2290 2798 visionem
2315 2742 2523 2812 victus,
2550 2744 2745 2801 minus
2768 2761 2896 2801 eam
2920 2747 3067 2801 duco
3086 2747 3646 2817 necessariam,eum

2009 2830 2212 2901 utique
2243 2832 2551 2887 nutritium
2584 2833 2936 2889 habentibus
2968 2835 3067 2906 qui
3091 2835 3277 2906 pascit
3302 2836 3496 2907 pullos
3522 2853 3654 2895 cor-

2007 2934 2232 2973 vorum.
2272 2923 2550 2975 Caeterum
2583 2927 2639 2975 et
2669 2938 2799 2977 mea
2825 2924 2977 2979 802
3001 2923 3245 2979 ecclesia
3268 2924 3656 2997 (Adrianopo-

2007 3007 2250 3063 litauam
2284 3009 2647 3079 designabat)
2679 3009 2955 3081 illiquem
2988 3010 3039 3065 ei
3061 3012 3380 3069 domestica
3398 3013 3539 3069 mihi
3557 3025 3655 3071 ne-

2008 3096 2364 3151 cessitudiue
2383 3097 2695 3151 obnoxium
2713 3099 3036 3153 antistitem
3060 3101 3305 3170 praefeci,
3331 3118 3429 3156 eas
3452 3103 3648 3173 copias

2008 3185 2341 3254 suppeditat
2362 3201 2489 3255 quae
2521 3186 2591 3240 ad
2607 3202 2712 3241 nos
2743 3203 2907 3258 aeque
2930 3189 3132 3243 ambos
3152 3188 3392 3245 alendos
3416 3190 3646 3246 abunde

2008 3273 2147 3326 sint.
2179 3273 2335 3328 ’I'alis
2364 3277 2506 3328 tunc
2536 3273 2934 3330 Germanifuit
2957 3277 3157 3345 oratio,
3182 3293 3309 3347 qum
3333 3277 3445 3348 ipsi
3468 3278 3641 3332 obtu-

2008 3359 2155 3413 lerat
2188 3362 2505 3431 imperator
2535 3378 2815 3433 generose
2838 3365 3183 3419 recusantis.
3217 3365 3349 3419 Fuit
3371 3370 3563 3420 autem
3587 3366 3637 3421 is

2009 3464 2183 3518 quem
2215 3448 2361 3502 dixit
2390 3466 2422 3503 a
2451 3466 2511 3503 se
2529 3450 2618 3503 sui
2638 3450 2760 3505 loco
2786 3453 3159 3521 praepositum
3187 3453 3451 3508 Ecclesiae
3468 3454 3640 3509 Adri-

2009 3535 2411 3605 anopolitanae,
2430 3538 2614 3606 ipsius
2630 3555 2697 3592 ex
2710 3541 2887 3595 fratre
2901 3540 2985 3593 vel
3004 3557 3199 3595 sorore
3213 3540 3498 3606 Barlaam,
3524 3540 3638 3596 alio

2010 3624 2245 3677 nomine
2278 3624 2523 3678 Basilius
2579 3626 2796 3693 dictus,
2827 3643 3026 3682 eorum
3062 3645 3188 3699 quae
3206 3630 3274 3683 ad
3301 3628 3643 3698 religionem

2012 3716 2069 3764 et
2115 3726 2341 3765 sacram
2373 3710 2747 3781 disciplinam
2794 3715 3163 3783 pertinebant
3192 3718 3509 3771 admodum
3543 3732 3644 3770 ne-

2013 3798 2260 3870 gligens.

2009 3891 2097 3944 22.
2132 3889 2204 3942 De
2248 3902 2491 3958 episcopo
2523 3886 2943 3957 Adrianopoleos
2972 3890 3176 3945 Basilio
3200 3891 3315 3946 sive
3355 3892 3641 3947 Barlaam.

2080 3980 2363 4032 Caeterum
2396 3975 2589 4029 decori
2623 3975 2818 4030 cultus
2846 3976 3145 4032 studiosus
3175 3979 3343 4048 equis
3369 3981 3644 4034 utebatur

2009 4065 2304 4118 interdum
2329 4068 2385 4118 et
2425 4064 2627 4129 armis,
2647 4063 2703 4117 in
2735 4080 2848 4134 quo
2870 4064 3046 4119 etiam
3070 4066 3377 4121 ambitiose
3394 4082 3640 4137 genero-

2012 4153 2237 4208 sitatem
2255 4155 2548 4206 ostentare
2562 4152 2813 4219 amabat,
2829 4153 3095 4207 cominus
3111 4155 3488 4225 congrediens
3502 4172 3636 4211 cum

2011 4241 2299 4296 hostibus.
2333 4240 2400 4293 Et
2431 4239 2550 4294 haec
2572 4240 2941 4310 quidemjam
2965 4246 3090 4296 tum
3134 4246 3343 4313 patruo
3390 4243 3640 4315 vivente,

2010 4329 2437 4401 parvipeudens
2478 4329 2606 4397 ejus
2642 4333 2935 4399 utcunque
2967 4331 3323 4385 contrarium
3354 4332 3442 4386 vel
3476 4333 3639 4402 judi-

2011 4420 2162 4473 cium
2192 4416 2279 4471 vel
2311 4417 2665 4487 exemplum,
2699 4416 2890 4487 palam
2923 4418 3158 4474 actitare
3187 4436 3319 4475 cum
3351 4425 3640 4489 cernetur,

263 4514 707 4581 proventusque
732 4506 1020 4577 copiosos,
1054 4507 1125 4560 ad
1158 4522 1224 4560 ea
1255 4504 1432 4560 simul
1455 4506 1653 4559 omnia
1674 4505 1903 4559 Germa—
1947 4522 1993 4587 D
2024 4506 2262 4574 impune
2292 4504 2447 4570 tulit,
2469 4506 2699 4559 veniam
2724 4505 2968 4573 juvenili
2990 4506 3201 4561 levitati
3224 4508 3414 4578 gravis
3436 4516 3488 4562 et
3510 4524 3647 4579 gra-

257 4614 384 4653 nus
418 4598 718 4667 respondit
736 4595 793 4648 in
817 4595 971 4648 hunc
995 4594 1230 4647 modum
1252 4611 1263 4647 :
1283 4592 1442 4655 Quod
1465 4593 1713 4660 primum
1734 4592 1920 4645 defers

260 4691 331 4740 ut
367 4700 765 4740 successorem
819 4699 1015 4736 meum
1048 4682 1369 4745 nominem,
1403 4681 1714 4735 minimeid
1740 4695 1907 4750 opus,

259 4778 399 4839 est;
434 4772 760 4843 providebit
788 4769 1056 4825 Ecclesiae
1088 4786 1206 4824 suae
1238 4770 1392 4824 Deus
1424 4769 1686 4823 idoneum
1718 4774 1909 4838 pasto-

263 4877 396 4915 rem
430 4868 485 4915 et
514 4861 563 4914 ei
598 4859 884 4930 pr0pitius
915 4859 1146 4927 adjutor
1170 4863 1489 4927 auctorque
1523 4857 1707 4910 aderit
1735 4857 1793 4909 in
1818 4872 1908 4910 sa-

264 4952 391 5007 cris
420 4952 547 5019 ejus
570 4951 762 5004 arduae
795 4948 1109 5004 {unctionis
1134 4948 1313 5002 curis.
1338 4946 1485 5016 Eligi
1510 4946 1717 5000 deinde
1738 4963 1908 5001 assu-

261 5038 476 5108 mique
506 5054 595 5093 me
617 5038 677 5091 in
712 5037 934 5090 Patrem
962 5035 1331 5106 imperatoris
1345 5050 1614 5105 magnam
1639 5033 1905 5104 equidem

263 5142 398 5181 rem
431 5132 488 5180 et
517 5141 765 5180 summa:
796 5124 1156 5195 dignationis
1187 5124 1468 5179 honorem
1517 5139 1645 5177 esse
1668 5121 1906 5190 judico:

260 5228 479 5268 verum
512 5214 641 5283 ejus
666 5229 837 5283 quem
872 5213 1025 5266 Deus
1044 5210 1907 5282 adoptareintiliumestdigna-

268 5305 397 5369 tus,
435 5301 570 5371 quis
602 5300 774 5355 homo
807 5317 868 5355 se
898 5299 1074 5355 talem
1107 5300 1249 5354 ferat
1278 5303 1344 5354 ut
1369 5303 1517 5353 recte
1535 5298 1723 5353 vocari
1750 5303 1911 5368 pater

264 5389 484 5461 possit,
535 5388 649 5442 nisi
681 5404 847 5456 quem
880 5388 1006 5459 ipse
1054 5389 1226 5454 Deus,
1258 5394 1316 5443 et
1345 5386 1581 5457 quidem
1614 5385 1774 5441 solus
1805 5402 1909 5440 nec

264 5476 526 5533 humani
546 5482 867 5546 praeventus
884 5476 1257 5547 praerogativa
1270 5475 1907 5545 suﬂ'ragii,dignumju-

262 5564 558 5621 dicaverit
587 5563 679 5617 cui
713 5563 1150 5633 gubernandam
1185 5564 1516 5619 committat
1546 5561 1860 5617 Ecclesiam
1883 5562 1911 5618 ?

259 5652 440 5721 Quod
464 5652 590 5723 jam
624 5650 830 5706 attinet
862 5652 931 5707 ad
960 5650 1250 5707 obblatam
1276 5651 1416 5706 mihi
1443 5649 1755 5707 necessarii
1774 5668 1908 5722 pro-

2026 4593 2159 4648 tiosi
2199 4592 2354 4647 senis
2394 4592 2742 4647 conciliante
2776 4595 3142 4649 verecundia.
3184 4595 3390 4651 Postea
3426 4601 3647 4664 tamen,

2017 4697 2148 4735 cum
2191 4680 2438 4734 aliorum
2468 4696 2702 4750 quoque
2748 4680 3136 4750 impactorum
3182 4683 3292 4752 ipsi
3338 4684 3654 4739 criminum

2017 4769 2327 4823 invidiosis
2358 4768 2835 4823 accusationibus
2860 4773 3240 4839 premeretur,
3263 4773 3534 4841 senejam
3558 4774 3657 4828 de-

2020 4859 2221 4912 functo
2253 4856 2470 4911 citatus
2494 4857 2563 4909 ad
2599 4855 2905 4911 dicendam
2937 4873 3198 4927 causam,
3220 4860 3422 4916 multis
3444 4861 3652 4918 diebus

2016 4946 2293 5001 simulata
2364 4944 2597 4998 insania
2644 4950 2699 4999 et
2747 4961 2849 5015 per
2893 4962 3023 5001 eam
3067 4963 3273 5003 secura
3319 4948 3649 5019 ignorantia

2016 5034 2383 5088 molitionum
2430 5048 2556 5102 qua:
2587 5032 2643 5087 in
2673 5032 2868 5103 ipsum
2910 5038 3309 5104 struebantur,
3353 5037 3643 5107 judicium

2014 5122 2249 5176 eludere
2279 5126 2523 5176 conatus
2549 5121 2943 5193 nequidquam
2971 5129 3078 5193 est,
3102 5124 3323 5195 synodo
3348 5125 3647 5180 nihilomi-

2016 5227 2128 5266 nus
2170 5208 2593 5280 depositionem
2648 5211 2776 5279 ejus
2808 5212 2914 5265 rite
2951 5211 3339 5280 decernente;
3370 5229 3497 5283 quae
3554 5228 3648 5268 res

2015 5298 2101 5353 illi
2146 5297 2580 5354 simulationem
2611 5298 2854 5354 excusit.
2906 5300 3049 5355 Nam
3090 5299 3186 5355 ille
3217 5298 3377 5369 prius
3428 5300 3653 5356 scilicet
3708 5333 3711 5335 -

2016 5387 2207 5457 impos
2240 5385 2471 5440 mentis.
2507 5401 2611 5439 nec
2642 5391 2742 5440 aut
2774 5387 2967 5442 sciens
2994 5387 3133 5457 quid
3166 5387 3224 5440 in
3258 5403 3318 5441 se
3346 5393 3649 5458 pararetur

2017 5479 2118 5529 aut
2148 5474 2288 5544 quid
2323 5477 2516 5543 ageret
2536 5474 2744 5543 quidve
2773 5480 3089 5546 pateretur,
3112 5479 3175 5528 ut
3194 5474 3374 5529 videri
3396 5475 3646 5547 volebat,

2016 5563 2178 5634 pensi
2204 5561 2446 5629 habens,
2471 5562 2645 5631 coepit
2664 5568 2897 5634 repente
2920 5578 3148 5634 sapere,
3171 5568 3229 5618 et
3249 5563 3660 5635 imperatorem

2017 5651 2221 5707 adiens
2264 5649 2468 5715 oravit,
2500 5650 2721 5706 sineret
2763 5667 2825 5707 se
2859 5651 3104 5721 obsequi
3159 5656 3379 5708 natura:
3427 5652 3667 5725 propria
