4158 6280
499 312 600 367 751

1799 314 2098 370 GEORGII
2136 313 2375 367 PACHY
2382 314 2596 367 MERB

3787 319 3900 374 752

497 437 587 490 καὶ
648 437 675 490 ὁ
739 432 879 507 μηδὲ
931 435 1055 508 περὶ
1111 435 1302 489 ἑαυτοῦ
1356 433 1515 497 εἰδὼς
1547 437 1574 490 ’ὸ
1604 457 1654 489 τι
1687 435 1874 506 ποιοίη
1904 435 1993 490 καὶ
2025 437 2053 490 ’ὁ
2083 456 2135 489 τι
2168 442 2217 506 Α
2251 437 2643 505 σκευασάμενος
2699 437 2818 508 περὶ
2880 435 3224 512 πατριάρχου
3277 439 3591 494 συνεσκόπει
3641 446 3760 504 τοῖς
3815 443 3901 497 ἱε-

496 525 722 598 πάσχοι,
785 523 909 598 περὶ
939 525 1012 576 ὧν
1046 521 1231 594 ἐκείνῳ
1264 523 1425 597 λόγος
1479 522 1655 587 οὐδεὶς
1687 522 1990 590 διετείνετο,
2045 525 2130 578 καὶ

495 615 586 667 τὸν
641 611 866 686 βασιλέα
916 611 1164 684 λιπαρῶς
1222 611 1376 683 ἠξίου
1437 611 1639 689 ἐφεῖναί
1697 615 1750 666 οἳ
1798 617 2034 687 χρῆσθαι
2065 616 2132 684 τῇ

492 700 598 770 ’ἐξει
653 700 740 754 καὶ
819 705 1138 773 στρατηγεῖν
1217 699 1288 759 ὡς
1354 699 1454 770 οἵῳ
1526 701 1572 753 τ’
1628 697 1741 754 ὅντι
1793 701 1962 772 ὁμόσε
2015 706 2132 761 τοῖς

495 787 717 863 ἐχθροῖς
771 785 907 841 ίέναι
966 789 1052 840 καὶ
1088 788 1259 862 συχνὰ
1287 790 1354 841 τὰ
1411 787 1626 842 ἐκείνων
1676 789 1822 858 ἱστᾷν
1877 788 2131 862 τρόπαια.

494 878 564 930 Τὸ
623 873 666 929 δ’
728 877 811 950 ἄρ’
865 877 931 944 ἦν
989 881 1084 928 τοῦ
1137 873 1402 948 βασιλέως
1427 875 1755 938 ἀκούσαντος
1787 883 1860 937 εἰς
1898 878 2129 948 ὑποψίαν

496 964 683 1017 ἐκείνώ
741 965 1026 1032 κακίστην,
1085 963 1196 1017 εἶτα
1254 963 1340 1017 καὶ
1372 962 1640 1022 κίνδυνον.
1675 967 1983 1033 Συννοήσας
2030 966 2132 1039 γάρ

496 1053 524 1104 ὁ
576 1057 784 1123 κρατῶν
845 1053 917 1105 ὡς
978 1053 1005 1104 ὁ
1056 1057 1224 1105 ταῦτα
1283 1050 1454 1125 λέγων
1516 1050 1738 1113 δυνατὸς
1797 1051 1992 1106 ἐσεῖται
2044 1053 2132 1105 καὶ

493 1142 687 1214 πρᾶξαι
721 1142 775 1211 (ἢ
835 1161 891 1195 τε
919 1141 1020 1213 γὰρ
1051 1139 1242 1207 ἡλικία
1289 1141 1378 1193 καὶ
1409 1141 1470 1194 τὸ
1495 1145 1589 1194 τοῦ
1622 1141 1874 1212 σώματος
1907 1139 2130 1214 ἰσχυρὸν

493 1229 582 1283 καὶ
611 1227 791 1302 τρίτον
834 1230 868 1296 ἡ
904 1228 1028 1298 περὶ
1057 1231 1222 1280 ταῦτα
1279 1233 1438 1301 πεῖρα
1485 1229 1679 1294 πιστὴν
1733 1230 1977 1301 ἡγεῖσθαι
2029 1227 2129 1294 τὴν

495 1317 725 1389 ὑποψίαν
783 1313 1008 1387 ἐδήλου)
1063 1316 1152 1368 καὶ
1211 1316 1261 1389 γ’
1318 1314 1724 1388 ἐπειλημμένος
1755 1316 1984 1376 ἀνέσεως
2025 1314 2133 1388 οὐχ

498 1405 631 1480 ὑπὲρ
688 1406 846 1476 ἡμῶν
908 1403 1120 1475 μᾶλλον
1178 1405 1295 1457 κατ’
1326 1402 1566 1473 ἐκείνων,
1619 1403 1764 1458 ἀλλὰ
1820 1405 2128 1473 καθ’ἠμῶν

499 1495 611 1567 μετ’
663 1492 881 1547 ἐκείνων
931 1496 1012 1563 τῷ
1070 1489 1367 1566 ἀποδρᾶναι
1413 1493 1502 1546 καὶ
1567 1491 1850 1563 μελετήσει
1884 1491 2014 1554 ἴσως
2041 1490 2130 1545 καὶ

495 1581 864 1654 διαπράξεται,
914 1579 966 1633 ἐν
1009 1584 1272 1651 φυΛακαῖς
1333 1577 1552 1650 δέσμιον
1596 1581 1885 1652 κατασχὼν
1928 1578 2128 1652 ἐτήρει,

497 1671 572 1742 μὴ
606 1667 664 1724 δὲ
694 1673 921 1744 φθάσας,
956 1668 1108 1743 φησὶ,
1157 1669 1274 1721 καθ’
1300 1669 1456 1738 ἡμῶν
1490 1665 1769 1728 ἐκτελέσας
1801 1666 1831 1720 ἃ
1859 1668 1994 1720 κατὰ
2022 1671 2129 1720 τῶν

493 1757 706 1832 ἐχθρῶν
738 1754 1119 1829 ἐπηγγείλατο.
1155 1754 1286 1810 Εἶτα
1330 1761 1430 1822 τῆς
1478 1754 1601 1828 περὶ
1649 1752 1849 1808 ἐκεῖνον
1907 1773 2125 1830 φροντι-

492 1843 582 1907 δος
657 1846 894 1899 ἀνεῖσθαι
968 1842 1160 1912 Θέλων,
1237 1842 1559 1916 προστάσσει
1621 1847 1698 1912 τῷ
1757 1838 2131 1910 Τζυκανδὸλη,

489 1933 710 2007 ὀτρηρῷ
762 1953 821 2007 γε
873 1928 985 1986 ὄντι
1044 1931 1181 2004 πρὸς
1234 1935 1423 1994 ταῦτα,
1482 1928 1819 2002 ἀπαγαγόντι
1866 1928 2002 2000 πρὸς
2033 1927 2130 1982 Νί-

485 2042 639 2076 καιαν
671 2021 834 2075 αὐτόν
885 2040 944 2074 τε
997 2019 1088 2073 καὶ
1146 2017 1237 2072 σὺν
1291 2017 1437 2088 αὐτῷ
1495 2017 1812 2091 Βούλγαρον
1840 2015 1928 2070 καὶ
1968 2015 2127 2070 αὐτὸν

488 2107 616 2165 ὅντα
672 2110 724 2163 ἐν
785 2109 990 2181 ὑποψίᾳ
1041 2111 1136 2162 τοῦ
1193 2104 1510 2180 ἀποδρᾶναι,
1542 2103 1832 2174 Τζουίλαν,
1881 2103 1986 2179 πρὸ
2031 2107 2128 2158 τοῦ

488 2198 564 2260 εἰς
594 2199 655 2252 τὸ
681 2197 911 2272 κάστρον
943 2196 1246 2270 εἰσαγαγεῖν
1277 2193 1442 2267 ἄμφω
1474 2213 1726 2267 στερησαι
1765 2197 1873 2247 τῶν
1923 2191 2125 2269 ὀφθαλ-

489 2290 628 2360 μῶν,
661 2287 688 2341 ὃ
720 2283 787 2355 δὴ
819 2285 908 2340 καὶ
939 2284 1130 2359 γέγονε
1164 2282 1300 2355 μετὰ
1327 2286 1512 2338 ταῦτα.

482 2446 586 2516 κγ’.
646 2446 830 2507 Ὅπως
895 2441 970 2503 εἷς
1025 2441 1404 2517 *πατριάρχην-
1449 2439 1740 2517 ψηφίζεται
1807 2437 1953 2513 παρᾶ
2012 2441 2122 2492 τῶν

1015 2512 1314 2588 ἀρχιερέων
1365 2512 1588 2585 Ἰωσήφ.

555 2641 636 2713 [Ρ.
676 2640 804 2711 205]
861 2638 917 2692 Ὀ
969 2637 1148 2708 μέντοι
1202 2634 1454 2711 βασιλεὺς
1508 2635 1599 2688 τὸν
1660 2633 1933 2710 Γερμανὸν
1985 2635 2120 2688 ἀπο-

482 2855 675 2926 ipsum
710 2851 907 2907 indole
938 2851 995 2906 in
1031 2867 1151 2905 rem
1172 2849 1441 2904 bellicam
1466 2848 1722 2903 trahenti
1752 2866 1764 2915 ;
1793 2851 2126 2904 auctoraret

480 2958 618 3014 ergo
647 2957 776 2996 sese
809 2939 1001 3010 aliqua
1034 2938 1270 2992 militari
1305 2938 1668 3009 praefectura,
1694 2953 1807 3004 qua
1829 2935 1938 3006 ipsi
1974 2952 2121 3006 prae-

480 3030 621 3096 dito,
657 3033 720 3082 ut
763 3028 987 3082 dudum
1032 3029 1348 3096 optaverat,
1381 3025 1582 3078 liceret
1613 3023 1898 3077 lacessere
1939 3039 2114 3076 manu
2144 3064 2188 3128 ο

479 3118 679 3172 hostes
710 3121 767 3171 et
795 3117 866 3170 de
897 3115 972 3169 iis
1004 3114 1151 3168 fusis
1183 3111 1467 3182 caesisque
1495 3111 1695 3166 crebra
1727 3114 1981 3165 statuere
2005 3116 2118 3164 tro-

480 3222 624 3277 paea.
660 3204 716 3258 ld
753 3204 906 3274 quod
940 3200 1276 3272 imperatori
1311 3200 1568 3254 audienti
1595 3215 1826 3268 gravem
1851 3205 1906 3253 et
1937 3199 2005 3252 ad
2030 3216 2123 3252 ex-

479 3301 731 3350 tremum
765 3289 1118 3363 supplicanti
1161 3288 1458 3343 exitiosam
1498 3287 1888 3357 suspicionem
1925 3287 2118 3341 movit.

485 3385 630 3439 Nam
666 3386 943 3452 reputans
977 3383 1274 3450 Augustus
1297 3377 1415 3431 haec
1441 3375 1765 3442 loplenlem
1804 3375 1968 3429 facile
1995 3391 2119 3444 quae

483 3471 635 3527 803
659 3469 991 3524 minabatur
1012 3472 1304 3531 acturum,
1332 3465 1534 3534 utique
1559 3463 1649 3517 cui
1676 3479 1780 3517 nec
1803 3463 1907 3517 ﬂos
1932 3463 2120 3516 aetatis

486 3576 589 3615 nec
606 3559 780 3613 robur
801 3556 1145 3611 lacertorum
1165 3569 1288 3622 nec,
1313 3552 1464 3623 quod
1485 3555 1660 3622 caput
1681 3555 1820 3617 erat,
1842 3553 2117 3621 ususjam

484 3648 698 3719 aliquis
723 3660 1002 3701 ausorum
1036 3641 1365 3698 istiusmodi
1401 3643 1646 3705 deesset,
1683 3640 1740 3693 in
1773 3655 1898 3693 eam
1924 3656 1991 3694 ex
2020 3656 2120 3694 su-

484 3737 740 3808 spicione
770 3735 942 3788 ﬁxam
977 3732 1309 3804 opinionem
1344 3729 1598 3794 transiit,
1633 3728 1960 3782 timendum
1991 3743 2119 3780 om.

485 3827 622 3882 nino
657 3823 876 3891 ne,siei
901 3821 1055 3893 quod
1073 3819 1240 3874 vellet
1265 3817 1472 3890 agendi
1502 3818 1747 3870 liberum
1772 3816 1985 3869 ostium
2013 3816 2116 3869 da-

484 3921 662 3982 retur,
698 3918 799 3969 aut
830 3910 1226 3982 transfugiens
1257 3910 1326 3963 ad
1364 3909 1557 3963 hostes
1589 3910 1688 3960 aut
1715 3907 1772 3960 in
1807 3905 2116 3958 factionem

483 4004 742 4074 aliquam
767 3999 1099 4071 reipublicae
1124 3998 1413 4052 infensam
1440 4011 1566 4050 sese
1586 3995 1806 4048 addens
1830 3992 2005 4047 istum
2032 3993 2118 4046 in-

483 4093 743 4162 quietum
767 4089 1025 4144 animum
1049 4091 1104 4141 et
1122 4084 1499 4156 gladiatorias
1521 4083 1672 4136 vires
1690 4081 1760 4135 ad
1777 4081 1972 4151 patrim
1988 4097 2119 4151 per-

484 4181 690 4237 niciem
717 4179 1021 4240 conferret,
1039 4173 1590 4240 machinareturque
1613 4174 1669 4224 et
1693 4173 1998 4223 attentaret
2024 4183 2118 4238 pe-

483 4268 732 4324 riculose
764 4263 947 4320 multa
978 4268 1181 4318 contra
1203 4259 1451 4330 quietem
1485 4256 1798 4328 publicam.
1821 4260 2120 4310 Constrin—

483 4358 739 4429 gendum
764 4354 944 4425 igitur
966 4349 1279 4423 praecipitis
1309 4345 1525 4418 ingenii
1549 4345 1846 4400 hominem
1874 4345 2116 4415 putavit,

482 4451 539 4502 et
565 4445 663 4500 illo
686 4441 899 4498 carceri
933 4439 1264 4494 mandando
1295 4434 1775 4507 praevertendum,
1809 4437 1873 4485 ut
1903 4432 2113 4498 aiebat,

482 4551 552 4589 ne
583 4536 781 4588 nostro
830 4530 1044 4583 damno
1077 4526 1373 4598 perficeret
1403 4523 1558 4594 quod
1600 4521 1657 4575 in
1692 4520 1946 4574 hostium
1995 4520 2112 4572 exi-

479 4623 627 4678 tium
677 4635 803 4674 esse
834 4617 1080 4671 dixisset
1123 4611 1408 4669 meditari.
1447 4611 1649 4666 Postea
1694 4625 1827 4664 vero
1877 4607 2112 4679 defungi

481 4707 658 4767 semel
690 4706 931 4778 cupiens
962 4701 1200 4773 ancipiti
1223 4718 1362 4756 cura
1386 4699 1443 4753 in
1477 4705 1604 4753 tuto
1626 4696 1924 4752 detinendi
1950 4711 2112 4750 reum

481 4795 737 4853 difﬁcilis
768 4792 1066 4860 custodiae,
1099 4787 1470 4861 szcandylze
1502 4785 1752 4851 cuidam,
1779 4783 2029 4855 impigro
2057 4787 2114 4837 et

479 4885 695 4942 talibus
727 4880 1024 4952 obsequiis
1057 4881 1106 4933 is
1138 4878 1343 4931 idoneo
1389 4875 1678 4942 ministro,
1715 4871 2009 4927 mandavit
2050 4876 2113 4926 ut

480 4977 635 5030 hunc
661 4971 837 5028 simul
869 4985 1000 5024 cum
1034 4965 1234 5021 Tzuila
1266 4964 1536 5034 Bulgaro,
1571 4968 1627 5017 et
1650 4962 1774 5030 ipso
1797 4959 2110 5029 transfugii

479 5067 768 5134 suspecto,
785 5060 1028 5114 Nicaeam
1051 5055 1394 5117 abductum,
1415 5052 1616 5105 ambos
1633 5051 1968 5118 priusquam
1988 5048 2110 5102 illic

478 5154 538 5208 in
571 5156 829 5207 castrum
861 5145 1154 5210 conderet,
1184 5141 1368 5197 oculis
1395 5139 1644 5211 privaret
1670 5153 1682 5191 :
1710 5137 1761 5189 id
1797 5137 1945 5205 quod
1975 5152 2110 5205 pos-

478 5248 569 5298 tea
597 5245 686 5295 est
718 5240 954 5292 factum.

543 5349 633 5402 23.
670 5347 734 5402 Ut
759 5339 1046 5414 suffragiis
1076 5335 1450 5414 episcoporum
1479 5334 1534 5414 in
1567 5330 1942 5403 patriarcham
1971 5331 2106 5385 elec-

1000 5419 1082 5464 tus
1104 5405 1281 5478 ’fueri't
1307 5405 1592 5474 Josephus.

547 5510 665 5560 Hoc
715 5517 883 5573 porro
931 5503 1194 5568 tempore
1242 5495 1588 5564 imperator,
1642 5495 1834 5546 amoto
1883 5506 1913 5544 e
1969 5490 2107 5545 sede

478 5596 788 5658 Germano,
821 5589 1094 5644 idoneum
1111 5583 1209 5656 qui
1225 5580 1600 5655 patriarchali
1618 5579 1831 5635 throno
1854 5579 1930 5633 im
1939 5594 2106 5650 pone-

2246 527 2444 596 ρεῦσιν,
2480 523 2550 583 ὡς
2615 521 2782 592 μηδὲν
2845 522 2999 584 εἰδὼς
3042 522 3223 594 δῆθεν,
3256 523 3368 579 οὐδ’
3397 523 3617 600 ἕτοιμον
3649 525 3794 603 ἔχων
3829 529 3893 583 δν

2243 613 2331 664 καὶ
2365 609 2416 664 ἐν
2449 608 2643 684 καρδίᾳ
2673 607 3164 685 προύκατεϐάλετο.
3206 615 3303 674 Οἷς
3351 619 3478 687 γοῦν
3514 617 3614 670 οὐκ
3659 615 3710 671 ἐν
3775 619 3898 672 ἐπι-

2244 699 2421 752 στάσει
2473 699 2540 752 τα
2594 698 2820 769 τούτων,
2875 699 3087 761 τούτοις
3123 699 3457 764 ἐπιπολαίως
3511 702 3890 778 λογιζομένοις

2243 781 2386 848 ἔνθεν
2441 787 2532 858 μὲν
2582 791 2801 857 τοῦτον,
2859 783 3002 851 ἔνθεν
3064 785 3110 842 δ’
3165 787 3368 843 ἐκεῖνον
3403 792 3453 844 οἱ
3504 799 3604 860 τῆς
3659 792 3887 867 καρδίας

2248 874 2555 948 ὑπέγραφον
2609 872 2890 945 λογισμοί.
2949 876 3106 930 ’Ὁσοι
3137 873 3192 928 δὲ
3245 875 3334 929 καὶ
3385 875 3461 936 είς
3490 882 3614 930 νοῦν
3649 873 3886 934 ἓϐαπτον

2240 961 2335 1013 τοῦ
2377 966 2702 1034 κρατοῦντος
2730 962 2818 1014 καὶ
2850 963 3254 1036 κατηυστὸχουν
3286 968 3392 1017 τῶν
3445 964 3687 1032 ἐννοιῶν,
3747 968 3888 1021 ὲκεί-

2241 1070 2356 1109 νοις
2410 1051 2486 1109 εἷς
2542 1049 2629 1102 καὶ
2693 1050 2854 1120 μόνος
2887 1047 3060 1104 ἐδόκει
3093 1052 3119 1104 ὁ
3151 1050 3224 1112 είς
3255 1055 3350 1118 τήν
3397 1054 3721 1125 προστασίαν
3763 1054 3884 1108 ἐπι-

2241 1133 2458 1204 τήδειος
2515 1137 2542 1189 ὁ
2591 1137 2679 1190 καὶ
2737 1139 2990 1210 θυμήρης
3043 1143 3121 1208 τῷ
3183 1140 3414 1212 βασιλεῖ.
3488 1143 3701 1204 Κοινῶς
3756 1147 3888 1214 γοῦν

2243 1223 2752 1298 συνδιασκεψάμενοι
2808 1227 2896 1280 τὸν
2958 1227 3228 1296 Γαλησίου
3284 1229 3486 1302 Ἰωσὴφ
3547 1227 3884 1306 ἐψηφίζοντο

2241 1309 2407 1386 ἀνδρα
2458 1313 2820 1384 πνευματικόν
2879 1335 2938 1368 τε
3001 1314 3090 1368 καὶ
3163 1316 3384 1388 ἀγαθὸν,
3455 1315 3721 1372 ἁπλοϊκὸν
3790 1319 3881 1373 καὶ

2240 1399 2408 1470 εὐήθη
2465 1399 2589 1462 τοὺς
2639 1401 2899 1476 τρόπους,
2958 1401 3188 1480 ιρέροντα
3245 1401 3302 1458 δέ
3355 1425 3476 1458 τινα
3523 1406 3612 1459 καὶ
3664 1406 3723 1460 ἐκ
3771 1413 3881 1461 τῶν

2241 1489 2570 1562 ἀνακτόρων,
2630 1489 2743 1542 ἐπεὶ
2800 1491 3010 1563 γυναικὶ
3067 1496 3238 1558 συζῶν
3283 1497 3361 1564 τῷ
3390 1500 3492 1562 τῆς
3523 1493 3882 1569 μακαρίτιδος

2240 1573 2528 1646 δεσποίνης
2563 1576 2800 1650 Εἰρήνης
2835 1577 3175 1633 συνετάττετο
3217 1579 3412 1654 κλήρῳ
3458 1583 3543 1636 καὶ
3575 1585 3694 1636 κατ’
3749 1584 3880 1637 ἀνα-

2237 1664 2482 1738 γνώστας
2540 1662 2872 1738 ἐξυπηρέτει,
2928 1666 3016 1719 καὶ
3075 1666 3377 1742 ἐλευθερίας
3408 1669 3561 1724 ἱκανὰ
3592 1667 3880 1745 δείγματα.

2240 1756 2455 1828 Ἠγάπα
2485 1751 2542 1808 δὲ
2567 1757 2654 1808 καί
2709 1755 2772 1810 τὸ
2827 1760 2933 1809 τῶν
2995 1755 3071 1817 εἷς
3127 1763 3314 1830 χεῖρας
3355 1760 3626 1813 πεσόντων
3660 1759 3881 1831 μεταδι-

2241 1839 2388 1895 δόναι
2426 1847 2542 1902 τοῖς
2575 1839 2793 1908 ἄλλοις,
2827 1844 2922 1897 ὅσα
2950 1843 3039 1898 καὶ
3083 1844 3338 1921 ἀσφαλῶς
3368 1847 3770 1924 ἀποφήνασθαι,
3803 1850 3879 1910 ὡς

2240 1929 2403 1984 ἄλλοι
2461 1928 2526 1998 δὴ
2579 1933 2629 1984 οἱ
2660 1932 2777 1984 καθ’
2807 1934 2956 2002 ἡμᾶς
2983 1932 3045 1986 τὸ
3074 1931 3509 2006 γλισχρεύεσθαι.
3541 1936 3609 1988 Τὸ
3641 1933 3696 1990 δὲ
3728 1938 3875 2006 ξὲνον

2239 2018 2320 2071 ὅτι
2371 2019 2459 2072 καὶ
2518 2017 2585 2092 τῇ
2622 2023 2896 2091 μοναχικῇ
2951 2019 3201 2091 πολιτείᾳ
3257 2021 3608 2094 ἐνισμενίζων
3648 2023 3700 2077 ἐν
3735 2023 3877 2098 ψαλ-

2242 2104 2494 2178 μῳδίαις,
2524 2105 2576 2160 ἐν
2609 2107 2948 2181 ἀγρυπνίαις,
2982 2107 3032 2162 ἐν
3065 2108 3362 2178 νηστείαις,
3404 2109 3454 2165 ἐν
3507 2110 3876 2181 ὑδροποσίαις,

2235 2193 2312 2249 ὅτ’
2344 2190 2471 2262 ἔδει,
2527 2193 2577 2248 ἐν
2607 2196 2874 2267 πραότητι
2923 2195 3012 2249 καὶ
3065 2193 3378 2270 δικαιοσύνῃ
3426 2199 3513 2252 καὶ
3547 2198 3666 2267 ἤθει
3729 2220 3874 2275 χρη-

2236 2287 2344 2354 στῷ
2398 2283 2487 2338 καὶ
2516 2281 2783 2352 ἁπλότητι
2815 2283 2903 2337 καὶ
2956 2282 3197 2345 συνόλως
3236 2284 3632 2361 ἀκαταγνώστῳ
3665 2285 3869 2362 διαγω-

2231 2374 2323 2444 γῇ,
2383 2368 2506 2425 οὐδὲ
2554 2377 2654 2440 τῆς
2711 2372 2827 2426 κατ’
2858 2372 3138 2443 ἄνθρωπον
3172 2372 3365 2445 ἀρετῆς
3396 2373 3616 2445 ἡμέλει,
3647 2380 3745 2428 τοῦ
3773 2377 3863 2429 καὶ

2232 2464 2584 2533 προεντυχεῖν
2638 2480 2741 2513 τινι
2792 2459 2880 2513 καὶ
2925 2459 3360 2532 προσπτύξασϐαι
3416 2461 3505 2514 καὶ
3555 2463 3622 2516 τὰ
3679 2463 3872 2539 φιλικά

2233 2544 2578 2616 συλλαλῆσαι
2632 2546 2721 2600 καὶ
2785 2545 3055 2619 μειδιᾶσαι
3113 2549 3202 2602 καὶ
3256 2546 3582 2622 διαχυθῆναι
3615 2551 3750 2624 πρὸς
3779 2553 3870 2625 γὲ·

2232 2632 2402 2704 λωτα,
2464 2633 2516 2688 εἷ’
2565 2655 2672 2688 που
2721 2631 2923 2710 ἐλέχθη
2982 2635 3126 2710 παρά
3179 2656 3325 2698 τινος
3355 2638 3473 2692 κατ’
3503 2635 3680 2693 ἄνεσιν
3711 2639 3866 2708 ἧκαὶ

2232 2852 2394 2901 retur
2421 2847 2753 2918 inquirebat
2783 2864 2900 2901 una
2931 2864 3065 2902 cum
3098 2848 3414 2919 episcopis,
3437 2851 3671 2922 egregie
3693 2853 3872 2908 dissi-

2233 2935 2467 2989 mulans
2485 2935 2624 3006 quid
2652 2935 2709 2988 in
2725 2935 2875 2990 votis
2895 2936 3155 2999 haberet,
3175 2953 3279 2992 nec
3304 2937 3424 2992 ulla
3437 2940 3872 3009 significatione

2233 3023 2486 3093 prodens
2519 3028 2787 3093 paratum
2809 3022 2922 3077 sibi
2943 3023 3436 3094 designatumque
3461 3043 3643 3080 unum
3687 3029 3870 3084 menti

2231 3110 2546 3176 obversari,
2573 3127 2743 3181 quem
2771 3109 3070 3180 praelatum
3096 3127 3189 3165 om
3209 3113 3384 3167 nibus
3407 3113 3669 3183 impense
3695 3132 3869 3187 cupe-

2231 3205 2335 3253 ret.
2371 3200 2663 3268 Quotquot
2693 3215 2828 3270 ergo
2883 3199 3220 3254 antistitum
3263 3201 3726 3272 simplicioribus
3774 3223 3868 3260 ar-

2230 3302 2411 3340 canus
2443 3291 2568 3340 erat
2615 3303 2825 3340 sensus
2857 3286 3142 3358 principis
3189 3287 3446 3356 ignotus,
3479 3292 3550 3344 ab
3582 3291 3655 3345 iis
3704 3309 3869 3361 sane,

2230 3380 2431 3444 utpote
2463 3391 2583 3428 rem
2618 3375 3050 3429 aestimantibus
3080 3391 3110 3429 ο
3141 3377 3468 3446 superficie,
3490 3385 3547 3432 et
3575 3396 3754 3448 quam
3780 3397 3862 3436 re-

2228 3461 2518 3531 linqueret
2549 3461 2692 3531 ipsis
2721 3461 3002 3530 integram
3030 3462 3309 3517 evehendi
3341 3481 3509 3534 quem
3536 3467 3862 3522 mallentli-

2229 3549 2511 3604 bertatem
2547 3566 2676 3604 vere
2705 3565 2767 3604 se
2791 3549 3004 3610 habere
3031 3551 3474 3618 arbitrantibus,
3509 3553 3662 3609 alius
3684 3556 3861 3612 allus-

2229 3652 2342 3705 que
2358 3652 2458 3706 pro
2471 3637 2755 3706 cujusque
2768 3637 3166 3692 animotacitis
3181 3639 3631 3709 cogitationibus
3645 3643 3715 3697 ad
3731 3659 3862 3700 eum

2228 3723 2502 3778 honorem
2547 3724 2984 3794 designabatur.
3040 3731 3111 3779 At
3153 3726 3679 3796 perspicacioribus
3730 3732 3856 3788 aliis

2229 3828 2376 3882 quos
2407 3812 2560 3866 304
2577 3829 2689 3866 non
2714 3811 2960 3865 laterent
2988 3813 3360 3882 imperatoris
3384 3815 3575 3869 intimi
3601 3819 3860 3886 affectus,

2228 3916 2384 3954 unus
2415 3906 2467 3953 et
2496 3899 2658 3954 solus
2689 3899 2759 3953 ad
2790 3898 2964 3953 istam
3001 3902 3406 3969 praefecturam
3441 3909 3616 3974 aptus
3639 3907 3864 3962 scilicet

2227 3987 2554 4053 videbatur,
2587 4003 2759 4057 quem
2793 3988 3172 4057 praerogativa
3203 3991 3399 4060 gratiae
3420 3992 3702 4063 principis
3725 3997 3860 4049 taci-

2230 4079 2540 4145 torumque
2585 4076 2643 4128 in
2688 4075 2743 4128 id
2791 4080 3057 4129 votorum
3104 4079 3559 4134 commendaret.
3607 4083 3858 4138 Consilio

2229 4164 2407 4233 igitur
2437 4164 2660 4218 interse
2677 4163 2872 4216 habito
2889 4165 3276 4220 concordibus
3291 4167 3857 4242 calculisJosephum

2229 4252 2439 4306 Galesii
2473 4252 2807 4322 prmfectum
2839 4251 3158 4321 elegerunt,
3191 4253 3377 4308 virum
3409 4257 3777 4326 spiritualem
3809 4270 3859 4315 et

2228 4341 2466 4404 bonum,
2491 4340 2816 4410 simplicem
2845 4351 3048 4395 natura
3071 4342 3412 4414 facilemque
3435 4348 3723 4414 moribus,
3747 4366 3855 4404 non

2147 4405 2192 4469 D
2226 4428 2370 4482 nihil
2405 4428 2460 4482 in
2506 4405 2775 4482 usu-vitai.
2807 4444 2837 4481 e
2867 4428 3122 4498 palatina
3162 4405 3454 4501 elegantia
3499 4405 3852 4492 trahentem.

2225 4517 2368 4571 Nam
2386 4533 2620 4571 uxorem
2646 4515 2865 4570 habens
2891 4519 2945 4570 in
2974 4517 3196 4571 familia
3222 4520 3504 4590 principis
3527 4523 3754 4580 feminea
3775 4527 3853 4581 vi-

2222 4611 2406 4669 xerat,
2430 4604 2721 4674 ascriptus
2742 4603 2879 4658 olim
2893 4604 3043 4659 clero
3066 4605 3382 4662 domestico
3396 4611 3648 4666 domina:
3664 4615 3853 4670 Irenes

2223 4695 2330 4764 pias
2363 4692 2677 4757 memoriae,
2711 4692 2787 4746 ibi
2822 4693 3166 4749 ministrans
3197 4695 3254 4748 in
3299 4696 3503 4752 ordine
3535 4697 3852 4771 lectorum;

2221 4783 2374 4836 unde
2404 4778 2662 4834 liberalis
2697 4780 2943 4849 ﬁduciae,
2976 4781 3168 4851 qualis
3199 4798 3328 4837 esse
3358 4782 3417 4837 in
3451 4786 3603 4842 aulis
3643 4791 3852 4845 educa-

2221 4874 2412 4924 torum
2447 4869 2613 4934 solet,
2649 4868 2833 4922 multa
2863 4868 2920 4921 in
2947 4871 3073 4937 ejus
3097 4886 3363 4926 sermone
3386 4889 3450 4928 ac
3471 4881 3849 4934 conservandi

2220 4956 2662 5027 formavestigia
2697 4958 3024 5011 exstabant.
3050 4959 3493 5018 Communicare
3515 4965 3654 5033 quin
3680 4969 3846 5022 etiam

2222 5046 2519 5116 largiendo
2546 5045 2676 5099 aliis
2706 5061 2773 5098 ex
2797 5044 2853 5098 in
2881 5045 3006 5112 ejus
3031 5048 3674 5120 manusincidentibus,
3702 5073 3848 5124 quae-

2221 5151 2452 5204 cunque
2483 5149 2684 5188 secure
2724 5133 3189 5203 ostenderentur,
3223 5134 3307 5190 sic
3352 5139 3606 5209 amabat,
3642 5147 3706 5197 ut
3739 5145 3845 5200 fere

2220 5223 2351 5278 aliis
2383 5223 2535 5293 quod
2570 5222 2859 5286 novimus,
2892 5220 3032 5275 talia
3080 5224 3403 5280 recondunt
3432 5233 3490 5281 et
3519 5228 3633 5283 sibi
3680 5249 3844 5288 avaro

2219 5317 2472 5366 servant.
2489 5310 2590 5364 llis
2607 5310 2734 5380 ejus
2750 5309 3012 5364 moribus
3028 5309 3391 5380 inopinatum
3412 5315 3845 5376 admiscebatur

2219 5400 2523 5470 quiddam,
2552 5399 2707 5468 quod
2739 5397 3006 5452 videlicet
3037 5397 3209 5454 homo
3240 5417 3307 5455 ex
3337 5403 3530 5460 animo
3577 5410 3839 5479 amplecti

2218 5503 2331 5558 prae
2363 5504 2423 5541 se
2457 5489 2645 5541 ferens
2660 5485 3105 5540 sanctimoniam
3122 5491 3579 5548 monasticamin
3595 5498 3840 5566 psalmo-

2219 5575 2356 5644 diis,
2373 5575 2432 5630 in
2451 5575 2683 5648 vigiliis,
2704 5573 3016 5644 injejuniis
3031 5575 3382 5650 frequenter,
3405 5579 3466 5635 in
3487 5587 3628 5654 potu
3655 5587 3839 5645 abste-
