4162 6292
339 327 452 384 753

1393 341 1482 392 DE
1519 343 1894 396 MICHAELE
1935 343 2377 400 PALEOLOGO
2412 346 2544 398 LIB.
2584 347 2679 398 IV.

3636 340 3744 396 754

343 453 603 528 ἰπράχθη
664 454 878 531 εῦχαρι,
909 459 998 512 καὶ
1062 459 1311 524 ὑπελθεῖν
1363 459 1593 538 ἄρχουσι
1645 461 2067 537 δυναμὲνοις,Α
2099 461 2155 518 δέ
2203 485 2264 538 γε
2311 464 2627 536 Μιτυλήνης
2685 467 2984 541 Γρηγόριος
3025 465 3084 520 ἐκ
3111 464 3350 521 παλαιοῦ
3411 465 3586 541 φέρων
3639 465 3738 534 τὴν

339 544 431 596 καὶ
471 547 655 612 ζητεῖν
713 544 844 618 ὐπερ
893 543 1102 613 ἄλλων,
1160 547 1248 602 καὶ
1309 545 1500 625 ἁϐραῖς
1553 552 1840 625 τραπέζαις
1898 550 1989 606 σὺν

349 627 636 706 διαφόροις
713 629 880 694 οἷ’νοις
935 653 994 685 τε
1048 635 1137 688 καί
1183 639 1490 710 τραγήμασι
1566 639 1693 702 τοὺς
1743 637 1989 699 πολλοὺς

341 719 547 788 ἓστιᾷν,
609 719 698 772 καὶ
758 719 969 791 μᾶλλον
1031 723 1240 784 ὃσοιςὸ
1277 725 1395 799 βίος
1454 724 1655 800 ἄπορος
1712 728 1800 781 καὶ
1854 728 1989 782 ἄπα·

341 804 553 878 λαμνος
581 806 670 860 καὶ
700 814 798 876 τῆς
849 809 962 862 κατ’
1022 810 1216 872 αὐτοὺς
1265 811 1541 887 ἀναδοχῆς
1597 813 1853 890 ἔχρῃζον.
1883 820 1987 868 Τοῦ

332 899 464 969 γοῦν
496 895 749 949 τοιούτου
800 895 1229 970 καταδεξαμενυυ
1286 903 1380 968 τὴν
1439 905 1642 979 ψῆφον,
1676 905 1702 956 ὁ
1739 903 1986 976 βασιλεὺς

336 982 416 1045 εἷς
445 984 792 1056 πατριάρχην
851 989 1042 1038 τοῦτον
1103 982 1498 1060 προϐάλλεται,
1561 992 1732 1062 μηνὸς
1790 1000 1983 1067 Σκιρο-

333 1075 607 1148 φοριῶνος
668 1071 887 1145 εἰκοστῇ
951 1071 1118 1147 ὀγδόῃ
1170 1083 1272 1143 τῆς
1327 1074 1555 1148 δεκάτης
1616 1080 1982 1151 ἒπινιμῆσεως

328 1163 430 1213 τοῦ
491 1160 656 1229 ’ςψοέ
699 1154 869 1227 ἔτους,
908 1158 1384 1234 Ἑκατομϐαιῶνος
1434 1164 1488 1220 δὲ
1541 1169 1808 1240 νουμηνίᾳ
1854 1189 1979 1243 χει-

331 1248 653 1321 ροτονηθεὶς
715 1247 792 1308 εἷς
847 1249 1133 1323 ἀρχιερέας
1193 1249 1458 1311 τελέσται.
1520 1255 1651 1329 Ηερὶ
1697 1255 1752 1310 δὲ
1790 1279 1851 1331 γε
1881 1261 1978 1327 τήν

331 1334 684 1408 χειροτονίαν
709 1335 798 1389 καὶ
827 1338 1074 1391 τοιοῦτόν
1105 1360 1157 1392 τι
1187 1339 1411 1413 γίνεται.

334 1437 440 1493 κδ’.
558 1441 746 1525 Ὅπως
838 1440 1374 1516 παραέοκιμηθὲντος
1471 1453 1567 1502 τοῦ
1660 1452 1978 1525 Ἡρακλείας

410 1508 872 1594 μιναχεξ,,ὅντος
916 1508 1034 1594 ’τῇς
1103 1508 1446 1590 χειροτονίας
1516 1525 1612 1574 τοῦ
1679 1508 1974 1594 Γερμανοῦ,

411 1582 438 1634 ὁ
464 1581 787 1650 Μιτὺλήνης
817 1581 1449 1658 Γρηγὸριοξχέιροτονεῖ
1475 1592 1565 1644 τὸν
1602 1581 1824 1667 Ἰωστξῷ.

411 1679 490 1749 [Ρ.
520 1681 646 1749 200]
687 1679 746 1734 Ὁ
778 1679 880 1753 γὰρ
921 1683 1181 1766 ῨΗιναχᾶς
1241 1687 1480 1761 μοναχὸς
1525 1691 1670 1763 παρὰ
1700 1696 1974 1766 Γερμανοῦ
2033 1689 2035 1692 ’

331 1766 436 1831 τὴν
500 1765 839 1839 χειροτονίαν
914 1765 1200 1841 δεξάμενος
1273 1773 1594 1844 Ἡρακλείας
1665 1765 1775 1847 τῆς
1841 1782 1976 1835 κατὰ

334 1853 553 1927 Θρᾴκην
611 1854 678 1922 ἦν
735 1855 1100 1928 ἁρχιποίμην,
1134 1859 1177 1929 ᾧ
1219 1856 1283 1927 δὴ
1327 1863 1412 1914 καὶ
1471 1867 1772 1938 προνὸμιὸν
1831 1868 1971 1924 ἐστιν

332 1942 396 1996 ἐκ
449 1940 688 1995 παλαιοῦ
730 1939 1115 2017 ,δικαιουμὲνῳ
1166 1946 1222 2000 ἐκ
1262 1951 1570 2017 Βυζαντίου.
1605 1955 1680 2015 ὡς
1729 1957 1974 2020 ἀνέκαθεν

332 2027 624 2090 τελοῦντος
702 2031 804 2084 ὑπὸ
885 2032 983 2097 τὴν
1047 2033 1408 2108 Ἡράκλειαν,
1472 2041 1562 2094 τὸν
1629 2049 1972 2121 πατριάργην

330 2122 690 2192 χειροτονεῖν.
751 2119 1240 2192 ’Λπεπροσποιεῖτο
1297 2130 1426 2199 γοῦν
1475 2130 1572 2196 τὴν
1633 2131 1722 2185 ἀπ’
1769 2119 1974 2191 ἐκείνου

335 2205 682 2280 χειροτονίαν
716 2206 743 2259 ὁ
771 2207 994 2280 Ἰωσήφ.
1050 2210 1201 2264 Καὶὸ
1231 2218 1440 2283 κρατῶν
1496 2219 1658 2294 σοφόν
1698 2243 1750 2274 τι
1799 2229 1971 2278 ποιῶν

330 2292 537 2348 ἐκεῖνον
594 2298 716 2348 τότε
767 2295 1153 2369 προσκαλεῖται
1211 2301 1346 2374 πρὸς
1377 2304 1442 2356 τὰ
1471 2292 1755 2380 ἀνάκτορα,
1816 2309 1974 2384 ἐντῴ

328 2384 448 2435 κατ’
508 2381 682 2435 ἐκεῖνα
737 2387 849 2454 ναῷ
910 2382 1388 2460 λειτουργήσοντα.
1447 2393 1550 2445 Καὶ
1611 2391 1708 2461 δὴν
1763 2381 1971 2461 ἐκεῖνος

335 2470 431 2542 μὲν
462 2470 568 2524 ὑπὸ
607 2468 807 2542 πολλῷ
867 2476 1042 2544 μισθῷ
1096 2475 1194 2542 τήν
1255 2474 1589 2554 λειτουργίαν
1645 2481 1912 2559 ἐπλήρου,
1943 2489 1970 2542 ὁ

329 2685 718 2755 mio,quando
748 2689 872 2739 erat
900 2687 1134 2756 opus,in
1159 2695 1967 2769 mansuetudine,injustitia,

335 2771 394 2825 in
432 2772 680 2843 benigno
705 2771 901 2827 animo
930 2779 987 2828 et
1016 2775 1411 2847 simplicitate,
1446 2798 1560 2836 uno
1597 2788 1768 2842 verbo
1799 2789 1855 2842 in
1893 2790 1972 2844 ir-

342 2858 783 2930 reprehensibili
817 2864 1398 2936 conversationemon
1427 2874 1620 2926 tamen
1641 2875 1970 2946 negligebat

348 2947 766 3003 humanitatem
783 2952 1225 3008 consuetudinis
1242 2955 1751 3026 urbanmﬂrontem
1778 2965 1966 3020 laetam

333 3035 614 3092 exhibens
632 3038 1843 3117 occursibus,obvioscomplectens,blando
1859 3071 1972 3109 ser-

2099 554 2440 627 ’χειροτονίαν
2501 560 2830 628 χειροτονεῖν
2888 555 2981 608 τὸν
3036 553 3379 628 πατριάρχην
3443 553 3738 626 ἐκλέγεται.

2098 640 2268 696 ’Ὸλου
2306 646 2432 717 γοῦν
2486 646 2582 696 τοῦ
2617 643 2786 713 μηνὸς
2841 642 3045 697 ἐκείνου
3077 645 3104 696 ὁ
3136 641 3408 717 βασιλεὺς,
3467 641 3580 696 ἐπεὶ
3637 641 3736 696 οὐκ

2097 728 2162 795 ἦν
2195 727 2376 800 ἐκείνῳ
2424 737 2520 798 τῆς
2575 735 2669 784 τοῦ
2725 731 3032 806 ἀφορισμοῦ
3086 728 3292 791 λύσεως
3350 730 3730 804 προύργιαίτε-

2099 814 2427 890 ρον,ὲὸίδου
2483 823 2562 890 τῷ
2621 820 2931 894 πατριάρχῃ
2987 820 3172 891 καιρὸν
3227 820 3318 872 σὺν
3362 824 3483 879 τοῖς
3544 817 3733 893 ἀρχιε-

2095 909 2243 976 ρεῦσι
2275 906 2587 959 σκέπτεσθαι
2638 911 2755 968 ττῶς
2810 905 2868 959 ἂν
2924 907 3011 961 καὶ
3071 908 3206 961 κατὰ.
3259 907 3458 979 τρόπον
3489 906 3732 981 γένηται,

2093 989 2500 1067 προλαμϐάνων
2565 994 2723 1056 αὐτὸς
2776 995 3001 1064 ἑκάστης
3063 993 3150 1048 διὰ
3195 999 3295 1049 τοῦ
3329 995 3482 1048 πάντ’
3544 992 3740 1064 ἐκκλη-

2093 1086 2220 1156 ροῦν
2256 1081 2477 1158 ῥᾳδίως,
2525 1083 2644 1157 περῖ
2679 1086 2820 1138 ὅσων
2857 1087 2883 1138 ὁ
2918 1088 3272 1160 πατριάρχης
3325 1085 3528 1140 ἐκεῖνον
3562 1084 3738 1155 ἠξίου,

2091 1169 2250 1224 εὔοδα
2289 1178 2462 1226 ποιεῖν
2517 1174 2582 1227 τὰ
2610 1181 2708 1242 τῆς
2740 1173 2968 1236 λυσεως.
3003 1177 3092 1236 Ἐς
3142 1179 3398 1228 τοσοῦτον
3429 1174 3527 1248 γὰρ
3559 1173 3738 1242 ἡδέως

2088 1259 2252 1312 αὐτοῦ
2286 1259 2536 1334 λεγοντος
2581 1259 2795 1330 ἤκουεν,
2851 1263 2987 1316 ὥστε
3043 1262 3132 1316 καὶ
3179 1260 3245 1330 δὴ
3301 1263 3542 1335 ὁρισμῶν
3597 1283 3737 1335 πεμ-

2087 1347 2339 1419 πομένων
2424 1347 2727 1423 ἑκασταχοῦ
2789 1354 2889 1414 τῆς
2955 1355 3060 1405 τῶν
3131 1350 3422 1421 Ῥωμαίων
3503 1348 3734 1421 ἐπικρα-

2085 1437 2230 1497 τείας
2288 1435 2640 1509 προσέταττεν
2729 1437 2887 1499 αὖτᾶς
2959 1436 3023 1504 δὴ
3076 1439 3168 1500 τὰς
3232 1442 3328 1492 τοῦ
3385 1439 3731 1513 πατριάρχου

2084 1524 2294 1600 γραφὰς
2326 1526 2441 1579 ἀντὶ
2489 1525 2926 1599 προσταγμάτων
2960 1525 3108 1581 ἰδίων
3169 1524 3417 1602 δέχεσθαι
3465 1526 3592 1588 τοὺς
3645 1509 3733 1580 ἐπ’

2085 1611 2348 1684 ἐξουσίας,
2429 1613 2944 1686 προσπειλουμένων
3003 1615 3091 1669 καὶ
3142 1614 3415 1670 κολάσεων
3474 1621 3589 1676 τοῖς
3647 1617 3724 1688 μὴ

2083 1701 2216 1754 κατὰ
2272 1702 2337 1755 τὰ
2403 1700 2808 1777 ἐπιτεταγμένα,
2867 1705 2996 1778 ὑπὲρ
3056 1706 3182 1758 ὅτου
3239 1701 3298 1758 ἂν
3356 1705 3444 1758 καὶ
3501 1704 3724 1776 γράψοι,

2080 1787 2413 1845 τελέσουσιν.
2446 1792 2661 1860 ἸΙνοιξε
2695 1789 2876 1862 μέντοι
2934 1793 3023 1846 καὶ
3081 1792 3326 1868 φυλακὰς
3357 1793 3446 1846 καὶ
3475 1789 3721 1852 πολλοὺς

2082 1881 2188 1929 τῶν
2247 1876 2709 1951 ἐγκεκλεισμὲνων
2765 1878 2997 1950 ἐξείλετο
3045 1885 3154 1934 τῶν
3212 1878 3444 1952 δεσμῶν,
3503 1876 3720 1934 καταδί-

2083 1981 2210 2023 κους
2271 1967 2605 2034 συμπαθείας
2669 1966 2895 2036 ἡξίωσεν
2936 2015 2948 2032 ,
2999 1967 3387 2041 ὲξωρισμὲνους
3457 1965 3723 2021 ἀνεκαλέ-

2085 2071 2236 2118 σατο,
2267 2053 2356 2105 καὶ
2385 2055 2464 2114 οἷς
2496 2054 2752 2128 ἀπεχθῶς
2808 2055 2924 2128 εἶχε
2976 2055 3242 2117 κάκείνοις
3303 2053 3596 2125 ἐξιλεοῦτο,
3627 2059 3724 2110 τοῦ

2083 2141 2425 2216 πατριάρχου
2459 2142 2846 2214 μεσιτεύοντος,

2079 2305 2170 2354 κε’.
2272 2301 2460 2362 ’Ὀπως
2538 2299 2741 2380 ἐλύθη.
2787 2307 2884 2356 τοῦ
2956 2304 3276 2380 -ἆφορισμοῦ
3351 2305 3378 2359 ὁ
3458 2303 3713 2380 βασιλεὺς

2609 2374 2752 2446 παρὰ
2808 2383 2904 2427 τοὸ
2955 2374 3112 2444 Ἰὼσῆ
3124 2374 3179 2452 φ,

2149 2495 2384 2567 [Ρ.207]
2436 2496 2663 2566 Ἐπέστη
2722 2501 2852 2571 γοῦν
2907 2500 2942 2566 ἡ
2991 2500 3159 2570 μηνὸς
3217 2501 3529 2569 Ληναιῶνος
3589 2495 3712 2554 δευ-

2079 2721 2250 2775 quem
2277 2706 2373 2762 ille
2395 2708 2676 2764 honorem
2703 2715 2928 2780 quiestu
2944 2713 3163 2784 ingenti
3183 2713 3562 2782 conjunctum
3579 2731 3713 2786 pro-

2080 2799 2207 2864 pter
2237 2795 2528 2851 ditissima
2559 2797 2848 2869 stipendia
2893 2801 3183 2869 ejusmodi
3228 2801 3492 2873 fungenti
3524 2802 3713 2858 ofﬁcio

2080 2882 2311 2936 decreta
2367 2885 2502 2938 dum
2536 2883 2784 2941 libenter
2808 2888 3103 2958 accipiens
3135 2888 3213 2943 ibi
3244 2889 3520 2956 celebrat,
3545 2891 3714 2963 Mity-

2082 2969 2336 3025 lenensis
2369 2971 2702 3043 Gregorius,
2738 2976 3016 3030 adversus
3074 2979 3242 3048 cujus
3283 2979 3711 3034 ordinationem

2081 3063 2277 3128 utpote
2301 3060 2601 3131 antiquam
2636 3062 2798 3117 nulla
2834 3069 2958 3118 erat
3009 3065 3286 3136 exceptio,
3346 3051 3585 3138 eligitur
3641 3068 3710 3122 ad

323 3141 495 3179 mone
515 3126 923 3195 detinens,non
959 3129 1232 3184 renidens
1262 3134 1560 3200 modo,sed
1595 3142 1649 3191 et
1680 3139 1738 3193 in
1771 3143 1954 3198 risum
1987 3129 2028 3195 (ἶ
2067 3147 2458 3202 ordinandum
2493 3149 2904 3219 patriarcham.
2940 3153 3151 3207 Totum
3190 3171 3359 3224 porro
3410 3126 3701 3224 iisiiquum

315 3229 378 3268 se
411 3213 739 3282 effundens,
767 3215 816 3269 si
849 3215 989 3286 quid
1015 3217 1546 3292 faceteaquoquam
1570 3225 1713 3281 forte
1734 3229 1954 3286 dicere-

320 3306 418 3356 tur
446 3307 549 3355 aut
578 3300 772 3371 lepide
806 3303 963 3358 fleret
985 3305 1052 3358 ad
1089 3307 1521 3375 gratiam.ldem
1556 3331 1667 3369 non
1695 3315 1956 3382 ignorare

321 3396 505 3445 artem
538 3390 882 3447 insinuandi
905 3410 965 3448 se
1007 3396 1074 3449 ad
1107 3397 1418 3469 principes,
1445 3403 1632 3458 abhis
1662 3407 1816 3464 305
1858 3426 1957 3478 pro

323 3477 454 3534 aliis
480 3479 857 3549 petendi,non
889 3482 1146 3553 refugere
1170 3488 1239 3539 ad
1264 3486 1538 3545 delicatas
1563 3477 1954 3559 mensas,cum

323 3566 473 3621 vinis
498 3567 640 3620 varii
664 3569 1479 3642 generisetbellariis,multos
1500 3581 1673 3634 etiam
1701 3583 1959 3653 vulgaris

322 3655 500 3710 sortis
532 3655 828 3723 adhibere,
865 3659 1180 3727 praesertim
1232 3663 1446 3732 quibus
1479 3667 1624 3722 ratio
1657 3670 1844 3726 victus
1901 3673 1956 3726 in

320 3748 448 3797 arto
471 3749 757 3808 esset,nec
791 3761 890 3812 per
911 3758 971 3799 se
998 3745 1350 3804 hobanlibus
1374 3769 1475 3807 nec
1499 3772 1702 3824 parare
1724 3759 1959 3815 aliunde

323 3831 804 3903 gnaris,ideoque
846 3833 1246 3905 indigentibus
1297 3839 1567 3910 hOSpitali
1603 3845 1962 3916 benignitate

324 3919 845 3975 amicorum.Hunc
873 3922 1047 3977 talem
1075 3925 1235 3991 justo
1268 3928 1679 4000 suffragiorum
1705 3951 1960 4006 compro-

326 4009 529 4063 batum
566 4026 806 4064 numero
838 4011 906 4063 ad
935 4013 1390 4081 patriarchatum
1421 4017 1736 4091 imperator
1757 4025 1961 4090 evexit,

331 4095 554 4151 mensis
612 4097 943 4154 Decembris
1001 4101 1094 4155 die
1143 4107 1344 4159 octava
1385 4124 1561 4178 supra
1594 4110 1961 4181 vigesimam,

324 4184 669 4240 Indictionis
691 4187 1092 4252 decimae,anni
1121 4191 1280 4248 6775.
1308 4194 1436 4249 Mox
1457 4197 1722 4253 kalendis
1744 4201 1959 4257 Janua-

325 4272 432 4328 riis
462 4274 884 4328 ordinationem
917 4276 1069 4332 idem
1113 4282 1494 4352 episcopalem
1547 4286 1654 4341 rite
1709 4291 1961 4360 accepit;

326 4361 478 4417 crica
509 4379 682 4432 quam
716 4365 1117 4421 caeremoniam
1153 4368 1264 4424 tale
1295 4372 1861 4448 quiddamzcontigit.

325 4478 418 4531 24.
457 4478 519 4559 Ut
551 4477 871 4559 posthabito
903 4481 1216 4559 Heracleam
1249 4487 1516 4559 {inae/ia,
1549 4492 1688 4559 quod
1741 4492 1788 4545 is
1813 4494 1961 4547 ordi-
1995 4493 2043 4554 D

407 4551 581 4632 τξιιιιιδ¹
617 4550 890 4632 fuas-sete
927 4549 1210 4632 Germano,
1253 4549 1623 4627 Mitylene-nais
1670 4567 1965 4632 Gregorius

405 4619 688 4689 Josephum
720 4619 1082 4676 ordinauerit.

402 4714 691 4770 Pinachas
717 4717 1164 4790 monachus,qui
1187 4722 1608 4782 ordinationem
1626 4746 1659 4783 a
1679 4729 1965 4788 Germano

336 4809 663 4874 acceperat,
697 4804 980 4861 Heracleae
1013 4809 1269 4865 Thraciae
1303 4814 1774 4888 archiepiscopus
1821 4826 1966 4889 erat,

332 4897 392 4948 et
423 4892 473 4946 ei
507 4897 568 4946 ut
601 4892 696 4946 tali
729 4896 1094 4965 competebat
1123 4914 1190 4953 ex
1221 4900 1569 4972 antiquojus
1592 4909 1966 4964 consecrandi

335 4980 958 5052 Constantinopolitani
979 4985 1340 5054 patriarchas,
1366 4991 1498 5044 inde
1524 4993 1697 5050 ducta
1747 4998 1967 5053 ratione

336 5068 650 5141 privilegii,
693 5070 844 5140 quod
898 5071 1037 5128 urbs
1085 5076 1399 5146 Byzantina
1446 5079 1649 5148 primis
1699 5082 1966 5140 Ecclesia:

339 5157 705 5228 temporibus
721 5159 842 5213 sedi
862 5161 1220 5218 lleracleensi
1240 5164 1294 5218 fu
1307 5166 1444 5222 isset
1463 5169 1608 5223 subd
1624 5171 1631 5222 i
1646 5171 1968 5228 ta.Nolebat

344 5250 537 5300 autem
570 5244 862 5317 Josephus
887 5248 1316 5319 impositionem
1341 5272 1619 5312 manuum
1648 5260 1717 5314 ab
1740 5260 1849 5315 isto
1871 5278 1965 5316 ac-

340 5333 551 5404 cipere.
586 5333 773 5404 Hujus
805 5337 1143 5406 expediendi
1176 5343 1309 5396 nodi
1363 5345 1645 5400 rationem
1697 5357 1969 5419 opportu-

341 5436 479 5474 nam
510 5419 849 5491 excogitavit
874 5422 1208 5493 imperator.
1251 5430 1560 5487 Pinacham
1611 5436 1876 5492 videlicet
1909 5440 1964 5492 in

342 5507 495 5562 edes
529 5506 932 5579 imperatorias
956 5515 1201 5569 accitum
1225 5517 1493 5587 palatinis
1512 5522 1691 5576 sacris
1710 5527 1965 5597 prmﬁcit,

343 5595 540 5652 missae
572 5595 691 5650 illic
725 5598 1076 5656 sacriﬁcium
1128 5603 1373 5661 solemni
1400 5607 1513 5662 ritu
1553 5617 1922 5680 peracturum

2065 3235 2410 3291 Januarium
2445 3253 2704 3292 mensem
2738 3238 3176 3309 imperatov,3ui
3200 3241 3487 3297 nihilerat
3520 3242 3708 3314 magis

2066 3329 2330 3393 Optatum
2365 3342 2540 3394 quam
2575 3326 2928 3383 solutionem
2950 3330 3356 3397 anathematis,
3381 3331 3474 3386 cui
3502 3331 3707 3399 subje-

2066 3412 2250 3475 cebat,
2283 3413 2390 3466 rite
2421 3431 2486 3468 ac
2517 3415 2688 3469 modo
2721 3415 2860 3470 nulli
2897 3417 3200 3472 calumniis
3230 3418 3476 3473 obnoxio
3497 3435 3701 3473 conse-

2066 3500 2189 3571 qui,
2221 3501 2509 3556 concessit
2539 3520 2682 3558 novo
2715 3505 3052 3574 patriarcha:
3087 3510 3149 3559 ut
3182 3523 3278 3576 per
3331 3507 3514 3562 otium
3561 3523 3695 3562 cum

2065 3589 2289 3644 caeteris
2320 3589 2608 3660 episcOpis
2641 3594 3032 3648 consideraret
3064 3611 3318 3664 quanam
3352 3595 3447 3649 illa
3500 3599 3698 3666 posset

2067 3676 2288 3730 ratione
2313 3680 2532 3746 optima
2561 3679 3050 3748 confici,interim,
3093 3684 3245 3753 quod
3280 3684 3349 3736 ad
3386 3697 3446 3736 se
3479 3685 3697 3738 attine-

2069 3771 2176 3829 ret,
2207 3763 2370 3818 nuila
2400 3764 2491 3818 die
2521 3765 2796 3820 omittens
2829 3769 3258 3824 studiosissime
3308 3771 3460 3824 306
3493 3777 3697 3825 cunct-i

2067 3853 2325 3924 exsequi,
2359 3870 2484 3923 quae
2515 3853 2601 3907 vei
2637 3855 2959 3909 necessaria
2992 3856 3074 3910 vel
3108 3863 3438 3928 opportuna
3475 3875 3699 3928 pra-pa-

2069 3942 2250 3996 rando
2279 3941 2507 4011 negotio
2539 3949 2874 4011 suggereret
2917 3944 3270 4012 patriarcha,
3302 3946 3471 4012 cujus
3505 3961 3700 4014 preces

2068 4045 2270 4083 omnes
2306 4044 2372 4083 ac
2401 4030 2570 4098 signa
2613 4028 2927 4084 voluntatis
2985 4033 3424 4102 promptissima
3470 4033 3702 4102 quidvis

2071 4115 2351 4185 largiendi
2387 4115 2663 4170 facilitate
2695 4117 2891 4172 statim
2926 4117 3214 4187 explebat,
3263 4119 3404 4174 adeo
3453 4120 3704 4174 libenter

2069 4203 2542 4272 illumquidquid
2565 4205 2630 4257 ad
2664 4221 2724 4258 se
2756 4207 3012 4272 referret,
3035 4207 3278 4261 audiens
3309 4207 3702 4276 continuoque

2070 4291 2404 4362 indulgens,
2438 4297 2503 4347 ut
2533 4293 2706 4348 etiam
2741 4293 2937 4349 missis
2994 4311 3464 4365 quoquoversum
3497 4295 3702 4350 edictis

2071 4397 2173 4450 per
2203 4397 2406 4436 omnes
2434 4381 2664 4452 imperii
2694 4387 2881 4437 terras
2911 4384 3191 4449 sanxerit,
3235 4390 3298 4438 ut
3345 4384 3546 4438 litterae
3601 4401 3700 4454 pa-

2072 4467 2335 4523 triarcha:
2357 4470 2722 4540 prescriptarq
2733 4486 2801 4524 ne
2813 4469 3137 4525 voluntates
3152 4487 3498 4541 quocunque
3512 4472 3702 4526 missa:

2073 4571 2108 4608 a
2133 4554 2361 4608 cunctis
2391 4554 2650 4609 locorum
2685 4556 3130 4625 magistratibus
3171 4557 3255 4612 sic
3305 4557 3707 4627 exciperentur

2075 4645 2132 4696 et
2171 4642 2526 4696 exsecutioni
2560 4644 2994 4710 mandarentur,
3031 4650 3307 4715 tanquam
3357 4646 3402 4700 si
3462 4663 3586 4716 quae
3633 4647 3704 4701 iis

2075 4731 2504 4797 indicabantur,
2539 4730 2968 4800 qualiacunque
3001 4731 3205 4799 forent,
3237 4733 3360 4802 ipse
3393 4734 3708 4803 imperator

2067 4818 2366 4887 jussisset,
2395 4819 2571 4872 minis
2605 4821 2780 4873 etiam
2815 4837 3114 4890 pinnarum
3140 4821 3399 4890 gravium
3433 4821 3703 4890 ascriptis

2072 4906 2132 4960 in
2183 4923 2280 4960 eos
2324 4906 2422 4976 qui
2472 4923 2639 4964 secus
2689 4908 2984 4962 feeissent.
3037 4910 3279 4975 Aperuit
3326 4910 3468 4980 quin
3527 4911 3699 4965 etiam

2073 4995 2684 5067 custodias~publicas,
2717 5005 2772 5052 et
2800 4997 3014 5053 multos
3042 4998 3163 5052 illic
3184 5001 3546 5054 detentorum
3581 5000 3704 5055 vin-

2074 5085 2220 5138 culis
2253 5085 2460 5153 solvit;
2521 5086 2816 5140 damnatis
2875 5102 3105 5157 quoque
3156 5087 3400 5156 gratiam
3457 5087 3707 5142 indulsit

2074 5171 2343 5243 supplicii
2377 5174 2617 5239 decreti,
2649 5173 2876 5228 exsules
2908 5175 3216 5242 revocavit,
3246 5180 3302 5229 et
3343 5175 3556 5244 quibus
3587 5181 3709 5230 erat

2078 5261 2261 5315 iratus
2292 5262 2641 5317 condonavit
2671 5263 2944 5330 offensas,
2971 5263 3361 5318 intercedente
3384 5264 3710 5333 patriarcha

2179 5412 2269 5466 25.
2307 5413 2367 5468 Ut
2395 5413 2606 5468 solutus
2664 5415 3008 5539 anajhemtlue
3039 5413 3339 5482 imperator
3367 5415 3538 5472 fuerit
3567 5431 3600 5468 a

2801 5501 2922 5539 osev
2945 5499 3012 5537 ιο.

2801 5499 3012 5554 osepno.

2147 5614 2349 5671 Adfuit
2377 5617 2616 5672 tandem
2648 5618 2879 5672 decreta
2928 5613 3296 5685 imperatoris
3352 5614 3704 5674 absolutioni
