4162 6292
497 353 608 412 755

1797 355 2099 413 GEORGII
2137 351 2598 408 PACHYMERE

3822 349 3919 407 756

499 476 648 552 τέρα.
680 478 800 533 καθ’
829 477 896 545 ἢν
927 477 1016 531 καὶ
1045 477 1080 545 ἠ
1114 471 1411 545 Ἐκκλησία
1465 474 1585 549 ἄγει
1611 478 1710 546 τὴν
1742 483 1840 546 τῆς
1869 481 2138 530 Ὑπαπαν-
2168 477 2217 542 Α
2249 472 2390 534 εἰκὸς
2455 477 2828 547 προσκυνήσας
2883 478 2972 532 καὶ
3028 477 3449 550 συνταξάμενος,
3524 473 3744 549 ἐχώρει
3801 475 3925 546 πρὸς

504 569 602 635 τῆς
659 566 872 640 ἑορτήν.
934 564 1033 618 Καὶ
1082 565 1110 618 6
1158 562 1503 638 πατρίαρχης
1559 564 1769 637 σύναμα
1824 570 1980 618 πᾶσιν
2038 565 2141 636 ἀρ-

507 658 779 730 χιερεῦσιν
829 653 930 706 ὑπὸ
986 650 1182 722 πολλῷ
1233 656 1311 722 τῷ
1368 656 1473 705 τῶν
1533 651 1836 724 λαμπάδων
1888 653 2023 730 φωτὶ
2052 653 2139 705 καὶ

509 742 702 814 ὕμνοις
755 745 824 813 τῇ
883 741 1043 813 ἑορτῇ
1083 740 1398 811 πρέπουσιν,
1443 737 1518 794 ἔτι
1581 738 1637 794 δὲ
1693 741 1783 794 καὶ
1838 746 1956 803 ταῖς
2013 741 2141 812 ὑπὲρ

515 829 783 907 βασιλέως
812 830 947 903 πρὸς
1006 829 1132 883 Θεὸν
1189 828 1465 900 ἱκετείαις,
1516 830 1590 890 ὡς
1648 826 1753 882 ἔδει
1794 830 1884 882 καὶ
1914 849 2146 902 περιφα-

509 925 617 980 νῶς
666 917 1060 991 παννυχεύσας,
1135 917 1232 983 τήν
1286 917 1432 990 ἱεράν
1487 915 1830 990 λειτουργίαν
1887 916 2144 971 ἐπιτελεῖ.

513 1007 613 1064 Καὶ
643 1005 750 1076 ἤδη
803 1007 875 1066 ὡς
916 1002 1116 1072 ἤνυστο
1173 1010 1338 1073 πᾶσα,
1394 1009 1489 1059 τοῦ
1554 1003 1818 1080 βασιλέως
1853 1005 1902 1059 έν
1935 1005 2146 1080 βασιλι-

508 1101 632 1157 καῖς
679 1092 968 1166 ἱσταμένου
1019 1089 1368 1169 δορυφορίαις
1416 1091 1626 1165 σύναμα
1676 1093 1963 1167 συγκλήτῳ
2001 1095 2145 1166 πάσῃ

510 1183 600 1239 καὶ
657 1182 925 1252 πολιτείᾳ,
987 1187 1104 1242 τοῖς
1156 1181 1332 1255 ἁγίοις
1383 1181 1724 1256 προσεγγίζει
1783 1182 2010 1254 θυρίοις,
2043 1186 2147 1234 τῶν

513 1271 812 1346 ἀρχιερέων
869 1267 1020 1323 ἔνδον
1078 1273 1174 1321 τοῦ
1238 1269 1487 1342 βήματος
1544 1269 1864 1339 ἱσταμένων.
1919 1271 2146 1332 Ἀποθέ-

516 1380 673 1432 μενος
705 1357 795 1411 οὖν
822 1358 921 1424 τὴν
951 1355 1039 1409 ἐπὶ
1070 1359 1167 1425 τῆς
1195 1355 1437 1432 κεφαλῆς
1491 1357 1828 1430 καλύπτραν,
1886 1357 2150 1432 ἀκαΛύφῳ

512 1450 580 1520 τῇ
610 1444 819 1522 κεφαλῇ
851 1443 1174 1518 προσπίπτει
1227 1450 1342 1515 Θεῷ
1393 1445 1482 1498 καὶ
1538 1445 1663 1499 ποσὶ
1720 1445 2148 1519 προηγουμένως

514 1542 612 1592 τοῦ
640 1536 1004 1610 πατριάρχου,
1037 1534 1126 1587 καὶ
1171 1535 1288 1605 μεθ’
1318 1535 1400 1587 ὅτι
1450 1540 1655 1607 θερμῆς
1711 1541 1809 1602 τῆς
1842 1536 2151 1606 προθέσεως

516 1627 614 1694 τήν
646 1623 998 1700 συγχώρησιν
1046 1621 1258 1690 ἐξαιτεῖ,
1310 1619 1606 1694 ὁμολογῶν
1660 1621 2062 1696 μεγαλοφώνως
2092 1623 2150 1676 τὸ

519 1713 807 1785 τόλμημα.
869 1711 961 1764 Καὶ
1027 1707 1092 1777 δὴ
1152 1708 1235 1762 ἐπ’
1287 1707 1508 1771 ἐδάσους
1562 1709 1812 1781 κειμένου
1869 1716 1964 1765 τοῦ
2001 1713 2150 1786 βασι-

2249 563 2315 614 τὰ
2389 562 2696 637 ἀνάκτορα.
2765 566 3010 635 Έπέταξε
3069 563 3126 620 δὲ
3180 566 3269 620 καὶ
3323 564 3411 636 τῷ
3481 561 3924 638 ἐγκεκλεισμένῳ

2249 652 2383 703 κατᾶ
2425 651 2486 704 τὸ
2541 657 2649 705 τῶν
2703 655 3045 722 Νικητιατῶν
3103 662 3205 719 τῆς
3245 648 3602 720 ’Δακίϐύζης
3667 650 3919 726 φροὺριον

2253 737 2476 812 Ἰωάννῃ
2537 739 2613 800 εἷς
2667 749 2874 815 τροφῆς
2934 743 3247 814 οῗκονομίαν
3305 741 3400 795 καὶ
3470 737 3811 810 ἐνδυμάτων
3864 741 3925 792 τά

2255 827 2430 895 ἱκανὰ,
2472 830 2776 904 πολυωρῶν
2837 830 3034 884 ἐκεῖνον
3098 833 3353 904 συχνάκις
3423 829 3526 882 καὶ
3590 833 3717 889 τοῖς
3777 827 3924 900 ἀναγ-

2255 917 2434 979 καίοις
2487 919 2599 970 καθ’
2661 919 2886 988 ὲκαστην
2941 917 3133 992 σχεδὸν
3183 916 3750 996 ςαιλοφρονοῦμενος.
3801 917 3928 971 Ἐν’.

2256 1006 2433 1058 τεῦθεν
2467 1007 2555 1058 καὶ
2599 1008 2736 1080 πρὸς
2793 1009 2890 1075 τὴν
2947 1006 3274 1082 διεξαγωγὴν
3305 1011 3420 1060 τῶν
3489 1009 3710 1058 κοινῶν
3773 1023 3926 1056 σπου-

2259 1089 2532 1164 δαιότερον
2553 1095 2825 1167 τρέπεται.

2257 1209 2364 1282 πςί.
2425 1209 2550 1282 Περὶ
2610 1214 2721 1282 τοῦ,
2761 1208 2968 1280 κήδους
3023 1215 3118 1264 τοῦ
3177 1231 3233 1264 τε
3287 1205 3757 1282 Ταρχανειώτου
3797 1207 3927 1282 ,Ἂν-

2330 1277 2578 1354 δρονίκου
2679 1277 2827 1354 vtos'
2898 1289 2996 1350 τῆς
3093 1286 3189 1334 τοῦ
3294 1277 3588 1354 βασιλέως
3698 1277 3929 1354 ἀδελφῆς

2330 1349 2596 1420 Μάρθας,
2655 1352 2746 1406 καὶ
2817 1357 2918 1417 τῆς
2957 1349 3238 1427 θυγατρὸς
3293 1349 3390 1406 τοῦ
3458 1349 3704 1405 δυτικοῦ
3762 1349 3932 1405 Ἰωάν-

2326 1443 2442 1476 νου.

2332 1541 2416 1607 [Ρ.
2449 1539 2574 1610 208]
2631 1538 2733 1594 Καὶ
2793 1537 2904 1592 ἐπεὶ
2964 1537 3127 1592 πάλιν
3190 1533 3534 1591 ἀνοιδαίνειν
3602 1533 3816 1608 ὥρμων
3868 1534 3927 1588 τὰ

2261 1623 2468 1693 δυτικά,
2521 1631 2616 1679 τοῦ
2675 1623 2936 1680 δεσπότου
2993 1624 3224 1700 Μιχαήλ
3259 1625 3307 1698 ἐξ
3358 1625 3674 1697 ἀνθρώπων
3727 1622 3928 1699 γεγονό-

2257 1735 2369 1782 τος,
2402 1713 2492 1767 καὶ
2533 1713 2622 1767 τὸν
2673 1714 2766 1785 μὲν
2817 1714 3132 1789 Νικηφόρον
3182 1713 3267 1767 ἐπὶ
3315 1716 3383 1784 τῇ
3427 1710 3554 1782 ἰδίᾳ
3587 1711 3746 1785 ἀρχῇ
3778 1731 3928 1764 κατα⁹

522 1801 680 1872 λέως,
712 1802 739 1854 6
771 1799 1118 1874 πατριάρχης
1173 1799 1376 1872 χάρτην
1435 1797 1532 1890 ἀνὰ
1578 1803 1770 1873 χεῖρας
1819 1798 1961 1873 ἔχων
2005 1801 2151 1875 ᾧπερ
2183 1825 2230 1890 Β
2262 1801 2564 1874 λείψαντος,
2594 1806 2674 1872 τῷ
2704 1799 2761 1855 δέ
2792 1823 2854 1875 γε
2883 1801 3028 1871 νόθῳ
3074 1801 3293 1874 Ἰωάννῃ
3343 1800 3556 1874 χώραν
3610 1799 3715 1853 οὐκ
3744 1796 3924 1872 ὀλίγην

517 1893 553 1960 ἡ
614 1890 968 1964 συγχώρησις
1020 1886 1396 1961 ἐνεγέγραπτο,
1457 1883 1665 1956 διεξιὼν
1723 1887 1810 1941 καὶ
1865 1888 2041 1961 ῥητῶς
2090 1891 2151 1943 τὸ

518 1977 919 2051 πλημμάλημα
975 1975 1149 2050 λέγων
1204 1975 1265 2028 τὸ
1307 1973 1393 2028 ἐπὶ
1447 1978 1526 2045 τῷ
1571 1979 1666 2028 τοῦ
1701 1975 1966 2048 βασιλέως
2000 1975 2148 2030 παιδὶ

523 2063 740 2136 δηλαδὴ
769 2062 1010 2128 ’[ωάννη.
1049 2063 1346 2137 συνεχώρει
1388 2066 1569 2136 τρανῷ
1618 2067 1698 2134 τῷ
1753 2063 2006 2134 στόματι,
2063 2066 2151 2119 καὶ

519 2153 602 2210 ἐπ’
632 2154 790 2209 αὐτὸν
815 2150 994 2213 ’ἄΛλος
1021 2151 1111 2205 καὶ
1147 2152 1261 2222 μετ’
1307 2149 1507 2205 ἐκεῖνον
1547 2147 1729 2222 ἕτερος
1786 2153 1872 2205 καὶ
1933 2153 2156 2222 καθεξῆς

518 2245 570 2298 οἱ
627 2244 856 2312 πάντες,
913 2242 958 2312 ᾧ
1017 2239 1098 2317 ἐφ’
1154 2240 1359 2310 ἑκάστῳ
1416 2239 1854 2313 προσπίπτοντος
1907 2241 1997 2294 καὶ
2052 2243 2153 2310 τήν

518 2333 865 2406 συγχώρησιν
899 2328 1244 2400 αἰτουμένου,
1296 2325 1492 2380 ἐκεῖνοι
1524 2328 1641 2380 καθ’
1685 2324 1776 2380 ἕνα
1821 2329 1910 2381 τὸν
1944 2327 2153 2402 χάρτην

520 2418 737 2495 ἔχοντες
767 2418 866 2472 ἀνὰ
902 2421 1114 2491 χεῖρας,
1173 2415 1261 2469 τὸν
1312 2413 1470 2469 αὐτὸν
1536 2416 1613 2486 τῷ
1667 2416 1976 2490 πατριάρχῃ
2034 2437 2154 2469 συν-

521 2509 767 2584 εχώρουν
821 2505 1045 2578 τρόπον,
1107 2503 1350 2558 πῶλλῶν
1410 2501 1691 2577 χεομένων
1749 2501 2039 2577 διακρύων,
2065 2503 2156 2558 καὶ

525 2597 735 2670 μᾶλλον
793 2600 903 2650 τῶν
934 2594 992 2647 ἐκ
1019 2600 1118 2660 τῆς
1176 2589 1510 2666 συγκλήτου,
1543 2592 1680 2665 πρὸς
1728 2591 2024 2662 ἐξιλέωσιν.
2060 2593 2155 2646 Καὶ

515 2686 676 2749 τέλος
733 2684 958 2745 ἀναστὰς
1014 2681 1102 2736 καὶ
1151 2681 1354 2758 τρόφου
1411 2680 1560 2756 ἱεροῦ
1619 2680 1926 2755 μετασχὼν,
1962 2680 2049 2734 καὶ
2081 2682 2156 2742 ὡς

517 2906 664 2974 dies,
679 2901 936 2958 secunda
965 2897 1185 2953 mensis
1219 2895 1538 2966 Februarii,
1571 2912 1688 2968 qua
1719 2896 1970 2953 Ecclesia
2003 2899 2155 2953 cele-

517 2995 649 3049 brat
667 2993 881 3047 festum
905 2988 1298 3059 Hypapantes;
1313 2991 1370 3041 et
1390 2984 1722 3057 patriarcha
1735 3001 1866 3040 cum
1883 2988 2158 3043 omnibus

517 3081 808 3155 episcopis
840 3081 906 3134 ad
939 3077 1178 3132 multam
1205 3075 1545 3144 lampadum
1573 3075 1756 3128 lucem
1791 3075 2024 3146 hymnis
2055 3077 2159 3132 de-

2262 1889 2709 1961 διανενεμηκότος
2764 1888 2922 1960 ῗδίαν,
2979 1891 3067 1943 καὶ
3119 1891 3146 1942 6
3196 1890 3288 1962 μὲν
3344 1888 3697 1963 Νικηφόρος
3755 1887 3928 1960 ἠγάπα

2261 1976 2506 2051 κατέχων
2560 1977 2626 2031 τὰ
2694 1977 2904 2042 ἑαυτοῦ,
2965 1979 2991 2031 ὁ
3051 1975 3107 2031 δὲ
3177 1978 3435 2046 Ἰωάννης
3519 1976 3618 2030 καὶ
3686 1975 3816 2049 ὑπὲρ
3869 1973 3927 2028 τά

2264 2064 2569 2137 ἐσκαμμένα
2598 2063 2774 2134 πηδᾷν
2825 2064 3060 2138 ὠρέγετο
3119 2067 3209 2119 καὶ
3239 2069 3344 2118 τῶν
3374 2069 3489 2118 τοῦ
3525 2062 3777 2137 ἀδελφοῦ
3809 2063 3925 2116 ἀπο-

2263 2154 2533 2227 σχόμενος
2585 2158 2692 2207 τῶν
2745 2152 3026 2227 ἡμετέρων
3085 2156 3467 2228 προσήπτετο,
3532 2150 3823 2206 σκυλεύων
3870 2149 3922 2204 τὸ

2262 2241 2593 2314 προστυχὸν,
2625 2238 2856 2312 πολέμῳ
2913 2243 3007 2314 μὲν
3049 2241 3250 2295 ἐκεῖνον
3285 2242 3312 2294 ὁ
3351 2237 3636 2314 βασιλεὺς
3705 2239 3922 2311 μετιέναι

2265 2329 2364 2382 οὐκ
2392 2325 2683 2400 ἐδοκίμαζε
2714 2329 3045 2402 θερμουργὸν
3079 2330 3209 2382 ὅντα
3246 2327 3335 2382 καὶ
3378 2327 3514 2383 νέον
3563 2329 3755 2403 ἀρχῆς
3796 2326 3926 2398 ἀψά-

2270 2436 2449 2488 μενον,
2485 2413 2553 2470 δι’
2607 2415 2828 2488 εἰρήνης
2859 2413 2904 2468 δ’
2939 2415 3187 2470 ὑπελθεῖν
3238 2417 3324 2469 καὶ
3373 2415 3525 2469 κατὰ
3555 2414 3738 2483 κῆδος
3777 2411 3920 2466 σπέν-

2267 2502 2447 2567 δεσθαι
2483 2501 2679 2575 πολλῷ
2733 2509 2978 2578 κρεῖττον
3027 2506 3215 2578 ἡγεῖτο
3270 2507 3366 2558 τοῦ
3397 2503 3716 2576 πολεμεῖν.
3774 2503 3918 2563 Ὅθεν

2265 2593 2355 2648 καὶ
2387 2587 2694 2666 πρεσϐείαις
2723 2593 2818 2664 μὲν
2869 2593 2931 2646 τὸ
2989 2593 3228 2664 σκληρὸν
3287 2591 3502 2646 ἐκείνου
3541 2591 3812 2666 μαλάσσει
3839 2588 3918 2642 καὶ

2265 2679 2512 2749 αὔθαδες,
2547 2679 2660 2734 ἐπεὶ
2717 2678 2763 2734 δ’
2817 2679 3020 2742 ἐκεῖνος
3076 2679 3166 2734 καὶ
3223 2679 3423 2753 ὡραίαν
3491 2680 3686 2755 γάμου
3746 2677 3916 2753 ἔτρεφε

2264 2901 2510 2967 tumque
2540 2895 2826 2965 copiosas,
2869 2894 3117 2949 sollicite
3163 2895 3437 2966 deinceps
3491 2911 3634 2951 eum
3689 2907 3908 2954 curans,

2269 2987 2474 3041 multis
2506 2984 2776 3050 subinde,
2809 2984 2907 3054 qui
2941 3001 3070 3038 eum
3104 2984 3452 3040 necessariis
3487 2985 3661 3055 large
3706 2996 3906 3054 suppe-

2267 3074 2524 3129 ditandis
2555 3071 3020 3142 consolarentur,
3053 3077 3107 3127 et
3137 3072 3248 3127 sibi
3291 3089 3498 3127 carum
3555 3089 3690 3126 esse
3737 3069 3912 3126 verbis

519 3170 827 3227 cantandis
845 3162 2154 3235 solemnitaticonsentaneis,imperatorequo-
2187 3168 2230 3234 (ξ
2269 3163 2559 3232 rebusque
2590 3178 2763 3232 quam
2795 3161 3226 3216 ofﬁciosissime
3257 3166 3648 3229 testarentur,
3675 3157 3907 3215 missita-

523 3275 634 3330 que
665 3274 804 3312 suas
851 3261 967 3310 Deo
999 3268 1200 3325 preces
1249 3249 1596 3322 suppliciter
1639 3251 1933 3318 offerente,
1959 3251 2158 3322 splen-

523 3349 680 3410 dide,
713 3352 778 3400 ut
815 3346 960 3398 ritus
1009 3347 1067 3396 et
1115 3357 1242 3394 mos
1290 3339 1587 3411 legitimus
1645 3341 1939 3409 poscebat,
1993 3346 2158 3396 nocte

524 3433 880 3508 pervigilata,
905 3447 1129 3486 sacram
1164 3429 1462 3499 liturgiam
1518 3428 1866 3496 celebravit;
1922 3447 2048 3500 quae
2097 3434 2162 3484 ut

524 3529 756 3595 peracta
784 3526 906 3575 tota
939 3524 1046 3588 est,
1075 3519 1412 3589 imperator,
1463 3515 1562 3586 qui
1603 3522 1844 3572 eatenus
1894 3534 2156 3573 seorsum

526 3609 1044 3679 steterat,stipante
1074 3605 1232 3677 regio
1255 3603 1549 3671 satellitio,
1581 3621 1699 3659 una
1727 3621 1859 3660 cum
1890 3607 2161 3662 universo

528 3703 732 3754 senatu
765 3702 822 3752 et
868 3697 1080 3750 civium
1133 3709 1391 3763 corpore,
1438 3694 1752 3762 procedens
1803 3695 2058 3748 admovit
2101 3711 2162 3749 se

522 3788 705 3843 sacris
737 3783 1232 3854 valvis,episcopis
1264 3782 1418 3835 intra
1449 3787 1678 3851 septnm
1724 3781 1922 3836 altaris
1953 3783 2158 3836 stanti-

521 3877 653 3932 bus.
685 3875 766 3930 lbi
801 3873 895 3927 ille
929 3874 1152 3941 abjecto
1184 3870 1390 3940 capitis
1425 3869 1702 3940 tegmine,
1739 3870 1896 3923 nudo
1927 3869 2159 3936 vertice,

519 3981 708 4020 coram
735 3964 880 4017 307
914 3967 1030 4015 Deo
1061 3959 1390 4030 prouidens,
1424 3958 1494 4011 ad
1529 3959 1704 4027 pedes
1727 3963 1858 4012 ante
1883 3959 2078 4012 omnia
2101 3975 2161 4014 se

521 4055 592 4107 ab
619 4052 751 4122 jicit
774 4048 1112 4120 patriarcha:
1136 4053 1190 4103 et
1221 4063 1396 4117 quam
1421 4045 1830 4100 ardentissima
1863 4046 2161 4117 supplica-

521 4143 677 4196 tione
705 4141 937 4193 veniam
971 4135 1172 4205 poscit,
1207 4135 1491 4188 conﬁtens
1525 4150 1735 4203 magna
1781 4150 1920 4187 voce
1969 4135 2160 4189 scelus

523 4244 720 4284 suum.
753 4227 915 4279 Tunc
949 4220 1463 4294 patriarcha,humi
1485 4219 1570 4272 sic
1596 4225 1877 4290 prostrati:
1908 4222 2158 4293 impera-

524 4322 666 4386 tore,
699 4315 956 4368 chartam
991 4326 1166 4381 quam
1195 4309 1251 4361 in
1286 4307 1559 4362 manibus
1581 4307 1836 4363 habebat
1885 4316 1939 4363 et
1989 4311 2043 4363 in
2093 4327 2160 4365 ea

527 4406 801 4476 scriptam
823 4399 1129 4456 formulam
1155 4395 1541 4450 absolutionis
1571 4395 1791 4466 legens,
1809 4401 1864 4450 et
1887 4398 2160 4453 distincte

525 4491 916 4566 pronuntians
935 4489 1159 4543 facinus
1178 4486 1445 4555 iniquum
1472 4485 1528 4537 in
1555 4484 1738 4538 ﬁlium
1765 4487 2156 4554 imperatoris,

522 4583 791 4636 videlicet
843 4579 1147 4639 Joannem,
1200 4579 1568 4639 attentatum,
1631 4573 1770 4627 illud
1821 4575 2156 4645 imperatori

523 4671 678 4724 clara
711 4684 843 4720 voce
875 4664 1238 4719 condonavit.
1275 4668 1410 4716 Post
1443 4662 1598 4716 hunc
1628 4664 1892 4716 eamdem
1948 4663 2159 4732 pariter

524 4758 834 4812 formulam
872 4755 1128 4807 recitavit
1159 4753 1307 4805 alius
1348 4751 1682 4821 episcwpus,
1733 4752 1865 4804 inde
1897 4751 2068 4817 alius,
2101 4757 2158 4805 et

526 4850 610 4903 sic
639 4847 838 4900 ordine
873 4842 1123 4895 universi
1162 4841 1419 4910 legentes
1453 4855 1482 4890 e
1513 4841 1751 4910 scripto,
1788 4858 1977 4894 coram
2016 4846 2159 4894 u'no-

527 4951 758 5006 quoque
789 4934 1046 5001 ipsorum
1079 4929 1337 4982 vicissim
1375 4943 1432 4980 se
1467 4935 1868 4997 prosternenle
1899 4933 2157 4997 Augusto

524 5027 581 5079 et
609 5023 834 5076 veniam
869 5021 1033 5073 enixe
1067 5017 1415 5088 postulante,
1448 5016 1694 5080 cunctis,
1730 5017 1880 5069 sicut
1915 5020 2156 5086 patriar-

524 5117 634 5169 cha
656 5116 890 5177 fecerat,
923 5107 1425 5162 coandonantibus
1460 5121 1471 5158 :
1507 5105 1708 5159 multis
1741 5107 1889 5158 inter
1921 5107 2039 5160 haec
2083 5107 2158 5161 la-

525 5199 946 5274 crymantibus,
985 5197 1300 5264 prmsertim
1340 5209 1370 5246 e
1420 5197 1646 5258 senatu,
1697 5209 1760 5245 ac
1811 5194 1905 5246 Dei
1959 5211 2156 5263 pacem

527 5287 924 5346 exorantibus.
957 5282 1211 5336 Tandem
1248 5295 1495 5349 surgens
1529 5280 1799 5348 princeps
1849 5297 2011 5334 sacro
2047 5283 2157 5334 im-

527 5378 770 5450 pertitus
801 5372 972 5443 epulo
1005 5375 1112 5436 est,
1145 5369 1255 5423 sub
1289 5368 1440 5437 quod
1474 5368 1667 5422 debita
1691 5368 1793 5422 rite
1825 5370 2158 5423 adorntione

528 5468 886 5537 perfunctus,
935 5459 1186 5513 salutato
1237 5456 1484 5520 denique
1543 5461 1713 5519 cmtu,
1770 5459 1822 5509 in
1881 5457 2155 5524 palalium

525 5549 1054 5608 recessit.t)ecrevit
1086 5550 1278 5597 autem
1316 5543 1538 5596 incluso
1571 5546 1719 5612 apud
1760 5545 2066 5599 Nicmiatas
2101 5546 2154 5598 in

525 5656 658 5696 arce
691 5637 986 5706 Dacibyza
1019 5631 1229 5688 Joanni
1260 5630 1570 5702 pensiones
1601 5631 1659 5685 in
1713 5632 1928 5686 victum
1980 5633 2156 5690 vesti-

2268 3251 2365 3305 tis.
2403 3251 2545 3304 Hinc
2565 3251 2689 3319 jam
2722 3248 3060 3304 solutiorem
3119 3249 3384 3303 animum
3439 3251 3517 3305 ad
3585 3245 3906 3320 reipublica

2271 3337 2732 3410 procurationem
2761 3337 3087 3392 studiosius
3118 3338 3304 3392 vertit.

2267 3455 2356 3509 26.
2391 3455 2462 3508 De
2492 3454 2736 3522 nuptiali
2761 3453 2960 3522 fwdere
3003 3455 3151 3508 inter
3181 3453 3610 3510 Tarchaniotam
3639 3449 3904 3508 Androni-

2339 3542 2458 3580 cum
2491 3525 2673 3594 ﬁlium
2702 3525 2930 3581 Marthae
2969 3524 3170 3580 sororis
3211 3527 3604 3594 imperatoris,
3646 3529 3699 3580 et
3741 3522 3902 3593 ﬁliam

2337 3596 2567 3652 Joannis
2599 3599 2658 3651 in
2686 3596 2980 3654 Occidente
3007 3595 3362 3651 dominantis.

2340 3693 2589 3747 Tumere
2620 3693 2827 3748 deinde
2849 3710 3054 3748 rursus
3075 3698 3131 3747 et
3160 3692 3485 3747 tumultum
3514 3689 3731 3748 minari
3753 3685 3901 3744 Occi-

2270 3783 2370 3836 dui
2401 3785 2622 3835 tractus
2646 3796 2736 3834 res
2759 3787 3075 3851 eruperunt,
3096 3783 3336 3851 despota
3357 3781 3642 3837 Michaele
3662 3782 3896 3834 mortuo.

2271 3871 2325 3924 Is
2353 3870 2740 3941 principatum
2774 3871 3007 3940 quidem
3039 3887 3209 3924 suum
3264 3870 3530 3941 legitimo
3584 3862 3900 3924 transmisit

2270 3959 2590 4013 successori
2633 3957 2956 4029 Nicephoro
2990 3957 3126 4027 ﬁlio,
3163 3959 3320 4012 fratri
3357 3963 3557 4014 autem
3583 3959 3712 4026 ejus
3734 3950 3896 4008 notho

2267 4046 2478 4100 Joanni
2514 4063 2627 4100 non
2680 4063 2914 4116 parvam
2969 4047 3265 4115 regionem
3322 4047 3617 4116 propriam
3671 4041 3896 4111 excepit,

2269 4151 2383 4204 qua
2417 4135 2464 4188 is
2488 4134 2596 4189 sibi
2632 4133 2907 4204 peculiari
2945 4135 3234 4188 frueretur
3256 4133 3430 4201 ;308
3453 4152 3522 4189 ac
3553 4131 3894 4202 Nicephorus

2269 4224 2505 4292 quidem
2539 4226 2848 4276 contentus
2883 4239 2988 4275 sua
3019 4228 3173 4278 sorte
3201 4225 3393 4294 quiete
3416 4221 3894 4294 agebat,Joannes

2267 4327 2399 4365 vero
2449 4310 2692 4379 inquieti
2740 4309 2826 4362 vir
2881 4309 3121 4379 ingenii,
3183 4317 3436 4367 aestuans
3487 4314 3640 4367 intra
3697 4304 3889 4362 limites

2243 4395 2551 4468 angustos
2581 4402 2638 4452 et
2666 4414 2969 4468 erumpere
3002 4400 3279 4467 gestiens,
3316 4400 3512 4455 fratris
3562 4409 3757 4454 tamen
3815 4391 3892 4446 di-

2270 4489 2423 4542 tione
2453 4485 2798 4551 abstinebat,
2834 4491 3064 4541 nostras
3089 4488 3197 4541 sibi
3235 4488 3517 4543 ﬁnitimas
3570 4480 3889 4542 incursabat

2269 4580 2470 4639 terras,
2518 4590 2696 4644 agens
2741 4573 3048 4645 ferensquc
3084 4576 3369 4647 quidquid
3430 4576 3774 4631 occurreret.
3823 4565 3888 4619 Ea

2267 4664 2479 4732 injuria
2507 4663 2822 4730 imperator
2853 4665 3082 4732 cognita
3115 4665 3264 4717 bello
3299 4671 3487 4719 tamen
3518 4659 3878 4718 adoriendum

2268 4769 2377 4806 non
2447 4751 2669 4820 putavit
2727 4751 3000 4819 juvenem
3063 4753 3467 4822 praefervidum
3524 4757 3579 4807 et
3649 4747 3880 4803 novitate

2269 4841 2629 4910 principatus
2656 4843 2976 4909 projectum
3004 4841 3071 4893 ad
3093 4842 3422 4894 audendum
3450 4841 3696 4910 quidvis,
3720 4833 3882 4888 tutius

2267 4928 2583 4981 arbitratus
2614 4927 2914 4981 insinuare
2945 4945 3003 4981 se
3029 4928 3392 4998 ipsifpacatis
3426 4929 3667 4991 artibus,
3698 4928 3750 4978 et
3771 4917 3881 4975 atti-

2268 5017 2464 5072 nitatis
2515 5034 2645 5071 cum
2693 5018 3127 5072 necessitudine
3176 5019 3486 5073 conciliare
3534 5018 3660 5073 sibi.
3713 5014 3878 5076 Qnare

2269 5107 2511 5160 ferocem
2547 5107 2674 5174 ejus
2731 5109 2993 5160 animum
3046 5105 3332 5178 legatione
3377 5107 3586 5162 blande
3643 5091 3872 5172 supplici

2267 5195 2575 5262 deliniens,
2611 5194 2904 5248 hominem
2959 5195 3026 5248 ad
3077 5212 3276 5266 pacem
3334 5195 3593 5251 invitavit
3649 5179 3874 5258 nuptiali

2267 5284 2476 5336 foedere
2505 5284 2871 5349 ﬁrmandam,
2901 5282 3222 5353 ﬁlia,quam
3259 5286 3306 5338 is
3341 5285 3586 5338 habebat
3613 5274 3868 5334 nubilem.

2267 5372 2499 5425 cuidam
2542 5387 2609 5424 ex
2660 5371 3032 5440 imperatoris
3081 5373 3531 5443 consanguineis
3571 5358 3871 5440 jungenda-

2269 5461 2400 5512 Erat
2430 5458 2519 5511 hic
2546 5459 2798 5513 J0annes
2820 5458 3011 5513 indole
3036 5464 3332 5526 strenuus,
3352 5477 3526 5514 manu
3567 5453 3866 5528 promptus.

2269 5547 2500 5618 ingenio
2534 5564 2811 5617 princeps,
2847 5553 2902 5599 et
2933 5564 3280 5617 quocunque
3305 5549 3676 5610 incumberet,
3717 5535 3861 5592 vehe'

2266 5635 2455 5704 nicns,
2489 5635 2559 5689 ad
2591 5634 2711 5689 haec
2747 5651 2852 5689 usu
2886 5636 3165 5706 preditus
3198 5637 3279 5690 rei
3312 5635 3579 5691 militaris
3606 5630 3775 5693 tanta,
3809 5621 3864 5674 αι
