4158 6280
307 401 418 454 757

1350 401 1447 454 DE
1484 401 1855 455 MICHAELE
1893 401 2336 458 PALBOLOGO
2371 405 2504 456 LIB.
2543 403 2642 456 IV.

3598 392 3707 449 758

2340 519 2364 538 ἢ

309 521 580 597 θυγατέρα
613 562 628 589 ,
682 515 938 576 ἐϐούλετο
998 516 1088 574 διὰ
1143 518 1346 591 κήδους
1405 516 1801 595 βεϐαιώσασθαι
1856 523 1954 590 τὴν
1989 525 2170 592 Ατει,
2230 522 2281 576 οἰ
2337 519 2382 576 δ’
2441 523 2531 577 ὑπ’
2585 520 2773 593 ἐκείνῳ
2828 519 3032 578 πολλοί
3067 541 3127 576 τε
3157 518 3306 581 ὅντες
3336 518 3426 573 καὶ
3461 516 3702 594 μέγιστοι

313 613 564 686 εἰρήνην.
619 611 720 663 Ἦν
770 611 869 682 γὰρ
918 608 1007 664 καὶ
1037 606 1224 670 ἄλλως
1265 609 1294 663 6
1326 608 1577 679 Ἰωάννης
1607 607 1958 684 δραστήριος,

313 699 393 761 ὡς
440 697 529 753 καὶ
585 700 655 769 τῇ
707 701 813 762 τῶν
847 695 1292 768 ἐπιτηδευμάτων
1324 697 1593 771 ταχύτητι
1623 698 1714 752 σὺν
1737 699 1807 768 τῇ
1834 697 1957 770 περὶ

312 790 410 850 τὰς
469 785 648 860 μάχας
705 785 910 838 συνέσει
969 784 1059 838 καὶ
1113 784 1232 840 λίαν
1293 785 1686 860 ἀριστουργεῖν,
1743 788 1831 840 καὶ
1885 785 1960 847 εἷς

312 875 434 937 δέος
491 876 582 928 τὸν
643 871 910 943 δεσπότην
943 871 1212 935 πολλάκις
1255 873 1436 941 ἐτίθει,
1489 877 1561 946 μή
1593 895 1710 936 πως
1739 875 1826 928 καὶ
1863 875 1958 928 αὖ·

309 965 403 1020 τὸν
433 960 895 1034 έπιτηδευόμενος
922 960 1358 1035 παρακρούσαιτο
1401 963 1490 1016 καὶ
1546 962 1612 1036 τῇ
1665 969 1764 1031 τῆς
1800 960 1960 1032 ’νίκης

234 1061 236 1063 ’
311 1049 498 1123 ἀδοξίᾳ
548 1044 868 1123 περιϐαλεῖν
903 1046 1186 1119 δυνηθείη.
1247 1051 1345 1103 Διά
1373 1055 1536 1104 ταῦτα
1583 1050 1672 1104 καὶ
1731 1051 1958 1111 σπεύσας

311 1141 342 1196 6
405 1137 657 1214 βασιλεὺς
714 1137 835 1190 Λίαν
897 1142 1077 1214 σοφῶς
1135 1158 1194 1192 τε
1223 1137 1312 1191 καὶ
1343 1138 1600 1216 ἀσφαλῶς
1627 1140 1726 1207 τὴν
1753 1139 1956 1194 ἐκείνου

311 1221 827 1303 προκατελάμϐανεν
909 1222 1136 1296 εῧνοιαν,
1212 1226 1302 1280 καὶ
1383 1227 1481 1293 τὴν
1548 1226 1806 1300 θυγατέρα
1861 1233 1956 1281 τοῦ

310 1316 562 1374 Ἰωάννου
616 1319 696 1387 τῷ
757 1317 963 1388 ἀνεψιῷ
1020 1314 1185 1368 αὐτοῦ
1240 1313 1329 1369 καὶ
1368 1316 1470 1385 υἱῷ
1497 1321 1576 1384 τῷ
1602 1322 1703 1382 τῆς
1740 1317 1958 1389 Μάρθας

306 1403 666 1480 Ἀνδρονίκῳ,
724 1405 945 1477 πέμψας
999 1403 1090 1457 καὶ
1152 1402 1243 1456 σὺν
1301 1401 1400 1457 οὐκ
1447 1401 1607 1478 ὀλίγῃ
1653 1407 1790 1477 τιμῇ
1821 1403 1954 1476 ἀγα-

308 1493 464 1568 γὼν,
532 1493 610 1553 εἷς
665 1493 840 1566 γάμον
900 1487 1078 1546 ἐδίδου
1113 1535 1130 1560 ,
1189 1490 1472 1561 ὀνομάζων
1528 1491 1578 1560 ἐξ
1633 1489 1954 1562 ἀξιωμάτων

307 1582 402 1636 τὸν
450 1576 696 1656 γαμϐρὸν
759 1581 926 1653 μέγαν
984 1575 1378 1646 κονοσταῦλον,
1441 1579 1532 1633 τὸν
1587 1577 1644 1633 δὲ
1700 1581 1951 1653 πενθερὸν

308 1666 564 1737 Ἰωάννην
649 1663 1134 1741 σεϐαστοκράτορα.
1226 1667 1322 1722 Καὶ
1393 1671 1474 1738 τῷ
1561 1667 1652 1738 μὲν

311 1755 597 1812 ἰσπένδετο
655 1754 745 1810 διὰ
806 1760 991 1822 ταῦτα,
1046 1756 1136 1809 καὶ
1195 1754 1318 1809 ὅσον
1376 1755 1438 1808 τὸ
1501 1756 1662 1828 μέρος
1723 1754 1950 1825 ἐκείνου,

310 1845 600 1918 ἀνακωχὰς
657 1843 718 1897 οὗ
775 1843 871 1904 τὰς
935 1842 1132 1917 μικρὰς
1184 1843 1332 1916 εἶχον
1384 1843 1452 1896 τὰ
1505 1847 1612 1896 τῶν
1669 1843 1949 1914 Ῥωμαίων

311 1933 708 2006 στρατεύματα.
744 1930 820 1987 Οὐ
855 1932 960 2002 μὴν
995 1927 1053 1984 δὲ
1083 1929 1171 1984 καὶ
1202 1936 1308 1984 τῶν
1361 1929 1569 1984 λοιπῶν
1601 1930 1948 2008 ἀποπεφρυν-

311 2020 472 2090 τίκει,
531 2017 678 2075 ἀλλά
733 2018 907 2082 πολὺς
964 2023 1029 2088 ἦν
1089 2016 1231 2074 ἔνθεν
1297 2019 1390 2090 μὶν
1451 2019 1510 2074 ἐκ
1565 2019 1838 2090 θαλάσσης
1875 2024 1952 2092 τῷ

313 2113 550 2178 ναυτικῷ
605 2108 910 2182 χρώμενος,
970 2106 1166 2170 ἐκεῖθεν
1225 2105 1283 2160 δὲ
1315 2107 1450 2162 κατὰ
1485 2114 1586 2180 γῆν
1616 2104 1952 2181 Τριϐαλλοῖς

310 2218 372 2252 τι
426 2198 515 2252 καὶ
573 2195 868 2271 Ἰλλυριοῖς
929 2195 1285 2269 προσεπέχων
1322 2239 1334 2250 .
1400 2195 1496 2249 Καὶ
1571 2195 1634 2249 τὸ
1707 2197 1956 2250 ναυτικὸν

313 2286 446 2360 ἦγεν
499 2285 635 2358 ἀνὴρ
696 2289 938 2358 γενναῖος
985 2285 1012 2338 ὁ
1075 2282 1562 2357 Φιλανθρωπηνὸς,
1605 2286 1954 2358 πριυτοστρά-

309 2393 424 2448 τωρ
476 2374 570 2446 μὲν
623 2373 672 2445 ἐξ
723 2373 893 2444 ἀξίας,
923 2377 1020 2425 τοῦ
1080 2369 1137 2426 δὲ
1197 2370 1435 2445 μεγάλου
1493 2370 1684 2434 δουκὸς
1717 2373 1955 2448 Λάσκαρι

311 2461 518 2536 ἐξώρου
568 2457 722 2523 ὄντος
780 2457 887 2530 ἤδη
917 2461 1007 2514 καὶ
1058 2461 1134 2532 μή
1183 2458 1298 2514 σ’ίου
1331 2480 1385 2513 τε
1415 2459 1681 2532 πολέμοις
1729 2461 1954 2536 ἐνασχο-

313 2551 528 2614 λεῖσθαι
586 2551 675 2604 καὶ
731 2548 937 2624 μάχαις
979 2549 1042 2603 τὸ
1094 2555 1267 2622 γῆρας
1328 2547 1537 2621 ἀνέχων
1598 2551 1678 2620 [Ρ.
1711 2553 1838 2622 209]
1869 2550 1958 2604 καὶ

313 2640 415 2708 τὴν
439 2637 645 2693 ἐκείνου
673 2636 820 2707 τάξιν
854 2634 1209 2711 ἀναπληρῶν.
1266 2636 1362 2689 Καὶ
1417 2636 1444 2690 6
1488 2636 1583 2707 μὲν
1639 2635 1957 2713 Φιλανθρω-

317 2728 493 2797 πηνὸς
525 2726 812 2804 ἆπειρέρετο
865 2725 934 2779 τὰ
988 2729 1229 2798 πρωτεῖα
1257 2724 1347 2777 καὶ
1401 2729 1524 2786 τοῖς
1555 2723 1706 2787 ὅλοις
1734 2724 1959 2780 ἐπεστά-

1735 1669 1950 1740 Ἰωάννῃ

330 2959 406 2998 ne
437 2942 668 2997 fratrem
699 2941 938 3014 quidem
965 2956 1140 2997 suum
1189 2945 1274 2996 tot
1319 2942 1688 2998 successibus
1735 2941 1958 2998 bellicis

330 3031 557 3086 clarum
589 3033 886 3099 despotam
915 3029 1199 3084 Joannem
1231 3033 1358 3084 tuto
1391 3046 1522 3084 cum
1563 3047 1629 3084 eo
1675 3030 1957 3084 committi

327 3135 500 3192 posse
529 3118 846 3190 imperator
874 3117 1410 3182 duceret,metueus
1434 3121 1671 3173 Martem
1696 3134 1957 3172 commu-

326 3225 459 3263 nem
475 3207 920 3277 anticipitesque
936 3205 1256 3276 praeliorum
1271 3222 1576 3272 casus,nec
1592 3207 1736 3261 satis
1754 3207 1960 3270 lldeus,

324 3297 376 3352 si
409 3295 692 3351 bellarent
726 3295 996 3360 invicem,
1033 3311 1331 3364 nunquam
1359 3300 1705 3348 eventurum
1752 3300 1815 3348 ut
1861 3299 1964 3348 aut

322 3385 380 3440 vi
397 3389 594 3454 aperta
612 3385 921 3454 superatus
941 3386 1042 3436 aut
1063 3383 1260 3437 fraude
1277 3382 1707 3438 circumventus
1721 3383 1965 3454 despota

327 3471 752 3544 praeteritarum
773 3470 982 3526 decora
1004 3469 1331 3540 palmarum
1357 3471 1629 3539 pudenda
1653 3469 1816 3525 clade
1838 3487 1962 3524 cor-

328 3565 645 3633 rumperet.
678 3559 807 3614 Haec
837 3575 939 3628 pro
970 3575 1078 3614 sua
1108 3559 1419 3629 prudentia
1450 3559 1766 3629 imperator
1796 3575 1962 3628 repu-

325 3653 482 3713 tans,
519 3648 754 3720 provido
784 3647 1110 3716 securoqu'e
1147 3646 1392 3701 consilio
1441 3663 1844 3716 praeoccUpare
1897 3663 1963 3703 ac

326 3736 620 3792 devincire
668 3735 779 3791 sibi
818 3735 1211 3806 periculosum
1259 3735 1658 3790 adversarium
1692 3736 1961 3801 decrevit,

324 3831 385 3882 et
407 3830 755 3880 consecutus
779 3825 933 3894 quod
969 3826 1196 3894 optaret
1216 3821 1540 3890 videbatur,
1577 3823 1694 3878 ﬁlia
1720 3824 1963 3879 Joannis

323 3916 524 3981 istius,
546 3915 616 3969 de
645 3929 761 3985 qua
791 3914 931 3981 dixi,
964 3911 1274 3983 splendido
1306 3927 1340 3966 a
1369 3927 1432 3965 se
1469 3912 1650 3966 misso
1681 3912 1960 3967 comitatu

325 4020 356 4059 e
388 4007 627 4074 paterna
653 4004 827 4056 domo
857 3999 1423 4070 Constantinopolim
1459 4000 1732 4067 deducta,
1787 3998 1961 4054 collo-

323 4091 511 4146 canda
558 4088 960 4144 Tarchaniotas
1007 4087 1337 4142 Andronico
1388 4088 1636 4159 Augusti
1689 4087 1880 4156 nepoti
1932 4105 1963 4142 e

321 4195 521 4236 sorore
550 4177 794 4246 Martha,
828 4177 1061 4248 quando
1093 4192 1372 4246 generum
1407 4176 1623 4247 pariter
1660 4193 1960 4232 socerum-

325 4283 440 4340 que
473 4267 632 4324 oovis
662 4267 1045 4339 amplissimis
1074 4265 1458 4336 imperatoriae
1490 4265 1632 4322 aulae
1661 4267 1960 4338 dignitati-

323 4373 440 4428 qus
469 4355 819 4423 honestavit,
852 4358 1121 4426 nepotem
1173 4354 1406 4423 quidem
1458 4371 1626 4410 suum
1681 4371 1958 4425 magnum

326 4443 758 4509 conostaulum,
824 4441 1110 4497 Joannem
1179 4445 1371 4496 autem
1439 4442 1958 4497 sebastocratorem

2067 610 2142 671 εἷς
2226 608 2502 686 λοχαγοὺς
2561 608 2649 664 καί
2720 610 3114 684 ταγματάρχας
3168 608 3259 662 καὶ
3319 606 3568 678 κόμητας
3611 606 3702 661 καὶ

2065 702 2374 774 ναυάρχους
2450 701 2731 754 ἐτάττοντο
2769 743 2782 755 .
2867 701 2926 756 Ὁ
2982 701 3086 773 γὰρ
3136 698 3331 760 στόλος
3383 696 3558 759 πολὺς
3613 698 3703 752 καὶ

2066 787 2301 848 πολλαῖς
2355 788 2537 842 ναυσὶν
2566 788 2872 862 ἐξηρτύετο,
2901 788 2996 849 τὰς
3033 787 3212 859 μέντοι
3243 808 3303 860 γε
3331 791 3459 848 ναῦς
3517 783 3705 860 ἄνδρες

2066 877 2341 946 ἒπλήρουν
2398 877 2681 944 νεανικοὶ,
2741 876 2834 936 τὰς
2889 875 3063 950 ὁρμὰς
3119 875 3345 935 καὶτὰς
3402 873 3706 949 προθυμίας

2065 965 2409 1042 λαφυκτικοῗ,
2472 965 2522 1019 οἰ
2582 966 2680 1019 ἀνά
2732 968 2832 1034 τὴν
2881 965 3042 1020 πόλιν
3095 962 3404 1037 Γοισμοῦλοι
3435 962 3551 1034 (οὓς
3582 961 3640 1017 ἂν
3674 965 3702 1017 6

2063 1054 2332 1125 Ῥωμαῖος
2412 1051 2631 1127 διγενεῖς
2710 1051 2877 1120 εἶ’ποι)
2964 1054 3024 1107 ἐκ
3079 1051 3365 1125 Ῥωμαίων
3433 1056 3702 1126 γυναικῶν

2064 1143 2404 1216 γεννηθέντες
2459 1149 2575 1203 τοῖς
2610 1141 2862 1210 Ἰταλοῖς,
2906 1139 3068 1196 ἄλλοι
3121 1162 3180 1195 τε
3229 1140 3477 1196 πλεῖστοι
3507 1139 3567 1194 ἐκ
3593 1144 3700 1196 τῶν

2065 1232 2360 1298 Λακώνων,
2422 1230 2512 1293 οὓς
2567 1231 2654 1284 καὶ
2691 1232 2972 1298 Τζάκωνας
3002 1229 3454 1306 παραφθείροντες
3487 1225 3700 1304 ἔλεγον,

2065 1317 2156 1381 οὓς
2187 1316 2244 1372 ἔκ
2267 1339 2324 1372 τε
2373 1317 2585 1390 Μορέου
2643 1319 2868 1373 καὶτῶν
2912 1317 3139 1372 δυτικῶν
3177 1323 3377 1392 μερῶν,
3435 1319 3545 1390 ἅμα
3603 1319 3698 1390 μὲν

2061 1405 2449 1479 πολλοὺς,ἅμα
2477 1405 2532 1461 δὲ
2561 1409 2648 1461 καὶ
2685 1406 2987 1482 μαχίμους,
3022 1408 3132 1478 ἅμα
3154 1407 3362 1481 γυναιξὶ
3384 1405 3470 1460 καὶ
3492 1406 3699 1467 τέκνοις

2063 1493 2140 1557 εἷς
2168 1495 2736 1549 Κωνσταντινούπολιν
2775 1497 3066 1567 μετῴκιζεν
3123 1495 3150 1548 ὁ
3200 1498 3429 1564 κρατῶν.
3461 1495 3626 1547 Ἦσαν
3651 1491 3696 1547 δ’

2061 1580 2246 1642 αὐτοῖς
2300 1580 2390 1633 καὶ
2423 1580 2497 1642 εἷς
2531 1581 2812 1654 ὑπηρετῶν
2843 1581 2988 1652 τάξιν
3047 1581 3099 1634 οἱ
3146 1580 3479 1652 πανταχόθεν
3506 1600 3699 1654 προσε-

2063 1666 2287 1736 λῶντες,
2316 1669 2390 1730 ὡς
2418 1667 2570 1730 εἷ’τις
2595 1668 2738 1722 εἷ’ποι
2760 1673 2908 1736 νηῶν
2939 1668 3012 1730 εἷς
3040 1668 3100 1721 τὸ
3117 1668 3345 1743 πρόσθεν
3368 1666 3573 1738 ἐλάται,
3606 1666 3697 1730 οὓς

2061 1759 2342 1831 πανταχοῦ
2371 1761 2476 1810 τῶν
2511 1758 2624 1811 κατ’
2653 1755 2934 1833 αἰγιαλοὺς
2981 1761 3181 1832 χωρῶν
3240 1755 3440 1817 καλούς
3494 1777 3554 1810 τε
3607 1758 3697 1810 καὶ

1986 1884 2030 1947 Β
2060 1843 2350 1904 πλείστους
2379 1843 2631 1915 ἀπέταξεν
2690 1845 2716 1897 6
2757 1849 2989 1917 κρατῶν·
3043 1846 3107 1898 οὑ
3163 1845 3266 1919 γὰρ
3325 1844 3390 1912 ἦν
3436 1843 3696 1920 ἀσφαλῶς

2058 1932 2306 2006 κατέχειν
2339 1933 2434 2001 τὴν
2465 1931 2624 1986 πόλιν
2658 1934 2785 1994 τοὺς
2841 1934 3166 2004 Ῥωμαίους,
3200 1933 3273 1994 ὡς
3304 1932 3464 1994 αὐτὸς
3520 1931 3692 2009 ἔλεγε,

2066 2023 2140 2093 μή
2172 2021 2234 2074 τὸ
2263 2026 2363 2074 πᾶν
2397 2019 2986 2095 θαλασσοκρατοῦντας.

2060 2137 2157 2210 κζὲ
2191 2138 2380 2210 Ὅτςως
2411 2136 2758 2210 καὶ,ὁπόσ²ις
2807 2135 3064 2210 δρνάμεσι
3126 2137 3552 2210 στρατηγοῦντος
3602 2138 3698 2210 τίέδ

2135 2203 2422 2282 δεσπότου,
2449 2208 2535 2282 καὶ
2572 2208 2658 2282 ἐπὶ
2688 2213 2812 2282 τοῖς⁸
2835 2203 3074 2282 δυμτικοῖς
3105 2203 3367 2282 συχνάκις
3396 2206 3702 2281 ἐπιχωριά-

2139 2281 2348 2346 ζοντος,
2370 2280 2436 2332 τά
2463 2277 2758 2333 ἀνατολικὰ
2791 2277 3092 2334 ἀπώλοντο.

2133 2374 2254 2427 Τῶν
2287 2374 2386 2448 γὰρ
2443 2375 2582 2428 κατὰ
2633 2382 2736 2448 γῆν
2785 2372 3049 2446 δεσπότης
3098 2375 3355 2445 Ἰωάννης
3403 2375 3704 2450 ἐξηγούμε-

2064 2481 2154 2523 νος
2185 2459 2432 2523 πολλοὺς
2460 2464 2550 2517 καὶ
2613 2462 2886 2539 μεγάλους
2946 2464 3090 2539 εἶχεν
3150 2465 3232 2540 ὑφ’
3286 2463 3432 2535 αὐτῷ
3479 2485 3707 2537 στρατη·

2065 2548 2214 2625 γοὺς,
2269 2551 2332 2604 τὸ
2390 2548 2448 2604 δὲ
2506 2553 2888 2626 στρατιωτικὸν
2950 2549 3038 2608 ἔν’
3071 2551 3374 2626 ἀλλαγίοις,
3435 2554 3509 2616 ὡς
3553 2551 3706 2607 αὐτοὶ

2069 2642 2218 2711 φαῖεν
2275 2635 2334 2691 ἂν
2394 2639 2444 2692 οἱ
2503 2638 2591 2692 ἐπὶ
2636 2644 2741 2693 τῶν
2805 2639 3098 2715 ταγμάτων
3169 2640 3654 2717 κοινολογούμενοι
3689 2684 3704 2710 ,

2066 2725 2343 2791 πλείστοις
2399 2729 2710 2785 συνίσταντο
2747 2773 2762 2788 .
2821 2733 2920 2788 Ἦν
2999 2734 3100 2808 γὰρ
3152 2732 3215 2786 τὸ
3292 2731 3702 2807 Παφλαγονικὸν

2068 2947 2217 2998 state
2247 2943 2475 2999 cunctis
2524 2944 2829 3001 navalibus
2879 2948 3063 3018 copiis
3110 2948 3437 3019 praefectus,
3486 2949 3597 3005 sub
3645 2965 3706 3006 se

2069 3036 2264 3086 autem
2287 3031 2544 3086 habebat
2565 3032 2781 3088 multos
2805 3040 2864 3089 et
2891 3037 3177 3092 maximos
3198 3036 3387 3092 titulis
3411 3038 3707 3108 praefectu-

2073 3136 2271 3175 rarum
2330 3121 2705 3176 inferioribus
2759 3123 3037 3193 insignes,
3092 3125 3388 3190 tribunos,
3433 3127 3706 3182 ordinum

2073 3208 2636 3276 ductores,comites,
2657 3211 3226 3268 navarchos.C|assis
3247 3214 3466 3285 quippe
3496 3229 3711 3286 magna

2071 3301 2214 3366 erat,
2247 3297 2470 3368 ingenti
2504 3303 2782 3353 constans
2827 3316 3070 3355 numero
3117 3302 3354 3357 navium
3401 3302 3706 3374 plenarum

2072 3385 2211 3439 ﬂore
2241 3387 2522 3456 pugnacis
2550 3391 2607 3442 et
2633 3387 2811 3442 avidae
2843 3389 3172 3459 praedarum
3197 3390 3709 3460 juventutis.Pars

2073 3471 2250 3542 hujus
2272 3489 2340 3525 ex
2363 3475 2506 3528 urbe
2527 3473 2971 3545 Gasmuli,quos
3002 3481 3301 3532 Romanus
3334 3479 3712 3548 digenes,hoc

2071 3564 2162 3616 est
2191 3560 2409 3630 duplici
2443 3561 2649 3616 mistos
2680 3579 2888 3633 genere
2921 3564 3154 3632 dicerel,
3189 3583 3218 3621 e
3251 3566 3529 3623 Romanis
3579 3551 3712 3623 mu-

2072 3647 2314 3703 lieribus
2334 3652 2392 3702 et
2419 3648 2558 3702 viris
2593 3651 2752 3704 Italis
2787 3657 2976 3717 natos,
3009 3652 3107 3708 alii
3143 3652 3401 3724 plerique
3431 3671 3499 3710 ex
3531 3657 3710 3711 Laco-

2074 3736 2248 3790 nibus
2281 3735 2408 3802 (hos
2435 3735 2648 3805 vulgus
2675 3744 2941 3807 corrupte
2971 3741 3268 3794 Tzaconas
3305 3742 3514 3813 vocat),
3559 3759 3707 3813 quos

2073 3824 2154 3878 uti
2183 3840 2250 3878 ex
2273 3822 2578 3890 Moreo,sic
2611 3822 2755 3877 alios
2789 3840 2856 3878 ex
2885 3825 3159 3881 Occiduis
3195 3829 3706 3897 partibus,multos

2073 3912 2501 3981 bellicososque
2532 3927 2662 3966 cum
2706 3911 2982 3967 uxoribus
3001 3925 3053 3968 et
3074 3913 3273 3970 liberis
3295 3918 3705 3972 Constantino-

2072 4000 2249 4070 polim
2274 4001 2343 4054 ad
2371 4001 2571 4054 urbem
2597 4000 3082 4070 frequentandam
3106 4002 3423 4072 imperator
3441 4009 3702 4060 transtu-
3739 3989 3741 3992 l

2069 4087 2236 4143 lerat.
2271 4088 2528 4141 Aderant
2550 4087 2641 4141 bis
2662 4088 2894 4141 abunde
2917 4088 3019 4158 qui
3051 4092 3336 4144 servirent
3367 4092 3708 4149 ministeriis

2072 4175 2322 4230 nauticis
2345 4176 2734 4244 undecunque
2761 4177 3120 4247 coacti,quos
3145 4178 3516 4236 Proselontas
3537 4180 3708 4253 vulgo

2068 4269 2295 4328 vocant,
2329 4263 2496 4332 quasi
2531 4264 2724 4318 dicere
2759 4263 2991 4318 navium
3027 4265 3086 4319 in
3135 4267 3426 4322 anteriora
3472 4271 3708 4338 propul-

2071 4368 2255 4415 sores,
2285 4350 2672 4406 valentissimi
2703 4352 2977 4423 remiges,
3011 4369 3158 4422 quos
3189 4370 3220 4408 e
3250 4357 3458 4409 cuncta
3487 4356 3707 4413 circum

2069 4457 2169 4495 ora
2191 4439 2488 4494 maritima
2520 4441 2964 4495 robustissimos
2985 4447 3042 4495 et
3063 4440 3346 4510 plurimos
3369 4445 3705 4514 congregari

325 4548 554 4589 creans.
602 4534 667 4587 In
718 4532 873 4586 hunc
921 4531 1160 4585 modum
1209 4546 1320 4600 pax
1369 4546 1501 4585 cum
1551 4530 1702 4584 309
1745 4529 1967 4585 Joanne
1999 4522 2042 4584 D
2076 4527 3243 4600 curaveratAugustus,intelligens,310
3265 4532 3416 4600 quod
3445 4536 3500 4585 et
3520 4533 3706 4588 dicere

327 4621 732 4687 constituta,et
759 4619 926 4692 quies
956 4619 1028 4674 ab
1060 4618 1168 4673 hac
1199 4618 1437 4689 quidem
1470 4623 1630 4688 parte
1659 4618 1962 4673 securitas-

327 4727 444 4783 que
475 4727 588 4766 non
621 4710 829 4781 exigua
856 4709 1085 4762 ﬁrmata
1124 4708 1406 4762 Romanis
1455 4713 1545 4763 est
1589 4707 1957 4762 exercitibus.

326 4801 438 4856 Sed
472 4815 565 4856 me
594 4798 814 4870 reliqua
844 4813 1046 4853 curare
1075 4797 1394 4867 imperator
1425 4794 1775 4866 negligebat,
1828 4794 1962 4848 hinc

331 4888 566 4958 quidem
592 4888 647 4941 in
673 4886 819 4940 mari
847 4889 1085 4940 strenue
1108 4884 1296 4938 classe
1328 4899 1448 4937 rem
1483 4899 1710 4954 gerens,
1747 4883 1875 4936 inde
1903 4881 1962 4936 in

328 4977 663 5032 continente
688 4989 801 5029 non
824 4971 1064 5045 segnius
1086 4971 1464 5026 terrestribus
1477 4970 1657 5042 copiis
1679 4969 1964 5026 Triballos

328 5063 677 5135 Illyriosque
706 5063 1023 5118 observans
1049 5064 1106 5116 et
1134 5061 1364 5114 admoto
1396 5059 1534 5114 mali
1567 5065 1721 5114 metu
1767 5059 1826 5113 in
1875 5059 1963 5114 of-

326 5153 461 5208 ficio
482 5151 810 5207 continens.
842 5148 1026 5206 Classi
1059 5153 1302 5220 prmerat
1335 5147 1846 5219 Philantropenus,
1880 5148 1966 5200 vir

328 5241 518 5305 fortis,
544 5239 827 5310 dignitate
849 5238 1082 5293 i-ntsrim
1113 5239 1518 5308 protostrator,
1543 5241 1808 5290 caeterum
1844 5252 1963 5290 ma-

324 5329 426 5399 gni
459 5327 627 5383 ducis
663 5327 950 5393 Lascaris,
980 5342 1098 5381 aevo
1121 5327 1241 5395 jam
1273 5325 1424 5379 eﬂ'eti
1455 5341 1558 5379 nec
1587 5341 1689 5394 per
1736 5328 1962 5379 aetatem

328 5418 448 5472 fere
477 5416 835 5484 decrepitam
867 5414 1121 5486 amplius
1171 5413 1288 5483 apti
1342 5413 1496 5468 curis
1547 5412 1965 5483 laboribusque

328 5504 581 5569 bellicis,
614 5504 672 5558 in
697 5504 794 5558 illo
819 5504 1058 5558 maximi
1080 5501 1318 5557 honoris
1342 5499 1508 5555 litulo
1531 5502 1962 5556 successionem

331 5599 699 5664 exspectans,
729 5592 1062 5661 intcreaque
1093 5590 1283 5644 locum
1315 5590 1441 5658 ejus
1465 5605 1530 5642 ac
1560 5589 1712 5642 vices
1741 5589 1962 5643 obiens.

333 5684 416 5739 Ac
465 5677 955 5750 PhilantrOpenus
1013 5677 1245 5748 quidem
1296 5692 1571 5748 suprema
1627 5681 1751 5732 erat
1803 5682 1965 5748 poto-

2072 4616 2317 4682 solebat,
2353 4633 2654 4686 nunquam
2688 4616 2743 4670 in
2783 4617 2923 4671 urbe
2953 4633 3191 4672 securos
3220 4622 3512 4674 Romanos
3563 4621 3701 4686 fore,

2072 4706 2184 4759 nisi
2216 4709 2336 4759 toto
2368 4705 2482 4758 late
2512 4705 2656 4758 mari
2692 4703 2877 4758 classe
2905 4704 3120 4759 invicta
3149 4705 3610 4761 dominarentur.

2069 4820 2248 4891 27.11:,
2273 4817 2531 4891 Romanis
2560 4817 2822 4891 mamimi:
2848 4820 3038 4887 copiis,
3070 4817 3204 4873 duce
3232 4819 3451 4891 despota
3476 4823 3704 4891 Joanne,

2141 4890 2345 4971 crebro.
2381 4888 2443 4942 in
2499 4889 2760 4947 Occiduos
2823 4895 3034 4943 tractus
3099 4888 3334 4955 aversis,
3381 4888 3705 4950 Orientales

2137 4967 2426 5030 perierint.

2142 5055 2286 5110 Nam
2322 5061 2475 5111 terra
2521 5056 2580 5111 in
2625 5061 2749 5112 tulo
2800 5073 2892 5112 res
2941 5057 3312 5126 videbantur,
3359 5058 3582 5115 Joanne
3629 5061 3707 5116 ibi

2073 5147 2318 5216 despota
2348 5145 2552 5200 multis
2585 5145 2976 5216 maximisque
3005 5162 3114 5201 suo
3144 5163 3206 5200 se
3235 5147 3483 5202 ducibus
3514 5165 3715 5206 nume-

2073 5249 2238 5289 rosas
2288 5238 2345 5288 et
2385 5234 2570 5288 bonas
2626 5235 2826 5303 copias
2881 5237 3138 5301 regente.
3191 5233 3565 5290 Conflabatur
3617 5238 3712 5293 hic

2073 5321 2361 5376 exercitus
2394 5339 2462 5376 ex
2491 5323 2897 5378 differentibus
2929 5322 3269 5392 corporibus
3301 5329 3358 5376 et
3388 5325 3548 5377 velut
3594 5327 3735 5380 col-‘

2073 5411 2220 5482 legis
2271 5411 2547 5475 militum,
2600 5430 2725 5483 quae
2778 5411 3002 5480 Allagio
3052 5410 3242 5464 solent
3289 5411 3579 5481 appellare
3608 5416 3710 5485 qui

2075 5499 2418 5554 militarium
2445 5500 2727 5555 vocabula
2757 5499 3026 5554 ordinum
3061 5497 3259 5566 lingua
3290 5498 3538 5554 efferunt
3580 5503 3708 5557 vul-

2074 5589 2216 5660 gari.
2253 5591 2442 5642 Unum
2477 5595 2600 5643 erat
2647 5588 3162 5660 Paphlagonicum,
3215 5604 3594 5644 numerosum
3645 5599 3702 5648 et

2077 5675 2581 5748 maximum,aliud
2611 5694 2744 5733 cum
2775 5681 2832 5733 et
2861 5677 3055 5747 ipsum
3087 5674 3462 5733 multitudine
3489 5683 3614 5737 tum
3642 5683 3699 5738 vi
