4162 6292
523 380 640 436 759

1822 383 2125 443 GEORGII
2161 383 2628 447 PACHYMERE
3813 391 3902 446 760

528 503 675 559 πολύ
727 524 788 559 τε
814 503 904 559 καὶ
937 505 1217 579 μέγιστον,
1275 504 1341 573 ἦν
1402 501 1448 559 δ’
1478 503 1530 577 ἐξ
1571 504 1875 575 Ἀλιζώνων
1908 506 2163 561 πλεῖστον
2194 510 2245 575 Α
2273 509 2372 577 τήν
2424 515 2533 566 τῶν
2586 511 2750 569 ἐθνῶν
2809 512 3068 583 ἐπίθεσιν,
3123 511 3258 575 ἄπας
3293 510 3348 568 δὲ
3376 511 3551 588 ζυγὸς
3585 509 3783 574 ἐκεῖνος
3812 518 3899 569 τῶν

530 591 622 645 καὶ
676 591 744 645 τὰ
772 591 848 653 εἰς
875 590 1121 663 πόλεμον
1170 590 1394 665 ἀγαθὸν,
1450 591 1540 652 οὓς
1587 594 1673 647 καὶ
1728 593 2080 656 Μεσοθινίτας
2141 595 2168 647 6

531 679 714 741 κοινὸς
745 678 887 734 εἶ’ποι
921 678 1108 754 λόγος.
1141 681 1308 735 Ἦσαν
1356 674 1501 742 ἔνθεν
1556 682 1648 754 μὲν
1697 688 1920 755 Θρᾷκες,
1970 681 2167 745 ἐκεῖθεν

534 765 593 823 δὲ
641 769 873 842 Φρύγες,
922 768 1067 832 ἔνθεν
1115 769 1208 841 μὲν
1260 766 1580 840 Μακεδόνες,
1626 770 1823 825 ἐκεῖθεν
1870 768 1925 824 δὲ
1974 771 2169 839 Μυσοὶ,

529 862 622 912 καί
672 860 843 932 Κᾶρες
895 857 1177 913 ἄλλοικαὶ
1215 855 1438 913 πολλοί.
1491 859 1564 914 Τὸ
1614 858 1672 912 ἐκ
1703 856 2027 933 Μαγεδῶνος
2082 859 2171 913 καί

531 968 593 1021 γε
647 946 709 1000 τὸ
760 947 1022 1009 Σκυθικὸν
1081 952 1314 1020 προσῆν,
1374 947 1460 999 καὶ
1519 946 1581 999 τὸ
1620 946 1820 1015 ξενικὸν
1882 948 2168 1016 Ἰταλικὸν,

530 1034 786 1090 πλεῖστον
847 1033 1008 1091 ἄλλο.
1070 1034 1171 1090 Καὶ
1228 1032 1419 1095 ἁπλῶς
1451 1033 1607 1111 φάναι
1637 1036 1698 1088 τὸ
1729 1033 1856 1089 ὅλον
1890 1035 1939 1088 ἐν
1974 1037 2169 1090 ἀνυπο-

531 1127 707 1195 στάτῳ
737 1121 960 1194 δυνάμει
1024 1127 1416 1197 συνεκροτεῖτο,
1471 1121 1563 1183 οὓς
1622 1128 1784 1177 κινῶν
1820 1126 1846 1178 6
1905 1121 2170 1193 δεσπότης

530 1207 762 1289 φοϐερὸς
812 1211 879 1279 ἦν
918 1210 1131 1286 δπηπερ
1187 1210 1465 1281 ἐπισταίη,
1515 1211 1604 1266 καὶ
1642 1210 1853 1285 μᾶλλον
1885 1218 2000 1274 τοῖς
2031 1210 2175 1267 δυτι-

528 1306 666 1361 κοῖς.
702 1303 779 1374 [Ρ.
812 1303 937 1372 210]
970 1302 1101 1370 Παρ’
1160 1301 1221 1368 ἣν
1283 1299 1454 1353 αἰτίαν
1499 1301 1587 1354 καὶ
1637 1302 1702 1354 τὰ
1757 1307 1856 1369 τῆς
1899 1301 2169 1366 ἀνατολῆς

530 1387 865 1460 ἐξησθένουν,
898 1393 1004 1441 τῶν
1057 1389 1277 1461 Περσῶν
1328 1386 1760 1463 ἐπιθαρῥοῦντων
1810 1388 1901 1443 καῗ
1950 1384 2173 1443 εἶ’σϐαλ·

530 1477 737 1534 λὸντων
794 1483 914 1541 ταῖς
970 1476 1181 1552 χώραις
1238 1478 1383 1550 παρᾶ
1442 1483 1613 1532 πᾶσαν
1674 1482 1771 1532 τοῦ
1827 1476 2172 1540 κωλύσοντος

534 1566 790 1642 ἐρημίαν.
844 1568 1003 1630 Ὃθεν
1060 1565 1149 1620 καὶ
1210 1562 1524 1639 Μαίανδρος
1586 1567 1680 1638 μὶν
1741 1567 2012 1638 ἐξῳκεῖτο,
2073 1567 2173 1621 οὐκ

536 1652 742 1732 ἀνδρῶν
803 1655 966 1728 μόνον
1023 1658 1130 1708 τῶν
1188 1653 1240 1708 ἐν
1303 1652 1584 1715 πλείσταις
1640 1663 1698 1708 τε
1751 1654 1839 1709 καὶ
1900 1654 2174 1730 μεγίσταις

535 1745 771 1820 χώραις,
828 1741 973 1798 ἀλλᾶ
1000 1742 1089 1796 καὶ
1146 1742 1325 1797 αὐτων
1386 1747 1668 1817 μοναχῶν.
1721 1742 1903 1813 ἈΛλη
1936 1745 2036 1819 γὰρ
2070 1746 2173 1799 Πα-

537 1832 785 1900 λαιστίνη
815 1833 843 1886 6
886 1835 1071 1906 χῶρος
1122 1832 1150 1885 6
1199 1831 1321 1901 περῖ
1369 1830 1678 1905 Μαίανδρον
1709 1831 1798 1899 ἦν,
1850 1831 1909 1885 οὐ
1971 1833 2170 1907 βοσκη-

538 1921 720 1995 μάτων
778 1919 867 1975 καὶ
930 1919 1092 1993 μόνον
1149 1918 1372 1990 αὐξῆσαι
1431 1918 1624 1993 ἀγὲλας
1653 1919 1743 1973 καὶ
1774 1920 2028 1991 ποίμνια,
2061 1918 2174 1975 οὐδ’

531 2008 741 2083 ἀνδρῶν
792 2010 959 2081 φορὰν
1012 2006 1246 2082 ἐνεγκεῖν
1297 2007 1520 2082 ἀγαθὸς,
1577 2005 1723 2061 ἀλλὰ
1776 2008 1864 2061 καὶ
1920 2013 2174 2082 μοναχῶν

534 2096 975 2172 οὐρανοπολιτῶν
1036 2096 1282 2172 ἒπιγείων
1344 2099 1601 2159 συστῆσαι
1632 2094 1883 2166 πληθύας
1935 2094 2174 2171 ἄριστος,

531 2186 678 2256 παρὰ
704 2190 961 2240 τοσοῦτον
1014 2185 1097 2239 ἐπ’
1143 2182 1339 2248 ἄλλοις
1390 2184 1457 2237 τὰ
1508 2188 1749 2258 πρωτεῖα
1807 2185 1984 2259 φέρων
2042 2186 2179 2259 πρὸς

533 2273 902 2343 Παλαιστίνην
952 2274 1077 2349 παρ’
1129 2272 1253 2327 ὅσον
1304 2273 1382 2326 svi
1430 2272 1516 2326 καὶ
1558 2272 1791 2345 μεγίστῳ
1820 2275 2040 2343 ἡττᾶτο,
2097 2278 2176 2344 τῷ

533 2364 629 2425 τὰς
707 2357 986 2435 διατριϐὰς
1062 2360 1232 2415 ἐκεῖσε
1300 2358 1541 2435 γενέσθαι
1596 2359 1693 2414 τοῦ
1751 2360 1885 2431 ἐμοῦ
1942 2365 2178 2433 Χριστοῦ

537 2452 627 2506 καὶ
687 2455 864 2508 Θεοῦ.
927 2449 1028 2505 Καὶ
1088 2448 1231 2504 οὕτω
1288 2449 1385 2522 μὲν
1441 2451 1559 2502 κατ’
1617 2446 1805 2523 ὀλίγον
1866 2446 2176 2521 Μαίανδρος

538 2541 852 2616 ἠρημοῦτο,
910 2536 1325 2615 εἶσχωρούντων
1396 2535 1661 2612 ἐνδοτέρω
1715 2541 1823 2591 τῶν
1876 2535 2046 2591 ἐκεῖσε
2093 2535 2182 2591 διὰ

520 2734 601 2814 ὀι
633 2760 755 2813 arte
785 2757 1074 2826 praestans
1106 2751 1317 2807 bellica
1346 2766 1414 2806 ex
1442 2748 1841 2815 Halizonihus,
1875 2765 2022 2819 quos
2066 2749 2183 2804 Me-

541 2846 857 2914 sothinitas
889 2842 1127 2913 vulgare
1156 2840 1315 2895 dicat
1346 2838 1586 2894 idioma.
1634 2843 1811 2893 Erant
1859 2840 1997 2893 item
2046 2837 2183 2892 hinc

541 2935 780 3007 quidem
807 2932 1077 2995 Thraces,
1111 2929 1243 2984 inde
1273 2933 1465 2983 autem
1498 2926 1774 2999 Phryges,
1807 2926 1968 2980 illinc
2001 2925 2182 2980 Mace-

540 3025 743 3087 dones,
775 3019 995 3075 isthinc
1024 3016 1433 3089 Mysi,aliunde
1462 3016 1652 3082 Cares,
1684 3018 1741 3069 et
1768 3015 1825 3067 hi
1858 3012 2176 3068 numerosi.

539 3112 686 3166 Tum
715 3109 812 3181 qui
843 3125 911 3164 ex
958 3107 1277 3177 Magedone
1320 3108 1612 3159 venerant.
1665 3102 1851 3172 Super
1896 3100 1991 3156 his
2035 3101 2169 3172 Scy-

540 3199 715 3254 thica
739 3196 918 3267 cupias
948 3201 1005 3249 et
1034 3197 1242 3248 exterae
1272 3189 1506 3259 Italicae,
1528 3189 1911 3262 plurimasque
1941 3190 2087 3258 aliis,
2111 3207 2179 3244 ex

546 3287 763 3359 quibus
795 3282 1076 3338 membris
1106 3294 1448 3344 unum,vere
1477 3277 2177 3347 dicam,valentissimum

545 3381 605 3431 et
625 3370 1019 3429 ineluctabilis
1046 3368 1316 3440 potentias
1346 3366 1708 3421 coalescebat
1738 3381 1977 3435 corpus;
2010 3366 2180 3435 cujus

549 3463 715 3535 quasi
748 3461 983 3517 animus
1012 3458 1273 3528 despota,
1304 3456 1443 3509 dum
1498 3453 1644 3508 illud
1698 3459 1885 3509 movet
1929 3459 1984 3509 et
2033 3469 2179 3525 quo-

549 3565 780 3620 cunque
845 3547 1202 3610 circumfert,
1257 3542 1537 3597 terribilis
1595 3542 1807 3611 ubique
1863 3543 2180 3613 apparebat

548 3637 865 3711 praesertim
898 3636 957 3690 in
1004 3633 1272 3689 Occiduis
1314 3631 1621 3696 tractibus,
1670 3631 1770 3685 ubi
1820 3631 2178 3700 frequentius

550 3726 871 3793 militabat;
906 3739 1032 3795 quis
1064 3737 1242 3777 causa
1274 3720 1383 3775 fuit
1411 3737 1515 3775 cur
1543 3719 1713 3775 limes
1744 3718 2051 3774 Orientalis
2081 3719 2176 3773 de-

546 3811 1090 3871 bilitaretur.Persis
1104 3810 1277 3865 absen
1289 3809 1582 3880 tiapraasid
1595 3810 1777 3862 iorum
1795 3809 1922 3877 ejus
1936 3806 2176 3861 vexandi

543 3904 816 3959 fiduciam
831 3896 1674 3965 sumentibus,incursantibus
1690 3894 2174 3950 aclatrociniova-

542 3995 838 4049 stantibus
870 3992 1117 4047 miseras
1145 3987 1274 4042 illas
1304 3985 1756 4057 regiones,nullo
1789 3984 1958 4054 plane
1990 3984 2176 4053 prohi-

542 4081 734 4136 bente.
773 4081 967 4149 itaque
997 4077 1287 4133 Maeander
1315 4076 1580 4143 domo,ut
1611 4072 1694 4125 sic
1726 4072 1937 4137 dicam,
1973 4073 2176 4127 cedere

544 4173 779 4224 coactus
812 4168 981 4237 plane
1012 4164 1310 4218 desolatus
1341 4167 1450 4231 est,
1483 4178 1597 4215 non
1631 4160 1762 4215 aliis
1794 4160 1983 4215 solum
2015 4161 2172 4215 inco-

541 4256 618 4311 lis
647 4255 1031 4326 plurimarum
1064 4250 1296 4305 illarum
1329 4248 1945 4318 amplissimarumque
1987 4248 2171 4318 regio-

543 4360 706 4409 num,
749 4342 848 4396 sed
900 4341 1045 4410 ipsis
1088 4338 1264 4392 etiam
1322 4336 1459 4389 inde
1513 4334 1727 4405 passim
1782 4335 2174 4405 migrantibus

539 4429 866 4495 monachis,
889 4428 1003 4482 alia
1032 4424 1318 4497 siquidem
1353 4422 1653 4478 Palaestina
1681 4427 1834 4477 terra
1859 4424 1956 4477 illa
1991 4424 2171 4477 unde-

539 4534 772 4590 cunque
829 4515 1103 4573 Meandro
1161 4513 1319 4567 amni
1378 4516 1656 4584 praetenta
1705 4510 1884 4565 videri
1939 4527 2005 4565 ac
2055 4511 2169 4566 dici

540 4586 749 4680 potuit,
783 4606 997 4676 quippe
1030 4619 1141 4657 non
1176 4604 1363 4656 solum
1396 4601 1527 4655 laeta
1559 4600 1790 4672 pascuis
1823 4604 1880 4654 et
1926 4615 2166 4671 gregum
2205 4586 2247 4648 Ι)

540 4700 1057 4764 armentorumque
1102 4691 1296 4762 opima
1326 4689 1572 4760 genitrix
1602 4688 1907 4760 altrixque,
1932 4704 2042 4743 non
2076 4705 2170 4743 so-

536 4784 660 4839 lum
706 4781 1009 4836 hominum
1059 4795 1293 4851 quoque
1341 4778 1658 4833 multorum
1703 4784 1760 4834 et
1802 4779 2168 4852 egregiorum

539 4873 720 4936 ferax,
762 4871 859 4924 sed
915 4873 1187 4938 prazterea
1235 4868 1379 4921 3M
1440 4867 1875 4937 monachorum,
1926 4866 2035 4921 hoc
2083 4871 2172 4920 est

542 4960 668 5015 cmli
690 4959 905 5014 civium
931 4956 989 5010 in
1013 4956 1185 5010 torris
1215 4955 1735 5026 peregrinantium,
1767 4956 2085 5010 condendis
2114 4962 2168 5009 et

540 5063 823 5103 concursu
853 5043 1297 5098 lectissimorum
1319 5052 1715 5112 conventuquc
1736 5043 2169 5113 frcquentandis

539 5136 845 5207 aptissima
875 5132 1140 5200 coloniis,
1172 5136 1334 5185 tanto
1365 5132 1420 5184 in
1456 5130 1677 5185 caeteris
1716 5131 2022 5185 Palaestina
2070 5151 2168 5186 su-

538 5223 752 5296 perior,
803 5224 1020 5292 quanto
1070 5220 1125 5273 in
1156 5235 1267 5273 uno
1295 5220 1699 5289 ei,eodemque
1733 5219 2009 5288 maximo,
2044 5222 2168 5276 sine

537 5309 926 5368 controversia
954 5308 1129 5374 cedit,
1164 5306 1317 5378 quod
1353 5306 1470 5360 hch
1502 5306 1777 5360 nimirum
1811 5307 1920 5362 vita
1947 5313 2002 5361 et
2031 5325 2166 5363 con-

536 5398 865 5454 versatione
921 5394 1147 5450 Domini
1207 5393 1318 5449 mei
1367 5398 1425 5447 et
1469 5394 1563 5449 Dei
1622 5393 1829 5449 Christi
1890 5397 2169 5453 honorata

540 5504 653 5560 prae
686 5485 913 5540 cunctis
946 5485 1139 5538 fuerit.
1175 5482 1369 5537 Talem
1404 5483 1474 5536 ob
1507 5499 1744 5537 causam
1777 5487 2080 5551 Menander,
2109 5490 2169 5540 ut

539 5573 964 5644 dixi,paulatim
1002 5574 1265 5626 desertus
1296 5578 1352 5625 et
1380 5571 1438 5624 in
1476 5573 1846 5626 solitudine-:1
1901 5574 2168 5629 redactus

541 5668 645 5733 est,
674 5663 1075 5718 recedentibus
1104 5662 1163 5716 in
1192 5661 1465 5717 interiore
1495 5662 1595 5733 qui
1624 5663 1789 5734 prius
1830 5663 1949 5718 illic
1996 5664 2159 5719 habi-

2278 598 2670 673 Νεοκάστρων,
2727 596 2942 657 Ἄϐαλά
2990 622 3048 656 τε
3104 601 3193 656 καὶ
3251 601 3540 674 Καΰστρου
3600 605 3776 673 χῶραι
3826 604 3897 655 καὶ

2278 684 2539 761 Μαγεδὼν
2571 689 2656 742 καὶ
2691 692 2725 759 ἢ
2778 690 3105 765 περίπυστος
3138 691 3311 763 Καρία
3366 695 3521 743 πᾶσα
3545 693 3665 750 τοῖς
3708 687 3904 763 ἐχθροῖς

2277 777 2667 850 κατετρέχοντο
2703 797 2715 812 ·
2791 779 2900 833 Ἐῶ
2965 777 3145 849 λέγειν
3222 782 3494 852 Τραχεῖαν
3578 776 3671 829 καὶ
3731 776 3904 830 Στάδια

2280 862 2581 933 Στρόϐιλόν
2639 885 2696 919 τε
2751 866 2841 919 καὶ
2896 867 2960 920 τὰ
3019 866 3300 937 ἀντιπέραν
3357 862 3581 931 Ῥόδου,
3619 861 3803 938 ἂχθὶς
3832 865 3904 918 καὶ

2278 952 2467 1022 πρώην
2532 952 2634 1006 ὑπὸ
2689 953 2992 1025 Ῥωμαίους
3038 952 3299 1007 τελοῦντα
3354 952 3580 1027 ἐχθρῶν
3644 952 3694 1005 ἐν
3752 951 3905 1024 ὀλίγῳ

2280 1034 2462 1113 χρόνῳ
2490 1037 2732 1112 ἐγένοντο
2764 1041 3097 1114 ὁρμητήρια.
3157 1041 3234 1095 Τὰ
3290 1039 3346 1095 δὲ
3402 1040 3552 1115 πρὸς
3601 1040 3793 1112 θατέρᾳ
3828 1041 3904 1093 θα·

2280 1125 2451 1199 Αάσσῃ
2494 1126 2657 1203 φῦλα,
2706 1125 2797 1181 ’ίνα
2856 1129 2931 1199 μή
2990 1130 3056 1181 τὰ
3112 1127 3247 1200 μέσα
3305 1126 3476 1202 λέγω,
3511 1125 3615 1180 ὅσα
3641 1146 3699 1179 τε
3728 1126 3778 1179 ἐν
3807 1129 3907 1181 Μα-

2280 1211 2601 1287 ρυανδηνοῖς
2657 1235 2715 1269 τε
2768 1216 2857 1268 καὶ
2909 1216 3147 1272 Μόσυσιν
3190 1216 3281 1269 καὶ
3310 1213 3410 1269 ὅσα
3440 1213 3496 1267 ἐν
3526 1219 3648 1274 τοῖς
3703 1213 3907 1286 μεγαθύ-

2282 1323 2404 1373 μοις
2462 1303 2696 1364 Ἐνετοῖς
2746 1298 2874 1357 ὄντα
2927 1307 2995 1377 τῇ
3053 1303 3335 1375 Ῥωμαίων
3382 1304 3694 1372 ὑπήκουον,
3728 1300 3812 1354 σὺν
3843 1304 3909 1362 οἷς

2277 1388 2366 1443 καὶ
2424 1383 2500 1444 ἔτι
2556 1390 2623 1445 τὰ
2677 1388 2827 1445 ἔνδον
2882 1390 3049 1466 μέχρι
3110 1389 3457 1466 Σαγγάρεως,
3524 1389 3616 1443 ἐπὶ
3669 1392 3903 1443 τοσοῦτον

2279 1478 2542 1553 ἠφάνιστο
2574 1476 2712 1533 ὥστε
2756 1479 2847 1533 καὶ
2879 1477 3273 1554 Μαρυανδηνοῦ
3312 1481 3676 1552 θρηνητῆρος
3703 1476 3903 1550 χρῄζειν

2279 1566 2441 1636 ἀξίως
2487 1567 2637 1622 τάκεῖ
2687 1569 3075 1642 θρηνήσοντος.
3126 1572 3245 1622 Τῶν
3277 1566 3377 1642 γὰρ
3410 1563 3730 1638 δυνάμεων,
3784 1564 3908 1619 πολ-

2281 1654 2393 1710 λῶν
2450 1677 2508 1710 τε
2563 1664 2653 1711 καί
2710 1659 3029 1729 θαυμαστῶν
3092 1657 3289 1724 οὐσῶν,
3339 1650 3902 1731 συγκατατριϐομὲνων

2278 1747 2395 1805 τοῖς
2447 1741 2686 1806 δυτικοῖς
2740 1746 2828 1799 καὶ
2888 1746 3005 1799 κατ’
3061 1745 3242 1820 ὀλίγον
3304 1742 3758 1816 δαπανωμένων,
3808 1747 3908 1802 τοῖς

2280 1834 2397 1887 κατ’
2450 1833 2721 1903 ἀνατολὴν
2779 1833 3036 1896 τοσοῦτος
3094 1836 3120 1889 6
3178 1831 3428 1895 κίνδυνος
3482 1832 3904 1909 περιέστη,ὥστε

2286 1919 2415 1992 μηδ’
2460 1921 2535 1983 εἰς
2593 1923 2758 1991 αὐτὴν
2815 1923 3137 1997 Ἡράκλειαν
3167 1924 3267 1991 τὴν
3298 1926 3398 1976 τοῦ
3435 1922 3654 1976 Πόντου
3705 1917 3908 1995 βαδίζειν

2284 2010 2417 2064 εἶναι
2473 2014 2609 2083 πεζῇ
2661 2010 2787 2073 τοὺς
2823 2011 3184 2087 ὁρμωμένους
3238 2009 3297 2065 ἐκ
3332 2009 3581 2077 πόλεως,
3632 2012 3738 2062 τῶν
3767 2007 3910 2061 ἐκεῖσε

2286 2098 2450 2168 ὁρίων
2504 2104 2582 2169 τῷ
2640 2102 2903 2174 Σαγγάρει
2958 2097 3474 2174 περικλεισθέντων,
3537 2097 3632 2151 καὶ
3682 2100 3785 2150 τῶν
3832 2094 3911 2147 πὲ-

2287 2206 2380 2261 ραν
2437 2187 2653 2240 πάντων
2712 2186 2859 2242 λείαν
2915 2187 3214 2262 γεγονότων
3274 2186 3336 2240 οὐ
3387 2189 3626 2254 Μυσῶν,
3686 2181 3820 2239 ἀλλά
3861 2201 3908 2255 γε

2288 2278 2506 2346 Περσῶν
2591 2275 2744 2331 Μόνα
2801 2273 2858 2329 δὲ
2907 2277 2973 2329 τὰ
3023 2276 3160 2351 πρὸς
3210 2273 3491 2330 θάλασσαν
3524 2273 3763 2351 φρούρια
3803 2290 3911 2325 κατ-

2287 2360 2628 2438 ελείφθησαν,
2703 2362 2768 2417 τὰ
2840 2363 2964 2435 περί
3035 2384 3093 2418 τε
3150 2367 3418 2437 Κρῶμναν
3486 2363 3579 2417 καὶ
3639 2363 3909 2432 Ἄμαστριν

2285 2449 2375 2503 καὶ
2419 2453 2553 2506 Τῖον
2610 2451 2701 2505 καὶ
2754 2450 3097 2525 Ἡράκλειαν,
3127 2450 3310 2505 τόπων
3354 2450 3607 2522 ὀνόματα
3643 2447 3776 2521 μόνα
3824 2445 3908 2499 σώ-

2290 2542 2466 2606 ζοντα·
2516 2537 2549 2593 ἂ
2604 2537 2670 2609 δὴ
2729 2539 2775 2594 εἷ
2837 2542 2912 2613 μή
2972 2544 3039 2613 τῇ
3071 2538 3316 2613 θαλάσσῃ
3375 2542 3798 2615 προσεχρῶντο,
3835 2531 3907 2588 καὶ

2296 2753 2556 2806 taverant
2577 2755 2811 2824 propter
2830 2751 3199 2807 incursiones
3223 2751 3620 2806 barbararum
3658 2747 3906 2819 gentium.

2292 2836 2635 2895 Universum
2665 2844 2859 2894 autem
2883 2840 3097 2911 jugum
3127 2839 3271 2894 illud
3305 2839 3549 2895 arcibus
3583 2853 3768 2909 nuper
3802 2850 3907 2889 con-

2291 2929 2431 2983 ditis
2461 2934 2631 2984 antea
2660 2929 3173 2985 insessum.Abuta
3201 2946 3434 3002 quoque
3467 2934 3529 2985 et
3556 2929 3780 2984 assiste
3799 2926 3907 2995 Cay-

2291 3020 2412 3071 stro
2442 3019 2708 3088 regiones
2738 3023 2794 3072 et
2821 3018 3102 3088 Magedon
3134 3025 3190 3073 et
3216 3018 3433 3090 inclyta
3466 3018 3661 3083 Caria,
3694 3015 3904 3085 impune

2285 3102 2544 3159 hostium
2579 3106 3046 3177 grassationibus
3074 3105 3595 3161 conculcabantur.
3631 3105 3791 3161 Mitto
3832 3098 3906 3153 di-

2290 3207 2418 3247 cere
2448 3194 2769 3249 Tracheam
2802 3200 2859 3249 et
2886 3195 3101 3259 Stadia,
3133 3194 3456 3250 Strobitum
3490 3205 3549 3250 et
3575 3194 3723 3249 sitas
3765 3206 3794 3245 e
3831 3201 3902 3241 re-

2289 3278 2456 3349 gione
2488 3280 2673 3336 Rhodi
2701 3286 2907 3345 terras,
2928 3298 3055 3346 qua:
3087 3281 3212 3336 loca
3239 3280 3409 3352 paulo
3431 3286 3613 3337 antea
3642 3283 3902 3334 Romano-

2289 3384 2418 3421 rum
2466 3369 2730 3438 subjeeta
2782 3369 2988 3424 ditioni
3044 3369 3254 3441 exiguo
3310 3374 3579 3440 tempore
3637 3367 3898 3422 latronum

2288 3456 2654 3525 receptacula
2684 3458 3183 3528 barbarorumque
3213 3457 3425 3513 stativa
3456 3458 3617 3512 facta
3640 3457 3788 3510 sunt.
3809 3448 3902 3503 Ob-

2286 3557 2464 3597 verse
2498 3547 2693 3598 autem
2718 3559 2786 3597 ex
2808 3547 2970 3614 parte
2991 3543 3173 3598 altera
3196 3543 3345 3597 mari
3367 3542 3665 3607 nationes,
3685 3543 3748 3594 ut
3776 3530 3897 3590 nihil

2287 3632 2358 3685 de
2390 3631 2599 3687 mediis
2628 3632 2841 3698 dicam,
2873 3648 2939 3687 ac
2970 3636 3252 3703 quantum
3285 3632 3341 3685 in
3377 3626 3805 3704 Maryandenis,
3847 3621 3897 3675 in

2284 3721 2675 3792 Mossynibus,
2703 3721 2761 3775 in
2796 3722 3185 3792 magnanimis
3215 3720 3411 3775 Enetis
3457 3720 3723 3792 gentium
3770 3713 3898 3767 loco-

2285 3826 2532 3880 rumque
2556 3809 2922 3876 censebatur,
2955 3814 3164 3864 cuncta
3196 3809 3457 3864 Romano
3493 3807 3756 3877 subjecta
3798 3800 3890 3854 im-

2285 3896 2465 3968 perio,
2507 3897 2803 3969 simulque
2850 3897 2941 3952 his
2990 3898 3268 3952 interiora
3318 3912 3506 3967 usque
3562 3895 3634 3951 ad
3685 3899 3889 3947 amnem

2283 3985 2608 4057 Sangarim,
2642 3985 2725 4040 ita
2756 3987 3023 4042 universa
3051 3985 3716 4055 vastatadestructaque
3755 3976 3889 4036 sunt,

2286 4080 2349 4128 ut
2371 4060 2824 4145 Marya'ndenum
2841 4074 3109 4145 lugubris
3123 4078 3327 4129 cantus
3341 4072 3625 4128 artiﬁcem
3650 4064 3893 4125 adhibere

2284 4163 2489 4218 debeat
2519 4165 2615 4232 qui
2651 4164 2767 4217 haec
2795 4162 2948 4217 volet
2980 4179 3080 4232 pro
3113 4163 3392 4232 dignitate
3421 4161 3739 4232 deplorare.
3763 4151 3885 4207 Nam

2283 4251 2467 4321 copiis
2527 4251 2828 4315 Romanis,
2879 4267 3006 4321 quae
3056 4252 3252 4305 multae
3302 4249 3680 4320 mirificzeque
3722 4240 3884 4299 erant,

2283 4340 2655 4395 morantibus
2688 4339 2743 4393 in
2776 4339 3028 4395 Occiduo
3061 4344 3275 4408 tractu,
3318 4346 3371 4393 et
3417 4337 3491 4392 iis
3537 4332 3734 4409 paucis
3778 4337 3883 4397 qua?

2281 4429 2496 4483 relictae
2550 4428 2936 4483 Orientalium
2994 4427 3259 4499 praesidio
3309 4428 3539 4481 fuerant
3568 4420 3778 4481 sensim
3805 4412 3885 4499 ab:

2280 4517 2557 4587 sumptis,
2607 4515 2666 4570 in
2714 4521 2946 4571 tantum
2991 4497 3327 4571 infestantis
3370 4515 3580 4570 itinera
3623 4497 3880 4566 latrocinii

2279 4604 2599 4676 periculum
2626 4603 2886 4673 increvit,
2919 4610 3074 4659 utne
3098 4603 3429 4660 Heracleam
3456 4603 3690 4675 quidem
3720 4602 3882 4676 usque

2278 4694 2575 4748 Ponticam
2609 4691 2699 4748 via
2741 4693 2997 4747 terrestri
3046 4692 3243 4747 liceret
3290 4708 3355 4746 ex
3406 4692 3548 4746 urbe
3595 4673 3877 4761 proﬁcisci,

2277 4781 2494 4836 finibus
2518 4781 2677 4835 illinc
2710 4780 2937 4852 imperii
2967 4780 3208 4851 Sangari
3240 4781 3392 4835 312
3424 4764 3877 4839 circumscriptis:

2278 4869 2767 4940 ulterioribusque
2794 4869 2965 4941 plane
2996 4868 3218 4923 cunctis
3250 4869 3309 4923 in
3342 4868 3594 4939 praedam
3625 4875 3734 4916 non
3774 4853 3876 4921 M3“

2277 4958 2604 5024 surum,sed
2632 4957 2933 5013 Persarum
2957 4957 3321 5012 eondonatis.
3345 4954 3643 5009 Maritimus
3673 4946 3873 5024 tantum

2275 5062 2437 5100 arces
2483 5050 2714 5100 retentae
2760 5052 3056 5115 utcunque
3103 5049 3241 5098 sunt
3286 5044 3438 5098 circa
3487 5042 3783 5096 Cromnam
3831 5022 3878 5075 εί

2276 5132 2571 5187 Amastrin
2605 5138 2662 5186 et
2689 5132 2859 5185 Tium
2887 5138 2943 5186 et
2970 5132 3321 5194 Heracleam,
3350 5128 3473 5185 sola
3504 5129 3752 5181 locorum
3790 5124 3878 5210 tl?-

2276 5221 2434 5277 mina
2456 5225 2786 5287 servantes;
2820 5236 2944 5290 quae
2967 5219 3079 5272 nisi
3104 5223 3372 5289 prompto
3396 5216 3570 5271 maris
3591 5210 3660 5267 ad
3682 5203 3871 5290 auxitiﬂ

2275 5315 2599 5382 opportune
2646 5308 2983 5379 accipienda
3030 5308 3377 5362 commercio
3424 5304 3733 5360 uterentur,
3778 5287 3872 5340 du“

2275 5402 2414 5456 dum
2450 5401 2650 5471 utique
2682 5398 2972 5453 fortunam
3004 5398 3268 5452 eamdem
3304 5396 3533 5451 urbium
3558 5405 3621 5446 ac
3640 5385 3871 5478 locutu":

2277 5490 2493 5562 quibus
2516 5470 2781 5559 adjacent
2820 5487 3235 5558 experirentur,
3269 5502 3517 5556 cumque
3547 5478 3667 5536 istis
3693 5470 3873 5562 (lii-i011]l

2277 5579 2515 5634 Persica:
2548 5578 2789 5647 adjectis
2824 5576 3082 5629 Romano
3116 5575 3358 5646 imperio
3392 5566 3710 5644 periis-seut.
3733 5543 3869 5647 090‘!

2277 5671 2471 5723 autem
2503 5667 2560 5720 in
2594 5645 2809 5721 exitum
2837 5663 3045 5720 harum
3078 5663 3506 5735 provinciarum
3531 5645 3866 5724 cooperaium
