4162 6292
353 396 466 450 ’761

1419 402 1512 455 DE
1549 399 1920 466 MICHAELE
1960 395 2402 450 PALBOLOGO
2437 397 2569 449 LIB.
2609 396 2702 449 IV.

3647 397 3754 452 762

353 523 548 586 ταῦτα,
577 524 683 574 τῶν
721 525 918 594 χωρῶν
951 522 1327 596 κατεχομένων
1381 528 1500 584 τοῖς
1553 523 1796 595 Πέρσαις,
1830 519 1999 574 πάλαι
2031 524 2079 588 Α
2110 517 2209 590 γὰρ
2265 517 2331 585 ἦν
2393 517 2687 592 ἡσυχάζειν
2747 517 2944 578 αὐτοὺς
2979 561 2992 585 ,
3053 516 3180 572 ἀλλ’
3246 515 3608 591 ε’ἶσδυομένοις
3656 542 3752 584 τας

355 607 418 661 ἂν
473 613 594 667 ταῖς
651 609 863 681 χώραις
923 611 1010 662 καὶ
1071 611 1202 664 αὐτά
1259 610 1665 666 συναπώλοντο.
1722 612 1812 664 Ἓν
1857 606 1913 662 δὲ
1937 608 1996 660 τὸ

361 696 681 751 συντελέσω
711 699 779 768 τῇ
839 696 1042 750 τούτων
1103 698 1347 769 ἀπωλείᾳ
1396 700 1484 752 καὶ
1539 703 1646 752 τῶν
1687 696 1870 751 ἄλλων
1907 696 1998 766 μὲ-

1913 783 2000 836 ὅτε

359 871 554 945 μικρὸν
588 873 691 944 πρὸ
743 871 969 925 θανάτου
1009 878 1189 926 πατῶν
1247 875 1336 926 τὸν
1362 874 1528 927 τόπον
1585 872 1726 946 ἐώρα
1779 870 1868 924 σὺν
1903 870 2000 923 οὐκ

355 805 562 857 γιστον,
614 785 688 846 ὡς
747 783 904 844 αὐτὸς
965 786 991 837 ὁ
1055 786 1306 859 βασιλεὺς
1358 787 1573 859 ὕστερον
1632 783 1832 858 ἔλεγεν,

355 957 532 1029 ὀλίγῳ
564 959 652 1011 καὶ
684 963 848 1012 ταῦτα
906 965 1134 1033 στρατῷ,
1193 961 1282 1013 καὶ
1338 962 1404 1014 τὰ
1461 960 1686 1014 πλεῖστα
1740 959 1998 1029 κατῳκτί-

356 1051 500 1114 ζετο,
599 1051 709 1100 τῶν
750 1047 1116 1118 πεμπομένων
1169 1047 1337 1101 ἐκεῖσε
1393 1053 1696 1122 ταξιαρχῶν
1730 1046 1996 1120 γλισχρὸο

354 1155 460 1202 της
491 1155 548 1187 τε
577 1134 665 1187 καὶ
728 1132 993 1210 φειδωλία
1049 1138 1131 1210 [Ρ.
1171 1138 1297 1208 2H]
1330 1136 1418 1190 καὶ
1517 1135 1604 1190 ἐπὶ
1657 1141 1734 1206 τῷ
1781 1130 1994 1206 λαμϐα-

350 1242 463 1274 νειν
495 1219 704 1290 σπουδῆ
736 1223 806 1275 πύ
839 1225 1262 1297 περιοριζομένη
1329 1225 1508 1298 μέτρῳ
1570 1225 1655 1278 καὶ
1705 1223 1872 1297 κόρῳ,
1905 1223 1993 1276 καὶ

356 1311 392 1378 ἠ
453 1311 652 1364 ἐκεῖθεν
709 1312 844 1384 πρὸς
900 1313 990 1364 τὸν
1059 1316 1360 1383 κρατοῦντα
1435 1310 1765 1386 ψευδολογία
1823 1308 1990 1381 μηδὲν

344 1396 794 1470 ἐκπρατεῦοντα,
854 1399 924 1460 ὡς
986 1399 1264 1473 ὀλίγιστόν
1321 1421 1372 1454 τι
1427 1398 1700 1467 ἀπώλετο,
1773 1398 1846 1458 ὡς
1905 1396 1988 1451 ἐπὶ

350 1492 568 1559 μικροῖς
601 1490 634 1555 ἡ
671 1488 863 1558 ζημία,
913 1487 985 1541 ὡς
1011 1488 1072 1540 τὸ
1105 1494 1204 1540 πᾶν
1265 1488 1351 1542 ἐπὶ
1407 1487 1721 1561 κεφαλαίοις
1777 1490 1990 1540 ἳσταται

352 1573 444 1627 καί
493 1576 556 1628 τὸ
587 1575 868 1648 ἀφαιρεθὶν
925 1573 1167 1644 σπουδῆς
1225 1575 1424 1649 ὀλίγης
1473 1573 1871 1643 ἀνακαλεῖσθαι,
1904 1573 1992 1628 καὶ

348 1660 528 1716 τᾶλλα
559 1664 639 1724 οἷς
672 1664 917 1737 συνεχέσι
974 1664 1211 1735 ποτίμος
1271 1665 1366 1735 μὲν
1420 1669 1497 1734 τῷ
1527 1662 1857 1740 φαινομένῳ,
1892 1661 1992 1716 ἀλ-

349 1755 542 1823 μυροῖς
575 1749 632 1804 δὲ.
674 1755 740 1823 τῇ
775 1750 1003 1820 ἀληθεία
1052 1753 1145 1812 τὰς
1209 1751 1489 1826 βασιλικὰς
1551 1753 1712 1812 ἀκοὰς
1769 1755 1986 1824 περιην-

347 1837 515 1891 τλουν
575 1838 661 1892 κτὶ
721 1840 1016 1912 γράφοντες
1073 1861 1135 1894 το
1191 1840 1279 1893 καὶ
1339 1839 1784 1910 διαμηνυόμενοι.
1827 1840 1901 1894 Τὸ
1934 1836 1989 1892 δὲ

339 1933 441 1994 τῆς
469 1926 746 2001 στρατείας
788 1925 976 1996 α’ίτιον,
1010 1929 1082 1989 ὡς
1139 1928 1225 1981 ταὶ
1290 1933 1449 1981 τοῦτο
1480 1929 1640 1987 αὐτὸς
1673 1929 1700 1982 ὁ
1738 1925 1987 2001 βασιλεὺς

343 2013 644 2088 ὡμολόγει,
676 2015 739 2068 τὸ
798 2017 1056 2090 συρραγὲν
1121 2016 1332 2090 σχίσμα
1388 2024 1486 2084 τῆς
1538 2015 1868 2084 Ἑκκλησίας
1897 2019 1982 2069 καὶ

340 2101 403 2154 τὸ
453 2101 596 2155 πολὺ
646 2107 752 2156 τῶν
785 2103 1166 2157 ἀνυποτάκτων
1227 2100 1560 2176 ῥακενδυτῶν
1608 2123 1665 2156 τε
1719 2101 1807 2156 καί
1859 2123 1988 2156 σακ-

339 2186 590 2266 κοφόρων
651 2190 887 2258 πλῆθος,
947 2191 1036 2245 καὶ
1069 2192 1095 2245 ὁ
1127 2191 1299 2253 πολὺς
1350 2191 1565 2245 ἐκείνων
1597 2192 1826 2265 φορυτὸς
1879 2195 1983 2244 τῶν

342 2277 418 2339 εἷς
478 2278 634 2332 αὐτὸν
696 2279 1191 2352 κατηγορημάτων,
1249 2279 1338 2334 καὶ
1393 2283 1428 2348 ἡ
1489 2281 1623 2354 πρὸς
1675 2285 1840 2334 ταῦτα
1888 2285 1984 2334 τοῦ

348 2363 618 2440 βασιλέως
667 2364 842 2420 δειλία
895 2369 994 2436 τήν
1051 2367 1376 2422 ἀποστασίαν
1440 2367 1854 2429 ὑποπτεύοντος.
1903 2369 1982 2424 Οὐ

338 2493 428 2547 vel
454 2493 705 2549 maxime
735 2499 843 2564 est,
873 2495 980 2549 hoc
1017 2494 1326 2564 tuit,prout
1355 2498 1479 2564 ipse
1510 2511 1638 2550 sero
1662 2510 1982 2565 agnoscens

340 2583 648 2637 confessus
696 2582 1016 2653 imperator
1047 2589 1155 2648 est,
1203 2583 1434 2653 quando
1466 2581 1638 2654 paulo
1669 2588 1801 2637 ante
1833 2599 1979 2636 mor-

339 2674 459 2726 tem
492 2687 559 2726 ea
587 2669 714 2726 loca
757 2687 889 2726 cum
931 2671 1187 2726 exercitu
1239 2687 1352 2725 non
1406 2671 1632 2726 modico
1676 2671 1979 2742 perambu-

335 2758 472 2814 lans
492 2759 674 2815 oculis
697 2760 894 2814 omnia
917 2758 1186 2814 ﬁdelibus
1218 2759 1467 2828 subjecit
1497 2765 1551 2813 et
1573 2758 1721 2814 clare
1741 2774 1974 2829 perspe-

345 2852 442 2902 cta
473 2848 779 2903 miseratus
807 2847 1127 2920 plurimum
1161 2852 1249 2902 est
1279 2849 1681 2918 praefectorum
1718 2848 1816 2918 qui
1839 2847 1976 2900 illuc

341 2935 723 2991 mittebantur
743 2937 1025 2992 tenacitas
1049 2942 1105 2990 et
1135 2953 1306 2991 avara
1337 2935 1699 3006 parcimonia
1723 2952 1857 2990 cum
1883 2953 1972 2989 ar-

337 3025 497 3079 denti
545 3025 830 3080 immensa
877 3024 1209 3096 inexplebili
1281 3025 1540 3094 undique
1589 3022 1857 3092 capiendi
1909 3037 1973 3074 ac

326 3113 677 3184 congerendi
711 3113 984 3167 aviditate
1015 3113 1347 3182 conjuncta.
1383 3112 1608 3175 Quibus
1659 3110 1973 3163 accedebat

323 3202 582 3257 indidem
617 3208 753 3257 nata
805 3202 1222 3257 circumventio
1259 3201 1542 3272 principis
1587 3198 1970 3254 mendacissi-

324 3289 440 3345 mis
474 3291 692 3361 decepti
730 3289 1108 3344 relationibus
1149 3290 1594 3345 vaferrimorum
1643 3289 1967 3354 hominum,

330 3380 433 3450 qui
468 3377 708 3448 privatis
740 3378 864 3432 suis
914 3377 1238 3434 rationibus
1289 3377 1543 3448 pernicie
1593 3374 1823 3447 publica
1855 3391 1966 3428 non

333 3466 673 3520 dubitantes
705 3465 1010 3520 consulere
1065 3465 1471 3535 imperatorem
1506 3465 1577 3518 ab
1609 3463 1969 3532 expeditione

331 3554 393 3608 in
426 3569 521 3608 eas
570 3559 783 3624 partes,
813 3556 900 3622 fut
950 3558 1072 3608 erat
1117 3569 1372 3619 necesse,
1422 3551 1816 3623 suscipienda,
1865 3551 1963 3604 de~

335 3641 642 3714 prehendi,
687 3641 736 3695 si
769 3657 860 3695 res
909 3657 1102 3695 coram
1164 3644 1448 3711 paterent,
1481 3645 1534 3693 et
1582 3639 1814 3692 multari
1849 3655 1967 3692 me-

333 3734 591 3795 tuentes,
625 3728 982 3792 avertebant,
1015 3727 1290 3783 elevando
1315 3727 1684 3782 fallacissima
1705 3727 1968 3796 jacturas

335 3819 539 3882 factas,
575 3826 624 3872 et
649 3822 711 3871 ut
743 3833 990 3887 quaeque
1021 3832 1184 3870 arces
1213 3820 1314 3869 aut
1363 3815 1533 3869 urbes
1563 3819 1740 3884 captae
1773 3830 1804 3868 a
1836 3814 1966 3868 Per-

334 3907 420 3960 sis
449 3905 952 3968 erant,minimum
979 3905 1032 3957 id
1057 3905 1334 3974 quiddam
1359 3909 1414 3958 et
1445 3905 1722 3956 momenti
1751 3901 1967 3957 nullius

334 4010 464 4049 esse
512 3993 802 4048 dicendo:
855 3992 1044 4062 capita
1076 3991 1227 4046 enim
1280 3992 1407 4062 ipsa
1456 4007 1649 4044 rerum
1693 3995 1750 4045 et
1799 3990 1968 4060 quasi

328 4083 521 4138 claves
553 4081 758 4135 limitis
784 4081 968 4134 adhuc
997 4079 1431 4147 teneri,minuta
1459 4079 1570 4132 ista
1592 4095 1745 4132 nunc
1775 4078 1967 4132 ablata

333 4171 564 4241 quoties
595 4169 853 4224 volemus
871 4169 1076 4239 exiguo
1107 4175 1314 4223 conatu
1348 4169 1762 4237 recuperanda.
1796 4167 1968 4236 Ejus-

334 4257 488 4312 moli
546 4257 882 4312 vanissimis
937 4257 1282 4311 commentis
1327 4261 1450 4310 tum
1502 4256 1719 4325 scripto
1769 4256 1965 4326 procul

332 4347 554 4412 missis,
588 4351 710 4400 tum
755 4362 892 4399 voce
941 4361 1133 4400 coram
1185 4344 1509 4413 inculcatis,
1559 4347 1831 4398 lactatum
1865 4344 1968 4396 im-

333 4433 594 4508 perantis
630 4434 895 4488 animum
931 4433 1248 4487 indormire
1273 4433 1441 4488 malis
1472 4433 1636 4487 facile
1669 4433 1831 4486 initio
1867 4449 1967 4486 cu-

333 4523 615 4577 rabilihus
647 4522 951 4593 cogebant,
985 4521 1129 4574 nihil
1162 4521 1327 4592 pensi
1368 4521 1669 4584 habentes,
1705 4521 1842 4573 dum
1878 4537 1966 4574 res

2106 608 2213 657 τῶν
2244 605 2540 678 ἀνθρώπων
2591 605 2764 665 οἰκίας
2818 605 2992 681 σφίσιν
3052 605 3118 672 ἧν
3155 605 3214 660 ἐκ
3265 608 3569 680 προχείρου
3627 630 3754 662 συν-

2109 692 2268 765 είρειν
2297 693 2361 746 τὰ
2391 692 2577 746 πολλᾶ
2605 694 2740 747 κατᾶ
2802 693 3092 768 βασιλέως,
3124 695 3199 755 ὡς
3248 696 3338 749 τὸν
3398 695 3750 770 κληρονόμον

2113 779 2441 850 ἀδικήσειεν,
2501 783 2575 845 ὡς
2641 781 2901 854 ἐξελάσειε
2948 788 3042 838 τοῦ
3100 785 3292 857 θρόνου
3345 787 3435 840 τὸν
3492 788 3756 862 πατριάρ-

2109 888 2239 942 χην.
2276 870 2428 924 Ἀλλ’
2460 872 2511 923 οἱ
2545 873 2719 942 ὅρκοι,
2753 871 2880 925 ἀλλ’
2929 874 2981 926 αἱ
3032 875 3310 942 συνθῆκαι,
3367 873 3512 928 ἀλλὰ
3540 878 3600 929 τὸ
3659 877 3747 930 καὶ

2105 958 2186 1024 τὸ,
2222 960 2304 1019 οἷς
2349 958 2543 1012 ἐκεῖνοι
2603 961 2695 1030 μὶν
2764 961 3073 1032 πορίζεσθαι
3132 963 3302 1035 εἶχον,
3361 962 3589 1017 πλεῖστα
3645 969 3752 1018 τῶν

2105 1045 2410 1100 ἀκουόντων
2457 1044 2960 1118 ἀπολαμϐάνοντες,
2994 1049 3088 1119 ἐμὲ
3147 1047 3224 1118 δὲ,
3280 1051 3464 1126 φησὶν,
3503 1053 3557 1104 οἱ
3590 1050 3752 1128 φόϐοι

2103 1135 2190 1187 καὶ
2228 1137 2280 1188 αἱ
2313 1133 2508 1189 δειλίαι
2562 1136 2925 1210 περιίσταντο,
2965 1139 3038 1208 μή
3090 1139 3181 1191 καὶ
3231 1160 3284 1192 τι
3331 1143 3436 1192 τῶν
3497 1136 3746 1210 ἀϐουλή-

2101 1243 2206 1275 των
2262 1223 2659 1293 νεωτερισθείη.
2718 1226 2806 1293 Ἐξ
2876 1226 2951 1276 ὧν
3010 1221 3318 1279 συνέϐαινον
3381 1228 3631 1300 ὑποψίαι,
3691 1231 3750 1291 ἅς

2101 1309 2307 1383 ἀνάγκη
2367 1309 2776 1388 φυλαττόμενον
2859 1312 3274 1376 ἀποκεκλεῖσθαι
3347 1316 3435 1368 καὶ
3501 1318 3745 1389 ἠρεμεῖν,

2099 1399 2162 1450 τὸ
2194 1399 2309 1451 καθ’
2339 1400 2499 1452 αὑτὸν
2549 1398 2939 1472 πολυωροῦντα
2997 1401 3082 1454 καὶ
3118 1402 3181 1453 τὰ
3237 1406 3344 1454 τῶν
3405 1404 3744 1476 πραγμάτων

2099 1491 2215 1545 τοῖς
2245 1490 2505 1559 τυχοῦσιν
2552 1486 2927 1560 ἐπιτρέποντα.
2979 1489 3140 1542 Ταῦτ’
3191 1485 3340 1561 ἔλεγε
3401 1489 3495 1560 μὲν
3529 1489 3746 1564 ὕστερον

2103 1574 2130 1626 ὁ
2187 1578 2398 1647 κρατῶν
2451 1573 2586 1648 πρὸς
2667 1575 2755 1628 τὸν
2805 1573 3210 1647 Ἀλεξανδρείας
3271 1577 3327 1632 Ἀ
3347 1578 3620 1644 θανάσιον,
3675 1580 3750 1642 ὡς

2100 1662 2262 1722 αὐτὸς
2294 1665 2429 1733 ἡμῖν
2483 1662 2838 1737 ἀπήγγειλεν,
2885 1665 2972 1716 ὅτε
3029 1665 3199 1717 συνὼν
3253 1666 3498 1726 κάκεῖνος
3530 1665 3616 1720 ἐπὶ
3648 1674 3746 1736 τῆς

2101 1749 2442 1824 ἐκστρατείας
2523 1752 2659 1804 κατά
2737 1752 3078 1826 παραμυθίαν
3166 1756 3244 1822 τῷ
3333 1752 3548 1827 βασιλεῖ
3603 1755 3744 1829 ἑώρα

2101 1838 2195 1909 μὲν
2223 1838 2315 1899 τὰς
2368 1843 2476 1892 τῶν
2535 1843 2735 1914 χωρῶν
2795 1841 2949 1911 οὲραν
2983 1844 3079 1893 τοῦ
3139 1842 3460 1914 Σαγγάρεως
3521 1843 3741 1916 ἐρημώ-

2099 1945 2229 1993 σεις,
2261 1928 2526 1995 κατήκουε
2574 1924 2631 1979 δί
2686 1931 2794 1980 τῶν
2845 1927 3110 1981 τοιούτων
3168 1927 3614 2002 ἐποικτιζομένου
3645 1937 3740 1986 τοῦ

2094 2015 2420 2085 κρατοῦντος
2475 2017 2590 2073 ταῖς
2649 2012 3008 2086 ἐρημώσεσιν.
3071 2014 3240 2068 ’Λλλά
3293 2019 3459 2070 ταῦτα
3521 2017 3615 2088 μὲν
3647 2017 3739 2071 καί

2093 2105 2254 2175 ἡμεῖς
2284 2105 2417 2158 κατᾶ
2445 2105 2612 2158 τόπον
2645 2103 2870 2178 ἐροῦμεν
2917 2104 3274 2180 πλατύτερον.

2091 2211 2197 2279 κη’.
2233 2210 2359 2284 Περὶ
2389 2214 2484 2264 τοῦ
2531 2212 2646 2264 κατ’
2705 2209 3028 2279 Ἐκκλησίαν
3086 2212 3417 2284 σχίσματος,
3477 2215 3728 2289 καὶπερὶ

2443 2285 2548 2335 τῶν
2595 2288 2948 2351 [Ιαντεποπτη
2957 2305 2980 2334 ν
2990 2287 3062 2336 ὢν
3099 2304 3199 2354 μον
3208 2289 3377 2356 αχῶν.

2166 2369 2246 2441 [Ρ.
2270 2371 2397 2438 212]
2443 2368 2578 2425 Τότε
2636 2367 2692 2423 δὲ
2745 2370 2836 2424 καὶ
2891 2376 3009 2431 ταῖς
3070 2369 3351 2439 ἀληθείαις
3406 2372 3468 2425 τὸ
3522 2371 3730 2446 σχίσμα

2090 2493 2434 2563 principem,
2491 2495 2831 2566 passimque
2897 2497 3351 2552 invidiosissime
3409 2497 3728 2552 criminan-

2087 2582 2235 2636 tium
2269 2582 2340 2637 ab
2363 2581 2463 2636 illo
2484 2586 2671 2637 tutore
2691 2584 3233 2654 circrumscriptum
3259 2602 3730 2658 oppressumque

2088 2669 2306 2724 nefarie
2349 2670 2662 2741 pupillum,
2710 2672 2780 2725 ab
2829 2673 3030 2727 eodem
3090 2673 3303 2728 avitam
3358 2675 3729 2746 patriamque

2085 2756 2463 2813 hereditatem
2497 2759 2724 2830 imperii
2759 2759 3018 2830 legitimo
3060 2762 3382 2816 successori
3415 2767 3471 2816 et
3492 2779 3726 2833 posses-

2085 2845 2200 2899 sori
2229 2846 2476 2913 Augusti
2510 2847 2626 2901 filio
2657 2847 3036 2902 inlerversam
3068 2849 3464 2919 iniquissime,
3497 2851 3589 2906 his
3623 2852 3726 2904 ad-

2082 2933 2265 2986 ditam
2297 2933 2638 3003 ejectionem
2673 2935 2731 2988 in
2763 2935 3033 2990 exsilium
3079 2937 3371 2991 deturbati
3405 2939 3475 2993 de
3508 2939 3724 2993 throno

2083 3021 2444 3090 patriarchas,
2504 3026 2831 3092 cunctaque
2882 3024 2994 3078 ista
3053 3025 3308 3094 perjurio
3362 3027 3718 3097 perfidiaque

2082 3108 2381 3163 cumulata
2411 3111 2482 3163 ab
2515 3125 2580 3163 eo
2611 3110 2708 3180 qui
2761 3111 2920 3164 nullo
2958 3113 3346 3181 jurisjurandi
3383 3131 3496 3183 quo
3529 3131 3590 3168 se
3617 3116 3724 3168 ob-

2086 3195 2725 3265 strinxisset,fmderum
2759 3215 2886 3268 quaa
2910 3200 3200 3256 sanxisset
3229 3211 3494 3272 respectu
3531 3202 3648 3256 haec
3669 3208 3726 3257 et

2086 3283 2187 3338 illa
2217 3285 2494 3354 (plurima
2525 3285 2826 3354 sigillatim
2871 3289 3318 3358 exaggerabant)
3350 3294 3718 3360 attentasset,

2079 3376 2256 3441 atque
2287 3372 2377 3427 his
2403 3371 3014 3444 vulgozplausibilihus
3033 3375 3394 3446 populariter
3418 3377 3722 3431 buccinan-

2081 3460 2170 3513 dis
2200 3462 2646 3531 emungentium
2678 3463 2924 3532 pecunia
2949 3463 3243 3518 credulam
3281 3465 3505 3534 plebem
3540 3471 3595 3518 et
3613 3468 3724 3519 lar-

2079 3564 2182 3619 gas
2196 3549 2625 3604 corradentium
2645 3551 3010 3622 przedas,quo
3035 3553 3378 3607 minusillos
3401 3555 3723 3609 abstituros

2079 3641 2199 3692 tam
2238 3636 2363 3689 utili
2401 3637 2666 3705 privatim
2691 3644 2879 3708 ccepto
2929 3645 3052 3694 erat
3100 3641 3434 3700 verisimile.
3469 3673 3534 3682 —-
3567 3659 3722 3710 cum,

2081 3729 2343 3799 inquam,
2379 3727 2498 3781 haec
2548 3727 2881 3799 intelligens
2931 3735 3234 3798 Augustus
3282 3733 3619 3786 formidaret
3651 3748 3724 3787 ne

2079 3821 2199 3872 tam
2249 3815 2693 3870 vehementibus
2738 3817 3090 3871 seditionum
3145 3819 3343 3872 ﬂabris
3391 3825 3602 3888 apertae
3633 3836 3725 3874 re-

2083 3905 2355 3960 bellionis
2384 3907 2439 3957 et
2457 3902 2590 3956 belli
2625 3902 2808 3956 civilis
2834 3903 3498 3973 incendium,mgerrime
3526 3913 3722 3976 postea

2081 3990 3151 4062 restinguendum,inﬂammaretur,ad
3179 3995 3563 4048 necessariam
3583 4012 3722 4066 prae-

2081 4081 2407 4133 cautionem
2435 4078 2570 4132 mali
2594 4079 2762 4141 tanti,
2785 4086 2959 4149 atque
2993 4080 3058 4132 uri
3095 4079 3504 4150 explorandam
3531 4083 3722 4152 inspe-

2083 4170 2269 4222 ctione
2302 4167 2569 4232 praasenti
2600 4183 2800 4221 eorum
2824 4167 2996 4221 ﬁdem
3033 4169 3245 4238 quibus
3291 4186 3405 4222 non
3439 4171 3580 4225 satis
3610 4173 3722 4226 sibi

2083 4256 2402 4327 perspectis
2436 4272 2597 4309 arces
2619 4259 2672 4310 et
2700 4255 3026 4325 provincias
3049 4257 3623 4312 commiserat.istam
3657 4276 3720 4313 se

2083 4344 2494 4415 profectionem
2526 4343 2856 4412 suscepisse
2888 4344 3096 4397 deinde
3129 4344 3444 4398 declaravit
3474 4347 3720 4415 ipsemet

2081 4430 2351 4485 familiari
2387 4448 2652 4485 sermone
2691 4431 3005 4486 Athanasio
3052 4432 3440 4487 Alexandrino
3474 4435 3718 4504 patriar-

2079 4519 2220 4586 chae,
2245 4519 2402 4573 illius
2433 4525 2554 4572 tum
2593 4519 2701 4588 ipsi
2730 4519 2834 4572 vize
2864 4519 3448 4586 comiti,contiulenter
3466 4522 3583 4576 viro
3614 4523 3716 4576 tali

332 4617 568 4681 agerent
591 4608 1022 4675 suas,insidiari
1049 4608 1304 4663 credulis
1335 4609 1663 4679 principum
1703 4609 1963 4670 auribus,
1997 4587 2044 4648 D
2076 4625 2212 4662 suas
2246 4607 2421 4661 animi
2457 4606 2836 4676 (egritudines
2861 4611 2916 4660 et
2949 4625 3059 4660 non
3092 4624 3271 4661 vanos
3305 4615 3494 4663 metus
3527 4611 3718 4682 suspi-

331 4706 386 4754 et
418 4699 500 4753 eis
528 4698 831 4751 infundere
871 4697 1036 4766 quasi
1070 4696 1254 4766 plenis
1303 4695 1523 4766 poculis
1554 4696 1809 4749 exitialia
1836 4695 1962 4765 qui-

331 4789 461 4842 dem
497 4802 733 4848 venena,
769 4783 867 4839 sed
897 4790 1017 4838 arte
1049 4785 1385 4839 assentandi
1419 4784 1500 4838 sic
1549 4784 1734 4837 diluta
1762 4785 1963 4837 condi-

329 4881 506 4944 taque
540 4879 599 4927 ut
629 4874 786 4926 virus
819 4889 1020 4926 eorum
1057 4889 1167 4925 non
1205 4873 1537 4926 sentiretur.
1565 4871 1736 4926 Porro
1771 4872 1962 4935 istam,

329 4965 400 5017 de
432 4978 547 5033 qua
599 4960 736 5024 dixi,
800 4976 988 5013 seram
1040 4959 1285 5030 perditis
1335 4960 1508 5013 rebus
1563 4960 1618 5012 in
1682 4960 1790 5011 ista
1840 4959 1963 5012 loca

326 5049 753 5122 expeditionem
785 5048 1151 5117 imperatoris
1185 5049 1306 5117 ipse
1331 5049 1618 5102 fatebatur
1649 5065 1680 5101 a
1710 5064 1770 5101 se
1805 5051 1959 5101 metu

326 5136 690 5208 erumpentis
729 5137 853 5204 jam
919 5136 972 5188 in
1026 5143 1283 5205 apertam
1337 5136 1643 5206 perniciem
1698 5134 1960 5189 Ecclesiae

327 5225 667 5282 schismatis
701 5225 853 5278 318
889 5228 1242 5294 susceptam.
1278 5227 1418 5278 Cum
1452 5224 1603 5278 enim
1639 5224 1870 5276 timeret
1902 5223 1958 5276 in

322 5319 489 5369 tanta
517 5311 794 5365 colluvies
824 5309 1093 5364 claustris
1123 5326 1490 5378 egressarum
1537 5325 1778 5362 excusso
1814 5311 1957 5378 jugo

323 5401 643 5471 disciplinae
676 5399 1127 5468 vagantiumque
1169 5414 1628 5469 quoquoversum
1674 5414 1957 5468 pannoso-

322 5510 453 5547 rum
491 5489 854 5560 quorundam
889 5491 944 5540 et
965 5488 1150 5540 saccis
1177 5487 1428 5541 eilicinis
1451 5485 1832 5550 horrentium,
1869 5486 1957 5538 in-

323 5577 688 5637 sinuentium
721 5591 781 5628 se
813 5573 1022 5640 obviis,
1056 5575 1336 5629 domuum
1385 5576 1591 5628 intima
1650 5580 1955 5644 penetran-

320 5669 498 5736 tium,
557 5669 766 5721 cuncta
825 5660 1199 5734 implentium
1265 5661 1834 5718 murmurationibus
1896 5663 1954 5718 in

2074 4697 2386 4764 cionesque
2407 4694 2833 4762 aperiensquze
2857 4694 2953 4748 ille
2970 4696 3214 4748 audiens
3260 4713 3370 4750 non
3409 4698 3714 4753 omittebat

2073 4799 2184 4854 qua
2211 4788 2435 4853 poterat
2457 4781 2849 4835 consolatione
2887 4781 3333 4838 delinire.Porro
3357 4800 3424 4838 ex
3455 4786 3564 4839 isto
3587 4785 3714 4856 ipso

2073 4888 2177 4925 nos
2212 4872 2328 4924 haec
2369 4871 2569 4924 eadem
2611 4869 2951 4936 Athanasio,
2985 4871 3185 4925 audita
3216 4876 3340 4926 tum
3372 4873 3481 4927 sibi
3517 4879 3713 4943 postea

2071 4957 3163 5029 referente.cognovimus.Addebatque
3189 4959 3298 5013 ista
3329 4963 3630 5016 occasione
3652 4979 3714 5018 se

2070 5045 2254 5101 oculis
2287 5061 2602 5114 usurpasse
2629 5044 3022 5099 miserrimum
3043 5047 3211 5116 plane
3233 5064 3297 5101 ac
3331 5050 3710 5105 meritissimo

2071 5135 2334 5204 praesenti
2358 5132 2855 5203 3|4impcratori
2885 5132 3247 5203 deploratum
3275 5140 3492 5189 statum
3519 5138 3705 5207 regio-

2069 5241 2142 5278 nu
2157 5242 2205 5277 ιιι
2228 5223 2375 5277 ultra
2388 5224 2976 5293 Sangarim,extrema
2996 5225 3263 5278 vastitate
3285 5225 3704 5282 desolatarum.

2070 5311 2275 5366 Verum
2298 5311 2408 5364 ista
2433 5327 2535 5364 nos
2558 5327 2790 5381 quoque
2812 5311 3000 5365 fusius
3023 5328 3404 5380 exsequemur
3426 5330 3531 5367 suo
3557 5313 3701 5368 loco.

2135 5455 2223 5506 28.
2304 5453 2374 5506 De
2448 5451 2705 5508 Ecclesiae
2761 5453 3074 5576 schisrznte,
3152 5461 3205 5505 et
3283 5454 3704 5526 Pantchptcm's

2725 5539 2916 5576 monac
2959 5539 3022 5576 ιδ.

2725 5539 3022 5577 77101111εηῖ8.

2136 5663 2252 5719 Ηοο
2282 5679 2452 5734 porro
2484 5667 2744 5734 tempore
2773 5664 2831 5718 in
2867 5680 2982 5734 quo
3013 5664 3333 5720 enarranda
3373 5679 3696 5736 versamur,
