4158 6280
418 282 524 337 763

1662 266 1667 268 ⁷
1710 286 2013 345 GEORGII
2052 290 2515 346 PACHYMERB

3703 285 3817 340 764

418 413 519 476 τῆς
560 408 886 478 Ἐκκλησίας
942 408 1226 481 ηὐξάνετο,
1282 413 1356 473 ὡς
1411 409 1504 466 λαὶ
1560 413 1676 467 κατ’
1736 409 1908 465 οἷ’κίαν
1937 411 2064 477 τοὺς
2092 415 2143 480 Α
2172 416 2253 484 τῷ
2284 414 2388 468 ἀπὸ
2416 418 2512 469 τοῦ
2559 416 2901 491 πατριάρχου
2960 415 3270 491 ἀφορισμῷ,
3302 412 3361 465 ὃν
3396 409 3699 488 ἀφωρίσθαι
3729 408 3819 464 ἐπὶ

424 498 573 558 ὲντος
607 496 921 571 διῃρῆσθαι.
953 500 1043 554 καὶ
1101 499 1288 564 ἄλλως
1348 508 1441 572 μὲν
1491 504 1692 577 πατέρα
1720 499 1937 576 διάγειν,
1965 500 2063 557 ἄλ-

424 585 534 647 λως
566 584 611 639 δ’
642 588 779 655 υἱὸν,
813 587 900 640 καὶ
956 589 1163 660 μητέρα
1216 590 1303 642 καὶ
1367 588 1648 664 θυγατέρα,
1708 589 1795 643 καὶ
1848 591 2059 666 νόμερην

425 675 511 727 καὶ
572 677 843 748 πενθεράν.
905 681 1071 731 ’Πσαν
1130 674 1185 730 δὲ
1238 676 1461 738 πλείους
1539 679 1626 731 καὶ
1688 679 1737 731 οἱ
1795 678 1915 752 περὶ
1970 678 2061 730 τὸν

438 764 688 816 Υάκινθον
737 767 996 838 μοναχοὶ,
1057 766 1273 819 ἄστατοί
1305 786 1446 825 τινες
1500 766 1585 819 καὶ
1648 765 1723 828 εἷς
1768 766 1971 826 τόπους
2005 765 2062 818 ἐκ

421 846 601 904 τόπων
632 851 1005 923 πλανώμενοι,
1071 855 1200 926 ὑπὲρ
1230 859 1326 907 τοῦ
1378 853 1719 929 πατριάρχου
1776 853 2061 921 ζηλοῦντες

422 938 803 1013 ἒξορισθὲντος.
838 939 1039 995 ’Ἄλλοι
1075 940 1131 995 δέ
1163 964 1225 1014 γε
1275 943 1365 996 καὶ
1398 943 1473 1006 εἷς
1530 944 1721 1017 ἀρετὴν
1779 937 2063 1011 διαϐεϐοη-

430 1028 577 1099 μένοι
613 1024 670 1081 ἔκ
698 1050 755 1081 τε
784 1033 881 1082 τοῦ
944 1028 1215 1093 Γαλησίου
1272 1030 1361 1083 καὶ
1396 1030 1588 1104 ἐτέρων
1649 1034 1848 1103 μονῶν,
1890 1031 1963 1091 ὡς
2011 1031 2061 1083 οἱ

424 1115 545 1169 τότε
599 1120 665 1179 τῆ
723 1121 822 1169 τοῦ
906 1118 1290 1171 Παντεπόπτου
1376 1118 1516 1191 μονῇ
1596 1119 2059 1189 προσκαθήμενοι,

430 1202 821 1278 ἀπορραγέντες
878 1212 976 1273 τῆς
1028 1208 1268 1279 ποίμνης
1327 1202 1549 1267 ἕκαστος
1596 1208 1695 1271 τὴς
1753 1204 1891 1266 ἰδίας
1948 1207 2062 1260 καθ’

430 1292 649 1355 ἑαυτοὺς
680 1292 864 1362 διέζων
903 1293 1028 1367 μηδ’
1071 1298 1374 1349 ὁπωστιοῦν
1433 1295 1523 1348 τόν
1584 1296 1783 1371 Ἰωσὴφ
1842 1295 1916 1355 εἰς
1945 1317 2061 1348 κοι-

424 1380 614 1433 νωνίαν
648 1379 965 1455 δεχόμενοι,
995 1388 1156 1437 τοῦτο
1214 1384 1306 1454 μὲν
1359 1385 1432 1444 ὡς
1463 1383 1551 1437 καὶ
1584 1383 1746 1437 αὐτοῦ
1777 1379 2060 1445 ἐπιϐάντος

428 1465 584 1536 δῆθεν
617 1474 712 1523 τοῦ
762 1470 955 1544 θρόνου
1013 1470 1098 1525 ἐπὶ
1155 1476 1232 1542 τῷ
1288 1472 1563 1545 πτερνίσαι
1618 1473 1707 1525 τὸν
1767 1472 2062 1545 Γερμανὸν,

422 1561 584 1611 τοῦτο
617 1556 673 1610 δὲ
703 1560 792 1611 καὶ
826 1560 901 1619 ὼς
930 1557 1093 1611 αὐτοῦ
1121 1560 1183 1612 τὸ
1230 1563 1449 1633 πρῶτον
1507 1559 1638 1629 ὑπὲρ
1669 1562 1768 1611 τοῦ
1798 1560 2059 1634 πατριάρ-

426 1663 531 1717 χου
566 1643 861 1715 ζηλοῦντος
892 1647 981 1700 καὶ
1010 1648 1109 1714 τὴν
1135 1651 1232 1700 τοῦ
1282 1650 1559 1722 Γερμανοῦ
1615 1647 1898 1700 κοινωνίαν
1933 1648 2063 1701 ἁπο-

420 1734 757 1804 τρεπομὲνου
788 1735 877 1787 καὶ
922 1740 1036 1795 τοῖς
1068 1732 1261 1795 ἄΛλοις
1317 1736 1736 1808 προτρέποντος,
1765 1734 2062 1810 ’Έγκλημα
2094 1763 2138 1826 Β

423 1817 468 1874 δ’
500 1822 615 1895 εἶχε
644 1823 732 1875 καὶ
767 1822 923 1883 οὗτος
954 1821 1090 1875 ἴδιον
1129 1828 1310 1894 μεῖζον
1350 1827 1447 1875 τοῦ
1498 1818 1894 1895 προλαϐόντος.
1925 1822 2061 1877 ἐκεῖ-

420 1930 511 1972 νος
542 1910 635 1981 μὲν
663 1911 761 1983 γάρ
802 1914 869 1983 τῇ
933 1912 1212 1982 μεταθέσει
1268 1912 1651 1985 προσέκρουεν,
1684 1912 1711 1965 ὁ
1770 1909 1814 1965 δ’
1864 1913 2061 1988 Ἰωσηφ

425 2036 666 2092 minime
687 2038 811 2106 jam
840 2037 1033 2091 dubiis
1067 2038 1395 2108 iisdemque
1426 2038 1654 2109 magnis
1688 2038 2068 2092 incrementis

428 2124 688 2179 schisma
714 2124 980 2179 Ecclesiae
1005 2142 1325 2196 augescens
1347 2126 1609 2196 quotidie
1631 2125 1933 2196 gliscebat,
1956 2126 2068 2181 uti-

430 2215 681 2283 quejam
705 2212 762 2267 in
791 2214 1071 2268 domuum
1101 2213 1311 2267 intima
1332 2219 1627 2283 receptum
1660 2215 1910 2269 funestis
1931 2230 2069 2269 con-

432 2300 939 2369 iunctissimorum
962 2300 1245 2355 dissidiis.
1260 2303 1499 2354 Fervere
1520 2300 1819 2370 ibijurgiis
1838 2308 2068 2369 cuncta,

433 2391 595 2457 patre
633 2404 766 2442 cum
802 2387 942 2457 filio,
977 2388 1096 2443 filia
1126 2405 1260 2443 cum
1309 2392 1515 2457 matre,
1550 2405 1701 2443 nuru
1734 2406 1867 2443 cum
1901 2406 2068 2444 socru

433 2476 785 2542 commissis,
818 2476 1127 2540 declaratis
1162 2477 1219 2531 in
1246 2482 1436 2547 partes
1456 2478 1784 2531 contrarias
1816 2479 2068 2547 pertina-

431 2566 600 2636 cique
651 2567 1019 2620 contentione
1053 2565 1438 2636 propugnatis
1463 2564 1705 2635 judiciis
1749 2573 1806 2620 et
1835 2566 2067 2622 studiis.

430 2653 843 2709 Valentissima
871 2659 993 2708 erat
1015 2653 1322 2725 Hyacinthi
1344 2653 1537 2724 factio,
1562 2654 1782 2724 ingenti
1805 2653 2071 2725 promota

432 2760 673 2797 numero
695 2759 973 2814 vagorum
1004 2743 1394 2813 quorumdam
1428 2746 1486 2798 et
1517 2743 1653 2797 hinc
1682 2743 1837 2807 inde,
1863 2758 2070 2797 rursus

430 2830 591 2885 illinc
613 2831 748 2897 huc,
779 2830 1211 2900 inquietissime
1233 2831 1599 2886 cursantium
1627 2830 2070 2886 monachorum.

432 2920 534 2975 llis
567 2919 931 2973 intoleranda
975 2919 1415 2974 declamabatur
1456 2918 1682 2973 Arsenii
1732 2916 2072 2989 patriarchae

430 3006 649 3075 iniusta
680 3006 734 3059 in
764 3006 1033 3060 exsilium
1059 3006 1285 3075 ejectio,
1314 3004 1706 3074 omnibusque
1730 3004 1919 3058 modis
1947 3005 2072 3073 eju-

2169 506 2247 572 τῷ
2281 504 2356 574 μὴ
2396 504 2487 556 τὸν
2549 502 2774 577 βασιλέα
2834 502 2906 563 εἰς
2962 502 3331 574 πνευματικὴν
3376 500 3600 568 υἶότητα
3661 495 3817 571 δέχε-

2173 591 2313 645 σθαι.
2348 592 2416 646 Οἱ
2450 588 2494 644 δ’
2527 592 2612 644 ἐπὶ
2644 599 2741 659 τῆς
2771 596 2866 644 τοῦ
2918 590 3300 643 Παντιπόπτου
3337 595 3509 659 μονῆς
3573 585 3813 659 μοναχοῖ

2171 678 2258 730 καὶ
2316 678 2649 754 ἀπεθάρῥουν
2722 679 2811 732 καὶ
2870 677 3473 752 παρρησιαστικώτερον
3550 670 3813 740 ἔϐαλλον,

2172 766 2282 837 ἅμα
2317 768 2409 837 μὲν
2459 769 2532 828 ὡς
2575 763 2884 838 ἑπιϐήτορι,
2943 768 3052 838 ἅμα
3111 764 3167 818 δὲ
3221 758 3309 817 καὶ
3344 766 3415 825 ὡς
3448 764 3815 839 ἁφωρισμένῳ

2168 859 2248 925 τῷ
2302 859 2728 929 πατριαρχοῦντι
2815 853 3141 929 ἐπέχνντες.
3232 856 3503 914 Ἐντεῦθεν
3577 851 3681 925 γὰρ
3731 850 3822 904 καὶ

2175 941 2308 1016 μέγα
2373 964 2424 996 τι
2496 942 2932 1017 συνελογίζοντο,
2992 942 3054 995 τὸ
3111 940 3201 994 καὶ
3261 939 3406 994 λύειν
3468 938 3661 1003 ἄλυτα,
3720 938 3816 991 καὶ

2176 1028 2388 1101 μᾶλλον
2424 1031 2499 1094 εἰς
2527 1037 2698 1105 κρῖμα
2727 1032 2813 1084 καὶ
2866 1030 2940 1091 εἷς
3001 1028 3264 1093 ἓπίτασιν,
3298 1026 3406 1101 οὐχ
3435 1028 3582 1087 ὅπως
3616 1025 3816 1097 ἁμετό-

2174 1136 2310 1191 χως,
2344 1117 2606 1173 ἀλλὰκαὶ
2664 1124 2782 1181 τοῖς
2837 1118 3019 1178 αὐτοῖς
3077 1116 3401 1190 ἐνεχόμενον
3457 1116 3548 1169 τὸν
3583 1113 3811 1170 λύοντα.

2174 1204 2397 1272 Πολλὴν
2428 1203 2484 1259 δὲ
2527 1206 2616 1261 καὶ
2646 1207 2742 1275 τὴν
2804 1204 2861 1259 ἐκ
2923 1204 3098 1279 λόγων
3150 1204 3420 1279 ἐπιφέρειν
3482 1201 3822 1269 πιθανότητα

2172 1296 2283 1366 ἅμα
2316 1295 2409 1366 μὲν
2442 1299 2520 1366 τῷ
2571 1298 2677 1348 τῶν
2733 1294 3042 1366 προσώπων
3099 1296 3243 1368 σφῶν
3281 1284 3581 1361 σεϐασμίῳ,
3618 1287 3731 1359 ἅμα
3762 1285 3819 1341 δὶ

2168 1386 2368 1457 καὶτῷ
2418 1384 2691 1455 συζηλοῦν
2752 1384 2975 1445 ἐκείνοις
3039 1384 3167 1455 ὑπερ
3201 1385 3297 1435 τοῦ
3327 1378 3671 1454 πατριάρχου
3730 1378 3821 1432 τὸν

2172 1475 2353 1541 Ἰωσῆ,
2412 1474 2469 1527 ’ὀν
2517 1472 2608 1527 καὶ
2656 1474 2728 1533 ὡς
2782 1473 3045 1546 ὀστράκου
3105 1470 3495 1543 μεταπεσόντος
3556 1466 3643 1521 ἰπὶ
3721 1469 3818 1519 τοῦ

2170 1566 2570 1636 πατριαρχικοῦ
2654 1560 2849 1636 θρόνου
2905 1558 3108 1629 ἤκουον
3182 1558 3516 1632 ἐφιζάνοντα.
3575 1555 3816 1615 Τούτους

2170 1652 2294 1724 περὶ
2353 1648 2611 1704 πλείστου
2664 1649 2994 1720 ποιούμενος
3041 1646 3075 1716 ἤ
3126 1646 3325 1709 πείθειν
3358 1645 3595 1713 ἢποιεῖν
3654 1642 3823 1696 ἐκπο-

2172 1736 2278 1791 δὼν
2328 1737 2517 1809 (ὀξεῖαι
2547 1737 2647 1811 γὰρ
2678 1734 2858 1797 ἀκίδες
2900 1735 3033 1789 κοτὰ
3091 1734 3273 1808 ψυχὴν
3336 1728 3815 1799 εὐσυνειδητοῦσαν

2172 1827 2224 1880 οἱ
2254 1823 2499 1900 ἔλεγχοι)
2529 1826 2900 1898 εὐπροσώπως
2942 1830 3148 1897 χρῆται
3197 1826 3274 1893 τῷ
3308 1819 3544 1894 βασιλεῖ,
3576 1821 3658 1891 [Ρ.
3689 1818 3819 1889 213]

2170 1914 2259 1967 καὶ
2304 1911 2491 1980 ἐπειδὴ
2546 1914 2608 1966 τὸ
2665 1912 2866 1975 πείθειν
2928 1911 3026 1964 οὐκ
3080 1913 3144 1979 ἦν
3202 1907 3330 1983 (ποῦ
3386 1911 3486 1981 γάρ
3523 1910 3562 1980 ;)
3620 1903 3821 1978 ἄνδρας

2178 2040 2418 2093 vetitum
2443 2039 2491 2094 ei
2517 2039 2653 2094 olim
2678 2056 2711 2092 a
2733 2039 3064 2110 patriarcha
3084 2038 3287 2091 fuisset
3312 2036 3524 2090 habere
3545 2035 3820 2103 deinceps

2178 2128 2586 2197 imperatorem
2622 2126 2745 2182 loco
2768 2126 3093 2197 spiritualis
3118 2124 3220 2178 lilii
3242 2129 3298 2179 et
3321 2122 3478 2177 illius
3499 2120 3820 2177 confessio-

2181 2232 2302 2280 nes,
2338 2220 2403 2269 ut
2446 2219 2616 2269 antea
2664 2219 3067 2280 consueverat,
3102 2214 3156 2266 in
3201 2216 3501 2283 posterum
3534 2209 3816 2280 accipere,

2179 2303 2333 2374 quod
2366 2302 2553 2357 facere
2601 2307 2797 2357 tamen
2830 2302 3170 2373 perexisset.
3203 2303 3391 2370 Atque
3422 2300 3528 2353 hoc
3573 2302 3820 2367 utroque

2181 2392 2417 2445 nomine
2451 2396 2573 2444 tum
2607 2390 2892 2445 invaseris
2924 2390 2981 2443 in
3002 2388 3117 2443 veri
3150 2388 3431 2443 antistitis
3454 2384 3701 2440 viventis
3734 2384 3821 2438 lo-

2181 2494 2336 2547 cum,
2362 2482 2564 2533 contra
2604 2479 2689 2533 fas
2739 2477 2973 2545 intrusi,
3008 2482 3131 2531 tum
3163 2474 3650 2531 excommunicati
3688 2490 3820 2545 pro-

2181 2572 2310 2636 pter
2359 2566 2679 2621 conscitam
2726 2565 2958 2635 culpam
3003 2565 3173 2633 cujus
3222 2560 3607 2633 prohibitioni
3638 2562 3825 2614 fuerat

2179 2654 2571 2709 anathematis
2600 2654 2726 2723 ipso
2770 2656 2917 2709 facto
2950 2651 3286 2707 incurrendi
3327 2649 3693 2705 denuntiatio
3724 2664 3824 2702 an-

2180 2758 2343 2796 nexa.
2382 2741 2794 2812 Pantepopteni
2836 2740 3159 2811 praesertim
3209 2736 3479 2793 monachi
3529 2735 3825 2791 liberrime

2177 2830 2687 2900 audacissimeque
2730 2828 2995 2882 omnium
3054 2826 3374 2898 Josephum
3426 2824 3824 2895 exagitabant,

2179 2918 2420 2972 alteram
2446 2917 2504 2971 in
2532 2916 2737 2987 primis
2761 2914 3229 2970 criminationem
3251 2914 3624 2969 vehementer
3650 2925 3827 2980 exag-

2177 3014 2465 3079 gerantes,
2499 3008 2746 3077 ejusque
2785 3006 3197 3077 indignitatem
3246 3002 3610 3075 argumentis
3638 3019 3670 3057 e
3694 3002 3825 3071 jure

430 3095 591 3149 sdem
626 3094 993 3164 procuranda
1045 3093 1332 3146 restitutio
1390 3108 1493 3161 pro
1558 3092 1729 3147 unico
1760 3092 2068 3146 videbatur
2097 3094 2140 3160 C
2178 3113 2245 3153 ac
2295 3095 2612 3167 disciplina
2659 3094 3051 3150 ecclesiastica
3102 3094 3365 3165 speciose
3413 3092 3676 3148 collectis
3724 3091 3822 3145 de-

429 3186 720 3251 proposita
773 3198 967 3251 scopo.
1002 3181 1405 3251 Exsurgebant
1454 3180 1692 3235 aliunde
1723 3181 2065 3251 prodibant-

429 3286 563 3339 que,
598 3269 710 3324 alia
757 3270 1023 3340 quaedam
1072 3268 1452 3324 vociferantes
1501 3269 1869 3323 emendanda
1913 3271 2067 3323 fama

428 3357 662 3411 virtutis
692 3356 893 3427 inclyti
919 3356 1147 3411 sodales
1168 3356 1383 3411 Galesii
1406 3356 1650 3411 cmnobii
1675 3373 1895 3411 necnon
1921 3373 2067 3428 quo-

427 3446 698 3500 rumdam
730 3445 1000 3511 aliorum,
1031 3447 1115 3500 uti
1147 3444 1247 3517 qui
1280 3445 1336 3498 in
1370 3460 1437 3500 ea
1467 3448 1818 3515 tempestate
1848 3445 1905 3499 in
1940 3462 2065 3499 mo-

427 3534 684 3588 nasterio
720 3533 1089 3602 Pantepoptae
1120 3534 1273 3586 dicto
1315 3533 1716 3601 morabantur,
1750 3550 1783 3587 a
1812 3550 1918 3587 suo
1949 3533 2067 3587 sin-

428 3619 550 3692 guli
608 3618 792 3673 avulsi
865 3635 1039 3691 grege
1098 3624 1155 3674 et
1210 3620 1425 3675 viritim
1485 3619 1893 3686 consulentes,
1953 3621 2070 3674 dux

428 3714 749 3779 auctorque
807 3710 918 3764 sibi
980 3710 1253 3780 quisque.
1312 3715 1634 3765 Commune
1691 3710 1782 3763 his
1838 3710 2067 3764 cunctis

429 3797 669 3869 Josephi
702 3798 945 3851 recentis
987 3797 1326 3868 patriarchae
1378 3798 1547 3867 plane
1595 3799 2065 3852 communionem

429 3884 705 3951 aversari,
739 3902 844 3940 nec
874 3900 1007 3941 eum
1062 3886 1169 3941 rite
1208 3892 1540 3956 promotum
1574 3901 1907 3956 agnoscere,
1941 3890 2066 3939 tum

428 3975 583 4043 quod
618 3980 673 4027 et
706 3975 828 4044 ipse
858 3973 1172 4029 invasisset
1213 3974 1434 4029 scilicet
1466 3974 1720 4029 alienum
1763 3974 2067 4042 thronum,

430 4063 805 4133 supplantato
838 4061 1087 4133 indeque
1120 4064 1355 4116 detruso
1377 4062 1694 4129 Germano;
1730 4068 1850 4116 tum
1877 4064 1948 4117 ob
1982 4064 2067 4117 in-

431 4152 973 4221 constantiam,qua
998 4153 1259 4206 miserari
1284 4156 1452 4206 antea
1476 4152 1687 4205 solitus
1711 4155 1935 4207 Arsenii
1962 4154 2070 4207 for-

432 4245 635 4293 tunam
660 4244 716 4293 et
737 4255 866 4293 eum
890 4239 1314 4293 restituendum
1340 4239 1755 4309 pairiarchatui
1778 4240 1987 4307 dicere,
2004 4258 2071 4295 ex

431 4344 613 4397 eoque
632 4328 883 4381 aversari
902 4328 1376 4381 communionem
1411 4344 1544 4381 cum
1563 4328 1848 4383 Germano
1866 4334 1922 4383 et
1940 4330 2068 4385 aliis

2180 3188 2599 3252 monstrantes,
2630 3183 2785 3253 quod
2836 3199 2951 3238 non
2994 3187 3221 3237 tantum
3256 3180 3552 3236 absolvere
3582 3177 3821 3233 absolu-

2175 3272 2351 3326 tionis
2386 3272 2746 3341 incapacem,
2782 3271 3040 3341 privatus
3084 3270 3211 3340 ipse
3262 3268 3610 3323 nominatim
3636 3267 3822 3337 juris-

2178 3359 2453 3414 dictionis
2498 3362 2804 3429 potestate,
2852 3363 3229 3425 attentasset;
3281 3357 3379 3412 sed
3431 3361 3817 3427 praeterquam

2178 3465 2382 3518 expers
2414 3447 2783 3502 auctoritatis
2811 3446 3068 3502 solvendi
3103 3446 3365 3512 alterius,
3398 3446 3569 3500 etiam
3604 3443 3818 3515 ligatus

2178 3537 2301 3607 ipse
2334 3552 2565 3606 quoque
2606 3544 2661 3591 et
2699 3537 2979 3590 contracti
3025 3535 3383 3605 conscitique
3431 3532 3815 3588 analhematis

2178 3623 2411 3678 vinculo
2457 3623 2834 3684 constrictus.
2868 3624 3023 3678 istud
3068 3623 3258 3689 ipsum
3297 3620 3811 3692 praesumpsisset:

2181 3712 2237 3765 in
2270 3728 2385 3782 quo
2442 3728 2553 3765 non
2612 3715 2870 3767 oratione
2921 3717 3174 3778 tantum,
3224 3710 3349 3765 loco
3412 3711 3613 3780 utique
3669 3707 3812 3763 vecti

2180 3800 2510 3872 plausibili,
2566 3802 2637 3854 ad
2708 3802 3178 3871 persuadendum
3249 3799 3545 3861 valebant,
3615 3813 3812 3853 verum

2176 3888 2351 3943 etiam
2404 3889 2747 3943 auctoritate
2806 3894 3041 3961 propter
3097 3889 3353 3958 speciem
3420 3886 3811 3942 sanctimoniae

2180 3993 2556 4049 personaeque
2600 3994 2665 4032 ac
2714 3978 2832 4033 oris
2886 3975 3411 4032 commendabilem
3472 3975 3807 4030 reveritam-

2180 4082 2292 4136 que
2320 4064 2492 4135 vulgo
2532 4065 2899 4136 gravitatem,
2932 4066 3282 4136 persuadere
3327 4079 3558 4133 semper
3583 4061 3811 4133 quidvis

2178 4153 2468 4219 idoneam,
2505 4158 2629 4207 tum
2661 4158 2854 4208 autem
2888 4153 3148 4208 efﬁcacia
3186 4150 3547 4208 ineluctabili
3580 4150 3811 4205 trahen-

2179 4246 2317 4307 tem,
2352 4243 2606 4312 quando,
2641 4248 2704 4297 ut
2734 4249 2871 4297 tunc
2911 4260 3022 4297 usu
3054 4242 3339 4307 veniebat,
3370 4243 3571 4296 eodem
3605 4239 3813 4310 impel-

2179 4329 2379 4384 lebant
2401 4347 2513 4401 quo
2538 4332 2733 4386 studia
2748 4336 2956 4403 sponte
2979 4332 3393 4403 plerorumque
3416 4330 3811 4392 incurrebant,

432 4417 811 4471 aversandam
847 4416 1113 4481 suadere,
1136 4415 1279 4469 adeo
1303 4415 1427 4484 jam
1455 4415 1748 4469 contraria
1781 4416 2068 4485 prioribus
2103 4461 2150 4522 Β
2172 4420 2297 4489 jam
2331 4436 2431 4489 per
2482 4435 2543 4473 se
2592 4419 3011 4474 incredibiliter
3060 4420 3421 4475 infensorum
3466 4418 3723 4489 Josepho
3755 4423 3814 4471 ut

587 4502 745 4522 ,κλμ
787 4503 1042 4522 ,Δρ-,ω
1081 4503 1221 4522 ρηι,
1279 4502 1601 4522 --μωμηι
1663 4502 1709 4522 ε,
1754 4520 1776 4522 Α,
2053 4521 2061 4522 ,
2261 4510 2269 4522 .
2500 4508 2570 4522 ..
2729 4507 2763 4520 ..
3277 4508 3289 4522 .
3526 4506 3537 4522 .

428 4504 543 4558 illis
575 4502 751 4557 dictis
781 4503 1048 4571 actisque
1080 4503 1233 4556 facta
1272 4502 1625 4568 ostenderat,
1660 4502 1716 4556 in
1753 4508 1973 4572 partem
2010 4521 2071 4558 se

430 4592 692 4645 inserens
715 4591 923 4660 agnitae
951 4591 1060 4643 sibi
1085 4607 1316 4661 quoque
1335 4591 1743 4662 damnatisque
1769 4592 1959 4661 palam
1986 4592 2070 4645 in-

420 4680 613 4749 jurize,
628 4685 682 4733 et
705 4678 896 4732 locum
920 4677 1182 4733 insidens
1204 4679 1358 4733 unde
1381 4679 1580 4749 inique
1599 4677 1909 4749 depulsum
1930 4696 2069 4749 que-

428 4773 553 4821 stus
586 4771 739 4821 esset
769 4767 1053 4821 viventem
1079 4769 1269 4821 adhuc
1298 4768 1688 4837 patriarcham
1715 4768 2067 4839 legitimum.

430 4856 642 4909 Verum
678 4854 787 4909 hoc
817 4870 949 4908 cum
985 4860 1139 4909 esset
1180 4855 1263 4909 illi
1306 4871 1617 4910 commune
1647 4873 1779 4911 cum
1814 4858 1925 4911 alio
1956 4856 2066 4911 cri-

432 4960 585 5010 men,
618 4942 732 4997 alia
786 4947 905 4997 erat
960 4942 1271 5011 peculiaris
1320 4960 1445 5013 quas
1502 4942 1664 4997 illum
1699 4945 2073 4999 vehementer

430 5031 703 5101 gravabat
727 5031 965 5086 invidia.
985 5031 1223 5086 Utenim
1246 5031 1573 5085 Germanus
1596 5047 1773 5102 supra
1790 5031 2067 5100 injuriam

430 5118 648 5173 exclusi
680 5119 907 5174 Arsenii
955 5120 1187 5189 propria
1230 5118 1531 5173 laborabat
1561 5119 1803 5173 infamia
1835 5125 2067 5173 mutatae

430 5216 631 5260 contra
644 5224 895 5261 canones
916 5208 1014 5260 sed
1027 5209 1072 5259 is
1086 5210 1399 5260 ettzonstan
1412 5206 1773 5277 tinopolitani
1792 5224 1857 5261 ex
1869 5208 1948 5260 Ad
1960 5207 2069 5261 ria-

433 5295 768 5365 nopolitano
801 5296 1126 5349 transcensi
1179 5294 1393 5363 throni,
1422 5293 1505 5349 sic
1549 5299 1605 5349 et
1651 5294 1977 5350 offendebat
2006 5297 2062 5349 in

434 5383 584 5437 315
609 5383 859 5453 Josepho
885 5386 1158 5453 probrum
1187 5383 1267 5435 illi
1293 5383 1391 5435 uni
1424 5382 1772 5437 conveniens
1796 5384 2065 5454 idemque

434 5472 545 5524 lato
578 5472 967 5538 d.ll‘amatum,
1001 5474 1151 5540 quod
1184 5470 1347 5523 illum
1383 5471 1613 5525 aiebant
1644 5471 1697 5524 in
1732 5489 2062 5527 excommu-

435 5559 783 5614 nicationem
835 5558 1172 5629 incurrisse,
1221 5558 1333 5615 sub
1376 5561 1545 5630 cujus
1596 5560 2062 5617 interminatione

2182 4508 2513 4561 subsessori
2546 4507 2790 4573 Arsenii,
2822 4525 3041 4579 proque
3075 4507 3174 4563 illo
3207 4508 3330 4563 solo
3364 4524 3493 4561 vero
3525 4506 3813 4577 legitimo-

2181 4612 2314 4665 que,
2347 4597 2517 4665 cujus
2540 4614 2879 4667 oppressam
2914 4598 3304 4653 innocentiam
3336 4596 3632 4650 vindicare
3652 4599 3812 4665 opta-

2182 4684 2342 4751 bant,
2394 4684 2720 4754 patriarcha
2770 4690 3175 4740 momentanea
3224 4686 3616 4751 conversione,
3660 4682 3815 4737 velut

2184 4772 2488 4825 temerario
2509 4772 2716 4842 tegulas
2740 4773 2929 4843 lapsu,
2945 4778 3179 4844 repente
3197 4772 3497 4843 supposito
3518 4770 3817 4825 subintru-

2180 4875 2361 4928 soque
2382 4860 3019 4930 pseudoantistiti.Quaa
3033 4860 3321 4930 Iosephus
3338 4859 3505 4914 initia
3521 4858 3815 4913 tumultus

2180 4946 2672 5016 animadvertens,
2700 4952 2756 5002 et
2788 4948 3028 5002 minime
3058 4949 3474 5004 contemnenda
3500 4950 3655 5001 recte
3677 4961 3813 5000 cen-

2179 5051 2335 5100 sens,
2357 5035 2527 5089 talem
2557 5052 2755 5091 eorum
2779 5037 3197 5106 sopiendorum
3223 5037 3503 5091 rationem
3528 5034 3814 5104 iniit,quaa

2178 5122 2358 5177 mullo
2389 5124 2880 5180 vehementiorem
2913 5125 2969 5179 in
3012 5126 3207 5195 ipsum
3240 5126 3467 5179 invidia:
3512 5124 3812 5177 ﬂammam

2178 5212 2699 5267 accenderet.Cum
2725 5212 2879 5267 enim
2913 5214 3174 5268 adhibito
3198 5214 3251 5267 in
3278 5212 3589 5267 consilium
3614 5211 3815 5264 doiore

2174 5299 2547 5353 contumelia:
2571 5301 2836 5371 propriae,
2853 5303 3022 5369 cujus
3041 5301 3307 5356 acerrimi
3325 5303 3462 5355 sunt
3477 5298 3702 5353 stimuli
3726 5315 3811 5351 er-

2175 5402 2249 5457 ga
2265 5387 2375 5440 sibi
2398 5394 2549 5441 recte
2563 5389 2827 5443 conscias
2848 5389 3334 5455 mentes,omnino
3354 5388 3465 5443 sibi
3480 5386 3811 5441 faciendum

2172 5474 2483 5529 statuisset
2523 5483 2587 5530 ut
2630 5482 2896 5532 auctores
2945 5478 3172 5547 injurias
3204 5494 3321 5547 qua
3349 5474 3811 5543 conﬂictabatur,

2170 5568 2272 5619 aut
2301 5563 2372 5618 de
2420 5566 2711 5621 sententia
2765 5566 3079 5623 deduceret
3109 5571 3212 5621 aut
3240 5566 3311 5621 de
3337 5564 3527 5621 medio
3560 5561 3810 5618 tolleret:
