4162 6292
343 335 461 393 765

1424 352 1522 405 DE
1560 352 1928 407 MICHAELE
1965 350 2407 408 PALEOLOGO
2440 354 2574 407 LIB.
2616 354 2712 407 IV.

3630 346 3739 404 766

347 461 708 534 ἀμειλίκτους
735 466 838 534 τήν
870 461 1130 539 ἔνστασιν,
1186 469 1435 541 κολάζειν
1494 472 1753 546 ᾑροῦντο,
1782 473 1989 529 Ἀνατί-
2020 478 2075 542 Α
2103 478 2199 527 τοῦ
2257 475 2509 547 σώματος
2542 474 2803 549 ἰσχυρῶς,
2835 475 2910 536 ὡς
2949 474 3219 535 πολλάκις
3245 476 3342 526 τοῦ
3376 472 3547 544 μηνὸς
3576 473 3610 539 ἢ
3644 470 3735 526 καὶ

349 551 708 606 Oc1ai1ui'vuv
749 556 814 607 τὰ
870 556 1227 625 περὶτούτων
1272 564 1349 630 τῷ
1400 561 1776 635 Ἀκροπολίτῃ
1822 568 1994 635 Γεωρ-

344 639 456 715 γίῳ
484 641 571 694 καὶ
605 641 681 701 εἷς
735 642 1032 716 λογοθὲτας
1066 647 1285 720 μεγάλῳ
1316 649 1400 702 καὶ
1429 652 1580 725 σοφῷ
1618 651 1683 703 τὰ
1735 650 1989 721 μάλιστα,

346 728 495 795 πλὴν
524 727 1001 802 κατημελημένως
1031 738 1139 786 τῶν
1173 734 1249 796 εἲς
1304 734 1605 806 συνείδησιν
1649 737 1855 811 ἔχοντι,
1890 736 1989 792 Καὶ

345 813 415 883 δὴ
474 816 560 870 ἐπὶ
620 817 792 878 οἰκίας
842 819 1117 895 ἐπαγαγὼν
1168 823 1426 897 χαλεπῶς
1474 826 1718 898 ᾐκίζετο,
1770 818 1988 899 δαίρων,

340 909 692 977 κρεμαννύων
722 952 735 976 ,
794 910 1097 977 μαστίζων,
1150 911 1277 973 τοὺς
1326 910 1383 966 δὲ
1432 934 1494 987 γε
1533 916 1812 986 κρείττους
1859 912 1990 967 ἐκεί-

342 1014 449 1045 νων
504 994 592 1046 καὶ
644 996 851 1065 ἀτιμῶν
900 1002 979 1068 τῷ
1006 999 1078 1050 δι’
1122 999 1322 1072 ἀγορᾶς
1379 998 1724 1073 θριαμϐεύειν
1775 1003 1985 1073 ἀτίμως

345 1079 432 1134 ἐπ’
514 1081 713 1145 αἰτίαις
784 1084 1060 1147 κακίσταις
1137 1090 1226 1140 καὶ
1303 1089 1730 1163 πεπλασμέναις,
1792 1088 1988 1164 ἄνδρας

345 1169 492 1224 πολὺ
549 1172 609 1224 τὸ
669 1171 988 1244 ἀξιοπρεπὶς
1040 1174 1267 1249 ἔχοντας
1326 1176 1386 1232 ἐκ
1434 1184 1530 1232 τοῦ
1583 1180 1704 1253 βίου
1753 1181 1842 1233 καὶ
1889 1186 1986 1247 τῆς

348 1262 496 1332 σφῶν
530 1259 917 1328 καταστάσεως,
951 1262 1043 1324 οὓς
1092 1264 1181 1317 καὶ
1234 1267 1365 1337 μετά
1411 1268 1473 1321 τὸ
1517 1273 1727 1342 πικρῶς
1759 1269 1834 1329 ὡς
1867 1269 1980 1321 οἶόν

338 1365 401 1398 τε
437 1344 711 1416 μετελθεῖν
754 1349 982 1424 ἐξορέαις
1034 1349 1234 1420 ἐδίδου,
1282 1355 1409 1416 τοὺς
1455 1357 1692 1429 καθάπαξ
1740 1363 1838 1424 τῆς
1884 1360 1984 1431 γῆς

337 1434 433 1487 καὶ
491 1439 596 1487 τῶν
643 1435 846 1509 γηίνων
904 1439 1294 1513 ἐξωρισμὲνους
1332 1487 1344 1500 .
1408 1444 1511 1499 Καὶ
1567 1444 1689 1499 τότε
1750 1445 1982 1517 πρώτως

344 1520 584 1585 πολλοῖς
641 1524 902 1581 ἐπέκλασε
958 1529 1050 1590 τὰς
1106 1528 1437 1601 συνειδήσεις
1494 1535 1520 1587 6
1553 1534 1770 1610 Ἰωσὴφ,
1800 1535 1889 1587 καὶ
1915 1538 1983 1608 τῇ

344 1611 552 1665 τούτων
613 1612 899 1687 παραθέσει
946 1618 973 1671 6
1022 1614 1315 1692 προλαϐὼν
1365 1621 1426 1674 τὸ
1474 1627 1714 1695 κρεῖττον
1771 1622 1985 1699 ἐφέρετο

345 1699 422 1761 ὡς
472 1698 640 1771 μηδὲν
692 1700 882 1774 μηδενὶ
936 1703 1245 1779 ἐνοχλήσας
1301 1709 1488 1771 καθότι
1519 1710 1608 1763 καὶ
1661 1698 1889 1785 λέγοιεν.
1921 1714 1985 1790 ᾪ

344 1786 414 1854 δὴ
468 1790 557 1841 καὶ
607 1790 634 1843 ὁ
688 1797 899 1863 κρατῶν
942 1793 1029 1847 καὶ
1058 1795 1210 1858 αὖθις
1234 1796 1459 1870 ἐχρῆτο,
1492 1799 1580 1851 καὶ
1609 1798 1811 1873 πατέρα
1842 1786 1981 1853 divo;

346 1882 501 1946 μαζε,
560 1878 646 1930 καὶ
708 1879 783 1942 εἰς
843 1880 1047 1954 βουΛήν
1109 1884 1242 1958 εἶχε,
1300 1885 1389 1938 καὶ
1440 1884 1514 1946 εἷς
1561 1884 1745 1940 πολλὰ
1776 1886 1980 1961 ἐχρῆτο

340 1962 710 2036 συλλήπτορι,
738 1968 823 2020 καὶ
854 1965 1029 2036 ἡδέως
1079 1970 1250 2037 ἤκουε
1305 1972 1704 2044 μεσιτεύοντος.
1746 1976 1844 2030 Ἦν
1878 1976 1979 2051 γὰρ

342 2051 372 2103 6
430 2050 710 2124 ἅνθρωπος
765 2056 852 2109 καὶ
911 2060 990 2127 τῷ
1046 2058 1239 2130 κόσμῳ
1288 2060 1610 2137 σύντροφος,
1663 2063 1751 2115 καὶ
1812 2050 1979 2125 δεινὸς

344 2138 593 2203 ὑπελθεῖν
654 2140 908 2217 ἄρχουσι,
962 2145 1050 2198 καὶ
1082 2151 1262 2200 πεῖσαι
1290 2143 1379 2201 ὅτε
1424 2150 1630 2222 καιρὸς,
1691 2150 1777 2203 καί
1810 2152 1978 2223 θυμὸν

346 2226 577 2299 μαλάξαι
627 2230 716 2283 καὶ
773 2232 1038 2306 ἀγριᾶναι·
1101 2235 1232 2309 Εἶχε
1285 2233 1341 2290 δὲ
1398 2235 1489 2291 σὺν
1548 2240 1615 2310 τῇ
1653 2238 1845 2312 γνώμῃ
1891 2240 1979 2293 καὶ

344 2442 533 2513 primo
567 2458 681 2496 non
720 2445 1066 2501 succedente
1130 2449 1446 2519 (quomodo
1505 2450 1658 2505 enim
1719 2451 1988 2508 homines

344 2536 512 2602 capto
543 2533 934 2587 communiter
965 2535 1185 2605 impetu
1218 2537 1369 2591 816
1401 2538 1853 2594 irrevocabiliter
1884 2559 1983 2594 ru-

343 2624 510 2674 entes
541 2618 752 2673 blande
782 2637 847 2674 ac
878 2623 1193 2692 tranquille
1234 2625 1569 2681 deducendo
1620 2628 1872 2697 placaret
1916 2646 1983 2683 ac

344 2708 630 2779 sisteret?)
652 2712 909 2779 potentia
934 2712 1439 2787 imperatoris,pro
1465 2718 1652 2789 gratia
1684 2735 1799 2789 qua
1829 2722 1979 2790 apud

350 2795 523 2850 illum
553 2798 838 2869 praecipua
867 2801 1120 2867 valebat,
1146 2804 1214 2857 ad
1246 2802 1493 2860 alterum
1526 2806 1897 2863 efﬁciendum
1928 2809 1982 2863 vi

352 2901 505 2939 saeva
528 2886 1193 2946 incubuit.Demandavit
1211 2897 1402 2948 autem
1426 2895 1721 2966 negotium
1740 2896 1981 2967 Georgio

347 2974 685 3046 Acropolitaa
706 2977 858 3032 inter
882 2978 1209 3050 logotbetas
1232 2990 1528 3053 magno,et
1550 2984 1606 3038 in
1632 2985 1835 3052 primis
1858 3002 1985 3040 eru-

345 3063 467 3117 dito
489 3064 941 3136 callidoque,sed
964 3072 1332 3125 conscientiae
1357 3089 1563 3141 parum
1600 3075 1983 3139 temeraa,mi-

342 3151 692 3223 nimumque
724 3155 889 3224 pensi
922 3155 1135 3211 habere
1166 3157 1224 3212 in
1258 3160 1432 3215 rebus
1462 3160 1732 3231 gerendis
1764 3163 1983 3218 credito

345 3240 483 3312 quid
519 3241 606 3295 fas
633 3247 690 3296 et
720 3244 978 3298 ofﬁcium
1013 3247 1407 3302 moneret.llle
1433 3249 1609 3317 igitur
1638 3250 1843 3305 domos
1873 3251 1981 3305 ob-

344 3332 471 3385 iens
496 3330 835 3399 patriarchae
859 3332 1270 3391 obtrectatores
1292 3336 1613 3407 prehensas
1634 3339 1979 3407 abducebat,

344 3434 584 3485 vexans,
617 3420 866 3483 caadens,
900 3422 1302 3491 proscindens,
1348 3427 1737 3496 suspendens,
1786 3428 1982 3498 ﬂagel-

348 3505 601 3577 lans,qui
625 3524 755 3562 vero
780 3509 930 3562 inter
954 3509 1084 3565 illos
1106 3513 1427 3567 eminerent
1448 3514 1983 3585 dignitate,probris

346 3594 740 3650 dehonestans
773 3612 839 3651 ac
884 3614 983 3668 per
1034 3600 1156 3654 fora
1202 3600 1591 3671 ignominioso
1645 3604 1978 3669 traducens,

345 3682 646 3751 pretentis
678 3699 842 3751 verae,
877 3701 1049 3754 quam
1084 3687 1331 3753 celabat,
1363 3704 1551 3741 causae
1591 3689 1981 3745 odiosissimis

340 3770 531 3839 iisque
562 3771 822 3825 conﬁctis
856 3771 1220 3841 criminibus,
1254 3775 1600 3830 intolerabili
1652 3777 1849 3847 utique
1897 3787 1977 3849 ty-

337 3860 584 3914 rannide
615 3860 750 3914 viris
782 3868 915 3915 ante
947 3862 1276 3930 conspicuis
1299 3868 1355 3916 et
1376 3863 1657 3919 inoffenso
1682 3882 1855 3919 cursu
1886 3868 1981 3920 h0-

338 3948 500 4001 noris
530 3950 768 4001 eatenus
800 3950 853 4001 in
891 3949 1003 4003 vita
1034 3951 1191 4016 usis;
1240 3968 1384 4020 quos
1437 3952 1612 4006 etiam
1664 3959 1975 4024 postquam

336 4035 441 4091 tali
493 4036 803 4091 acerbitate
844 4038 1254 4105 deformasset,
1288 4040 1458 4094 exilio
1492 4042 1799 4108 multabat,
1834 4042 1977 4096 nihil

337 4130 600 4179 sanctam
637 4126 917 4179 reveritus
952 4127 1369 4196 professionem
1406 4127 1832 4198 religiosorum,
1878 4131 1973 4200 qui

339 4213 514 4268 semel
539 4213 804 4267 abdicato
832 4216 1051 4268 mundo
1075 4215 1300 4271 exsules
1324 4233 1383 4270 se
1405 4222 1568 4271 terrae
1592 4218 1660 4271 ad
1688 4219 1972 4273 coalestem

339 4301 491 4355 ultro
518 4303 1014 4356 conversationem
1043 4304 1502 4359 transtulissent.
1531 4306 1804 4359 Fructum
1838 4323 1973 4360 con-

339 4390 456 4444 silii
490 4389 619 4445 talis
653 4391 808 4443 hunc
836 4390 1127 4461 Josephus
1160 4392 1317 4459 tulit,
1347 4398 1410 4447 ut
1442 4393 1757 4448 multorum
1793 4396 1889 4464 qui
1926 4396 1974 4449 ei

335 4480 372 4534 h
385 4483 622 4532 actenus
636 4480 984 4533 studuerant
997 4479 1103 4533 hac
1117 4479 1387 4535 violentia
1402 4482 1787 4536 conscientias
1801 4483 1973 4536 offen-

2100 570 2199 631 τῆς
2231 558 2534 635 ἑϐδομάδος
2590 562 2760 617 ἐνίοτε
2816 560 3084 637 πρόσοδον
3123 562 3392 615 ποιεῖσθαι
3422 561 3557 634 πρὸς
3592 561 3739 634 βασι-

2102 648 2219 719 λέα,
2250 655 2410 704 1051.0
2474 653 2565 722 μὲν
2610 651 2699 705 καὶ
2731 651 2820 725 ἀφ’
2850 651 3060 719 ἑαυτοῦ,
3109 653 3269 703 τοῦτο
3303 646 3358 702 δὲ
3396 648 3482 702 καὶ
3532 645 3733 701 καλού-

2106 758 2284 809 μενος.

2096 855 2197 917 κθ’.
2227 859 2411 913 Ὀπως
2444 852 2831 908 ἀποστέλλεται
2865 855 2938 908 εἰς
2973 852 3221 907 Παιονίαν
3273 852 3403 923 μετᾶ
3429 854 3525 923 τοῦ
3569 847 3734 923 μεγά-

2171 922 2274 978 λου
2307 923 2497 985 δουκὸς
2528 930 2623 979 τοῦ
2648 927 2885 997 Λασκαρι
3018 922 3563 997 προπατριαρχεύσας
3587 922 3731 997 Ἰίερ-

2172 996 2352 1067 μανὸς,
2385 996 2626 1050 κάκεῖθεν
2673 990 2850 1069 ἤγαγε
2896 990 3110 1072 νύμφὴν
3168 990 3246 1065 τῷ
3299 990 3402 1048 τοῧ
3457 990 3730 1068 βασιλέως

2170 1067 2292 1137 υἱῷ,
2324 1067 2411 1121 καὶ
2444 1067 2940 1143 προσεστὲιρθήσαν.

2168 1182 2249 1251 [Ρ.
2280 1183 2405 1253 214]
2464 1182 2609 1236 Ἐπεὶ
2672 1178 2728 1234 δὲ
2778 1201 2867 1234 και
2923 1182 2950 1233 ὁ
2982 1180 3096 1241 υἱὸς
3127 1184 3206 1250 τῷ
3241 1176 3453 1251 βασιλεῖ
3476 1174 3726 1250 ἥνδρωτο

2094 1266 2458 1343 Ἀνδρόνικος,
2515 1270 2573 1323 ὃν
2633 1270 2720 1323 καὶ
2773 1270 2847 1328 εἷς
2914 1266 3185 1341 βασιλείαν
3248 1264 3505 1339 διάδοχον
3537 1265 3610 1327 ὡς
3638 1266 3727 1318 καὶ

2091 1360 2198 1412 τῶν
2253 1357 2438 1412 ἄλλων
2491 1356 2750 1432 πρότερον
2811 1356 3207 1428 προητοίμαζε,
3258 1356 3346 1408 καὶ
3379 1352 3484 1407 ἔδει
3534 1372 3728 1425 συναρ-

2098 1446 2309 1517 μόττειν
2363 1447 2524 1499 αὐτὸν
2581 1450 2648 1519 τῇ
2690 1446 2967 1520 πρεπούσῃ
3025 1444 3260 1517 συζύγῳ,
3319 1444 3382 1496 τὸ
3440 1444 3534 1514 μὲν
3589 1440 3727 1514 πρὸς

2092 1534 2218 1595 τοὺς
2276 1532 2521 1594 Ἰταλοὺς
2571 1529 2955 1608 πρεσϐεύεσθαι
3015 1530 3216 1593 εὗόδως
3276 1531 3373 1585 οὐκ
3440 1531 3573 1603 εἶχε,
3632 1532 3727 1582 τοῦ

2096 1621 2380 1695 Καρούλου
2442 1622 2635 1694 μεταξὺ
2704 1623 2955 1694 κειμένου
3004 1622 3138 1675 κατὰ
3191 1622 3289 1688 τὴν
3351 1617 3609 1685 Πουλίαν,
3668 1616 3725 1671 ὅν

2094 1712 2180 1765 καὶ
2242 1709 2434 1785 ἐχθρὸν
2483 1711 2785 1785 ἀκήρυκτον
2829 1710 3018 1764 ἑαυτοῦ
3061 1708 3149 1763 καὶ
3193 1706 3477 1780 Ῥωμαίων
3537 1704 3727 1779 ἐγίνω-

2018 1838 2058 1899 B
2096 1820 2186 1853 σκε
2243 1796 2332 1853 διὰ
2384 1800 2482 1867 τήν
2542 1798 2704 1852 πόλιν
2754 1799 2929 1852 καὶτὸ
2964 1799 3096 1869 μετᾶ
3149 1800 3245 1850 τοῦ
3279 1792 3609 1850 Βαλδουίνου
3642 1790 3729 1846 ἐπὶ

2158 1892 2177 1899 _
2374 1887 2385 1899 .
2515 1886 2527 1899 .
2578 1891 2604 1899 _
2748 1884 2810 1899 Α
2953 1883 3013 1899 η,
3133 1884 3147 1899 ε
3253 1885 3267 1899 .
3340 1890 3392 1899 --
3506 1884 3522 1899 κ

2089 1892 2203 1948 τοῖς
2236 1887 2418 1940 παισὶν
2471 1886 2645 1940 αὒτῶν
2706 1884 2894 1955 κῆδοςο
2946 1883 3053 1955 ἤδη
3086 1884 3188 1959 γὰρ
3214 1885 3305 1938 τὸν
3340 1884 3532 1958 Μαιρρὶ
3560 1902 3725 1935 κατα-

2091 1973 2255 2036 λύσας
2304 1972 2665 2049 ἐμεγαλύνετο
2727 1976 2822 2049 pag
2882 1976 2909 2027 6
2966 1973 3228 2046 πρότερον
3289 1972 3495 2038 κόντος,
3529 1971 3603 2033 ὡς
3632 1972 3727 2022 τοῦ

2092 2062 2258 2138 ῥηγὸς
2288 2064 2566 2136 Φραγγίας
2597 2060 2954 2138 αὐτάδελφος·
3017 2064 3178 2115 τοῦτο
3228 2061 3327 2135 γάρ
3382 2059 3433 2113 οἱ
3463 2056 3551 2111 καί
3598 2078 3732 2128 συμ-

2088 2152 2478 2228 πεφωνημὲνος
2524 2152 2713 2224 μισθὸς
2739 2154 2804 2219 ἦν
2852 2151 2995 2225 παρὰ
3023 2157 3122 2218 τῆς
3154 2147 3479 2218 Ἐκκλησίας
3509 2153 3609 2215 τῆς
3640 2146 3727 2201 ἐπὶ

2087 2244 2168 2312 τῷ
2197 2241 2389 2316 Μαφρὲ
2417 2239 2810 2294 ἆποστατοῦντι
2842 2241 3041 2313 ὁρμῆς,
3074 2237 3132 2292 ἃν
3185 2237 3261 2300 εἰς
3314 2236 3471 2297 τὲλος
3528 2236 3727 2307 νικῴη.

2097 2470 2244 2524 opus
2265 2458 2439 2522 esset;
2458 2458 2585 2508 tum
2609 2455 2841 2508 eosdem
2870 2454 3097 2523 placare
3118 2452 3527 2521 concitareque
3558 2451 3731 2519 prout

2098 2560 2187 2597 res
2215 2549 2534 2614 poscerent.
2570 2543 2892 2597 Accedebat
2912 2542 3002 2595 his
3034 2540 3211 2595 animi
3244 2540 3411 2594 bonis
3441 2543 3496 2593 et
3527 2552 3727 2606 corpo-

2097 2631 2174 2685 ris
2204 2632 2382 2686 robur
2412 2630 2678 2701 palatinas
2712 2629 2930 2684 militiae
2953 2628 3251 2683 laboribus
3276 2644 3407 2697 par:
3437 2642 3540 2680 nec
3570 2623 3726 2679 enim

2096 2720 2245 2774 317
2281 2720 2437 2783 huic,
2474 2724 2537 2772 ut
2568 2718 2766 2773 multis
2793 2718 2945 2784 aliis,
2979 2717 3243 2771 obstabat
3273 2714 3538 2769 valetudo
3579 2729 3727 2781 quo-

2098 2808 2296 2862 minus
2322 2807 2536 2876 saapius
2565 2807 2625 2861 in
2658 2823 2879 2876 mense,
2911 2805 3203 2860 interdum
3255 2804 3387 2873 plus
3437 2800 3615 2857 semel
3664 2800 3724 2855 in

2097 2896 2481 2963 hebdomade,
2504 2894 2691 2951 adiret
2710 2896 3142 2967 imperatorem,
3178 2891 3389 2963 partim
3412 2889 3564 2945 ultro
3597 2904 3727 2959 par-

2092 2984 2199 3039 tim
2231 2983 2567 3039 accersitus.

2090 3099 2178 3153 29.
2218 3099 2281 3154 Ut
2311 3100 2508 3153 missus
2540 3100 2600 3172 in
2634 3096 2981 3172 Pannoniam
3013 3113 3135 3172 cum
3164 3110 3360 3172 magno
3408 3093 3570 3172 duce.
3594 3092 3726 3145 Las-

2165 3172 2283 3224 cari
2328 3169 2727 3244 expotriarcha
2756 3173 3083 3244 Germanus
3113 3166 3239 3244 inde
3267 3180 3516 3244 sponsam
3547 3166 3729 3244 imple:

2162 3240 2364 3296 rotari:
2400 3237 2520 3311 ﬁlio
2567 3240 2806 3310 duxerit,
2852 3249 3016 3308 utque
3061 3238 3189 3293 novi
3244 3237 3427 3307 sponsi
3483 3237 3729 3290 coronati

2159 3317 2304 3367 sunt.

2161 3427 2443 3490 Quoniam
2469 3443 2600 3482 vero
2625 3428 2747 3497 jam
2780 3426 2839 3479 in
2869 3425 3057 3479 virum
3090 3424 3422 3479 adoleverat
3444 3421 3599 3475 ﬁlius
3621 3420 3729 3473 im-

2090 3518 2375 3585 peratoris
2432 3516 2817 3583 Andronicus,
2852 3529 3023 3585 quem
3056 3514 3107 3567 is
3149 3517 3212 3566 ut
3268 3509 3723 3582 primogenitum

2090 3603 2202 3657 sibi
2263 3602 2626 3673 principatus
2686 3618 3086 3656 successorem
3146 3600 3500 3665 destinabat,
3559 3596 3727 3665 eique

2092 3696 2395 3762 propterea
2425 3691 2691 3743 idoneam
2720 3694 2841 3759 jam
2879 3707 3031 3743 nunc
3054 3690 3356 3757 conjugem
3381 3684 3725 3756 expediebat

2085 3777 2867 3850 jungere,circumspiciebat
2896 3780 3194 3846 Augustus
3227 3775 3324 3829 ubi
3345 3775 3415 3829 ad
3441 3774 3495 3827 id
3522 3778 3715 3842 aptam

2090 3868 2391 3922 inveniret.
2416 3869 2493 3920 Ac
2516 3882 2586 3919 ne
2611 3865 2778 3919 talem
2804 3866 2862 3917 in
2887 3864 3049 3918 Italia
3072 3867 3355 3932 quaereret
3379 3858 3721 3931 prohibebat

2089 3972 2342 4026 praesens
2376 3955 2452 4008 ibi
2504 3959 2688 4008 status
2722 3968 2936 4007 rerum.
2964 3952 3262 4022 Regnabat
3285 3949 3343 4001 in
3372 3946 3715 4017 Apulia,hoc

2086 4051 2173 4098 est
2190 4045 2244 4096 in
2268 4050 2427 4112 parte
2448 4042 2622 4095 ltalize
2637 4040 2911 4095 Orientali
2932 4033 3715 4108 obversaimperio,Carolus,

2086 4132 2275 4202 palam
2300 4137 2357 4186 et
2377 4130 2830 4184 irrevocabiliter
2851 4122 3507 4197 Constantinopolitanis
3530 4122 3719 4175 infen-

2085 4239 2187 4275 sus
2209 4220 2281 4274 ob
2303 4224 2557 4290 ereptam
2581 4218 2801 4273 Latinis
2824 4217 3023 4271 urbem
3048 4216 3413 4285 ejectumque
3433 4211 3566 4263 inde
3590 4209 3723 4263 Bal-

2084 4308 2598 4378 duinum,quicum
2622 4307 2730 4378 ipsi
2756 4306 3058 4360 afﬁnitatis
3076 4308 3233 4357 arcta
3250 4299 3617 4355 necessitudo
3635 4298 3719 4351 in-

2084 4395 2434 4457 tercedebat,
2466 4394 2663 4447 liberis
2702 4394 3008 4447 amborum
3062 4388 3349 4445 connubio
3401 4386 3712 4440 foederatis.

2084 4484 2266 4545 Quare
2301 4484 2674 4536 manifestum
2708 4488 2833 4534 erat
2860 4481 3066 4549 legatis
3099 4475 3450 4539 Romanis,si
3485 4476 3625 4528 forte
3655 4474 3731 4539 in,

337 4569 498 4621 deret
534 4568 636 4621 abs
670 4584 845 4637 seque
878 4567 1157 4623 alienaret
1188 4568 1536 4624 voluntates.
1572 4572 1971 4641 Apparuitque
2006 4558 2049 4621 [)
2084 4568 2416 4624 ulteriorem
2454 4569 2821 4623 mitterentur
2853 4569 3075 4622 Italiam
3112 4566 3239 4619 ﬁliae
3271 4564 3577 4633 cujusdam
3618 4561 3714 4616 ille

331 4656 472 4710 inde
489 4661 705 4725 quanto
725 4656 939 4709 saniori
959 4657 1201 4711 consilio
1217 4659 1484 4712 decessor
1501 4660 1627 4725 ejus
1646 4658 1814 4712 Germ
1827 4676 1972 4713 anus

334 4747 392 4798 in
416 4744 784 4797 incommodo
808 4744 983 4797 simili
1012 4745 1217 4799 fuisset
1248 4747 1827 4812 usus,contumeliam
1854 4749 1972 4801 dis-

338 4832 714 4895 simulans,et
743 4832 956 4884 nemini
986 4833 1308 4886 molestiam
1335 4850 1399 4887 eo
1424 4835 1657 4886 nomine
1684 4836 1974 4889 facessens

335 4923 489 4991 quod
526 4922 581 4974 in
614 4936 674 4974 se
707 4919 937 4991 quidvis
970 4921 1141 4974 aliter
1170 4937 1344 4990 quam
1376 4920 1549 4975 vellet
1594 4922 1976 4990 comperisset

335 5009 580 5061 dictum.
607 5009 752 5078 Ergo
789 5008 880 5061 hic
911 5009 1084 5062 etiam
1119 5014 1250 5079 post
1279 5026 1502 5075 casum;
1528 5014 1583 5062 et
1612 5010 1879 5063 redactus
1914 5012 1971 5064 in

336 5100 622 5163 ordinem,
684 5097 1114 5152 existimatione
1163 5098 1463 5169 gratiaque
1510 5099 1723 5165 floruit,
1774 5104 1974 5170 gratus

335 5189 448 5259 ipsi
484 5186 930 5256 principiPater
960 5187 1029 5240 ab
1060 5202 1125 5239 eo
1151 5192 1412 5253 vocatus,
1436 5188 1493 5241 in
1527 5188 1835 5241 consilium
1871 5190 1974 5241 ad-

333 5273 998 5342 hibitus,procuratione
1031 5273 1382 5327 demandata
1412 5276 1772 5341 negotiorum
1799 5275 1975 5329 hono-

336 5366 520 5421 ratus,
557 5364 614 5412 et
643 5359 888 5411 libenter
908 5374 973 5410 ac
1004 5358 1210 5413 effectu
1244 5360 1669 5429 impetrationis
1701 5370 1976 5430 sequente

336 5448 575 5503 auditus
608 5461 734 5498 cum
772 5461 871 5513 pro
926 5445 1130 5500 amicis
1180 5447 1584 5503 intercederet.
1638 5454 1772 5504 Erat
1818 5450 1971 5505 enim

335 5538 512 5591 homo
562 5533 887 5586 innutritus
941 5536 1180 5599 mundo,
1235 5538 1417 5589 multo
1468 5554 1569 5590 usu
1606 5539 1730 5590 vitae
1763 5539 1972 5605 civilis,

331 5624 631 5680 insinuare
652 5638 714 5677 se
737 5620 1098 5693 principibus
1121 5624 1336 5695 sciens,
1362 5628 1824 5699 persuadereque
1845 5645 1972 5700 quae

2082 4659 2159 4711 im
2172 4658 2386 4729 pcritan
2400 4658 2476 4711 tiu
2489 4675 2541 4711 m
2558 4662 2817 4726 Augusto
2834 4656 2948 4709 ﬁlio
2965 4654 3391 4725 poscendae,per
3404 4650 3716 4705 irreconci-

2084 4749 2315 4803 liabiter
2336 4749 2573 4801 infestos
2596 4752 2851 4800 Romano
2877 4746 3096 4799 nomini
3122 4750 3408 4798 terrarum
3436 4742 3714 4795 marium-

2040 4882 2041 4885 η
2084 4853 2195 4906 que
2228 4840 2448 4889 tractus
2480 4835 2678 4898 iter,ut
2711 4832 3221 4897 necessarium,ita
3253 4831 3491 4885 minime
3524 4834 3710 4883 tutum

2084 4923 2359 4977 fore.Jam
2384 4922 2538 4976 enim
2567 4923 2689 4976 Man
2702 4922 2856 4975 frcdo
2870 4921 3077 4975 aemulo
3093 4918 3358 4990 perculso
3373 4918 3715 4986 abjectoque

2083 5011 2265 5064 victor
2294 5010 2555 5076 Carolus,
2590 5012 2761 5063 frater
2790 5010 2941 5079 regis
2973 5010 3244 5076 Franciaa,
3279 5023 3346 5060 ex
3372 5010 3540 5060 conto
3592 5005 3712 5058 sive

2084 5099 2315 5162 comite,
2347 5100 2537 5169 qualis
2569 5098 2732 5169 prius
2766 5097 3100 5161 vocabatur,
3135 5096 3357 5165 regium
3409 5092 3712 5163 magniﬁce

2084 5203 2291 5241 nomen
2328 5190 2743 5257 assumpscrat,
2763 5185 2954 5254 ampla
2983 5200 3049 5239 ea
3078 5183 3341 5237 mercede
3372 5181 3442 5235 ab
3473 5178 3715 5235 ecclesia

2084 5280 2489 5330 remuneratus
2545 5277 2616 5329 ob
2679 5282 2946 5328 navatam
3006 5272 3053 5326 ei
3106 5271 3328 5325 ﬁdelem
3385 5274 3441 5322 et
3491 5269 3713 5323 felicem

2084 5382 2316 5435 operam
2350 5364 2408 5416 in
2444 5362 2725 5417 Manfredi
2759 5361 3075 5415 defectione
3111 5357 3444 5413 ulciscenda
3475 5356 3714 5425 ipsoque

2084 5452 2282 5508 rebelli
2317 5452 2697 5521 proﬁigando.
2731 5456 2863 5505 Haec
2896 5454 3173 5520 reputans
3221 5446 3537 5516 imperator
3581 5443 3713 5496 ani-

2083 5558 2242 5595 mum
2277 5546 2331 5593 et
2362 5556 2494 5609 spes
2526 5538 2697 5592 vertit
2728 5540 2782 5591 in
2835 5536 3209 5599 Pannoniam,
3259 5549 3443 5604 eoque
3490 5530 3708 5599 legatos

2084 5628 2337 5685 decrevit
2359 5629 2609 5681 mittere.
2646 5626 2760 5681 Rex
2790 5627 2870 5680 ibi
2900 5624 3313 5679 dominabatur
3342 5625 3564 5691 partem
3596 5616 3708 5672 Ro-
