4158 6280
526 337 643 394 767

1832 342 2133 400 GEORGII
2169 343 2628 399 PACHYHERB

3785 336 3873 390 768

535 462 687 517 Ἐπεὶ
748 465 915 517 ταῦτα
947 508 963 535 ,
1024 457 1164 537 ἔγνω
1219 462 1356 538 πρὸς
1413 462 1646 527 Παίονας
1711 464 1810 533 τὴν
1886 457 2169 538 πρεσϐείαν
2201 461 2542 543 Ατεμὲνους
2570 469 2670 532 τῆς
2698 466 2793 518 τοῦ
2824 465 2956 518 Θεοῦ
3012 458 3186 535 Λόγου
3235 455 3447 535 σοφίας,
3502 459 3597 510 τοῦ
3642 458 3876 543 πατριάρο

540 547 768 604 στεῖλαι’
831 553 857 605 6
921 551 1023 625 γὰρ
1056 551 1154 628 ῥήξ
1212 550 1429 606 ἐκείνων
1477 552 1593 614 υἱὸς
1651 551 2094 626 ἧνῬωμογενής
2122 552 2181 604 ἐκ

541 639 749 712 μητρὸς
775 644 853 709 τῷ
885 639 1011 715 ρηγί
1043 639 1327 714 γεννηθεὶς
1365 645 1466 708 τῆς
1509 642 1605 692 τοῦ
1634 638 1886 694 παλαιοῦ
1940 638 2176 712 Λάσ-καρι

536 726 840 801 θυγατρός.
901 729 1061 800 Τρεῖς
1115 726 1215 801 γὰρ
1282 726 1468 799 ἐκείνῳ
1530 725 1870 801 βασιλεύοντι
1925 724 2180 796 τηνικάδε

537 816 820 889 Θυγατέρες
879 815 1039 883 ἦσαν,
1098 816 1230 885 αὕτη
1284 814 1381 887 μία
1415 861 1426 882 ,
1484 815 1574 868 καὶ
1635 815 1915 886 θαυμαστὴ
1969 813 2174 888 Εἰρήνη

538 899 779 976 δευτέρα,
837 902 897 970 ἣν
956 903 982 955 ὁ
1041 904 1297 970 Ἰωάννης
1329 903 1477 976 σχὼν
1528 897 1841 956 ἐϐασίλευσε
1866 902 1957 955 τὸν
1990 914 2174 965 πενθε-

536 991 629 1064 ρὸν
684 988 1065 1062 διαδεξάμενος
1099 1035 1111 1055 ,
1170 991 1260 1043 καὶ
1311 991 1464 1064 τρίτη
1524 993 1558 1058 ἡ
1608 995 1685 1061 τῷ
1741 988 1962 1065 μεγάλῳ
2006 990 2176 1062 κυρίῳ

534 1080 673 1132 κατὰ
696 1079 792 1147 τὴν
822 1078 983 1132 πόλιν
1035 1076 1313 1141 ἐκδοθεῖσα
1362 1075 1614 1135 Εύδοκία.
1656 1078 1740 1147 Ἐξ
1788 1077 1997 1148 ἐκείνης
2046 1082 2174 1151 γοῦν

530 1173 629 1235 τῆς
658 1168 924 1240 προτέρας
969 1168 997 1221 6
1049 1173 1148 1235 τῆς
1179 1165 1434 1227 Παιονίας
1593 1170 1671 1237 τῷ
1713 1165 1843 1240 ῥηγὶ
1873 1166 1962 1220 καὶ
2012 1165 2175 1239 πατρὶ

534 1255 813 1330 γεννηθεὶς
886 1260 1116 1329 γυναῖκα
1171 1254 1309 1308 πάνυ
1375 1254 1576 1328 ὡραίαν
1637 1253 1696 1309 ἐκ
1762 1254 2028 1326 Κομάνων
2086 1253 2175 1308 καὶ

533 1342 921 1416 αἰχμάλωτον,
973 1342 1047 1404 ὡς
1093 1340 1367 1416 λέγουσιν,
1401 1339 1573 1412 ἐαυτῷ
1605 1339 1692 1396 διὰ
1736 1342 1798 1396 τὸ
1846 1340 2053 1403 κάλλος
2081 1342 2175 1416 ἀρ-

536 1430 846 1502 μοσάμενος
898 1430 1158 1506 θυγατέρα
1212 1435 1391 1505 γεννᾷ.
1448 1429 1653 1499 Ταύτην
1720 1430 1795 1492 ὡς
1847 1428 2030 1504 εὐγενῆ
2085 1430 2176 1485 καὶ

531 1517 731 1573 ἐκτῶν
766 1518 1083 1593 Λασκαρίων
1131 1517 1504 1593 καταγομένην
1563 1517 1948 1593 συναρμόττειν
2006 1518 2034 1571 ὁ
2087 1519 2179 1592 βα-

531 1605 715 1668 σιλεὺς
745 1601 1006 1661 ἐϐούλετο
1036 1607 1115 1678 τῷ
1145 1607 1268 1677 υἱῷ.
1323 1606 1426 1661 Καὶ
1460 1604 1526 1673 δὴ
1575 1605 1651 1669 εἷς
1696 1600 1980 1677 πρεσϐείαν
2030 1604 2176 1661 ἐκλέ-

530 1715 685 1770 γεται
716 1696 838 1769 περὶ
882 1695 1089 1750 τούτων
1121 1695 1212 1749 τὸν
1267 1694 1372 1748 ἀπὸ
1419 1695 1774 1769 πατριαρχῶν
1822 1697 2013 1748 τοῦτον
2044 1699 2176 1767 Γερ-

533 1785 696 1857 μανὸν
749 1784 837 1839 καὶ
895 1786 984 1839 τὸν
1050 1783 1215 1858 μέγαν
1265 1782 1432 1838 δοῦκα
1478 1784 1567 1838 τὸν
1613 1783 1880 1856 Λάσκαριν
1919 1829 1933 1852 ,
1978 1782 2173 1857 ἔξωρον

530 1870 638 1943 ἤδη
691 1867 842 1943 ὄντα,
876 1872 965 1927 διὰ
994 1874 1055 1927 τὸ
1103 1872 1239 1947 πρὸς
1292 1871 1493 1925 ἐκεῖνον
1534 1872 1705 1926 αὐτοῦ
1745 1872 2019 1945 συγγενὲς·
2080 1876 2176 1925 τοῦ

528 1962 633 2035 γὰρ
688 1960 916 2015 πάππου
972 1962 1063 2015 τὸν
1113 1961 1284 2015 τόπον
1339 1964 1420 2031 τῷ
1477 1959 1602 2035 ῥηγὶ
1660 1956 1909 2035 ἐπλήρου
1941 1958 2038 2014 ὅσα
2085 1958 2175 2015 καὶ

532 2046 766 2126 ἀδελφὸς
827 2053 924 2103 τοῦ
982 2049 1223 2122 Λάσκαρι
1266 2046 1554 2119 βασιλέως.
1588 2048 1656 2103 Οἳ
1688 2045 1754 2116 δὴ
1787 2048 1876 2102 καὶ
1910 2047 2173 2102 ἀπελθόν-

528 2158 615 2199 τες
672 2140 811 2210 πεζῇ
866 2137 933 2192 τὰ
984 2145 1083 2206 τῆς
1141 2132 1424 2213 πρεσϐείας
1456 2133 1752 2211 ἐπλήρουν,
1806 2137 1894 2191 κικῖ⁸
1949 2139 2048 2205 τήν
2080 2141 2176 2191 τοῦ

535 2225 709 2301 ῥηγὸς
742 2228 1004 2300 θυγατέρα
1053 2231 1131 2296 τῷ
1187 2226 1291 2297 υἱῷ
1335 2223 1432 2279 τοῦ
1476 2225 1559 2297 [Ρ.
1590 2228 1715 2297 215]
1761 2223 2030 2299 βασιλέως
2085 2225 2175 2280 καὶ

538 2313 756 2387 βασιλεῖ
802 2314 1023 2388 νύμφην
1083 2315 1354 2393 φέρουσιν,
1493 2311 1560 2382 δὴ
1619 2314 1708 2367 καὶ
1758 2315 1955 2370 ’Λνναν
2002 2310 2177 2386 ὄνομα

535 2400 750 2470 τίθησιν
807 2402 834 2455 6
889 2406 1127 2476 κρατῶν,
1185 2399 1274 2456 καί
1328 2406 1643 2475 περιφανεῖς
1671 2399 1799 2462 τοὺς
1837 2401 2046 2476 γάμους
2093 2422 2175 2455 τε·

528 2485 621 2543 λεῖ
679 2488 815 2564 αὐτῇ
860 2510 917 2545 τε
944 2490 1032 2544 καὶ
1087 2493 1166 2561 τῷ
1198 2490 1301 2561 υἱῷ
1341 2487 1429 2543 ἐπὶ
1484 2492 1581 2543 τοῦ
1628 2487 1774 2552 θείου
1803 2487 1890 2542 καὶ
1927 2486 2169 2563 μεγάλου

529 2706 688 2762 mani
720 2706 950 2778 generis
980 2722 1050 2761 ex
1092 2709 1275 2761 matre
1321 2704 1561 2761 trahens
1609 2702 1857 2760 senioris
1905 2703 2170 2760 Lasearis

533 2794 671 2849 filia.
706 2794 851 2849 Huic
885 2793 1037 2848 enim
1067 2795 1220 2864 apud
1253 2809 1357 2849 nos
1385 2792 1728 2865 imperantis
1756 2796 1876 2848 tres
1911 2796 2170 2847 tantum-

530 2884 706 2939 modo
730 2882 861 2938 ﬁliae
888 2883 1143 2951 fuerunt,
1178 2898 1424 2953 quarum
1451 2899 1567 2937 una
1586 2881 1708 2954 regi
1739 2891 1919 2953 nupta
1941 2881 2170 2936 Panno-

529 2968 639 3022 nia;
656 2969 842 3039 ipsius
863 2969 964 3023 filii
988 2985 1142 3024 nunc
1158 2968 2174 3040 regnantisgenitrixexstitit.Altera

534 3055 746 3112 Joanni
772 3057 893 3111 viro
916 3056 1229 3129 imperium
1256 3074 1289 3111 a
1311 3074 1506 3113 socero
1530 3056 1949 3112 transmissum
1973 3071 2169 3110 secum

2207 1835 2254 1899 B

2287 569 2393 624 χου
2445 553 2643 625 Ἰωσὴφ
2701 548 3119 624 εὐλογήσαντος.
3178 544 3275 601 Καὶ
3332 545 3478 604 αὖθις
3526 547 3620 598 τοῦ
3666 542 3875 607 ἐπιόντος

2286 636 2439 702 ἔτους
2506 639 2678 711 μηνὸς
2721 642 3113 712 Μουνυχιῶνος
3173 632 3339 707 ὀγδόῃ
3375 629 3666 708 βασιλικῶς
3717 631 3876 694 αὐτοὺς

2287 726 2380 780 σὺν
2409 731 2490 797 τῷ
2511 731 2939 801 πατριαρχοῦντι
2990 726 3017 778 ὁ
3073 721 3326 798 βασιλεὺς
3355 720 3444 775 καὶ
3492 721 3664 793 πατὴρ
3691 727 3878 794 ταινιοῖ,

2285 813 2375 869 καί
2407 815 2457 868 οἱ
2490 815 2562 876 ὡς
2615 812 2828 887 βασιλεῖ
2855 814 2922 868 τὰ
2976 817 3074 876 τῆς
3108 812 3388 884 θεραπείας
3447 809 3577 881 πρὸς
3633 807 3690 861 τὸ
3744 830 3880 882 μεγα-

2289 901 2561 977 λειότερον
2625 903 2935 960 ἀποτάττει.
2995 899 3186 957 Τάττει
3248 897 3303 953 δὲ
3333 898 3508 968 τούτῳ
3555 898 3639 950 καὶ
3664 897 3878 969 τρίατῶν

2288 991 2553 1068 ὀφφικίων
2612 988 2761 1052 ἰδίως
2819 994 2894 1054 ὡς
2952 992 3232 1063 ἀναγκαῖα,
3282 986 3490 1041 καὶτὸν
3545 986 3636 1056 μὶν
3682 981 3882 1039 Λιϐαδά-

2287 1099 2403 1152 ριον
2432 1080 2725 1152 πιγκὲρνην
2785 1077 3203 1145 ἀποκαθίστησι,
3260 1076 3353 1129 τὸν
3409 1071 3467 1128 δέ
3521 1093 3583 1147 γε
3636 1074 3881 1146 Βρυὲννιον

2286 1165 2371 1220 ἐπὶ
2408 1174 2506 1234 τῆς
2549 1166 2820 1240 τραπέζης
2876 1171 3031 1239 τιμᾷ,
3090 1165 3180 1219 καὶ
3208 1162 3391 1238 τρίτον
3447 1163 3539 1215 τὸν
3588 1159 3643 1214 ἐκ
3687 1165 3884 1235 Χριστοῦ

2285 1252 2503 1317 πόλεως
2534 1254 2955 1328 Τζαμπλάκωνα
3000 1257 3161 1308 τατᾶν
3200 1259 3298 1323 τῆς
3350 1247 3519 1318 αὐλῆς
3565 1248 3718 1304 αὐτοῦ
3760 1246 3884 1323 ἐγκασ

2286 1345 2532 1413 θίστησιν
2569 1387 2583 1400 .
2644 1345 2975 1419 Εὐτρὲπιστο
3037 1345 3223 1417 μέντοι
3279 1341 3460 1413 τούτῳ
3515 1339 3602 1394 καὶ
3661 1338 3886 1414 βακτηρία

2290 1431 2547 1509 βασιλική
2580 1440 2758 1509 χρυσῆ
2797 1430 3090 1506 ὑπόξυλος,
3148 1430 3200 1493 ἐς
3262 1428 3290 1485 ὃ
3339 1433 3552 1504 κρατεῖν
3581 1426 3767 1495 ταύτην
3816 1425 3885 1480 ἐπὶ

2284 1526 2392 1576 τῶν
2454 1523 2611 1584 θείων
2669 1519 2891 1594 ὕμνων,
2942 1521 3016 1582 ὡς
3073 1518 3234 1588 ἔθος,
3281 1517 3373 1572 σὺν
3431 1521 3510 1588 τῷ
3563 1514 3754 1590 πατρί.
3805 1513 3885 1568 Καὶ

2286 1608 2534 1686 ἐπράχθη
2589 1608 2678 1665 καὶ
2709 1607 2854 1681 τόδε,
2904 1608 3040 1679 ἅπαξ
3070 1608 3105 1678 ἢ
3153 1609 3243 1662 καὶ
3273 1605 3522 1680 δεύτερον
3572 1607 3607 1673 ἦ
3637 1604 3722 1658 καὶ
3748 1600 3884 1657 πλέον

2285 1701 2445 1770 ἡμῶν
2500 1694 2726 1752 ἰδόντων
2786 1701 3108 1772 κρατοῦντα.
3142 1697 3366 1752 Ἔπειτα
3396 1692 3553 1763 δόξαν
3584 1696 3658 1763 τῷ
3709 1688 3891 1765 βασιλεῖ

2287 1785 2438 1858 (μίαν
2468 1786 2570 1859 γὰρ
2603 1786 2732 1839 εἶναι
2780 1785 2878 1853 τήν
2926 1784 3128 1859 ἀρχὴν,
3183 1781 3458 1858 βακτηρία
3505 1777 3562 1834 δὲ
3605 1786 3700 1846 τῆς
3744 1778 3891 1851 ἀρχῆς

2286 1866 2586 1945 σύμϐολον,
2622 1875 2819 1946 χρῆναι
2851 1872 2909 1925 ve
2939 1872 3027 1926 καὶ
3053 1870 3254 1939 ταύτην
3289 1868 3420 1941 μίαν
3456 1868 3608 1938 εἶναι)
3648 1862 3730 1919 διὰ
3752 1868 3888 1920 ταῦτα

2283 1961 2517 2030 ἡθέτητο
2568 1964 2751 2015 τοῦτο.
2801 1957 2993 2028 Ἐδόθη
3030 1956 3087 2013 δὲ
3132 1958 3222 2012 καὶ
3269 1956 3622 2031 προστάσσειν
3658 1955 3739 2008 καὶ
3785 1953 3890 2007 ὁπο-

2283 2048 2508 2125 γράφειν
2535 2047 2855 2123 βασιλικῶς,
2887 2045 3034 2114 πλὴν
3069 2045 3129 2100 οὗ
3157 2044 3514 2120 μηνολογεῖν,
3545 2044 3618 2104 ὠς
3648 2039 3774 2111 ἔθος,
3795 2043 3890 2100 τοῖς

2287 2134 2619 2212 βασιλεῦσιν,
2669 2134 2816 2190 ἀλλὰ
2860 2136 3080 2212 γράφειν
3132 2132 3177 2188 δ’
3235 2133 3479 2208 ἐρυθρῶν
3528 2129 3698 2202 οἰκείᾳ
3751 2127 3890 2203 χειρὶ,

2284 2249 2312 2277 ‹‹
2348 2221 2691 2299 Ἀνδρόνικος
2739 2224 2974 2296 Χριστοῦ
3023 2221 3209 2297 χάριτι
3254 2218 3514 2296 βασιλεὺς
3562 2217 3889 2292 Ῥωμαίων.»

2279 2312 2348 2367 Οἱ
2379 2310 2437 2366 δέ
2482 2311 2618 2386 πρὸς
2643 2310 2734 2365 τὸν
2778 2309 2985 2383 πατέρα
3018 2311 3070 2363 οἱ
3101 2305 3253 2384 ὅρκοι
3282 2308 3373 2362 καὶ
3407 2306 3638 2382 βασιλέα
3669 2307 3787 2379 μετᾶ
3810 2304 3890 2371 τὴν

2282 2399 2357 2460 εἷς
2402 2399 2531 2454 Θεὸν
2577 2397 2665 2453 καὶ
2720 2399 2820 2466 τήν
2882 2396 3208 2467 Ἐκκλησίαν
3269 2394 3558 2474 ἐγγράφως
3607 2392 3883 2472 ἀσφάλειαν,

2283 2487 2357 2549 ὡς
2395 2489 2470 2560 μὴ
2504 2482 2876 2556 ἐπιϐουλεύοι,
2908 2484 3033 2542 ἀλλ’
3081 2483 3461 2554 ὑποτάττοιτο,
3488 2485 3574 2539 καὶ
3609 2482 3721 2539 λίαν
3750 2481 3884 2556 acca-

2280 2721 2375 2760 mo
2393 2705 2535 2759 dum
2563 2720 2631 2759 su
2642 2719 2851 2775 premas
2870 2702 3141 2776 dignitati
3171 2701 3753 2768 convenientem,tres
3769 2714 3883 2771 prte-

2280 2792 2483 2847 ﬁciens
2550 2791 2823 2861 palatinis
2878 2792 3153 2863 Augustae
3210 2790 3510 2860 majestati
3579 2786 3887 2845 necessariis

2279 2880 2343 2935 of
2343 2880 2510 2935 ficiis.
2542 2880 2682 2936 Nam
2702 2880 3439 2950 Libadariumimperatoris
3453 2878 3582 2933 novi
3600 2879 3887 2947 pincernsm

2280 2967 2610 3034 constituit,
2644 2967 2994 3041 Bryennium
3029 2972 3222 3022 autem
3256 2966 3565 3022 honoravit
3592 2966 3737 3022 819
3766 2979 3886 3034 pra:-

2281 3055 2506 3111 fectura
2535 3072 2750 3111 mensae
2780 3055 2979 3127 regiae;
3014 3057 3245 3111 tertium
3280 3054 3539 3127 denique
3567 3071 3633 3111 ex
3660 3052 3885 3109 Christo-

529 3144 747 3212 attulit;
772 3144 940 3199 tertia
966 3125 1217 3214 denique
1249 3144 1501 3198 Eudocia
1533 3160 1744 3215 magno
1775 3144 1928 3215 apud
1966 3145 2169 3199 urbem
2203 3125 2245 3192 Ο
2284 3143 2400 3215 poli
2431 3125 2912 3215 'l‘zamplaconevm
2946 3144 3151 3198 Tatam
3182 3142 3328 3197 aulae
3358 3125 3554 3214 ipsius
3592 3138 3883 3197 declaravit.

528 3232 767 3287 domino
796 3231 1015 3287 elocata
1045 3236 1151 3286 est.
1176 3231 1327 3286 318
1360 3231 1441 3286 Ex
1472 3231 1661 3302 prima
1689 3241 1851 3287 ortus
1880 3231 2168 3301 qui-nunc

529 3319 814 3389 regnabat
847 3318 902 3373 in
934 3319 1255 3388 Pannonia,
1288 3319 1444 3375 ﬁlius
1473 3324 1533 3375 et
1562 3319 1744 3375 haeres
1773 3320 1927 3390 regis
1969 3319 2168 3390 patris,

533 3423 770 3463 uxorem
803 3424 833 3461 e
862 3407 1139 3462 Gomanis
1167 3407 1456 3479 captivam
1487 3407 1647 3474 olim,
1682 3408 1782 3462 sed
1814 3407 2085 3478 insignis,
2111 3414 2174 3461 ut

533 3498 717 3564 aiunt,
755 3495 952 3550 formae
977 3496 1182 3551 merito
1208 3513 1238 3551 e
1260 3496 1542 3552 servitute
1565 3498 1619 3550 in
1647 3512 1889 3568 regnum
1911 3501 2169 3552 evectum

531 3584 771 3653 habuit;
804 3600 872 3639 ex
903 3600 1086 3654 eaque
1116 3585 1321 3656 genuit
1350 3583 1554 3651 ﬁliam,
1587 3601 1760 3655 quam
1797 3591 1860 3639 ut
1911 3585 2171 3639 Romano

538 3672 855 3728 Lascaricze
878 3672 1066 3743 gentis
1090 3671 1464 3744 praenobilem
1492 3673 1780 3744 sanguine
1800 3674 2037 3745 dignam
2062 3672 2171 3726 im-

538 3766 774 3832 perator
802 3760 968 3814 duxit
1011 3776 1185 3830 quam
1238 3759 1357 3816 tilio
1400 3766 1457 3815 et
1502 3761 1802 3830 designato
1851 3760 2169 3816 successori

530 3849 922 3920 desponderet
949 3849 1329 3920 suo.Legatos
1358 3849 1541 3920 igitur
1570 3849 1641 3903 ad
1674 3848 1830 3903 illam
1868 3847 2168 3919 postulan-

532 3938 665 3993 dum
691 3935 829 3991 illuc
850 3936 1426 4007 destinans,idoneos
1449 3938 1518 3992 ad
1543 3938 1657 3992 tale
1678 3936 1972 4008 negotium
2003 3941 2171 4007 puta-

533 4028 620 4082 vit
647 4026 1112 4096 expatriarcham
1145 4027 1501 4082 Germanum
1552 4026 1841 4098 simulque
1890 4042 2170 4099 magnum

531 4115 738 4170 ducem
766 4114 1084 4179 Lascarim,
1118 4113 1514 4183 emeritaajam
1535 4113 1668 4168 licet
1689 4130 1755 4170 ac
1784 4131 1991 4185 parum
2024 4121 2170 4186 aptae

531 4204 805 4275 gerendis
837 4204 1013 4258 rebus
1038 4204 1226 4258 aetatis
1254 4203 1447 4257 virum
1481 4218 1493 4257 :
1528 4204 1628 4257 sed
1662 4202 1827 4257 illum
1861 4204 2071 4258 eximie
2099 4204 2168 4258 ad

531 4291 683 4347 hanc
714 4291 951 4361 quidem
983 4291 1391 4346 tractationem
1425 4291 1857 4346 commendavit
1879 4307 2082 4348 nomen
2117 4297 2174 4347 ct

531 4380 1174 4450 consanguinitas,quee
1195 4379 1251 4432 in
1276 4394 1468 4449 regem
1491 4378 1736 4450 virginis
1758 4382 2059 4451 poscenda:
2085 4399 2172 4452 pa-

2279 3236 2525 3287 Paratus
2544 3232 3047 3304 Augustojuniori
3076 3248 3308 3303 quoque
3339 3237 3432 3287 est
3464 3230 3701 3287 baculus
3725 3227 3888 3299 regius

2280 3338 2421 3377 auro
2444 3321 2700 3376 exterius
2722 3320 3258 3384 obductus,intime
3286 3318 3542 3390 ligneus,
3559 3335 3723 3391 quem
3755 3323 3887 3372 tene-

2280 3415 2369 3465 ret
2398 3410 2468 3464 de
2518 3425 2675 3464 more
2725 3424 2858 3463 cum
2905 3413 3090 3479 patre,
3141 3408 3371 3480 quoties
3425 3408 3638 3464 divinis
3687 3403 3886 3476 hymnis

2281 3498 2799 3567 interesset.ldque
2827 3497 3044 3552 factum
3069 3501 3158 3552 est
3180 3495 3604 3567 semel,iterum
3628 3500 3723 3551 aut
3740 3494 3885 3551 etiam

2282 3585 2517 3657 saepius,
2543 3585 2714 3640 nobis
2744 3584 3098 3641 videntibus.
3132 3584 3299 3640 Aliud
3337 3589 3542 3656 postea
3570 3584 3747 3641 visum
3790 3582 3885 3636 Au-

2281 3678 2452 3746 gusto
2476 3672 2868 3728 seniori.Nam
2895 3689 3026 3727 cum
3054 3677 3351 3744 reputaret
3380 3689 3572 3729 unum
3602 3688 3724 3729 esse
3750 3668 3885 3742 prin-

2281 3763 2869 3835 cipatum,utcunque
2895 3763 3389 3817 communicatum
3410 3758 3887 3835 principibusdun-

2287 3850 2421 3918 bus,
2455 3855 2753 3920 sceptrum
2787 3849 3016 3922 imperii
3068 3849 3400 3921 symbolum
3456 3865 3639 3906 unum
3684 3850 3885 3903 tantum

2281 3939 2509 3994 ostendi
2541 3939 2814 4009 deinceps
2873 3943 3138 4010 oportere
3163 3939 3414 3995 censuit.
3436 3941 3717 3995 Concessa
3739 3934 3884 3991 etiam

2280 4027 2614 4082 Andronico
2636 4031 2725 4081 est
2746 4026 2995 4083 facultas
3016 4027 3206 4083 edicta
3227 4023 3885 4094 condendi,subscriben-

2280 4117 2458 4185 dique
2480 4114 2697 4171 chartis
2711 4115 2884 4187 regiis
2901 4118 2962 4169 ut
2975 4115 3357 4186 imperatores
3370 4115 3806 4183 solent,excepta
3818 4114 3887 4163 ta-

2281 4221 2412 4260 men
2443 4204 2807 4276 appositione
2837 4203 3264 4275 mensis,quam
3298 4203 3414 4259 sibi
3438 4205 3775 4260 reservatam
3804 4191 3885 4251 uni

2278 4292 2462 4348 voluit
2483 4292 2678 4348 senior
2710 4297 3039 4363 Augustus,
3068 4292 3153 4348 ita
3182 4297 3247 4348 ut
3276 4292 3395 4348 ﬁlio
3429 4292 3490 4348 in
3524 4290 3758 4363 imperio
3790 4282 3886 4341 col-

2282 4383 2420 4455 legas
2453 4382 2653 4438 liceret
2683 4380 2874 4437 solum
2922 4386 3157 4438 extense
3205 4399 3271 4438 ac
3321 4383 3470 4438 citra
3517 4375 3885 4452 compendium

530 4474 678 4524 trem
712 4469 1117 4524 auctoritatem
1152 4469 1204 4523 ei
1245 4469 1415 4539 quasi
1465 4468 1555 4522 avi
1609 4468 1923 4534 tribuebat,
1976 4474 2178 4542 utpote
2207 4471 2253 4535 D
2287 4472 2540 4527 scribere
2561 4472 2794 4526 rubrica
2816 4487 2990 4526 manu
3021 4471 3332 4544 propriain
3355 4471 3514 4528 hunc
3541 4470 3887 4527 modum.“-

541 4574 818 4629 gcrmano
840 4556 1087 4628 Augusti
1109 4557 1376 4612 Lascaris
1397 4556 1679 4627 genitoris
1699 4557 1825 4627 ejus
1849 4558 2073 4612 matris.
2110 4558 2174 4612 Hi

528 4647 798 4703 terrestri
832 4645 1040 4700 itinere
1071 4661 1187 4715 quo
1218 4646 1667 4701 destinabantur
1698 4646 1923 4717 perlati,
1951 4648 2179 4718 negotio

534 4752 564 4790 e
596 4734 891 4790 sententia
914 4735 1196 4801 confecto,
1224 4733 1384 4789 brevi
1408 4735 1651 4789 reduces
1674 4735 1853 4790 ﬁliam
1879 4735 2181 4790 memorati

538 4822 695 4893 regis
718 4837 991 4890 sponsam
1027 4821 1324 4875 adducunt
1358 4820 1475 4876 filio
1502 4821 1893 4892 imperatoris,
1923 4823 2040 4892 jam
2070 4823 2179 4895 ipsi

539 4909 771 4980 imperii
806 4909 1093 4980 participi.
1140 4908 1358 4980 Virgini
1407 4914 1709 4981 Augustus
1758 4911 1954 4968 senior
2005 4914 2181 4966 Annae

540 5013 752 5052 nomen
778 4996 1237 5068 imposuit.Tum
1259 4996 1474 5053 illustri
1499 5015 1711 5070 pompa
1728 5004 1784 5053 et
1802 4999 2182 5071 magniﬁcen-

538 5087 621 5142 tia
653 5087 949 5158 praecipua
982 5087 1218 5158 nuptias
1247 5088 1374 5158 ejus
1403 5104 1533 5141 cum
1569 5104 1675 5143 suo
1707 5087 1821 5142 ﬁlio
1873 5088 2184 5145 celebravit

547 5178 697 5246 apud
721 5192 995 5245 magnum
1018 5176 1302 5247 templum
1327 5177 1549 5231 Sancta
1571 5177 2184 5249 diviniVerbiSapien-

543 5265 662 5327 tiae,
686 5264 831 5319 bene
848 5269 1118 5334 precante
1134 5264 1299 5318 novis
1314 5263 1546 5334 sponsis
1561 5264 1813 5333 Josepbo
1833 5266 2182 5335 patriarcha.

548 5358 719 5406 Anno
749 5351 884 5406 inde
915 5356 1130 5417 secuto,
1161 5351 1254 5405 die
1300 5355 1503 5406 octava
1550 5352 1770 5407 mensis
1816 5355 2183 5420 Novembris,

550 5439 708 5510 regie
728 5439 935 5494 ambos
965 5440 1088 5510 ipse
1114 5444 1297 5510 pater,
1322 5443 1604 5508 praesente
1628 5456 1692 5494 ac
1714 5442 1897 5496 sacris
1916 5452 2188 5512 Operanle

556 5524 885 5595 patriarcha
941 5528 1259 5593 coronavit,
1318 5525 1701 5596 deincepsque
1747 5529 2074 5584 Andronico
2125 5533 2189 5585 ut

539 5612 665 5683 jam
716 5614 1049 5684 imperatori
1086 5612 1368 5670 familiam
1400 5618 1456 5671 et
1486 5614 1874 5673 ministerium
1916 5618 2076 5674 auxit
2125 5619 2186 5675 in

2286 4559 2562 4614 dronicus
2619 4558 2834 4614 Christi
2894 4559 3080 4632 gratia
3136 4561 3458 4632 imperator
3511 4560 3886 4616 Romanorum.

2286 4645 2630 4701 Juramenta
2661 4644 2870 4699 deinde
2903 4662 2932 4701 a
2967 4663 3112 4701 novo
3143 4648 3572 4719 Augusto,post
3599 4643 3886 4699 cautionem

2290 4734 2510 4805 scripto
2543 4734 2740 4788 datam
2774 4734 2844 4788 de
2875 4750 2981 4788 sua
3014 4735 3069 4789 in
3114 4736 3292 4790 Deum
3342 4740 3398 4790 et
3449 4731 3754 4789 Ecclesium
3800 4724 3889 4779 fide

2289 4821 2710 4892 obsequioque,
2738 4825 2939 4877 exacta
2969 4832 3102 4877 sunt
3134 4821 3296 4886 talia,
3316 4838 3447 4893 qua:
3474 4821 3626 4876 clare
3653 4818 3889 4890 pietatem

2289 4915 2347 4966 et
2369 4909 2757 4964 obedientiam
2784 4910 2914 4979 ejus
2934 4926 3070 4982 erga
3095 4915 3320 4982 patrem
3346 4914 3672 4980 Augustum
3696 4903 3891 4975 plenam

2291 4997 2752 5068 inviolatamque
2774 5004 3139 5069 praestarent,
3173 4998 3445 5054 distincte
3468 4998 3617 5070 ipso,
3648 4989 3893 5049 Deoteste

2293 5085 2602 5159 pollicente
2632 5104 2693 5142 se
2725 5104 2838 5142 non
2872 5087 3313 5157 insidiaturum,
3345 5104 3407 5144 se
3454 5086 3512 5141 in
3567 5076 3891 5152 subjectione

2292 5175 2541 5230 obnoxia
2593 5176 2997 5245 perstiturum.
3048 5177 3171 5232 Sub
3207 5177 3326 5231 haec
3355 5194 3386 5230 a
3415 5172 3629 5247 populo
3665 5173 3718 5224 et
3744 5161 3891 5221 cccle-

2295 5264 2550 5320 siasticis
2574 5264 2838 5334 juratum
2870 5265 2930 5319 in
2962 5266 3132 5319 verba
3160 5265 3293 5320 novi
3323 5262 3591 5336 Augusti.
3626 5256 3891 5315 Decretum

2296 5369 2531 5423 quoque
2556 5353 2859 5423 pontifices
2884 5354 2993 5408 rite
3015 5352 3445 5424 pertulerc,quo
3467 5341 3893 5405 excommunica-

2296 5439 2439 5494 tioni
2465 5441 2857 5510 subjiciebant
2876 5457 3008 5495 eum
3033 5441 3304 5513 quisquis
3328 5437 3597 5509 foret,qui
3628 5435 3684 5488 in
3715 5438 3891 5486 novum

2298 5530 2707 5601 imperatorem
2741 5531 3088 5601 insurgeret.
3123 5532 3182 5587 Id
3217 5536 3410 5587 actum
3441 5534 3528 5585 est
3556 5525 3778 5583 curante
3817 5529 3893 5569 εθ-

2299 5619 2741 5688 niore,fratrum
2768 5620 3140 5692 propriorum
3163 5620 3542 5678 ambitionem
3563 5603 3894 5684 suspectante
