4158 6280
290 363 401 418 769

293 572 448 648 ὅρκοι
483 575 571 627 καὶ
607 575 657 626 οἱ
689 580 787 640 τῆς
822 570 1146 641 Ἐκκλησίας
1189 572 1447 645 ἐγίνοντο.
1498 575 1936 647 Ἐτομογράφουν

296 660 355 716 δὲ
411 662 503 716 καὶ
561 662 612 714 οἱ
672 662 969 736 ἀρχιερεῖς,
1005 661 1090 713 ὑπ’
1119 661 1418 737 ἀφορισμὸν
1453 666 1730 722 ποιοῦντες
1760 662 1849 713 τὸν
1880 661 1937 721 ὃς

292 750 383 804 καῖ
446 748 766 814 ἐπανασταίη
818 749 895 817 τῷ
950 745 1185 821 βασιλεῖ.
1236 750 1371 822 Εἶχε
1422 749 1521 822 γὰρ
1574 748 1648 809 εἰς
1704 748 1936 819 ὑποψίαν

292 836 424 897 τοὺς
455 835 724 912 ἁδεΛιροὺς
756 835 854 900 ἔτι,
905 838 993 888 καὶ
1047 834 1261 906 μᾶλλον
1310 837 1399 889 τὸν
1436 834 1698 903 δεσπότην
1757 834 1937 891 Ἰωαν-

291 947 412 994 νην.
466 923 611 977 πολὺ
638 923 700 977 τὸ
732 923 929 997 θερμὸν
966 926 1089 998 παρ’
1139 922 1327 995 ἐκείνῳ
1380 922 1596 999 βλέπων
1626 923 1701 985 εἲς
1739 923 1938 997 μάχας,

293 1015 384 1067 καὶ
441 1013 538 1077 τήν
598 1012 733 1085 πρὸς
792 1010 992 1065 ἐκεῖνον
1052 1014 1197 1084 παρὰ
1234 1012 1482 1065 ἁπάντων
1518 1010 1695 1065 διὰτὸ
1728 1012 1941 1085 εὐεργε-

294 1101 444 1155 τικὸν
502 1100 757 1173 καὶπρὸς
816 1100 909 1161 τὰς
970 1097 1144 1160 δόσεις
1198 1100 1498 1174 πρόχειρον
1528 1105 1644 1162 τοῖς
1702 1100 1937 1153 αἰτοῦσιν

301 1187 701 1265 ἇγαθοθὲλειαν.
736 1184 898 1241 Οὐδὲν
933 1189 1035 1261 γὰρ
1069 1187 1209 1241 οὕτω
1244 1185 1435 1241 δουλοῖ
1475 1188 1568 1249 τὰς
1619 1187 1798 1261 ψυχὰς
1821 1191 1940 1247 τοῖς

300 1278 602 1350 ἀνθρώποις
654 1276 729 1338 ὡς
758 1279 791 1344 ἡ
829 1276 961 1348 μετὰ
992 1277 1219 1350 χάριτος
1265 1275 1501 1333 εὐποιία.
1553 1274 1654 1329 Κᾶν
1714 1275 1938 1351 ἀφελοιο

294 1366 358 1420 τὸ
444 1364 772 1439 εὐεργετικὸν
857 1368 964 1417 τῶν
1019 1364 1297 1439 ἀρχόντων
1331 1409 1344 1432 ,
1406 1364 1651 1438 εὑρήσεις
1704 1362 1937 1425 ἐκείνους

296 1452 645 1520 ἀλαλάζοντα
672 1451 946 1523 τύμπανα,
991 1450 1024 1505 ἃ
1053 1452 1253 1507 κτύπον
1284 1448 1501 1528 ἔχουσιν
1553 1452 1603 1505 ἐν
1652 1456 1731 1523 τῷ
1789 1452 1938 1524 μᾶλ-

297 1539 395 1595 λον
429 1541 564 1594 εἶναι
593 1542 737 1594 κενά.
768 1538 919 1593 Οὕτω
968 1540 1055 1594 καὶ
1112 1540 1273 1616 λόγος
1303 1542 1425 1617 παρ’
1460 1542 1717 1615 ἄρχουσιν
1770 1542 1939 1615 ἄπρα-

298 1648 450 1694 κτος,
499 1631 745 1701 κρεῖττον
800 1629 858 1681 ὃν
904 1629 997 1682 τὸν
1055 1626 1348 1701 δυνάμενον
1408 1632 1462 1683 εὖ
1518 1634 1695 1683 ποιεῖν
1758 1630 1943 1702 πρᾶξιν

298 1712 445 1788 ἔχειν
480 1716 568 1768 τὸν
602 1713 768 1789 λόγον
801 1716 836 1785 ἢ
886 1714 1115 1790 λεγοντα
1166 1716 1331 1788 μόνον
1361 1718 1450 1771 τὸν
1486 1715 1724 1791 ἄρχοντα
1755 1715 1943 1790 ψεύδε-

301 1815 444 1866 σθαι.
506 1802 606 1859 Καὶ
654 1803 947 1877 μαρτύριον
991 1802 1215 1876 ἄψευδὲς
1271 1807 1325 1859 αἱ
1384 1804 1692 1880 ὠφελοῦσαι
1723 1807 1943 1881 βοτάναι

1346 365 1444 417 DE
1482 364 1849 418 MICHAELE
1888 361 2329 418 PALEOLOGO
2366 365 2497 417 LIB.
2538 364 2633 415 ιν.

292 487 408 548 λεῖς
468 480 809 559 προέϐαινον.
872 486 985 561 Ἐφ’
1043 486 1125 547 οἷς
1180 487 1231 538 οἱ
1288 489 1385 538 τοῦ
1416 484 1550 539 λαοῦ
1582 486 1716 560 πρὸς
1774 484 1932 538 αὐτὸν
1967 494 2151 558 Ατων

3580 360 3688 416 770

2216 487 2308 555 ενέν
2370 484 2761 558 εὖφημοῦντων
2792 483 2882 538 τόν
2930 484 3237 559 εὐεργέτην,
3294 488 3424 537 Θεοῦ
3457 482 3501 537 δ’
3538 486 3691 539 ὑπισ-

2049 573 2351 646 χνουμὲνου
2402 576 2463 626 τὸ
2526 573 2754 645 μέλλον.
2817 580 3071 625 Ἴστωσαν
3126 570 3168 625 δ’
3212 572 3291 625 ὅτι
3349 570 3691 644 Πτολεμαίου

2053 663 2145 733 μὲν
2178 662 2264 714 καὶ
2311 660 2667 735 Ἀλεξάνδρου
2699 663 2783 715 καὶ
2816 666 2911 714 τοῦ
2959 663 3055 728 τὴν
3095 660 3368 736 βασιλείαν
3422 666 3489 733 τῇ
3541 661 3692 735 εὐερ-

2048 749 2197 819 γεσῖᾳ
2228 751 2505 822 ὁρίζοντος
2536 751 2623 822 (οὐ
2672 751 2770 824 γὰρ
2823 746 2937 824 ἔχω
2988 750 3159 824 λέγειν
3209 748 3471 819 τοῦνομα,
3537 752 3695 821 οἶμαι

2052 835 2126 901 δὲ,
2185 844 2340 898 Τῖτος
2546 843 2711 892 ταῦτα
2768 839 2831 891 τὰ
2889 841 3171 912 χρήματα,
3229 836 3298 891 δι’
3360 836 3432 891 ὦν
3484 838 3694 898 ἑαυτοῖς

2049 926 2515 995 προσέοιήσαντες
2588 926 2685 991 τὴν
2752 924 3008 978 ἀθάνατον
3088 922 3329 979 εὔκλειαν
3402 927 3536 996 ἡμῖν
3604 923 3695 977 καὶ

2053 1010 2202 1072 αὖθις
2260 1012 2465 1089 ἀφῆκαν
2520 1011 2685 1083 μηδὲν
2717 1010 3139 1082 δαπανήσαντες.
3197 1012 3292 1065 Καὶ
3353 1012 3508 1073 οὗτός
3553 1011 3691 1066 ἐστιν

2050 1096 2390 1169 ἀδαπανητος
2450 1099 2708 1167 πλοῦτος,
2760 1104 2791 1169 ἡ
2863 1101 3113 1169 εὐποιία,
3167 1103 3228 1168 ἣν
3287 1100 3488 1161 ἐκεῖνος
3548 1098 3693 1175 ἔχων

2049 1188 2186 1262 πρὸς
2211 1189 2409 1249 πάντας
2440 1190 2526 1241 καὶ
2565 1189 2695 1263 ὑπὲρ
2755 1188 2998 1263 βασιλεῖς
3047 1187 3341 1257 ἐκλείζετο.
3391 1191 3547 1243 Ταῦτ’
3595 1188 3696 1263 ἄρα

2049 1276 2137 1330 καὶ
2206 1276 2644 1348 ὑποπτευόμενος
2720 1274 2907 1331 πολλα
2975 1282 3273 1350 παρῃτεῖτο
3340 1284 3445 1330 τῶν
3503 1274 3694 1333 ὄντων.

2052 1364 2165 1431 Τὴν
2197 1364 2296 1436 γὰρ
2328 1363 2508 1438 ἀρχὴν
2542 1363 2863 1439 ἐνεχωρεῖτο
2900 1364 3072 1435 τούτῳ
3125 1366 3197 1437 μὴ
3249 1364 3329 1418 ὅτι
3370 1362 3698 1439 βαρδαρειώ-

2050 1472 2142 1512 τας
2170 1452 2257 1505 καὶ
2290 1452 2667 1526 κορτιναρίους
2703 1452 2866 1524 μόνον
2897 1452 2984 1505 καὶ
3017 1452 3141 1513 τοὺς
3192 1452 3276 1506 ἐπὶ
3308 1458 3402 1506 τοῦ
3433 1457 3700 1515 κοιτῶνος

2053 1539 2219 1615 ἔχειν,
2276 1540 2365 1593 καί
2420 1561 2483 1613 γε
2537 1540 2664 1602 τοὺς
2726 1541 2812 1595 ἐπὶ
2870 1548 2969 1608 τῆς
3000 1540 3325 1615 εἶσαγωγῆς,
3362 1540 3452 1601 οὓς
3487 1539 3553 1607 δὴ
3604 1540 3696 1593 καὶ

2052 1630 2459 1703 ὲταιρειάρχους
2492 1629 2763 1703 λέγουσιν,
2799 1629 2940 1683 ἀλλά
2996 1651 3047 1683 τι
3100 1631 3189 1683 καὶ
3229 1629 3397 1683 πλέον
3458 1634 3564 1682 τῶν
3597 1635 3696 1696 τῆς

2058 1717 2347 1791 βασιλικῆς
2402 1717 2688 1792 Θεραπείας
2748 1718 3185 1793 συνεπιφέρεσθαι
3218 1763 3231 1775 .
3288 1717 3441 1774 Ἀλλ’
3501 1717 3576 1779 εἷς
3634 1718 3695 1771 τὸ

2054 1805 2280 1877 πρόσθεν
2342 1804 2435 1858 ἷὼν
2498 1804 2783 1876 ἐξησθὲνει,
2840 1806 2907 1859 τὰ
2967 1808 3060 1878 μὲν
3122 1808 3280 1875 ἑκὼν,
3336 1807 3403 1860 τὰ
3453 1804 3498 1860 δ’
3556 1804 3700 1860 ἄκων

298 1891 493 1962 καὶτῷ
529 1862 789 1965 βίῳ-τέύν
832 1862 1141 1964 ’ἀνθρώπων
1192 1862 1486 1967 χρήσιμοιι,
1518 1892 1573 1947 α⁹ί
1599 1891 1666 1961 δὴ
1704 1862 1944 1967 σιγηλῶς
1980 1862 2025 1926 Β
2053 1862 2621 1970 προσαφαιρούμενος·
2670 1895 2759 1947 καὶ
2814 1895 2916 1967 γὰρ
2967 1862 3065 1948 καὶ
3120 1896 3182 1948 τὸ
3226 1894 3368 1950 πολῦ
3416 1902 3515 1963 τῆς
3545 1893 3695 1948 οἷκο-

299 1980 360 2033 τὸ
409 1978 656 2052 ὠφελοῦν
710 1981 789 2050 [Ρ.
821 1982 946 2051 216]
996 1977 1378 2055 προΐσχονται.
1434 1981 1499 2038 El
1539 1979 1596 2036 δὲ
1648 2003 1797 2043 τινας
1849 2003 1939 2054 μι-

300 2066 581 2141 κρολόγως
629 2070 663 2135 ἡ
695 2071 802 2121 τῶν
830 2064 1130 2141 χρημάτων
1178 2070 1412 2123 ἀπουσία
1456 2070 1638 2139 λυπεῖ,
1690 2068 1940 2142 δειξάτω·

300 2176 394 2209 σαν
425 2156 623 2209 ἐκεῖνοι
653 2157 753 2224 τήν
782 2155 1100 2230 παρουσίαν,
1140 2157 1192 2211 τί
1245 2158 1383 2233 πρὸς
1439 2156 1644 2227 ἡδονὴν
1694 2154 1945 2231 συμϐαλ-

305 2242 475 2298 λεται.
514 2243 608 2295 Καὶ
640 2242 687 2297 εἰ
716 2240 920 2311 ἡδονὴν
947 2248 1184 2314 ζητοῖεν,
1228 2245 1427 2317 πολλῷ
1471 2245 1701 2301 κάλλιον
1747 2248 1847 2316 τήν
1895 2247 1942 2301 τ’

302 2330 597 2385 ἐνεστῶσαν
644 2329 789 2405 ἔχειν
838 2330 927 2385 καὶ
957 2334 1055 2400 τήν
1113 2330 1422 2406 μέλλουσαν
1470 2333 1727 2402 ἐλπίζειν.
1779 2334 1946 2388 ἀπάν-

306 2546 675 2618 maximeque
698 2547 936 2619 despote
956 2548 1417 2620 Joannis,quem
1452 2551 1522 2605 ad
1557 2550 1787 2621 quidvis
1820 2565 1950 2621 spe-

303 2635 558 2689 randum
584 2634 810 2706 magnis
833 2636 1066 2691 videbat
1086 2638 1377 2708 praesidiis
1396 2639 1775 2706 instructum,
1794 2638 1951 2693 forti-

303 2722 532 2777 tudinis
557 2721 776 2779 bellicae
800 2727 884 2779 tot
904 2724 1237 2794 praeliorum
1262 2727 1633 2782 successibus
1656 2732 1948 2798 spectatur,

311 2810 611 2880 studiique
633 2828 770 2883 erga
799 2829 933 2866 eum
968 2813 1241 2882 praecipui
1269 2815 1532 2869 omnium
1558 2822 1796 2886 propter
1825 2816 1952 2885 ejus

315 2897 921 2953 benevolentissimam
948 2900 1100 2955 820
1128 2900 1184 2955 in
1220 2901 1489 2955 donando
1520 2906 1575 2955 et
1604 2901 1887 2971 quidquid
1919 2917 1953 2956 a

314 2984 521 3055 quovis
552 2996 852 3057 rogaretur
900 2987 1117 3058 prolixe
1166 2990 1549 3059 gratiﬁcando
1599 2988 1950 3061 largitatem.

307 3071 455 3126 Nam
482 3072 623 3126 nihil
647 3075 730 3128 sic
747 3075 976 3130 animos
998 3075 1331 3130 mortalium
1356 3077 1693 3132 hominibus
1718 3077 1954 3146 subjicit

307 3165 375 3214 ut
407 3161 789 3217 beneﬁcentia
819 3167 981 3235 grate
1014 3180 1078 3219 ac
1109 3163 1426 3219 liberaliter
1457 3166 1739 3232 exercita;
1773 3181 1946 3236 quam

307 3250 359 3303 si
395 3249 761 3321 principibus
794 3251 1130 3316 abstuleris,
1163 3252 1423 3308 invenias
1458 3254 1588 3308 illos
1613 3254 1769 3308 aliud
1803 3254 1949 3307 nihil

307 3337 427 3391 nisi
460 3342 740 3409 tympana
771 3340 1127 3405 resonantia,
1148 3357 1274 3411 qua
1298 3358 1362 3396 eo
1388 3341 1521 3412 plus
1549 3347 1818 3414 strepunt
1841 3358 1955 3412 quo

309 3425 501 3495 magis
532 3430 674 3479 sunt
704 3442 906 3481 vacua.
936 3428 1149 3482 Horum
1183 3428 1339 3483 enim
1373 3430 1533 3485 inani
1566 3448 1708 3485 sono
1735 3429 1956 3484 similia

316 3517 453 3565 sunt
475 3513 761 3583 promissa
781 3515 1111 3586 principum
1134 3516 1339 3571 effectu
1361 3519 1955 3587 sequentedestituta,

316 3614 451 3652 eum
488 3600 696 3655 melius
729 3601 901 3673 longe
931 3603 1028 3672 sit,
1059 3620 1191 3658 eum
1227 3604 1326 3673 qui
1360 3610 1548 3674 potest
1573 3606 1763 3676 reipsa
1796 3608 1954 3673 dare,

311 3686 462 3740 nihil
495 3688 762 3753 dicendo,
786 3691 885 3745 sed
910 3690 1033 3745 vice
1064 3692 1375 3746 verborum
1413 3709 1586 3762 opera
1612 3694 1957 3761 exhibendo,

310 3790 494 3845 quam
547 3776 917 3847 pollicentem
954 3796 1079 3850 quas
1133 3781 1376 3835 minime
1437 3781 1645 3835 deinde
1701 3786 1952 3852 praestet,

308 3863 636 3935 principem
691 3866 946 3921 mentiri.
994 3869 1177 3937 Hujus
1210 3867 1289 3922 rei
1339 3869 1715 3923 manilestum
1765 3886 1956 3923 exem-

312 3950 479 4022 plum
513 3953 705 4007 videre
757 3960 846 4008 est
878 3955 932 4007 in
968 3955 1164 4009 herbis
1212 3954 1453 4009 utilibus
1486 3956 1613 4010 vitae
1663 3956 1953 4027 humanae,

313 4040 678 4109 quzejuvant
708 4046 763 4096 et
805 4059 920 4097 non
955 4047 1274 4113 loquuntur
1323 4059 1643 4114 succosque
1692 4044 1956 4099 salubres

315 4128 511 4182 tacitae
539 4129 877 4184 ministrant
907 4147 1068 4198 suos,
1087 4148 1152 4186 eo
1175 4131 1457 4203 gratiores
1481 4148 1596 4203 quo
1625 4132 1955 4203 simplicius

315 4220 376 4268 et
403 4216 473 4269 ab
496 4216 814 4271 ambitione
836 4218 1189 4287 disjunctius
1213 4225 1473 4290 prosunt.
1504 4220 1718 4283 Quodsi
1743 4221 1955 4291 quibus

312 4319 486 4358 avare
516 4304 767 4359 sordidis
790 4306 947 4361 dolet
978 4308 1296 4378 abjungere
1325 4326 1358 4362 a
1389 4325 1450 4363 se
1488 4310 1753 4363 donando
1784 4326 1957 4379 pecu-

316 4390 499 4455 niam,
517 4394 687 4463 cujus
710 4402 1077 4465 aconspectu
1102 4401 1331 4450 remotae
1354 4397 1712 4451 desiderium
1736 4396 1958 4451 scilicet

316 4496 433 4533 non
485 4481 697 4535 ferunt.
734 4481 771 4535 i1
804 4499 1024 4551 quaeso,
1048 4483 1244 4538 dicant
1292 4501 1469 4555 quam
1523 4501 1719 4540 veram
1753 4490 1809 4539 et
1841 4501 1952 4539 non

314 4566 723 4637 imaginariam
780 4569 1141 4642 voluptatem
1184 4589 1583 4628 nummorum
1640 4573 1784 4643 ipsis
1843 4538 2029 4628 subD

314 4655 501 4710 oculis
531 4662 588 4711 et
617 4657 675 4711 in
709 4674 884 4713 manu
915 4660 1239 4729 positorum
1286 4662 1489 4716 afferat
1537 4661 1864 4729 praesentia.
1894 4661 1952 4715 Si

314 4745 569 4815 gaudere
599 4751 883 4815 quaerunt,
916 4749 1064 4817 quod
1108 4749 1385 4819 gaudium
1430 4765 1496 4803 eo
1547 4751 1762 4819 majus,
1798 4751 1953 4821 quod

315 4831 405 4886 vel
438 4849 690 4903 praesens
722 4834 1020 4905 largiendo
1052 4837 1370 4907 percipitur
1396 4837 1484 4891 vel
1516 4842 1672 4891 certo
1700 4838 1834 4893 inde
1865 4855 1955 4893 se-

316 4923 596 4974 cuturum
645 4922 953 4991 speratur?
996 4922 1273 4978 Homines
1296 4925 1418 4994 jam
1454 4941 1607 4979 nunc
1658 4925 1955 4981 beneﬁciis

316 5006 509 5061 affecti
541 5009 940 5065 benet'actores
973 5011 1496 5066 acclamationibus
1528 5014 1737 5068 faustis
1768 5014 1955 5068 laudi-

317 5094 547 5166 busque
585 5097 945 5153 dulcissimis
988 5099 1295 5154 cumulant
1325 5116 1338 5154 :
1375 5101 1522 5155 Deus
1553 5108 1747 5157 autem
1778 5103 1953 5157 etiam

316 5183 376 5238 in
405 5187 660 5239 l'uturum
688 5187 945 5259 ingentia
968 5206 1027 5245 se
1056 5206 1439 5260 repensurum
1483 5192 1779 5246 beneﬁciis
1813 5210 1954 5263 prae-

320 5276 437 5331 mia
467 5278 796 5333 confirmat.
824 5280 1021 5336 Sciant
1052 5287 1246 5337 autem
1280 5284 1562 5351 ejusmodi
1588 5285 1957 5355 angustiani-

320 5367 398 5421 mi
436 5368 727 5439 principes
750 5388 929 5426 unum
954 5373 1133 5427 istum
1158 5374 1304 5444 ipsis
1333 5374 1627 5445 proprium
1649 5380 1705 5430 et
1728 5393 1845 5431 se'n
1860 5393 1958 5446 per

319 5471 667 5510 mansurum
685 5458 1011 5515 divitiarum
1030 5467 1411 5517 constitutum
1430 5464 1955 5535 fructum,gloriam

320 5559 453 5614 qua:
479 5560 549 5598 ex
579 5544 992 5604 distributione
1022 5548 1285 5619 ipsarum
1316 5550 1374 5604 in
1400 5566 1597 5606 eorum
1631 5569 1841 5607 nomen
1877 5569 1954 5608 re-

315 5631 567 5689 dundat.
600 5632 740 5689 Nam
776 5634 995 5708 alioqui
1045 5638 1388 5695 Ptolemaaus
1426 5638 1751 5695 Alexander
1774 5646 1830 5697 et
1862 5640 1961 5697 ille

2050 1980 2244 2053 νομίας
2278 1981 2551 2057 ἀφῄρητο.
2586 1986 2758 2046 Nicon
2790 1984 2893 2056 γὰρ
2928 1988 3090 2035 πᾶσαι
3135 1983 3197 2036 τὸ
3252 1984 3536 2057 πρότερον,
3593 1985 3699 2037 Μι-

2050 2069 2261 2140 τυλήνη
2296 2068 2441 2142 λέγω
2470 2070 2559 2123 καὶ
2607 2067 2816 2138 Ῥόδος,
2876 2071 2966 2123 καὶ
3015 2072 3148 2123 κατὰ
3203 2078 3305 2143 γῆν
3354 2069 3584 2125 πλεῖστά
3637 2092 3695 2125 τε

2051 2158 2140 2211 καὶ
2195 2158 2415 2232 μέγιστά
2445 2158 2495 2211 οἱ
2540 2157 2614 2219 εἷς
2664 2156 2902 2232 αὐτάρκη
2953 2159 3209 2232 πρόνοιαν
3256 2159 3415 2227 ἦσαν.
3460 2155 3590 2213 Τότε
3639 2156 3696 2212 δὲ

2052 2245 2144 2299 καὶ
2183 2246 2280 2312 τὴν
2334 2242 2585 2300 δουλείαν
2619 2245 2889 2318 ἐμφαίνων
2947 2246 3084 2320 πρὸς
3137 2249 3228 2300 τὸν
3287 2248 3479 2301 νεωστὶ
3540 2248 3696 2321 βασι-

2056 2331 2302 2402 λεύοντα,
2335 2331 2389 2387 εἷ’
2412 2332 2517 2387 πού
2548 2355 2598 2387 τι
2628 2334 2721 2388 καὶ
2765 2333 2839 2395 εἷς
2889 2332 3209 2408 φιλοτιμίας
3240 2335 3401 2409 λόγον
3433 2332 3697 2410 χλαμύδα

2061 2548 2212 2603 alius
2258 2550 2489 2619 (nomen
2542 2566 2696 2603 nunc
2746 2567 2860 2604 non
2910 2550 3207 2618 occurrit),
3234 2550 3331 2620 qui
3384 2548 3694 2605 utilitatem

2060 2637 2426 2708 principatus
2449 2636 2572 2691 sola
2609 2638 2925 2692 definiebat
2956 2637 3228 2693 facultate
3259 2639 3405 2693 bene
3436 2638 3700 2693 merendi

2059 2726 2128 2779 de
2160 2724 2499 2781 hominibus
2530 2726 2721 2796 (Titus
2752 2726 2975 2797 opinor,
3003 2726 3053 2780 is
3088 2728 3243 2795 fuit),
3275 2743 3372 2782 eas
3403 2727 3561 2797 ipsas
3594 2743 3697 2797 pe-

2060 2814 2285 2882 cunias,
2311 2814 2529 2884 quibus
2553 2814 2865 2885 largiendis
2889 2814 3211 2869 immortale
3238 2815 3533 2870 consecuti
3561 2820 3701 2870 sunt

2061 2902 2260 2967 decus,
2291 2901 2735 2972 inconsumptas
2768 2903 2983 2971 poteris
3015 2904 3315 2958 moriendo
3357 2905 3703 2957 transmise-

2062 2995 2219 3055 runt,
2236 3005 2419 3043 unum
2443 3005 2509 3043 ex
2535 2990 2677 3060 ipsis
2700 2990 2907 3044 lucrati
2934 2991 3152 3045 bonum
3176 2991 3586 3055 inamissibile,
3604 2992 3703 3045 be-

2062 3079 2401 3132 neficiorum
2440 3078 2650 3132 famam
2683 3082 2978 3133 aeternam.
3008 3082 3131 3141 Qua
3176 3079 3431 3134 Joannes
3465 3078 3705 3150 despota

1982 3186 2023 3252 ρ
2060 3164 2176 3218 late
2206 3165 2397 3219 clarus
2422 3166 2567 3221 321
2597 3167 2750 3237 apud
2776 3183 3002 3235 omnes,
3024 3166 3155 3237 plus
3178 3168 3353 3222 etiam
3384 3184 3558 3237 quam
3595 3168 3705 3221 im-

2062 3259 2357 3324 peratores
2388 3254 2521 3324 ipsi,
2557 3254 2998 3324 praedicabatur.
3025 3255 3169 3309 Hinc
3194 3254 3463 3310 videlicet
3490 3255 3547 3308 in
3571 3272 3704 3310 sus-

2064 3340 2319 3411 piciones
2359 3341 2695 3396 incurrebat
2744 3342 3144 3413 regnantium;
3178 3344 3393 3412 quibus
3445 3341 3527 3396 illi
3578 3343 3700 3397 sol-

2062 3428 2202 3482 liciti
2235 3430 2352 3482 acri
2397 3446 2537 3483 cura
2585 3430 3006 3484 incumbebant
3054 3431 3123 3485 ad
3172 3430 3596 3485 detrahendum
3628 3432 3700 3485 de

2064 3515 2273 3585 Opibus
2297 3516 2422 3585 ejus
2447 3522 2766 3587 cmteraque
2794 3518 2999 3587 gloria,
3026 3524 3306 3588 quantum
3337 3519 3478 3572 citra
3509 3520 3703 3574 decla-

2065 3604 2176 3656 rati
2210 3605 2325 3657 odii
2353 3604 2645 3673 publicam
2671 3606 3091 3675 professionem
3120 3611 3373 3677 possent.
3397 3610 3540 3662 Cum
3566 3623 3701 3677 ergo

2066 3691 2353 3763 principio
2388 3685 2729 3745 concessum
2762 3693 2811 3746 ei
2845 3693 3053 3748 fuisset
3088 3710 3199 3748 non
3233 3694 3615 3749 Bardareotas
3647 3698 3704 3748 et

2065 3779 2407 3834 cortinarios
2438 3778 2625 3832 solum
2661 3795 2726 3832 ac
2773 3782 3072 3848 praefectos
3105 3781 3361 3835 cubiculi
3396 3781 3609 3836 habere
3642 3782 3699 3835 in

2066 3867 2393 3921 ministerio
2425 3865 2760 3936 domestico,
2790 3868 2888 3920 sed
2939 3871 2994 3921 et
3043 3868 3514 3931 admissionales,
3550 3884 3699 3938 quos

2065 3955 2475 4010 hetaeriarchas
2508 3954 2732 4019 dicunt,
2766 3960 2822 4007 et
2856 3954 2904 4008 si
2937 3954 3075 4024 quid
3109 3955 3200 4009 his
3230 3954 3483 4025 amplius
3515 3955 3573 4008 in
3609 3972 3701 4009 re-

2064 4044 2158 4113 gio
2191 4045 2304 4098 fere
2331 4043 2603 4097 satellitio
2626 4048 2915 4109 censetur,
2947 4058 3299 4112 quocunque
3322 4044 3430 4097 iret
3450 4044 3703 4097 circum-

2066 4133 2275 4186 ducere
2324 4130 2503 4184 libere
2552 4131 2928 4201 permissum,
2962 4130 3233 4201 deinceps
3275 4130 3385 4184 ista
3435 4132 3703 4185 contrahi

2064 4219 2285 4274 sensim
2320 4236 2386 4272 ac
2431 4218 2700 4289 restringi
2732 4224 2918 4288 empta
2960 4226 3116 4278 sunt,
3152 4220 3321 4273 modo
3372 4219 3479 4273 hoc
3528 4220 3701 4273 modo

2065 4309 2177 4365 alio
2211 4324 2279 4361 ex
2310 4308 2427 4363 illis
2477 4308 2766 4378 privatum
2798 4308 3125 4363 excedentis
3173 4309 3407 4362 modum
3462 4308 3703 4364 honoris

2063 4396 2401 4468 insignibus
2449 4398 2679 4460 ablatis,
2714 4415 2870 4451 nunc
2916 4397 3062 4468 ipso,
3099 4398 3249 4467 quod
3302 4398 3383 4451 ita
3431 4398 3704 4467 expedire

2064 4485 2305 4539 sentiret
2335 4485 2566 4541 invidias
2606 4486 2915 4555 placandae,
2950 4491 3155 4556 sponte
3194 4486 3521 4552 abdicante,
3546 4502 3701 4540 nunc

2062 4574 2317 4628 dominis
2366 4574 2451 4628 vel
2505 4575 2576 4629 ab
2635 4574 2814 4627 invito
2868 4575 3286 4629 aulerentibus.
3323 4574 3473 4639 Quin
3524 4574 3699 4629 etiam

2066 4663 2429 4733 splendorem
2470 4664 2598 4732 ejus
2648 4663 2960 4717 obscurare
2993 4664 3380 4718 domesticum
3416 4680 3528 4718 non
3562 4680 3699 4718 con-

2063 4752 2232 4817 tenti,
2265 4749 2573 4821 plerasque
2624 4750 2915 4805 attributae
2966 4750 3103 4805 olim
3154 4752 3458 4822 potestatis
3510 4757 3701 4821 partes

2064 4840 2346 4912 paulatim
2380 4840 2669 4909 carpendo
2702 4843 3096 4905 resumebant,
3123 4840 3298 4895 simul
3331 4841 3698 4913 dignitatem,

2065 4927 2241 4984 simul
2272 4928 2401 4996 ejus
2431 4928 2788 4981 sustinenda:
2823 4929 3223 4993 fundamenta,
3261 4934 3570 5000 proventus
3603 4947 3701 5001 pe-

2066 5018 2249 5073 cuniaa
2281 5032 2530 5081 annuos,
2565 5016 2946 5086 malignitatis
2979 5019 3105 5087 jam
3138 5020 3287 5073 male
3320 5018 3700 5074 dissimulatze

2067 5106 2307 5162 minime
2338 5105 2587 5159 obscura
2636 5106 2999 5174 grassatione
3050 5107 3400 5162 minuentes.
3435 5110 3582 5161 Dataa
3615 5107 3701 5162 illi

2069 5197 2231 5267 prius
2259 5194 2464 5249 insulas
2499 5194 2725 5247 fuerant
2756 5193 3045 5265 pleraeque
3084 5210 3189 5249 nec
3231 5212 3435 5266 parum
3471 5197 3701 5262 uberes,

2065 5283 2357 5355 Mitylene,
2389 5282 2657 5352 inquam,
2679 5286 2735 5336 et
2764 5284 3001 5337 Rhodus
3023 5283 3286 5353 aliaeque,
3316 5289 3440 5338 tum
3474 5284 3531 5337 in
3565 5302 3704 5339 con-
3736 5329 3738 5331 μ

2066 5372 2273 5428 tinenti
2335 5369 2589 5441 plurima
2649 5372 3020 5441 maximaque
3065 5372 3377 5438 territoria,
3414 5375 3567 5427 unde
3617 5374 3702 5428 illi

2068 5459 2363 5514 mercedes
2388 5459 2454 5511 ad
2480 5458 2695 5511 victum
2720 5465 3145 5529 sumptumque
3169 5464 3441 5515 caeterum
3469 5461 3707 5531 amplis-

2069 5551 2228 5604 simas
2278 5547 2550 5601 redirent.
2584 5548 2823 5603 Cunctis
2872 5548 3031 5603 hisce
3064 5548 3337 5619 demptis,
3365 5566 3480 5605 non
3534 5551 3705 5606 modo

2069 5640 2127 5694 in
2161 5637 2447 5703 ordinem,
2479 5636 2580 5692 sed
2610 5640 2667 5691 et
2697 5636 2756 5691 in
2796 5641 2919 5693 tam
2964 5636 3247 5693 miserum
3283 5638 3583 5696 servitutis
3614 5656 3707 5697 re-
