4162 6292
516 356 619 412 ’171

1812 355 2111 412 GEORGII
2147 356 2605 412 PACHYMERB
3806 366 3897 422 772

516 479 661 551 παρὰ
715 474 981 551 βασιλέως
1039 468 1331 546 ἐλάμϐανε,
1395 475 1563 548 μέγας
1606 469 1680 529 ὧν
1742 481 1960 549 μικροῖς
2017 478 2150 548 ἰμαέ
2178 481 2230 546 Α
2261 472 2374 531 ὄντι
2434 478 2633 551 χρόνος
2692 474 2933 552 ἐτρίϐετο
2976 477 3255 550 πλεῖστος,
3287 480 3383 535 οὐκ
3417 478 3531 536 οἶδ’
3560 482 3590 536 ὃ
3618 504 3673 537 τι
3701 486 3892 559 παθὼν,

514 566 657 626 τίοις
712 566 800 619 καὶ
861 564 935 625 ε’ς
967 563 1097 637 γόνυ
1133 561 1292 635 μόλις
1347 560 1786 636 περιεστέλλετο,
1817 565 1905 618 καὶ
1938 567 1965 619 ὁ
2001 564 2149 639 ἥρως

516 654 717 715 ἐκεῖνος
750 653 837 707 ἐπὶ
892 658 999 706 τῶν
1043 651 1350 725 ἀνακτόρων
1399 650 1541 705 πολὺ
1590 651 1753 706 πλέον
1803 659 1919 714 ταῖς
1971 652 2151 707 παιδι-

512 749 633 806 καῖς
665 745 1004 818 ἀμπεχόναις
1034 742 1379 818 ἐνηγλαῖζετο
1530 747 1646 803 τοῖς
1702 740 1864 805 ἰδίοις
1897 744 1985 797 καὶ
2018 744 2153 798 κατᾶ

505 833 714 904 ,τρόπον
768 836 864 887 τοῦ
914 833 1166 904 σώματος
1196 828 1435 906 ἔχουσιν.
1482 830 1668 891 Οὕτως
1717 831 1921 893 ἐκεῖνος
1955 832 2014 886 ἐκ
2045 836 2151 886 τῶν

514 919 613 991 ἔξω
644 922 733 975 καὶ
767 924 849 983 οἷς
878 919 1069 988 ἐποίει,
1100 920 1199 987 τὴν
1231 916 1380 973 ἔνδον
1415 916 1647 982 διάθεσιν
1695 921 1781 973 καὶ
1816 918 1847 973 ἃ
1876 918 2150 994 ἐλογίζετο

511 1010 916 1084 παρενέφαινεν,
968 1007 1103 1061 ὅπου
1133 1006 1221 1060 καὶ
1254 1006 1419 1074 αὐτὴν
1471 1004 1535 1072 δὴ
1584 1008 1681 1074 τὴν
1716 1004 1803 1059 διὰ
1861 1006 2146 1081 μαργάρων

511 1095 822 1172 καλύπτραν
882 1095 971 1150 καὶ
1026 1096 1092 1149 τὰ
1148 1094 1411 1167 ὀξύλευκα
1466 1093 1765 1167 παράσημα
1823 1090 2147 1159 ἀπεϐάλετο,

512 1186 649 1240 κατά
701 1185 902 1258 τρόπον
960 1185 1018 1242 ’ὀς
1075 1183 1165 1237 καὶ
1226 1184 1341 1254 μετ’
1398 1182 1460 1236 ού
1519 1181 1663 1236 πολὺ
1724 1182 2038 1257 ῥηθήσεται,
2087 1184 2148 1237 τὸ

508 1274 759 1330 ταπεινὸν
792 1273 964 1343 ἐαυτῷ
994 1276 1243 1346 προνοῶν
1292 1268 1380 1324 διὰ
1429 1272 1492 1324 τὸ
1523 1270 1719 1325 ἐκεῖθεν
1773 1270 2008 1347 ἀσφαλὲς
2058 1272 2148 1325 καὶ

508 1364 686 1432 πάσης
717 1360 1065 1436 καχυποψίας
1096 1359 1382 1431 ἀνώτερον.

510 1473 578 1532 λ’.
641 1478 752 1551 Τοῦ
812 1474 1052 1551 μεγάλου
1084 1471 1491 1551 ,κονοσταύλου
1571 1478 1694 1551 τοῦ⁸
1731 1474 2148 1551 Ταρχανειώτου

582 1548 718 1621 πρὸς
800 1544 905 1601 et»;
977 1544 1230 1621 πενθερὸν
1324 1544 1489 1599 αὐτοῦ
1574 1544 2147 1617 Ἰωάννην”αύτομό-

584 1619 765 1689 λὴσις.

583 1718 660 1787 [Ρ.
695 1716 821 1787 217]
854 1711 1030 1769 Ἀλλὰ
1057 1714 1319 1787 πρότερον
1352 1711 1387 1780 ἢ
1435 1716 1596 1767 τοῦτο
1630 1711 1883 1787 ῥηθῆναι,
1924 1713 1986 1766 τὸ
2015 1711 2149 1767 κατὰ

2263 566 2335 627 ὡς
2395 564 2439 619 δ’
2473 568 2499 620 ὁ
2528 573 2635 621 τῶν
2667 565 2893 621 πολλῶν
2946 566 3108 643 λόγος
3138 564 3275 642 ἔχει,
3306 573 3379 640 τῷ
3413 568 3647 645 ἀδελφῷ
3679 575 3892 648 Μιχαὴλ

2263 654 2466 729 ὑστέρῳ
2526 676 2586 728 γε
2644 652 2756 709 ὄντι
2808 656 2969 710 αὐτοῦ
3014 657 3087 718 εἷς
3140 661 3305 730 μέγαν
3355 654 3694 729 δομέστικον
3745 682 3892 717 κατα.

2261 745 2441 798 στάντι
2494 743 2726 819 έγκοτῶν
2772 744 3036 814 ἐκτόπως,
3072 743 3140 799 δι’
3170 746 3329 799 αὐτὸν
3376 744 3438 800 δὲ
3492 747 3697 818 καὶτῷ
3743 754 3891 822 τιμή-

2262 854 2431 900 σαντι,
2470 830 2676 907 βουλὴν
2714 832 3029 907 βουλεύεται
3063 833 3179 889 λίαν
3212 834 3443 908 αἴσχράν
3478 837 3575 889 καὶ
3605 841 3703 891 τοῦ
3732 839 3895 912 γένους

2258 919 2493 991 ἀναξίαν.
2546 921 2638 982 Εἷς
2677 925 2796 975 νοῦν
2848 922 2950 997 γὰρ
3007 920 3349 996 βαλλόμενος
3398 922 3739 995 αὐτομολεῖν
3778 928 3896 999 πρὸς

2256 1010 2347 1064 τὸν
2381 1009 2660 1083 πενθερὸν,
2710 1008 2824 1063 ἐπεὶ
2856 1010 2907 1063 ἐν
2957 1012 3274 1065 καταστάσει
3320 1016 3429 1066 τῶν
3487 1010 3606 1066 ἐκεῖ
3661 1014 3896 1089 πραγμά-

2256 1101 2366 1151 τῶν
2419 1096 2587 1151 ὄντων
2623 1097 2721 1151 οὐκ
2749 1098 2947 1151 ἀνυστά
2977 1100 3028 1151 οἱ
3072 1099 3139 1153 τὰ
3191 1106 3293 1168 τῆς
3324 1100 3677 1172 αὐτομολίας
3723 1099 3893 1175 διέγνω

2258 1185 2557 1260 γίγνεσθαι,
2624 1192 2723 1254 τὴν
2795 1186 2883 1241 ἐπὶ
2947 1191 3045 1251 τῆς
3102 1188 3302 1261 πέτρας
3359 1189 3577 1258 σηπίην
3644 1196 3893 1263 μιμεῖται.

2261 1275 2473 1345 Ἐκείνη
2522 1275 2625 1349 γάρ
2686 1276 2795 1346 (καὶ
2828 1280 3018 1331 σιωπῶ
3046 1276 3136 1331 τὸν
3172 1278 3393 1354 φυσικὸν
3454 1277 3626 1353 λόγον
3673 1279 3781 1353 οὐχ
3831 1280 3892 1342 ὡς

2259 1361 2522 1437 ἐξέρασμα
2551 1364 2614 1418 τὸ
2666 1363 2832 1436 μέλαν
2884 1362 3213 1438 δοχόμενον,
3246 1364 3373 1421 ἀλλ’
3404 1365 3671 1422 ἀκούσιον
3706 1364 3895 1442 διαχώ-

2258 1471 2411 1524 ρημα
2443 1451 2562 1526 ῥυὲν
2622 1451 2873 1527 ἐξαίφνης
2926 1457 3005 1523 τῷ
3059 1447 3215 1529 φόϐῳ
3274 1452 3726 1525 συστελλομένης
3778 1457 3892 1509 καθ-

2257 1542 2471 1607 εκτικῆς
2505 1536 2811 1613 δυνάμεως,
2860 1539 2906 1611 ᾧ
2936 1537 3001 1609 δὴ
3036 1540 3125 1594 καὶ
3175 1536 3602 1613 συμϐεϐηκότος
3651 1543 3715 1596 τὸ
3771 1547 3891 1610 ζῶον

2256 1628 2332 1689 εἷς
2370 1628 2622 1700 βοήθειαν
2656 1628 2972 1702 χρῆταικαὶ
3006 1627 3289 1705 ἀποφυγὴν
3320 1632 3430 1683 τῶν
3466 1626 3709 1701 δεινῶν),
3738 1628 3891 1700 ἐκείνη

2254 1715 2438 1770 τοίνυν
2490 1716 2720 1780 θέλουσα
2770 1716 2979 1790 φεύγειν
3016 1716 3143 1778 τοὺς
3193 1719 3434 1790 θηρατάς
3485 1717 3669 1790 ἐξεμεῖ
3724 1718 3770 1770 .ὸ
3817 1718 3897 1789 μέ-

507 1803 601 1857 τὸν
659 1803 823 1876 μέγαν
872 1799 1236 1855 κονοσταῢλον
1290 1800 1382 1854 τὸν
1415 1800 1840 1874 Ταρχανειώτην
1875 1797 2226 1904 Ἀνδρόνι-Β
2257 1803 2355 1859 λαν
2408 1805 2497 1859 καὶ
2552 1806 2644 1859 τὸν
2700 1804 2912 1859 πόντων
2974 1806 3218 1879 συγχέει,
3273 1805 3364 1860 καὶ
3430 1806 3583 1861 οὕτω
3643 1804 3793 1881 ῥᾳδία

1130 1892 1158 1903 ..
1386 1892 1412 1902 ..
1605 1887 1791 1904 ‘...
1914 1890 2048 1904 ,ιν-η
2262 1895 2506 1904 ._-.-.
2701 1890 2776 1904 ε..
2951 1900 2976 1904 _
3156 1894 3324 1904 --.μ
3657 1900 3678 1904 μ
3777 1892 3809 1904 ..

511 1912 605 1947 κον
656 1890 745 1946 καὶ
802 1890 1016 1963 ἀνεψιὸν
1065 1892 1161 1943 τοῦ
1218 1892 1544 1962 κρατοῦντος
1605 1887 1864 1962 λεγέσθω.
1914 1890 2150 1964 Ἕφθασε

514 1981 607 2052 μὲν
659 1982 686 2033 ὁ
741 1978 902 2052 λόγος
933 1976 1021 2032 καὶ
1053 1973 1298 2051 γαμϐρὸν
1334 1974 1575 2047 ἀπέδειξε
1603 1980 1792 2031 τοῦτον
1827 1980 1923 2030 τοῦ
1973 1977 2148 2031 Δοόκα

509 2070 767 2123 Ἰωάννου
794 2067 884 2121 καὶ
915 2067 964 2136 ἐξ
1014 2066 1336 2138 ἀξιωμάτων
1388 2061 1905 2138 σεϐαστοκράτορος”
1954 2066 2147 2137 Τούτῳ

507 2158 688 2212 τοίνυν
745 2156 812 2211 τὰ
857 2155 993 2210 κατά
1036 2156 1135 2223 τήν
1189 2151 1511 2228 Ὀρεστιάδα
1540 2175 1598 2208 τε
1649 2153 1738 2207 καὶ
1781 2152 1847 2207 τὰ
1896 2151 2147 2227 ἔ-ιδότερα

503 2249 600 2299 τοῦ
655 2243 834 2317 ΑἹμου
874 2243 1284 2318 ἐπιτετράφατο,
1343 2243 1432 2296 καὶ
1489 2244 1554 2309 ἦν
1615 2242 1759 2311 αὐτῷ
1810 2240 2021 2313 σύναμα
2076 2245 2143 2314 τῇ

505 2332 719 2410 γυναικὶ
771 2331 1012 2404 κάθισμα
1066 2332 1101 2399 ἡ
1164 2327 1639 2404 Ἀδριανοόπολις.
1689 2330 1775 2391 Ὧς
1814 2333 1943 2404 γοῦν
1977 2328 2146 2384 ἐκεῖσε

507 2549 709 2603 dactus
741 2548 830 2600 est
860 2545 1132 2617 gradum,
1166 2547 1231 2599 ut
1263 2542 1458 2615 palam
1499 2544 1625 2613 jam
1658 2547 1994 2599 cerneretur
2024 2559 2152 2599 am-

508 2636 634 2691 bire
666 2634 857 2689 aulica
910 2633 1219 2689 sedulitate
1250 2634 1587 2703 Augustum
1633 2631 1953 2702 juniorem,
1987 2648 2052 2686 ac
2100 2632 2148 2687 si

509 2725 747 2795 quando
778 2723 829 2778 is
880 2722 1013 2794 ipsi,
1050 2720 1207 2777 velut
1254 2721 1313 2775 in
1363 2720 1668 2792 pramium
1716 2720 2004 2791 obsequii,
2038 2720 2147 2775 ali-

511 2830 688 2885 quam
722 2829 752 2868 e
783 2812 905 2867 suis
948 2811 1313 2882 chlamydem
1347 2810 1610 2876 donaret,
1642 2813 1969 2865 reverenter
1996 2808 2150 2864 acci-

510 2908 674 2973 perct
733 2901 1137 2968 indueretque,
1188 2898 1299 2953 etsi
1355 2914 1451 2964 ea,
1504 2897 1717 2969 quippe
1773 2898 1844 2952 ad
1904 2898 2149 2951 formam

513 2990 772 3045 nondum
806 2988 973 3059 plene
1003 2987 1188 3042 adulti
1220 2987 1524 3057 adaquata
1544 2986 1826 3056 corporis,
1852 2984 1991 3051 viro,
2014 3001 2152 3053 qua-

512 3076 585 3131 lis
625 3079 750 3131 erat
797 3076 943 3144 ipse,
979 3075 1242 3147 perfecta
1291 3074 1479 3129 atatis
1524 3077 1877 3142 staturaque
1926 3071 2152 3126 altioris

2261 1895 2340 1965 [P.
2380 1896 2506 1965 218]
2555 1890 2812 1969 φυγαδείᾳ
2868 1900 3093 1967 χρῆται.
3155 1894 3419 1955 Κάκεῖνος
3472 1900 3704 1969 συγχεῖν
3738 1892 3891 1957 θέλωι

2252 1984 2319 2035 τὰ
2348 1980 2642 2055 πράγματα
2691 1983 2765 2044 ὡς
2817 1981 3232 2057 βοηθησόμενος
3281 1983 3420 2057 πρὸς
3452 1985 3558 2051 τήν
3615 1983 3782 2059 φυγήν
3834 1984 3889 2053 τῇ

2253 2067 2532 2147 συγχύσει..
2585 2069 2854 2144 Τοχάρων
2901 2069 3134 2139 ἐξελθεῖν
3180 2070 3332 2144 γένος
3378 2071 3799 2144 παρασκευάζει,
3850 2066 3894 2122 o'i

2252 2158 2341 2211 καὶ
2400 2158 2648 2234 φανέντες
2704 2160 2803 2226 τὴν
2856 2161 2956 2233 γῆν
2989 2164 3162 2213 πᾶσαν
3194 2158 3402 2228 ἐκείνην
3442 2158 3669 2214 ἐπέθεον
3703 2159 3773 2218 ὡς
3816 2156 3890 2210 ἐπὶ

2252 2241 2428 2317 κέρδει
2486 2244 2903 2319 συγκληθέντες.
2950 2250 3021 2303 "A
3076 2246 3256 2301 τοίνυν
3289 2246 3489 2301 ἐκεῖνοι
3544 2247 3610 2302 τὸ
3658 2240 3890 2315 τηνικάδε

2251 2331 2383 2394 τοὺς
2412 2332 2730 2406 ἀνθρώπους
2758 2332 3002 2410 ἔδρασαν,
3037 2332 3179 2390 ἰδίαν
3211 2335 3431 2390 ἀπαιτεῖ
3492 2332 3713 2410 σχολὴν
3769 2332 3888 2407 πρὸς

2258 2548 2520 2618 tempore
2550 2551 2835 2617 versatus,
2868 2552 3105 2618 repente
3149 2549 3347 2604 nescio
3379 2548 3528 2620 quid
3580 2562 3808 2620 passus,
3836 2547 3888 2599 ut

2258 2650 2392 2689 vero
2425 2635 2687 2707 plerique
2734 2637 2919 2703 aiunt,
2953 2637 3155 2692 audita
3199 2640 3577 2708 promotione
3611 2631 3886 2691 Michaelis

2260 2723 2456 2779 fratris
2486 2724 2577 2779 sui
2609 2724 2856 2780 minoris
2886 2726 2943 2780 in
2966 2726 3309 2796 dignitatem
3343 2726 3551 2796 magni
3583 2719 3882 2786 domestici,

2262 2812 2683 2868 incredibiliter
2710 2814 2970 2869 offensus
3011 2818 3132 2868 tam
3182 2813 3293 2883 ipsi
3342 2829 3526 2883 quam
3562 2813 3615 2868 ei
3648 2829 3680 2866 a
3713 2826 3818 2881 quo
3842 2806 3885 2862 is

2258 2900 2451 2955 fuerat
2480 2901 2538 2954 in
2573 2905 2749 2956 istum
2798 2906 3028 2956 evectus
3073 2902 3343 2972 gradum,
3377 2902 3452 2955 ad
3490 2899 3885 2972 cogitationem

2259 2988 2428 3043 valde
2459 2988 2901 3059 vituperabilem
2934 2992 2992 3043 et
3020 3005 3230 3059 genere
3258 2987 3567 3057 indignam
3594 3002 3699 3043 suo
3721 2981 3883 3054 appli-

2261 3081 2353 3131 cat
2399 3077 2686 3141 animum,
2737 3078 3046 3133 consilium
3105 3076 3294 3131 iniens
3348 3072 3780 3144 transfugiendi
3823 3069 3882 3124 ad

513 3180 722 3235 parum
756 3164 1107 3219 conveniret.
1142 3164 1286 3233 Ergo
1327 3162 1551 3216 videres
1599 3160 1776 3215 heroa
1822 3158 1988 3213 illum
2020 3164 2145 3213 tan-
2181 3178 2223 3245 ρ
2263 3181 2551 3220 socerum.
2586 3167 2732 3231 Quia
2760 3181 2891 3220 vero
2940 3164 3279 3235 tranquillo,
3314 3168 3378 3218 ut
3418 3167 3581 3219 tunc
3600 3165 3781 3229 erant,
3808 3173 3882 3211 re-

510 3257 639 3307 tum
674 3268 775 3323 per
824 3252 1042 3322 regiam
1088 3250 1286 3304 fratris
1327 3248 1517 3303 aulam
1570 3248 1751 3303 curtis
1808 3253 1864 3303 et
1910 3247 2150 3319 paulum

511 3341 684 3395 modo
714 3339 1128 3394 excedentibus
1178 3337 1493 3409 puerilium
1544 3352 1880 3392 mensuram
1922 3337 2148 3391 tunica-

510 3445 642 3483 rum
702 3444 971 3499 aegreque
1030 3427 1098 3481 ad
1160 3442 1349 3497 genua
1410 3426 1719 3497 promissis
1777 3441 1905 3480 sese
1964 3425 2149 3480 multo

509 3518 704 3587 majus
735 3532 801 3570 ac
849 3514 1128 3570 libentius
1168 3519 1463 3569 ostentare
1492 3513 1755 3568 vestibus
1787 3530 1963 3584 quam
2016 3530 2151 3583 pro-

507 3604 649 3675 priis
691 3620 721 3658 e
767 3620 873 3659 suo
923 3603 1244 3657 domestico
1298 3603 1683 3673 depromptis,
1717 3618 1941 3672 suoque
1988 3602 2148 3657 vide-

507 3692 643 3747 licet
699 3692 890 3761 ipsius
948 3691 1239 3761 adaptatis
1308 3691 1480 3745 modo
1541 3690 1817 3761 corporis.
1876 3690 1970 3744 Sic
2028 3689 2145 3754 ille,

508 3797 626 3852 qua
657 3781 808 3836 322
844 3780 1076 3851 penitus
1106 3782 1261 3834 esset
1291 3779 1348 3832 in
1391 3778 1587 3834 animo
1619 3779 1881 3844 affectus,
1916 3778 2147 3832 modes-

506 3874 627 3924 tam
663 3871 934 3938 fastuque
978 3867 1334 3939 superiorem
1389 3866 1548 3922 omni
1580 3866 1995 3920 demissionem
2045 3864 2145 3919 ha-

506 3958 631 4012 bitu
667 3957 957 4027 factisque
986 3955 1277 4027 gaudebat
1327 3954 1581 4011 exterius
1624 3955 1897 4024 proferre.
1933 3955 2054 4019 Quo
2088 3953 2146 4008 in

505 4061 717 4117 genere
745 4051 979 4117 tegmen
1010 4061 1243 4116 quoque
1288 4044 1496 4115 capitis
1537 4043 1870 4113 margaritis
1901 4042 2147 4097 distinc-

506 4141 635 4192 tum
667 4142 722 4192 et
752 4154 821 4192 ex
852 4153 1018 4191 roseo
1048 4136 1357 4192 candentia
1396 4134 1667 4207 deposuit
1710 4134 1963 4205 insignia
1994 4134 2148 4188 ultro

509 4241 577 4280 ac
606 4225 829 4291 volens,
864 4228 929 4279 ut
961 4225 1134 4295 paulo
1180 4228 1313 4292 post
1354 4222 1597 4291 dicetur,
1632 4222 1987 4291 obsequiosa
2020 4238 2146 4276 mo-

507 4314 708 4368 destia
740 4313 1047 4378 instinctu,
1081 4312 1365 4366 humilem
1398 4311 1455 4364 in
1487 4327 1550 4365 se
1580 4310 1831 4381 speciem
1874 4311 2149 4365 affectans

510 4404 747 4472 propter
796 4405 1087 4470 speratam
1119 4415 1188 4453 ex
1217 4415 1280 4453 ea
1332 4397 1703 4452 securitatem
1751 4402 1807 4452 et
1861 4397 2146 4453 malarum

511 4490 585 4544 de
616 4505 678 4543 se
708 4487 1109 4558 suspicionum
1143 4485 1514 4541 abolitionem
1548 4485 1802 4557 plenam.

596 4648 685 4703 30.
718 4646 910 4716 Magni
937 4645 1247 4702 conostauli
1281 4646 1650 4701 Tarchaniota
1681 4645 1761 4699 ad
1786 4646 2054 4701 Joannem

890 4720 1064 4789 ipsius
1094 4733 1337 4773 socerum
1369 4719 1762 4787 transfugium.

581 4843 691 4897 Sed
728 4841 840 4896 ista
871 4840 1213 4911 priusquam
1265 4841 1588 4909 referimus,
1621 4840 1693 4894 de
1731 4855 1943 4911 magno
1974 4849 2145 4894 cono-

514 4930 707 4986 staulo
738 4930 1069 4984 Andronico
1094 4929 1485 4983 Tarchaniota
1515 4927 1731 4983 sororis
1754 4929 1999 5001 Augusti
2029 4927 2146 4983 filio

512 5019 761 5074 dicatur.
788 5018 951 5073 Hunc
976 5016 1148 5088 paulo
1170 5017 1441 5087 superius
1472 5016 1842 5071 narravimus
1867 5030 2146 5085 generum

506 5105 691 5163 fuisse
724 5107 943 5161 factum
982 5105 1149 5160 ducis
1179 5106 1439 5172 Joannis,
1472 5104 1756 5175 dignitate
1787 5104 2145 5159 sebastocra-

508 5194 653 5250 toris
687 5211 699 5248 :
734 5211 903 5265 porro
935 5193 1120 5248 eidem
1157 5197 1287 5263 post
1330 5192 1473 5245 istas
1505 5192 1740 5260 nuptias
1769 5191 1988 5244 credita
2020 5192 2145 5246 fue-

506 5286 598 5337 rat
628 5282 976 5353 gubernatio
1009 5281 1337 5352 provincia,
1374 5296 1502 5349 qua
1553 5283 1757 5349 prater
1786 5278 2146 5334 Orestiadem

503 5377 562 5427 et
611 5373 939 5441 adjacentes
988 5370 1126 5424 huic
1171 5373 1358 5423 terras
1409 5368 1587 5421 etiam
1637 5366 1917 5421 interiora
1965 5366 2143 5422 Hami

503 5459 942 5531 complectitur;
979 5474 1095 5529 qua
1124 5472 1265 5510 cura
1296 5464 1354 5509 ut
1386 5455 1753 5509 commodius
1793 5470 1861 5509 ex
1908 5457 2147 5526 propin-

509 5564 624 5618 quo
655 5549 1015 5619 fungeretur,
1048 5543 1327 5599 domicilii
1360 5543 1559 5598 sedem
1596 5542 1969 5615 Adrianopoli
2004 5546 2145 5601 fixe-

503 5639 613 5702 rat,
663 5636 764 5692 ubi
811 5650 945 5690 cum
1008 5647 1183 5689 uxore
1245 5632 1601 5690 morabatur.
1654 5630 1741 5686 Ibi
1795 5630 1969 5702 longo
2020 5635 2145 5704 jam

2176 4532 2224 4596 D

2261 3270 2391 3307 rum
2424 3259 2579 3308 statu
2611 3259 2738 3309 tuto
2785 3259 2957 3323 atque
3004 3252 3244 3324 impune
3292 3252 3350 3307 id
3401 3270 3468 3307 se
3526 3254 3711 3307 facere
3740 3259 3886 3319 posse

2258 3341 2627 3411 desperabat,
2662 3357 2777 3411 quo
2826 3341 2875 3394 ei
2908 3356 2976 3395 ex
3006 3340 3297 3395 sententia
3350 3340 3656 3411 negotium
3706 3348 3883 3391 succe—

2259 3430 2437 3492 deret,
2473 3429 2692 3499 sepiam
2725 3429 3041 3483 harentem
3073 3433 3246 3499 petra
3268 3427 3380 3483 sibi
3404 3428 3637 3498 putavit
3664 3425 3879 3480 imitan-

2257 3519 2413 3572 dam.
2442 3518 2523 3573 De
2553 3518 2732 3588 hujus
2755 3517 3036 3587 aquatica
3064 3517 3381 3571 animantis
3415 3522 3632 3572 natura
3660 3511 3880 3569 breviter

2258 3608 2448 3661 dicere
2480 3623 2591 3661 non
2624 3605 2847 3670 omitto,
2879 3605 3031 3675 quod
3074 3604 3177 3674 qui
3219 3606 3610 3661 observarunt
3654 3601 3877 3669 diligen-

2256 3695 2397 3761 tius,
2427 3696 2661 3748 tradunt
2690 3710 2803 3748 non
2832 3709 2961 3747 esse
2987 3692 3067 3746 illi
3091 3696 3491 3748 atramentum
3517 3695 3574 3748 in
3601 3690 3876 3762 potestate,

2257 3783 2428 3853 quasi
2460 3784 2517 3837 id
2550 3786 2755 3853 sponte
2787 3797 2920 3835 cum
2944 3779 3067 3835 vult
3090 3786 3337 3850 evomat,
3371 3782 3472 3835 sed
3498 3785 3688 3837 atrum
3718 3777 3875 3830 istum

2256 3871 2542 3943 liquorem
2577 3870 2755 3940 piscis
2778 3869 2959 3939 hujus
2978 3869 3303 3925 visceribus
3332 3875 3682 3941 conceptum
3705 3875 3873 3919 excre-

2257 3964 2522 4015 mentum
2572 3958 2685 4029 ipsi
2717 3958 2870 4013 323
2903 3974 3052 4024 esse,
3088 3958 3244 4028 quod
3276 3974 3344 4012 ex
3374 3957 3691 4012 contractis
3732 3951 3871 4005 metu

2259 4050 2476 4105 infirmi
2508 4052 2561 4102 et
2596 4045 2955 4101 formidolosi
2998 4044 3336 4100 animalculi
3382 4045 3669 4100 membris
3698 4051 3873 4095 neces-

2256 4138 2410 4193 sario
2442 4136 2791 4191 effundatur.
2826 4133 3063 4188 Astutia
3094 4150 3263 4204 porro
3295 4134 3461 4204 quasi
3499 4134 3728 4191 cuidam
3758 4125 3869 4195 ejus

2255 4225 2558 4291 tribuitur,
2593 4224 2744 4294 quod
2778 4223 2966 4293 ipsam
3018 4222 3427 4277 necessitatem
3478 4222 3641 4279 velut
3666 4218 3873 4272 vertens

2256 4314 2314 4368 in
2346 4312 2679 4380 consilium,
2714 4313 2827 4366 ista
2866 4311 3188 4366 sutl'usione
3220 4310 3466 4381 liquoris
3500 4310 3608 4365 atri
3642 4303 3867 4361 salutem

2258 4403 2603 4473 plerumque
2633 4400 2743 4455 sibi
2776 4398 3026 4469 conﬁcit,
3056 4415 3266 4453 manus
3296 4399 3379 4453 sic
3410 4397 3691 4470 effugiens
3720 4401 3869 4473 prenf

2260 4489 2537 4546 santium.
2590 4488 2734 4542 Cum
2787 4488 2942 4543 enim
3006 4487 3354 4557 piscatorem
3411 4486 3718 4541 imminere
3771 4470 3866 4530 sibi

2263 4580 2586 4650 captantem
2640 4575 2836 4643 sentit,
2867 4575 3080 4630 evomit
3128 4579 3542 4642 atramentum,
3574 4577 3631 4628 et
3678 4572 3866 4636 aquam

2254 4667 2313 4721 in
2347 4683 2463 4737 qua
2493 4669 2600 4731 est,
2636 4664 2798 4734 prius
2830 4662 3203 4733 pellucidam,
3232 4663 3432 4717 turbat
3458 4659 3863 4737 obfnscatque:

2257 4733 2430 4825 atque
2478 4753 2535 4807 in
2586 4733 2705 4805 illis
2754 4749 3014 4805 tenebris
3064 4750 3257 4822 effugii
3308 4751 3455 4804 viam
3506 4743 3739 4803 invenit.
3786 4733 3865 4790 Sic

2255 4841 2625 4896 Andronicus
2655 4839 3066 4904 Tarchaniota,
3100 4843 3165 4893 ut
3208 4855 3410 4894 secure
3441 4854 3505 4893 ac
3536 4836 3661 4892 sine
3698 4829 3863 4895 ἱωρο·

2257 4930 2517 4985 dimento
2572 4927 2957 4983 deliberatum
3008 4931 3426 4997 exsequeretur
3472 4915 3864 5005 transfugiu-tI}.

2258 5018 2493 5073 turbare
2534 5016 2695 5087 prius
2727 5031 2791 5070 ac
2824 5016 3065 5071 miscere
3110 5014 3307 5070 omnia
3336 5010 3656 5077 constituit,
3688 4998 3866 5059 accitis

2256 5107 2316 5161 in
2351 5106 2641 5160 Romanas
2669 5108 2853 5158 terras
2883 5102 3182 5170 Tocharis,
3216 5101 3317 5174 qui
3364 5102 3561 5157 statim
3593 5097 3660 5152 ad
3693 5092 3864 5147 osten-

2258 5210 2383 5249 sam
2429 5196 2799 5248 accurrentes
2849 5192 3125 5261 praedam,
3176 5206 3390 5262 magno
3439 5200 3675 5245 numero
3728 5176 3863 5231 intra

2258 5282 2405 5336 ﬁnes
2438 5279 2668 5352 imperii
2716 5285 2852 5334 sunt
2882 5279 3013 5333 visi.
3050 5280 3341 5343 Quantum
3372 5283 3565 5333 autem
3613 5269 3691 5326 illi
3736 5269 3858 5319 tunc

2258 5371 2460 5435 cladis,
2482 5374 2541 5424 et
2561 5368 2754 5423 omnis
2775 5367 3004 5439 generis
3027 5367 3377 5437 injuriarum
3402 5363 3629 5422 miseris
3649 5355 3857 5439 illoruul

2256 5463 2552 5514 tractuum
2596 5456 2937 5511 hominibus
2968 5454 3295 5523 intulerint,
3329 5452 3543 5526 proprii
3576 5462 3673 5505 nec
3719 5427 3856 5510 ρετνί

2260 5546 2451 5619 operis
2482 5549 2891 5615 argumentum
2940 5548 3115 5613 esset,
3149 5559 3251 5613 pro
3303 5537 3696 5613 magnitudine
3723 5530 3855 5619 επρ-

2257 5607 2415 5693 cium
2448 5632 2735 5690 malorum
2758 5648 2873 5689 non
2900 5630 3135 5703 litteris,
3154 5632 3256 5689 sed
3280 5629 3552 5702 lacrymis
3572 5607 3851 5682 scribendi.
