4158 6280
271 340 381 396 773

272 573 419 627 κρυσι
450 549 844 625 γνωριούμενα.
903 546 1047 615 πλὴν
1108 548 1179 608 ὡς
1214 545 1271 599 ἂν
1302 546 1557 622 ἀσφαλῶς
1618 544 1765 599 εἷ’ποι
1807 563 1910 609 τις,

275 643 379 716 οὐχ
405 639 555 709 ἥττω
583 643 750 692 ταῦτα
780 641 888 691 τῶν
940 638 1072 709 μετὰ
1121 640 1217 690 τοῦ
1285 635 1687 689 Κωνσταντίνου
1721 633 1911 707 προτέ-

278 752 394 785 ωων
434 732 666 805 σφαγῶν.
720 725 891 787 Αὐτὸς
925 722 981 779 δὲ
1010 728 1077 797 τῇ
1106 724 1301 779 τούτου
1334 723 1589 799 συγχύσει
1630 716 1911 797 προσϐοη-

278 819 536 890 θούμενος
566 818 678 888 ἅμα
706 814 922 889 γυναικὶ
975 810 1272 886 αὐτομολεῖ
1300 814 1434 888 πρὸς
1478 811 1569 867 τόν
1637 812 1911 886 πενθερὸν·

276 904 493 965 Ὀποίας
549 907 685 978 γοῦν
739 908 838 971 τῆς
883 899 1160 974 ἀναδογῆς
1215 901 1414 964 ἐκεῖθεν
1471 898 1785 973 εὐμοίρησε,
1820 918 1917 951 πε-

278 994 452 1069 ριττὸν
500 990 635 1051 ἴσως
690 988 1016 1064 καὶλὲγειν,
1076 988 1230 1060 ὅμως
1291 986 1347 1042 δὲ
1375 987 1511 1057 ὕλην
1572 985 1756 1041 ἐδίδου
1814 988 1913 1054 τὴν

282 1082 465 1155 μάχην
506 1078 849 1141 ἀνάπτεσθαι.
882 1077 979 1132 Καὶ
1022 1076 1125 1152 γάρ
1154 1077 1291 1138 τὲως
1319 1077 1346 1130 ὁ
1379 1076 1581 1137 Δούκας
1612 1080 1720 1136 τιῖς
1754 1072 1915 1134 ἰδίοις

277 1166 606 1245 ἀρκούμενος
661 1166 932 1239 ἡσύχαζεν
989 1164 1290 1237 ἀναμένων,
1349 1162 1458 1218 ἔστι
1514 1161 1560 1217 δ’
1591 1163 1652 1216 οὗ
1677 1161 1766 1216 καὶ
1822 1162 1914 1215 τὸν

282 1254 419 1312 ἴδιον
448 1256 646 1331 τρόπον
674 1252 1083 1321 κατασκευάζων
1142 1251 1227 1306 ἐπὶ
1258 1252 1325 1306 τὰ
1353 1256 1448 1305 τοῦ
1492 1249 1758 1325 βασιλέως
1806 1249 1921 1304 ἐπι-

276 1344 601 1419 τεῖχίσματα
674 1342 766 1397 καὶ
822 1341 888 1395 τὰ
944 1341 1066 1417 περὶ
1122 1341 1190 1394 τὰ
1245 1339 1518 1397 Ἰωάννινα
1595 1341 1914 1414 παρασπῶν.

274 1435 524 1506 Ἡρεμεῖν
560 1431 606 1485 δ’
637 1430 735 1484 οὐκ
764 1430 830 1499 ἧν
883 1428 1030 1489 ὅλως
1088 1427 1278 1500 ἐκείνῳ
1333 1424 1485 1501 ἀνδρὶ
1521 1429 1725 1502 μάχαις
1784 1424 1921 1501 χαί-

277 1542 423 1597 ροντι
472 1520 562 1574 καὶ
594 1517 881 1590 πολέμοις,
907 1517 957 1588 ἐξ
1013 1518 1083 1571 ὧν
1142 1515 1433 1592 κερδαίνειν
1484 1516 1566 1570 άεί
1598 1516 1718 1570 ποτ’
1746 1514 1919 1584 ἤλπι-

278 1614 391 1678 ξεν.
431 1609 496 1663 Ἦ
524 1607 625 1683 γὰρ
655 1610 752 1661 τοῦ
783 1606 1007 1680 εὖεργοῦ
1046 1605 1231 1680 σχολὴ
1290 1604 1380 1659 καὶ
1442 1604 1572 1678 ὑπὲρ
1629 1607 1725 1658 τοῦ
1756 1602 1921 1677 ἀργοῦ

274 1694 548 1771 ἀσχολίαν
594 1695 661 1749 τὰ
721 1714 949 1769 μεγιστα
1003 1694 1401 1767 κατεργάζεται·
1460 1692 1533 1753 ὡς
1591 1692 1692 1767 γάρ
1755 1691 1924 1766 ἀργῆς

274 1789 465 1859 ψυχῆς
540 1782 630 1837 καὶ
720 1781 1272 1858 κατερῥᾳθυμημίνης
1353 1779 1415 1835 τὸ
1494 1778 1783 1853 ἐνεκαιρεῖν
1870 1778 1923 1832 ἐν

272 1878 474 1943 κενοῖς,
508 1871 649 1926 οὕτω
690 1872 896 1944 θερμῆς
952 1870 1039 1925 καὶ
1100 1867 1394 1930 σπουδαίας
1421 1869 1483 1923 τὸ
1520 1873 1719 1943 χωρεῖν
1754 1867 1923 1938 ὁμόσε

271 1967 394 2023 τοῖς
424 1962 761 2034 πράγμασιν,
820 1956 1002 2019 Οὕτως
1056 1957 1125 2026 ἦν
1173 1956 1376 2018 ἐκεῖνος
1427 1960 1508 2029 τῷ
1534 1956 1659 2010 τότε
1685 1962 1783 2025 τῆς
1817 1955 1919 2009 αὖ-

271 2058 364 2121 τῆς
413 2050 599 2122 πείρας
655 2049 744 2103 καὶ
801 2048 1125 2122 στρατηγίας
1162 2046 1268 2122 ὕλῃ
1324 2053 1443 2108 τοῖς
1498 2049 1920 2121 παραπέμπουσι

271 2139 597 2215 χρώμενος,
653 2134 714 2191 οἷ)
774 2134 1033 2209 πολεμῶν
1089 2137 1178 2190 ὅτε
1249 2133 1393 2209 δόξοι
1452 2140 1568 2197 τοῖς
1638 2134 1922 2206 ἐναντίοις,

276 2225 426 2283 ἀλλὰ
462 2225 676 2299 μᾶλλον
707 2228 787 2297 τῷ
819 2224 1049 2301 ἐνεργεῖν
1107 2221 1381 2299 διεγείρων
1439 2223 1528 2278 καὶ
1584 2223 1675 2278 τὸν
1708 2222 1924 2277 ἆπόίλα-

284 2336 413 2389 μνον
423 2358 438 2373 ο

283 2528 572 2583 Ceterum
603 2524 663 2579 id
694 2522 809 2580 dici
854 2523 978 2579 sine
1018 2522 1337 2579 mentiendi
1370 2522 1626 2594 periculo
1675 2522 1928 2579 breviter

286 2619 478 2685 potest
515 2630 527 2667 :
561 2611 952 2668 calamitatem
995 2612 1449 2682 vastitatemque
1481 2611 1593 2667 ista
1623 2610 1927 2667 occasione

288 2702 423 2758 huic
457 2702 829 2771 importatam
863 2698 1081 2771 regioni
1114 2699 1294 2754 nihilo
1321 2698 1634 2769 mitiorem,
1664 2700 1928 2754 minusve

291 2791 564 2845 acerbam
596 2787 938 2843 crudelitate
987 2787 1254 2853 ceedium,
1284 2787 1639 2858 avaritiaque
1690 2788 1928 2859 rapina-

296 2894 430 2931 rum
465 2892 533 2930 ea
561 2876 755 2947 fuisse,
783 2892 912 2947 quae
956 2875 1252 2945 aliquanto
1284 2880 1417 2930 ante
1455 2874 1664 2931 iisdem
1700 2874 1929 2947 populis

300 2965 625 3036 irruptione
680 2964 1047 3021 Constantini
1111 2965 1338 3035 Bulgari
1389 2965 1684 3020 Tocharos
1730 2982 1930 3020 secum

297 3053 565 3109 ducentis
607 3055 793 3108 fuerat
837 3052 1014 3107 illata.
1050 3052 1155 3107 Per
1196 3053 1346 3107 hanc
1379 3052 1475 3106 ille
1507 3052 1619 3108 sibi
1651 3052 1721 3106 ad
1755 3052 1929 3107 finem

1334 337 1429 390 DE
1473 333 1844 390 MICHAELE
1880 329 2321 387 PALEOLOGO
2357 331 2491 385 LIB.
2531 330 2628 384 IV.

269 467 362 532 τήν
395 466 503 517 τῶν
563 458 755 515 δεινῶν
813 456 1154 533 ἐξαγγελίαν,
1187 459 1251 513 ού
1280 459 1621 533 γράμμασιν,
1652 455 1797 510 ἀλλὰ
1824 453 1919 508 δά·
1945 460 1997 525 Α
2032 452 2134 507 λα’.
2168 522 2184 533 ε
2207 452 2556 533 Έκστρατεία
2612 453 2715 533 τοῐξ
2782 447 3044 533 δεσπότου
3079 446 3362 533 ,Ἰωάννου

3562 324 3669 380 774

3459 448 3669 520 σύναμα

2102 522 2315 599 χιλιάσι
2368 520 2560 599 στρτοῦ
2621 522 2754 599 πρός
2816 521 2909 573 τὸν
2968 521 3247 592 Ἰωάννην,
3290 520 3395 578 ,καὶ
3451 522 3518 574 τὰ
3570 523 3670 588 τῆς

2100 593 2455 670 ἀνδραγαθίας
2481 598 2577 649 τοῦ
2611 593 2884 649 Ἰωάννου.

2099 722 2179 791 [Ρ.
2212 721 2338 793 219]
2388 719 2554 775 Ταῦτ’
2587 716 2688 791 ἄρα
2745 716 2833 771 καὶ
2888 715 3140 790 βασιλεὺς
3198 714 3526 771 δεινοπαθῶν
3581 715 3667 770 ἐπὶ

2018 808 2237 869 τούτοις
2293 807 2553 879 δυνάμεις
2609 806 3069 882 παρασκευάζεται
3129 805 3399 874 πλείους,
3460 804 3674 874 πλῆθος

2022 896 2150 950 ὡσεὶ
2201 894 2595 967 τεσσαράκοντα
2653 896 2744 948 σὸν
2792 898 2871 965 τῷ
2929 898 3165 964 ναυτικῷ
3224 891 3535 966 χιλιάδων,
3594 893 3669 954 ὡς

2021 983 2258 1058 λέγεται,
2316 984 2406 1036 καὶ
2464 978 2739 1057 παραδοὺς
2796 985 2872 1051 τῷ
2931 977 3161 1052 δεσπότῃ
3219 981 3421 1053 πέμπει
3458 977 3546 1034 διὰ
3573 1000 3669 1035 τα-

2023 1076 2168 1149 χὲων
2204 1074 2289 1129 ἐπὶ
2320 1074 2411 1127 τὸν
2454 1074 2734 1142 Ἰωάννην.
2796 1072 3174 1144 Συνεκπέμπει
3241 1068 3287 1125 δ’
3345 1070 3529 1142 ἐκείνῳ
3580 1077 3672 1133 καὶ

2025 1161 2230 1223 ἄλλους
2286 1161 2509 1224 πλείους
2561 1165 2668 1214 τῶν
2730 1158 2985 1234 λοχαγῶν
3045 1160 3135 1213 καὶ
3190 1158 3249 1214 ὲκ
3309 1160 3670 1234 μεγιστάνων,

2024 1251 2097 1302 ὦν
2132 1253 2208 1312 εἷς
2239 1253 2303 1319 ἦν
2338 1250 2424 1304 καὶ
2468 1250 2526 1304 ὃν
2582 1248 2696 1322 εἶχε
2756 1245 3076 1320 δομὲστικον
3129 1254 3227 1316 τῆς
3284 1250 3577 1322 τραπέζης.
3610 1249 3672 1305 Ὁ

2027 1336 2072 1392 δ’
2102 1338 2167 1406 ἦν
2220 1339 2247 1392 ὁ
2299 1332 2693 1411 Καϐαληάριος
2751 1336 3011 1405 ’Ᾱλέξιος.
3073 1336 3207 1412 ἀνὴρ
3267 1334 3521 1411 γεννάδας
3579 1335 3672 1390 καὶ

2025 1423 2295 1501 ἀνδρικὸς,
2328 1425 2387 1487 ὃς
2418 1425 2505 1478 καὶ
2538 1423 2961 1499 παραπήλαυσεν
2996 1422 3216 1496 ὕστερον
3269 1428 3365 1477 τοῦ
3423 1424 3674 1497 πολέμου

2024 1515 2291 1587 τοξευθεὶς
2324 1512 2375 1567 ἐν
2400 1516 2467 1577 τῆ
2530 1512 2681 1586 μάχῃ
2736 1512 2879 1587 παρά
2925 1533 3044 1583 του,
3074 1511 3305 1584 κάκείνῳ
3340 1513 3433 1585 μὲν
3489 1512 3671 1585 κλέος,

2031 1604 2202 1675 ἑαυτῷ
2260 1600 2316 1655 δὶ
2371 1606 2549 1655 πεσεῖν
2613 1599 2847 1662 εὐκλεῶς
2907 1602 3174 1675 παρεσχεν
3236 1601 3298 1655 οὗ
3373 1599 3672 1657 κάλλιστον

2028 1696 2144 1753 τοῖς
2176 1691 2316 1752 νὲοις
2344 1710 2560 1745 πιπτειν
2603 1688 2776 1743 πεσών
2862 1690 2949 1750 Ὡς
2979 1693 3107 1763 γοῦν
3138 1689 3234 1751 τὰς
3267 1687 3520 1762 δυνάμεις
3574 1711 3673 1745 πα·

2034 1775 2285 1857 ραλαϐὼν
2319 1780 2346 1833 ὁ
2380 1777 2644 1848 δεσπότης
2689 1778 2824 1850 πρὸς
2867 1774 3014 1830 δύσιν
3074 1775 3280 1846 ἤλαυνε
3312 1778 3521 1855 θαρῥῶν
3552 1784 3672 1841 ταῖς

2031 1872 2392 1942 παρασκευαῖς
2426 1867 2499 1928 ὡς
2539 1864 2628 1920 καί
2686 1866 2817 1920 αὐτὸ
2874 1868 3112 1936 κινήσων
3174 1866 3235 1920 τὸ
3268 1864 3480 1943 ἔδαφος,
3514 1868 3540 1920 ὁ
3576 1869 3675 1941 βα-

2034 1954 2215 2019 σιλεὺς
2242 1955 2330 2010 καὶ
2385 1954 2517 2008 λαὸν
2574 1951 2663 2008 διὰ
2720 1952 2992 2022 θαλάσσης
3044 1950 3281 2023 ὁπλίζει,
3334 1954 3424 2009 καὶ
3477 1953 3671 2009 στόλον

2034 2043 2456 2115 ἐξαρτυσάμενος
2497 2042 2676 2095 ἱκανὸν
2732 2041 2788 2095 ἐκ
2844 2038 3060 2104 πόλεως
3114 2043 3204 2095 καὶ
3259 2047 3365 2097 τῶν
3426 2040 3674 2113 ὁπουδή-

2033 2153 2165 2187 ποτε
2214 2135 2412 2206 χωρῶν
2469 2150 2527 2184 τε
2583 2127 2670 2183 καὶ
2728 2127 2990 2203 νεωρίων,
3054 2130 3127 2190 ὡς
3160 2128 3290 2183 εἶναι
3343 2151 3438 2194 τας
3494 2131 3668 2192 πάσας

2032 2221 2159 2283 ναῦς
2215 2239 2421 2293 μακρας
2457 2239 2515 2272 τε
2548 2219 2661 2290 ἅμα
2716 2218 2806 2271 καὶ
2859 2218 3302 2292 ταχυναυτούσας
3355 2225 3505 2293 τροῖς
3535 2221 3671 2294 πρὸς

2034 2314 2153 2371 ταῖς
2184 2303 2588 2380 ἑϐδομήκοντα,
2648 2304 2919 2382 παραδοὺς
2974 2306 3169 2369 ταύτας
3214 2313 3292 2379 τῷ
3318 2309 3674 2383 πρωτοστρά-

2034 2526 2178 2577 tunc
2209 2520 2424 2575 bellare
2455 2536 2589 2575 cum
2632 2520 2778 2575 hosti
2809 2521 3132 2590 videretur;
3166 2522 3265 2577 sed
3316 2538 3383 2577 ex
3432 2539 3538 2578 sua
3569 2540 3672 2596 spe

2035 2626 2100 2665 ac
2132 2609 2436 2665 commodo
2458 2606 2735 2663 articulos
2762 2609 3134 2665 occasionum
3158 2614 3429 2680 captans;
3462 2617 3518 2667 et
3558 2629 3671 2667 non

2037 2697 2216 2752 minis
2264 2697 2605 2761 admonens,
2639 2698 2735 2750 sed
2787 2697 3011 2767 agendo
3060 2698 3529 2771 expergefaciens
3567 2701 3669 2755 ad-

2036 2785 2359 2841 versarium
2393 2783 2843 2839 indormientem
2877 2786 3075 2841 rebus.

2038 2902 2127 2956 31.
2151 2900 2438 2969 Expeditio
2460 2900 2684 2953 Joannis
2704 2900 2942 2969 desporw
2961 2916 3081 2954 cum
3103 2900 3403 2955 multorum
3430 2902 3675 2957 millium

2110 2970 2359 3056 εφενσὶιιι
2388 2969 2642 3050 adversus
2677 2971 2940 3026 Joannem
2969 2971 3189 3039 ducem;
3218 2976 3269 3027 et
3298 2972 3365 3027 de
3395 2972 3552 3042 huius
3581 2975 3677 3047 fa-

2111 3057 2295 3097 cmore
2324 3057 2564 3109 mngm.

294 3141 657 3197 destinatum
680 3141 883 3196 utilem
910 3141 1311 3197 confusionem
1337 3141 1639 3209 rerum,ad
1666 3156 1932 3195 socerum
1965 3179 2007 3246 C
2117 3147 2247 3202 Haec
2277 3147 2360 3201 ita
2381 3152 2548 3201 erant
2571 3163 2586 3200 :
2613 3147 2828 3218 quibus
2851 3147 3101 3218 cognitis
3132 3148 3470 3217 indignatus
3500 3148 3691 3220 impe-

293 3245 413 3284 una
445 3246 582 3283 cum
618 3228 868 3301 conjuge
918 3229 1194 3300 profugit.
1224 3227 1297 3283 Ut
1327 3233 1519 3283 autem
1553 3232 1831 3300 exceptus
1864 3229 1934 3283 ab

297 3332 363 3372 eo
388 3317 588 3386 fuerit,
612 3321 670 3372 et
700 3316 832 3387 quis
879 3316 992 3388 ipsi
1025 3316 1157 3371 novi
1189 3317 1407 3371 fractus
1437 3316 1679 3387 hospitii
1726 3317 1946 3371 consti-

294 3406 459 3473 terit,
496 3405 857 3476 superﬂuum
902 3404 1109 3476 opinor
1138 3404 1305 3459 nobis
1357 3405 1435 3459 sit
1484 3405 1720 3477 exsequi
1755 3422 1768 3460 :
1803 3404 1946 3458 illud

303 3498 556 3561 constat,
618 3494 768 3562 quod
829 3493 898 3545 ad
960 3496 1221 3546 nostram
1273 3507 1393 3546 rem
1449 3492 1608 3557 facit,
1659 3490 1949 3547 submini-

308 3589 565 3639 stratum
608 3583 742 3638 inde
773 3588 1113 3654 prietextum
1162 3582 1368 3638 Joanni
1415 3582 1550 3637 duci
1583 3583 1717 3638 belli
1752 3583 1809 3637 in
1845 3600 1949 3639 nos

299 3672 603 3728 movendi.
640 3670 892 3726 Eatenus
924 3673 1079 3726 enim
1112 3670 1209 3726 ille
1239 3670 1363 3726 suis
1392 3676 1705 3726 contentus
1739 3675 1949 3727 utcun-

297 3777 414 3832 que
449 3760 795 3831 quiescebat
839 3760 1205 3815 occasionem
1254 3762 1592 3829 exspectans
1627 3775 1640 3813 :
1676 3764 1730 3813 et
1763 3776 1949 3830 quan-

296 3865 493 3921 quam
515 3848 863 3917 erumpebat
885 3864 1311 3917 nonnunquam
1335 3847 1649 3917 impatiens
1673 3848 1951 3902 fmderum

294 3938 461 3993 anim
479 3952 568 4003 us,
594 3936 1060 4002 tentandis,cum
1086 3937 1286 3989 aderat
1309 3935 1741 4007 opportunitas,
1765 3936 1953 3989 muni-

289 4024 575 4080 tionibus
634 4023 1051 4093 imperatoris:
1085 4039 1199 4093 quo
1249 4023 1305 4076 in
1361 4039 1571 4095 genere
1620 4040 1747 4094 quae
1802 4023 1955 4078 circa

290 4111 608 4169 Joannina
654 4116 794 4165 sunt
844 4113 915 4165 ad
975 4128 1038 4166 se
1089 4115 1405 4166 attraxerat
1438 4127 1451 4165 :
1481 4116 1675 4187 tamen
1734 4111 1953 4166 larvam

298 4201 505 4256 adhuc
537 4199 692 4254 haud
729 4198 897 4270 plane
941 4199 1262 4269 abjecerat;
1296 4215 1410 4254 non
1443 4199 1541 4254 ille
1573 4200 1810 4266 quidem
1844 4216 1955 4254 na-

298 4295 443 4345 tura
468 4287 607 4344 talis
658 4291 720 4342 ut
776 4288 835 4341 in
886 4285 986 4342 illa
1017 4287 1118 4341 diu
1153 4288 1307 4344 324
1338 4288 1714 4344 simulatione
1770 4287 1957 4343 teneri

299 4395 487 4450 posse
548 4381 902 4447 speraretur.
949 4375 1173 4447 Quippe
1219 4378 1369 4432 vasti
1427 4376 1825 4449 pugnacisque
1875 4376 1961 4429 vir

298 4466 517 4535 animi,
553 4463 696 4518 nihil
729 4463 841 4518 nisi
890 4462 1005 4517 vim
1038 4469 1094 4518 et
1136 4464 1290 4519 bella
1337 4467 1590 4536 spirans,
1624 4483 1693 4521 ex
1741 4465 1959 4535 quibus

2050 3239 2226 3300 rator,
2260 3235 2577 3289 exercitum
2620 3239 2922 3304 comparat
2957 3234 3286 3306 ingentem;
3324 3253 3589 3305 numero,
3626 3243 3690 3290 ut

2052 3324 2255 3391 fertur,
2289 3322 2456 3393 quasi
2509 3323 2897 3392 quadraginta
2945 3322 3223 3392 millium,
3268 3323 3580 3379 navalibus
3633 3325 3692 3380 in

2052 3428 2178 3467 eam
2212 3427 2506 3465 summam
2558 3411 2993 3481 comprehensis
3033 3410 3238 3481 copiis.
3271 3413 3340 3467 Et
3370 3411 3479 3467 hoc
3528 3416 3695 3467 tanto

2053 3502 2337 3569 apparatu
2395 3498 2609 3552 tradito
2665 3497 2873 3553 Joanni
2934 3499 3211 3570 despotaa,
3259 3501 3467 3554 vadere
3525 3500 3693 3555 illum

2054 3585 2362 3640 confestim
2394 3584 2624 3638 infestis
2673 3586 2859 3657 signis
2891 3585 2946 3639 in
2979 3586 3264 3642 Joannem
3309 3587 3502 3657 jubet.
3535 3587 3697 3644 Misit

2053 3674 2231 3729 etiam
2263 3688 2396 3728 cum
2430 3689 2496 3727 eo
2531 3671 2726 3742 plures
2775 3674 2919 3728 alios
2964 3675 3335 3729 tribunorum
3364 3680 3420 3730 et
3452 3693 3697 3747 magna-

2055 3767 2467 3830 turn,quorum
2504 3775 2659 3813 unus
2685 3764 2828 3828 erat,
2852 3777 3026 3829 quem
3062 3762 3450 3817 domesticum
3485 3780 3699 3817 mensae

2056 3850 2283 3915 habuit,
2308 3846 2669 3903 Caballarius
2701 3846 2959 3911 Alexius,
2980 3848 3068 3902 vir
3088 3865 3409 3919 generosus
3430 3855 3485 3905 et
3510 3850 3694 3905 fortis.

2057 3936 2223 3991 Hunc
2277 3937 2429 3991 Mars
2480 3936 2586 3990 hoc
2638 3934 2786 3990 bello
2839 3935 3183 4006 pignoratus
3231 3942 3339 4006 est,
3372 3937 3587 4009 sagitta
3637 3938 3698 3992 in

2057 4024 2256 4096 prmlio
2281 4024 2580 4079 sublatum
2604 4023 2926 4093 aquopiam
2950 4025 3275 4094 ignoto,qui
3297 4025 3409 4079 sibi
3434 4025 3703 4096 gloriam,

2061 4113 2211 4169 hosti
2244 4113 2553 4167 honestum
2606 4112 2781 4168 funus
2831 4112 3074 4183 peperit.
3102 4112 3192 4167 Sic
3223 4113 3375 4168 enim
3411 4113 3587 4169 decus
3618 4113 3705 4168 illi

2060 4201 2310 4272 contigit
2361 4200 2625 4271 gloriosa
2676 4200 2880 4255 mortis
2913 4198 2992 4253 ibi
3024 4200 3319 4271 oppetitaa,
3351 4201 3448 4256 ubi
3500 4203 3707 4258 cadere

2054 4288 2374 4362 juvenibus
2404 4293 2492 4343 est
2526 4288 3029 4343 honestissimum.
3067 4290 3212 4342 Eum
3262 4288 3444 4360 igitur
3477 4291 3706 4345 succin-

2064 4384 2194 4435 ctus
2220 4377 2449 4448 magnis
2474 4376 2629 4431 hisce
2653 4377 3024 4431 terrestribus
3048 4376 3229 4448 copiis
3262 4377 3507 4448 despota
3526 4379 3708 4434 Joan-

2064 4483 2168 4522 nes
2190 4467 2372 4520 tantis
2395 4464 2607 4519 animis
2631 4464 2689 4517 in
2712 4465 3084 4519 Occidentem
3112 4466 3307 4525 movit.
3335 4471 3397 4520 ut
3420 4467 3567 4523 325
3594 4471 3708 4521 ter-

300 4559 629 4610 aucturum
675 4568 800 4607 sese
850 4552 1132 4619 fortunas,
1167 4556 1222 4607 et
1271 4552 1449 4607 lucris
1498 4554 1835 4624 ingentibus
1867 4552 1956 4605 di-
1986 4536 2032 4599 Π
2066 4570 2187 4609 ram
2206 4551 3374 4608 hauddubieseconcussurumconﬁdere
3392 4554 3707 4621 videretur,

299 4644 566 4698 tandum
593 4640 952 4710 {conﬁdebaL
989 4640 1164 4694 Porro
1213 4639 1317 4694 viri
1368 4642 1589 4697 strenui
1623 4641 1710 4695 vel
1762 4641 1955 4712 ipsum

302 4732 529 4795 otium,
557 4728 785 4800 negotio
817 4728 1048 4783 remissi
1072 4745 1137 4783 ac
1160 4728 1446 4800 languidi,
1471 4731 1645 4785 rebus
1677 4745 1958 4800 peragen-

303 4820 404 4875 dis
437 4818 713 4872 maximis
740 4816 1035 4872 efﬁcacius
1066 4823 1174 4871 est.
1209 4818 1353 4873 Nam
1403 4822 1468 4873 ut
1507 4818 1712 4873 animae
1741 4816 1961 4873 desidis

306 4924 378 4963 ac
412 4905 769 4977 negligentis
799 4910 889 4959 est
919 4904 980 4959 in
1010 4906 1177 4961 vanis
1218 4906 1331 4961 sibi
1366 4906 1613 4977 placere,
1638 4923 1703 4961 ac
1736 4906 1961 4961 felicem

304 5013 374 5051 se
406 5000 625 5066 putare
654 4992 957 5064 complexu
1009 4994 1278 5049 exsilium
1326 4994 1613 5049 bonorum
1650 5012 1662 5048 :
1698 4994 1781 5049 sic
1813 4994 1962 5050 acris

305 5099 338 5139 e
371 5084 677 5139 contrario
710 5089 883 5153 atque
930 5086 1163 5138 arrectae
1206 5083 1590 5154 ardenterque
1640 5084 1964 5153 majoribus

307 5186 517 5243 usque
559 5170 932 5225 inhiabunda:
982 5171 1283 5243 pr0prium
1335 5176 1443 5238 est,
1478 5188 1856 5243 prorumpere
1906 5172 1966 5226 in

308 5276 473 5330 opus
507 5258 711 5328 quavis
761 5256 1082 5326 occasione,
1116 5275 1181 5314 ac
1230 5258 1453 5313 nullam
1509 5259 1722 5315 frustra
1775 5259 1968 5315 offerri

311 5347 754 5401 movendarum
788 5362 980 5401 rerum
1013 5364 1218 5403 ansam
1251 5346 1462 5403 sinere.
1485 5347 1642 5404 Talis
1673 5355 1812 5403 tunc
1847 5354 1972 5405 erat

310 5435 441 5491 dux
471 5433 765 5500 Joannes;
798 5433 942 5503 ipsis
972 5434 1090 5490 illis
1112 5452 1260 5507 quas
1285 5436 1482 5491 furtim
1512 5437 1767 5507 primum
1791 5442 1974 5493 atten-

308 5525 480 5578 taret
538 5520 1029 5594 grassatiunculis
1062 5528 1119 5579 et
1156 5525 1527 5581 successibus
1573 5525 1818 5581 modicis
1869 5542 1972 5598 pro

313 5610 720 5667 fundamento
778 5608 1124 5668 ulteriorum
1174 5617 1348 5670 utens
1399 5629 1413 5668 :
1465 5629 1570 5669 nec
1631 5617 1973 5686 exspectans

2066 4640 2379 4697 destinavit
2403 4641 2718 4710 imperator
2748 4640 2948 4695 eodem
2975 4657 3209 4711 quoque
3232 4641 3477 4696 classem
3503 4659 3707 4697 onera-

2065 4736 2304 4801 tamque
2335 4727 2754 4799 superbissimo
2781 4727 3028 4797 delectu,
3052 4744 3184 4784 cum
3215 4746 3281 4785 ex
3309 4731 3450 4785 urbe
3484 4735 3606 4785 tum
3640 4747 3708 4786 ex

2068 4820 2295 4874 cunctis
2319 4816 2629 4888 provinciis
2655 4833 2721 4871 ac
2746 4817 3049 4872 navalibus
3074 4818 3525 4887 diligentissime
3548 4818 3711 4874 habi-

2070 4911 2149 4976 to,
2171 4906 2253 4960 ita
2276 4910 2339 4959 ut
2361 4920 2643 4959 numerus
2666 4905 2901 4958 navium
2928 4905 3138 4974 partim
3167 4904 3473 4978 longarum
3500 4908 3710 4978 partim

2071 4994 2327 5051 celerum
2360 4993 2430 5047 ad
2463 4998 2581 5047 tres
2630 4997 2687 5047 et
2735 4993 3111 5063 septuaginta
3156 4996 3523 5064 ascenderet;
3568 5013 3717 5067 quas

2075 5083 2498 5139 commendans
2541 5081 2948 5153 protostratori
2993 5082 3509 5156 PhilanthrOpeno,
3537 5087 3721 5156 jussit

2076 5190 2211 5229 eum
2242 5188 2373 5227 cum
2401 5188 2467 5226 ea
2497 5170 2683 5226 classe
2715 5187 2843 5226 oras
2884 5171 3074 5243 legere
3109 5173 3493 5229 Latinicarum
3529 5175 3718 5247 regio-

2078 5277 2243 5328 num,
2280 5260 2640 5330 infestasque
2688 5259 2923 5328 habere,
2956 5276 3020 5315 ac
3056 5260 3244 5315 sicubi
3275 5278 3365 5317 res
3417 5264 3589 5317 ferret
3620 5280 3716 5318 ex-
3776 5296 3779 5297 ν

2078 5350 2357 5405 scendere
2405 5346 2965 5419 incursionibusque
3024 5364 3213 5414 urere,
3264 5349 3348 5404 sic
3398 5351 3716 5406 arbitratus

2080 5436 2296 5493 certius
2328 5434 2677 5506 faciliusque
2708 5451 3085 5506 processuras
3116 5436 3187 5490 ad
3220 5452 3385 5507 spem
3421 5438 3601 5509 plenae
3633 5439 3716 5493 vi-

2082 5524 2278 5580 ctoria)
2311 5522 2445 5579 belli
2486 5522 2742 5578 universi
2792 5522 3070 5591 rationes,
3102 5523 3153 5577 si
3187 5524 3418 5595 proprio
3450 5526 3722 5598 impliciti

2085 5610 2344 5684 periculo
2374 5609 2565 5667 Latini
2596 5609 2850 5681 cogitare
2880 5611 2951 5666 de
2992 5610 3295 5668 mittendis
3322 5612 3531 5671 Joanni
3561 5616 3727 5672 auxi-
