4158 6280
497 284 606 341 775

1783 278 2085 335 GEORGII
2121 280 2140 332 l

2249 278 2581 337 lHYMEBE
3737 283 3828 340 776

498 401 1100 478 τοριΦιλανθρωπηνῷ
1155 398 1245 454 καὶ
1300 397 1457 453 αὐτὸν
1515 397 1800 471 ἐκπέμπει,
1829 402 1948 459 ταῖς
1979 404 2135 451 Λατι-
2166 401 2216 467 Α
2249 397 2449 462 ἐκεῖνος
2508 396 2781 473 ἐλάμϐανε
2833 406 2934 470 τῆς
2993 400 3279 477 ἀποφυγῆς
3336 397 3511 455 καὶτά
3537 396 3630 471 ἔξω
3680 421 3832 475 προσ-

502 497 681 555 τικαῖς
722 491 932 571 χώραις
988 488 1358 563 προστάσσων,
1418 484 1470 540 εἷ’
1519 507 1610 540 ποι
1672 486 1941 560 παρείκοι,
1973 506 2140 559 προσ-

507 577 754 636 ϐάλλειν·
816 579 958 632 οὕτω
1011 578 1113 651 γὰρ
1175 574 1387 648 μᾶλλον
1448 573 1648 629 εὐοδεῖν
1702 575 1791 628 τὸν
1850 575 1983 629 κατά
2038 581 2142 648 γῆν

502 669 746 741 πόλεμον
776 663 937 739 ᾤετο,
971 665 1017 719 εἷ
1048 664 1266 739 ἔχοντες
1317 664 1430 716 καθ’
1489 662 1684 725 αὐτοὺς
1715 664 1766 716 οἱ
1798 668 2018 716 Λατῖνοι
2048 662 2139 715 τὸν

505 760 629 833 περὶ
664 756 809 833 σφίσι
858 750 1026 831 φόϐον
1086 760 1185 822 τῆς
1242 754 1377 826 πρὸς
1420 752 1510 805 τὸν
1568 751 1826 819 Ἰωάννην
1888 748 2140 824 βοηθείας

503 842 861 920 ἀπόσχοιντο.
895 842 1000 898 Καὶ
1033 839 1099 909 δὴ
1130 842 1230 909 τὴν
1262 838 1529 915 ταχίστην
1579 842 1658 909 τῷ
1687 836 1839 910 τόπῳ
1868 841 1973 891 τῶν
2005 835 2138 890 νέων

502 938 726 1006 Πατρῶν
782 933 1099 994 ἐπιστάντος
1153 933 1254 984 τοῦ
1313 927 1575 982 δεσπότου
1632 924 1890 995 ἔκπληξις
1921 928 2141 999 κατεῖχε

498 1024 701 1084 πάντας
760 1020 850 1075 καὶ
904 1019 1153 1093 ταραχὴ.
1221 1019 1294 1079 ὡς
1347 1019 1689 1091 προσχωρεῖν
1755 1015 1846 1086 μὲν
1902 1013 2137 1076 ἐντεῦθεν

501 1111 693 1183 ἐκείνῳ
739 1108 835 1170 τάς
894 1108 1102 1182 χώρας,
1160 1108 1532 1179 γνωσιμαχεῖν
1568 1100 1624 1156 δὲ
1677 1102 1743 1155 τὰ
1799 1101 2034 1177 φρούρια
2064 1101 2140 1161 ὡς

503 1199 694 1273 μικρὸν
752 1196 1114 1270 ἀντισχόντα,
1175 1192 1298 1247 ὅσον
1354 1191 1753 1267 ἀφοσιώσασθαι
1809 1190 1908 1257 τὴν
1958 1187 2137 1242 πίστιν

500 1291 579 1358 τῷ
647 1288 890 1351 Ἰωάννη,
946 1278 1243 1358 προδοῦναι
1305 1280 1379 1353 μὴ
1440 1279 1721 1350 ἐνεγκόντα
1769 1278 1867 1346 τὴν
1927 1273 2137 1352 ἔφοδον·

499 1374 606 1431 ποῦ
634 1375 733 1449 γὰρ
767 1373 825 1427 ἂν
882 1393 962 1434 τις
1018 1370 1107 1426 καὶ
1165 1368 1396 1439 ἤλπισεν
1430 1367 1480 1438 ἐξ
1507 1364 1680 1421 ἄλλου
1736 1365 1881 1426 τινὸς
1932 1365 2140 1437 τρόπου

497 1465 587 1520 καὶ
623 1464 875 1538 μηχανῆς
932 1460 1195 1528 σώζεσθαι
1230 1479 1244 1527 ;
1283 1458 1311 1512 ὁ
1348 1455 1528 1530 μέντοι
1586 1475 1649 1528 γε
1698 1452 1956 1521 Ἰωάννης
2010 1451 2137 1514 τοὺς

496 1554 619 1626 περῖ
652 1552 809 1606 αὐτὸν
842 1550 931 1605 καὶ
969 1548 1166 1621 μόνους
1223 1543 1385 1623 ἔχων,
1417 1549 1496 1615 τῷ
1550 1542 1749 1612 πλήθει
1804 1541 1938 1596 κατᾶ
1994 1540 2138 1596 πολὺ

497 1637 848 1711 λειπόμενος,
878 1640 997 1697 ταῖς
1028 1633 1287 1694 ἐπινοίαις
1342 1629 1608 1706 ἐπεχείρει
1664 1630 1947 1697 σώζεσθαι.
1978 1630 2135 1692 ’Όθεν

496 1726 587 1781 καὶ
618 1729 710 1779 νῦν
746 1725 840 1797 μὲν
896 1718 1044 1787 ἔνθα,
1101 1726 1191 1775 νῦν
1226 1718 1275 1774 δ’
1321 1719 1492 1774 ἐκεῖσε
1541 1713 1871 1791 προϐαίνων,
1915 1717 1990 1778 ὡς
2022 1715 2135 1771 οἶόν
2170 1745 2216 1809 Β

494 1835 555 1869 τε
592 1814 683 1883 ἦν,
742 1810 1176 1889 κατησφαλίζετο
1214 1809 1282 1863 τά
1311 1808 1494 1862 αὐτοῦ·
1551 1804 1613 1861 τὸ
1670 1807 1773 1879 γάρ
1833 1810 2033 1879 χωρεῖν
2066 1803 2140 1865 εἷς

503 1903 685 1976 μάχην
719 1898 772 1955 ἔν
803 1921 855 1954 τι
884 1903 991 1953 τῶν
1051 1895 1326 1951 ἀδυνάτων
1378 1893 1575 1950 ἐδόκει.
1634 1892 1793 1949 Ἀλλ’
1845 1894 1897 1946 o't
1926 1897 2021 1946 τοῦ
2054 1889 2137 1946 δε-

497 1990 700 2045 σπότου
753 1987 1179 2063 ἰχνηλατοῦντες
1233 1987 1345 2039 οἷον
1381 1983 1583 2038 ἐκεῖνον
1640 1981 1933 2055 ἐπέτρεχον
1991 2001 2138 2035 συνε-

497 2079 780 2155 χέστερον,
840 2069 1468 2152 προκαταλαμϐάνοντες
1526 2073 1608 2145 [Ρ.
1667 2071 1792 2143 220]
1823 2069 2023 2131 τόπους
2057 2070 2140 2130 οἷς

495 2167 655 2222 αὐτὸν
707 2163 877 2238 ᾤοντο
936 2164 1219 2232 σώζεσθαι,
1267 2161 1384 2215 ’ὅθεν
1442 2161 1529 2214 καὶ
1589 2163 1668 2230 τῷ
1700 2159 2012 2232 ἀποχωρεῖν
2048 2158 2142 2228 μὶν

499 2261 776 2329 προσῆγεν
841 2252 1098 2319 ἐκείνους,
1156 2255 1235 2321 τῷ
1268 2248 1324 2305 δὲ
1349 2270 1409 2324 γε
1440 2245 1645 2303 δειλίαν
1705 2246 1976 2323 ἐμφαίνειν
2020 2245 2143 2322 6αρ-

500 2338 871 2419 ῥαλεωτέρους
938 2340 1111 2394 ἐποίει
1176 2332 1572 2412 προσϐάλλειν’
1649 2339 1729 2408 τῷ
1784 2335 1886 2410 γάρ
1943 2334 2143 2404 πλήθει

500 2437 789 2508 περιῆσαν,
845 2427 935 2484 καὶ
992 2425 1340 2501 κατημέλουν
1398 2422 1710 2487 διὼκοντες.
1741 2423 1830 2486 Ὧς
1892 2419 1950 2477 δὲ
1977 2423 2139 2497 κόρον

495 2647 596 2703 liis
639 2646 1109 2718 prohiberentur.
1143 2642 1286 2697 Cum
1321 2656 1456 2713 ergo
1484 2637 1850 2695 velocissime
1898 2637 2142 2708 despota

496 2736 750 2792 Joannes
779 2733 840 2787 in
872 2731 1064 2787 locum
1110 2735 1265 2784 esset
1296 2734 1595 2801 pervectus
1629 2741 1905 2781 novarum
1940 2729 2139 2780 Patra-

497 2840 651 2890 rum,
676 2824 884 2893 ingens
910 2819 990 2875 ibi
1021 2824 1263 2874 cunctos
1295 2822 1483 2871 terror
1513 2830 1569 2871 et
1590 2813 1986 2870 consternatio
2020 2819 2143 2867 tur-

498 2912 680 2979 bavit,
714 2912 856 2966 adeo
887 2913 952 2963 ut
1004 2908 1055 2962 ei
1103 2906 1321 2978 passim
1353 2903 1484 2975 pagi
1514 2909 1573 2958 et
1624 2903 1839 2973 oppida
1869 2917 1931 2956 se
1962 2902 2141 2955 dede-

500 3005 653 3070 rent,
685 2999 906 3054 arcium
943 3012 1076 3052 vero
1111 2994 1384 3065 praesidia
1414 2992 1566 3046 inter
1591 2990 1878 3059 ancipites
1907 2995 2139 3044 senten-

2249 486 2559 542 υπώπτευεν
2588 486 2697 558 ἤδη
2758 492 2864 542 τῶν
2921 486 3165 541 ἀπάντων
3226 484 3679 564 καταληφθέντων,
3722 486 3832 564 ἔγνω

2250 576 2494 651 ιρρουρίῳ
2526 576 2710 630 ἑαυτὸν
2744 574 3043 642 πιστεῦσαι,
3075 576 3163 628 καὶ
3191 575 3364 649 φέρων
3405 575 3579 630 ἑαυτὸν
3626 582 3729 638 ταῖς
3751 579 3835 633 Πά-

2247 683 2400 734 τραις
2432 664 2606 738 ὀχυρᾷ
2653 663 2809 719 πόλει
2870 663 2959 718 καὶ
3019 663 3077 718 ἐκ
3106 664 3226 717 νέου
3285 664 3510 736 συστάσῃ
3570 661 3740 718 δίδωσι
3765 668 3835 720 καὶ

2247 752 2484 805 πιστεύει
2524 751 3035 829 φυλαχθησόμενος.
3096 750 3193 805 Καὶ
3226 751 3253 805 ὁ
3287 752 3378 822 μὲν
3410 754 3700 827 καταφυγὴν
3728 753 3837 828 ὀχυ-

2249 840 2342 913 ρὰν
2377 840 2497 914 εὗρε
2550 842 2644 902 τὰς
2703 840 2939 915 Πάτρας,
2971 840 3022 893 οἱ
3056 836 3100 893 δ’
3130 836 3269 913 ἀμφί
3325 839 3413 892 τὸν
3472 835 3717 908 δεσπότην
3757 861 3836 913 μα-

2250 927 2429 992 θόντες
2457 930 2555 998 τήν
2588 928 2749 984 πόλιν
2804 928 2991 1000 κύκλῳ
3048 927 3501 1001 περικαθίζουσιν.
3558 928 3648 981 Καὶ
3679 930 3840 1002 συχναὶ

2248 1016 2382 1089 πρὸς
2413 1015 2537 1079 τοὺς
2566 1015 2711 1079 ἐντὸς
2769 1014 3121 1089 διαμηνόσεις
3181 1012 3423 1069 ἐδένοντο
3473 1018 3566 1069 τοῦ
3595 1012 3838 1088 δεσπότου,

2250 1103 2460 1166 ἐαυτοῖς
2492 1105 2586 1177 μὲν
2618 1110 2870 1178 προνοεῖν
2930 1107 3036 1158 τῶν
3100 1101 3416 1179 βελτίστων,
3475 1101 3664 1157 ἐκεῖνον
3691 1101 3742 1157 δὲ
3764 1125 3842 1157 πα·

2250 1189 2509 1266 ραδόντας
2563 1194 2846 1262 σώζεσθαι·
2884 1194 2958 1265 μή
3018 1190 3122 1267 γὰρ
3182 1190 3492 1265 ἀποχωρεῖν
3548 1192 3750 1257 ἐκεῖθεν,
3782 1192 3843 1264 μὴ

2249 1278 2448 1343 ἄλλοθί
2500 1301 2604 1334 που
2657 1281 2969 1354 τραπέσθαι,
3008 1280 3082 1353 μὴ
3145 1277 3425 1355 φροντίσαι
3480 1278 3544 1332 τὰ
3587 1278 3725 1351 πέρίξ
3752 1278 3845 1333 καί·

2250 1388 2377 1422 οντα
2440 1371 2530 1422 καὶ
2594 1368 2792 1442 ἀγροὺς
2857 1366 3301 1423 κατασκάπτοντα
3381 1366 3471 1420 καὶ
3559 1365 3844 1438 ἀμπελῶνας

2248 1456 2530 1529 τέμνοντα,
2563 1459 2651 1513 καὶ
2690 1456 2849 1519 τέλος
2905 1457 2995 1512 καὶ
3027 1456 3235 1543 ⁴αὐτοῖς
3293 1459 3367 1519 ὡς
3399 1455 3677 1529 πολεμίοις
3722 1455 3847 1531 χρώ-

2254 1566 2412 1617 μενον
2442 1543 2626 1600 τέλεον
2684 1546 2980 1623 ἀφανίζειν,
3029 1541 3134 1600 ’κᾶν
3189 1541 3296 1615 ὅπη
3329 1545 3419 1600 καὶ
3451 1546 3478 1600 ὁ
3509 1551 3695 1621 χρόνος
3741 1565 3848 1615 προ-

2249 1630 2401 1702 ϐαίη.
2451 1637 2630 1690 Ταῦτα
2678 1638 2775 1688 τοῦ
2828 1631 3090 1689 δεσπότου
3148 1631 3544 1706 διαμηνόοντος
3602 1631 3843 1701 ἐκεῖνοι,ἢ

2248 1727 2366 1784 ταῖς
2422 1720 2703 1792 ἀληθείαις
2734 1721 2769 1791 ἢ
2801 1724 2927 1798 παρ’
2985 1721 3190 1777 ἐκείνου
3241 1716 3693 1797 προϐιϐαζόμενοι
3720 1717 3842 1775 ἔνδον

2249 1804 2423 1879 ὄντος,
2454 1811 2657 1880 ἠπιως,
2736 1831 2796 1864 τε
2852 1810 3218 1887 ἀπελογοῦντο
3291 1809 3384 1864 καὶ
3454 1808 3843 1883 προσελιπαρουν

2250 1902 2385 1970 σφᾶς
2415 1902 2520 1951 τῶν
2572 1899 2758 1972 ὁρμῶν
2817 1898 3041 1966 ἀνεῖναι,
3101 1901 3213 1970 μετ’
3272 1898 3334 1953 οὐ
3395 1895 3537 1952 πολὺ
3591 1894 3847 1969 προδοῦναι

2248 1985 2336 2039 καὶ
2374 1986 2467 2040 τὸν
2497 1986 2751 2055 Ἰωάννην
2809 1985 3367 2060 καθυπισχνούμενοι.
3425 1987 3513 2048 Ὧς
3538 1989 3656 2059 γοῦν
3689 1983 3848 2056 μεταξῦ

2252 2074 2455 2148 χρόνος
2497 2070 2760 2149 ἐτρίϐετο,
2807 2073 2896 2128 καὶ
2930 2074 2981 2128 cl.
3016 2074 3110 2146 μὶν
3144 2068 3446 2138 ἀναϐολαῖς
3475 2071 3747 2148 ἐναιώρουν
3771 2072 3849 2140 τὴν

2249 2159 2566 2237 προδοσίαν,
2600 2162 2652 2216 οἱ
2684 2158 2743 2216 δὲ
2770 2159 2894 2215 ὅσον
2928 2160 3081 2216 οὕπω
3138 2160 3325 2216 ἀνύσαι
3380 2162 3448 2216 τὸ
3498 2167 3599 2215 πᾶν
3625 2158 3846 2229 ἤλπιζον,

2251 2247 2547 2323 ἐπιχειρεῖν
2604 2270 2655 2304 τι
2707 2253 2816 2304 τῶν
2876 2250 3123 2319 συνήθων
3181 2246 3314 2324 ἔγνω
3370 2248 3406 2304 ὅ
3459 2250 3721 2318 Ἰωάννης.
3773 2244 3853 2302 Kal

2253 2335 2551 2406 σκοπητέον
2586 2337 2660 2399 ὡς
2709 2335 2918 2412 ἄριστα.
2977 2336 3187 2398 Νυκτὸς
3244 2337 3345 2412 γὰρ
3411 2337 3590 2392 ἑαυτὸν
3647 2333 3852 2410 σχοίνοις

2254 2422 2343 2478 διὰ
2372 2429 2468 2479 τοῦ
2515 2424 2736 2500 τείχους
2787 2424 3193 2499 καταχαλάσας,
3254 2425 3329 2487 ὡς
3361 2426 3444 2498 μή
3477 2424 3734 2502 φωραθείη
3786 2419 3854 2476 διὰ

2248 2638 2458 2695 salutis
2489 2654 2690 2695 omnes
2740 2639 2800 2695 in
2849 2640 2988 2713 fuga
3028 2645 3350 2714 reponeret.
3390 2642 3463 2699 Ut
3510 2645 3693 2698 autem
3734 2638 3850 2696 satis

2249 2727 2495 2798 denique
2542 2726 2707 2782 illum
2757 2728 3062 2785 desultorii
3114 2730 3329 2786 erroris
3358 2735 3424 2786 et
3456 2732 3604 2802 fuga:
3648 2727 3849 2785 inﬁnite

2247 2816 2488 2871 taedium
2538 2816 2714 2888 cepit,
2759 2817 3054 2889 simulque
3109 2820 3519 2874 cunctantium
3564 2819 3633 2874 ah
3678 2814 3849 2872 exteris

2249 2903 2602 2959 auxiliorum
2636 2905 2969 2975 suspicatus
3002 2908 3338 2976 conjectura
3379 2923 3640 2975 causam,
3664 2906 3729 2961 ab
3746 2902 3851 2959 uni-

2248 2991 2434 3047 versis
2469 2993 2592 3061 jam
2622 3006 2685 3046 se
2716 2992 2889 3047 sociis
2918 2993 3259 3050 derelictum
3295 2994 3602 3059 intellexit,
3623 2993 3726 3048 arci
3753 2990 3850 3046 cui-

497 3089 612 3143 tias
638 3065 1010 3141 ﬂuctuarent.
1038 3083 1263 3152 Exigua
1290 3096 1393 3135 nec
1424 3078 1684 3148 longum,
1710 3082 1775 3131 ut
1796 3078 2134 3148 apparebat,
2168 3065 2210 3132 C
2250 3083 2406 3150 piam
2441 3079 2683 3134 munitas
2709 3085 2886 3151 caput
2907 3081 3274 3153 salutemque
3296 3083 3595 3138 conﬁdere
3623 3079 3851 3137 decrevit.

495 3175 746 3229 valitura
779 3174 912 3228 ﬁdei
962 3171 1173 3227 Joanni
1205 3170 1354 3223 datae
1388 3165 1706 3221 reverentia
1735 3165 2038 3221 cohibente
2070 3165 2140 3219 ab

494 3263 624 3332 ipso
675 3263 745 3315 ad
808 3260 1060 3331 primam
1118 3257 1317 3311 statim
1374 3252 1760 3324 irruptionem
1812 3253 2138 3322 prodendo;

498 3368 635 3407 nam
669 3351 737 3404 ad
771 3355 1094 3403 extremum
1144 3344 1325 3399 vitare
1371 3359 1432 3397 se
1463 3357 1630 3413 posse
1679 3341 1995 3396 deditionis
2040 3358 2142 3396 ne-

496 3438 829 3495 cessitatem
875 3435 1344 3505 desperaverant.
1381 3431 1583 3500 utique
1625 3446 1758 3484 cum
1790 3428 2140 3499 circumspi-

496 3525 787 3582 cientibus
819 3527 1050 3591 cuncta,
1074 3519 1283 3575 salutis
1327 3518 1440 3573 alia
1471 3518 1564 3572 via
1593 3517 1960 3588 expediendae
1994 3516 2141 3571 ratio

498 3613 845 3668 humanitus
897 3611 1204 3681 appareret
1259 3605 1442 3660 nulla.
1498 3606 1653 3660 Inter
1708 3604 1828 3660 haec
1885 3605 2141 3660 Joannes

497 3701 625 3774 ipse
654 3700 872 3772 passim
909 3697 1176 3752 desertus
1200 3712 1232 3748 a
1254 3694 1569 3766 plerisque,
1596 3709 1701 3748 nec
1732 3692 1844 3746 alio
1871 3693 1991 3761 jam
2030 3695 2142 3746 fere

498 3804 676 3861 quam
740 3784 1120 3841 familiarium
1184 3780 1641 3836 domesticorum
1700 3781 1900 3849 septue
1960 3777 2141 3832 comi-

496 3881 642 3945 tatu,
675 3880 799 3929 arte
827 3880 1006 3943 atque
1046 3870 1281 3942 ingenio
1332 3867 1604 3938 supplere
1636 3866 1926 3921 defectum
1960 3880 2138 3936 Opum

499 3969 555 4019 et
584 3962 758 4034 capiti
793 3978 858 4017 ac
890 3976 1135 4016 summas
1181 3974 1375 4012 rerum
1428 3970 1662 4011 suarum
1716 3969 1891 4023 quam
1948 3957 2143 4023 posset

496 4053 718 4123 optime
752 4048 1056 4105 consulere
1102 4047 1413 4114 nitebatur,
1446 4043 1573 4098 loca
1602 4059 1670 4097 ex
1698 4041 1842 4096 locis
1883 4047 2140 4107 mutans,

504 4156 801 4210 nusquam
834 4137 929 4192 diu
983 4135 1334 4200 consistens,
1368 4147 1524 4185 nunc
1574 4130 1685 4195 hic,
1720 4145 1853 4183 mox
1883 4128 2003 4183 illic
2032 4128 2141 4183 im-

500 4228 731 4300 proviso
782 4225 1136 4296 apparando,
1170 4224 1413 4275 conatus
1466 4217 1926 4287 insequentium,
1952 4217 2143 4287 quoad

502 4317 758 4385 poterat,
822 4313 1132 4366 frustrans.
1194 4307 1339 4361 Nam
1402 4320 1643 4359 manum
1704 4319 2025 4373 conserere,
2087 4308 2145 4360 et

2250 3173 2395 3239 Ergo
2426 3184 2488 3222 se
2518 3167 2720 3222 Patras
2761 3168 3067 3223 conferens
3108 3169 3455 3240 (praavalida
3504 3170 3623 3226 haec
3665 3172 3772 3225 erat
3810 3168 3854 3220 et

2251 3255 2706 3327 propugnaculis
2740 3271 2940 3311 recens
2971 3257 3216 3312 structis
3249 3258 3649 3314 munitissima
3671 3254 3853 3323 civitas)

2249 3360 2314 3399 eo
2360 3361 2421 3398 se
2468 3343 2726 3409 inclusit,
2760 3344 3034 3400 idoneum
3083 3345 3142 3400 id
3192 3347 3536 3417 praesidium
3587 3350 3738 3401 ratus
3779 3340 3851 3396 cui

2250 3447 2541 3486 summam
2593 3446 2787 3485 rerum
2820 3436 2878 3486 et
2908 3432 3185 3503 reliquias
3235 3434 3484 3488 fortunas
3532 3435 3589 3489 in
3635 3437 3852 3489 extremo

2248 3519 2589 3573 discrimine
2612 3518 3024 3574 custodiendas
3057 3524 3210 3574 recte
3242 3520 3526 3576 crederet.
3553 3526 3622 3575 At
3649 3520 3855 3589 despota

2247 3607 2503 3662 Joannes
2531 3608 2627 3676 qui
2659 3618 2940 3676 tanquam
2986 3607 3262 3680 indagine
3292 3607 3555 3664 clausam
3589 3609 3750 3663 feram
3775 3620 3854 3659 ve-

2248 3700 2416 3749 nator
2456 3694 2718 3763 undique
2765 3694 3059 3766 vestigans
3110 3695 3337 3750 nullum
3393 3697 3565 3752 ﬁnem
3598 3689 3854 3766 quaerendi

2247 3782 2491 3838 Joannis
2521 3782 2690 3838 ducis
2721 3782 2901 3853 inque
2928 3799 3095 3838 suam
3122 3788 3469 3855 potestatem
3504 3785 3746 3856 redigere
3773 3796 3852 3836 co-

2249 3870 2426 3925 nandi
2457 3869 2725 3932 faciebat,
2748 3870 2846 3923 ubi
2872 3869 2983 3925 cito
3004 3870 3273 3942 cognovit
3313 3871 3509 3928 Patris
3541 3889 3668 3927 eum
3696 3868 3855 3924 inclu-

2248 3976 2403 4024 sum,
2422 3976 2489 4014 eo
2515 3957 2818 4013 confestim
2845 3960 3160 4014 exercitum
3185 3959 3423 4030 rapiens
3453 3977 3662 4016 corona
3683 3958 3852 4013 urbem

2249 4046 2654 4114 circumdedit,
2687 4063 2868 4117 prono
2919 4048 2989 4101 ad
3032 4048 3086 4101 id
3134 4064 3278 4103 usus
3326 4049 3528 4104 studio
3578 4049 3774 4103 ducum
3804 4057 3856 4097 ac

2250 4134 2527 4203 militum,
2553 4150 2700 4204 quos
2732 4140 2789 4189 et
2818 4134 2980 4205 ipsos
3008 4133 3142 4189 belli
3167 4151 3285 4190 uno
3319 4136 3376 4190 in
3403 4137 3592 4207 capite
3622 4128 3855 4207 patrandi

2249 4222 2596 4293 percupidos
2629 4221 2927 4277 alacritate
2958 4221 3289 4294 pelliciebat
3317 4225 3387 4279 ad
3422 4222 3856 4280 contendendum

2250 4310 2398 4365 mira
2442 4311 2573 4382 ipsa
2612 4327 2725 4365 non
2774 4309 2952 4365 dubia
3007 4310 3220 4367 vicinia
3271 4315 3496 4382 praedas,
3530 4312 3621 4368 cui
3662 4309 3853 4366 dudum

495 4401 896 4471 aleamjacere
918 4391 1881 4482 przelii,destitutumcopiis,ultra
1904 4409 2134 4447 omnem
2168 4419 2215 4482 ι)
2249 4399 2632 4464 inhiaverant,
2666 4416 2838 4472 quam
2874 4400 2998 4456 suis
3029 4401 3232 4472 utique
3269 4402 3391 4472 jam
3430 4402 3700 4459 manibus
3729 4392 3855 4454 elabi

498 4498 563 4547 ut
596 4488 954 4555 facultatem,
988 4486 1067 4540 ita
1111 4483 1524 4554 cogitationem
1575 4485 1717 4536 erat.
1755 4480 1924 4535 Porro
1954 4482 2135 4536 duces

498 4594 565 4634 ac
598 4577 813 4632 milites
844 4575 1096 4643 despotaa
1118 4571 1233 4626 late
1264 4587 1364 4643 per
1386 4569 1677 4638 regionem
1708 4568 1896 4639 sparsi
1926 4569 2135 4624 ducem

500 4667 759 4722 hostium
795 4663 892 4718 ubi
926 4663 1128 4716 lateret
1156 4659 1433 4715 omnibus
1463 4656 1725 4727 vestigiis
1757 4656 2135 4727 indagabant,

499 4755 830 4810 scrutantes
877 4749 1113 4805 assidue
1160 4748 1289 4803 loca
1336 4750 1545 4801 cuncta
1574 4744 1793 4816 quibus
1824 4744 1975 4800 8‘26
2005 4761 2136 4800 eum

501 4841 779 4898 abscondi
829 4839 916 4895 vel
974 4836 1185 4909 exigua
1231 4834 1490 4907 suspicio
1532 4849 1661 4889 esse
1708 4839 1923 4905 posset.
1977 4833 2139 4889 Unde

500 4947 632 4986 cum
683 4928 782 4984 ille
828 4927 1085 4983 latebras
1133 4924 1386 4980 subinde
1437 4931 1710 4977 mutuans
1740 4922 2013 4978 continue
2046 4923 2136 4976 fu-

501 5023 683 5091 geret,
714 5017 984 5072 trahebat
1018 5018 1148 5087 post
1191 5028 1251 5068 se
1278 5012 1497 5077 hostes,
1525 5010 1767 5065 ulterius
1799 5010 1883 5064 sic
1912 5026 2141 5082 semper

500 5108 561 5162 in
608 5107 735 5177 ejus
785 5103 1024 5159 ditionis
1075 5118 1202 5156 sese
1251 5097 1955 5176 promoventes‘intima:
1991 5115 2139 5168 quos

500 5195 599 5251 ille
628 5195 755 5266 ipse
798 5191 1125 5248 manifestis
1157 5188 1558 5260 deprehensus
1588 5184 1821 5239 indiciis
1852 5186 2019 5241 ducis
2049 5188 2138 5241 fu-

499 5284 710 5353 gientis
742 5283 918 5337 timor
948 5278 1291 5335 audaciores
1339 5275 1564 5331 scilicet
1611 5274 1672 5328 in
1721 5289 1786 5328 eo
1817 5273 2139 5330 invehendo

503 5373 771 5437 faciebat,
798 5371 971 5425 fretos
1004 5367 1205 5437 utique
1239 5380 1354 5435 qua
1384 5362 1537 5418 clare
1568 5360 1959 5433 praevalebant
1989 5362 2139 5417 mul-

499 5460 776 5524 titudine,
809 5473 913 5513 nec
954 5469 1303 5525 magnopere
1344 5450 1781 5507 formidandum
1816 5450 2138 5523 quidquam

501 5548 853 5605 arbitrantes
883 5546 955 5602 ab
986 5559 1052 5599 eo
1082 5542 1181 5616 qui
1202 5540 1425 5597 viribus
1457 5538 1651 5612 palam
1683 5539 1981 5612 difﬁdens,
2004 5556 2138 5612 spes

2247 4489 2540 4558 negabant
2583 4504 2774 4559 posse.
2801 4488 3029 4544 Crebris
3060 4493 3195 4545 ante
3242 4492 3443 4546 omnia
3497 4487 3787 4559 colloquiis
3812 4486 3856 4536 et

2247 4575 2957 4646 promissionibustentati
2974 4576 3348 4632 obsessorum
3377 4580 3449 4633 ab
3482 4573 3855 4634 obsidentibus

2248 4662 2424 4717 animi
2448 4671 2603 4718 sunt.
2630 4662 3067 4734 Proponebatur
3098 4664 3245 4734 ipsis
3275 4681 3378 4735 per
3402 4666 3653 4721 subinde
3677 4661 3855 4718 missos

2250 4750 2437 4823 pellax
2466 4756 2522 4806 et
2543 4756 2874 4821 quaestuosa
2897 4752 3176 4817 conditio,
3200 4753 3531 4823 paciscendi
3553 4753 3661 4807 sibi
3684 4751 3858 4823 praeter

2246 4839 2713 4895 incolumitatem
2733 4855 3024 4910 securam,
3050 4840 3422 4912 amplissima
3442 4840 3858 4905 certissimaque

2249 4927 2509 4999 praemia,
2543 4944 2670 4999 qua:
2713 4928 3032 4998 promereri
3085 4929 3279 4985 statim
3317 4933 3559 5000 possent
3602 4925 3744 4982 facili
3770 4922 3857 4976 de-

2248 5015 2469 5071 ditione
2498 5015 2676 5070 unius
2724 5015 3003 5080 hominis,
3037 5033 3224 5072 causae
3255 5022 3341 5073 tot
3386 5017 3672 5072 malorum
3703 5009 3781 5065 vel
3807 5006 3855 5061 in

2250 5120 2503 5175 prasens
2536 5104 2869 5175 urgentium
2900 5103 2989 5159 vel
3018 5104 3077 5159 in
3109 5105 3371 5160 futurum
3423 5099 3853 5159 imminentium.

2246 5189 2336 5242 Sic
2368 5189 2522 5242 enim
2554 5196 2707 5243 certo
2740 5187 3042 5256 haberent,
3075 5205 3379 5261 nunquam
3407 5189 3546 5244 inde
3576 5187 3853 5242 abscessu-

2248 5293 2366 5341 ros,
2400 5281 2501 5331 aut
2530 5275 2644 5332 alio
2672 5276 2877 5347 quovis
2918 5281 3186 5348 respectu
3226 5277 3569 5332 avertendos
3595 5274 3856 5329 Romanos

2249 5364 2366 5420 nisi
2397 5364 2661 5420 confecta
2692 5381 2785 5431 re;
2832 5379 2939 5419 nec
2968 5364 3205 5420 interim
3249 5365 3595 5436 parcituros,
3618 5364 3714 5416 aut
3754 5351 3856 5411 ulla

2250 5452 2652 5509 misericordia
2704 5453 3060 5509 revocandos
3088 5453 3161 5508 ab
3192 5453 3428 5510 urendis
3482 5455 3607 5507 tota
3649 5444 3854 5518 regione

2249 5540 2515 5612 frugibus
2543 5557 2609 5598 ac
2637 5540 2830 5611 tectis,
2864 5540 3020 5612 agris
3051 5557 3117 5597 ac
3149 5542 3295 5598 satis
3337 5536 3724 5597 conculcanda
3748 5543 3855 5588 cor-
