4162 6292
299 337 425 392 777

1372 340 1468 394 DE
1505 338 1878 395 MICHAELE
1916 339 2356 397 PALEOLOGO
2390 340 2527 396 LIB.
2567 342 2662 396 IV.

3597 342 3705 398 778

303 459 686 537 στρατοπέδου
758 458 1013 536 βαδίζων,
1086 462 1241 525 εὐθύς
1293 484 1353 517 τε
1428 460 1958 536 μετασχηματίζεται
1992 463 2043 527 Α
2074 460 2299 536 λιπαρεῖ
2357 465 2600 539 βοηθεῖν,
2661 463 2737 527 εἷς
2790 460 2969 517 πίστιν
3019 462 3076 519 δὲ
3122 468 3227 520 τῶν
3285 464 3531 522 σπονδῶν
3579 468 3704 521 ἑαυ-

299 550 404 602 καὶ
473 549 705 624 χλαῖναν
766 549 858 621 μὶν
941 549 1203 620 μέλαιναν
1272 550 1619 623 περιτίθεται,
1676 553 1862 623 κρατεῖ
1920 545 1972 601 δ’

304 639 415 692 ἀνὰ
446 643 636 712 χεῖρας
687 635 861 690 *ίππου
921 637 1150 712 ῥυτῆρα,
1204 639 1299 692 παὶ
1360 638 1496 692 κατὰ
1548 636 1845 710 θεράποντα
1879 655 1969 707 με-

302 725 785 797 τασκευασάμενος
867 723 1230 779 καθευδόντων
1317 727 1441 799 περὶ
1539 726 1701 797 μέσας
1774 723 1966 783 νύκτας

306 816 457 868 ἅπαν
488 814 550 867 τὸ
583 810 941 886 στρατόπεδον
996 809 1192 886 διεξῄει
1246 813 1669 887 ἐρωτηματικῶς
1710 810 1962 885 ἐκφωνῶν

302 901 573 976 συχνάκις
597 900 744 975 ᾲπερὶ
776 899 942 955 ἵππου
969 898 1123 969 δῆθεν
1152 900 1528 963 ἀπολωλότος.
1555 900 1658 956 Καὶ
1684 921 1732 953 οι
1761 900 1853 970 μὲν
1878 919 1967 952 κα-

297 1010 374 1058 τη
389 988 613 1061 μέλουν,
641 991 692 1042 οἱ
720 987 776 1042 δὲ
824 1009 912 1042 και
966 988 1331 1063 ἀπελογοῦντο
1363 985 1572 1051 ἔνδοθεν
1603 992 1711 1042 τῶν
1746 990 1959 1056 σκηνῶν

294 1080 391 1150 -μὴ
425 1075 556 1131 ἰδεῖν
583 1078 644 1131 τὸ
676 1075 929 1149 σύνολον,
950 1076 1157 1130 ἐκείνου
1188 1078 1277 1131 καὶ
1302 1079 1367 1131 τὰ
1398 1077 1472 1137 εἷς
1504 1076 1710 1150 εὕρεσιν
1756 1074 1959 1147 δαψιλῆ

300 1166 883 1239 καθυπισχνουμένου.
947 1166 1048 1220 Καὶ
1110 1163 1251 1219 οὕτω
1311 1165 1491 1219 λαθὼν
1550 1165 1646 1224 τάς
1708 1165 1957 1217 ἁπάντων

302 1255 539 1329 γνώσεις
588 1252 886 1308 ἀπολύεται
942 1255 1034 1326 μὲν
1062 1258 1158 1307 τοῦ
1203 1258 1510 1325 Ῥωμαϊκοῦ
1569 1250 1958 1325 στρατοπέδου,

309 1342 685 1405 ἐνσκευασθεὶς
746 1342 804 1395 δὲ
861 1343 955 1413 ἅμ’
1000 1338 1093 1414 ἴῳ,
1143 1341 1232 1395 καὶ
1283 1339 1352 1395 δι’
1382 1338 1603 1410 ἀδήλων
1656 1341 1748 1401 τὰς
1780 1334 1958 1408 Θήϐας

303 1430 366 1485 ἐν
426 1429 658 1505 ἡμέραις
718 1428 961 1503 μετρίαις
1004 1424 1347 1496 καταλαϐὼν,
1385 1427 1615 1501 μηδενὸς
1648 1433 1753 1482 τῶν
1793 1426 1957 1480 αὐτοῦ

303 1516 521 1580 εἰδότος
553 1515 703 1590 (οὐδέ
733 1520 835 1591 γάρ
864 1519 916 1571 o't
948 1515 1097 1572 ἔνδον
1149 1522 1374 1589 Πατρῶν
1425 1516 1572 1585 πλὴν
1604 1520 1711 1570 τῶν
1742 1515 1954 1569 οἰκείων

299 1605 396 1660 καὶ
457 1609 539 1667 οἷς
592 1606 862 1660 ἐπίστευεν
918 1603 1135 1679 ᾔδεσαν,
1190 1602 1242 1659 ο⁹ί
1300 1602 1365 1673 δὴ
1425 1606 1514 1658 καὶ
1575 1603 1652 1680 ἐφ’
1715 1604 1953 1676 ἡμέραις

298 1691 547 1766 ἔμελλον
580 1693 881 1761 συσκιάζειν
942 1694 1001 1747 τὸ
1062 1690 1240 1767 δρᾶμα
1293 1699 1408 1754 τοῖς
1470 1691 1521 1746 ἐν
1567 1695 1635 1764 τῇ
1680 1691 1837 1745 πόλει
1874 1691 1949 1761 μὴ

300 1778 634 1856 φαινομένου
684 1784 781 1834 τοῦ
844 1781 1140 1851 Ἰωάννου),
1201 1779 1371 1833 ἐκεῖσε
1431 1778 1610 1833 τοίνυν
1654 1779 1747 1832 τὸν
1784 1779 1948 1851 μέγαν

298 1867 493 1943 κύριον
552 1862 981 1940 καταλαμϐάνει,
1028 1868 1424 1939 ὁμωνυμοῦντά
1465 1867 1515 1921 οἱ
1550 1868 1628 1939 [Ρ.
1663 1868 1786 1937 221]
1821 1869 1948 1937 (Συ-

304 1954 583 2031 ριωάννης
630 1957 733 2031 γὰρ
776 1956 914 2009 κατὰ
958 1953 1207 2029 γλῶτταν
1260 1953 1523 2029 ἐλέγετο),
1563 1952 1651 2007 καὶ
1685 1950 1752 2021 δὴ
1779 1972 1950 2024 προσ-

293 2167 665 2238 rumpendis,
709 2166 1047 2221 excidendis
1096 2166 1303 2234 vineis,
1360 2166 1616 2237 denique
1662 2164 1830 2236 ipsis,
1890 2162 1939 2219 si

292 2255 564 2325 accipere
580 2255 776 2309 oblata
798 2258 1443 2324 recusarent,tanquam
1462 2254 1733 2311 hostibus
1751 2252 1941 2306 inexo-

290 2340 1009 2407 rabiliterinfensis,omni
1039 2340 1177 2394 belli
1212 2341 1375 2395 clade
1406 2340 1939 2411 perdendis,quan-

291 2433 589 2498 tacunque
616 2429 763 2483 827
805 2428 876 2481 ad
912 2428 967 2480 id
993 2427 1411 2497 perﬁciendum
1460 2426 1743 2497 patientia
1791 2441 1939 2495 opus

293 2520 474 2572 esset.
508 2515 653 2571 Nam
686 2515 793 2570 sibi
842 2514 1140 2569 abundare
1187 2513 1394 2582 otium,
1428 2518 1483 2569 et
1529 2513 1697 2568 unice
1734 2528 1938 2567 vacare

296 2604 494 2659 soluto
526 2604 681 2657 curis
713 2602 1308 2672 aliis,quantumlibet
1325 2603 1579 2673 spatium
1602 2601 1662 2654 in
1690 2618 1755 2655 ea
1781 2600 1936 2655 obsi-

294 2692 472 2747 dione
504 2707 863 2746 consumere.
897 2689 1058 2744 Talia
1108 2689 1478 2743 denuntianti
1527 2691 1779 2759 despotaa
1825 2688 1936 2742 Pa-

299 2786 531 2834 trenses
554 2779 671 2833 sive
691 2794 818 2833 vere
849 2778 1191 2849 sinceraque
1209 2779 1418 2832 mentis
1438 2778 1681 2849 prOpria:
1705 2781 1937 2831 senten-

299 2869 408 2933 tia,
470 2866 587 2922 sive
635 2867 713 2921 ita
762 2867 1088 2921 faciendum
1142 2872 1511 2938 suggerente,
1558 2882 1727 2935 quem
1776 2865 1937 2918 intus

303 2970 505 3009 secum
539 2954 841 3023 habebant,
873 2958 1096 3009 Joanne
1121 2956 1287 3023 duce,
1335 2958 1634 3008 mansuete
1660 2954 1936 3007 modeste-

304 3059 419 3114 que
433 3043 879 3113 respondebant;
907 3046 1570 3110 excusantes,maturam
1590 3042 1648 3095 in
1667 3040 1939 3112 praesenti

2075 558 2191 611 τοῖς
2246 552 2333 605 καὶ
2390 550 2558 619 κῆδος
2614 552 2771 605 ἐτίθει
2820 553 3088 625 γενέσθαι,
3140 556 3212 615 ὡς
3265 552 3453 610 λαϐεῖν
3502 554 3703 609 ἐκεῖνον

2073 635 2317 713 γαμϐρὸν
2376 639 2462 694 ἐπὶ
2521 640 2759 714 θυγατρί.
2820 640 2881 695 Ὀ
2940 638 2997 695 δὲ
3056 644 3218 715 μέγας
3277 643 3467 717 κύριος
3522 643 3704 698 Ἰωάν-

2074 750 2170 796 νης
2217 749 2283 782 τα
2337 729 2454 791 καθ’
2513 728 2671 781 αὐτὸν
2730 729 2823 799 μὲν
2884 736 3201 802 παρῃτεῖτο,
3261 739 3335 795 ὡς
3394 730 3524 803 μηδ’
3572 729 3705 785 εἶναί

2074 818 2123 870 οἱ
2182 815 2399 870 δυνατὸν
2460 814 2551 869 ἐπὶ
2627 817 2846 890 συζυγίᾳ
2908 817 3318 895 καταληφθῆναι
3379 820 3586 883 ἀσθενεῖ
3644 839 3706 891 γε

2071 900 2183 957 ὄντι
2256 904 2345 957 καὶ
2413 902 2658 978 ποδάγρα
2733 902 2883 975 δεινῇ
2953 904 3407 979 προσπαλαίοντι,
3470 904 3702 981 ἀδελφὸν

2070 989 2126 1045 δέ
2168 992 2219 1044 οἱ
2267 991 2398 1044 εἶναι
2444 991 2533 1043 τὸν
2580 988 2745 1043 παῖδα
2796 990 3163 1063 Γουλίελμον,
3202 992 3260 1045 ὅν
3308 992 3396 1045 καὶ
3429 993 3502 1053 εἰς
3533 989 3705 1060 κῆδος

2069 1082 2186 1133 οἷον
2219 1078 2417 1139 ἐκεῖνος
2449 1076 2725 1143 προῦτεινε
2754 1077 2842 1132 καὶ
2895 1079 3014 1133 λίαν
3052 1082 3331 1154 χρήσιμον
3363 1077 3699 1154 παρεδείκνυ.

2067 1165 2238 1223 Ἀλλά
2266 1168 2332 1221 τὰ
2363 1167 2457 1238 μὲν
2482 1170 2577 1220 τοῦ
2621 1163 2821 1235 κήδους
2871 1167 2959 1219 καὶ
3010 1165 3224 1239 ὕστερον
3258 1164 3411 1240 ἔλεγε
3439 1166 3702 1237 τελεσθή-

2066 1258 2245 1309 σεσθαι
2293 1259 2398 1308 τῶν
2448 1252 2915 1326 συναλλαγμάτων
2975 1255 3260 1328 κειμένων,
3311 1254 3341 1308 ὅ
3384 1253 3449 1323 δὴ
3489 1255 3579 1309 καὶ
3610 1257 3701 1329 γέ-

2063 1342 2373 1414 γονεοτότε
2422 1338 2479 1393 δὲ
2526 1340 2870 1412 τριακοσίους
2916 1336 3320 1414 καϐαλλαρίους
3367 1340 3491 1402 δοὺς
3528 1342 3695 1414 αὐτῶ,

2062 1420 2097 1489 ἢ
2154 1421 2243 1473 καὶ
2311 1418 2554 1486 πλείους,
2610 1419 2683 1480 ὡς
2742 1417 2975 1494 λέγεται,
3034 1420 3082 1491 ἐξ
3144 1421 3309 1485 αὐτῆς
3360 1418 3696 1493 ἀποπέμπει,

2062 1504 2255 1580 ἄνδρας
2303 1504 2548 1580 ἀρεϊκοὺς
2605 1506 2694 1558 καὶ
2746 1504 2971 1560 πολλῶν
3025 1528 3185 1560 τινων
3235 1512 3697 1584 καθυπερτεροῦν-

2057 1616 2172 1656 τας.
2228 1593 2333 1654 Οὕς
2382 1589 2564 1648 λαϐὼν
2623 1594 2713 1647 καὶ
2768 1600 2885 1657 τοῖς
2940 1594 3103 1648 αὐτοῦ
3151 1596 3452 1669 προσμίξας
3485 1595 3574 1651 διὰ
3600 1619 3696 1652 τα-

2062 1686 2227 1757 χέων,
2274 1684 2346 1742 ῶς
2400 1679 2593 1754 μηδενὶ
2648 1682 2946 1757 φωραθείη,
2994 1685 3179 1757 καιρὸν
3232 1683 3564 1759 ἐπιτηρήσας
3597 1686 3697 1758 ἐμ-

2058 1771 2243 1825 πίπτει
2295 1775 2401 1823 τῶν
2463 1770 2811 1843 πραχθέντων
2885 1772 2960 1843 μή
3036 1771 3374 1843 αἰσθομένοις
3453 1772 3591 1846 μηδέ
3644 1795 3697 1827 τι

2058 1857 2457 1934 προσδοκῶσιν,
2515 1856 2641 1913 ἀλλ’
2698 1859 2748 1912 ἐν
2808 1860 2977 1914 ἀνέσει
3034 1861 3265 1932 παντοίᾳ
3321 1859 3559 1936 διάγουσι
3600 1863 3695 1919 λο-

2057 1952 2268 2024 γισμῶν
2301 1947 2396 2019 ιὼς
2456 1945 2605 2001 ἔνδον
2664 1945 3124 2022 ἐγκεκλεισμένου.
3176 1951 3327 2012 Τέως
3377 1948 3435 2006 δὲ
3484 1952 3557 2013 ὡς
3589 1951 3699 2006 εἷσ-

2050 2160 2296 2231 impune
2324 2159 2583 2229 trajectis
2606 2174 2782 2228 quam
2801 2158 2917 2214 late
2943 2161 3215 2228 patebant
3244 2162 3451 2217 castris
3483 2162 3691 2218 Roma-

2052 2248 2145 2303 nis
2177 2247 2481 2316 universis,
2509 2247 2620 2302 sub
2650 2263 2921 2301 auroram
2955 2263 3055 2317 per
3087 2248 3203 2302 vias
3239 2248 3501 2305 occultas
3541 2267 3682 2306 con-

2050 2337 2238 2391 tendit
2267 2336 2496 2390 Tbebas
2519 2351 2741 2400 versus,
2776 2352 2891 2406 quo
2923 2335 3126 2406 paucis
3160 2336 3367 2392 diebus
3418 2337 3683 2409 inexspe-

2050 2424 2409 2479 ctatissimus
2443 2422 2720 2492 pervenit.
2746 2423 2852 2487 Qui
2884 2424 3041 2478 enim
3074 2424 3154 2479 ibi
3185 2424 3505 2496 quidquam
3537 2444 3687 2498 prae-

2050 2511 2272 2566 moneri
2304 2511 2375 2565 de
2414 2510 2567 2565 328
2611 2512 2738 2580 ejus
2776 2512 3027 2565 adventu
3060 2512 3371 2581 potuisset,
3406 2530 3581 2583 quem
3616 2532 3691 2571 ne

2051 2602 2353 2656 Patrenses
2369 2602 2603 2670 quidem
2631 2600 2814 2655 Patris
2837 2602 3156 2656 excessisse
3170 2603 3359 2656 adhuc
3386 2611 3683 2675 noverant,

2049 2689 2249 2759 paucis
2279 2688 2393 2742 illis
2425 2688 2876 2743 domesticorum
2910 2690 3149 2755 factum,
3183 2691 3351 2760 cujus
3384 2691 3488 2745 soli
3521 2698 3686 2747 erant

2049 2776 2288 2841 conscii,
2324 2776 2539 2830 silentii
2568 2777 2718 2847 quod
2744 2781 2945 2831 sancte
2978 2778 3366 2847 promiserant
3400 2781 3508 2834 lide
3529 2798 3687 2835 sum-

2051 2881 2143 2919 ma
2173 2864 2514 2919 celantibus.
2548 2870 2603 2918 et
2630 2875 2796 2934 prout
2828 2871 3173 2921 convenerat
3200 2867 3447 2922 Joannis
3477 2869 3691 2925 absen-

2051 2954 2190 3007 tiam
2224 2954 2556 3023 tegentibus
2586 2953 2829 3007 artiﬁcio
2890 2954 3051 3008 facile
3083 2960 3375 3010 avertente
3425 2956 3689 3012 curiosas

2051 3042 2417 3112 suspiciones
2450 3040 2713 3094 sollicitae
2746 3043 3062 3111 praesertim
3093 3048 3147 3095 et
3180 3043 3294 3097 alio
3325 3048 3556 3098 attentas
3586 3045 3686 3097 tali

306 3146 428 3185 rem
462 3147 573 3185 non
603 3148 766 3199 esse;
798 3131 1140 3201 suppliciter
1170 3136 1401 3186 orantes
1425 3130 1637 3185 remitti
1657 3129 1942 3200 tantisper
1970 3145 2013 3212 ρ
2053 3135 2202 3184 statu
2237 3129 2503 3183 civitatis.
2537 3132 2611 3181 At
2638 3128 2894 3184 Joannes
2924 3146 3201 3201 magnum
3235 3131 3451 3187 Thebis
3501 3131 3686 3186 domi-

297 3220 754 3292 oppugnationis
815 3221 1107 3291 impetus;
1169 3236 1447 3291 magnum
1516 3218 1705 3273 brevis
1765 3234 1939 3271 morm

297 3308 551 3378 pretium
588 3309 744 3375 fore;
776 3324 907 3362 nam
941 3324 1001 3363 se
1033 3307 1263 3362 interim
1306 3306 1666 3362 conﬁrmatis
1696 3305 1937 3371 viribus,

309 3395 407 3449 ubi
444 3396 732 3466 praesidio,
768 3396 921 3465 quod
973 3394 1309 3465 impositum
1369 3394 1690 3448 cervicibus
1722 3394 1940 3463 perfer-

307 3488 455 3551 rent,
489 3482 797 3537 eluctando
826 3483 969 3537 satis
1002 3488 1263 3553 possent,
1304 3482 1501 3536 omnia
1560 3498 1686 3551 qius
1739 3496 1939 3550 posce-

310 3573 512 3625 rentur
565 3573 869 3627 effecturos
921 3575 977 3625 et
1016 3572 1294 3625 Joannem
1348 3570 1404 3623 in
1440 3587 1606 3623 suam
1641 3571 1937 3623 redactum

307 3662 655 3730 potestatem
675 3660 1013 3713 tradituros.
1034 3659 1260 3712 Audita;
1279 3673 1477 3727 preces
1509 3661 1666 3712 sunt.
1687 3656 1788 3711 Vis
1810 3673 1939 3711 sus-

305 3746 614 3818 penditur;
642 3749 784 3802 ﬁdes
816 3751 1185 3818 exspectatur
1218 3746 1940 3816 promissorum.Longum

308 3832 368 3888 in
401 3833 494 3889 his
524 3838 758 3904 tempus
803 3833 945 3897 abit,
1000 3832 1133 3887 hinc
1180 3831 1554 3886 Patrensibus
1596 3832 1654 3883 in
1699 3830 1942 3884 artiﬁcio

308 3922 464 3994 quod
525 3923 803 3993 prodesse
868 3924 1139 3992 ceperat,
1196 3919 1459 3989 gnaviter
1521 3920 1940 3989 perstantibus,

308 4010 445 4066 inde
466 4010 745 4065 Romanis
765 4025 865 4079 spe
880 4008 993 4064 sibi
1019 4025 1165 4062 vana
1194 4006 1446 4061 victoriae
1475 4006 1748 4076 proxima;
1772 4005 1941 4059 blan-

303 4097 751 4153 dientibuleoc
782 4097 1026 4152 articulo
1078 4111 1269 4151 rerum
1333 4095 1679 4148 tentandum
1722 4093 1942 4164 aliquid

309 4202 591 4258 magnum
624 4186 740 4240 dux
768 4185 1023 4240 Joannes
1055 4183 1381 4248 constituit,
1406 4181 1668 4237 adhibita
1700 4183 1757 4236 in
1804 4198 1941 4237 con-

307 4272 865 4345 silium,praeteripsi
883 4271 1221 4327 familiarem
1236 4272 1614 4341 innatamque
1629 4270 1942 4335 audaciam,

303 4367 564 4418 extrema
606 4361 960 4417 necessitate
991 4377 1187 4416 rerum
1219 4377 1459 4415 suarum
1496 4359 1702 4414 ultimo
1726 4360 1851 4429 jam
1885 4357 1944 4412 in

311 4450 649 4506 discrimine
689 4449 1066 4521 pendentium
1100 4466 1112 4504 :
1143 4453 1316 4504 noctu
1367 4464 1469 4519 per
1514 4448 1662 4503 ﬁdos
1708 4463 1944 4519 paucos,

296 4539 531 4609 juratos
562 4554 773 4593 arcano
806 4537 1020 4592 factum
1052 4536 1378 4600 habituros,
1412 4535 1637 4591 demitti
1672 4552 1733 4590 se
1777 4551 1947 4590 cura-

307 4627 389 4682 vit
415 4626 656 4680 funibus
705 4641 806 4696 per
853 4640 1113 4689 murum,
1157 4628 1315 4678 veste
1364 4629 1532 4679 antea
1575 4628 1820 4689 mutata,
1871 4638 1943 4676 ne

314 4718 510 4787 posset
537 4714 791 4785 agnosci.
828 4713 977 4767 Tum
1001 4717 1065 4767 ut
1100 4716 1223 4767 erat
1253 4727 1390 4783 sago
1422 4711 1589 4780 nigro
1628 4710 1686 4762 in
1738 4709 1941 4764 famuli

311 4802 563 4874 speciem
598 4803 879 4869 larvatus,
913 4801 1045 4872 equi
1072 4801 1332 4856 habenas
1353 4816 1527 4853 manu
1547 4802 1944 4867 tcnens,nocte

315 4891 599 4946 concubia
629 4888 1035 4945 dormentibus
1066 4888 1314 4953 cunctis,
1353 4902 1454 4958 per
1504 4886 1693 4941 media
1734 4885 1946 4941 transit

316 4987 527 5046 castra,
559 4979 878 5033 identidem
914 4976 1221 5049 inquirens
1266 4974 1515 5046 supplici
1568 4975 1840 5043 clamore,
1894 4974 1946 5030 si

315 5067 412 5137 qui
466 5066 641 5122 sciret
698 5082 813 5137 quo
873 5065 1115 5120 abiisset
1162 5062 1273 5118 sibi
1326 5062 1559 5132 elapsus
1607 5078 1793 5132 equus
1844 5064 1944 5117 do-

309 5155 472 5223 mini,
511 5159 837 5209 monstrare
867 5168 939 5207 ne
971 5155 1318 5224 gravaretur
1358 5166 1370 5203 :
1423 5166 1695 5221 magnam
1747 5150 1947 5204 indicii

314 5245 642 5300 mercedem
691 5243 831 5298 fore.
867 5242 960 5297 Sic
1009 5235 1246 5295 euntem
1296 5238 1344 5293 si
1394 5239 1492 5309 qui
1540 5238 1742 5310 vigiles
1792 5239 1949 5294 vide-

315 5335 473 5403 bant,
508 5332 814 5403 procedere
849 5330 1142 5397 sinebant,
1180 5327 1326 5381 nihil
1358 5328 1636 5398 suspicati
1665 5343 1677 5380 :
1709 5326 1806 5381 alii
1847 5330 1952 5382 ab-

315 5421 413 5477 diti
448 5418 844 5474 tabernaculis
876 5433 1023 5488 quos
1070 5432 1315 5471 somnus
1366 5416 1437 5469 ab
1498 5416 1787 5470 audiendo
1838 5434 1951 5471 non

319 5512 560 5575 arceret,
592 5506 949 5578 negligenter
978 5504 1205 5558 reddita
1246 5504 1405 5558 intus
1449 5518 1585 5557 voce
1638 5506 1955 5573 responde-

317 5598 454 5653 bant
484 5601 765 5668 negantes
795 5609 1012 5666 equum
1046 5592 1158 5647 sibi
1187 5590 1400 5646 visum.
1426 5592 1489 5645 In
1524 5590 1676 5645 hunc
1709 5592 1954 5648 modum

633 5713 901 5772 ΡΑτιιοι..
948 5710 1058 5771 Gn.
1104 5707 1356 5769 CXLIII.

2058 3234 2197 3271 num
2234 3217 2455 3271 invenit
2486 3216 2596 3271 sibi
2630 3218 3037 3287 cognominem
3066 3234 3077 3271 :
3103 3219 3453 3289 Syrioannes
3476 3220 3690 3290 quippe

2055 3304 2213 3375 linga
2246 3305 2365 3358 illic
2400 3305 2614 3358 usitata
2642 3305 2977 3359 vocabatur.
3012 3310 3176 3360 Hunc
3205 3306 3426 3361 'adiens
3470 3308 3689 3362 inﬁmis

2055 3393 2327 3465 precibus
2359 3397 2483 3446 orat
2515 3397 2579 3445 ut
2610 3392 2721 3445 sibi
2753 3392 3084 3462 auxiliatur,
3135 3393 3331 3449 oblata
3378 3395 3435 3449 in
3478 3396 3690 3466 pignus

2056 3480 2286 3535 fcnderis
2321 3480 2553 3550 propria
2590 3480 2707 3535 ﬁlia
2739 3481 2848 3550 ipsi
2884 3488 3157 3552 nuptura.
3207 3483 3289 3536 Ad
3334 3499 3402 3538 ea
3445 3499 3695 3553 magnus

2057 3570 2328 3624 dominus
2359 3569 2615 3622 Joannes
2648 3570 2898 3638 negabat
2919 3586 2980 3625 se
3003 3575 3205 3640 aptum
3228 3572 3696 3644 nuptiis,quippe

2056 3674 2186 3712 cum
2221 3656 2392 3711 malis
2415 3656 2701 3724 desperati
2736 3658 2977 3711 remedii
3014 3658 3166 3725 aliis,
3213 3664 3341 3714 tum
3380 3660 3693 3715 incurabili

2056 3744 2374 3817 praesertim
2406 3742 2799 3798 conflictatum
2836 3746 3111 3817 podagra.
3148 3748 3256 3801 Sed
3311 3749 3547 3802 fratrem
3579 3749 3692 3804 sibi

2054 3850 2182 3889 esse
2212 3831 2634 3887 adolescentem
2669 3831 3043 3897 Gulielmum,
3077 3851 3248 3905 quem
3284 3836 3341 3889 in
3371 3836 3543 3891 istam
3569 3838 3690 3891 afﬁ-

2056 3923 2296 3976 nitatem
2326 3920 2434 3975 sibi
2470 3919 2635 3974 valde
2667 3920 2967 3989 probatam
3010 3927 3068 3976 et
3117 3923 3412 3993 utrimque
3451 3924 3685 3993 judica-

2055 4014 2174 4065 tam
2205 4008 2403 4062 utilem
2438 4008 2686 4062 offerret.
2721 4029 2744 4054 α
2777 4012 2989 4064 Verum
3024 4010 3166 4078 haec,
3203 4032 3229 4059 »
3260 4010 3477 4082 inquit,
3510 4013 3681 4083 «jam

2055 4115 2209 4153 nunc
2238 4098 2391 4151 inter
2422 4112 2527 4149 nos
2557 4100 2840 4151 conventa
2870 4112 2975 4151 suo
3006 4097 3276 4153 videlicet
3323 4100 3686 4156 curabuntur

2052 4190 2333 4257 tempore,
2364 4214 2391 4239 ιι
2424 4189 2593 4256 prout
2634 4189 2722 4240 est
2779 4202 2974 4241 revera
3014 4187 3254 4255 factum,
3297 4188 3427 4243 istis
3477 4190 3686 4246 deinde

2057 4275 2163 4329 rite
2212 4273 2521 4329 celebratis
2572 4272 2791 4344 nuptiis
2843 4290 2855 4328 :
2908 4296 2934 4323 «
2984 4291 3139 4330 nunc
3192 4279 3254 4330 ut
3302 4278 3454 4348 quod
3508 4279 3689 4334 instat

2057 4368 2487 4434 praevertamus,
2519 4361 2714 4433 accipe
2746 4379 2779 4416 a
2810 4378 2900 4416 me
2940 4363 3155 4418 auxilia
3187 4381 3312 4434 quae
3345 4367 3622 4435 postulas.
3661 4387 3684 4418 ι

2061 4451 2335 4521 Datisque
2356 4449 2440 4502 illi
2473 4448 2802 4503 caballariis
2835 4450 3131 4521 trecentis,
3166 4455 3286 4521 aut,
3338 4460 3403 4508 ut
3450 4454 3687 4525 quidam

2055 4543 2345 4603 asserunt,
2383 4537 2672 4608 pluribus,
2706 4553 2837 4592 eum
2890 4538 3165 4593 continuo
3216 4540 3461 4596 dimisit.
3514 4542 3690 4598 Erant

2051 4627 2109 4680 bi
2144 4626 2451 4681 bellatores
2482 4624 2785 4679 lectissimi
2817 4642 3043 4697 omnes,
3079 4626 3454 4699 pluriumque
3501 4629 3688 4686 instar

2053 4713 2412 4785 singuli.Hos
2442 4712 2566 4767 suis
2597 4713 2883 4768 admistos
2913 4730 3146 4769 summa
3188 4715 3481 4772 celeritate
3529 4719 3684 4790 pari-

2056 4817 2169 4874 que
2217 4801 2473 4863 silentio,
2534 4816 2604 4854 ne
2661 4799 2778 4855 ullo
2828 4816 3000 4855 sensu
3056 4802 3136 4856 rei
3191 4819 3316 4873 quae
3372 4806 3686 4875 parabatur

2054 4889 2253 4943 hostes
2316 4887 2791 4955 admonerentur,
2842 4888 3048 4942 castris
3104 4890 3171 4943 ad
3239 4890 3435 4945 Patras
3482 4893 3688 4963 positis

2057 4978 2390 5041 admovens,
2424 4974 2481 5029 in
2533 4990 2599 5029 ea
2648 4979 2972 5046 opportuno
3009 4980 3238 5047 captato
3267 4982 3526 5050 tempore
3551 4981 3689 5037 totis

2055 5066 2281 5119 viribus
2312 5064 2605 5134 irrumpit.
2641 5064 2913 5118 Omnium
2950 5065 3157 5120 horum
3215 5084 3454 5137 prorsus
3502 5069 3688 5139 ignari

2060 5153 2300 5207 Romani
2336 5157 2504 5206 erant
2535 5150 2679 5204 nihil
2713 5155 2839 5205 tum
2877 5152 3069 5206 minus
3118 5170 3292 5223 quam
3351 5156 3466 5209 tale
3524 5156 3692 5225 quid-

2061 5241 2216 5313 piam
2251 5244 2677 5311 exspectantes.
2710 5240 2880 5308 Quin,
2914 5246 2979 5295 ut
3023 5240 3081 5294 in
3130 5241 3343 5312 supina
3391 5244 3699 5299 securitate

2063 5330 2186 5384 fieri
2220 5334 2399 5393 amat,
2434 5327 2489 5380 in
2527 5328 2718 5381 omnis
2751 5343 2812 5381 se
2864 5329 3092 5398 generis
3132 5329 3506 5385 remissiones
3551 5332 3700 5386 rela-

2060 5420 2362 5478 xaverant,
2392 5430 2563 5468 curas
2592 5415 2852 5469 solvente
2876 5420 3117 5469 cunctas
3162 5416 3452 5485 opinione,
3494 5417 3586 5471 cui
3635 5423 3703 5473 ut

2066 5502 2410 5559 certissimae
2469 5503 2904 5572 acquiescentes
2954 5501 3473 5573 persuasissimum
3524 5504 3702 5559 habe-

2070 5594 2207 5649 bant
2237 5590 2519 5647 Joannem
2554 5589 2757 5660 utique
2784 5591 2991 5646 ducem
3042 5607 3074 5645 a
3118 5607 3233 5661 quo
3278 5608 3393 5647 uno
3442 5596 3701 5650 metuere

3306 5708 3380 5768 25
