4162 6292
464 335 573 402 779

1762 350 2062 409 GEORGII
2098 351 2557 409 PACHYMERE

3744 352 3852 406 780

472 468 666 527 ϐάλλει
715 472 847 527 ποτὶ
901 472 1124 547 στρατὸς
1183 472 1500 535 ἀκούσαντες
1554 471 1744 549 σχεδὸν
1801 473 2101 549 ἐταράχθῃ-
2129 484 2182 549 Α
2211 473 2464 546 Ἐκλίνθη
2500 474 2548 531 δ’
2576 479 2610 546 ἡ
2648 474 2823 551 μάχη,
2858 477 2997 532 εἶπεν
3030 474 3088 531 ἅν
3138 497 3220 539 τις
3261 479 3585 546 ποιητικῶς,
3622 478 3709 531 καὶ
3740 480 3848 530 τῶν

474 581 593 630 σαν,
624 562 941 635 ἀγνοοῦντες
988 562 1049 615 τὸ
1099 558 1299 636 δρᾶμα.
1348 562 1478 617 Τότε
1522 562 1699 617 τοίνυν
1747 563 2102 635 συμμίξαντες

473 645 617 704 ἔνθεν
655 650 746 722 μὲν
780 651 830 704 οἱ
887 650 1010 725 περὶ
1064 651 1155 705 τὸν
1212 651 1444 724 Ῥιμψᾶν
1505 652 1725 725 Ηέρσαι,
1779 651 1924 706 πολὺ
1958 649 2013 706 δὲ
2041 650 2101 705 τὸ

474 740 780 810 Ῥωμαϊκὸν
837 740 925 793 καὶ
985 740 1041 792 οἱ
1119 740 1243 815 περὶ
1316 742 1408 794 τὸν
1479 737 1743 809 δεσπότην
1803 740 2103 811 κράτιστοι,

477 825 676 889 ἐκεῖθεν
725 824 781 880 δὲ
827 828 878 880 οἱ
918 829 1042 895 περὶ
1088 827 1177 881 τὸν
1238 828 1490 898 Ἰωάννην
1552 828 1752 884 Ἰταλοὶ
1798 828 1886 881 καὶ
1929 829 1981 882 οἱ
2010 827 2107 881 αύ-

479 919 575 969 τοῦ
605 914 807 970 πολλοί
835 936 893 990 γε
934 912 1083 979 ὅντες
1129 918 1211 971 καὶ
1252 916 1488 991 μάχιμοι
1538 916 1977 992 συνεῤῥήγνυντο.
2011 916 2109 969 Καὶ

482 1002 843 1075 συμπεσόντες
892 1004 1069 1079 ὀλίγοι
1119 1003 1343 1067 πλείους
1390 1005 1598 1059 ἐνίκων.
1651 1006 1717 1061 Οἱ
1769 1006 1861 1076 μὲν
1909 1007 2009 1080 γὰρ
2039 1007 2108 1077 τῇ

482 1093 599 1145 κατ’
649 1091 845 1153 αὐτοὺς
894 1092 1131 1162 συντάξει
1188 1092 1506 1168 θαρροῦντες
1559 1094 1798 1164 ἀκμῆτες
1827 1088 1972 1154 ὄντες
2022 1093 2112 1147 καὶ

482 1178 533 1248 ὶξ
575 1179 737 1248 αὐτῆς
768 1176 979 1253 ἕτοιμοι
1018 1176 1351 1254 προσϐαλεῖν
1397 1183 1532 1235 κατά
1572 1183 1773 1253 τρόπον
1806 1180 2106 1235 ἐνέπιπτον·

483 1268 538 1322 οἷ
588 1265 645 1322 δὲ
694 1273 855 1323 τοῦτο
914 1268 1010 1341 μὲν
1061 1273 1140 1340 τῷ
1182 1267 1600 1344 ἀπροσδοκήτῳ
1654 1268 2109 1343 καταμλαγέντες,

476 1359 637 1410 τοῦτο
670 1353 727 1410 δὲ
756 1355 842 1409 καὶ
894 1354 1106 1425 πλῆθος
1155 1355 1459 1428 σύμμικτον
1492 1353 1658 1425 ὅντες,
1710 1357 1760 1410 έν
1791 1360 1872 1418 οἷς
1906 1356 2106 1432 ἀνάγκη

477 1443 567 1496 καὶ
618 1464 767 1505 τινας
823 1445 911 1498 καὶ
968 1444 1113 1517 παρά
1163 1445 1224 1499 τὸ
1283 1446 1459 1520 χρεὼν
1519 1443 1805 1521 ὀρρωδεῖν,
1867 1445 2108 1505 ἀτάκτως

478 1531 568 1585 καὶ
601 1533 675 1593 ὡς
708 1532 767 1586 ού
802 1533 946 1609 σφίσι
998 1532 1315 1608 θαρροῦντες
1363 1532 1658 1607 ἐμάχοντο.
1692 1533 1793 1591 Καὶ
1824 1530 1984 1594 τέλος
2015 1540 2115 1601 τῆς

481 1619 706 1695 πρώτης
744 1620 1020 1698 φάλαγγος
1068 1620 1379 1691 ἐκλυθείσης
1413 1621 1465 1675 αἱ
1506 1621 1729 1675 κατόπιν
1764 1619 1813 1674 ἐν
1849 1621 1909 1674 οὐ
1936 1638 2112 1694 προσ-

480 1708 742 1778 ηκούσαις
800 1706 1030 1769 δειλίαις
1108 1709 1266 1780 ἦσαν,
1339 1709 1424 1762 καὶ
1486 1707 1931 1784 συνεταράσσοντο
1997 1708 2114 1771 καθ’

482 1796 679 1857 αὑτοὺς
739 1793 1153 1869 θορυϐούμενοι,
1210 1795 1298 1850 καὶ
1360 1797 1549 1871 μικρὸν
1626 1793 2113 1859 ὀπισθοποδοῦντες

481 1884 640 1946 τέλος
672 1884 749 1946 εἷς
797 1886 973 1961 φυγὴν
1021 1879 1276 1957 ἔϐλεψαν,
1323 1886 1412 1938 καὶ
1455 1887 1545 1939 τὸν
1591 1884 1851 1961 πρότερον
1885 1885 1912 1938 ὁ
1944 1884 2109 1939 ἐπιὼν

483 1970 800 2044 κατηπόδει,
850 1971 1082 2044 κάκείνῳ
1131 1970 1299 2032 ἄλλος
1348 1975 1664 2046 προσέπαιε,
1690 1972 1780 2027 καὶ
1812 1972 1954 2027 οὕτω
1984 1993 2121 2047 συγ-

486 2060 736 2135 χυθέντες
782 2058 1078 2116 ἀπεδύοντο
1132 2061 1225 2133 μὲν
1278 2060 1344 2115 τὰ
1397 2061 1564 2129 ὅπλα,
1614 2058 1848 2116 ἀπέλυον
1899 2057 1955 2114 δὲ
1992 2060 2119 2122 τοὺς

478 2147 705 2221 ἵππους,
762 2150 852 2203 καὶ
914 2148 1097 2221 μόνοις
1162 2150 1317 2203 ποσίν
1401 2149 1654 2225 έθάῤῥουν
1712 2150 1774 2203 τὸ
1833 2147 2116 2219 σώζεσθαι,

482 2238 670 2293 πολλὰ
695 2242 795 2293 τοῦ
827 2235 1089 2292 δεσπότου
1131 2239 1193 2291 τὸ
1256 2238 1350 2309 μὲν
1399 2242 1729 2299 συνισῶντος
1775 2236 1851 2305 εἷς
1899 2235 2114 2311 θάρρος,

481 2330 546 2383 τὸ
574 2324 621 2382 δ’
651 2327 1024 2397 ἀπειλοῦντος,
1057 2322 1168 2382 ἔστι
1226 2324 1272 2381 δ’
1332 2324 1393 2381 οὗ
1444 2347 1505 2402 γε
1541 2326 1633 2381 καὶ
1661 2324 2111 2402 παροτρύνοντος.

482 2541 701 2612 aliquid
716 2538 1354 2611 poterant,conclusum
1376 2538 1559 2594 teneri
1574 2554 1897 2609 arce,quam
1912 2537 2119 2593 arctis-

488 2630 641 2685 sima
655 2629 806 2685 329
831 2628 941 2700 ipsi
970 2629 1228 2699 undique
1249 2627 1555 2683 obsidione
1577 2627 2117 2697 circumcingerent.

487 2720 571 2773 Ad
606 2718 852 2790 primam
888 2718 1066 2787 igitur
1094 2716 1543 2787 impressionem
1577 2732 1636 2769 re
1655 2713 2125 2784 videlicetinopi-

490 2806 798 2862 natissima
830 2804 1079 2875 perculsi
1112 2805 1446 2875 turbatique
1480 2802 1661 2859 nostri
1713 2818 1915 2858 omnes
1948 2806 2120 2856 sunt:

492 2898 781 2950 steterunt
809 2892 1092 2948 tamenin
1142 2892 1318 2948 armis
1375 2898 1559 2947 Persae
1620 2893 1727 2946 sub
1787 2891 2123 2960 Rimpsane,

496 2999 709 3054 magna
740 2999 873 3053 pars
895 2981 1137 3036 Romani
1164 2980 1534 3046 exercitus,in
1561 2979 1765 3050 primis
1787 2994 1918 3032 vero
1949 2977 2127 3032 Joan-

495 3088 599 3127 nes
630 3072 870 3140 despota
900 3087 1033 3125 cum
1066 3070 1406 3124 fortissimis
1439 3084 1701 3122 suorum.
1738 3068 1799 3120 In
1832 3066 1936 3122 hos
1967 3066 2125 3121 inve-

2206 568 2300 616 τοῦ
2334 561 2595 618 δεσπότου
2645 570 2838 639 φωνῶν
2884 565 3144 639 ἠλόγουν,
3196 564 3318 638 περὶ
3350 566 3541 619 ἑαυτοῦ
3568 565 3851 638 τετρεμαί-

2207 672 2313 705 νων
2346 647 2588 718 ἕκαστος,
2637 655 2830 729 ᾪοντο
2880 652 2978 727 γὰρ
3032 655 3108 725 μὴ
3159 652 3505 728 τριακοσίους
3533 650 3570 721 ἤ
3604 652 3693 707 καὶ
3721 653 3854 707 τού-

2205 761 2312 793 των
2347 737 2664 803 διπλασίους
2696 741 2731 809 ἢ
2796 741 2886 795 καὶ
2929 741 3185 804 πλείονας
3229 742 3359 797 εἶναι
3386 761 3398 774 ·
3433 739 3578 796 ἀλλά
3607 746 3687 812 τῷ
3715 740 3854 795 κατά

2209 834 2343 905 σφᾶς
2370 828 2571 899 πλήθει
2601 831 2662 884 τὸ
2689 830 2901 899 πλῆθος
2950 836 3055 885 τῶν
3101 829 3411 885 ἀντιπάλων
3447 834 3527 903 [Ρ.
3558 833 3685 903 222]
3719 829 3856 899 ὥρι-

2215 921 2326 985 ζον,
2377 918 2450 981 ὡς
2506 918 2606 971 οὐκ
2644 914 2701 971 ἄν
2762 917 3166 993 θαρῥησάντων,
3219 917 3262 972 εἷ
3318 919 3390 991 μή
3445 939 3504 993 γε
3562 917 3651 972 καὶ
3696 918 3853 971 αὐτοὶ

2210 1003 2435 1067 πλείους
2490 1001 2636 1068 ὄντες
2684 1011 2800 1068 τοῖς
2854 1006 3037 1069 τόσοις
3094 1004 3347 1080 ἐπῄεσαν.
3400 1006 3538 1063 Τότε
3582 1004 3734 1060 καὶὸ
3769 1002 3857 1060 δε-

2213 1092 2419 1162 σπότης
2466 1092 2950 1169 ἀποκαραδοκησας
2995 1094 3179 1169 τρέπει
3227 1115 3286 1150 τε
3332 1093 3596 1169 χαλινοὺς
3646 1094 3857 1149 καὶτὸν

2212 1178 2379 1234 ῗππον
2451 1180 2617 1243 ἀνιεὶς
2692 1182 2825 1236 κατὰ
2890 1182 3088 1257 κράτος
3156 1183 3356 1259 φεύγει.
3442 1182 3733 1237 Κάντεῦθεν
3789 1183 3857 1251 ἧν

2217 1268 2433 1343 βλέπειν
2477 1266 2679 1331 ἄλλους
2738 1271 2832 1343 μὶν
2888 1271 3208 1341 πίπτοντας,
3268 1267 3471 1333 ἄλλους
3520 1268 3578 1325 δὲ
3626 1271 3861 1348 φεύγον-

2211 1377 2329 1427 τας,
2359 1356 2484 1418 τοὺς
2518 1354 2574 1411 δὲ
2624 1358 2851 1430 θάμνοις
2893 1359 3299 1431 κρυπτομένους
3344 1359 3435 1413 καὶ
3488 1358 3626 1431 πρὸς
3652 1358 3716 1412 τὸ
3749 1359 3859 1413 σώ-

2218 1446 2392 1511 ζεσθαι
2436 1444 2688 1498 ἱκετεύειν
2744 1446 2995 1516 ἑτοίμους
3053 1442 3234 1516 ὄντας,
3282 1443 3488 1507 ἄλλους
3523 1444 3568 1500 δ’
3602 1446 3860 1520 ἀπορῥῶ-

2216 1553 2311 1606 γας
2366 1534 2451 1586 καὶ
2513 1532 2709 1607 πέτρας
2763 1528 3301 1605 καταλαμϐάνοντας,
3363 1532 3568 1595 ἄλλους
3625 1532 3859 1595 δἀὗθις

2219 1619 2615 1694 ἀπαγομένους,
2649 1620 2859 1675 όπόσων
2911 1623 2944 1690 ἡ
2997 1620 3165 1695 λίχνη
3198 1621 3323 1696 χεὶρ
3355 1621 3569 1676 ἐκείνων
3601 1622 3690 1675 καὶ
3721 1623 3861 1695 πρὸς

2216 1708 2277 1761 τὸ
2310 1708 2554 1783 σφάττειν
2605 1708 2883 1781 ἀπότομος
2932 1714 3011 1780 τῷ
3061 1705 3355 1782 μεταϐόλῳ
3400 1713 3499 1778 τῆς
3540 1709 3713 1785 τύχης
3750 1730 3860 1781 μα-

2220 1794 2529 1869 λασσομένη
2570 1798 2714 1871 παρά
2768 1799 2829 1851 τὸ
2888 1795 3040 1869 δόξαν
3103 1798 3278 1874 σφίσιν
3325 1795 3587 1871 ἐφείδετο.
3638 1803 3777 1852 Haec
3812 1794 3864 1850 δ’

2222 1884 2255 1951 ἠ
2289 1888 2453 1958 μοῖρα
2481 1884 2546 1952 ἦν
2577 1881 2826 1959 ὄλεθρος,
2878 1886 3115 1959 σώμασι,
3168 1888 3473 1960 χρήμασιν,
3519 1884 3739 1955 ὅπλοις,
3770 1883 3862 1939 ἴπ-

2224 1993 2371 2040 ποις,
2422 1971 2603 2035 αὐτοῖς
2650 1970 2903 2044 ἐνδύμασι
2932 1991 2944 2004 ⁸
2994 1973 3056 2028 τὸ
3109 1973 3210 2049 γὰρ
3260 1975 3521 2049 ὁμογενες
3558 1976 3634 2047 μὴ
3669 1971 3859 2027 διόλου

2224 2058 2400 2114 ἔπειθε
2453 2060 2720 2137 σφάττειν,
2777 2062 2840 2115 τὸ
2899 2058 2956 2116 δὲ
3010 2066 3250 2136 γυμνοῦν
3301 2062 3390 2117 τὸν
3443 2062 3645 2118 ἀλόντα
3675 2063 3750 2123 ὡς
3782 2060 3862 2116 έν-

2226 2144 2475 2220 δυμάτων
2508 2154 2666 2202 πᾶσιν
2720 2148 2801 2203 ἐπ’
2853 2146 2973 2218 ἴσης
3021 2150 3111 2217 ἦν.
3168 2149 3343 2212 Τέλος
3392 2151 3695 2228 φευγόντων
3745 2153 3863 2210 ταῖς

2224 2241 2487 2314 φορηταῖς
2560 2236 2760 2298 οἰκίαις
2845 2236 3149 2310 ἰπιθέμενοι
3199 2243 3310 2294 τῶν
3385 2240 3719 2315 μεγιστάνων
3775 2236 3866 2293 καὶ

2223 2324 2389 2378 αὐτοῦ
2419 2343 2482 2398 γε
2525 2327 2622 2379 τοῦ
2668 2320 2930 2380 δεσπότου
2981 2323 3157 2381 πολὺν
3212 2325 3493 2404 έξεφόρουν
3537 2326 3633 2383 τὸν
3686 2323 3867 2381 πλοῦ-

2230 2535 2435 2591 tudine
2463 2535 2632 2591 unice
2656 2536 2918 2591 omnium
2950 2553 3152 2593 versa.
3202 2537 3497 2593 Putabant
3543 2537 3701 2594 enim
3751 2555 3867 2594 non

2231 2626 2522 2679 trecentos
2576 2629 2677 2678 aut
2743 2625 2921 2697 duplo
2968 2626 3212 2696 triplove
3262 2625 3479 2697 plures,
3531 2628 3631 2682 sed
3691 2627 3867 2699 plane

2235 2712 2355 2781 pari
2391 2711 2620 2781 saltem,
2652 2712 2798 2768 forte
2829 2715 3126 2784 superiore
3179 2714 3324 2785 ipsis
3374 2732 3618 2770 numero
3663 2715 3868 2771 hostes

2232 2798 2453 2855 instare
2485 2800 2730 2855 victores
2762 2817 2773 2854 :
2813 2803 3103 2872 quomodo
3135 2802 3291 2857 enim
3324 2803 3436 2859 nisi
3471 2804 3865 2861 multitudinis

2234 2887 2344 2942 sibi
2362 2889 2576 2943 conscii
2602 2888 2839 2957 majoris
2851 2890 3024 2944 talem
3045 2891 3358 2945 exercitum
3380 2892 3745 2947 invaderent?
3758 2893 3868 2947 Ea-

2238 2979 2411 3029 tenus
2439 2976 2804 3030 sustinuerat
2825 2977 3069 3047 despota
3117 2978 3252 3032 belli
3274 2984 3489 3034 sortem
3506 2989 3867 3052 exspectans:

2235 3068 2376 3118 tunc
2407 3064 2641 3118 tandem
2674 3064 2996 3136 desperatis
3030 3065 3186 3121 haud
3217 3066 3392 3122 dubie
3444 3068 3641 3135 rebus,
3690 3068 3874 3124 versis

493 3165 624 3214 ctus
655 3160 772 3212 dux
801 3158 1057 3213 Joannes
1079 3173 1210 3211 cum
1245 3156 1370 3210 suis
1402 3154 1580 3221 Italis,
1608 3154 1877 3224 plurimis
1900 3159 1954 3208 et
1982 3154 2128 3225 ipsis
2158 3169 2200 3234 ρ
2238 3151 2363 3221 equi
2397 3151 2640 3207 habenis
2672 3155 2731 3207 in
2764 3153 2961 3223 fugam
2994 3171 3054 3209 se
3084 3171 3257 3225 quam
3278 3155 3694 3212 eﬂ'usissimam
3716 3173 3873 3213 aver-

494 3262 792 3316 manuque
809 3244 1288 3316 promptissimis,
1313 3243 1573 3315 praelium
1599 3243 2040 3297 commisitacre
2064 3259 2128 3297 ac

497 3338 947 3405 cruentum,quo
982 3332 1227 3388 Romani
1258 3332 1329 3387 ab
1364 3331 1523 3386 Italis
1556 3329 1751 3402 plures
1782 3348 1815 3385 a
1846 3330 2131 3401 pauciori-

500 3424 614 3478 bus
646 3421 815 3492 plane
844 3422 977 3476 victi
1008 3426 1166 3475 sunt.
1199 3421 1343 3475 Nam
1385 3420 1443 3473 hi
1484 3419 1845 3473 confirmatis
1896 3419 2132 3485 animis,

503 3510 705 3566 ordine
735 3515 981 3579 servato,
1017 3509 1192 3564 fortes
1221 3508 1333 3579 ipsi
1365 3508 1779 3577 exercitatique
1810 3507 2135 3579 congressi-

502 3600 615 3654 bus
639 3598 882 3667 bellicis,
906 3596 1092 3669 parati
1115 3614 1173 3652 re
1192 3595 1438 3668 provisa,
1464 3595 1784 3668 disciplinae
1808 3595 2136 3650 industriae-

508 3705 622 3759 que
653 3688 765 3742 vim
798 3685 1185 3741 admiscentes
1208 3684 1638 3740 ineluctahilem
1672 3684 1919 3738 ruebant
1948 3684 2003 3738 in
2035 3684 2138 3737 ad—

504 3792 722 3831 versos.
760 3773 845 3828 Illi
878 3773 1132 3844 primum
1166 3790 1335 3829 casus
1367 3773 1618 3828 novitate
1647 3772 1897 3841 attoniti,
1929 3772 2137 3826 deinde

505 3867 571 3918 ut
601 3862 812 3934 vulgus
843 3877 872 3916 e
904 3863 1060 3917 vario
1092 3862 1329 3917 mistum
1359 3876 1568 3933 genere
1591 3860 1739 3915 male
1762 3859 2135 3927 cohaerentes,

504 3969 608 4008 nec
633 3952 715 4006 ita
745 3951 876 4006 lecti
909 3968 1111 4006 omnes
1143 3954 1207 4004 ut
1237 3968 1347 4005 non
1384 3950 1537 4005 inter
1563 3950 1736 4003 fortes
1777 3948 1968 4020 ignavi
2002 3948 2134 4018 qui-

500 4043 636 4095 dam
656 4042 893 4095 horrore
913 4038 1151 4110 periculi
1178 4044 1491 4093 trementes
1516 4038 1902 4107 incomposite
1924 4053 2138 4107 pugna-

500 4134 629 4183 rent
661 4134 716 4183 et
744 4128 921 4182 dillisi
959 4128 1344 4197 praesentibus
1366 4127 1580 4180 tutiora
1600 4126 2134 4194 circumspicerent,

502 4215 935 4272 succubuerunt
964 4215 1034 4269 ad
1066 4221 1413 4268 extremum.
1470 4214 1641 4267 Porro
1691 4213 1803 4267 ista
1854 4212 2139 4283 phalange

503 4304 697 4376 priore
729 4304 1014 4374 dissipata
1045 4304 1365 4372 tractaque,
1398 4300 1499 4371 qui
1532 4306 1686 4356 retro
1741 4300 1800 4354 in
1853 4300 2137 4356 subsidiis

500 4393 757 4462 stabant,
782 4391 1050 4463 pudendo
1096 4390 1347 4461 correpti
1380 4394 1562 4457 metu,
1594 4389 1899 4445 confusam
1945 4393 2000 4443 et
2048 4393 2138 4443 tu-

496 4480 983 4535 multuabundam
1015 4482 1311 4549 utcunque
1342 4478 1681 4549 objicientes
1705 4477 1911 4545 aciem,
1935 4477 2134 4531 statim

497 4570 672 4639 pedes
700 4567 1043 4633 retulerunt,
1076 4567 1244 4621 initio
1276 4584 1405 4621 cum
1432 4567 1682 4637 quadam
1713 4565 1937 4620 ordinis
1969 4582 2130 4632 cura,

497 4672 631 4710 mox
660 4656 841 4709 effuso
864 4660 1074 4708 temere
1098 4670 1566 4725 quoquoversum
1589 4654 1809 4725 impetu
1832 4653 2133 4707 trudentes

491 4742 739 4798 invicem
769 4742 1251 4813 incurrentesque
1279 4743 1337 4796 in
1362 4759 1489 4797 sese
1521 4747 1747 4807 mutuo,
1795 4742 1937 4796 dum
1988 4757 2131 4811 prae-

490 4835 711 4885 vertere
744 4830 1157 4900 praecedentem
1186 4830 1470 4901 posterior
1500 4832 1713 4885 studet.
1731 4829 2130 4900 Deniquejam

490 4919 832 4973 confusione
858 4918 1197 4988 praevalente
1221 4934 1321 4987 pro
1345 4935 1406 4972 se
1443 4917 1690 4988 quisque
1714 4934 1875 4972 arma
1898 4932 2127 4985 exuere,

489 5023 670 5077 equos
701 5006 1014 5073 dimittere,
1049 5006 1296 5076 pedibus
1327 5005 1575 5059 salutem
1600 5006 2129 5075 quaerere,despota

488 5094 722 5163 quidem
782 5098 1083 5149 revocante
1138 5094 1208 5147 ad
1268 5093 1547 5159 ofﬁcium,
1599 5093 1887 5157 hortante,
1936 5093 2122 5147 incre-

484 5187 679 5253 pante,
716 5183 905 5237 minas
938 5181 1035 5235 ubi
1069 5186 1275 5235 caetera
1306 5197 1420 5234 non
1454 5181 1796 5251 profuerant
1850 5180 2122 5250 addente,

486 5275 776 5340 postremo
808 5269 1155 5338 corripiente
1189 5285 1359 5322 manu
1394 5270 1678 5338 quosdam
1712 5273 1767 5322 et
1796 5266 1856 5322 in
1889 5267 2120 5322 hostem

479 5363 755 5413 vertente.
783 5359 1023 5412 Frustra
1052 5357 1248 5411 omnia
1276 5372 1288 5411 :
1318 5356 1596 5410 inclinata
1623 5355 1823 5423 semel,
1861 5360 1923 5410 ut
1982 5372 2119 5426 poe-

478 5446 589 5501 tice
621 5448 754 5516 quis
787 5446 1239 5516 dixerit,pugna,
1262 5449 1418 5498 metu
1445 5444 1714 5499 videlicet
1745 5444 2031 5517 lymphati
2052 5461 2123 5499 ne

480 5534 697 5589 sentire
727 5535 964 5605 quidem
994 5549 1159 5588 voces
1186 5534 1459 5603 despotic,
1484 5534 1698 5588 nedum
1732 5548 1934 5589 curare
1961 5532 2121 5588 vide-

481 5622 715 5690 bantur,
751 5622 821 5678 ad
855 5621 966 5678 sibi
999 5622 1267 5693 privatim
1281 5622 1436 5679 830
1458 5623 1881 5679 consulendum
1906 5620 2119 5678 sollici-

2240 3239 2330 3293 tit.
2373 3239 2516 3294 Hinc
2540 3241 2666 3309 jam
2697 3241 3044 3297 miserabilis
3073 3242 3247 3299 facies
3278 3244 3489 3316 campi.
3524 3245 3766 3301 Videres
3797 3244 3874 3299 ibi

2242 3326 2386 3382 alios
2416 3328 2860 3397 cadentes,alios
2884 3329 3487 3402 fugientes,quosdam
3512 3349 3573 3388 se
3596 3333 3876 3388 abdentee

2243 3417 2395 3470 inter
2424 3432 2618 3471 ramos
2650 3416 3285 3489 arhustorum,paratos
3315 3423 3552 3476 tendere
3582 3421 3873 3493 supplices

2243 3521 2489 3571 manus;
2526 3505 2768 3560 tutiores
2790 3504 2934 3561 alios
2963 3505 3214 3562 latebras
3248 3510 3303 3562 in
3347 3511 3656 3581 praeruptis
3689 3514 3879 3581 petra-

2244 3609 2376 3646 rum
2410 3593 2639 3648 {issuris
2671 3609 2963 3664 quaerere;
2998 3611 3112 3648 non
3162 3612 3378 3665 paucos
3419 3596 3478 3651 in
3537 3597 3877 3654 servitutem

2245 3682 2418 3749 trahi,
2452 3682 2664 3753 quibus
2687 3682 2953 3738 videlicet
2983 3689 3191 3755 praeter
3220 3702 3383 3756 spem
3414 3692 3712 3757 parcerent
3740 3704 3876 3744 cru-

2245 3770 2401 3825 deles
2427 3771 2560 3825 licet
2588 3769 2698 3824 illa;
2731 3785 2796 3825 ac
2827 3770 2885 3825 in
2909 3772 3094 3827 caedes
3126 3778 3403 3844 prompta:
3437 3791 3672 3843 manus,
3702 3777 3878 3834 satie-

2247 3862 2359 3913 tate
2390 3858 2685 3924 saeviendi,
2711 3863 2810 3913 aut
2839 3859 3169 3915 emolliente
3199 3862 3450 3931 quodam
3483 3864 3879 3922 miserationis

2246 3947 2515 4002 humana
2543 3964 2717 4002 sensu
2751 3947 2809 4002 in
2839 3952 2959 4002 tam
2993 3948 3187 4004 subita
3208 3950 3583 4006 ccnversione
3614 3953 3877 4009 fortunae.

2244 4037 2436 4091 Fatale
2468 4042 2657 4091 autem
2688 4037 2987 4107 ingruerat
3016 4037 3257 4093 exitium
3288 4040 3514 4095 cunctis
3537 4041 3752 4111 pariter
3794 4044 3879 4098 re-

2248 4126 2377 4191 bus,
2411 4124 2772 4195 corporibus,
2807 4124 3094 4193 pecuniis,
3137 4126 3341 4193 armis,
3388 4128 3576 4199 equis,
3618 4130 3880 4185 vestibus

2246 4212 2391 4282 ipsis
2423 4210 3014 4279 miserorum,quibus
3038 4213 3085 4265 si
3117 4214 3259 4267 forte
3282 4216 3880 4272 commendatiscom-

2248 4299 2525 4354 munione
2554 4298 2779 4369 generis
2811 4300 3164 4355 condonaret
3193 4303 3367 4357 vitam
3410 4303 3742 4361 misericors
3773 4305 3878 4360 hu-

2249 4386 2496 4441 manitas
2527 4385 2781 4456 victoris,
2814 4403 2846 4441 a
2876 4386 3199 4458 spoliandis
3234 4394 3428 4447 tamen
3479 4392 3686 4447 iisdem
3734 4392 3877 4449 nihil

2249 4475 2549 4531 avaritiam
2582 4480 2817 4545 tempus
2846 4492 3019 4532 suum
3069 4484 3303 4534 nactam
3335 4481 3650 4537 avertebat.
3686 4481 3879 4553 Itaque

2246 4565 2463 4635 passim
2494 4570 2894 4635 congestarum
2921 4567 3087 4623 avida
3118 4568 3460 4639 spoliatione
3481 4572 3732 4626 vestium
3756 4587 3877 4627 ma-

2244 4652 2344 4723 gni
2371 4656 2427 4705 et
2452 4651 2695 4706 invicem
2731 4653 2845 4707 fere
2877 4670 3046 4724 pares
3077 4656 3388 4725 unicuique
3420 4658 3699 4713 Italorum
3726 4674 3879 4714 acer-

2243 4740 2294 4794 vi
2322 4741 2687 4795 constabant.
2721 4740 2821 4796 His
2854 4742 2913 4796 in
2964 4759 3171 4814 campo
3220 4746 3425 4815 gestis,
3473 4747 3765 4816 rapacitas
3819 4746 3877 4801 in

2239 4828 2450 4882 stativa
2480 4827 2738 4883 desolata
2767 4830 2902 4901 fuga
2932 4831 3217 4886 exercitus
3245 4831 3530 4888 incubuit.
3582 4835 3876 4890 Taberna-

2239 4916 2369 4970 cula
2400 4916 2812 4987 portatilesque
2831 4919 3035 4973 domos
3060 4919 3176 4973 illic
3203 4936 3469 4991 proceres
3493 4922 3737 4978 Romani
3764 4922 3874 4977 mi-

2236 5004 2491 5070 litantes,
2528 5005 2887 5076 despotaque
2918 5008 2974 5060 in
3009 5007 3237 5077 primis,
3270 5024 3373 5077 pro
3400 5009 3564 5081 copia
3594 5011 3877 5080 cujusque

2237 5093 2545 5163 magniﬁce
2576 5093 2888 5148 instructas
2921 5093 3265 5151 habuerant.
3294 5096 3357 5151 In
3390 5097 3492 5153 has
3526 5100 3875 5170 praedatores

2232 5181 2383 5235 versi
2420 5179 2669 5234 multum
2700 5181 2836 5237 inde
2865 5181 3201 5238 divitiarum
3237 5190 3641 5255 exportarunt.
3664 5186 3876 5241 Pocula

2233 5269 2387 5324 enim
2416 5268 2536 5333 illa,
2571 5268 2844 5339 qualibus
2878 5270 3171 5343 principes
3213 5277 3482 5343 utuntur,
3523 5275 3872 5345 exquisitam

2233 5355 2675 5428 supellectilem,
2710 5374 2894 5419 arma,
2930 5374 3135 5429 equos,
3169 5360 3284 5415 alia
3306 5361 3699 5417 instrumenta
3730 5379 3873 5418 usus

2231 5446 2867 5518 familiaris,totumque
2890 5448 3055 5503 illum
3077 5450 3336 5521 speciose
3354 5451 3665 5507 delicatum
3692 5469 3874 5525 appa-

2229 5541 2420 5590 ratum
2454 5536 2717 5605 superbm
2750 5537 3037 5607 regiaeque
3066 5538 3307 5593 luxuriae
3334 5544 3743 5597 converrentes
3774 5557 3873 5595 ex-

2228 5624 2576 5689 hauserunt,
2601 5639 2773 5679 avara
2803 5640 2992 5695 usque
3023 5625 3095 5681 ad
3127 5624 3521 5697 pulvisculum
3541 5626 3870 5700 diligentia,
