4162 6292
289 396 397 451 781

1345 394 1441 447 DE
1479 392 1849 449 MICHAELE
1888 391 2330 451 PALEOLOGO
2364 398 2499 454 LIB.
2541 398 2640 455 IV.

3582 401 3692 456 782

288 535 411 575 τον⁶
444 516 743 589 ἐκπώματα
794 513 894 590 γὰρ
924 514 1101 570 ἐκεῖνα
1156 513 1245 570 καὶ
1272 509 1477 570 ἔπιπλα
1532 516 1621 571 καὶ
1683 514 1826 570 ὅπλα
1854 515 1942 569 καὶ
1973 517 2027 582 Α
2059 520 2249 591 σχερὲς
2306 521 2476 575 ἐκεῖνο
2533 521 2621 575 καὶ
2682 518 3087 595 ἀπροσδόκητον
3146 517 3426 596 σύμϐαμα,
3458 522 3696 588 πολλοῖς

281 607 501 668 *ίππους
532 608 621 661 καὶ
680 607 960 679 θεραπείαν
1021 602 1199 674 ἄλλην
1262 604 1543 679 χλιδῶσαν
1575 614 1785 681 τρυφῆς
1838 605 1942 673 ἐξε-

293 697 510 763 κένουν,
570 696 735 769 μέχρι
806 695 893 747 καὶ
951 694 1125 747 αὐτῶν
1182 698 1287 747 τῶν
1342 692 1617 749 ἐπιπόδων
1680 694 1941 766 μυώπων,

296 785 532 840 πλεῖστα
614 780 1149 857 παρακερδαίνοντες’
1239 782 1327 836 καὶ
1402 781 1655 852 τηνικάδε
1716 783 1767 835 οἱ
1823 783 1945 836 τότε

297 872 504 943 ἔδειξαν
583 876 874 948 προφανῶς
938 872 998 924 τὸ
1066 873 1159 925 τοῦ
1228 872 1593 935 Ἀντισθένους
1659 869 1940 939 ἀληθινόν’

299 962 435 1039 φησὶ
502 961 602 1035 γὰρ
671 960 871 1022 ἐκεῖνος
936 958 1090 1013 πάντ’
1156 956 1403 1033 εὔχεσθαι
1471 960 1536 1013 τὰ
1608 957 1751 1013 καλὰ
1830 963 1944 1021 τοῖς

295 1051 523 1124 ἐχθροῖς
556 1050 703 1117 πλὴν
756 1048 1036 1116 συνέσεως,
1092 1049 1166 1107 ὡς
1222 1048 1373 1100 πάνθ’
1407 1048 1497 1101 οἷᾶ
1550 1068 1607 1100 τε
1645 1048 1789 1121 παρᾶ
1816 1045 1944 1100 τού-

296 1158 415 1199 τοις
466 1136 726 1211 γενέσΘαι,
757 1136 824 1203 ἢν
854 1136 1061 1189 σύνεσιν
1124 1133 1325 1208 ἔχοιεν.
1384 1133 1701 1203 Ἐδηλωσαν
1750 1133 1806 1188 δὲ
1853 1132 1940 1188 καὶ

296 1226 361 1279 τὸ
390 1232 491 1293 τῆς
520 1219 809 1283 εὐϐουλίας
855 1230 1053 1296 χρῆμα
1105 1228 1222 1283 τοῖς
1280 1222 1580 1291 ἀντιξοοῦσι
1609 1220 1698 1275 καί
1733 1219 1944 1292 μᾶλλον

301 1314 602 1387 χρήσιμον·
639 1308 905 1385 χιλιὴδατ
934 1310 1034 1383 γὰρ
1062 1309 1223 1370 τόσας
1268 1312 1342 1370 ὡς
1399 1311 1488 1363 καὶ
1548 1310 1623 1372 εἰς
1683 1306 1943 1384 μυριάδας

298 1404 596 1463 ποσοῦσθαι
652 1396 707 1453 ἓν
766 1400 1140 1472 παρεστήσατο
1192 1398 1491 1472 βούλευμα,
1551 1398 1637 1451 καὶ
1700 1398 1757 1450 οἱ
1812 1396 1943 1471 χθὲς

293 1487 663 1548 πλουτοῦντες
721 1487 807 1540 καὶ
868 1490 1176 1561 τρυφῶντες
1232 1507 1350 1547 τοις
1408 1488 1643 1555 πλήθεσι
1701 1488 1939 1557 σήμερον

293 1576 540 1631 ταπεινοί
595 1596 653 1629 τε
720 1574 808 1628 καὶ
867 1575 1166 1648 πενιχροί,
1250 1576 1760 1649 ἀνταγωνισαμένης
1841 1580 1941 1639 τῆς

300 1658 587 1723 ἀϐουλίας.
620 1663 901 1735 ’Ἄρχοντα
958 1661 1057 1736 γὰρ
1110 1662 1221 1735 χρὴ
1280 1666 1562 1731 πειρᾶσθαι
1620 1661 1709 1714 καὶ
1757 1657 1944 1714 κινδυ-

298 1751 521 1805 νεύοντα
551 1751 625 1812 ὡς
654 1751 687 1819 ἢ
720 1751 1015 1819 νικήσοντα
1041 1748 1075 1817 ἢ
1108 1749 1343 1810 εὐκλεῶς
1391 1749 1741 1819 πεσούμενον.
1798 1747 1945 1804 Κατὰ

3548 608 3571 627 ᾗ

2054 607 2147 676 μὲν
2182 607 2255 667 εἷς
2287 606 2464 677 λύπην
2503 608 2695 670 ἄλλοις
2728 607 2783 663 δὲ
2812 610 2900 664 καὶ
2933 610 3007 672 εἰς
3058 608 3343 683 ἔκπληξιν,
3375 616 3497 672 τοῖς
3545 608 3592 663 δ’
3618 610 3695 674 εἷς

2050 694 2386 768 κατάγελων,
2442 696 2534 757 οὓς
2593 695 2657 766 δὴ
2710 704 3059 774 καναφρονεῖν
3102 696 3283 753 ἔπειθε
3332 704 3440 753 τῶν
3506 703 3695 770 μηκέτ’

2052 777 2219 835 ὄντων
2251 783 2339 836 καὶ
2398 791 2512 846 τοῖς
2570 784 2920 857 λειπομένοις
2976 787 3468 859 προσεπιτίθεσθαι.
3500 787 3692 843 Ἀκού-

2052 890 2233 931 σαντες
2265 872 2363 945 γὰρ
2412 874 2472 926 τὸ
2530 875 2650 948 περὶ
2709 875 2799 928 τὸν
2854 872 3087 944 Εὔριπον
3147 876 3415 931 ναυτικὸν.
3480 876 3560 934 οἱς
3619 872 3686 943 δὴ

2049 958 2139 1011 καὶ
2206 960 2280 1020 είς
2349 963 2634 1034 τριάκοντα
2720 965 2865 1034 [225]
2935 966 3061 1023 ναῦς
3123 963 3149 1015 ὁ
3215 962 3413 1023 στόλος
3499 961 3685 1034 ὀλίγου

2052 1044 2266 1110 δέοντος
2295 1048 2596 1120 ἐξηρτύετο,
2628 1050 2985 1125 κατεθάρρουν
3027 1055 3133 1103 τῶν
3196 1050 3282 1104 ἐπὶ
3343 1048 3423 1110 δὶς
3451 1052 3537 1103 καὶ
3570 1050 3689 1125 τρὶς

2048 1134 2336 1192 πλείστων.
2372 1138 2471 1192 Καὶ
2505 1135 2571 1203 δὴ
2605 1138 2652 1209 ἐξ
2703 1140 2871 1203 αὐτῆς
2900 1159 2962 1212 γε
3005 1136 3501 1209 ναυστνλησάμενοι
3553 1138 3690 1191 κατὰ

2048 1226 2143 1275 τοῦ
2179 1222 2454 1297 βασιλείου
2486 1224 2684 1279 στόλου
2713 1224 2969 1298 ἐξώρμων
2992 1229 3399 1298 ναυλοχοῦντος
3426 1225 3550 1298 περί
3582 1244 3687 1278 που

2048 1311 2147 1376 τήν
2181 1310 2556 1386 Δημητριάδα,
2592 1314 2666 1375 ὡς
2691 1313 2881 1367 αὐτίκα
2912 1309 3152 1390 φανέντες
3211 1314 3552 1385 αἱρήσοντες.
3587 1313 3687 1368 Καὶ

2050 1399 2141 1470 ἅμ’
2201 1401 2531 1471 ὁρμήσαντες
2591 1398 2843 1474 ἔφθασαν,
2900 1404 2968 1472 τῇ
3023 1399 3324 1475 παραυτίκα
3370 1399 3553 1471 τόλμῃ
3601 1400 3692 1453 καὶ

2053 1487 2190 1559 μόνῃ
2224 1488 2499 1562 ἀραρότως
2532 1488 2843 1556 ἐλπίζοντες
2899 1488 3239 1557 καταπλῆξαι
3296 1494 3413 1549 τοῖς
3460 1488 3566 1561 πρὸ
3596 1491 3691 1541 τοῦ

2049 1576 2460 1649 κατεπτηχότας
2510 1577 2838 1653 σφάλμασιν.
2894 1579 3163 1653 Ἐφῆπται
3221 1573 3266 1629 δ’
3315 1574 3417 1649 ἄρα
3446 1576 3534 1630 καὶ
3562 1574 3690 1630 τού-

2047 1684 2162 1723 τοις
2194 1664 2339 1735 παρὰ
2379 1665 2569 1737 μικρὸν
2603 1665 2664 1718 οὐ
2720 1666 2912 1739 μικρὸς
2967 1661 3240 1725 κίνδυνος.
3308 1663 3468 1719 Τοῦτ’
3498 1661 3692 1737 ἀγγελ-

2052 1751 2136 1803 θὲν
2179 1756 2260 1822 τῷ
2304 1748 2532 1825 δεσπότῃ
2585 1750 2825 1825 διάγοντι
2882 1754 3016 1805 κατὰ
3062 1752 3160 1819 τὴν
3196 1750 3500 1824 Δριμίανιν,
3532 1750 3567 1819 ἤ
3599 1752 3685 1805 καὶ

294 1837 349 1892 τί
378 1840 480 1914 γὰρ
520 1837 609 1891 καὶ
669 1838 857 1911 ἄρχοι,
891 1835 936 1890 εἰ
972 1838 1044 1908 μή
1075 1858 1137 1912 γε
1167 1842 1511 1911 προμηθοῖτο
1567 1841 1673 1890 τῶν
1732 1834 1940 1903 ἄλλων,
1972 1865 2018 1929 Β
2053 1836 2263 1909 μᾶλλον
2295 1840 2355 1893 τὸ
2383 1838 2585 1909 ἀληθὲς
2641 1839 2810 1894 εἰπεῖν
2844 1838 2933 1893 καί
2979 1838 3201 1893 ἀλύοντι
3254 1838 3515 1893 τοσούτου
3550 1860 3691 1910 συμ-

300 1927 377 1979 ὦν
410 1927 599 1999 ἄρχειν
632 1922 876 1997 ἐταχοη;
913 1923 1013 1979 Καὶ
1076 1926 1274 1985 σκοπὸς
1333 1925 1425 1995 μὲν
1482 1924 1579 1978 οὐκ
1635 1923 1939 1994 ἀνεύθυνος,

311 2014 359 2068 εἰ
396 2016 470 2086 μὴ
516 2013 772 2086 προείποι
819 2012 915 2065 καὶ
968 2011 1364 2086 προυλάξηται,
1420 2008 1606 2086 ἄρχων
1650 2010 1693 2065 δ’
1724 2012 1947 2074 ἀνεύθυ-

301 2124 397 2158 νον
425 2102 655 2162 πάντως.
717 2101 761 2154 εί
823 2102 898 2173 μή
955 2098 1367 2173 προκινδυνεύοι
1425 2102 1496 2154 ὧν
1557 2101 1759 2174 ἐτάχθη
1820 2122 1943 2156 σκο-

298 2192 405 2252 πός
434 2210 447 2259 ;
481 2192 784 2262 Ούμενοῦν,
821 2185 902 2243 οὕο
935 2187 1151 2243 πολλοῦ
1181 2210 1244 2262 γε
1273 2189 1363 2243 καὶ
1396 2186 1497 2245 δεῖ.

373 2277 533 2336 Οὕτω
564 2278 670 2350 μὴν
704 2275 766 2331 οῦ
796 2276 1117 2350 παραλόγου
1156 2279 1253 2345 τῆς
1311 2277 1489 2351 τύχης
1545 2273 1826 2349 συμϐάσης
1854 2278 1942 2332 καὶ

292 2372 405 2422 τῶν
440 2364 923 2437 ὑπολελειμμένων
982 2366 1436 2439 κατεπτηχότων,
1495 2366 1677 2420 ἀνεῖσα
1730 2367 1791 2420 τὸ
1821 2388 1943 2421 πτε-

295 2456 391 2530 ρὸν
424 2456 459 2524 ἡ
493 2456 565 2531 φή
578 2475 651 2527 μη
687 2452 808 2514 θεὸς
841 2451 993 2522 οὖσα,
1018 2453 1093 2517 ὡς
1115 2450 1347 2527 λέγεται,
1370 2451 1751 2529 περιαγγέλλει
1776 2456 1838 2508 τὸ
1856 2452 1944 2509 δυ-

302 2667 600 2738 siquidem
632 2666 791 2736 ipsos
822 2682 1057 2737 quoque
1088 2665 1319 2721 aculeos
1367 2666 1683 2722 calcarium
1735 2668 1939 2724 sedulo

301 2758 450 2812 88]
509 2754 845 2825 colligentes
893 2756 1265 2826 apponebant
1316 2754 1497 2821 lucro,
1527 2754 1628 2809 tali
1664 2772 1940 2812 successu

311 2845 752 2899 demonstrante
766 2843 1067 2899 manifeste
1082 2860 1254 2914 quam
1272 2844 1528 2915 prudens
1549 2848 1747 2899 votum
1772 2846 1943 2900 fuerit

310 2929 679 2987 Antisthenis
710 2931 903 2985 omnia
934 2931 1202 2986 hostibus
1233 2931 1487 3002 optantis
1535 2932 1688 2986 bona
1738 2938 1945 3003 praeter

310 3024 562 3075 mentem
599 3035 774 3074 :nam
825 3019 915 3073 cui
967 3018 1277 3074 consilium
1324 3019 1593 3085 defuerit,
1636 3020 1765 3089 ejus
1816 3021 1943 3075 the-

298 3108 461 3164 sauri
500 3108 799 3178 quantivis
830 3107 887 3160 in
925 3108 1164 3177 pradam
1216 3108 1557 3178 sapientiori
1607 3109 1830 3165 cedent.
1881 3112 1941 3164 In

2054 1920 2243 1988 ϐάντος
2276 1932 2616 2001 πράγματος,
2659 1929 2863 1996 ἀνεζεσὲ
2918 1949 2975 1981 τε
3030 1927 3126 1989 τὰς
3154 1933 3255 1995 τῆς
3285 1929 3475 2001 ψυχῆς
3509 1927 3686 2001 ὁρμὰς

2050 2013 2139 2067 καὶ
2200 2015 2569 2089 ὑπερεπάθησε
2627 2013 2805 2076 δείσας
2864 2016 2987 2089 περί
3038 2020 3117 2086 τῷ
3172 2012 3373 2085 στόλῳ,
3408 2015 3451 2069 εἰ
3493 2014 3690 2069 τοσού-

2051 2123 2147 2156 του
2170 2104 2458 2178 γεγονότος
2519 2104 2593 2175 μὴ
2651 2102 2946 2175 ἐμπλησθῇ
3001 2103 3065 2157 τὸ
3100 2100 3392 2175 μοιρίδιον,
3425 2101 3569 2157 ἀλλὰ
3598 2103 3689 2157 καὶ

2052 2192 2188 2264 πὲρα
2242 2196 2348 2245 τῶν
2389 2192 2687 2266 γεγονότων
2746 2190 3031 2266 προέλθοι.
3101 2190 3199 2243 Καὶ
3269 2187 3334 2257 δὴ
3408 2188 3459 2260 ἐξ
3525 2191 3693 2255 αὐτῆς

2054 2277 2202 2333 δυοῖν
2253 2281 2475 2353 ἡμερῶν
2532 2277 2803 2351 διάστημα
2861 2277 2997 2349 ὅλης
3026 2278 3115 2333 καὶ
3150 2279 3323 2350 μὸνης
3351 2284 3477 2351 μιᾶς
3506 2284 3691 2333 ποιεῖ-

2050 2388 2135 2422 ται
2178 2369 2389 2436 νυκτὸς,
2445 2370 2639 2423 καὶτὰ
2688 2373 2784 2423 τοῦ
2837 2372 3003 2437 πεζοῦ
3061 2365 3288 2441 στρατοῦ
3346 2367 3694 2443 συναθροίσας

3404 2459 3431 2471 ~

2052 2455 2550 2531 ἐγκαταλεὶμματα,
2608 2451 2936 2531 παραλαϐὼν
2991 2456 3081 2510 σὺν
3136 2454 3321 2526 αὐτῷ,
3368 2459 3435 2529 τῇ
3493 2463 3690 2529 Δημη-

2057 2671 2241 2725 risum
2276 2674 2474 2725 nostro
2510 2670 2760 2726 ludibrio
2793 2670 2991 2725 movit.
3025 2671 3282 2742 Denique
3324 2686 3441 2724 non
3492 2669 3688 2724 defue-

2051 2762 2196 2813 runt
2242 2759 2339 2827 qui
2390 2774 2457 2813 ex
2489 2765 2671 2823 metu,
2703 2776 2817 2830 quo
2849 2759 3011 2830 prius
3041 2760 3388 2816 tenebantur
3417 2758 3686 2812 Romana

2053 2849 2343 2915 potentiae,
2375 2845 2435 2900 in
2467 2850 2868 2917 contemptum
2900 2846 3300 2915 transiren;,et
3329 2846 3687 2917 praecipuum

2052 2935 2352 3004 copiarum
2380 2933 2608 3002 imperii
2640 2934 2817 2988 robur
2861 2935 3013 2989 332
3062 2935 3323 2989 excisum
3370 2933 3690 3004 dilapsum-

2053 3038 2165 3091 quc
2197 3020 2583 3091 gratulantes,
2617 3021 2995 3075 delendarum
3029 3038 3261 3093 quoque
3306 3021 3690 3091 reliquiarum

2052 3110 2340 3181 impetum
2399 3114 2696 3181 caperent.
2746 3110 2891 3164 Nam
2936 3111 3144 3165 Latina
3192 3110 3398 3165 classis
3445 3125 3568 3179 quae
3618 3107 3691 3161 ad

293 3196 481 3252 millia
511 3195 861 3251 bellatorum
893 3196 1065 3251 toties
1104 3195 1495 3267 multiplicata
1528 3202 1592 3251 ut
1624 3198 1943 3268 myriadem
1976 3198 2018 3265 Ο
2057 3198 2336 3269 Euripum
2369 3198 2583 3265 stabat,
2618 3197 2851 3252 navium
2884 3196 3055 3267 paulo
3088 3198 3284 3253 minus
3313 3197 3577 3267 triginta,
3611 3195 3694 3250 sic

301 3302 417 3341 non
438 3302 611 3340 unam
633 3284 1063 3351 conﬂarent,ita
1078 3285 1284 3338 evertit
1305 3284 1604 3355 afﬂxitque
1639 3290 1933 3340 momento

292 3375 606 3431 consilium
657 3373 916 3429 hominis
965 3374 1162 3443 unius,
1215 3380 1271 3429 et
1318 3379 1401 3430 tot
1446 3375 1527 3430 illi
1580 3393 1643 3430 ac
1688 3377 1835 3431 tanti
1867 3393 1935 3430 ex

300 3464 423 3518 heri
456 3463 749 3534 opulentis
781 3466 838 3515 et
866 3461 1030 3531 copia
1060 3478 1254 3516 rerum
1289 3478 1473 3533 usque
1505 3464 1574 3517 ad
1629 3463 1826 3518 luxum
1878 3469 1936 3518 et

304 3550 543 3606 delicias
573 3549 1116 3605 circumﬂuentibus
1147 3549 1320 3604 hodie
1349 3550 1625 3620 humiles,
1677 3556 1933 3623 egentes,

303 3637 430 3708 vagi
463 3637 689 3710 palmas
728 3638 1108 3709 porrigerent,
1161 3654 1273 3692 non
1323 3638 1697 3693 mendicitate
1746 3639 1935 3710 magis

301 3742 479 3798 quam
540 3725 899 3797 professione
960 3724 1261 3780 dedecoris
1331 3726 1567 3796 proprii,
1626 3743 1771 3797 quos
1831 3744 1939 3782 sua

301 3814 565 3886 ipsorum
634 3812 902 3869 socordia
964 3812 1333 3868 debellasset.
1383 3813 1671 3868 Nimirum
1727 3816 1937 3869 ducem

302 3903 592 3959 exercitus
624 3903 826 3959 fortem
861 3901 1096 3971 quidem
1128 3904 1185 3955 et
1213 3900 1391 3955 vitam
1426 3918 1659 3973 quoque
1689 3919 1754 3957 ac
1797 3920 1935 3958 san-

304 3992 540 4062 guinem
601 4008 704 4062 pro
751 3989 938 4061 gloria
981 3988 1237 4043 victoriis
1284 3989 1495 4060 pacisci
1545 3995 1787 4061 certum,
1837 3991 1937 4045 sed

309 4085 586 4154 praeterea
616 4079 851 4150 vigilem
887 4094 952 4132 ac
982 4077 1167 4132 futuri
1199 4077 1504 4148 providum
1538 4094 1665 4133 esse
1694 4082 1939 4149 oportet,

305 4184 656 4240 semperque
679 4167 794 4222 acri
818 4165 1055 4222 solertia
1077 4166 1389 4231 intentum,
1422 4182 1492 4222 ne
1520 4167 1651 4236 quis
1674 4167 1939 4238 inopina-

305 4263 407 4314 tus
427 4257 663 4328 ingruat
682 4272 878 4310 casus.
913 4256 972 4309 Id
993 4256 1148 4309 enim
1168 4255 1341 4310 ofﬁcii
1365 4256 1555 4310 omnis
1582 4257 1938 4324 praefectura,

306 4345 562 4401 maxime
584 4350 777 4399 autem
805 4342 1097 4409 militaris,
1122 4343 1393 4398 sustinet.
1419 4345 1502 4398 Ad
1528 4345 1654 4415 hoc,
1677 4344 1939 4415 inquam,

298 4433 450 4490 tales
477 4432 545 4487 in
572 4448 805 4488 summo
838 4429 1220 4497 collocantur,
1257 4434 1319 4486 ut
1347 4430 1518 4503 longe
1568 4432 1939 4505 prospiciunt.

2055 3285 2270 3340 animis
2300 3292 2470 3340 aucta
2497 3293 2586 3341 est
2614 3286 2814 3340 audita
2846 3286 3031 3340 nostri
3064 3285 3358 3340 terrestris
3406 3285 3690 3339 exercitus

2054 3375 2311 3439 clade,ut
2332 3392 2444 3428 non
2479 3375 2776 3429 dubitaret
2807 3373 2983 3443 triplo
3015 3373 3473 3429 numerosiorem
3506 3373 3693 3442 impe-

2050 3462 2254 3517 ratoris
2287 3462 2547 3517 navalem
2596 3462 2933 3526 exercitum,
2985 3461 3295 3517 stationem
3347 3466 3489 3515 tunc
3534 3463 3691 3515 circa

2052 3550 2475 3605 Demetriadem
2501 3550 3082 3616 habentem,incursu
3107 3549 3408 3620 repentino
3428 3546 3684 3619 aggredi.

2050 3639 2381 3709 Inspirabat
2412 3638 2769 3693 alacritatem
2822 3639 2879 3693 in
2932 3640 3119 3693 audax
3169 3637 3480 3693 consilium
3528 3640 3686 3691 certa

2048 3727 2261 3783 ﬁducia
2306 3726 2426 3798 pari
2464 3726 2693 3780 fortuna
2721 3727 2920 3780 utendi
2950 3726 3244 3780 maritimo
3276 3740 3509 3796 quoque
3538 3741 3681 3796 pras-

2048 3818 2147 3873 lio.
2182 3816 2714 3885 Persuaserantque
2742 3814 2875 3879 sibi,
2909 3816 2957 3868 si
2988 3813 3270 3885 perculsis
3306 3813 3680 3868 incommodo

2050 3907 2307 3961 terrestri
2339 3910 2397 3959 et
2426 3905 2641 3959 recenti
2670 3902 2831 3957 clade
2859 3902 3073 3957 territis
3107 3903 3301 3957 infesti
3341 3900 3680 3972 superveni—

2050 3999 2199 4063 rent,
2231 3993 2420 4063 specie
2445 3993 2572 4063 ipsa
2603 3991 2693 4046 sui
2726 3992 3116 4062 praesentique
3147 4007 3391 4045 occursu
3430 3988 3682 4043 debella-

2052 4088 2235 4146 turos,
2269 4080 2670 4151 potiturosque
2703 4097 2833 4135 mox
2864 4080 3128 4145 navibus,
3164 4082 3328 4149 portu
3363 4077 3684 4150 praisertim

2051 4168 2295 4224 inclusis
2319 4172 2375 4222 et
2399 4184 2498 4237 per
2529 4167 2832 4239 angustias
2862 4167 3150 4239 explicare
3180 4182 3307 4222 sese
3335 4165 3391 4220 in
3426 4164 3689 4220 navalem

2052 4259 2233 4313 aciem
2270 4274 2386 4311 non
2418 4256 2770 4313 valentibus.
2804 4258 2875 4312 Et
2906 4272 3110 4327 parum
3146 4255 3335 4311 abfuit
3381 4254 3518 4324 quin
3568 4252 3692 4325 spei

2053 4350 2348 4416 compotes
2382 4345 2604 4410 flerent,
2648 4352 3062 4414 momentoque
3110 4343 3318 4413 ingens
3365 4339 3691 4413 periculum

2054 4448 2293 4488 summa:
2328 4431 2444 4487 illic
2477 4448 2668 4487 rerum
2703 4432 2831 4486 fuit.
2866 4432 3046 4501 Cujus
3094 4446 3227 4485 cum
3276 4433 3430 4484 esset
3478 4428 3691 4500 raptim

300 4528 393 4576 An
439 4522 596 4577 enim
646 4519 978 4592 speculator
1024 4519 1083 4573 in
1135 4519 1306 4589 culpa
1343 4525 1432 4575 est
1461 4520 1560 4591 qui
1595 4538 1705 4576 non
1740 4520 1941 4592 praevi-
1980 4555 2020 4618 Β
2055 4522 2335 4577 indicium
2362 4521 2649 4591 perlatum
2676 4521 2745 4574 ad
2767 4520 3053 4575 Joannem
3079 4520 3385 4589 despotam
3414 4516 3473 4571 in
3501 4515 3693 4571 locum

306 4612 482 4679 derit,
523 4628 637 4667 non
689 4609 1159 4682 prmindiacverit
1215 4610 1530 4680 perniciem
1578 4611 1947 4682 ingruentem

307 4701 480 4771 cujus
504 4699 867 4755 observando
901 4697 1176 4769 appulsui
1208 4698 1564 4753 constitutus
1610 4699 1665 4752 in
1716 4699 1949 4771 specula

311 4788 490 4845 luerit
520 4806 533 4843 :
566 4790 685 4844 dux
714 4787 1023 4843 habebitur
1052 4787 1361 4852 innocens,
1393 4786 1494 4857 qui
1530 4804 1643 4842 non
1685 4787 1951 4859 praescie-

311 4878 413 4946 rit,
467 4894 580 4933 non
635 4876 971 4949 praecaverit
1010 4875 1276 4940 insidias,
1309 4876 1668 4946 furtivosque
1699 4878 1952 4947 impetus

309 4966 633 5037 sagacitate
662 4981 1101 5038 praeoccupans,
1124 4969 1353 5019 mature
1388 4964 1628 5019 obvians
1660 4967 1952 5035 averterit,

310 5054 466 5125 quod
498 5054 872 5131 potissimum
907 5058 970 5107 ut
1001 5053 1178 5108 faciat
1213 5053 1270 5105 in
1306 5052 1361 5106 id
1391 5056 1623 5109 evectus
1656 5054 1953 5124 fastigium

309 5142 445 5200 est?
470 5142 595 5198 Non
628 5142 901 5213 profecto.
936 5141 1174 5196 Minime
1199 5140 1279 5209 id,
1314 5140 1577 5212 inquam;
1614 5159 1715 5197 nec
1746 5144 1817 5197 de
1850 5143 1958 5197 hoc

317 5231 635 5303 quisquam
671 5231 771 5301 qui
801 5230 991 5301 sapiat
1016 5229 1388 5285 dubitaverit.

391 5322 671 5373 Caeterum
724 5322 787 5372 ut
818 5318 973 5372 hunc
1003 5316 1545 5385 inopinatissimum
1579 5334 1781 5373 casum
1814 5323 1958 5374 stre-

316 5422 454 5475 nue,
483 5411 550 5461 ut
581 5407 745 5471 solet,
774 5406 834 5459 in
866 5421 1067 5459 omnes
1098 5403 1213 5459 late
1246 5410 1440 5475 partes
1490 5406 1639 5460 fama
1686 5406 1960 5476 vulgavit,

314 5497 510 5555 varios
533 5496 591 5550 in
611 5496 788 5551 variis
813 5509 1023 5565 repens
1056 5492 1298 5549 nuntius
1332 5493 1602 5549 excitavit
1634 5496 1960 5551 animorum

319 5585 755 5642 motus.Multos
779 5583 937 5655 gravi
961 5581 1157 5637 dolore
1179 5582 1511 5649 aﬂ‘ecitmon
1540 5600 1754 5655 paucos
1780 5601 1965 5655 usque

314 5677 387 5731 ad
422 5679 723 5746 stuporem
755 5670 1031 5744 perculit;
1066 5670 1419 5742 quibusdam
1450 5670 1617 5729 laatus
1649 5673 1882 5741 accidit,
1910 5677 1967 5729 et

2057 4612 2152 4667 cui
2185 4627 2398 4665 nomen
2432 4608 2749 4664 Drimianis
2777 4607 2919 4679 fuga
2950 4606 3330 4679 receptum,in
3362 4618 3696 4676 quanquam

2062 4700 2268 4772 plenus
2337 4698 2520 4752 cladis
2582 4703 2638 4750 et
2695 4699 2915 4767 pudore
2974 4710 3339 4765 mmroreque
3394 4694 3698 4761 confusus,

2061 4788 2329 4844 excitavit
2363 4802 2490 4841 sese
2521 4789 2744 4851 tamen,
2778 4784 2932 4839 haud
2970 4784 3175 4839 molles
3206 4783 3548 4838 admovente
3595 4782 3702 4837 sti-

2062 4876 2253 4932 mulos
2278 4876 2439 4944 justo
2472 4877 2652 4944 metu,
2685 4889 2756 4927 ne
2789 4873 2836 4928 si
2870 4889 3055 4928 novus
3086 4872 3196 4927 iste
3226 4887 3456 4943 quoque
3501 4885 3699 4925 succe-

2064 4965 2226 5019 deret
2272 4963 2343 5018 ad
2387 4971 2583 5018 votum
2634 4961 2892 5018 hostium
2939 4963 3206 5027 conatus,
3238 4976 3354 5015 non
3386 4957 3577 5014 solum
3609 4973 3704 5015 ac-

2065 5053 2366 5122 ceptojam
2400 5051 2769 5106 incommodo
2810 5050 3003 5105 fatalis
3053 5047 3326 5104 cumulus
3373 5048 3702 5114 adderetur,

2067 5142 2164 5196 sed
2197 5140 2441 5194 ulterius
2475 5156 2705 5210 quoque
2735 5155 2924 5209 usque
2955 5140 3013 5192 in
3046 5135 3481 5207 irreparabilem
3520 5135 3703 5204 impe-

2068 5230 2136 5285 rii
2173 5229 2401 5284 ruinam
2435 5228 2633 5283 damni
2686 5226 2937 5298 pernicis
2989 5226 3304 5281 excederet.
3354 5223 3499 5289 Quid
3548 5223 3704 5277 enim

2067 5318 2261 5373 timeri
2308 5317 2511 5372 mitius
2563 5321 2811 5387 poterat,
2862 5316 2911 5370 si
2960 5314 3188 5379 classis,
3239 5311 3362 5367 sola
3407 5315 3547 5364 tunc
3572 5325 3705 5378 pars

2068 5407 2279 5460 virium
2304 5404 2584 5460 Romanis
2610 5403 2788 5468 salva,
2823 5401 3141 5457 deleretur?
3173 5400 3285 5453 Hac
3315 5396 3709 5451 sollicitudine

2072 5492 2387 5549 instinctus
2418 5509 2484 5547 ex
2514 5491 2727 5558 effugio
2758 5490 2857 5545 illo
2879 5508 2945 5545 ac
2972 5488 3212 5543 latebris
3242 5484 3434 5555 erupit
3464 5483 3621 5547 suis;
3651 5488 3711 5536 et

2076 5583 2229 5654 quod
2281 5580 2623 5636 Drimianim
2675 5596 2740 5634 ac
2790 5577 3211 5634 Demetriadem
3272 5574 3552 5627 intererat
3600 5569 3713 5624 iter

2077 5670 2236 5728 bidui
2286 5687 2404 5725 una
2461 5672 2627 5724 nocte
2684 5666 3010 5739 pervolans,
3061 5663 3243 5735 raptis
3293 5674 3515 5728 secum,
3564 5672 3711 5727 quas
