4162 6292
459 384 568 439 783

1762 384 2062 439 GEORGII
2102 384 2564 441 PACHYMBBE

3750 375 3862 432 784

455 502 635 581 τριάδι
666 503 964 583 ἐφίσταται,
1012 503 1101 558 καὶ
1158 505 1249 559 τὸν
1306 504 1501 559 στόλον
1562 503 1615 559 έν
1676 508 1798 579 χοῷ
1855 502 2105 559 κινδύνου
2134 512 2187 578 Α
2218 510 2410 582 φωνῶν
2466 527 2525 561 τε
2581 504 2671 560 καὶ
2711 504 3100 575 ποτνιώμενος,
3148 504 3239 557 καί
3294 503 3369 563 ὡς
3412 501 3573 561 αὐτὸς
3606 500 3635 554 ὁ
3668 497 3864 555 δεσπό-

462 588 889 666 καταλαμῦάνει.
949 590 1088 663 Ἤδη
1159 594 1257 667 γὰρ
1303 594 1390 647 καὶ
1446 594 1499 647 αἱ
1551 598 1656 647 τῶν
1717 594 1929 668 ἐχθρῶν
1986 602 2110 664 νῆες
2210 615 2309 664 της
2340 593 2421 665 εἴη
2481 594 2573 648 καὶ
2628 588 2993 668 προσϐοηθεῖν
3042 589 3188 664 ἔχοι,
3227 590 3317 644 καὶ
3349 590 3593 664 ὁκαιρὸς
3635 588 3862 642 ἀνακλι-

466 682 719 759 έμφανεῖς
750 684 881 749 ἦσαν
931 676 1339 756 προσϐαλοῦσαι
1388 682 1449 736 τὸ
1502 681 1778 752 τηνικάδε.
1837 689 1922 745 Ὠς
1978 688 2108 758 γοῦν

464 771 600 825 κατὰ
659 790 853 844 στιχας
912 765 1161 840 ἔστησαν,
1218 775 1457 824 κακεῖναι
1512 773 1603 843 μὲν
1678 773 1790 844 ἅμα
1838 768 2113 845 προσέϐα-

463 858 582 927 λον,
632 860 687 912 αἱ
748 856 806 913 δὲ
860 864 964 913 τῶν
1024 859 1315 931 Ῥωμαίων
1377 857 1638 934 στιχηδὸν
1680 863 1830 914 -κατὰ
1886 858 2111 921 δεκάδας

465 947 720 1020 ἐπῄεσαν,
769 948 821 1001 αἱ
879 948 971 1019 μὲν
1027 954 1127 1015 τῆς
1186 950 1409 1021 πρώτης
1465 946 1686 1010 δεκάδος
1734 950 1833 1017 τὴν
1892 951 2114 1023 πρώτην

468 1033 724 1110 ἐδέχοντο
762 1034 969 1110 μάχην,
1002 1036 1089 1090 καὶ
1123 1043 1222 1105 τῆς
1252 1035 1477 1098 δεκάδος
1508 1041 1541 1106 ἡ
1574 1039 1766 1112 πρώτη
1816 1041 2111 1113 προώρμα,

469 1123 607 1178 δπσυ
664 1122 754 1177 καὶ
813 1125 840 1177 ὁ
902 1122 1355 1198 Φιλανθροπηνὸς
1413 1126 1847 1201 πρωτοστράτωρ
1900 1126 1966 1194 ἦν
2024 1128 2115 1180 καὶ

470 1213 533 1267 τὸ
597 1210 875 1286 βασιλικὸν
936 1213 1265 1288 ἀνεγήγερτο
1326 1220 1598 1288 σκῆπτρον
1636 1260 1650 1281 ,
1709 1215 1782 1275 ὡς
1842 1214 2114 1284 σύνηθες,

473 1299 564 1353 καὶ
596 1296 661 1367 δή
696 1304 1061 1371 συμπεσοῦσαι
1124 1302 1310 1375 μάχην
1369 1298 1589 1377 ἤγειραν
1651 1322 1931 1377 κρατεραν.
1964 1301 2119 1359 Ἀλκ’

475 1386 575 1441 οὐκ
602 1387 668 1455 ἦν
725 1386 849 1459 μίαν
906 1387 1375 1465 ἐπεισφρησάντων
1435 1388 1663 1445 πολλῶν
1723 1389 2116 1464 ένεγκεῖν·ὅθεν

475 1473 566 1529 καὶ
631 1480 895 1548 περιῆσαν
963 1474 1268 1548 ἐπιθέμενοι
1340 1479 1723 1551 μαχομένοις,
1797 1479 2118 1555 σφάττοντες

476 1563 879 1636 ἀντεχομένους
917 1608 930 1632 ,
988 1559 1424 1627 καταϐάλλοντες
1481 1567 1922 1637 ἀνθισταμένους.
1946 1600 1953 1607 ο
1979 1567 2120 1621 Τότο

485 1650 577 1723 μὶν
610 1649 814 1705 πολλοὶ
844 1651 932 1704 καὶ
995 1652 1269 1727 μαχαίρας
1324 1652 1477 1728 ἔργον
1512 1653 1771 1727 ἐγένοντο,
1829 1652 2039 1709 πολλοὶ
2067 1652 2124 1709 δὲ

484 1740 575 1793 καὶ
636 1738 724 1793 ἰπὶ
776 1743 883 1793 τῶν
949 1737 1153 1794 ὑδάτων
1214 1740 1612 1804 ὀλισθαίνοντες
1681 1740 2072 1813 ἐναπὲθνησκον
2108 1784 2122 1811 ,

487 1824 655 1882 ἄλλοι
694 1825 740 1917 δ’
789 1826 862 1917 Δαῦ
907 1830 1237 1903 τραυμακίαι
1284 1831 1559 1905 γεγονότες
1610 1831 1685 1893 εἰς
1740 1830 2125 1917 τέλοςᾼάντεῖ-
2155 1852 2203 1917 Β

486 1935 614 1990 χον.
647 1915 751 1969 Τὸν
785 1913 842 1970 δὲ
868 1937 930 1991 γε
958 1920 1418 1991 πρωτοστράτορα
1471 1918 1560 1973 καὶ
1615 1917 1854 1982 πολλαῖς
1883 1914 2116 1975 ἔϐαλλον

478 2009 597 2068 ταῖς
620 2004 784 2077 ἀκίσι,
837 2007 921 2059 κνὶ
972 2005 1087 2060 ἐπεὶ
1138 2006 1444 2062 καθικέσθαι
1503 2008 1601 2063 οὐκ
1650 2009 1719 2078 ἦν
1773 2009 2123 2083 ὡπλισμένου

477 2089 763 2163 πεσόντος,
794 2092 887 2155 τὰς
939 2093 1214 2168 μαχαίρας
1268 2090 1635 2167 ἐμϐάλλοντες
1687 2101 1794 2151 τῶν
1822 2095 2008 2151 ὅπλων
2042 2097 2125 2151 ἐν-

481 2181 573 2241 τὸς
603 2180 879 2251 ἠκίζοντο.
911 2184 1085 2237 Τοῦτο
1131 2187 1250 2244 ταῖς
1309 2181 1531 2246 λοιπαῖς
1561 2185 1712 2239 ναυσὶ
1746 2183 1874 2263 δίχα
1909 2186 1998 2239 καὶ
2030 2189 2123 2240 τοῦ

480 2269 596 2321 κατ’
652 2268 815 2329 αὐτὰς
889 2267 1142 2323 κινδύνου
1226 2269 1300 2331 εἷς
1366 2269 1569 2326 δειλίαν
1632 2273 1924 2342 ἀνήκεστον
1970 2293 2123 2347 περι-

489 2355 777 2414 ίστατο.¹Ο
810 2355 867 2411 δέ
922 2379 985 2431 γε
1016 2355 1281 2428 δεσπότης
1335 2365 1452 2421 τοῖς
1507 2360 1781 2435 αἰγιαλοῖς
1838 2361 2122 2438 ἐφιστάμε-

482 2465 574 2508 νος
634 2441 802 2522 ὤρεγε
848 2447 1036 2521 χεῖρας
1071 2491 1085 2518 ,
1144 2446 1233 2501 καὶ
1320 2444 1701 2520 κατηντιϐόλει
1776 2450 1844 2505 τὰ
1896 2452 2123 2523 μέγιστα

492 2659 762 2732 colligere
812 2664 1099 2731 potuerat,
1156 2660 1424 2735 reliquiis
1477 2664 1763 2719 exercitus
1813 2664 2127 2730 terrestris,

483 2753 741 2804 extremo
773 2749 900 2819 jam
950 2750 1290 2806 discrimine
1338 2752 1760 2822 periclitantem
1806 2753 2127 2808 Romanam

481 2836 809 2907 ibireperit
839 2837 1111 2894 classem.
1142 2841 1516 2910 Apparebant
1563 2842 1634 2897 ab
1684 2842 1802 2897 alto
1850 2842 2127 2913 expeditis

484 2926 554 2980 ad
610 2924 1005 2981 invadendum
1058 2927 1320 2998 praelium
1371 2928 1613 2988 hostiles
1644 2946 1817 2985 naves
1849 2930 2130 2984 ordinatae

483 3012 1014 3069 seriatim.Stabant
1028 3031 1093 3069 ex
1108 3017 1348 3071 adverso
1366 3018 1636 3072 Romanis
1653 3018 1948 3088 productis
1963 3018 2018 3071 in
2036 3018 2129 3073 de-

485 3100 661 3156 cadas
694 3102 847 3156 333
875 3103 1160 3173 versibus,
1195 3104 1317 3159 acie
1347 3120 1450 3175 per
1496 3104 1845 3176 multiplices
1892 3106 2125 3161 ordines

2215 683 2372 750 θῆναι
2424 682 2569 759 σφίσι
2630 679 2874 759 σφάλμα,
2930 679 2975 734 εἰ
3036 678 3201 752 μόνον
3263 679 3609 753 προσέχοιεν.
3672 675 3869 752 Ὠρεγέ

2213 792 2271 825 τε
2300 776 2487 845 χεῖρας
2518 766 2707 840 ἔξωθεν
2761 775 2877 830 τοῖς
2932 767 3102 836 ἐντὸς,
3151 768 3237 822 καὶ
3289 768 3595 840 προθυμίας
3627 770 3869 840 παρεῖχε

2217 854 2489 931 σύμϐολα,
2545 860 2624 931 [Ρ.
2679 860 2805 928 224]
2855 858 2928 918 ὡς
2981 857 3223 919 ἐντεῦθεν
3283 853 3515 928 πέμψων
3580 856 3865 928 βοήθειαν.

2218 948 2284 1003 Οἱ
2316 945 2372 1001 δὶ
2401 947 2490 1001 καὶ
2521 948 2667 1020 παρὰ
2695 948 2756 1000 τὸ
2790 945 2931 1007 εἰκὸς
2962 942 3303 1019 ἠνδρίζοντο,
3335 945 3425 997 καὶ
3470 941 3624 1013 δίκην
3660 943 3866 1018 ἀγρίων

2220 1039 2359 1089 συῶν
2389 1034 2838 1111 κατεσφάττοντο.
2888 1036 2949 1090 Ὀ
2979 1030 3037 1087 δὲ
3090 1038 3207 1093 ταῖς
3263 1036 3670 1108 παρατυχοῦσιν
3704 1032 3873 1086 ἁλιά-

2219 1143 2299 1176 σιν
2365 1124 2584 1194 ἆιιμῆτα
2649 1121 2781 1177 λαὸν
2838 1122 3190 1195 προσέπεμπε
3244 1125 3334 1175 καί
3387 1114 3821 1195 προσεπεόοήθει
3853 1162 3869 1188 ,

2220 1210 2307 1265 καὶ
2368 1215 2567 1287 φωναῖς
2622 1212 2712 1264 καὶ
2783 1212 3031 1284 σχήμασι
3088 1211 3223 1285 πρὸς
3282 1206 3483 1282 ἄμυναν
3542 1206 3869 1283 παρεκάλει,

2221 1298 2378 1376 έφ³ᾦ
2436 1300 2511 1371 μὴ
2572 1296 2799 1372 σφαλείη
2860 1299 2950 1352 καὶ
2999 1297 3066 1352 τὰ
3118 1296 3247 1353 ἐκεῖ.
3298 1299 3386 1359 Ὠς
3446 1295 3493 1352 δ’
3550 1296 3637 1351 ἐπὶ
3698 1297 3865 1370 ξυροῦ

2223 1386 2446 1448 ἐκείνοις
2479 1388 2506 1440 ὁ
2538 1383 2782 1447 κίνδυνος
2820 1383 3034 1457 ἵστατο,
3089 1383 3276 1447 ἄλλως
3332 1384 3472 1461 ἔγνω
3529 1385 3868 1460 παρακαλεῖν

2223 1475 2314 1529 καὶ
2374 1479 2590 1547 θερμῶς
2628 1473 2883 1529 ἱκετεύειν
2915 1473 3059 1546 αὐτῷ
3083 1471 3149 1543 δὴ
3189 1478 3267 1545 τῷ
3295 1479 3573 1546 ταπεινπῷ
3622 1476 3875 1548 σχήματι

2225 1564 2283 1617 ἐκ
2325 1564 2429 1637 γὰρ
2486 1570 2586 1632 τῆς
2646 1561 2828 1631 δεινῆς
2886 1561 3212 1631 ἑκατέρωθεν
3246 1561 3603 1623 ἀντιστάσεως
3658 1560 3876 1616 πολλοὶ

2223 1657 2334 1707 τῶν
2386 1655 2692 1709 πιπτόντων
2746 1655 2826 1726 [Ρ.
2880 1655 3007 1726 225]
3064 1655 3197 1721 ἦσαν
3234 1695 3247 1722 ,
3306 1652 3397 1706 καὶ
3454 1650 3695 1706 θάλασσα
3753 1651 3872 1727 ῥέεν

2231 1740 2441 1815 αἵματι.

2234 1854 2333 1932 λβ.
2388 1857 2573 1916 Ὃπως
2603 1856 2765 1932 κατὰ
2817 1851 3091 1932 θάλασσαν
3117 1853 3181 1932 "6
3231 1849 3676 1932 πρωτοστρᾴτωρ
3705 1851 3879 1932 ⁵Φιλ-

2302 1926 2657 2000 ανθρωπηνὸς
2722 1930 2844 2000 νικᾷ
2922 1924 3051 1986 τοὺς
3117 1921 3364 2000 umida;
3423 1921 3581 2000 κατὰ.
3619 1921 3818 2000 κράτος
3858 1966 3875 1979 .

2302 1991 2687 2123 Ξυνὲργοῦντος
2784 1991 2973 2066 ἔξωθεν
3067 1994 3157 2048 καὶ
3248 1998 3345 2049 τοῦ
3420 1991 3683 2049 δεσπότου
3749 1995 3876 2048 Ἰω-

2338 2090 2477 2123 ννου.

2338 2090 2477 2124 ννου.

2303 2185 2383 2257 [Ρ.
2416 2185 2542 2255 225]
2587 2179 2725 2251 Ἤδη
2780 2178 2838 2235 δὲ
2891 2182 2979 2235 καὶ
3012 2182 3047 2249 ἡ
3080 2183 3536 2254 πρωτοτακτοῦσα
3590 2176 3876 2232 κατεδικά-

2235 2276 2351 2339 ζετο
2381 2268 2506 2332 ναῦς
2549 2269 2638 2324 καὶ
2695 2267 2803 2338 ἤδη
2863 2273 2979 2330 τοῖς
3037 2266 3255 2343 ἐχθροῖς
3313 2267 3572 2342 ἀπήγετο,
3635 2266 3688 2320 ἐν
3722 2266 3875 2337 ᾖκαὶ

2233 2360 2396 2412 ὁτῶν
2435 2362 2581 2428 νηῶν
2642 2354 2869 2432 ἔξαρχος
2919 2359 2983 2425 ἦν
3040 2356 3131 2409 καὶ
3192 2357 3246 2409 ul
3309 2354 3585 2430 βασιλικαὶ
3639 2358 3870 2427 σημαῖαι

2235 2447 2327 2501 καὶ
2375 2448 2427 2501 οἱ
2480 2450 2587 2500 τῶν
2649 2445 2907 2520 μαχίμων
2967 2441 3171 2519 ἀνδρῶν
3229 2443 3543 2519 πρόκριτοι.
3603 2443 3709 2499 Καὶ
3759 2442 3880 2495 τότε

2238 2665 2368 2718 rent
2396 2662 2585 2717 adhuc
2615 2661 2830 2717 animis
2865 2677 2878 2715 :
2911 2676 2983 2715 en
3015 2662 3217 2716 adesse
3248 2674 3376 2715 sese
3416 2660 3717 2730 despotam
3773 2673 3883 2711 au-

2236 2749 2377 2805 xilia
2408 2751 2722 2817 ferentem;
2755 2749 3122 2805 occasionem
3154 2750 3358 2803 adesse
3390 2747 3738 2818 reponenda:
3768 2744 3875 2799 ho—

2238 2840 2425 2895 stibus
2456 2839 2639 2893 cladis
2672 2854 2921 2908 nuperis,
2952 2838 2999 2892 si
3035 2836 3274 2908 paulum
3309 2837 3481 2892 modo
3513 2836 3876 2890 conniteren-

2236 2932 2473 2991 tur.Hoc
2495 2927 2740 2996 loquens
2761 2926 2943 2994 vultu,
2963 2925 3169 2991 oculis,
3192 2940 3474 2979 manuum
3501 2923 3877 2994 protensione

2239 3015 2665 3082 commonebat,
2689 3032 2719 3069 e
2741 3020 2892 3069 terra
2914 3015 3145 3068 intuens
3169 3014 3224 3067 in
3251 3011 3496 3066 navibus
3520 3015 3874 3082 pugnantes,

2236 3106 2404 3173 nutu,
2432 3107 2621 3174 gestu,
2653 3102 2811 3157 omni
2842 3106 3117 3174 praeterea
3148 3099 3571 3170 signiﬁcatione
3601 3099 3873 3154 indicans

482 3188 806 3257 profunda;
841 3189 1012 3259 cujus
1036 3206 1160 3259 quae
1194 3191 1353 3243 frons
1384 3195 1505 3245 erat
1537 3193 1707 3247 decas
1740 3193 1929 3261 prima
1960 3209 2120 3247 com-
2150 3222 2193 3289 Ο
2232 3193 2517 3247 adducere
2565 3208 2626 3246 se
2669 3190 2952 3246 auxilium
3004 3188 3384 3261 praevalidum
3437 3204 3569 3244 mox
3618 3202 3873 3258 moxque

483 3274 714 3328 mittere
738 3275 860 3343 jam
895 3278 1163 3344 coeperat,
1193 3276 1485 3347 excipiens
1529 3280 1784 3349 primum
1840 3281 2120 3349 impetum

488 3361 841 3416 irruentium
872 3362 923 3416 vi
969 3379 1202 3418 summa
1253 3364 1614 3419 Latinorum.
1663 3372 1726 3421 In
1787 3366 1879 3422 his
1927 3368 2124 3422 decem

489 3450 711 3505 nostris
744 3450 1013 3521 princeps
1037 3456 1160 3506 erat
1191 3452 1319 3523 ipsa
1349 3455 1631 3524 praetoria,
1666 3472 1781 3526 qua
1811 3457 2128 3512 vehebatur

486 3538 1023 3609 Philanthropenus
1047 3546 1448 3611 protostrator,
1470 3544 1622 3598 unde
1637 3549 1889 3600 erectum
1916 3546 2128 3616 promi-

491 3628 665 3684 nebat
697 3630 766 3682 de
798 3645 960 3683 more
992 3629 1105 3683 alte
1136 3632 1514 3702 conspicuum
1551 3640 1839 3705 sceptrum
1873 3636 2123 3708 imperii.

493 3716 575 3771 Ea
626 3716 890 3787 expedito
916 3722 1046 3773 ante
1068 3735 1271 3775 omnes
1294 3738 1573 3792 procursu
1599 3724 1912 3779 miscuerat
1934 3740 1994 3778 se
2024 3726 2125 3779 ho-

498 3805 689 3860 stibus
721 3810 1075 3877 strenueque
1106 3808 1815 3879 dimicabat,imitantibus
1844 3828 1945 3883 pro
1976 3813 2125 3867 virili

495 3909 700 3948 novem
734 3895 977 3950 caeteris.
1011 3898 1226 3951 Verum
1260 3914 1387 3952 cum
1422 3898 1478 3952 in
1528 3916 1703 3953 unam
1755 3899 1913 3955 illam
1968 3906 2127 3957 extra

492 3982 756 4037 ordinem
790 3988 1041 4038 evectam
1077 3986 1336 4056 undique
1369 3987 1554 4043 Latini
1588 3990 1907 4046 coorientes
1951 4008 2123 4047 conao

489 4069 650 4125 tibus
674 4086 773 4141 pro
797 4085 858 4124 se
882 4071 1131 4142 quisque
1150 4074 1680 4132 vehementissimis
1712 4079 2123 4150 irrumperent,

488 4175 605 4213 non
636 4158 917 4213 sustinuit
958 4159 1073 4214 vim
1124 4167 1377 4215 atrocem
1428 4166 1496 4218 ad
1547 4175 1888 4232 extremum,
1937 4170 2123 4223 admi-

489 4246 768 4318 misitque
816 4246 1085 4312 victores,
1142 4251 1239 4319 qui
1291 4250 1530 4307 eluctati
1560 4258 1946 4312 constantiam
1984 4259 2123 4313 resi-

488 4336 770 4390 stentium
823 4335 1139 4390 fortissime
1170 4342 1894 4408 nostrorum,trucidantes
1925 4349 2122 4402 adver-

487 4421 950 4493 sos,dejicientes
983 4423 1598 4492 obvios,miserabilem
1632 4431 1941 4489 ediderunt
1970 4440 2125 4491 stra-

488 4527 641 4583 gem.
672 4512 836 4566 Tunc
882 4510 1097 4567 multos
1144 4515 1475 4585 absumpsit
1520 4520 1818 4577 confossos
1868 4522 2120 4593 gladius,

2232 3281 2596 3335 adfuturum.
2632 3280 2692 3333 Id
2725 3280 3014 3334 enimvero
3063 3277 3379 3349 plurimum
3427 3275 3628 3333 valuit.
3680 3274 3874 3331 Nostri

2234 3368 2447 3422 milites
2496 3385 2528 3421 a
2577 3372 2711 3421 nota
2762 3368 2916 3421 334
2960 3367 3103 3422 facie
3150 3382 3215 3421 ac
3258 3382 3395 3420 voce
3425 3365 3589 3420 novis
3622 3364 3869 3435 receptis

2233 3454 2470 3521 animis,
2505 3455 2692 3509 instar
2720 3453 3121 3525 aprorum,qui
3153 3453 3535 3508 circumventi
3568 3449 3868 3506 venabulis

2234 3543 2290 3595 in
2325 3544 2451 3612 ipsa
2480 3548 2664 3597 morte
2695 3542 2887 3596 dirum
2922 3541 3385 3605 frendent,haud
3419 3542 3661 3610 impune
3692 3538 3872 3594 truci-

2233 3631 2542 3685 dabantur.
2580 3630 2814 3685 Interim
2847 3630 2920 3685 iis
2951 3630 3214 3685 subsidio
3246 3631 3507 3699 despota,
3542 3626 3874 3699 piscatoriis

2234 3719 2377 3773 forte
2406 3718 2689 3773 naviculis
2722 3718 2988 3789 repertis,
3016 3718 3191 3772 lectos
3223 3716 3569 3772 bellatorum
3604 3714 3876 3786 manipu-

2232 3806 2319 3862 los
2346 3808 2722 3875 submittere;
2758 3807 2994 3862 vocibus
3039 3806 3257 3878 pariter
3304 3810 3360 3861 et
3413 3805 3591 3875 signis
3641 3803 3869 3876 procul,

2235 3901 2297 3952 ut
2328 3896 2883 3968 cocperat,animare;
2910 3896 3200 3950 concitare
3232 3895 3290 3949 in
3327 3894 3630 3959 ultionem,
3664 3894 3869 3949 admo-

2232 4001 2368 4041 nere
2398 3984 2673 4039 ultimum
2706 3984 2761 4038 id
2799 3990 3029 4055 tempus
3078 3984 3198 4038 fore
3246 3983 3542 4038 servandae
3591 3982 3869 4037 Romanis

2232 4074 2336 4143 rei,
2386 4074 2539 4127 haud
2589 4073 2764 4127 dubie
2814 4073 3105 4144 perituras,
3156 4070 3203 4125 si
3254 4071 3557 4126 offensioni
3604 4070 3868 4125 terrestri

2231 4161 2425 4216 clades
2484 4160 2780 4217 maritima
2836 4160 3225 4230 superveniat.
3276 4158 3407 4213 Haac
3455 4158 3870 4213 ardentissime

2233 4265 2412 4321 agens
2474 4249 2630 4316 licet,
2699 4264 2906 4319 parum
2972 4247 3311 4318 proficiebat
3367 4263 3381 4301 :
3450 4246 3871 4301 intendebatur

2231 4338 2384 4393 enim
2421 4337 2768 4409 periculum,
2800 4340 2856 4391 et
2884 4352 3083 4407 parum
3118 4353 3151 4390 a
3198 4334 3561 4391 conclamata
3608 4333 3868 4404 pernicie

2233 4442 2326 4482 res
2374 4427 2594 4483 aberat.
2645 4425 2745 4481 Ille
2791 4424 3160 4497 conspicatus
3199 4424 3389 4495 magis
3420 4423 3725 4494 magisque
3760 4423 3867 4478 Bo-

2233 4530 2437 4570 manos
2463 4516 2685 4581 cadere,
2718 4512 3114 4584 congeminari
3145 4513 3351 4577 caedes,
3394 4510 3721 4566 coacervari
3770 4526 3868 4565 ca-

486 4601 706 4654 multos
737 4598 937 4653 hausit
966 4599 1024 4653 in
1058 4618 1269 4671 aquam
1303 4604 1571 4676 delapsos
1606 4610 1899 4664 mare.AIii
1930 4619 2117 4667 tamen

2233 4604 2437 4658 davera
2473 4619 2737 4671 suorum,
2767 4602 3157 4657 decoloratum
3192 4616 3395 4655 cruore
3424 4603 3695 4671 pontum,
3740 4600 3866 4654 ine-

484 4688 697 4754 adhuc,
733 4686 867 4741 licet
897 4688 1218 4744 semineces
1246 4691 1604 4766 vulneribus,
1624 4698 1694 4751 ad
1728 4698 1901 4753 ﬁnem
1930 4717 2115 4771 usque

482 4776 1341 4833 resistebant.Protostratorem
1377 4781 1567 4852 ipsum
1598 4786 1800 4843 multis
1831 4788 2118 4856 petierunt

480 4865 634 4933 telis,
671 4881 797 4935 quze
828 4864 1106 4933 quoniam
1142 4868 1394 4936 perferre
1442 4872 1621 4930 ictum
1662 4874 1717 4928 in
1760 4892 1971 4946 corpus
2015 4895 2112 4933 ne-

482 4954 729 5025 quibant
754 4952 944 5006 valida
969 4952 1185 5023 ubique
1210 4962 1529 5025 protectum
1555 4969 1869 5033 armatura,
1902 4964 2113 5036 gladiis

481 5057 581 5112 per
630 5041 811 5095 rimas
862 5045 919 5094 et
968 5043 1388 5100 commissuras
1440 5064 1737 5105 armorum
1799 5053 2112 5110 insinuatis

477 5146 625 5185 saeve
676 5128 839 5184 illum
885 5130 1374 5187 excarniﬁcabant
1418 5152 1521 5205 per
1567 5138 1774 5195 intima
1805 5142 2109 5199 fodientes.

474 5218 537 5273 1d
568 5234 701 5273 vero
730 5216 1201 5272 animadversum
1252 5221 1323 5274 ab
1372 5221 1617 5280 aliarum
1668 5228 1954 5284 militibus
2005 5249 2112 5286 na-

473 5304 655 5371 vium,
706 5304 1006 5359 acerrimis
1055 5309 1112 5358 et
1160 5305 1421 5375 ipsarum
1475 5311 1790 5369 insultibus
1842 5315 2108 5373 laboran-

473 5392 642 5457 tium,
675 5393 847 5464 fregit
868 5392 1122 5461 denique
1146 5394 1497 5463 pertinacem
1531 5400 1588 5453 in
1613 5401 1667 5455 id
1694 5402 1803 5459 loci
1834 5412 2109 5462 constan-

468 5479 797 5548 tiam,tristi
828 5483 885 5534 et
914 5480 1333 5537 immedicabili
1364 5484 1577 5556 injecta
1609 5507 1677 5546 ex
1706 5493 2109 5565 desperatione

452 5570 807 5636 formidine,
834 5569 1069 5639 quando
1099 5573 1370 5641 apparuit
1399 5592 1428 5631 e
1461 5576 1652 5634 littore
1699 5583 1941 5654 despota
1988 5601 2108 5641 ma-

458 5672 582 5713 nus
612 5658 881 5726 tendens,
915 5672 982 5713 ac
1010 5658 1264 5729 supplici
1296 5660 1549 5724 clamore
1597 5670 1941 5739 vociferans,
1992 5676 2106 5730 sta-

2223 4690 2484 4746 luctabili
2506 4691 2557 4744 vi
2585 4706 2749 4745 ruere
2780 4690 3045 4760 victores,
3079 4688 3316 4744 aliunde
3338 4689 3465 4757 jam
3498 4692 3660 4742 ratus
3693 4686 3864 4741 auxi-

2222 4780 2367 4835 lium
2400 4781 2794 4851 quaerendum,
2841 4779 2934 4834 Dei
2978 4795 3143 4850 opem
3191 4777 3539 4848 veniamque
3588 4776 3866 4831 ardenter

2221 4869 2452 4924 invocat
2481 4885 2655 4938 quam
2700 4868 3128 4923 demississimo
3172 4865 3375 4921 habitu
3423 4863 3690 4937 supplex,
3743 4879 3863 4918 non

2221 4960 2461 5024 frustra,
2490 4964 2553 5013 ut
2585 4976 2715 5013 mox
2744 4958 3059 5013 videbitur.

2220 5105 2309 5161 32.
2348 5106 2409 5162 Ut
2434 5104 2578 5160 mari
2605 5107 2959 5175 protoslralor
2985 5103 3496 5173 Philanthropenus
3545 5100 3722 5157 Italos
3770 5100 3858 5156 vi—

2412 5176 2573 5246 cerit,
2603 5176 2905 5247 adjuvanle
2934 5193 2967 5230 a
2997 5184 3143 5231 terra
3172 5175 3395 5247 despota
3421 5175 3656 5230 Joanne.

2288 5318 2418 5373 Jam
2452 5318 2723 5389 praetoria
2753 5322 2955 5373 nostra
2989 5320 3319 5388 expugnata
3367 5316 3419 5370 vi
3472 5314 3730 5369 hostium
3787 5314 3861 5368 ab

2218 5405 2365 5477 ipsis
2413 5407 2834 5476 abducebatur,
2883 5411 2939 5461 et
2968 5407 3024 5460 in
3059 5422 3126 5461 ea
3156 5405 3439 5460 universes
3471 5401 3678 5458 classis
3711 5418 3862 5472 pre-

2218 5497 2425 5561 fectus,
2460 5494 2830 5567 imperatoria
2858 5494 3135 5565 insignia,
3167 5494 3479 5565 ipsumque
3508 5492 3650 5547 adeo
3682 5490 3866 5545 robur

2216 5588 2427 5638 nostrae
2485 5583 2707 5638 militia:
2764 5582 3008 5649 navalis,
3066 5581 3370 5637 lectissimi
3429 5578 3859 5648 fortissimique

2215 5671 2547 5740 bellatores,
2579 5673 2834 5744 quando,
2867 5676 2933 5728 ut
2962 5670 3183 5727 dictum
3214 5675 3323 5739 est,
3355 5683 3561 5725 novam
3593 5664 3845 5724 addendi
