  <div class='ocr_page' id='page_1' title='image "/cluster/home/n/w/nwhite01/storage/ocr_20150623/143/mdp.39015078384784/400.png"; bbox 0 0 4162 6292; ppageno 0'>
   <div class='ocr_carea' id='block_1_1' title="bbox 301 314 416 369">
    <p class='ocr_par' dir='ltr' id='par_1_1' title="bbox 301 314 416 369">
     <span class='ocr_line' id='line_1_1' title="bbox 301 314 416 369; baseline -0.017 0"><span class='ocrx_word' id='word_1_1' title='bbox 301 314 416 369; x_wconf 89' lang='grc'>785</span> 
     </span>
    </p>
   </div>
   <div class='ocr_carea' id='block_1_2' title="bbox 1376 310 2637 374">
    <p class='ocr_par' dir='ltr' id='par_1_2' title="bbox 1376 310 2637 374">
     <span class='ocr_line' id='line_1_2' title="bbox 1376 310 2637 374; baseline 0.004 -7"><span class='ocrx_word' id='word_1_2' title='bbox 1376 314 1473 367; x_wconf 79' lang='lat' dir='ltr'><strong>DE</strong></span> <span class='ocrx_word' id='word_1_3' title='bbox 1510 310 1875 367; x_wconf 80' lang='lat' dir='ltr'><strong>MICHAELE</strong></span> <span class='ocrx_word' id='word_1_4' title='bbox 1914 314 2357 374; x_wconf 68' lang='lat' dir='ltr'><strong>PALBOLOGO</strong></span> <span class='ocrx_word' id='word_1_5' title='bbox 2392 319 2524 371; x_wconf 81' lang='lat' dir='ltr'><strong>LIB.</strong></span> <span class='ocrx_word' id='word_1_6' title='bbox 2566 320 2637 372; x_wconf 87' lang='lat' dir='ltr'><strong>V.</strong></span> 
     </span>
    </p>
   </div>
   <div class='ocr_carea' id='block_1_3' title="bbox 3585 316 3699 370">
    <p class='ocr_par' dir='ltr' id='par_1_3' title="bbox 3585 316 3699 370">
     <span class='ocr_line' id='line_1_3' title="bbox 3585 316 3699 370; baseline 0.026 -3"><span class='ocrx_word' id='word_1_7' title='bbox 3585 316 3699 370; x_wconf 82' lang='grc'><strong>’786</strong></span> 
     </span>
    </p>
   </div>
   <div class='ocr_carea' id='block_1_4' title="bbox 304 432 3698 514">
    <p class='ocr_par' dir='ltr' id='par_1_4' title="bbox 304 432 3698 514">
     <span class='ocr_line' id='line_1_4' title="bbox 304 432 3698 514; baseline -0.002 -15"><span class='ocrx_word' id='word_1_8' title='bbox 304 438 400 499; x_wconf 67' lang='grc' dir='ltr'><strong>τὰς</strong></span> <span class='ocrx_word' id='word_1_9' title='bbox 457 434 768 510; x_wconf 85' lang='grc' dir='ltr'>προθυμίας</span> <span class='ocrx_word' id='word_1_10' title='bbox 826 433 1041 490; x_wconf 80' lang='grc' dir='ltr'><strong>ἐκείνων</strong></span> <span class='ocrx_word' id='word_1_11' title='bbox 1101 433 1341 503; x_wconf 77' lang='grc' dir='ltr'>ἐπαύξων</span> <span class='ocrx_word' id='word_1_12' title='bbox 1418 432 1597 509; x_wconf 77' lang='grc' dir='ltr'>ῥιπτεῖ</span> <span class='ocrx_word' id='word_1_13' title='bbox 1651 435 1787 487; x_wconf 87' lang='grc' dir='ltr'><strong>κατά</strong></span> <span class='ocrx_word' id='word_1_14' title='bbox 1842 440 1945 508; x_wconf 82' lang='grc' dir='ltr'>γῆς</span> <span class='ocrx_word' id='word_1_15' title='bbox 1977 440 2031 505; x_wconf 76' lang='grc' dir='ltr'><strong>Α</strong></span> <span class='ocrx_word' id='word_1_16' title='bbox 2063 434 2337 511; x_wconf 84' lang='grc' dir='ltr'>Ἀχριδῶν</span> <span class='ocrx_word' id='word_1_17' title='bbox 2399 439 2667 514; x_wconf 76' lang='grc' dir='ltr'>Κεραμὲᾳ,</span> <span class='ocrx_word' id='word_1_18' title='bbox 2728 440 2820 503; x_wconf 76' lang='grc' dir='ltr'><strong>θὲα</strong></span> <span class='ocrx_word' id='word_1_19' title='bbox 2877 436 3045 500; x_wconf 77' lang='grc' dir='ltr'>ὅντως</span> <span class='ocrx_word' id='word_1_20' title='bbox 3098 437 3302 507; x_wconf 80' lang='grc' dir='ltr'>ἐλεεινὴ</span> <span class='ocrx_word' id='word_1_21' title='bbox 3337 438 3422 492; x_wconf 71' lang='grc' dir='ltr'>ιιαὶ</span> <span class='ocrx_word' id='word_1_22' title='bbox 3455 436 3698 512; x_wconf 81' lang='grc' dir='ltr'><strong>δακρύων</strong></span> 
     </span>
    </p>
   </div>
   <div class='ocr_carea' id='block_1_5' title="bbox 306 520 1956 600">
    <p class='ocr_par' dir='ltr' id='par_1_5' title="bbox 306 520 1956 600">
     <span class='ocr_line' id='line_1_5' title="bbox 306 520 1956 600; baseline -0.003 -20"><span class='ocrx_word' id='word_1_23' title='bbox 306 528 409 594; x_wconf 79' lang='grc' dir='ltr'>τὴν</span> <span class='ocrx_word' id='word_1_24' title='bbox 467 524 774 597; x_wconf 87' lang='grc' dir='ltr'>καλύπιραν</span> <span class='ocrx_word' id='word_1_25' title='bbox 830 530 930 593; x_wconf 85' lang='grc' dir='ltr'>τῆς</span> <span class='ocrx_word' id='word_1_26' title='bbox 986 530 1249 600; x_wconf 76' lang='grc' dir='ltr'>κεφαλῆς,</span> <span class='ocrx_word' id='word_1_27' title='bbox 1324 523 1412 576; x_wconf 83' lang='grc' dir='ltr'><strong>καὶ</strong></span> <span class='ocrx_word' id='word_1_28' title='bbox 1466 522 1612 576; x_wconf 85' lang='grc' dir='ltr'>κόνιν</span> <span class='ocrx_word' id='word_1_29' title='bbox 1679 520 1956 593; x_wconf 77' lang='grc' dir='ltr'>πάττεται,</span> 
     </span>
    </p>
   </div>
   <div class='ocr_carea' id='block_1_6' title="bbox 304 610 1954 686">
    <p class='ocr_par' dir='ltr' id='par_1_6' title="bbox 304 610 1954 686">
     <span class='ocr_line' id='line_1_6' title="bbox 304 610 1954 686; baseline -0.003 -16"><span class='ocrx_word' id='word_1_30' title='bbox 304 617 399 671; x_wconf 84' lang='grc' dir='ltr'><strong>καὶ</strong></span> <span class='ocrx_word' id='word_1_31' title='bbox 426 611 683 685; x_wconf 77' lang='grc' dir='ltr'>δάκρυσιν</span> <span class='ocrx_word' id='word_1_32' title='bbox 715 611 938 666; x_wconf 74' lang='grc' dir='ltr'><strong>ἱκετεύει</strong></span> <span class='ocrx_word' id='word_1_33' title='bbox 991 611 1110 665; x_wconf 84' lang='grc' dir='ltr'>Λίαν</span> <span class='ocrx_word' id='word_1_34' title='bbox 1162 610 1414 672; x_wconf 80' lang='grc' dir='ltr'>ἐλεεινῶς</span> <span class='ocrx_word' id='word_1_35' title='bbox 1461 612 1534 682; x_wconf 73' lang='grc' dir='ltr'>μὴ</span> <span class='ocrx_word' id='word_1_36' title='bbox 1564 613 1954 686; x_wconf 68' lang='grc' dir='ltr'><strong>καταπροέσθαι</strong></span> 
     </span>
    </p>
   </div>
   <div class='ocr_carea' id='block_1_7' title="bbox 310 697 1955 775">
    <p class='ocr_par' dir='ltr' id='par_1_7' title="bbox 310 697 1955 775">
     <span class='ocr_line' id='line_1_7' title="bbox 310 697 1955 775; baseline -0.003 -17"><span class='ocrx_word' id='word_1_37' title='bbox 310 708 422 759; x_wconf 80' lang='grc' dir='ltr'><strong>τῶν</strong></span> <span class='ocrx_word' id='word_1_38' title='bbox 480 697 771 773; x_wconf 79' lang='grc' dir='ltr'>συμϐόλων</span> <span class='ocrx_word' id='word_1_39' title='bbox 822 700 1199 775; x_wconf 70' lang='grc' dir='ltr'><strong>ἀπαγομένων.</strong></span> <span class='ocrx_word' id='word_1_40' title='bbox 1255 700 1413 756; x_wconf 72' lang='grc' dir='ltr'>Οὕτω</span> <span class='ocrx_word' id='word_1_41' title='bbox 1466 699 1532 753; x_wconf 78' lang='grc' dir='ltr'>τὰ</span> <span class='ocrx_word' id='word_1_42' title='bbox 1584 698 1766 754; x_wconf 87' lang='grc' dir='ltr'>πολλά</span> <span class='ocrx_word' id='word_1_43' title='bbox 1794 721 1955 753; x_wconf 87' lang='grc' dir='ltr'>κατα-</span> 
     </span>
    </p>
   </div>
   <div class='ocr_carea' id='block_1_8' title="bbox 312 784 1954 863">
    <p class='ocr_par' dir='ltr' id='par_1_8' title="bbox 312 784 1954 863">
     <span class='ocr_line' id='line_1_8' title="bbox 312 784 1954 863; baseline -0.003 -16"><span class='ocrx_word' id='word_1_44' title='bbox 312 791 609 848; x_wconf 89' lang='grc' dir='ltr'>λιτανεύων</span> <span class='ocrx_word' id='word_1_45' title='bbox 645 790 734 844; x_wconf 76' lang='grc' dir='ltr'>καὶ</span> <span class='ocrx_word' id='word_1_46' title='bbox 767 784 956 863; x_wconf 84' lang='grc' dir='ltr'>λόγοις</span> <span class='ocrx_word' id='word_1_47' title='bbox 986 789 1074 842; x_wconf 86' lang='grc' dir='ltr'><strong>καὶ</strong></span> <span class='ocrx_word' id='word_1_48' title='bbox 1119 790 1367 863; x_wconf 79' lang='grc' dir='ltr'>σχήμασι</span> <span class='ocrx_word' id='word_1_49' title='bbox 1400 789 1488 841; x_wconf 83' lang='grc' dir='ltr'><strong>καὶ</strong></span> <span class='ocrx_word' id='word_1_50' title='bbox 1518 793 1595 858; x_wconf 79' lang='grc' dir='ltr'>τῷ</span> <span class='ocrx_word' id='word_1_51' title='bbox 1624 792 1719 841; x_wconf 79' lang='grc' dir='ltr'><strong>τοῦ</strong></span> <span class='ocrx_word' id='word_1_52' title='bbox 1750 788 1954 859; x_wconf 84' lang='grc' dir='ltr'>τρόπου</span> 
     </span>
    </p>
   </div>
   <div class='ocr_carea' id='block_1_9' title="bbox 310 873 1955 953">
    <p class='ocr_par' dir='ltr' id='par_1_9' title="bbox 310 873 1955 953">
     <span class='ocr_line' id='line_1_9' title="bbox 310 873 1955 953; baseline -0.004 -16"><span class='ocrx_word' id='word_1_53' title='bbox 310 886 576 949; x_wconf 80' lang='grc' dir='ltr'><strong>ταπεινῷ,</strong></span> <span class='ocrx_word' id='word_1_54' title='bbox 621 878 867 940; x_wconf 82' lang='grc' dir='ltr'>πολλούς</span> <span class='ocrx_word' id='word_1_55' title='bbox 914 901 972 933; x_wconf 89' lang='grc' dir='ltr'><strong>τε</strong></span> <span class='ocrx_word' id='word_1_56' title='bbox 1020 873 1476 953; x_wconf 76' lang='grc' dir='ltr'>προσεπιϐάλλων</span> <span class='ocrx_word' id='word_1_57' title='bbox 1518 883 1631 939; x_wconf 90' lang='grc' dir='ltr'>τοῖς</span> <span class='ocrx_word' id='word_1_58' title='bbox 1662 874 1849 950; x_wconf 79' lang='grc' dir='ltr'>ἔξωθεν</span> <span class='ocrx_word' id='word_1_59' title='bbox 1882 879 1955 941; x_wconf 81' lang='grc' dir='ltr'>ὡς</span> 
     </span>
    </p>
   </div>
   <div class='ocr_carea' id='block_1_10' title="bbox 309 966 1952 1043">
    <p class='ocr_par' dir='ltr' id='par_1_10' title="bbox 309 966 1952 1043">
     <span class='ocr_line' id='line_1_10' title="bbox 309 966 1952 1043; baseline -0.003 -17"><span class='ocrx_word' id='word_1_60' title='bbox 309 970 755 1043; x_wconf 78' lang='grc' dir='ltr'>ἀναπληροῦσθαι</span> <span class='ocrx_word' id='word_1_61' title='bbox 810 967 935 1028; x_wconf 75' lang='grc' dir='ltr'>τοὺς</span> <span class='ocrx_word' id='word_1_62' title='bbox 995 966 1302 1035; x_wconf 84' lang='grc' dir='ltr'>λείποντας,</span> <span class='ocrx_word' id='word_1_63' title='bbox 1372 968 1621 1041; x_wconf 67' lang='grc' dir='ltr'>ἀνήγειρέ</span> <span class='ocrx_word' id='word_1_64' title='bbox 1689 988 1747 1021; x_wconf 85' lang='grc' dir='ltr'><strong>τε</strong></span> <span class='ocrx_word' id='word_1_65' title='bbox 1826 967 1952 1030; x_wconf 80' lang='grc' dir='ltr'>τοὺς</span> 
     </span>
    </p>
   </div>
   <div class='ocr_carea' id='block_1_11' title="bbox 314 1055 1950 1133">
    <p class='ocr_par' dir='ltr' id='par_1_11' title="bbox 314 1055 1950 1133">
     <span class='ocr_line' id='line_1_11' title="bbox 314 1055 1950 1133; baseline -0.002 -20"><span class='ocrx_word' id='word_1_66' title='bbox 314 1060 665 1133; x_wconf 68' lang='grc' dir='ltr'>μαχομένους</span> <span class='ocrx_word' id='word_1_67' title='bbox 723 1056 811 1110; x_wconf 87' lang='grc' dir='ltr'><strong>καὶ</strong></span> <span class='ocrx_word' id='word_1_68' title='bbox 871 1055 1256 1131; x_wconf 62' lang='grc' dir='ltr'>παρεθάρρυνε,</span> <span class='ocrx_word' id='word_1_69' title='bbox 1316 1056 1404 1109; x_wconf 85' lang='grc' dir='ltr'><strong>καὶ</strong></span> <span class='ocrx_word' id='word_1_70' title='bbox 1465 1055 1817 1124; x_wconf 75' lang='grc' dir='ltr'>ἀναισθήτουν</span> <span class='ocrx_word' id='word_1_71' title='bbox 1862 1056 1950 1109; x_wconf 84' lang='grc' dir='ltr'>πί-</span> 
     </span>
    </p>
   </div>
   <div class='ocr_carea' id='block_1_12' title="bbox 309 1141 1950 1219">
    <p class='ocr_par' dir='ltr' id='par_1_12' title="bbox 309 1141 1950 1219">
     <span class='ocr_line' id='line_1_12' title="bbox 309 1141 1950 1219; baseline -0.004 -17"><span class='ocrx_word' id='word_1_72' title='bbox 309 1167 560 1212; x_wconf 87' lang='grc' dir='ltr'>πτοντες,</span> <span class='ocrx_word' id='word_1_73' title='bbox 619 1145 932 1219; x_wconf 82' lang='grc' dir='ltr'>καρτερικοί</span> <span class='ocrx_word' id='word_1_74' title='bbox 990 1164 1127 1204; x_wconf 88' lang='grc' dir='ltr'>τινες</span> <span class='ocrx_word' id='word_1_75' title='bbox 1183 1143 1272 1197; x_wconf 84' lang='grc' dir='ltr'><strong>καὶ</strong></span> <span class='ocrx_word' id='word_1_76' title='bbox 1332 1142 1477 1217; x_wconf 81' lang='grc' dir='ltr'>παρὰ</span> <span class='ocrx_word' id='word_1_77' title='bbox 1522 1144 1583 1197; x_wconf 87' lang='grc' dir='ltr'>τὸ</span> <span class='ocrx_word' id='word_1_78' title='bbox 1615 1141 1733 1197; x_wconf 77' lang='grc' dir='ltr'>δὲον</span> <span class='ocrx_word' id='word_1_79' title='bbox 1765 1144 1950 1219; x_wconf 80' lang='grc' dir='ltr'>φαινό-</span> 
     </span>
    </p>
   </div>
   <div class='ocr_carea' id='block_1_13' title="bbox 316 1229 1951 1308">
    <p class='ocr_par' dir='ltr' id='par_1_13' title="bbox 316 1229 1951 1308">
     <span class='ocr_line' id='line_1_13' title="bbox 316 1229 1951 1308; baseline -0.003 -18"><span class='ocrx_word' id='word_1_80' title='bbox 316 1256 490 1308; x_wconf 77' lang='grc' dir='ltr'>μενοι.</span> <span class='ocrx_word' id='word_1_81' title='bbox 520 1232 621 1289; x_wconf 88' lang='grc' dir='ltr'>Καὶ</span> <span class='ocrx_word' id='word_1_82' title='bbox 679 1232 838 1295; x_wconf 77' lang='grc' dir='ltr'>τέλος</span> <span class='ocrx_word' id='word_1_83' title='bbox 867 1232 1238 1306; x_wconf 80' lang='grc' dir='ltr'>περιγίνονται</span> <span class='ocrx_word' id='word_1_84' title='bbox 1270 1234 1376 1284; x_wconf 82' lang='grc' dir='ltr'><strong>τῶν</strong></span> <span class='ocrx_word' id='word_1_85' title='bbox 1439 1229 1618 1305; x_wconf 76' lang='grc' dir='ltr'><strong>ἐχρῶν</strong></span> <span class='ocrx_word' id='word_1_86' title='bbox 1671 1230 1761 1285; x_wconf 75' lang='grc' dir='ltr'><strong>σὺν</strong></span> <span class='ocrx_word' id='word_1_87' title='bbox 1802 1232 1951 1304; x_wconf 83' lang='grc' dir='ltr'>πόνῳ</span> 
     </span>
    </p>
   </div>
   <div class='ocr_carea' id='block_1_14' title="bbox 307 1316 1952 1395">
    <p class='ocr_par' dir='ltr' id='par_1_14' title="bbox 307 1316 1952 1395">
     <span class='ocr_line' id='line_1_14' title="bbox 307 1316 1952 1395; baseline -0.002 -18"><span class='ocrx_word' id='word_1_88' title='bbox 307 1322 509 1393; x_wconf 82' lang='grc' dir='ltr'>πολλῷ</span> <span class='ocrx_word' id='word_1_89' title='bbox 556 1320 645 1374; x_wconf 87' lang='grc' dir='ltr'><strong>καὶ</strong></span> <span class='ocrx_word' id='word_1_90' title='bbox 704 1321 932 1395; x_wconf 77' lang='grc' dir='ltr'>μόχθῳ’</span> <span class='ocrx_word' id='word_1_91' title='bbox 984 1319 1072 1372; x_wconf 79' lang='grc' dir='ltr'><strong>καὶ</strong></span> <span class='ocrx_word' id='word_1_92' title='bbox 1126 1317 1193 1386; x_wconf 81' lang='grc' dir='ltr'>δὴ</span> <span class='ocrx_word' id='word_1_93' title='bbox 1245 1316 1393 1372; x_wconf 83' lang='grc' dir='ltr'>δυοῖν</span> <span class='ocrx_word' id='word_1_94' title='bbox 1424 1317 1459 1387; x_wconf 74' lang='grc' dir='ltr'><strong>ἢ</strong></span> <span class='ocrx_word' id='word_1_95' title='bbox 1490 1318 1579 1372; x_wconf 85' lang='grc' dir='ltr'><strong>καὶ</strong></span> <span class='ocrx_word' id='word_1_96' title='bbox 1624 1324 1789 1393; x_wconf 81' lang='grc' dir='ltr'>τριῶν</span> <span class='ocrx_word' id='word_1_97' title='bbox 1821 1322 1952 1374; x_wconf 86' lang='grc' dir='ltr'>ἀπο-</span> 
     </span>
    </p>
   </div>
   <div class='ocr_carea' id='block_1_15' title="bbox 308 1406 1949 1485">
    <p class='ocr_par' dir='ltr' id='par_1_15' title="bbox 308 1406 1949 1485">
     <span class='ocr_line' id='line_1_15' title="bbox 308 1406 1949 1485; baseline -0.003 -18"><span class='ocrx_word' id='word_1_98' title='bbox 308 1410 589 1485; x_wconf 81' lang='grc' dir='ltr'>δρασασῶν</span> <span class='ocrx_word' id='word_1_99' title='bbox 652 1408 707 1462; x_wconf 72' lang='grc' dir='ltr'><strong>αἱ</strong></span> <span class='ocrx_word' id='word_1_100' title='bbox 767 1406 957 1461; x_wconf 84' lang='grc' dir='ltr'>λοιπαὶ</span> <span class='ocrx_word' id='word_1_101' title='bbox 1016 1408 1155 1461; x_wconf 76' lang='grc' dir='ltr'>κατὰ</span> <span class='ocrx_word' id='word_1_102' title='bbox 1208 1406 1403 1479; x_wconf 86' lang='grc' dir='ltr'>κράτος</span> <span class='ocrx_word' id='word_1_103' title='bbox 1459 1406 1809 1462; x_wconf 83' lang='grc' dir='ltr'>ἁλίσκονται·</span> <span class='ocrx_word' id='word_1_104' title='bbox 1860 1410 1949 1462; x_wconf 85' lang='grc' dir='ltr'><strong>καὶ</strong></span> 
     </span>
    </p>
   </div>
   <div class='ocr_carea' id='block_1_16' title="bbox 308 1494 1949 1573">
    <p class='ocr_par' dir='ltr' id='par_1_16' title="bbox 308 1494 1949 1573">
     <span class='ocr_line' id='line_1_16' title="bbox 308 1494 1949 1573; baseline -0.002 -19"><span class='ocrx_word' id='word_1_105' title='bbox 308 1502 363 1554; x_wconf 77' lang='grc' dir='ltr'><strong>οἱ</strong></span> <span class='ocrx_word' id='word_1_106' title='bbox 424 1499 518 1570; x_wconf 76' lang='grc' dir='ltr'>μὲν</span> <span class='ocrx_word' id='word_1_107' title='bbox 578 1497 869 1573; x_wconf 70' lang='grc' dir='ltr'>σφαγέντες</span> <span class='ocrx_word' id='word_1_108' title='bbox 942 1495 1198 1558; x_wconf 81' lang='grc' dir='ltr'>πεσόντες</span> <span class='ocrx_word' id='word_1_109' title='bbox 1271 1495 1346 1555; x_wconf 88' lang='grc' dir='ltr'>εἷς</span> <span class='ocrx_word' id='word_1_110' title='bbox 1405 1494 1671 1549; x_wconf 80' lang='grc' dir='ltr'>θάλασσαν</span> <span class='ocrx_word' id='word_1_111' title='bbox 1726 1496 1949 1551; x_wconf 85' lang='grc' dir='ltr'>ἀπεπνί-</span> 
     </span>
    </p>
   </div>
   <div class='ocr_carea' id='block_1_17' title="bbox 308 1580 1949 1663">
    <p class='ocr_par' dir='ltr' id='par_1_17' title="bbox 308 1580 1949 1663">
     <span class='ocr_line' id='line_1_17' title="bbox 308 1580 1949 1663; baseline -0.001 -21"><span class='ocrx_word' id='word_1_112' title='bbox 308 1608 500 1663; x_wconf 88' lang='grc' dir='ltr'>γοντο,</span> <span class='ocrx_word' id='word_1_113' title='bbox 554 1584 741 1660; x_wconf 71' lang='grc' dir='ltr'>ἰχθύσι</span> <span class='ocrx_word' id='word_1_114' title='bbox 802 1583 1013 1657; x_wconf 80' lang='grc' dir='ltr'>μᾶλλον</span> <span class='ocrx_word' id='word_1_115' title='bbox 1166 1582 1396 1657; x_wconf 85' lang='grc' dir='ltr'>ἀλόχοις</span> <span class='ocrx_word' id='word_1_116' title='bbox 1445 1584 1535 1637; x_wconf 87' lang='grc' dir='ltr'><strong>καὶ</strong></span> <span class='ocrx_word' id='word_1_117' title='bbox 1576 1580 1786 1646; x_wconf 82' lang='grc' dir='ltr'>τέκνοις</span> <span class='ocrx_word' id='word_1_118' title='bbox 1816 1584 1949 1653; x_wconf 72' lang='grc' dir='ltr'>ἦσαν</span> 
     </span>
    </p>
   </div>
   <div class='ocr_carea' id='block_1_18' title="bbox 311 1670 1945 1751">
    <p class='ocr_par' dir='ltr' id='par_1_18' title="bbox 311 1670 1945 1751">
     <span class='ocr_line' id='line_1_18' title="bbox 311 1670 1945 1751; baseline -0.001 -21"><span class='ocrx_word' id='word_1_119' title='bbox 311 1675 604 1751; x_wconf 72' lang='grc' dir='ltr'>φίλτατοι·</span> <span class='ocrx_word' id='word_1_120' title='bbox 638 1675 689 1726; x_wconf 71' lang='grc' dir='ltr'><strong>οἱ</strong></span> <span class='ocrx_word' id='word_1_121' title='bbox 740 1671 783 1727; x_wconf 82' lang='grc' dir='ltr'>δ’</span> <span class='ocrx_word' id='word_1_122' title='bbox 842 1670 1006 1726; x_wconf 84' lang='grc' dir='ltr'>ἄλλοι</span> <span class='ocrx_word' id='word_1_123' title='bbox 1057 1671 1491 1745; x_wconf 70' lang='grc' dir='ltr'>συγκλεισθέντες</span> <span class='ocrx_word' id='word_1_124' title='bbox 1546 1674 1763 1748; x_wconf 82' lang='grc' dir='ltr'>γαστὲρι</span> <span class='ocrx_word' id='word_1_125' title='bbox 1819 1676 1945 1743; x_wconf 77' lang='grc' dir='ltr'>νηὸς</span> 
     </span>
    </p>
   </div>
   <div class='ocr_carea' id='block_1_19' title="bbox 2064 525 3699 600">
    <p class='ocr_par' dir='ltr' id='par_1_19' title="bbox 2064 525 3699 600">
     <span class='ocr_line' id='line_1_19' title="bbox 2064 525 3699 600; baseline 0.002 -22"><span class='ocrx_word' id='word_1_126' title='bbox 2064 525 2205 598; x_wconf 80' lang='grc' dir='ltr'>ἀξία,</span> <span class='ocrx_word' id='word_1_127' title='bbox 2237 526 2681 599; x_wconf 73' lang='grc' dir='ltr'>περιστέλλονταί</span> <span class='ocrx_word' id='word_1_128' title='bbox 2732 548 2789 582; x_wconf 80' lang='grc' dir='ltr'><strong>τε</strong></span> <span class='ocrx_word' id='word_1_129' title='bbox 2848 528 2921 589; x_wconf 83' lang='grc' dir='ltr'><strong>ὡς</strong></span> <span class='ocrx_word' id='word_1_130' title='bbox 2979 527 3124 588; x_wconf 78' lang='grc' dir='ltr'>εἷ’κὸς</span> <span class='ocrx_word' id='word_1_131' title='bbox 3172 528 3298 600; x_wconf 83' lang='grc' dir='ltr'>παρ’</span> <span class='ocrx_word' id='word_1_132' title='bbox 3350 526 3554 581; x_wconf 80' lang='grc' dir='ltr'>ἐκείνου</span> <span class='ocrx_word' id='word_1_133' title='bbox 3582 533 3699 588; x_wconf 91' lang='grc' dir='ltr'>τοῖς</span> 
     </span>
    </p>
   </div>
   <div class='ocr_carea' id='block_1_20' title="bbox 2064 612 3694 689">
    <p class='ocr_par' dir='ltr' id='par_1_20' title="bbox 2064 612 3694 689">
     <span class='ocr_line' id='line_1_20' title="bbox 2064 612 3694 689; baseline 0 -21"><span class='ocrx_word' id='word_1_134' title='bbox 2064 614 2345 684; x_wconf 65' lang='grc' dir='ltr'>εὑρεθεῖσι,</span> <span class='ocrx_word' id='word_1_135' title='bbox 2404 616 2491 669; x_wconf 79' lang='grc' dir='ltr'><strong>καὶ</strong></span> <span class='ocrx_word' id='word_1_136' title='bbox 2550 615 2625 677; x_wconf 87' lang='grc' dir='ltr'>ὡς</span> <span class='ocrx_word' id='word_1_137' title='bbox 2682 616 2796 670; x_wconf 86' lang='grc' dir='ltr'>οἴόν</span> <span class='ocrx_word' id='word_1_138' title='bbox 2872 636 2930 671; x_wconf 90' lang='grc' dir='ltr'><strong>τε</strong></span> <span class='ocrx_word' id='word_1_139' title='bbox 2984 616 3387 689; x_wconf 82' lang='grc' dir='ltr'>θεραπεύονται.</span> <span class='ocrx_word' id='word_1_140' title='bbox 3451 616 3591 671; x_wconf 86' lang='grc' dir='ltr'>Τότε</span> <span class='ocrx_word' id='word_1_141' title='bbox 3649 612 3694 668; x_wconf 83' lang='grc' dir='ltr'>δ’</span> 
     </span>
    </p>
   </div>
   <div class='ocr_carea' id='block_1_21' title="bbox 2066 701 3697 777">
    <p class='ocr_par' dir='ltr' id='par_1_21' title="bbox 2066 701 3697 777">
     <span class='ocr_line' id='line_1_21' title="bbox 2066 701 3697 777; baseline 0.001 -22"><span class='ocrx_word' id='word_1_142' title='bbox 2066 701 2445 776; x_wconf 72' lang='grc' dir='ltr'>ὑπερπαθήσας</span> <span class='ocrx_word' id='word_1_143' title='bbox 2501 704 2589 757; x_wconf 89' lang='grc' dir='ltr'><strong>καὶ</strong></span> <span class='ocrx_word' id='word_1_144' title='bbox 2648 706 2675 758; x_wconf 98' lang='lat'><strong>6</strong></span> <span class='ocrx_word' id='word_1_145' title='bbox 2734 702 2999 774; x_wconf 81' lang='grc' dir='ltr'>δεσπότης</span> <span class='ocrx_word' id='word_1_146' title='bbox 3052 704 3141 758; x_wconf 87' lang='grc' dir='ltr'><strong>καὶ</strong></span> <span class='ocrx_word' id='word_1_147' title='bbox 3200 702 3569 777; x_wconf 75' lang='grc' dir='ltr'>περιαλγήσας</span> <span class='ocrx_word' id='word_1_148' title='bbox 3627 706 3697 776; x_wconf 80' lang='grc' dir='ltr'>τῇ</span> 
     </span>
    </p>
   </div>
   <div class='ocr_carea' id='block_1_22' title="bbox 2065 789 3699 869">
    <p class='ocr_par' dir='ltr' id='par_1_22' title="bbox 2065 789 3699 869">
     <span class='ocr_line' id='line_1_22' title="bbox 2065 789 3699 869; baseline 0 -25"><span class='ocrx_word' id='word_1_149' title='bbox 2065 796 2335 867; x_wconf 78' lang='grc' dir='ltr'>συμφορᾷ,</span> <span class='ocrx_word' id='word_1_150' title='bbox 2393 789 2717 847; x_wconf 79' lang='grc' dir='ltr'>δεσπόσυνον</span> <span class='ocrx_word' id='word_1_151' title='bbox 2774 795 2976 868; x_wconf 89' lang='grc' dir='ltr'>τρόπον</span> <span class='ocrx_word' id='word_1_152' title='bbox 3042 791 3247 869; x_wconf 84' lang='grc' dir='ltr'>φεύγων</span> <span class='ocrx_word' id='word_1_153' title='bbox 3310 792 3432 846; x_wconf 70' lang='grc' dir='ltr'>ὅσον</span> <span class='ocrx_word' id='word_1_154' title='bbox 3480 792 3538 846; x_wconf 85' lang='grc' dir='ltr'><strong>ἐκ</strong></span> <span class='ocrx_word' id='word_1_155' title='bbox 3594 796 3699 845; x_wconf 79' lang='grc' dir='ltr'>τῶν</span> 
     </span>
    </p>
   </div>
   <div class='ocr_carea' id='block_1_23' title="bbox 2063 874 3696 956">
    <p class='ocr_par' dir='ltr' id='par_1_23' title="bbox 2063 874 3696 956">
     <span class='ocr_line' id='line_1_23' title="bbox 2063 874 3696 956; baseline 0.001 -24"><span class='ocrx_word' id='word_1_156' title='bbox 2063 874 2357 950; x_wconf 74' lang='grc' dir='ltr'>συμϐόλων</span> <span class='ocrx_word' id='word_1_157' title='bbox 2391 880 2417 933; x_wconf 88' lang='grc' dir='ltr'>ὁ</span> <span class='ocrx_word' id='word_1_158' title='bbox 2450 879 2696 943; x_wconf 81' lang='grc' dir='ltr'>δουλείας</span> <span class='ocrx_word' id='word_1_159' title='bbox 2745 881 2893 944; x_wconf 81' lang='grc' dir='ltr'>ἐντὸς</span> <span class='ocrx_word' id='word_1_160' title='bbox 2944 883 3087 956; x_wconf 84' lang='grc' dir='ltr'><strong>παρά</strong></span> <span class='ocrx_word' id='word_1_161' title='bbox 3130 883 3318 954; x_wconf 87' lang='grc' dir='ltr'>μικρὸν</span> <span class='ocrx_word' id='word_1_162' title='bbox 3352 878 3696 942; x_wconf 81' lang='grc' dir='ltr'>κινδυνεύσας</span> 
     </span>
    </p>
   </div>
   <div class='ocr_carea' id='block_1_24' title="bbox 2062 966 3699 1047">
    <p class='ocr_par' dir='ltr' id='par_1_24' title="bbox 2062 966 3699 1047">
     <span class='ocr_line' id='line_1_24' title="bbox 2062 966 3699 1047; baseline 0.006 -26"><span class='ocrx_word' id='word_1_163' title='bbox 2062 966 2235 1022; x_wconf 69' lang='grc' dir='ltr'>ἐλθεῖν</span> <span class='ocrx_word' id='word_1_164' title='bbox 2268 970 2303 1039; x_wconf 74' lang='grc' dir='ltr'><strong>ἢ</strong></span> <span class='ocrx_word' id='word_1_165' title='bbox 2337 969 2423 1022; x_wconf 87' lang='grc' dir='ltr'><strong>καὶ</strong></span> <span class='ocrx_word' id='word_1_166' title='bbox 2456 969 2627 1033; x_wconf 80' lang='grc' dir='ltr'>ἐλθὼν</span> <span class='ocrx_word' id='word_1_167' title='bbox 2678 973 2739 1025; x_wconf 89' lang='grc' dir='ltr'><strong>τό</strong></span> <span class='ocrx_word' id='word_1_168' title='bbox 2791 993 2851 1046; x_wconf 86' lang='grc' dir='ltr'><strong>γε</strong></span> <span class='ocrx_word' id='word_1_169' title='bbox 2907 972 3070 1047; x_wconf 69' lang='grc' dir='ltr'>μέρος</span> <span class='ocrx_word' id='word_1_170' title='bbox 3108 975 3214 1024; x_wconf 83' lang='grc' dir='ltr'><strong>τῶν</strong></span> <span class='ocrx_word' id='word_1_171' title='bbox 3260 968 3444 1024; x_wconf 74' lang='grc' dir='ltr'>ἄλλων</span> <span class='ocrx_word' id='word_1_172' title='bbox 3481 970 3699 1034; x_wconf 77' lang='grc' dir='ltr'>καὶτῆς</span> 
     </span>
    </p>
   </div>
   <div class='ocr_carea' id='block_1_25' title="bbox 2063 1054 3694 1130">
    <p class='ocr_par' dir='ltr' id='par_1_25' title="bbox 2063 1054 3694 1130">
     <span class='ocr_line' id='line_1_25' title="bbox 2063 1054 3694 1130; baseline 0.001 -21"><span class='ocrx_word' id='word_1_173' title='bbox 2063 1055 2296 1124; x_wconf 77' lang='grc' dir='ltr'>συνόλης</span> <span class='ocrx_word' id='word_1_174' title='bbox 2329 1054 2629 1129; x_wconf 76' lang='grc' dir='ltr'>δυνάμεως,</span> <span class='ocrx_word' id='word_1_175' title='bbox 2662 1055 2915 1130; x_wconf 69' lang='grc' dir='ltr'>σύμϐολα</span> <span class='ocrx_word' id='word_1_176' title='bbox 2941 1081 2999 1113; x_wconf 91' lang='grc' dir='ltr'><strong>τε</strong></span> <span class='ocrx_word' id='word_1_177' title='bbox 3025 1062 3123 1127; x_wconf 80' lang='grc' dir='ltr'>τῆς</span> <span class='ocrx_word' id='word_1_178' title='bbox 3150 1056 3465 1118; x_wconf 82' lang='grc' dir='ltr'>δεσποτείας</span> <span class='ocrx_word' id='word_1_179' title='bbox 3493 1057 3694 1126; x_wconf 78' lang='grc' dir='ltr'>ἐκεῖνα,</span> 
     </span>
    </p>
   </div>
   <div class='ocr_carea' id='block_1_26' title="bbox 2062 1144 3692 1220">
    <p class='ocr_par' dir='ltr' id='par_1_26' title="bbox 2062 1144 3692 1220">
     <span class='ocr_line' id='line_1_26' title="bbox 2062 1144 3692 1220; baseline 0.001 -24"><span class='ocrx_word' id='word_1_180' title='bbox 2062 1146 2142 1216; x_wconf 87' lang='grc' dir='ltr'><strong>[Ρ.</strong></span> <span class='ocrx_word' id='word_1_181' title='bbox 2192 1148 2316 1217; x_wconf 81' lang='grc'><strong>226]</strong></span> <span class='ocrx_word' id='word_1_182' title='bbox 2370 1147 2467 1199; x_wconf 79' lang='grc' dir='ltr'><strong>ὅσα</strong></span> <span class='ocrx_word' id='word_1_183' title='bbox 2515 1146 2567 1201; x_wconf 82' lang='grc' dir='ltr'>ἐν</span> <span class='ocrx_word' id='word_1_184' title='bbox 2597 1146 2883 1220; x_wconf 83' lang='grc' dir='ltr'>καλύπρτᾳ</span> <span class='ocrx_word' id='word_1_185' title='bbox 2938 1148 3027 1201; x_wconf 84' lang='grc' dir='ltr'><strong>καὶ</strong></span> <span class='ocrx_word' id='word_1_186' title='bbox 3088 1145 3401 1217; x_wconf 79' lang='grc' dir='ltr'>ὑποδήμασι</span> <span class='ocrx_word' id='word_1_187' title='bbox 3432 1145 3519 1199; x_wconf 81' lang='grc' dir='ltr'><strong>καὶ</strong></span> <span class='ocrx_word' id='word_1_188' title='bbox 3550 1166 3609 1218; x_wconf 92' lang='grc' dir='ltr'><strong>γε</strong></span> <span class='ocrx_word' id='word_1_189' title='bbox 3640 1144 3692 1199; x_wconf 85' lang='grc' dir='ltr'>ἐν</span> 
     </span>
    </p>
   </div>
   <div class='ocr_carea' id='block_1_27' title="bbox 2060 1231 3693 1310">
    <p class='ocr_par' dir='ltr' id='par_1_27' title="bbox 2060 1231 3693 1310">
     <span class='ocr_line' id='line_1_27' title="bbox 2060 1231 3693 1310; baseline 0.001 -25"><span class='ocrx_word' id='word_1_190' title='bbox 2060 1231 2358 1308; x_wconf 75' lang='grc' dir='ltr'>ἐφεστρίσιν</span> <span class='ocrx_word' id='word_1_191' title='bbox 2385 1231 2570 1287; x_wconf 67' lang='grc' dir='ltr'>ἳππων</span> <span class='ocrx_word' id='word_1_192' title='bbox 2628 1234 2718 1287; x_wconf 81' lang='grc' dir='ltr'><strong>καὶ</strong></span> <span class='ocrx_word' id='word_1_193' title='bbox 2775 1234 3026 1308; x_wconf 84' lang='grc' dir='ltr'>χαλινοῖς</span> <span class='ocrx_word' id='word_1_194' title='bbox 3086 1234 3174 1288; x_wconf 89' lang='grc' dir='ltr'><strong>καὶ</strong></span> <span class='ocrx_word' id='word_1_195' title='bbox 3214 1238 3281 1306; x_wconf 84' lang='grc' dir='ltr'>τῇ</span> <span class='ocrx_word' id='word_1_196' title='bbox 3327 1234 3384 1288; x_wconf 80' lang='grc' dir='ltr'>ἐκ</span> <span class='ocrx_word' id='word_1_197' title='bbox 3412 1234 3693 1310; x_wconf 75' lang='grc' dir='ltr'>πορφύρας</span> 
     </span>
    </p>
   </div>
   <div class='ocr_carea' id='block_1_28' title="bbox 2063 1319 3696 1397">
    <p class='ocr_par' dir='ltr' id='par_1_28' title="bbox 2063 1319 3696 1397">
     <span class='ocr_line' id='line_1_28' title="bbox 2063 1319 3696 1397; baseline -0.001 -24"><span class='ocrx_word' id='word_1_198' title='bbox 2063 1321 2365 1396; x_wconf 79' lang='grc' dir='ltr'>ὑπογραφῇ,</span> <span class='ocrx_word' id='word_1_199' title='bbox 2425 1323 2755 1389; x_wconf 84' lang='grc' dir='ltr'>ἀποτίθεται,</span> <span class='ocrx_word' id='word_1_200' title='bbox 2809 1320 2950 1376; x_wconf 78' lang='grc' dir='ltr'>οὕτω</span> <span class='ocrx_word' id='word_1_201' title='bbox 3007 1319 3297 1383; x_wconf 81' lang='grc' dir='ltr'>δικαιώσας</span> <span class='ocrx_word' id='word_1_202' title='bbox 3358 1321 3585 1397; x_wconf 73' lang='grc' dir='ltr'>ὀφθῆναι</span> <span class='ocrx_word' id='word_1_203' title='bbox 3616 1325 3696 1391; x_wconf 77' lang='grc' dir='ltr'>τῷ</span> 
     </span>
    </p>
   </div>
   <div class='ocr_carea' id='block_1_29' title="bbox 2066 1406 3692 1485">
    <p class='ocr_par' dir='ltr' id='par_1_29' title="bbox 2066 1406 3692 1485">
     <span class='ocr_line' id='line_1_29' title="bbox 2066 1406 3692 1485; baseline 0.001 -25"><span class='ocrx_word' id='word_1_204' title='bbox 2066 1406 2302 1482; x_wconf 83' lang='grc' dir='ltr'>βασιλεῖ,</span> <span class='ocrx_word' id='word_1_205' title='bbox 2356 1408 2453 1463; x_wconf 79' lang='grc' dir='ltr'>οὐκ</span> <span class='ocrx_word' id='word_1_206' title='bbox 2511 1408 2630 1463; x_wconf 81' lang='grc' dir='ltr'>οἶδα</span> <span class='ocrx_word' id='word_1_207' title='bbox 2685 1411 2821 1465; x_wconf 85' lang='grc' dir='ltr'><strong>κατά</strong></span> <span class='ocrx_word' id='word_1_208' title='bbox 2879 1410 3056 1481; x_wconf 83' lang='grc' dir='ltr'>λύπην</span> <span class='ocrx_word' id='word_1_209' title='bbox 3119 1407 3372 1485; x_wconf 74' lang='grc' dir='ltr'>σφετέραν</span> <span class='ocrx_word' id='word_1_210' title='bbox 3406 1410 3440 1478; x_wconf 75' lang='grc' dir='ltr'>ἢ</span> <span class='ocrx_word' id='word_1_211' title='bbox 3473 1408 3562 1462; x_wconf 85' lang='grc' dir='ltr'><strong>καὶ</strong></span> <span class='ocrx_word' id='word_1_212' title='bbox 3593 1410 3692 1477; x_wconf 73' lang='grc' dir='ltr'><strong>τὴν</strong></span> 
     </span>
    </p>
   </div>
   <div class='ocr_carea' id='block_1_30' title="bbox 2058 1494 3695 1569">
    <p class='ocr_par' dir='ltr' id='par_1_30' title="bbox 2058 1494 3695 1569">
     <span class='ocr_line' id='line_1_30' title="bbox 2058 1494 3695 1569; baseline 0 -20"><span class='ocrx_word' id='word_1_213' title='bbox 2058 1494 2261 1549; x_wconf 78' lang='grc' dir='ltr'>ἐκείνου</span> <span class='ocrx_word' id='word_1_214' title='bbox 2311 1495 2645 1568; x_wconf 78' lang='grc' dir='ltr'><strong>ἐκμείλιξιν⁸</strong></span> <span class='ocrx_word' id='word_1_215' title='bbox 2694 1496 2887 1559; x_wconf 74' lang='grc' dir='ltr'>ἄλλοις</span> <span class='ocrx_word' id='word_1_216' title='bbox 2937 1495 2993 1552; x_wconf 75' lang='grc' dir='ltr'>δὲ</span> <span class='ocrx_word' id='word_1_217' title='bbox 3046 1501 3251 1559; x_wconf 87' lang='grc' dir='ltr'>κοινοῖς</span> <span class='ocrx_word' id='word_1_218' title='bbox 3290 1498 3379 1551; x_wconf 75' lang='grc' dir='ltr'><strong>καὶ</strong></span> <span class='ocrx_word' id='word_1_219' title='bbox 3410 1494 3695 1569; x_wconf 80' lang='grc' dir='ltr'>καλύπτρᾳ</span> 
     </span>
    </p>
   </div>
   <div class='ocr_carea' id='block_1_31' title="bbox 2060 1582 3690 1659">
    <p class='ocr_par' dir='ltr' id='par_1_31' title="bbox 2060 1582 3690 1659">
     <span class='ocr_line' id='line_1_31' title="bbox 2060 1582 3690 1659; baseline 0.001 -23"><span class='ocrx_word' id='word_1_220' title='bbox 2060 1582 2110 1653; x_wconf 80' lang='grc' dir='ltr'><strong>ἐξ</strong></span> <span class='ocrx_word' id='word_1_221' title='bbox 2140 1582 2298 1658; x_wconf 81' lang='grc' dir='ltr'>ἐρίων</span> <span class='ocrx_word' id='word_1_222' title='bbox 2348 1584 2810 1655; x_wconf 73' lang='grc' dir='ltr'>καταστολισθεὶς,</span> <span class='ocrx_word' id='word_1_223' title='bbox 2871 1584 3045 1649; x_wconf 80' lang='grc' dir='ltr'>οὕτως</span> <span class='ocrx_word' id='word_1_224' title='bbox 3094 1583 3210 1654; x_wconf 72' lang='grc' dir='ltr'>ἤϊεν</span> <span class='ocrx_word' id='word_1_225' title='bbox 3267 1584 3342 1646; x_wconf 68' lang='grc' dir='ltr'><strong>εἷς</strong></span> <span class='ocrx_word' id='word_1_226' title='bbox 3398 1584 3460 1638; x_wconf 88' lang='grc' dir='ltr'>τὸ</span> <span class='ocrx_word' id='word_1_227' title='bbox 3507 1585 3690 1659; x_wconf 87' lang='grc' dir='ltr'>πρόσω</span> 
     </span>
    </p>
   </div>
   <div class='ocr_carea' id='block_1_32' title="bbox 2055 1671 3690 1750">
    <p class='ocr_par' dir='ltr' id='par_1_32' title="bbox 2055 1671 3690 1750">
     <span class='ocr_line' id='line_1_32' title="bbox 2055 1671 3690 1750; baseline -0.002 -23"><span class='ocrx_word' id='word_1_228' title='bbox 2055 1677 2134 1743; x_wconf 80' lang='grc' dir='ltr'><strong>τῷ</strong></span> <span class='ocrx_word' id='word_1_229' title='bbox 2194 1672 2406 1746; x_wconf 84' lang='grc' dir='ltr'>βασιλεῖ</span> <span class='ocrx_word' id='word_1_230' title='bbox 2475 1671 3028 1746; x_wconf 77' lang='grc' dir='ltr'>ἐμφανισθησόμενος.</span> <span class='ocrx_word' id='word_1_231' title='bbox 3088 1673 3186 1728; x_wconf 82' lang='grc' dir='ltr'>Καί</span> <span class='ocrx_word' id='word_1_232' title='bbox 3241 1676 3289 1748; x_wconf 91' lang='grc' dir='ltr'>γ’</span> <span class='ocrx_word' id='word_1_233' title='bbox 3347 1672 3690 1750; x_wconf 72' lang='grc' dir='ltr'>ἐμφανισθεὶς</span> 
     </span>
    </p>
   </div>
   <div class='ocr_carea' id='block_1_33' title="bbox 311 1756 3688 1848">
    <p class='ocr_par' dir='ltr' id='par_1_33' title="bbox 311 1756 3688 1848">
     <span class='ocr_line' id='line_1_33' title="bbox 311 1756 3688 1848; baseline -0.001 -30"><span class='ocrx_word' id='word_1_234' title='bbox 311 1762 456 1827; x_wconf 74' lang='grc' dir='ltr'>ῗδίας</span> <span class='ocrx_word' id='word_1_235' title='bbox 486 1757 701 1817; x_wconf 80' lang='grc' dir='ltr'>ἔκαστοι</span> <span class='ocrx_word' id='word_1_236' title='bbox 731 1763 866 1836; x_wconf 88' lang='grc' dir='ltr'>πρὸς</span> <span class='ocrx_word' id='word_1_237' title='bbox 915 1763 1014 1829; x_wconf 77' lang='grc' dir='ltr'>τὴν</span> <span class='ocrx_word' id='word_1_238' title='bbox 1064 1759 1228 1814; x_wconf 89' lang='grc' dir='ltr'>πόλιν</span> <span class='ocrx_word' id='word_1_239' title='bbox 1277 1762 1543 1835; x_wconf 78' lang='grc' dir='ltr'>ἀνήγοντο</span> <span class='ocrx_word' id='word_1_240' title='bbox 1576 1759 1828 1829; x_wconf 78' lang='grc' dir='ltr'>δείλαιοι,</span> <span class='ocrx_word' id='word_1_241' title='bbox 1856 1785 1949 1834; x_wconf 93' lang='grc' dir='ltr'>μι-</span> <span class='ocrx_word' id='word_1_242' title='bbox 1978 1785 2025 1848; x_wconf 86' lang='grc' dir='ltr'><strong>Β</strong></span> <span class='ocrx_word' id='word_1_243' title='bbox 2055 1761 2117 1815; x_wconf 85' lang='grc' dir='ltr'>τὸ</span> <span class='ocrx_word' id='word_1_244' title='bbox 2173 1757 2315 1815; x_wconf 73' lang='grc' dir='ltr'>πολὺ</span> <span class='ocrx_word' id='word_1_245' title='bbox 2371 1768 2471 1830; x_wconf 81' lang='grc' dir='ltr'>τῆς</span> <span class='ocrx_word' id='word_1_246' title='bbox 2522 1762 2686 1836; x_wconf 83' lang='grc' dir='ltr'>ὀργῆς</span> <span class='ocrx_word' id='word_1_247' title='bbox 2760 1762 3056 1816; x_wconf 86' lang='grc' dir='ltr'>καταπαύει</span> <span class='ocrx_word' id='word_1_248' title='bbox 3106 1764 3176 1833; x_wconf 81' lang='grc' dir='ltr'>τῇ</span> <span class='ocrx_word' id='word_1_249' title='bbox 3229 1767 3336 1816; x_wconf 82' lang='grc' dir='ltr'><strong>τῶν</strong></span> <span class='ocrx_word' id='word_1_250' title='bbox 3398 1756 3688 1833; x_wconf 76' lang='grc' dir='ltr'>συμϐόλων</span> 
     </span>
    </p>
   </div>
   <div class='ocr_carea' id='block_1_34' title="bbox 308 1845 1947 1927">
    <p class='ocr_par' dir='ltr' id='par_1_34' title="bbox 308 1845 1947 1927">
     <span class='ocr_line' id='line_1_34' title="bbox 308 1845 1947 1927; baseline -0.001 -20"><span class='ocrx_word' id='word_1_251' title='bbox 308 1852 440 1927; x_wconf 78' lang='grc' dir='ltr'><strong>κράν</strong></span> <span class='ocrx_word' id='word_1_252' title='bbox 489 1848 619 1920; x_wconf 77' lang='grc' dir='ltr'>ὅσην</span> <span class='ocrx_word' id='word_1_253' title='bbox 668 1849 1009 1924; x_wconf 86' lang='grc' dir='ltr'>παραμυθίαν</span> <span class='ocrx_word' id='word_1_254' title='bbox 1062 1848 1149 1902; x_wconf 75' lang='grc' dir='ltr'>ἐπὶ</span> <span class='ocrx_word' id='word_1_255' title='bbox 1204 1854 1318 1910; x_wconf 92' lang='grc' dir='ltr'>τοῖς</span> <span class='ocrx_word' id='word_1_256' title='bbox 1380 1845 1716 1921; x_wconf 74' lang='grc' dir='ltr'>προλαϐοῦσι</span> <span class='ocrx_word' id='word_1_257' title='bbox 1752 1848 1947 1914; x_wconf 87' lang='grc' dir='ltr'>δεινοῖς</span> 
     </span>
    </p>
   </div>
   <div class='ocr_carea' id='block_1_35' title="bbox 305 1934 1945 2013">
    <p class='ocr_par' dir='ltr' id='par_1_35' title="bbox 305 1934 1945 2013">
     <span class='ocr_line' id='line_1_35' title="bbox 305 1934 1945 2013; baseline -0.001 -18"><span class='ocrx_word' id='word_1_258' title='bbox 305 1946 425 2002; x_wconf 90' lang='grc' dir='ltr'>τοῖς</span> <span class='ocrx_word' id='word_1_259' title='bbox 482 1938 729 2013; x_wconf 82' lang='grc' dir='ltr'>σφαλεῖσι</span> <span class='ocrx_word' id='word_1_260' title='bbox 782 1939 1021 2010; x_wconf 80' lang='grc' dir='ltr'>θέμενοι.</span> <span class='ocrx_word' id='word_1_261' title='bbox 1053 1938 1114 1993; x_wconf 78' lang='grc' dir='ltr'><strong>Ὀ</strong></span> <span class='ocrx_word' id='word_1_262' title='bbox 1173 1935 1230 1991; x_wconf 77' lang='grc' dir='ltr'><strong>δὲ</strong></span> <span class='ocrx_word' id='word_1_263' title='bbox 1284 1934 1547 2008; x_wconf 85' lang='grc' dir='ltr'>δεσπότης</span> <span class='ocrx_word' id='word_1_264' title='bbox 1605 1940 1693 1992; x_wconf 85' lang='grc' dir='ltr'><strong>καὶ</strong></span> <span class='ocrx_word' id='word_1_265' title='bbox 1752 1938 1807 1993; x_wconf 75' lang='grc' dir='ltr'>οἷ</span> <span class='ocrx_word' id='word_1_266' title='bbox 1853 1938 1945 1994; x_wconf 78' lang='grc' dir='ltr'><strong>σὺν</strong></span> 
     </span>
    </p>
   </div>
   <div class='ocr_carea' id='block_1_36' title="bbox 309 2022 1947 2104">
    <p class='ocr_par' dir='ltr' id='par_1_36' title="bbox 309 2022 1947 2104">
     <span class='ocr_line' id='line_1_36' title="bbox 309 2022 1947 2104; baseline -0.001 -20"><span class='ocrx_word' id='word_1_267' title='bbox 309 2028 457 2100; x_wconf 87' lang='grc' dir='ltr'>αύτῷ</span> <span class='ocrx_word' id='word_1_268' title='bbox 501 2030 700 2104; x_wconf 86' lang='grc' dir='ltr'>γυμνοὶ</span> <span class='ocrx_word' id='word_1_269' title='bbox 747 2031 854 2080; x_wconf 78' lang='grc' dir='ltr'><strong>τῶν</strong></span> <span class='ocrx_word' id='word_1_270' title='bbox 906 2026 1154 2079; x_wconf 84' lang='grc' dir='ltr'>ἀπάντων</span> <span class='ocrx_word' id='word_1_271' title='bbox 1208 2022 1379 2093; x_wconf 79' lang='grc' dir='ltr'>ὅντες,</span> <span class='ocrx_word' id='word_1_272' title='bbox 1427 2022 1831 2101; x_wconf 76' lang='grc' dir='ltr'>προσϐαλόντες</span> <span class='ocrx_word' id='word_1_273' title='bbox 1868 2033 1947 2100; x_wconf 76' lang='grc' dir='ltr'>τῷ</span> 
     </span>
    </p>
   </div>
   <div class='ocr_carea' id='block_1_37' title="bbox 304 2173 1953 2249">
    <p class='ocr_par' dir='ltr' id='par_1_37' title="bbox 304 2173 1953 2249">
     <span class='ocr_line' id='line_1_37' title="bbox 304 2173 1953 2249; baseline 0.001 -19"><span class='ocrx_word' id='word_1_274' title='bbox 304 2175 475 2230; x_wconf 92' lang='lat' dir='ltr'><strong>victis</strong></span> <span class='ocrx_word' id='word_1_275' title='bbox 506 2173 686 2230; x_wconf 89' lang='lat' dir='ltr'><strong>animi</strong></span> <span class='ocrx_word' id='word_1_276' title='bbox 722 2173 1006 2228; x_wconf 88' lang='lat' dir='ltr'><strong>rationem</strong></span> <span class='ocrx_word' id='word_1_277' title='bbox 1032 2173 1355 2229; x_wconf 86' lang='lat' dir='ltr'><strong>ineundam</strong></span> <span class='ocrx_word' id='word_1_278' title='bbox 1378 2176 1540 2229; x_wconf 90' lang='lat' dir='ltr'><strong>ratus</strong></span> <span class='ocrx_word' id='word_1_279' title='bbox 1568 2175 1813 2247; x_wconf 89' lang='lat' dir='ltr'><strong>despota</strong></span> <span class='ocrx_word' id='word_1_280' title='bbox 1833 2180 1953 2249; x_wconf 87' lang='lat' dir='ltr'><strong>teg-</strong></span> 
     </span>
    </p>
   </div>
   <div class='ocr_carea' id='block_1_38' title="bbox 311 2261 1949 2337">
    <p class='ocr_par' dir='ltr' id='par_1_38' title="bbox 311 2261 1949 2337">
     <span class='ocr_line' id='line_1_38' title="bbox 311 2261 1949 2337; baseline 0.001 -18"><span class='ocrx_word' id='word_1_281' title='bbox 311 2280 444 2319; x_wconf 88' lang='lat' dir='ltr'><strong>men</strong></span> <span class='ocrx_word' id='word_1_282' title='bbox 476 2262 682 2334; x_wconf 81' lang='lat' dir='ltr'><strong>capitis</strong></span> <span class='ocrx_word' id='word_1_283' title='bbox 707 2262 763 2315; x_wconf 84' lang='lat' dir='ltr'><strong>in</strong></span> <span class='ocrx_word' id='word_1_284' title='bbox 796 2266 1009 2316; x_wconf 91' lang='lat' dir='ltr'><strong>terram</strong></span> <span class='ocrx_word' id='word_1_285' title='bbox 1044 2262 1260 2331; x_wconf 87' lang='lat' dir='ltr'><strong>abjicit,</strong></span> <span class='ocrx_word' id='word_1_286' title='bbox 1298 2261 1529 2333; x_wconf 82' lang='lat' dir='ltr'><strong>pulvere</strong></span> <span class='ocrx_word' id='word_1_287' title='bbox 1560 2280 1619 2318; x_wconf 90' lang='lat' dir='ltr'><strong>se</strong></span> <span class='ocrx_word' id='word_1_288' title='bbox 1651 2266 1949 2337; x_wconf 78' lang='lat' dir='ltr'><strong>aspergit;</strong></span> 
     </span>
    </p>
   </div>
   <div class='ocr_carea' id='block_1_39' title="bbox 314 2350 1950 2424">
    <p class='ocr_par' dir='ltr' id='par_1_39' title="bbox 314 2350 1950 2424">
     <span class='ocr_line' id='line_1_39' title="bbox 314 2350 1950 2424; baseline 0.001 -15"><span class='ocrx_word' id='word_1_289' title='bbox 314 2357 373 2409; x_wconf 89' lang='lat' dir='ltr'><strong>et</strong></span> <span class='ocrx_word' id='word_1_290' title='bbox 404 2369 517 2424; x_wconf 90' lang='lat' dir='ltr'><strong>quo</strong></span> <span class='ocrx_word' id='word_1_291' title='bbox 548 2351 745 2406; x_wconf 90' lang='lat' dir='ltr'><strong>habitu</strong></span> <span class='ocrx_word' id='word_1_292' title='bbox 779 2350 1040 2405; x_wconf 91' lang='lat' dir='ltr'><strong>numinis</strong></span> <span class='ocrx_word' id='word_1_293' title='bbox 1072 2367 1240 2422; x_wconf 90' lang='lat' dir='ltr'><strong>opem</strong></span> <span class='ocrx_word' id='word_1_294' title='bbox 1272 2350 1700 2421; x_wconf 91' lang='lat' dir='ltr'><strong>imploravcrat,</strong></span> <span class='ocrx_word' id='word_1_295' title='bbox 1752 2354 1810 2409; x_wconf 91' lang='lat' dir='ltr'><strong>in</strong></span> <span class='ocrx_word' id='word_1_296' title='bbox 1862 2371 1950 2409; x_wconf 42' lang='lat' dir='ltr'><strong>eo.</strong></span> 
     </span>
    </p>
   </div>
   <div class='ocr_carea' id='block_1_40' title="bbox 314 2438 1953 2512">
    <p class='ocr_par' dir='ltr' id='par_1_40' title="bbox 314 2438 1953 2512">
     <span class='ocr_line' id='line_1_40' title="bbox 314 2438 1953 2512; baseline 0.001 -15"><span class='ocrx_word' id='word_1_297' title='bbox 314 2444 444 2498; x_wconf 91' lang='lat' dir='ltr'><strong>dem</strong></span> <span class='ocrx_word' id='word_1_298' title='bbox 462 2455 837 2512; x_wconf 82' lang='lat' dir='ltr'><strong>perseverans</strong></span> <span class='ocrx_word' id='word_1_299' title='bbox 854 2438 1361 2494; x_wconf 88' lang='lat' dir='ltr'><strong>vehementissime</strong></span> <span class='ocrx_word' id='word_1_300' title='bbox 1374 2456 1501 2494; x_wconf 91' lang='lat' dir='ltr'><strong>cum</strong></span> <span class='ocrx_word' id='word_1_301' title='bbox 1520 2442 1953 2499; x_wconf 85' lang='lat' dir='ltr'><strong>miserabilibus</strong></span> 
     </span>
    </p>
   </div>
   <div class='ocr_carea' id='block_1_41' title="bbox 315 2527 1950 2600">
    <p class='ocr_par' dir='ltr' id='par_1_41' title="bbox 315 2527 1950 2600">
     <span class='ocr_line' id='line_1_41' title="bbox 315 2527 1950 2600; baseline 0 -15"><span class='ocrx_word' id='word_1_302' title='bbox 315 2528 590 2599; x_wconf 87' lang='lat' dir='ltr'><strong>lacrymis</strong></span> <span class='ocrx_word' id='word_1_303' title='bbox 624 2527 837 2583; x_wconf 78' lang='lat' dir='ltr'><strong>milites</strong></span> <span class='ocrx_word' id='word_1_304' title='bbox 884 2529 1107 2595; x_wconf 88' lang='lat' dir='ltr'><strong>orabat,</strong></span> <span class='ocrx_word' id='word_1_305' title='bbox 1163 2528 1436 2583; x_wconf 89' lang='lat' dir='ltr'><strong>ultimum</strong></span> <span class='ocrx_word' id='word_1_306' title='bbox 1462 2528 1835 2600; x_wconf 84' lang='lat' dir='ltr'><strong>prohiberent</strong></span> <span class='ocrx_word' id='word_1_307' title='bbox 1879 2532 1950 2585; x_wconf 89' lang='lat' dir='ltr'><strong>ab</strong></span> 
     </span>
    </p>
   </div>
   <div class='ocr_carea' id='block_1_42' title="bbox 316 2616 1951 2690">
    <p class='ocr_par' dir='ltr' id='par_1_42' title="bbox 316 2616 1951 2690">
     <span class='ocr_line' id='line_1_42' title="bbox 316 2616 1951 2690; baseline 0 -17"><span class='ocrx_word' id='word_1_308' title='bbox 316 2618 563 2690; x_wconf 90' lang='lat' dir='ltr'><strong>imperio</strong></span> <span class='ocrx_word' id='word_1_309' title='bbox 594 2617 869 2683; x_wconf 83' lang='lat' dir='ltr'><strong>dedecus,</strong></span> <span class='ocrx_word' id='word_1_310' title='bbox 897 2618 1157 2687; x_wconf 82' lang='lat' dir='ltr'><strong>Augusta</strong></span> <span class='ocrx_word' id='word_1_311' title='bbox 1177 2616 1346 2687; x_wconf 89' lang='lat' dir='ltr'><strong>signa</strong></span> <span class='ocrx_word' id='word_1_312' title='bbox 1360 2634 1430 2671; x_wconf 92' lang='lat' dir='ltr'><strong>ne</strong></span> <span class='ocrx_word' id='word_1_313' title='bbox 1456 2617 1695 2688; x_wconf 85' lang='lat' dir='ltr'><strong>impune</strong></span> <span class='ocrx_word' id='word_1_314' title='bbox 1718 2618 1951 2689; x_wconf 89' lang='lat' dir='ltr'><strong>abduci,</strong></span> 
     </span>
    </p>
   </div>
   <div class='ocr_carea' id='block_1_43' title="bbox 318 2705 1954 2776">
    <p class='ocr_par' dir='ltr' id='par_1_43' title="bbox 318 2705 1954 2776">
     <span class='ocr_line' id='line_1_43' title="bbox 318 2705 1954 2776; baseline -0.001 -12"><span class='ocrx_word' id='word_1_315' title='bbox 318 2724 392 2764; x_wconf 87' lang='lat' dir='ltr'><strong>ne</strong></span> <span class='ocrx_word' id='word_1_316' title='bbox 422 2705 767 2776; x_wconf 88' lang='lat' dir='ltr'><strong>triumphari</strong></span> <span class='ocrx_word' id='word_1_317' title='bbox 803 2706 873 2760; x_wconf 91' lang='lat' dir='ltr'><strong>ab</strong></span> <span class='ocrx_word' id='word_1_318' title='bbox 907 2705 1174 2760; x_wconf 88' lang='lat' dir='ltr'><strong>hostibus</strong></span> <span class='ocrx_word' id='word_1_319' title='bbox 1224 2707 1504 2760; x_wconf 85' lang='lat' dir='ltr'><strong>sinerent.</strong></span> <span class='ocrx_word' id='word_1_320' title='bbox 1556 2706 1715 2760; x_wconf 84' lang='lat' dir='ltr'><strong>Talia</strong></span> <span class='ocrx_word' id='word_1_321' title='bbox 1740 2708 1838 2761; x_wconf 92' lang='lat' dir='ltr'><strong>diu</strong></span> <span class='ocrx_word' id='word_1_322' title='bbox 1866 2707 1954 2762; x_wconf 89' lang='lat' dir='ltr'><strong>la-</strong></span> 
     </span>
    </p>
   </div>
   <div class='ocr_carea' id='block_1_44' title="bbox 322 2792 1954 2866">
    <p class='ocr_par' dir='ltr' id='par_1_44' title="bbox 322 2792 1954 2866">
     <span class='ocr_line' id='line_1_44' title="bbox 322 2792 1954 2866; baseline 0 -16"><span class='ocrx_word' id='word_1_323' title='bbox 322 2792 721 2850; x_wconf 88' lang='lat' dir='ltr'><strong>mentabiliter</strong></span> <span class='ocrx_word' id='word_1_324' title='bbox 749 2792 1133 2863; x_wconf 83' lang='lat' dir='ltr'><strong>ingeminans,</strong></span> <span class='ocrx_word' id='word_1_325' title='bbox 1176 2793 1647 2865; x_wconf 89' lang='lat' dir='ltr'><strong>demissioneque</strong></span> <span class='ocrx_word' id='word_1_326' title='bbox 1693 2811 1759 2849; x_wconf 88' lang='lat' dir='ltr'><strong>ac</strong></span> <span class='ocrx_word' id='word_1_327' title='bbox 1810 2812 1954 2866; x_wconf 82' lang='lat' dir='ltr'><strong>sup-</strong></span> 
     </span>
    </p>
   </div>
   <div class='ocr_carea' id='block_1_45' title="bbox 323 2880 1958 2954">
    <p class='ocr_par' dir='ltr' id='par_1_45' title="bbox 323 2880 1958 2954">
     <span class='ocr_line' id='line_1_45' title="bbox 323 2880 1958 2954; baseline 0.004 -20"><span class='ocrx_word' id='word_1_328' title='bbox 323 2881 463 2954; x_wconf 86' lang='lat' dir='ltr'><strong>plici</strong></span> <span class='ocrx_word' id='word_1_329' title='bbox 492 2884 656 2952; x_wconf 89' lang='lat' dir='ltr'><strong>gestu</strong></span> <span class='ocrx_word' id='word_1_330' title='bbox 689 2880 1011 2952; x_wconf 86' lang='lat' dir='ltr'><strong>obtutuque</strong></span> <span class='ocrx_word' id='word_1_331' title='bbox 1040 2897 1236 2937; x_wconf 90' lang='lat' dir='ltr'><strong>vocem</strong></span> <span class='ocrx_word' id='word_1_332' title='bbox 1270 2882 1690 2952; x_wconf 89' lang='lat' dir='ltr'><strong>adjuvans,uec</strong></span> <span class='ocrx_word' id='word_1_333' title='bbox 1712 2883 1958 2954; x_wconf 83' lang='lat' dir='ltr'><strong>segnius</strong></span> 
     </span>
    </p>
   </div>
   <div class='ocr_carea' id='block_1_46' title="bbox 322 2970 1950 3042">
    <p class='ocr_par' dir='ltr' id='par_1_46' title="bbox 322 2970 1950 3042">
     <span class='ocr_line' id='line_1_46' title="bbox 322 2970 1950 3042; baseline 0 -16"><span class='ocrx_word' id='word_1_334' title='bbox 322 2970 600 3026; x_wconf 91' lang='lat' dir='ltr'><strong>continuo</strong></span> <span class='ocrx_word' id='word_1_335' title='bbox 629 2970 983 3025; x_wconf 81' lang='lat' dir='ltr'><strong>submittens</strong></span> <span class='ocrx_word' id='word_1_336' title='bbox 1036 2977 1295 3026; x_wconf 86' lang='lat' dir='ltr'><strong>recentes</strong></span> <span class='ocrx_word' id='word_1_337' title='bbox 1332 2970 1762 3036; x_wconf 85' lang='lat' dir='ltr'><strong>laborantibus,</strong></span> <span class='ocrx_word' id='word_1_338' title='bbox 1824 2988 1950 3042; x_wconf 78' lang='lat' dir='ltr'><strong>quas</strong></span> 
     </span>
    </p>
   </div>
   <div class='ocr_carea' id='block_1_47' title="bbox 2055 1848 3689 1925">
    <p class='ocr_par' dir='ltr' id='par_1_47' title="bbox 2055 1848 3689 1925">
     <span class='ocr_line' id='line_1_47' title="bbox 2055 1848 3689 1925; baseline 0.001 -22"><span class='ocrx_word' id='word_1_339' title='bbox 2055 1850 2413 1925; x_wconf 78' lang='grc' dir='ltr'>ἀπαμφιάσει,</span> <span class='ocrx_word' id='word_1_340' title='bbox 2463 1849 2565 1903; x_wconf 85' lang='grc' dir='ltr'><strong>κάκ</strong></span> <span class='ocrx_word' id='word_1_341' title='bbox 2616 1850 2787 1922; x_wconf 83' lang='grc' dir='ltr'>μόνης</span> <span class='ocrx_word' id='word_1_342' title='bbox 2843 1858 2942 1919; x_wconf 81' lang='grc' dir='ltr'>τῆς</span> <span class='ocrx_word' id='word_1_343' title='bbox 2997 1851 3116 1913; x_wconf 81' lang='grc' dir='ltr'><strong>θὲας</strong></span> <span class='ocrx_word' id='word_1_344' title='bbox 3163 1848 3317 1922; x_wconf 82' lang='grc' dir='ltr'>δόξας</span> <span class='ocrx_word' id='word_1_345' title='bbox 3348 1849 3583 1913; x_wconf 80' lang='grc' dir='ltr'>ἐλεεινὸς</span> <span class='ocrx_word' id='word_1_346' title='bbox 3609 1854 3689 1922; x_wconf 74' lang='grc' dir='ltr'>τῷ</span> 
     </span>
    </p>
   </div>
   <div class='ocr_carea' id='block_1_48' title="bbox 2054 1938 3004 2013">
    <p class='ocr_par' dir='ltr' id='par_1_48' title="bbox 2054 1938 3004 2013">
     <span class='ocr_line' id='line_1_48' title="bbox 2054 1938 3004 2013; baseline 0.002 -21"><span class='ocrx_word' id='word_1_347' title='bbox 2054 1938 2159 2011; x_wconf 87' lang='grc' dir='ltr'><strong>πρὸ</strong></span> <span class='ocrx_word' id='word_1_348' title='bbox 2188 1942 2283 1993; x_wconf 79' lang='grc' dir='ltr'>τοῦ</span> <span class='ocrx_word' id='word_1_349' title='bbox 2314 1938 2634 2012; x_wconf 81' lang='grc' dir='ltr'>ὠργισμὲνῳ</span> <span class='ocrx_word' id='word_1_350' title='bbox 2662 1939 2729 1993; x_wconf 81' lang='grc' dir='ltr'>τὰ</span> <span class='ocrx_word' id='word_1_351' title='bbox 2762 1940 3004 2013; x_wconf 73' lang='grc' dir='ltr'>μέγιστα.</span> 
     </span>
    </p>
   </div>
   <div class='ocr_carea' id='block_1_49' title="bbox 2056 2177 3692 2250">
    <p class='ocr_par' dir='ltr' id='par_1_49' title="bbox 2056 2177 3692 2250">
     <span class='ocr_line' id='line_1_49' title="bbox 2056 2177 3692 2250; baseline -0.002 -15"><span class='ocrx_word' id='word_1_352' title='bbox 2056 2178 2401 2250; x_wconf 88' lang='lat' dir='ltr'><strong>superstites</strong></span> <span class='ocrx_word' id='word_1_353' title='bbox 2433 2177 2585 2233; x_wconf 88' lang='lat' dir='ltr'><strong>intra</strong></span> <span class='ocrx_word' id='word_1_354' title='bbox 2617 2194 2786 2232; x_wconf 82' lang='lat' dir='ltr'><strong>naves</strong></span> <span class='ocrx_word' id='word_1_355' title='bbox 2818 2178 3034 2249; x_wconf 91' lang='lat' dir='ltr'><strong>quique</strong></span> <span class='ocrx_word' id='word_1_356' title='bbox 3073 2194 3211 2233; x_wconf 86' lang='lat' dir='ltr'><strong>suas</strong></span> <span class='ocrx_word' id='word_1_357' title='bbox 3268 2177 3530 2247; x_wconf 89' lang='lat' dir='ltr'><strong>diligenti</strong></span> <span class='ocrx_word' id='word_1_358' title='bbox 3587 2194 3692 2232; x_wconf 92' lang='lat' dir='ltr'><strong>cu-</strong></span> 
     </span>
    </p>
   </div>
   <div class='ocr_carea' id='block_1_50' title="bbox 2060 2265 3696 2337">
    <p class='ocr_par' dir='ltr' id='par_1_50' title="bbox 2060 2265 3696 2337">
     <span class='ocr_line' id='line_1_50' title="bbox 2060 2265 3696 2337; baseline -0.002 -13"><span class='ocrx_word' id='word_1_359' title='bbox 2060 2268 2252 2324; x_wconf 90' lang='lat' dir='ltr'><strong>stodia</strong></span> <span class='ocrx_word' id='word_1_360' title='bbox 2284 2266 2493 2321; x_wconf 87' lang='lat' dir='ltr'><strong>servati</strong></span> <span class='ocrx_word' id='word_1_361' title='bbox 2541 2266 2893 2337; x_wconf 89' lang='lat' dir='ltr'><strong>deductique</strong></span> <span class='ocrx_word' id='word_1_362' title='bbox 2939 2265 2997 2319; x_wconf 92' lang='lat' dir='ltr'><strong>in</strong></span> <span class='ocrx_word' id='word_1_363' title='bbox 3044 2266 3247 2321; x_wconf 89' lang='lat' dir='ltr'><strong>urbem</strong></span> <span class='ocrx_word' id='word_1_364' title='bbox 3299 2282 3406 2320; x_wconf 90' lang='lat' dir='ltr'><strong>sua</strong></span> <span class='ocrx_word' id='word_1_365' title='bbox 3458 2265 3696 2321; x_wconf 85' lang='lat' dir='ltr'><strong>miseria</strong></span> 
     </span>
    </p>
   </div>
   <div class='ocr_carea' id='block_1_51' title="bbox 2060 2353 3697 2427">
    <p class='ocr_par' dir='ltr' id='par_1_51' title="bbox 2060 2353 3697 2427">
     <span class='ocr_line' id='line_1_51' title="bbox 2060 2353 3697 2427; baseline -0.001 -18"><span class='ocrx_word' id='word_1_366' title='bbox 2060 2358 2289 2427; x_wconf 84' lang='lat' dir='ltr'><strong>gratum</strong></span> <span class='ocrx_word' id='word_1_367' title='bbox 2323 2353 2568 2408; x_wconf 86' lang='lat' dir='ltr'><strong>infensis</strong></span> <span class='ocrx_word' id='word_1_368' title='bbox 2601 2354 2999 2423; x_wconf 86' lang='lat' dir='ltr'><strong>spectaculum</strong></span> <span class='ocrx_word' id='word_1_369' title='bbox 3032 2353 3697 2424; x_wconf 88' lang='lat' dir='ltr'><strong>fuerunt,qualicunque</strong></span> 
     </span>
    </p>
   </div>
   <div class='ocr_carea' id='block_1_52' title="bbox 2062 2442 3695 2514">
    <p class='ocr_par' dir='ltr' id='par_1_52' title="bbox 2062 2442 3695 2514">
     <span class='ocr_line' id='line_1_52' title="bbox 2062 2442 3695 2514; baseline -0.002 -15"><span class='ocrx_word' id='word_1_370' title='bbox 2062 2443 2272 2499; x_wconf 82' lang='lat' dir='ltr'><strong>solatio</strong></span> <span class='ocrx_word' id='word_1_371' title='bbox 2304 2442 2684 2514; x_wconf 64' lang='lat' dir='ltr'><strong>praecedentis</strong></span> <span class='ocrx_word' id='word_1_372' title='bbox 2728 2442 2933 2497; x_wconf 91' lang='lat' dir='ltr'><strong>cladis.</strong></span> <span class='ocrx_word' id='word_1_373' title='bbox 2982 2445 3056 2497; x_wconf 87' lang='lat' dir='ltr'><strong>At</strong></span> <span class='ocrx_word' id='word_1_374' title='bbox 3102 2444 3345 2514; x_wconf 89' lang='lat' dir='ltr'><strong>despota</strong></span> <span class='ocrx_word' id='word_1_375' title='bbox 3388 2458 3521 2496; x_wconf 92' lang='lat' dir='ltr'><strong>cum</strong></span> <span class='ocrx_word' id='word_1_376' title='bbox 3573 2442 3695 2496; x_wconf 90' lang='lat' dir='ltr'><strong>suis</strong></span> 
     </span>
    </p>
   </div>
   <div class='ocr_carea' id='block_1_53' title="bbox 2060 2532 3694 2605">
    <p class='ocr_par' dir='ltr' id='par_1_53' title="bbox 2060 2532 3694 2605">
     <span class='ocr_line' id='line_1_53' title="bbox 2060 2532 3694 2605; baseline -0.001 -17"><span class='ocrx_word' id='word_1_377' title='bbox 2060 2532 2294 2605; x_wconf 87' lang='lat' dir='ltr'><strong>spoliati</strong></span> <span class='ocrx_word' id='word_1_378' title='bbox 2327 2532 2605 2587; x_wconf 91' lang='lat' dir='ltr'><strong>omnibus</strong></span> <span class='ocrx_word' id='word_1_379' title='bbox 2638 2548 2761 2601; x_wconf 66' lang='lat' dir='ltr'><strong>quas</strong></span> <span class='ocrx_word' id='word_1_380' title='bbox 2794 2532 3139 2598; x_wconf 87' lang='lat' dir='ltr'><strong>habuerant,</strong></span> <span class='ocrx_word' id='word_1_381' title='bbox 3168 2533 3238 2586; x_wconf 90' lang='lat' dir='ltr'><strong>ad</strong></span> <span class='ocrx_word' id='word_1_382' title='bbox 3273 2532 3694 2587; x_wconf 81' lang='lat' dir='ltr'><strong>Achridensem</strong></span> 
     </span>
    </p>
   </div>
   <div class='ocr_carea' id='block_1_54' title="bbox 2061 2620 3695 2691">
    <p class='ocr_par' dir='ltr' id='par_1_54' title="bbox 2061 2620 3695 2691">
     <span class='ocr_line' id='line_1_54' title="bbox 2061 2620 3695 2691; baseline -0.001 -15"><span class='ocrx_word' id='word_1_383' title='bbox 2061 2622 2395 2676; x_wconf 89' lang='lat' dir='ltr'><strong>Cerameam</strong></span> <span class='ocrx_word' id='word_1_384' title='bbox 2422 2625 2828 2691; x_wconf 83' lang='lat' dir='ltr'><strong>pervenerunt,</strong></span> <span class='ocrx_word' id='word_1_385' title='bbox 2864 2620 3177 2675; x_wconf 87' lang='lat' dir='ltr'><strong>miserabili</strong></span> <span class='ocrx_word' id='word_1_386' title='bbox 3206 2638 3446 2691; x_wconf 89' lang='lat' dir='ltr'><strong>prorsus</strong></span> <span class='ocrx_word' id='word_1_387' title='bbox 3496 2626 3553 2675; x_wconf 87' lang='lat' dir='ltr'><strong>et</strong></span> <span class='ocrx_word' id='word_1_388' title='bbox 3608 2621 3695 2675; x_wconf 89' lang='lat' dir='ltr'><strong>di-</strong></span> 
     </span>
    </p>
   </div>
   <div class='ocr_carea' id='block_1_55' title="bbox 2062 2707 3691 2779">
    <p class='ocr_par' dir='ltr' id='par_1_55' title="bbox 2062 2707 3691 2779">
     <span class='ocr_line' id='line_1_55' title="bbox 2062 2707 3691 2779; baseline 0.001 -17"><span class='ocrx_word' id='word_1_389' title='bbox 2062 2724 2177 2779; x_wconf 88' lang='lat' dir='ltr'><strong>gna</strong></span> <span class='ocrx_word' id='word_1_390' title='bbox 2208 2707 2478 2779; x_wconf 81' lang='lat' dir='ltr'><strong>lacrymis</strong></span> <span class='ocrx_word' id='word_1_391' title='bbox 2500 2708 2711 2778; x_wconf 89' lang='lat' dir='ltr'><strong>specie.</strong></span> <span class='ocrx_word' id='word_1_392' title='bbox 2745 2708 2845 2763; x_wconf 91' lang='lat' dir='ltr'><strong>Ille</strong></span> <span class='ocrx_word' id='word_1_393' title='bbox 2880 2709 3064 2763; x_wconf 92' lang='lat' dir='ltr'><strong>nudos</strong></span> <span class='ocrx_word' id='word_1_394' title='bbox 3094 2713 3151 2763; x_wconf 92' lang='lat' dir='ltr'><strong>et</strong></span> <span class='ocrx_word' id='word_1_395' title='bbox 3179 2708 3441 2763; x_wconf 90' lang='lat' dir='ltr'><strong>omnium</strong></span> <span class='ocrx_word' id='word_1_396' title='bbox 3472 2724 3691 2779; x_wconf 87' lang='lat' dir='ltr'><strong>egenos</strong></span> 
     </span>
    </p>
   </div>
   <div class='ocr_carea' id='block_1_56' title="bbox 2060 2796 3696 2868">
    <p class='ocr_par' dir='ltr' id='par_1_56' title="bbox 2060 2796 3696 2868">
     <span class='ocr_line' id='line_1_56' title="bbox 2060 2796 3696 2868; baseline 0 -17"><span class='ocrx_word' id='word_1_397' title='bbox 2060 2796 2293 2851; x_wconf 87' lang='lat' dir='ltr'><strong>vestivit</strong></span> <span class='ocrx_word' id='word_1_398' title='bbox 2323 2796 2728 2865; x_wconf 78' lang='lat' dir='ltr'><strong>recreavitqne,</strong></span> <span class='ocrx_word' id='word_1_399' title='bbox 2759 2800 3043 2865; x_wconf 90' lang='lat' dir='ltr'><strong>quantum</strong></span> <span class='ocrx_word' id='word_1_400' title='bbox 3078 2812 3180 2867; x_wconf 88' lang='lat' dir='ltr'><strong>pro</strong></span> <span class='ocrx_word' id='word_1_401' title='bbox 3212 2797 3483 2867; x_wconf 71' lang='lat' dir='ltr'><strong>praesenti</strong></span> <span class='ocrx_word' id='word_1_402' title='bbox 3528 2799 3696 2868; x_wconf 91' lang='lat' dir='ltr'><strong>copia</strong></span> 
     </span>
    </p>
   </div>
   <div class='ocr_carea' id='block_1_57' title="bbox 2062 2884 3695 2956">
    <p class='ocr_par' dir='ltr' id='par_1_57' title="bbox 2062 2884 3695 2956">
     <span class='ocr_line' id='line_1_57' title="bbox 2062 2884 3695 2956; baseline 0.001 -16"><span class='ocrx_word' id='word_1_403' title='bbox 2062 2884 2493 2940; x_wconf 86' lang='lat' dir='ltr'><strong>humanissime</strong></span> <span class='ocrx_word' id='word_1_404' title='bbox 2532 2885 2740 2955; x_wconf 91' lang='lat' dir='ltr'><strong>potuit.</strong></span> <span class='ocrx_word' id='word_1_405' title='bbox 2772 2885 2916 2939; x_wconf 89' lang='lat' dir='ltr'><strong>Hinc</strong></span> <span class='ocrx_word' id='word_1_406' title='bbox 2955 2885 3081 2955; x_wconf 87' lang='lat' dir='ltr'><strong>jam</strong></span> <span class='ocrx_word' id='word_1_407' title='bbox 3128 2901 3305 2940; x_wconf 90' lang='lat' dir='ltr'><strong>sensu</strong></span> <span class='ocrx_word' id='word_1_408' title='bbox 3355 2885 3695 2956; x_wconf 89' lang='lat' dir='ltr'><strong>pudoreque</strong></span> 
     </span>
    </p>
   </div>
   <div class='ocr_carea' id='block_1_58' title="bbox 2062 2971 3697 3028">
    <p class='ocr_par' dir='ltr' id='par_1_58' title="bbox 2062 2971 3697 3028">
     <span class='ocr_line' id='line_1_58' title="bbox 2062 2971 3697 3028; baseline -0.001 0"><span class='ocrx_word' id='word_1_409' title='bbox 2062 2971 2401 3028; x_wconf 71' lang='lat' dir='ltr'><strong>offensionis</strong></span> <span class='ocrx_word' id='word_1_410' title='bbox 2432 2976 2609 3027; x_wconf 79' lang='lat' dir='ltr'><strong>tantae</strong></span> <span class='ocrx_word' id='word_1_411' title='bbox 2640 2989 2705 3027; x_wconf 89' lang='lat' dir='ltr'><strong>ac</strong></span> <span class='ocrx_word' id='word_1_412' title='bbox 2734 2976 2853 3027; x_wconf 90' lang='lat' dir='ltr'><strong>tam</strong></span> <span class='ocrx_word' id='word_1_413' title='bbox 2881 2972 3117 3027; x_wconf 80' lang='lat' dir='ltr'><strong>insolito</strong></span> <span class='ocrx_word' id='word_1_414' title='bbox 3149 2973 3265 3027; x_wconf 91' lang='lat' dir='ltr'><strong>ictu</strong></span> <span class='ocrx_word' id='word_1_415' title='bbox 3299 2974 3550 3028; x_wconf 69' lang='lat' dir='ltr'><strong>adversas</strong></span> <span class='ocrx_word' id='word_1_416' title='bbox 3583 2973 3697 3027; x_wconf 85' lang='lat' dir='ltr'><strong>for-</strong></span> 
     </span>
    </p>
   </div>
   <div class='ocr_carea' id='block_1_59' title="bbox 317 3038 3700 3131">
    <p class='ocr_par' dir='ltr' id='par_1_59' title="bbox 317 3038 3700 3131">
     <span class='ocr_line' id='line_1_59' title="bbox 317 3038 3700 3131; baseline -0 -16"><span class='ocrx_word' id='word_1_417' title='bbox 317 3063 643 3131; x_wconf 88' lang='lat' dir='ltr'><strong>opportuns</strong></span> <span class='ocrx_word' id='word_1_418' title='bbox 689 3059 1085 3127; x_wconf 88' lang='lat' dir='ltr'><strong>subvenirent,</strong></span> <span class='ocrx_word' id='word_1_419' title='bbox 1121 3058 1356 3113; x_wconf 86' lang='lat' dir='ltr'><strong>fortium</strong></span> <span class='ocrx_word' id='word_1_420' title='bbox 1407 3058 1665 3114; x_wconf 90' lang='lat' dir='ltr'><strong>virorum</strong></span> <span class='ocrx_word' id='word_1_421' title='bbox 1718 3038 1949 3129; x_wconf 76' lang='lat' dir='ltr'><strong>manus,</strong></span> <span class='ocrx_word' id='word_1_422' title='bbox 1981 3038 2025 3105; x_wconf 64' lang='grc' dir='ltr'><strong>(ἶ</strong></span> <span class='ocrx_word' id='word_1_423' title='bbox 2061 3066 2217 3116; x_wconf 71' lang='lat' dir='ltr'><strong>tunsa</strong></span> <span class='ocrx_word' id='word_1_424' title='bbox 2251 3062 2466 3115; x_wconf 90' lang='lat' dir='ltr'><strong>fractus</strong></span> <span class='ocrx_word' id='word_1_425' title='bbox 2498 3060 2695 3115; x_wconf 90' lang='lat' dir='ltr'><strong>animo</strong></span> <span class='ocrx_word' id='word_1_426' title='bbox 2736 3060 2975 3130; x_wconf 86' lang='lat' dir='ltr'><strong>despota</strong></span> <span class='ocrx_word' id='word_1_427' title='bbox 3024 3060 3275 3128; x_wconf 75' lang='lat' dir='ltr'><strong>insignia</strong></span> <span class='ocrx_word' id='word_1_428' title='bbox 3319 3062 3493 3116; x_wconf 86' lang='lat' dir='ltr'><strong>istius</strong></span> <span class='ocrx_word' id='word_1_429' title='bbox 3541 3060 3700 3115; x_wconf 91' lang='lat' dir='ltr'><strong>tituli</strong></span> 
     </span>
    </p>
   </div>
   <div class='ocr_carea' id='block_1_60' title="bbox 317 3147 1958 3219">
    <p class='ocr_par' dir='ltr' id='par_1_60' title="bbox 317 3147 1958 3219">
     <span class='ocr_line' id='line_1_60' title="bbox 317 3147 1958 3219; baseline -0.002 -15"><span class='ocrx_word' id='word_1_430' title='bbox 317 3149 476 3204; x_wconf 92' lang='lat' dir='ltr'><strong>unde</strong></span> <span class='ocrx_word' id='word_1_431' title='bbox 507 3164 787 3204; x_wconf 70' lang='lat' dir='ltr'><strong>caesorum</strong></span> <span class='ocrx_word' id='word_1_432' title='bbox 811 3148 1033 3203; x_wconf 89' lang='lat' dir='ltr'><strong>damna</strong></span> <span class='ocrx_word' id='word_1_433' title='bbox 1065 3147 1497 3219; x_wconf 86' lang='lat' dir='ltr'><strong>supplerentur,</strong></span> <span class='ocrx_word' id='word_1_434' title='bbox 1550 3148 1729 3203; x_wconf 92' lang='lat' dir='ltr'><strong>robur</strong></span> <span class='ocrx_word' id='word_1_435' title='bbox 1776 3149 1958 3203; x_wconf 86' lang='lat' dir='ltr'><strong>auda-</strong></span> 
     </span>
    </p>
   </div>
   <div class='ocr_carea' id='block_1_61' title="bbox 318 3235 1958 3308">
    <p class='ocr_par' dir='ltr' id='par_1_61' title="bbox 318 3235 1958 3308">
     <span class='ocr_line' id='line_1_61' title="bbox 318 3235 1958 3308; baseline -0.001 -15"><span class='ocrx_word' id='word_1_436' title='bbox 318 3238 589 3308; x_wconf 91' lang='lat' dir='ltr'><strong>ciamque</strong></span> <span class='ocrx_word' id='word_1_437' title='bbox 610 3236 1013 3308; x_wconf 86' lang='lat' dir='ltr'><strong>pugnantibus</strong></span> <span class='ocrx_word' id='word_1_438' title='bbox 1035 3236 1281 3291; x_wconf 86' lang='lat' dir='ltr'><strong>immisit</strong></span> <span class='ocrx_word' id='word_1_439' title='bbox 1307 3235 1689 3305; x_wconf 83' lang='lat' dir='ltr'><strong>sxcitavitque</strong></span> <span class='ocrx_word' id='word_1_440' title='bbox 1709 3237 1958 3304; x_wconf 90' lang='lat' dir='ltr'><strong>animos,</strong></span> 
     </span>
    </p>
   </div>
   <div class='ocr_carea' id='block_1_62' title="bbox 320 3325 1962 3397">
    <p class='ocr_par' dir='ltr' id='par_1_62' title="bbox 320 3325 1962 3397">
     <span class='ocr_line' id='line_1_62' title="bbox 320 3325 1962 3397; baseline -0.001 -15"><span class='ocrx_word' id='word_1_441' title='bbox 320 3327 527 3397; x_wconf 87' lang='lat' dir='ltr'><strong>utjam</strong></span> <span class='ocrx_word' id='word_1_442' title='bbox 558 3342 740 3397; x_wconf 92' lang='lat' dir='ltr'><strong>supra</strong></span> <span class='ocrx_word' id='word_1_443' title='bbox 784 3325 933 3380; x_wconf 91' lang='lat' dir='ltr'><strong>vires</strong></span> <span class='ocrx_word' id='word_1_444' title='bbox 983 3325 1442 3392; x_wconf 91' lang='lat' dir='ltr'><strong>conniterentur,</strong></span> <span class='ocrx_word' id='word_1_445' title='bbox 1494 3325 1962 3396; x_wconf 86' lang='lat' dir='ltr'><strong>projicerentque</strong></span> 
     </span>
    </p>
   </div>
   <div class='ocr_carea' id='block_1_63' title="bbox 321 3413 1962 3484">
    <p class='ocr_par' dir='ltr' id='par_1_63' title="bbox 321 3413 1962 3484">
     <span class='ocr_line' id='line_1_63' title="bbox 321 3413 1962 3484; baseline -0.002 -14"><span class='ocrx_word' id='word_1_446' title='bbox 321 3432 387 3471; x_wconf 87' lang='lat' dir='ltr'><strong>se</strong></span> <span class='ocrx_word' id='word_1_447' title='bbox 414 3414 474 3469; x_wconf 89' lang='lat' dir='ltr'><strong>in</strong></span> <span class='ocrx_word' id='word_1_448' title='bbox 504 3414 620 3470; x_wconf 89' lang='lat' dir='ltr'><strong>tela</strong></span> <span class='ocrx_word' id='word_1_449' title='bbox 651 3413 888 3470; x_wconf 90' lang='lat' dir='ltr'><strong>hostilia</strong></span> <span class='ocrx_word' id='word_1_450' title='bbox 919 3430 1066 3469; x_wconf 60' lang='lat' dir='ltr'><strong>caeco</strong></span> <span class='ocrx_word' id='word_1_451' title='bbox 1099 3414 1338 3483; x_wconf 90' lang='lat' dir='ltr'><strong>quidam</strong></span> <span class='ocrx_word' id='word_1_452' title='bbox 1376 3413 1811 3484; x_wconf 83' lang='lat' dir='ltr'><strong>impetu.Ardor</strong></span> <span class='ocrx_word' id='word_1_453' title='bbox 1838 3417 1962 3467; x_wconf 87' lang='lat' dir='ltr'><strong>erat</strong></span> 
     </span>
    </p>
   </div>
   <div class='ocr_carea' id='block_1_64' title="bbox 324 3500 1959 3574">
    <p class='ocr_par' dir='ltr' id='par_1_64' title="bbox 324 3500 1959 3574">
     <span class='ocr_line' id='line_1_64' title="bbox 324 3500 1959 3574; baseline -0.001 -17"><span class='ocrx_word' id='word_1_454' title='bbox 324 3502 390 3558; x_wconf 89' lang='lat' dir='ltr'><strong>in</strong></span> <span class='ocrx_word' id='word_1_455' title='bbox 415 3507 655 3559; x_wconf 88' lang='lat' dir='ltr'><strong>mortem</strong></span> <span class='ocrx_word' id='word_1_456' title='bbox 690 3502 1007 3568; x_wconf 86' lang='lat' dir='ltr'><strong>ruentium,</strong></span> <span class='ocrx_word' id='word_1_457' title='bbox 1043 3518 1215 3574; x_wconf 90' lang='lat' dir='ltr'><strong>quem</strong></span> <span class='ocrx_word' id='word_1_458' title='bbox 1249 3506 1551 3556; x_wconf 90' lang='lat' dir='ltr'><strong>amentum</strong></span> <span class='ocrx_word' id='word_1_459' title='bbox 1601 3518 1666 3557; x_wconf 91' lang='lat' dir='ltr'><strong>ac</strong></span> <span class='ocrx_word' id='word_1_460' title='bbox 1716 3500 1959 3557; x_wconf 87' lang='lat' dir='ltr'><strong>rationis</strong></span> 
     </span>
    </p>
   </div>
   <div class='ocr_carea' id='block_1_65' title="bbox 320 3589 1957 3665">
    <p class='ocr_par' dir='ltr' id='par_1_65' title="bbox 320 3589 1957 3665">
     <span class='ocr_line' id='line_1_65' title="bbox 320 3589 1957 3665; baseline -0.002 -18"><span class='ocrx_word' id='word_1_461' title='bbox 320 3593 600 3665; x_wconf 88' lang='lat' dir='ltr'><strong>impotem</strong></span> <span class='ocrx_word' id='word_1_462' title='bbox 634 3592 877 3647; x_wconf 88' lang='lat' dir='ltr'><strong>diceres.</strong></span> <span class='ocrx_word' id='word_1_463' title='bbox 907 3591 1020 3646; x_wconf 91' lang='lat' dir='ltr'><strong>Nec</strong></span> <span class='ocrx_word' id='word_1_464' title='bbox 1051 3590 1261 3646; x_wconf 90' lang='lat' dir='ltr'><strong>minori</strong></span> <span class='ocrx_word' id='word_1_465' title='bbox 1292 3606 1439 3661; x_wconf 91' lang='lat' dir='ltr'><strong>opus</strong></span> <span class='ocrx_word' id='word_1_466' title='bbox 1488 3594 1614 3645; x_wconf 89' lang='lat' dir='ltr'><strong>erat</strong></span> <span class='ocrx_word' id='word_1_467' title='bbox 1662 3589 1765 3645; x_wconf 91' lang='lat' dir='ltr'><strong>tali</strong></span> <span class='ocrx_word' id='word_1_468' title='bbox 1814 3589 1957 3645; x_wconf 90' lang='lat' dir='ltr'><strong>arti-</strong></span> 
     </span>
    </p>
   </div>
   <div class='ocr_carea' id='block_1_66' title="bbox 318 3678 1958 3753">
    <p class='ocr_par' dir='ltr' id='par_1_66' title="bbox 318 3678 1958 3753">
     <span class='ocr_line' id='line_1_66' title="bbox 318 3678 1958 3753; baseline -0.003 -16"><span class='ocrx_word' id='word_1_469' title='bbox 318 3680 455 3737; x_wconf 84' lang='lat' dir='ltr'><strong>culo</strong></span> <span class='ocrx_word' id='word_1_470' title='bbox 482 3681 921 3753; x_wconf 80' lang='lat' dir='ltr'><strong>despsratarum</strong></span> <span class='ocrx_word' id='word_1_471' title='bbox 974 3696 1189 3736; x_wconf 90' lang='lat' dir='ltr'><strong>rerum.</strong></span> <span class='ocrx_word' id='word_1_472' title='bbox 1243 3679 1335 3734; x_wconf 90' lang='lat' dir='ltr'><strong>Sic</strong></span> <span class='ocrx_word' id='word_1_473' title='bbox 1386 3694 1529 3750; x_wconf 90' lang='lat' dir='ltr'><strong>pene</strong></span> <span class='ocrx_word' id='word_1_474' title='bbox 1576 3678 1726 3734; x_wconf 76' lang='lat'><strong>335</strong></span> <span class='ocrx_word' id='word_1_475' title='bbox 1776 3678 1958 3733; x_wconf 89' lang='lat' dir='ltr'><strong>victo-</strong></span> 
     </span>
    </p>
   </div>
   <div class='ocr_carea' id='block_1_67' title="bbox 318 3767 1958 3841">
    <p class='ocr_par' dir='ltr' id='par_1_67' title="bbox 318 3767 1958 3841">
     <span class='ocr_line' id='line_1_67' title="bbox 318 3767 1958 3841; baseline -0.004 -15"><span class='ocrx_word' id='word_1_476' title='bbox 318 3786 414 3827; x_wconf 89' lang='lat' dir='ltr'><strong>res</strong></span> <span class='ocrx_word' id='word_1_477' title='bbox 442 3771 614 3841; x_wconf 89' lang='lat' dir='ltr'><strong>ajam</strong></span> <span class='ocrx_word' id='word_1_478' title='bbox 646 3768 931 3841; x_wconf 87' lang='lat' dir='ltr'><strong>perculsis</strong></span> <span class='ocrx_word' id='word_1_479' title='bbox 962 3769 1221 3839; x_wconf 90' lang='lat' dir='ltr'><strong>superati</strong></span> <span class='ocrx_word' id='word_1_480' title='bbox 1268 3767 1502 3822; x_wconf 87' lang='lat' dir='ltr'><strong>tandem</strong></span> <span class='ocrx_word' id='word_1_481' title='bbox 1550 3772 1706 3833; x_wconf 91' lang='lat' dir='ltr'><strong>sunt,</strong></span> <span class='ocrx_word' id='word_1_482' title='bbox 1746 3768 1958 3821; x_wconf 89' lang='lat' dir='ltr'><strong>sudore</strong></span> 
     </span>
    </p>
   </div>
   <div class='ocr_carea' id='block_1_68' title="bbox 320 3852 1963 3931">
    <p class='ocr_par' dir='ltr' id='par_1_68' title="bbox 320 3852 1963 3931">
     <span class='ocr_line' id='line_1_68' title="bbox 320 3852 1963 3931; baseline -0.002 -18"><span class='ocrx_word' id='word_1_483' title='bbox 320 3857 559 3931; x_wconf 89' lang='lat' dir='ltr'><strong>quidem</strong></span> <span class='ocrx_word' id='word_1_484' title='bbox 604 3857 791 3913; x_wconf 90' lang='lat' dir='ltr'><strong>multo</strong></span> <span class='ocrx_word' id='word_1_485' title='bbox 835 3872 1153 3927; x_wconf 89' lang='lat' dir='ltr'><strong>cruoreque</strong></span> <span class='ocrx_word' id='word_1_486' title='bbox 1200 3872 1212 3910; x_wconf 95' lang='lat'>:</span> <span class='ocrx_word' id='word_1_487' title='bbox 1267 3856 1364 3910; x_wconf 91' lang='lat' dir='ltr'><strong>sed</strong></span> <span class='ocrx_word' id='word_1_488' title='bbox 1424 3854 1572 3908; x_wconf 90' lang='lat' dir='ltr'><strong>tanti</strong></span> <span class='ocrx_word' id='word_1_489' title='bbox 1622 3855 1798 3908; x_wconf 92' lang='lat' dir='ltr'><strong>decus</strong></span> <span class='ocrx_word' id='word_1_490' title='bbox 1852 3852 1963 3909; x_wconf 89' lang='lat' dir='ltr'><strong>fuit</strong></span> 
     </span>
    </p>
   </div>
   <div class='ocr_carea' id='block_1_69' title="bbox 321 3942 1959 4014">
    <p class='ocr_par' dir='ltr' id='par_1_69' title="bbox 321 3942 1959 4014">
     <span class='ocr_line' id='line_1_69' title="bbox 321 3942 1959 4014; baseline -0.004 -11"><span class='ocrx_word' id='word_1_491' title='bbox 321 3962 614 4003; x_wconf 57' lang='lat' dir='ltr'><strong>conversas</strong></span> <span class='ocrx_word' id='word_1_492' title='bbox 644 3963 674 4001; x_wconf 90' lang='lat' dir='ltr'><strong>e</strong></span> <span class='ocrx_word' id='word_1_493' title='bbox 704 3945 1044 4001; x_wconf 90' lang='lat' dir='ltr'><strong>discrimine</strong></span> <span class='ocrx_word' id='word_1_494' title='bbox 1075 3943 1285 3999; x_wconf 89' lang='lat' dir='ltr'><strong>ultimo</strong></span> <span class='ocrx_word' id='word_1_495' title='bbox 1317 3942 1559 4014; x_wconf 69' lang='lat' dir='ltr'><strong>publica?</strong></span> <span class='ocrx_word' id='word_1_496' title='bbox 1614 3943 1858 3996; x_wconf 63' lang='lat' dir='ltr'><strong>fortuna:</strong></span> <span class='ocrx_word' id='word_1_497' title='bbox 1902 3942 1959 3997; x_wconf 88' lang='lat' dir='ltr'><strong>in</strong></span> 
     </span>
    </p>
   </div>
   <div class='ocr_carea' id='block_1_70' title="bbox 324 4034 1961 4105">
    <p class='ocr_par' dir='ltr' id='par_1_70' title="bbox 324 4034 1961 4105">
     <span class='ocr_line' id='line_1_70' title="bbox 324 4034 1961 4105; baseline -0.004 -11"><span class='ocrx_word' id='word_1_498' title='bbox 324 4053 665 4094; x_wconf 87' lang='lat' dir='ltr'><strong>successum</strong></span> <span class='ocrx_word' id='word_1_499' title='bbox 701 4042 1025 4105; x_wconf 90' lang='lat' dir='ltr'><strong>tantum,ut</strong></span> <span class='ocrx_word' id='word_1_500' title='bbox 1057 4036 1284 4091; x_wconf 89' lang='lat' dir='ltr'><strong>duabus</strong></span> <span class='ocrx_word' id='word_1_501' title='bbox 1317 4034 1575 4088; x_wconf 87' lang='lat' dir='ltr'><strong>tribusve</strong></span> <span class='ocrx_word' id='word_1_502' title='bbox 1607 4037 1961 4087; x_wconf 86' lang='lat' dir='ltr'><strong>tantummo-</strong></span> 
     </span>
    </p>
   </div>
   <div class='ocr_carea' id='block_1_71' title="bbox 323 4120 1960 4198">
    <p class='ocr_par' dir='ltr' id='par_1_71' title="bbox 323 4120 1960 4198">
     <span class='ocr_line' id='line_1_71' title="bbox 323 4120 1960 4198; baseline -0.005 -15"><span class='ocrx_word' id='word_1_503' title='bbox 323 4129 400 4183; x_wconf 91' lang='lat' dir='ltr'><strong>do</strong></span> <span class='ocrx_word' id='word_1_504' title='bbox 430 4127 646 4198; x_wconf 87' lang='lat' dir='ltr'><strong>elapsis</strong></span> <span class='ocrx_word' id='word_1_505' title='bbox 678 4126 918 4198; x_wconf 67' lang='lat' dir='ltr'><strong>reliquae</strong></span> <span class='ocrx_word' id='word_1_506' title='bbox 972 4140 1175 4180; x_wconf 90' lang='lat' dir='ltr'><strong>omnes</strong></span> <span class='ocrx_word' id='word_1_507' title='bbox 1223 4127 1565 4195; x_wconf 74' lang='lat' dir='ltr'><strong>expugnata:</strong></span> <span class='ocrx_word' id='word_1_508' title='bbox 1616 4120 1960 4175; x_wconf 87' lang='lat' dir='ltr'><strong>Latinorum</strong></span> 
     </span>
    </p>
   </div>
   <div class='ocr_carea' id='block_1_72' title="bbox 326 4211 1963 4286">
    <p class='ocr_par' dir='ltr' id='par_1_72' title="bbox 326 4211 1963 4286">
     <span class='ocr_line' id='line_1_72' title="bbox 326 4211 1963 4286; baseline -0.005 -13"><span class='ocrx_word' id='word_1_509' title='bbox 326 4232 507 4273; x_wconf 89' lang='lat' dir='ltr'><strong>naves</strong></span> <span class='ocrx_word' id='word_1_510' title='bbox 541 4232 573 4271; x_wconf 91' lang='lat' dir='ltr'><strong>a</strong></span> <span class='ocrx_word' id='word_1_511' title='bbox 603 4215 883 4270; x_wconf 84' lang='lat' dir='ltr'><strong>Romanis</strong></span> <span class='ocrx_word' id='word_1_512' title='bbox 915 4218 1282 4286; x_wconf 87' lang='lat' dir='ltr'><strong>caperentur,</strong></span> <span class='ocrx_word' id='word_1_513' title='bbox 1326 4211 1622 4283; x_wconf 88' lang='lat' dir='ltr'><strong>plerisque</strong></span> <span class='ocrx_word' id='word_1_514' title='bbox 1670 4218 1963 4265; x_wconf 80' lang='lat' dir='ltr'><strong>vectorum</strong></span> 
     </span>
    </p>
   </div>
   <div class='ocr_carea' id='block_1_73' title="bbox 323 4298 1964 4378">
    <p class='ocr_par' dir='ltr' id='par_1_73' title="bbox 323 4298 1964 4378">
     <span class='ocr_line' id='line_1_73' title="bbox 323 4298 1964 4378; baseline -0.006 -16"><span class='ocrx_word' id='word_1_515' title='bbox 323 4306 510 4378; x_wconf 88' lang='lat' dir='ltr'><strong>lapsis</strong></span> <span class='ocrx_word' id='word_1_516' title='bbox 538 4310 640 4361; x_wconf 88' lang='lat' dir='ltr'><strong>aut</strong></span> <span class='ocrx_word' id='word_1_517' title='bbox 670 4305 1020 4377; x_wconf 89' lang='lat' dir='ltr'><strong>projectisin</strong></span> <span class='ocrx_word' id='word_1_518' title='bbox 1069 4320 1249 4367; x_wconf 90' lang='lat' dir='ltr'><strong>mare,</strong></span> <span class='ocrx_word' id='word_1_519' title='bbox 1306 4302 1403 4357; x_wconf 92' lang='lat' dir='ltr'><strong>ubi</strong></span> <span class='ocrx_word' id='word_1_520' title='bbox 1466 4300 1747 4373; x_wconf 86' lang='lat' dir='ltr'><strong>gaudium</strong></span> <span class='ocrx_word' id='word_1_521' title='bbox 1794 4298 1964 4371; x_wconf 88' lang='lat' dir='ltr'><strong>epulo</strong></span> 
     </span>
    </p>
   </div>
   <div class='ocr_carea' id='block_1_74' title="bbox 2066 3148 3698 3221">
    <p class='ocr_par' dir='ltr' id='par_1_74' title="bbox 2066 3148 3698 3221">
     <span class='ocr_line' id='line_1_74' title="bbox 2066 3148 3698 3221; baseline -0.002 -16"><span class='ocrx_word' id='word_1_522' title='bbox 2066 3150 2279 3221; x_wconf 87' lang='lat' dir='ltr'><strong>abjecit</strong></span> <span class='ocrx_word' id='word_1_523' title='bbox 2308 3150 2615 3220; x_wconf 88' lang='lat' dir='ltr'><strong>indignum</strong></span> <span class='ocrx_word' id='word_1_524' title='bbox 2647 3148 2719 3203; x_wconf 92' lang='lat' dir='ltr'><strong>iis</strong></span> <span class='ocrx_word' id='word_1_525' title='bbox 2751 3164 2875 3204; x_wconf 89' lang='lat' dir='ltr'><strong>sese</strong></span> <span class='ocrx_word' id='word_1_526' title='bbox 2923 3153 3223 3219; x_wconf 84' lang='lat' dir='ltr'><strong>reputans,</strong></span> <span class='ocrx_word' id='word_1_527' title='bbox 3269 3150 3367 3220; x_wconf 89' lang='lat' dir='ltr'><strong>qui</strong></span> <span class='ocrx_word' id='word_1_528' title='bbox 3422 3150 3593 3204; x_wconf 91' lang='lat' dir='ltr'><strong>modo</strong></span> <span class='ocrx_word' id='word_1_529' title='bbox 3638 3149 3698 3202; x_wconf 91' lang='lat' dir='ltr'><strong>in</strong></span> 
     </span>
    </p>
   </div>
   <div class='ocr_carea' id='block_1_75' title="bbox 2064 3237 3702 3310">
    <p class='ocr_par' dir='ltr' id='par_1_75' title="bbox 2064 3237 3702 3310">
     <span class='ocr_line' id='line_1_75' title="bbox 2064 3237 3702 3310; baseline -0.002 -16"><span class='ocrx_word' id='word_1_530' title='bbox 2064 3244 2183 3294; x_wconf 88' lang='lat' dir='ltr'><strong>tam</strong></span> <span class='ocrx_word' id='word_1_531' title='bbox 2220 3240 2546 3310; x_wconf 92' lang='lat' dir='ltr'><strong>propinquo</strong></span> <span class='ocrx_word' id='word_1_532' title='bbox 2580 3237 2881 3293; x_wconf 88' lang='lat' dir='ltr'><strong>servitutis</strong></span> <span class='ocrx_word' id='word_1_533' title='bbox 2930 3237 3187 3308; x_wconf 91' lang='lat' dir='ltr'><strong>periculo</strong></span> <span class='ocrx_word' id='word_1_534' title='bbox 3218 3237 3446 3307; x_wconf 86' lang='lat' dir='ltr'><strong>fuisset,</strong></span> <span class='ocrx_word' id='word_1_535' title='bbox 3496 3254 3529 3292; x_wconf 92' lang='lat' dir='ltr'><strong>a</strong></span> <span class='ocrx_word' id='word_1_536' title='bbox 3586 3252 3702 3305; x_wconf 90' lang='lat' dir='ltr'><strong>qua</strong></span> 
     </span>
    </p>
   </div>
   <div class='ocr_carea' id='block_1_76' title="bbox 2067 3324 3703 3397">
    <p class='ocr_par' dir='ltr' id='par_1_76' title="bbox 2067 3324 3703 3397">
     <span class='ocr_line' id='line_1_76' title="bbox 2067 3324 3703 3397; baseline -0.002 -15"><span class='ocrx_word' id='word_1_537' title='bbox 2067 3344 2180 3382; x_wconf 87' lang='lat' dir='ltr'><strong>non</strong></span> <span class='ocrx_word' id='word_1_538' title='bbox 2215 3344 2334 3382; x_wconf 67' lang='lat' dir='ltr'><strong>suae</strong></span> <span class='ocrx_word' id='word_1_539' title='bbox 2366 3327 2530 3382; x_wconf 91' lang='lat' dir='ltr'><strong>illum</strong></span> <span class='ocrx_word' id='word_1_540' title='bbox 2564 3342 2703 3397; x_wconf 90' lang='lat' dir='ltr'><strong>opes</strong></span> <span class='ocrx_word' id='word_1_541' title='bbox 2733 3330 2835 3381; x_wconf 90' lang='lat' dir='ltr'><strong>aut</strong></span> <span class='ocrx_word' id='word_1_542' title='bbox 2881 3325 3197 3393; x_wconf 90' lang='lat' dir='ltr'><strong>virtus,sed</strong></span> <span class='ocrx_word' id='word_1_543' title='bbox 3244 3341 3416 3380; x_wconf 90' lang='lat' dir='ltr'><strong>casus</strong></span> <span class='ocrx_word' id='word_1_544' title='bbox 3462 3328 3520 3379; x_wconf 89' lang='lat' dir='ltr'><strong>et</strong></span> <span class='ocrx_word' id='word_1_545' title='bbox 3565 3324 3703 3395; x_wconf 89' lang='lat' dir='ltr'><strong>fuga</strong></span> 
     </span>
    </p>
   </div>
   <div class='ocr_carea' id='block_1_77' title="bbox 2066 3414 3705 3485">
    <p class='ocr_par' dir='ltr' id='par_1_77' title="bbox 2066 3414 3705 3485">
     <span class='ocr_line' id='line_1_77' title="bbox 2066 3414 3705 3485; baseline -0.002 -15"><span class='ocrx_word' id='word_1_546' title='bbox 2066 3417 2434 3471; x_wconf 89' lang='lat' dir='ltr'><strong>liberassent.</strong></span> <span class='ocrx_word' id='word_1_547' title='bbox 2464 3416 2671 3481; x_wconf 90' lang='lat' dir='ltr'><strong>Quare,</strong></span> <span class='ocrx_word' id='word_1_548' title='bbox 2705 3415 2777 3469; x_wconf 91' lang='lat' dir='ltr'><strong>iis</strong></span> <span class='ocrx_word' id='word_1_549' title='bbox 2810 3431 2935 3485; x_wconf 60' lang='lat' dir='ltr'><strong>quas</strong></span> <span class='ocrx_word' id='word_1_550' title='bbox 2969 3430 3254 3485; x_wconf 89' lang='lat' dir='ltr'><strong>usurpare</strong></span> <span class='ocrx_word' id='word_1_551' title='bbox 3281 3414 3443 3485; x_wconf 88' lang='lat' dir='ltr'><strong>prius</strong></span> <span class='ocrx_word' id='word_1_552' title='bbox 3467 3417 3590 3467; x_wconf 89' lang='lat' dir='ltr'><strong>erat</strong></span> <span class='ocrx_word' id='word_1_553' title='bbox 3621 3429 3705 3468; x_wconf 88' lang='lat' dir='ltr'><strong>so-</strong></span> 
     </span>
    </p>
   </div>
   <div class='ocr_carea' id='block_1_78' title="bbox 2063 3500 3707 3574">
    <p class='ocr_par' dir='ltr' id='par_1_78' title="bbox 2063 3500 3707 3574">
     <span class='ocr_line' id='line_1_78' title="bbox 2063 3500 3707 3574; baseline -0.003 -14"><span class='ocrx_word' id='word_1_554' title='bbox 2063 3504 2204 3560; x_wconf 91' lang='lat' dir='ltr'><strong>litus</strong></span> <span class='ocrx_word' id='word_1_555' title='bbox 2230 3504 2287 3558; x_wconf 91' lang='lat' dir='ltr'><strong>in</strong></span> <span class='ocrx_word' id='word_1_556' title='bbox 2322 3503 2532 3574; x_wconf 89' lang='lat' dir='ltr'><strong>capitis</strong></span> <span class='ocrx_word' id='word_1_557' title='bbox 2552 3503 2825 3574; x_wconf 87' lang='lat' dir='ltr'><strong>tegmine,</strong></span> <span class='ocrx_word' id='word_1_558' title='bbox 2860 3503 2918 3558; x_wconf 90' lang='lat' dir='ltr'><strong>in</strong></span> <span class='ocrx_word' id='word_1_559' title='bbox 2951 3500 3179 3570; x_wconf 88' lang='lat' dir='ltr'><strong>calceis,</strong></span> <span class='ocrx_word' id='word_1_560' title='bbox 3232 3501 3291 3557; x_wconf 89' lang='lat' dir='ltr'><strong>in</strong></span> <span class='ocrx_word' id='word_1_561' title='bbox 3343 3500 3599 3572; x_wconf 89' lang='lat' dir='ltr'><strong>phaleris</strong></span> <span class='ocrx_word' id='word_1_562' title='bbox 3649 3505 3707 3556; x_wconf 90' lang='lat' dir='ltr'><strong>et</strong></span> 
     </span>
    </p>
   </div>
   <div class='ocr_carea' id='block_1_79' title="bbox 2064 3589 3705 3663">
    <p class='ocr_par' dir='ltr' id='par_1_79' title="bbox 2064 3589 3705 3663">
     <span class='ocr_line' id='line_1_79' title="bbox 2064 3589 3705 3663; baseline -0.002 -15"><span class='ocrx_word' id='word_1_563' title='bbox 2064 3593 2244 3649; x_wconf 90' lang='lat' dir='ltr'><strong>frenis</strong></span> <span class='ocrx_word' id='word_1_564' title='bbox 2276 3591 2671 3663; x_wconf 91' lang='lat' dir='ltr'><strong>equestribus,</strong></span> <span class='ocrx_word' id='word_1_565' title='bbox 2705 3592 2763 3645; x_wconf 91' lang='lat' dir='ltr'><strong>in</strong></span> <span class='ocrx_word' id='word_1_566' title='bbox 2800 3592 2976 3645; x_wconf 91' lang='lat' dir='ltr'><strong>rubra</strong></span> <span class='ocrx_word' id='word_1_567' title='bbox 3005 3589 3705 3661; x_wconf 84' lang='lat' dir='ltr'><strong>subscriptione,symbo-</strong></span> 
     </span>
    </p>
   </div>
   <div class='ocr_carea' id='block_1_80' title="bbox 2062 3678 3703 3752">
    <p class='ocr_par' dir='ltr' id='par_1_80' title="bbox 2062 3678 3703 3752">
     <span class='ocr_line' id='line_1_80' title="bbox 2062 3678 3703 3752; baseline -0.002 -16"><span class='ocrx_word' id='word_1_568' title='bbox 2062 3682 2117 3736; x_wconf 91' lang='lat' dir='ltr'><strong>la</strong></span> <span class='ocrx_word' id='word_1_569' title='bbox 2148 3681 2459 3752; x_wconf 79' lang='lat' dir='ltr'><strong>despoticas</strong></span> <span class='ocrx_word' id='word_1_570' title='bbox 2521 3679 2845 3750; x_wconf 89' lang='lat' dir='ltr'><strong>potestatis,</strong></span> <span class='ocrx_word' id='word_1_571' title='bbox 2904 3680 3179 3749; x_wconf 88' lang='lat' dir='ltr'><strong>deinceps</strong></span> <span class='ocrx_word' id='word_1_572' title='bbox 3236 3678 3560 3748; x_wconf 89' lang='lat' dir='ltr'><strong>abstinens,</strong></span> <span class='ocrx_word' id='word_1_573' title='bbox 3619 3680 3703 3733; x_wconf 92' lang='lat' dir='ltr'><strong>sic</strong></span> 
     </span>
    </p>
   </div>
   <div class='ocr_carea' id='block_1_81' title="bbox 2064 3766 3702 3842">
    <p class='ocr_par' dir='ltr' id='par_1_81' title="bbox 2064 3766 3702 3842">
     <span class='ocr_line' id='line_1_81' title="bbox 2064 3766 3702 3842; baseline -0.002 -17"><span class='ocrx_word' id='word_1_574' title='bbox 2064 3768 2402 3842; x_wconf 86' lang='lat' dir='ltr'><strong>imperatori</strong></span> <span class='ocrx_word' id='word_1_575' title='bbox 2439 3784 2501 3823; x_wconf 92' lang='lat' dir='ltr'><strong>se</strong></span> <span class='ocrx_word' id='word_1_576' title='bbox 2531 3768 2709 3835; x_wconf 90' lang='lat' dir='ltr'><strong>sistit,</strong></span> <span class='ocrx_word' id='word_1_577' title='bbox 2741 3767 2893 3821; x_wconf 91' lang='lat' dir='ltr'><strong>haud</strong></span> <span class='ocrx_word' id='word_1_578' title='bbox 2930 3767 3049 3821; x_wconf 91' lang='lat' dir='ltr'><strong>scio</strong></span> <span class='ocrx_word' id='word_1_579' title='bbox 3072 3784 3142 3820; x_wconf 87' lang='lat' dir='ltr'><strong>an</strong></span> <span class='ocrx_word' id='word_1_580' title='bbox 3189 3766 3375 3837; x_wconf 87' lang='lat' dir='ltr'><strong>magis</strong></span> <span class='ocrx_word' id='word_1_581' title='bbox 3432 3767 3702 3821; x_wconf 88' lang='lat' dir='ltr'><strong>testando</strong></span> 
     </span>
    </p>
   </div>
   <div class='ocr_carea' id='block_1_82' title="bbox 2065 3853 3701 3931">
    <p class='ocr_par' dir='ltr' id='par_1_82' title="bbox 2065 3853 3701 3931">
     <span class='ocr_line' id='line_1_82' title="bbox 2065 3853 3701 3931; baseline -0.004 -18"><span class='ocrx_word' id='word_1_582' title='bbox 2065 3858 2298 3931; x_wconf 91' lang='lat' dir='ltr'><strong>proprio</strong></span> <span class='ocrx_word' id='word_1_583' title='bbox 2323 3856 2529 3919; x_wconf 90' lang='lat' dir='ltr'><strong>dolori,</strong></span> <span class='ocrx_word' id='word_1_584' title='bbox 2561 3873 2631 3910; x_wconf 92' lang='lat' dir='ltr'><strong>an</strong></span> <span class='ocrx_word' id='word_1_585' title='bbox 2684 3856 2781 3909; x_wconf 73' lang='lat' dir='ltr'><strong>iraa</strong></span> <span class='ocrx_word' id='word_1_586' title='bbox 2836 3854 2997 3909; x_wconf 91' lang='lat' dir='ltr'><strong>illius</strong></span> <span class='ocrx_word' id='word_1_587' title='bbox 3054 3853 3419 3909; x_wconf 70' lang='lat' dir='ltr'><strong>deliniendaa.</strong></span> <span class='ocrx_word' id='word_1_588' title='bbox 3470 3854 3539 3907; x_wconf 92' lang='lat' dir='ltr'><strong>Et</strong></span> <span class='ocrx_word' id='word_1_589' title='bbox 3594 3854 3701 3907; x_wconf 93' lang='lat' dir='ltr'><strong>hoc</strong></span> 
     </span>
    </p>
   </div>
   <div class='ocr_carea' id='block_1_83' title="bbox 2066 3941 3698 4017">
    <p class='ocr_par' dir='ltr' id='par_1_83' title="bbox 2066 3941 3698 4017">
     <span class='ocr_line' id='line_1_83' title="bbox 2066 3941 3698 4017; baseline -0.004 -16"><span class='ocrx_word' id='word_1_590' title='bbox 2066 3946 2302 4017; x_wconf 90' lang='lat' dir='ltr'><strong>quidem</strong></span> <span class='ocrx_word' id='word_1_591' title='bbox 2336 3945 2448 4016; x_wconf 89' lang='lat' dir='ltr'><strong>ipsi</strong></span> <span class='ocrx_word' id='word_1_592' title='bbox 2494 3960 2561 3998; x_wconf 85' lang='lat' dir='ltr'><strong>ex</strong></span> <span class='ocrx_word' id='word_1_593' title='bbox 2592 3948 2720 3998; x_wconf 84' lang='lat' dir='ltr'><strong>voto</strong></span> <span class='ocrx_word' id='word_1_594' title='bbox 2768 3942 3034 4013; x_wconf 87' lang='lat' dir='ltr'><strong>contigit.</strong></span> <span class='ocrx_word' id='word_1_595' title='bbox 3095 3941 3315 3996; x_wconf 87' lang='lat' dir='ltr'><strong>Vidsns</strong></span> <span class='ocrx_word' id='word_1_596' title='bbox 3364 3941 3517 3996; x_wconf 89' lang='lat' dir='ltr'><strong>enim</strong></span> <span class='ocrx_word' id='word_1_597' title='bbox 3565 3957 3698 3996; x_wconf 91' lang='lat' dir='ltr'><strong>eum</strong></span> 
     </span>
    </p>
   </div>
   <div class='ocr_carea' id='block_1_84' title="bbox 2065 4029 3706 4103">
    <p class='ocr_par' dir='ltr' id='par_1_84' title="bbox 2065 4029 3706 4103">
     <span class='ocr_line' id='line_1_84' title="bbox 2065 4029 3706 4103; baseline -0.004 -13"><span class='ocrx_word' id='word_1_598' title='bbox 2065 4037 2365 4103; x_wconf 86' lang='lat' dir='ltr'><strong>Augustus</strong></span> <span class='ocrx_word' id='word_1_599' title='bbox 2398 4033 2455 4086; x_wconf 92' lang='lat' dir='ltr'><strong>in</strong></span> <span class='ocrx_word' id='word_1_600' title='bbox 2489 4032 2785 4086; x_wconf 83' lang='lat' dir='ltr'><strong>communi</strong></span> <span class='ocrx_word' id='word_1_601' title='bbox 2815 4032 3052 4097; x_wconf 89' lang='lat' dir='ltr'><strong>vestitu,</strong></span> <span class='ocrx_word' id='word_1_602' title='bbox 3102 4029 3442 4101; x_wconf 88' lang='lat' dir='ltr'><strong>privatoque</strong></span> <span class='ocrx_word' id='word_1_603' title='bbox 3473 4046 3540 4084; x_wconf 88' lang='lat' dir='ltr'><strong>ex</strong></span> <span class='ocrx_word' id='word_1_604' title='bbox 3572 4029 3706 4083; x_wconf 87' lang='lat' dir='ltr'><strong>lana</strong></span> 
     </span>
    </p>
   </div>
   <div class='ocr_carea' id='block_1_85' title="bbox 2070 4118 3704 4193">
    <p class='ocr_par' dir='ltr' id='par_1_85' title="bbox 2070 4118 3704 4193">
     <span class='ocr_line' id='line_1_85' title="bbox 2070 4118 3704 4193; baseline -0.003 -18"><span class='ocrx_word' id='word_1_605' title='bbox 2070 4122 2242 4193; x_wconf 91' lang='lat' dir='ltr'><strong>pileo,</strong></span> <span class='ocrx_word' id='word_1_606' title='bbox 2267 4120 2519 4175; x_wconf 90' lang='lat' dir='ltr'><strong>multum</strong></span> <span class='ocrx_word' id='word_1_607' title='bbox 2554 4120 2624 4174; x_wconf 91' lang='lat' dir='ltr'><strong>de</strong></span> <span class='ocrx_word' id='word_1_608' title='bbox 2656 4119 3078 4189; x_wconf 88' lang='lat' dir='ltr'><strong>indignatione,</strong></span> <span class='ocrx_word' id='word_1_609' title='bbox 3106 4134 3283 4189; x_wconf 89' lang='lat' dir='ltr'><strong>quam</strong></span> <span class='ocrx_word' id='word_1_610' title='bbox 3316 4118 3516 4172; x_wconf 89' lang='lat' dir='ltr'><strong>audita</strong></span> <span class='ocrx_word' id='word_1_611' title='bbox 3546 4133 3704 4172; x_wconf 87' lang='lat' dir='ltr'><strong>exer-</strong></span> 
     </span>
    </p>
   </div>
   <div class='ocr_carea' id='block_1_86' title="bbox 2072 4209 3707 4281">
    <p class='ocr_par' dir='ltr' id='par_1_86' title="bbox 2072 4209 3707 4281">
     <span class='ocr_line' id='line_1_86' title="bbox 2072 4209 3707 4281; baseline -0.002 -16"><span class='ocrx_word' id='word_1_612' title='bbox 2072 4212 2224 4266; x_wconf 92' lang='lat' dir='ltr'><strong>citus</strong></span> <span class='ocrx_word' id='word_1_613' title='bbox 2253 4210 2447 4265; x_wconf 88' lang='lat' dir='ltr'><strong>clades</strong></span> <span class='ocrx_word' id='word_1_614' title='bbox 2479 4211 2536 4265; x_wconf 91' lang='lat' dir='ltr'><strong>in</strong></span> <span class='ocrx_word' id='word_1_615' title='bbox 2569 4213 2696 4281; x_wconf 85' lang='lat' dir='ltr'><strong>ejus</strong></span> <span class='ocrx_word' id='word_1_616' title='bbox 2729 4211 2881 4266; x_wconf 76' lang='lat'><strong>386</strong></span> <span class='ocrx_word' id='word_1_617' title='bbox 2917 4210 3114 4264; x_wconf 86' lang='lat' dir='ltr'><strong>animo</strong></span> <span class='ocrx_word' id='word_1_618' title='bbox 3173 4209 3522 4264; x_wconf 82' lang='lat' dir='ltr'><strong>excitaverat</strong></span> <span class='ocrx_word' id='word_1_619' title='bbox 3580 4224 3707 4262; x_wconf 90' lang='lat' dir='ltr'><strong>ma-</strong></span> 
     </span>
    </p>
   </div>
   <div class='ocr_carea' id='block_1_87' title="bbox 2074 4295 3709 4368">
    <p class='ocr_par' dir='ltr' id='par_1_87' title="bbox 2074 4295 3709 4368">
     <span class='ocr_line' id='line_1_87' title="bbox 2074 4295 3709 4368; baseline -0.004 -12"><span class='ocrx_word' id='word_1_620' title='bbox 2074 4299 2316 4368; x_wconf 90' lang='lat' dir='ltr'><strong>ximam,</strong></span> <span class='ocrx_word' id='word_1_621' title='bbox 2346 4299 3000 4367; x_wconf 88' lang='lat' dir='ltr'><strong>remisit;commovente</strong></span> <span class='ocrx_word' id='word_1_622' title='bbox 3029 4297 3283 4353; x_wconf 84' lang='lat' dir='ltr'><strong>vicissim</strong></span> <span class='ocrx_word' id='word_1_623' title='bbox 3334 4296 3449 4352; x_wconf 89' lang='lat' dir='ltr'><strong>ista</strong></span> <span class='ocrx_word' id='word_1_624' title='bbox 3496 4295 3709 4350; x_wconf 89' lang='lat' dir='ltr'><strong>humili</strong></span> 
     </span>
    </p>
   </div>
   <div class='ocr_carea' id='block_1_88' title="bbox 328 4383 3711 4468">
    <p class='ocr_par' dir='ltr' id='par_1_88' title="bbox 328 4383 3711 4468">
     <span class='ocr_line' id='line_1_88' title="bbox 328 4383 3711 4468; baseline -0.004 -16"><span class='ocrx_word' id='word_1_625' title='bbox 328 4396 651 4468; x_wconf 87' lang='lat' dir='ltr'><strong>saginaque</strong></span> <span class='ocrx_word' id='word_1_626' title='bbox 674 4394 768 4450; x_wconf 93' lang='lat' dir='ltr'><strong>sui</strong></span> <span class='ocrx_word' id='word_1_627' title='bbox 799 4394 1123 4448; x_wconf 83' lang='lat' dir='ltr'><strong>maximum</strong></span> <span class='ocrx_word' id='word_1_628' title='bbox 1147 4391 1410 4462; x_wconf 89' lang='lat' dir='ltr'><strong>piscibus</strong></span> <span class='ocrx_word' id='word_1_629' title='bbox 1451 4390 1758 4459; x_wconf 90' lang='lat' dir='ltr'><strong>dederunt,</strong></span> <span class='ocrx_word' id='word_1_630' title='bbox 1783 4404 1972 4459; x_wconf 90' lang='lat' dir='ltr'><strong>quan-</strong></span> <span class='ocrx_word' id='word_1_631' title='bbox 2001 4390 2051 4454; x_wconf 84' lang='lat' dir='ltr'><strong>D</strong></span> <span class='ocrx_word' id='word_1_632' title='bbox 2081 4389 2274 4459; x_wconf 87' lang='lat' dir='ltr'><strong>specie</strong></span> <span class='ocrx_word' id='word_1_633' title='bbox 2302 4388 2759 4443; x_wconf 90' lang='lat' dir='ltr'><strong>misericordiam</strong></span> <span class='ocrx_word' id='word_1_634' title='bbox 2791 4388 2849 4441; x_wconf 92' lang='lat' dir='ltr'><strong>in</strong></span> <span class='ocrx_word' id='word_1_635' title='bbox 2895 4387 3093 4455; x_wconf 89' lang='lat' dir='ltr'><strong>fratre,</strong></span> <span class='ocrx_word' id='word_1_636' title='bbox 3135 4385 3243 4440; x_wconf 89' lang='lat' dir='ltr'><strong>viri</strong></span> <span class='ocrx_word' id='word_1_637' title='bbox 3294 4384 3467 4445; x_wconf 83' lang='lat' dir='ltr'><strong>tanti,</strong></span> <span class='ocrx_word' id='word_1_638' title='bbox 3515 4383 3711 4438; x_wconf 85' lang='lat' dir='ltr'><strong>subita</strong></span> 
     </span>
    </p>
   </div>
   <div class='ocr_carea' id='block_1_89' title="bbox 329 4473 3408 4550">
    <p class='ocr_par' dir='ltr' id='par_1_89' title="bbox 329 4473 3408 4550">
     <span class='ocr_line' id='line_1_89' title="bbox 329 4473 3408 4550; baseline -0.005 -9"><span class='ocrx_word' id='word_1_639' title='bbox 329 4490 460 4541; x_wconf 90' lang='lat' dir='ltr'><strong>tum</strong></span> <span class='ocrx_word' id='word_1_640' title='bbox 492 4483 714 4540; x_wconf 87' lang='lat' dir='ltr'><strong>scilicet</strong></span> <span class='ocrx_word' id='word_1_641' title='bbox 754 4481 1035 4538; x_wconf 90' lang='lat' dir='ltr'><strong>allaturos</strong></span> <span class='ocrx_word' id='word_1_642' title='bbox 1085 4496 1213 4536; x_wconf 86' lang='lat' dir='ltr'><strong>sese</strong></span> <span class='ocrx_word' id='word_1_643' title='bbox 1260 4479 1609 4550; x_wconf 85' lang='lat' dir='ltr'><strong>conjugibus</strong></span> <span class='ocrx_word' id='word_1_644' title='bbox 1668 4482 1724 4533; x_wconf 92' lang='lat' dir='ltr'><strong>et</strong></span> <span class='ocrx_word' id='word_1_645' title='bbox 1772 4477 1973 4532; x_wconf 91' lang='lat' dir='ltr'><strong>liberis</strong></span> <span class='ocrx_word' id='word_1_646' title='bbox 2084 4477 2458 4533; x_wconf 90' lang='lat' dir='ltr'><strong>conversione</strong></span> <span class='ocrx_word' id='word_1_647' title='bbox 2489 4476 2663 4532; x_wconf 90' lang='lat' dir='ltr'><strong>sortis</strong></span> <span class='ocrx_word' id='word_1_648' title='bbox 2694 4481 2750 4531; x_wconf 93' lang='lat' dir='ltr'><strong>et</strong></span> <span class='ocrx_word' id='word_1_649' title='bbox 2779 4479 2941 4530; x_wconf 89' lang='lat' dir='ltr'><strong>tanta</strong></span> <span class='ocrx_word' id='word_1_650' title='bbox 2966 4474 3150 4546; x_wconf 86' lang='lat' dir='ltr'><strong>gloria</strong></span> <span class='ocrx_word' id='word_1_651' title='bbox 3179 4473 3408 4543; x_wconf 86' lang='lat' dir='ltr'><strong>dejecti.</strong></span> 
     </span>
    </p>
   </div>
   <div class='ocr_carea' id='block_1_90' title="bbox 326 4565 1973 4645">
    <p class='ocr_par' dir='ltr' id='par_1_90' title="bbox 326 4565 1973 4645">
     <span class='ocr_line' id='line_1_90' title="bbox 326 4565 1973 4645; baseline -0.007 -15"><span class='ocrx_word' id='word_1_652' title='bbox 326 4572 678 4645; x_wconf 87' lang='lat' dir='ltr'><strong>triumphali</strong></span> <span class='ocrx_word' id='word_1_653' title='bbox 710 4572 953 4627; x_wconf 91' lang='lat' dir='ltr'><strong>domum</strong></span> <span class='ocrx_word' id='word_1_654' title='bbox 986 4569 1175 4625; x_wconf 90' lang='lat' dir='ltr'><strong>reditu</strong></span> <span class='ocrx_word' id='word_1_655' title='bbox 1208 4571 1603 4641; x_wconf 90' lang='lat' dir='ltr'><strong>speraverant.</strong></span> <span class='ocrx_word' id='word_1_656' title='bbox 1637 4565 1747 4621; x_wconf 90' lang='lat' dir='ltr'><strong>Alii</strong></span> <span class='ocrx_word' id='word_1_657' title='bbox 1782 4565 1973 4621; x_wconf 89' lang='lat' dir='ltr'><strong>Latini</strong></span> 
     </span>
    </p>
   </div>
   <div class='ocr_carea' id='block_1_91' title="bbox 1946 4714 2048 4807">
    <p class='ocr_par' dir='ltr' id='par_1_91' title="bbox 1946 4714 2048 4807">
     <span class='ocr_line' id='line_1_91' title="bbox 1946 4714 2048 4807; baseline 0 -58"><span class='ocrx_word' id='word_1_658' title='bbox 1946 4714 2048 4807; x_wconf 72' lang='grc' dir='ltr'><strong>Ε,</strong></span> 
     </span>
    </p>
   </div>
   <div class='ocr_carea' id='block_1_92' title="bbox 333 4855 1979 4937">
    <p class='ocr_par' dir='ltr' id='par_1_92' title="bbox 333 4855 1979 4937">
     <span class='ocr_line' id='line_1_92' title="bbox 333 4855 1979 4937; baseline -0.009 -12"><span class='ocrx_word' id='word_1_659' title='bbox 333 4871 400 4927; x_wconf 83' lang='grc' dir='ltr'><strong>α’.</strong></span> <span class='ocrx_word' id='word_1_660' title='bbox 459 4870 644 4929; x_wconf 87' lang='grc' dir='ltr'>Ὅπως</span> <span class='ocrx_word' id='word_1_661' title='bbox 731 4863 924 4937; x_wconf 77' lang='grc' dir='ltr'>μεταξὺ</span> <span class='ocrx_word' id='word_1_662' title='bbox 999 4859 1345 4937; x_wconf 33' lang='grc' dir='ltr'>λύπηςηικαὶ</span> <span class='ocrx_word' id='word_1_663' title='bbox 1388 4855 1623 4937; x_wconf 40' lang='grc' dir='ltr'>,ἡδονῆς</span> <span class='ocrx_word' id='word_1_664' title='bbox 1683 4855 1897 4932; x_wconf 75' lang='grc' dir='ltr'>ἐγένετο</span> <span class='ocrx_word' id='word_1_665' title='bbox 1951 4857 1979 4911; x_wconf 89' lang='grc' dir='ltr'>ὁ</span> 
     </span>
    </p>
   </div>
   <div class='ocr_carea' id='block_1_93' title="bbox 587 4927 1732 5015">
    <p class='ocr_par' dir='ltr' id='par_1_93' title="bbox 587 4927 1732 5015">
     <span class='ocr_line' id='line_1_93' title="bbox 587 4927 1732 5015; baseline -0.009 -21"><span class='ocrx_word' id='word_1_666' title='bbox 587 4927 799 5015; x_wconf 59' lang='lat' dir='ltr'><strong>upon:ti</strong></span> <span class='ocrx_word' id='word_1_667' title='bbox 834 4927 923 4991; x_wconf 73' lang='grc' dir='ltr'><strong>δίά</strong></span> <span class='ocrx_word' id='word_1_668' title='bbox 959 4935 1028 4988; x_wconf 81' lang='grc' dir='ltr'>τὰ</span> <span class='ocrx_word' id='word_1_669' title='bbox 1076 4927 1355 5005; x_wconf 77' lang='grc' dir='ltr'>συμϐάντα</span> <span class='ocrx_word' id='word_1_670' title='bbox 1386 4929 1437 4984; x_wconf 79' lang='grc' dir='ltr'>ἐν</span> <span class='ocrx_word' id='word_1_671' title='bbox 1466 4928 1534 5003; x_wconf 75' lang='grc' dir='ltr'>τῇ</span> <span class='ocrx_word' id='word_1_672' title='bbox 1566 4927 1732 4984; x_wconf 69' lang='grc' dir='ltr'>δύσειξ</span> 
     </span>
    </p>
   </div>
   <div class='ocr_carea' id='block_1_94' title="bbox 2085 4842 3714 4925">
    <p class='ocr_par' dir='ltr' id='par_1_94' title="bbox 2085 4842 3714 4925">
     <span class='ocr_line' id='line_1_94' title="bbox 2085 4842 3714 4925; baseline -0.006 -16"><span class='ocrx_word' id='word_1_673' title='bbox 2085 4876 2216 4925; x_wconf 86' lang='grc' dir='ltr'>των,</span> <span class='ocrx_word' id='word_1_674' title='bbox 2273 4852 2363 4907; x_wconf 84' lang='grc' dir='ltr'><strong>καὶ</strong></span> <span class='ocrx_word' id='word_1_675' title='bbox 2416 4853 2511 4904; x_wconf 75' lang='grc' dir='ltr'><strong>τοῦ</strong></span> <span class='ocrx_word' id='word_1_676' title='bbox 2562 4846 2697 4903; x_wconf 81' lang='grc' dir='ltr'>κατὰ</span> <span class='ocrx_word' id='word_1_677' title='bbox 2750 4852 2850 4923; x_wconf 82' lang='grc' dir='ltr'><strong>γῆν</strong></span> <span class='ocrx_word' id='word_1_678' title='bbox 2906 4842 3223 4922; x_wconf 79' lang='grc' dir='ltr'>σφάλματος</span> <span class='ocrx_word' id='word_1_679' title='bbox 3254 4844 3714 4913; x_wconf 80' lang='grc' dir='ltr'>ἀντισηκωθὲντος</span> 
     </span>
    </p>
   </div>
   <div class='ocr_carea' id='block_1_95' title="bbox 2086 4932 3715 5014">
    <p class='ocr_par' dir='ltr' id='par_1_95' title="bbox 2086 4932 3715 5014">
     <span class='ocr_line' id='line_1_95' title="bbox 2086 4932 3715 5014; baseline -0.008 -16"><span class='ocrx_word' id='word_1_680' title='bbox 2086 4948 2164 5014; x_wconf 79' lang='grc' dir='ltr'>τῷ</span> <span class='ocrx_word' id='word_1_681' title='bbox 2220 4941 2356 4997; x_wconf 84' lang='grc' dir='ltr'><strong>κατά</strong></span> <span class='ocrx_word' id='word_1_682' title='bbox 2411 4937 2677 5002; x_wconf 79' lang='grc' dir='ltr'>θάλασσαν</span> <span class='ocrx_word' id='word_1_683' title='bbox 2734 4935 3094 5008; x_wconf 77' lang='grc' dir='ltr'>εότυχήματι,</span> <span class='ocrx_word' id='word_1_684' title='bbox 3158 4932 3336 5002; x_wconf 86' lang='grc' dir='ltr'>λύπης</span> <span class='ocrx_word' id='word_1_685' title='bbox 3386 4934 3412 4987; x_wconf 87' lang='lat'><strong>6</strong></span> <span class='ocrx_word' id='word_1_686' title='bbox 3462 4932 3715 5008; x_wconf 76' lang='grc' dir='ltr'>βασιλεὺς</span> 
     </span>
    </p>
   </div>
   <div class='ocr_carea' id='block_1_96' title="bbox 333 5018 3714 5121">
    <p class='ocr_par' dir='ltr' id='par_1_96' title="bbox 333 5018 3714 5121">
     <span class='ocr_line' id='line_1_96' title="bbox 333 5018 3714 5121; baseline -0.009 -18"><span class='ocrx_word' id='word_1_687' title='bbox 333 5054 420 5121; x_wconf 82' lang='grc' dir='ltr'><strong>[Ρ.</strong></span> <span class='ocrx_word' id='word_1_688' title='bbox 449 5050 578 5121; x_wconf 88' lang='grc'><strong>230]</strong></span> <span class='ocrx_word' id='word_1_689' title='bbox 612 5044 771 5103; x_wconf 74' lang='grc' dir='ltr'>Οὕτω</span> <span class='ocrx_word' id='word_1_690' title='bbox 833 5044 925 5117; x_wconf 71' lang='grc' dir='ltr'>μὲν</span> <span class='ocrx_word' id='word_1_691' title='bbox 985 5038 1074 5096; x_wconf 76' lang='grc' dir='ltr'>οὖν</span> <span class='ocrx_word' id='word_1_692' title='bbox 1131 5044 1239 5094; x_wconf 80' lang='grc' dir='ltr'>τῶν</span> <span class='ocrx_word' id='word_1_693' title='bbox 1297 5038 1432 5092; x_wconf 85' lang='grc' dir='ltr'><strong>κατά</strong></span> <span class='ocrx_word' id='word_1_694' title='bbox 1482 5034 1628 5091; x_wconf 88' lang='grc' dir='ltr'>δύσιν</span> <span class='ocrx_word' id='word_1_695' title='bbox 1675 5035 1978 5110; x_wconf 79' lang='grc' dir='ltr'>ξυμπεσόν-</span> <span class='ocrx_word' id='word_1_696' title='bbox 2093 5028 2285 5104; x_wconf 80' lang='grc' dir='ltr'>μεταξὺ</span> <span class='ocrx_word' id='word_1_697' title='bbox 2314 5028 2401 5082; x_wconf 89' lang='grc' dir='ltr'><strong>καὶ</strong></span> <span class='ocrx_word' id='word_1_698' title='bbox 2434 5024 2638 5095; x_wconf 80' lang='grc' dir='ltr'>ἡδονῆς</span> <span class='ocrx_word' id='word_1_699' title='bbox 2666 5024 2755 5093; x_wconf 77' lang='grc' dir='ltr'><strong>ἦν,</strong></span> <span class='ocrx_word' id='word_1_700' title='bbox 2796 5024 2984 5094; x_wconf 82' lang='grc' dir='ltr'>Ὃμῶς</span> <span class='ocrx_word' id='word_1_701' title='bbox 3029 5018 3085 5076; x_wconf 80' lang='grc' dir='ltr'>δὶ</span> <span class='ocrx_word' id='word_1_702' title='bbox 3129 5026 3244 5083; x_wconf 87' lang='grc' dir='ltr'>τοῖς</span> <span class='ocrx_word' id='word_1_703' title='bbox 3276 5020 3567 5096; x_wconf 86' lang='grc' dir='ltr'>λογισμοῖς</span> <span class='ocrx_word' id='word_1_704' title='bbox 3598 5020 3714 5074; x_wconf 75' lang='grc' dir='ltr'>ἐπι-</span> 
     </span>
    </p>
   </div>
   <div class='ocr_carea' id='block_1_97' title="bbox 1964 5167 2069 5261">
    <p class='ocr_par' dir='ltr' id='par_1_97' title="bbox 1964 5167 2069 5261">
     <span class='ocr_line' id='line_1_97' title="bbox 1964 5167 2069 5261; baseline -0.01 0"><span class='ocrx_word' id='word_1_705' title='bbox 1964 5167 2069 5261; x_wconf 90' lang='lat' dir='ltr'><strong>V.</strong></span> 
     </span>
    </p>
   </div>
   <div class='ocr_carea' id='block_1_98' title="bbox 342 5341 1981 5415">
    <p class='ocr_par' dir='ltr' id='par_1_98' title="bbox 342 5341 1981 5415">
     <span class='ocr_line' id='line_1_98' title="bbox 342 5341 1981 5415; baseline -0.013 -1"><span class='ocrx_word' id='word_1_706' title='bbox 342 5363 395 5414; x_wconf 82' lang='grc'><strong>1.</strong></span> <span class='ocrx_word' id='word_1_707' title='bbox 432 5358 494 5415; x_wconf 81' lang='lat' dir='ltr'><strong>Ut</strong></span> <span class='ocrx_word' id='word_1_708' title='bbox 522 5353 737 5410; x_wconf 70' lang='lat' dir='ltr'><strong>medius</strong></span> <span class='ocrx_word' id='word_1_709' title='bbox 770 5351 923 5405; x_wconf 77' lang='lat' dir='ltr'><strong>inter</strong></span> <span class='ocrx_word' id='word_1_710' title='bbox 953 5359 1239 5415; x_wconf 65' lang='lat' dir='ltr'><strong>maerorem</strong></span> <span class='ocrx_word' id='word_1_711' title='bbox 1268 5350 1325 5415; x_wconf 20' lang='lat' dir='ltr'><strong>et,</strong></span> <span class='ocrx_word' id='word_1_712' title='bbox 1359 5341 1625 5413; x_wconf 83' lang='lat' dir='ltr'><strong>gaudium</strong></span> <span class='ocrx_word' id='word_1_713' title='bbox 1676 5343 1981 5411; x_wconf 80' lang='lat' dir='ltr'><strong>imperator</strong></span> 
     </span>
    </p>
   </div>
   <div class='ocr_carea' id='block_1_99' title="bbox 517 5414 1799 5499">
    <p class='ocr_par' dir='ltr' id='par_1_99' title="bbox 517 5414 1799 5499">
     <span class='ocr_line' id='line_1_99' title="bbox 517 5414 1799 5499; baseline -0.012 -17"><span class='ocrx_word' id='word_1_714' title='bbox 517 5424 689 5499; x_wconf 78' lang='lat' dir='ltr'><strong>fuerit</strong></span> <span class='ocrx_word' id='word_1_715' title='bbox 714 5423 780 5478; x_wconf 88' lang='lat' dir='ltr'><strong>ob</strong></span> <span class='ocrx_word' id='word_1_716' title='bbox 811 5438 881 5477; x_wconf 78' lang='lat' dir='ltr'><strong>ea.</strong></span> <span class='ocrx_word' id='word_1_717' title='bbox 923 5434 1039 5490; x_wconf 73' lang='lat' dir='ltr'><strong>quae</strong></span> <span class='ocrx_word' id='word_1_718' title='bbox 1075 5419 1135 5471; x_wconf 80' lang='lat' dir='ltr'><strong>in</strong></span> <span class='ocrx_word' id='word_1_719' title='bbox 1166 5414 1453 5470; x_wconf 80' lang='lat' dir='ltr'><strong>Occidente</strong></span> <span class='ocrx_word' id='word_1_720' title='bbox 1488 5422 1799 5479; x_wconf 79' lang='lat' dir='ltr'><strong>evenerant,</strong></span> 
     </span>
    </p>
   </div>
   <div class='ocr_carea' id='block_1_100' title="bbox 416 5518 1981 5592">
    <p class='ocr_par' dir='ltr' id='par_1_100' title="bbox 416 5518 1981 5592">
     <span class='ocr_line' id='line_1_100' title="bbox 416 5518 1981 5592; baseline -0.013 0"><span class='ocrx_word' id='word_1_721' title='bbox 416 5536 612 5592; x_wconf 82' lang='lat' dir='ltr'><strong>Rebus</strong></span> <span class='ocrx_word' id='word_1_722' title='bbox 646 5532 705 5587; x_wconf 90' lang='lat' dir='ltr'><strong>in</strong></span> <span class='ocrx_word' id='word_1_723' title='bbox 734 5529 889 5583; x_wconf 90' lang='lat' dir='ltr'><strong>hunc</strong></span> <span class='ocrx_word' id='word_1_724' title='bbox 917 5524 1158 5581; x_wconf 91' lang='lat' dir='ltr'><strong>modum</strong></span> <span class='ocrx_word' id='word_1_725' title='bbox 1212 5522 1272 5576; x_wconf 91' lang='lat' dir='ltr'><strong>in</strong></span> <span class='ocrx_word' id='word_1_726' title='bbox 1327 5520 1636 5577; x_wconf 90' lang='lat' dir='ltr'><strong>Occidente</strong></span> <span class='ocrx_word' id='word_1_727' title='bbox 1680 5518 1880 5590; x_wconf 87' lang='lat' dir='ltr'><strong>gestis,</strong></span> <span class='ocrx_word' id='word_1_728' title='bbox 1924 5520 1981 5571; x_wconf 90' lang='lat' dir='ltr'><strong>et</strong></span> 
     </span>
    </p>
   </div>
   <div class='ocr_carea' id='block_1_101' title="bbox 345 5608 1976 5684">
    <p class='ocr_par' dir='ltr' id='par_1_101' title="bbox 345 5608 1976 5684">
     <span class='ocr_line' id='line_1_101' title="bbox 345 5608 1976 5684; baseline -0.015 0"><span class='ocrx_word' id='word_1_729' title='bbox 345 5622 667 5684; x_wconf 72' lang='lat' dir='ltr'><strong>offensione</strong></span> <span class='ocrx_word' id='word_1_730' title='bbox 724 5616 983 5675; x_wconf 86' lang='lat' dir='ltr'><strong>terrestri</strong></span> <span class='ocrx_word' id='word_1_731' title='bbox 1010 5628 1283 5670; x_wconf 88' lang='lat' dir='ltr'><strong>successu</strong></span> <span class='ocrx_word' id='word_1_732' title='bbox 1346 5608 1539 5665; x_wconf 89' lang='lat' dir='ltr'><strong>navali</strong></span> <span class='ocrx_word' id='word_1_733' title='bbox 1581 5610 1976 5679; x_wconf 77' lang='lat' dir='ltr'><strong>compensate,</strong></span> 
     </span>
    </p>
   </div>
   <div class='ocr_carea' id='block_1_102' title="bbox 2092 5317 3721 5399">
    <p class='ocr_par' dir='ltr' id='par_1_102' title="bbox 2092 5317 3721 5399">
     <span class='ocr_line' id='line_1_102' title="bbox 2092 5317 3721 5399; baseline -0.009 -10"><span class='ocrx_word' id='word_1_734' title='bbox 2092 5350 2225 5390; x_wconf 90' lang='lat' dir='ltr'><strong>cum</strong></span> <span class='ocrx_word' id='word_1_735' title='bbox 2259 5330 2484 5387; x_wconf 89' lang='lat' dir='ltr'><strong>medius</strong></span> <span class='ocrx_word' id='word_1_736' title='bbox 2517 5325 3035 5399; x_wconf 89' lang='lat' dir='ltr'><strong>aliquandiuinter</strong></span> <span class='ocrx_word' id='word_1_737' title='bbox 3080 5322 3303 5375; x_wconf 90' lang='lat' dir='ltr'><strong>luctum</strong></span> <span class='ocrx_word' id='word_1_738' title='bbox 3362 5322 3417 5372; x_wconf 90' lang='lat' dir='ltr'><strong>et</strong></span> <span class='ocrx_word' id='word_1_739' title='bbox 3460 5317 3721 5374; x_wconf 67' lang='lat' dir='ltr'><strong>laetitiam</strong></span> 
     </span>
    </p>
   </div>
   <div class='ocr_carea' id='block_1_103' title="bbox 2088 5405 3717 5494">
    <p class='ocr_par' dir='ltr' id='par_1_103' title="bbox 2088 5405 3717 5494">
     <span class='ocr_line' id='line_1_103' title="bbox 2088 5405 3717 5494; baseline -0.009 -16"><span class='ocrx_word' id='word_1_740' title='bbox 2088 5422 2256 5494; x_wconf 87' lang='lat' dir='ltr'><strong>quasi</strong></span> <span class='ocrx_word' id='word_1_741' title='bbox 2292 5417 2660 5491; x_wconf 91' lang='lat' dir='ltr'><strong>pependisset</strong></span> <span class='ocrx_word' id='word_1_742' title='bbox 2692 5409 3265 5487; x_wconf 89' lang='lat' dir='ltr'><strong>imperator,tandem</strong></span> <span class='ocrx_word' id='word_1_743' title='bbox 3298 5405 3717 5463; x_wconf 69' lang='lat' dir='ltr'><strong>caeteraliberis</strong></span> 
     </span>
    </p>
   </div>
   <div class='ocr_carea' id='block_1_104' title="bbox 2086 5495 3715 5579">
    <p class='ocr_par' dir='ltr' id='par_1_104' title="bbox 2086 5495 3715 5579">
     <span class='ocr_line' id='line_1_104' title="bbox 2086 5495 3715 5579; baseline -0.012 -11"><span class='ocrx_word' id='word_1_744' title='bbox 2086 5511 2392 5568; x_wconf 83' lang='lat' dir='ltr'><strong>hominum</strong></span> <span class='ocrx_word' id='word_1_745' title='bbox 2418 5508 2662 5579; x_wconf 86' lang='lat' dir='ltr'><strong>judiciis</strong></span> <span class='ocrx_word' id='word_1_746' title='bbox 2684 5506 2988 5573; x_wconf 88' lang='lat' dir='ltr'><strong>utriusque</strong></span> <span class='ocrx_word' id='word_1_747' title='bbox 3020 5499 3153 5555; x_wconf 88' lang='lat' dir='ltr'><strong>facti</strong></span> <span class='ocrx_word' id='word_1_748' title='bbox 3183 5495 3562 5551; x_wconf 65' lang='lat' dir='ltr'><strong>aestimatione</strong></span> <span class='ocrx_word' id='word_1_749' title='bbox 3584 5511 3715 5565; x_wconf 91' lang='lat' dir='ltr'><strong>per-</strong></span> 
     </span>
    </p>
   </div>
   <div class='ocr_carea' id='block_1_105' title="bbox 2088 5584 3715 5668">
    <p class='ocr_par' dir='ltr' id='par_1_105' title="bbox 2088 5584 3715 5668">
     <span class='ocr_line' id='line_1_105' title="bbox 2088 5584 3715 5668; baseline -0.011 -11"><span class='ocrx_word' id='word_1_750' title='bbox 2088 5602 2293 5668; x_wconf 87' lang='lat' dir='ltr'><strong>missa,</strong></span> <span class='ocrx_word' id='word_1_751' title='bbox 2314 5596 2497 5668; x_wconf 89' lang='lat' dir='ltr'><strong>magis</strong></span> <span class='ocrx_word' id='word_1_752' title='bbox 2526 5596 2650 5667; x_wconf 84' lang='lat' dir='ltr'><strong>ipse</strong></span> <span class='ocrx_word' id='word_1_753' title='bbox 2670 5592 3013 5649; x_wconf 89' lang='lat' dir='ltr'><strong>incumbens</strong></span> <span class='ocrx_word' id='word_1_754' title='bbox 3031 5588 3089 5642; x_wconf 90' lang='lat' dir='ltr'><strong>in</strong></span> <span class='ocrx_word' id='word_1_755' title='bbox 3113 5584 3562 5657; x_wconf 87' lang='lat' dir='ltr'><strong>auspicatiorem</strong></span> <span class='ocrx_word' id='word_1_756' title='bbox 3583 5600 3715 5654; x_wconf 81' lang='lat' dir='ltr'><strong>par-</strong></span> 
     </span>
    </p>
   </div>
  </div>
