4162 6292
470 340 578 397 787

1768 343 2067 402 GEORGII
2104 341 2564 396 PACHYMERE

3758 343 3869 398 788

473 463 684 538 τρέπων
714 467 781 520 τὰ
808 465 1118 542 πράγματα,
1173 467 1235 523 τὸ
1297 470 1388 541 μὶν
1446 466 1774 542 δυστύχημα
1820 465 2104 521 κλαπεῖσιν
2137 468 2192 532 Α
2225 463 2357 516 εἶναι
2380 460 2692 526 δεσποτείας
2721 460 2896 537 ὄνομα
2943 463 3117 542 φέρειν
3167 464 3292 527 τοὺς
3322 461 3531 536 ἔξωθεν,
3566 467 3660 520 καὶ
3691 487 3869 541 προσ-

476 552 658 622 έτίθει,
703 555 766 608 τὸ
815 552 863 608 δ’
911 555 1201 630 εὐτύχημα
1248 561 1556 634 περιφανῶς
1609 554 1973 628 ἀριστεύσασι,
2021 553 2110 606 καὶ

476 641 538 695 τὸ
588 641 682 713 μὲν
728 641 937 716 χλεύην
999 646 1112 697 οἷον
1171 646 1357 718 ἡγεῖτο
1403 649 1499 698 τοῦ
1551 643 1857 698 ἀποστάτου
1888 640 2113 717 ἐργολα-

476 723 702 791 ϐοῦντος
730 729 798 784 τὰ
827 731 972 804 παρά
1003 727 1249 803 δύναμιν,
1295 732 1357 786 τὸ
1409 729 1464 786 δὲ
1509 731 1758 803 πολέμου
1788 731 2117 803 κατόρθωμα

475 817 564 872 καὶ
619 819 879 892 τρόπαιον
944 818 1214 895 ἄντικρυς.
1275 823 1433 884 ⁸Ὀθεν
1489 820 1580 875 καὶ
1636 821 1702 873 τὰ
1754 827 1854 886 τῆς
1913 816 2116 887 ⁵ἡδονῆς

478 905 646 974 ἐνίκα,
707 913 836 976 νῆας
894 907 1095 969 ἐκείνας
1151 909 1464 972 έννοοῦντος
1520 913 1628 963 τῶν
1687 906 1967 978 πολεμίων
2026 904 2117 959 καὶ

479 991 670 1068 όίνδρας
723 993 773 1048 ἐν
835 995 1021 1057 αὐταῖς
1078 995 1392 1067 πλείστους,
1452 997 1545 1058 τὰς
1610 997 1702 1068 μὲν
1760 994 2117 1068 καταχθείσας

476 1086 557 1152 τῷ
587 1084 820 1156 νεωρίῳ,
873 1082 1000 1146 τοὺς
1061 1082 1117 1138 δὲ
1171 1090 1290 1146 ταῖς
1339 1086 1574 1160 εἱρκταῖς
1610 1082 1922 1147 ἐκδοθέντας
1952 1080 2116 1151 σιδη-

481 1167 734 1243 ροδὲτους
789 1172 879 1226 καὶ
941 1173 1076 1246 μόνῃ
1136 1174 1228 1244 θέᾳ
1278 1176 1336 1227 τὸ
1411 1175 1526 1228 κατ’
1576 1174 1752 1228 αὐτῶν
1810 1169 2118 1230 δεικνύντας

479 1259 756 1332 τρόπαιον.
791 1259 1014 1315 Ἐλύπει
1059 1259 1116 1314 δέ
1167 1281 1229 1334 γε
1285 1261 1374 1314 τὸν
1439 1260 1668 1335 βασιλέα
1695 1261 1785 1315 καὶ
1817 1262 1844 1314 ὁ
1874 1264 1994 1320 ταῖς
2025 1280 2117 1313 κο-

482 1345 600 1398 πίσι
656 1346 961 1408 κατάκοπος
1013 1347 1335 1420 στρατηγὸς,
1393 1348 1468 1407 ὡς
1540 1345 1692 1421 ἐγγὺς
1761 1344 1935 1399 δοκεῖν
1990 1345 2118 1398 εἶναι

485 1429 573 1485 διὰ
601 1433 696 1495 τὰς
725 1431 942 1506 πληγὰς
972 1438 1068 1487 τοῦ
1127 1436 1357 1498 θανάτου
1382 1453 1394 1466 '
1456 1435 1592 1508 πρὸς
1632 1434 1731 1507 γὰρ
1781 1439 1898 1493 ταῖς
1925 1430 2118 1492 ἄλλαις

483 1520 573 1573 καὶ
609 1519 731 1591 μίαν
763 1520 862 1586 τήν
921 1520 1056 1575 κατᾶ
1109 1525 1312 1597 νεφρῶν
1368 1522 1485 1595 εἶχε
1524 1520 1735 1593 καιρίαν
1795 1519 2120 1574 ἀπειλοῦσαν

485 1607 734 1664 θάνατον.
792 1609 947 1664 ’Όθεν
998 1609 1088 1662 καὶ
1145 1609 1350 1682 ἰατροῖς
1405 1607 1758 1679 ἐπιμεληθεὶς
1808 1607 1897 1662 καὶ
1957 1605 2120 1678 μόλις

487 1697 623 1766 πρὸς
653 1697 714 1750 τὸ
746 1696 1105 1770 ὑγιεινότερον
1137 1695 1328 1758 κλίνας
1385 1698 1446 1751 τὸ
1503 1699 1623 1771 περὶ
1684 1696 1850 1750 αὐτοῦ
1882 1693 2122 1750 δεδοικέ-

488 1804 578 1839 ναι
605 1783 733 1846 τοὺς
768 1782 1015 1847 πολλοὺς
1070 1785 1352 1858 ἀφῃρεῖτο.
1408 1785 1558 1841 Ἐπεὶ
1619 1783 1676 1839 δὲ
1726 1785 1816 1839 καὶ
1866 1784 2120 1858 ἀγάλλειν

491 1867 600 1926 ἔδει
655 1876 844 1926 τοῦτον
901 1872 991 1926 τὸν
1053 1871 1276 1946 βασιλέα
1307 1874 1590 1927 ἀντίποινα
1643 1879 1750 1928 τῶν
1808 1870 1993 1927 δεινῶν
2045 1873 2117 1926 ὦν

487 1959 781 2034 ἐκαρτέρει,
833 1959 912 2032 τῷ
969 1965 1064 2014 τοῦ
1115 1959 1350 2034 μεγάλου
1408 1959 1598 2020 δουκὸς
1651 1965 1786 2032 τιμᾷ
1833 1961 2118 2031 ἀξιώματι.

485 2051 547 2104 ⁸0
608 2049 790 2118 μέντοι
848 2069 909 2122 γε
966 2046 1197 2124 ἀδελφὸς
1254 2054 1352 2102 τοῦ
1405 2052 1728 2122 κρατοῦντος
1779 2049 1806 2102 ὁ
1862 2049 2119 2116 Ἰωάννης

485 2138 584 2205 τὴν
614 2136 782 2191 αἰτίαν
815 2136 1132 2206 ἀπαιτηθείς
1181 2139 1307 2212 παρ’
1353 2139 1414 2206 ἣν
1470 2137 1558 2190 καὶ
1587 2139 1654 2190 τὰ
1675 2143 1775 2204 τῆς
1808 2133 2116 2195 δεσποτείας

483 2220 723 2280 ἀπέϐαλε
777 2220 1051 2298 σύμϐολα,
1100 2227 1188 2280 καὶ
1247 2227 1295 2298 γ’
1353 2226 1664 2297 ἀποκριθεὶς
1710 2225 1777 2278 τὰ
1832 2223 1885 2285 ἐς
1932 2223 2115 2297 χάριν,

480 2315 555 2375 ὡς
612 2313 740 2369 υίῶν
799 2313 1001 2368 ἐκείνου
1041 2311 1418 2387 ἀνδρωθέντων
1475 2311 1584 2384 ἤδη
1647 2315 1722 2385 μὴ
1791 2314 1850 2367 ἄν
1910 2311 2116 2367 δίκαιον

477 2527 1022 2598 tem,infortunium
1059 2529 1284 2584 furtiva;
1312 2527 1665 2600 grassationi
1708 2527 1992 2596 hostium,
2034 2527 2121 2583 vi-

479 2617 718 2674 ctoriam
749 2617 1122 2688 generositati
1146 2617 1387 2672 heroicae
1408 2619 1916 2682 suorum,cunctas
1947 2617 2120 2671 sortis

482 2705 824 2777 iniquitates
855 2705 1194 2760 fortitudine
1227 2705 1528 2775 splendide
1561 2705 1902 2776 praevalente
1926 2703 2119 2776 palam

482 2794 537 2850 vi
571 2798 766 2865 aperta
798 2794 1322 2865 perrumpentium,
1357 2810 1584 2865 aequum
1628 2793 1900 2848 censebat
1930 2793 2119 2864 impu-

484 2881 978 2954 tari.Atqueillud
1013 2883 1248 2953 quidem
1292 2881 1585 2937 contemni
1635 2883 1842 2936 debere
1891 2885 2121 2936 conten-

485 2971 658 3027 debat
689 2969 847 3025 velut
878 2971 1173 3042 quoddam
1200 2970 1462 3040 joculare
1491 2969 1810 3023 ludibrium
1836 2968 2119 3038 fmdifragi

485 3058 796 3114 nebulonis
822 3059 948 3114 ausi
981 3060 1203 3128 majora
1235 3059 1354 3112 suis
1380 3058 1618 3122 viribus,
1640 3057 1748 3110 hoc
1780 3056 1971 3128 magni
1997 3056 2120 3110 fieri

2221 549 2522 624 απεδέχθη.
2579 551 2729 606 Ὅθεν
2807 551 2893 606 καὶ
2950 553 3138 622 κοινὴν
3198 550 3384 614 ἄλλως
3439 553 3500 608 ἐκ
3557 557 3868 629 χρυσοσύρο

2223 659 2392 710 ματος
2435 637 2746 714 καλύπτραν
2803 638 3108 712 ἐνθέμενος,
3159 636 3538 720 μελαμὸαφέσι
3591 639 3650 697 δὲ
3702 641 3865 697 πεδί-

2220 724 2340 790 λοις
2368 726 2456 780 καὶ
2487 732 2603 790 τοῖς
2629 729 2746 791 καθ’
2770 726 2937 782 ’ίππον
2981 728 3297 802 στολισμοῖς
3343 731 3653 804 χρώμενος,
3688 731 3857 804 μόνον

2217 816 2279 870 τὸ
2312 812 2574 886 δεσπότης
2604 814 2898 886 κεκλῆσθαι
2929 817 3278 895 ἀναφαίρετον
3312 818 3450 892 εἶχε.

2227 956 2289 1029 β’.
2343 957 2557 1031 Ὅπως
2588 957 2933 1031 σχιζομένων
2990 961 3097 1012 τῶν
3169 961 3282 1031 κατ’
3335 957 3606 1031 ἀνατολὴν
3667 960 3696 1013 ὁ
3755 980 3872 1014 πα-

2431 1027 2711 1102 πριάρχης
2742 1027 2830 1084 διὰ
2873 1032 3040 1084 ταῦτα
3078 1034 3195 1090 τοῖς
3224 1029 3334 1084 ἐκεῖ
3360 1027 3639 1102 ἐπιδημεῖ.

2296 1170 2380 1239 [Ρ.
2411 1171 2537 1241 23η
2595 1169 2674 1226 Τὰ
2746 1170 2922 1241 μέντοι
2968 1177 3069 1238 τῆς
3119 1168 3446 1241 Ἐκκλησίας
3478 1170 3643 1226 ἐνόσει
3703 1191 3871 1244 περι-

2225 1251 2425 1322 φανῶς,
2471 1248 2560 1300 καὶ
2615 1248 2676 1302 τὸ
2732 1247 2941 1324 σχίσμα
2999 1249 3074 1311 εἷς
3136 1250 3269 1324 μέγα
3314 1246 3632 1325 ᾕρετο,τῶν
3669 1252 3871 1322 Ἀρσε-

2223 1338 2418 1388 νιατῶν
2476 1333 2563 1389 ἐπὶ
2636 1337 2801 1391 πλέον
2871 1338 3328 1410 προστιθεμένων,
3388 1339 3461 1400 ὡς
3519 1341 3595 1411 μὴ
3661 1340 3868 1411 μόνους

2225 1421 2458 1484 ἐκείνους
2517 1421 2569 1477 ο⁹ί
2625 1421 2691 1492 δὴ
2747 1429 2826 1497 τῷ
2883 1428 3194 1500 πατριάρχῃ
3252 1425 3507 1500 Ἀρσενίῳ
3545 1425 3871 1501 ἐντυχόντες

2227 1507 2363 1566 εἶδον
2398 1512 2676 1586 σχίζεσθαί
2728 1534 2786 1587 τε
2841 1515 2927 1568 καὶ
2980 1514 3178 1585 ζηλοῦν
3239 1515 3368 1591 ὑπὲρ
3429 1515 3656 1586 ἐκείνου,
3715 1515 3870 1572 ἀλλὰ

2225 1599 2314 1653 καὶ
2369 1600 2496 1665 τοὺς
2553 1599 2682 1673 μηδ’
2739 1602 2883 1664 ὅλως
2944 1600 3153 1665 ἰδόντας
3211 1603 3690 1680 καθυπαγομένους
3739 1612 3865 1668 τοῖς

2226 1686 2438 1750 ἄλλοις.
2471 1691 2607 1744 Ποτὲ
2638 1687 2695 1744 δὲ
2723 1691 2812 1745 καὶ
2839 1692 2900 1745 τὸ
2931 1693 3053 1767 περὶ
3098 1697 3195 1746 τοῖ’)
3227 1693 3428 1768 Ἰωσὴφ
3460 1693 3864 1769 φημιζόμενον,

2153 1779 2302 1879 Βὼς
2357 1776 2736 1852 ἀφωρισμένος
2812 1778 2911 1848 εἴη,
2971 1779 3258 1854 αἰρόμενον
3311 1781 3405 1841 τὰς
3462 1785 3566 1834 τῶν
3626 1779 3862 1835 πολλῶν

2229 1868 2409 1942 ψυχας
2447 1865 2688 1928 ἐκτόπως
2748 1865 3021 1939 ἐκύμαινε,
3076 1865 3171 1922 κᾶν
3231 1869 3429 1930 ἐκεῖνος
3487 1869 3661 1943 συχνὰ
3719 1868 3869 1940 λαμ-

2230 1951 2405 2009 ϐάνων
2458 1955 2600 2029 παρὰ
2661 1955 2928 2030 βασιλέως
2989 1959 3252 2031 χρήματα
3299 1957 3361 2010 τὸ
3420 1956 3719 2034 φιλόδαρον
3747 1962 3871 2021 τοῖς

2227 2047 2644 2120 προσκειμένοις
2699 2045 3008 2116 ἐπηύξανεν.
3070 2047 3145 2104 Οὐ
3203 2048 3303 2123 γὰρ
3361 2049 3426 2115 ἦν
3459 2048 3488 2102 ’ὁ
3533 2050 3773 2117 ζητήσας
3806 2049 3869 2102 οὗ

2225 2134 2490 2208 παρευθὺς
2519 2129 2841 2206 ἐλάμϐανεν,
2900 2136 2976 2196 ὡς
3028 2133 3201 2208 λέγειν
3261 2133 3532 2197 πολλάκις
3583 2137 3674 2190 τὸν
3714 2137 3870 2211 βασι-

2226 2219 2469 2294 λέα,τοῦ
2526 2222 2795 2294 ἱερατίκοῦ
2859 2220 3097 2294 μανδύου
3150 2223 3242 2277 τὸν
3299 2226 3648 2298 πατριάρχην
3709 2221 3868 2279 κατέ-

2227 2310 2519 2385 χοντα,ὡς
2564 2308 2723 2371 αὐτὸς
2777 2308 2859 2380 εἷή
2923 2312 2950 2365 ὁ
3006 2313 3100 2374 τὰς
3148 2318 3246 2381 τῆς
3303 2309 3469 2385 Ἐδὶμ
3497 2310 3675 2374 πύλας
3719 2312 3870 2384 αύτῷ

2229 2529 2343 2583 ista
2386 2528 2672 2584 modestia
2721 2527 3005 2584 Joannem
3064 2528 3422 2600 imperantes
3451 2529 3867 2601 permiserunt.

2231 2618 2377 2689 Ergo
2410 2618 2461 2671 is
2492 2634 2595 2688 pro
2627 2632 2801 2670 aureo
2833 2616 3148 2682 fimbriato,
3199 2633 3373 2689 quem
3409 2618 3571 2689 prius
3601 2623 3866 2686 gestave-

2230 2709 2338 2772 rat,
2365 2705 2665 2777 vulgarem
2697 2705 3014 2776 promiscui
3049 2723 3192 2761 usus
3210 2706 3386 2776 capiti
3409 2707 3633 2778 pileum
3675 2708 3863 2780 impo-

2229 2794 2386 2856 suit;
2427 2793 2610 2864 nigris
2658 2809 2891 2863 quoque
2948 2794 3142 2849 induit
3189 2796 3363 2865 pedes
3399 2795 3634 2864 calceis,
3681 2797 3857 2868 nigris

2229 2898 2407 2952 equos
2437 2882 2699 2952 proprios
2734 2881 3025 2952 ephippiis
3054 2883 3341 2940 instravit.
3374 2882 3629 2939 Vocitari
3669 2889 3867 2940 tamen

2229 2970 2287 3024 in
2323 2973 2618 3041 posterum
2649 2985 2879 3040 quoque
2911 2970 3173 3041 despota,
3201 2975 3266 3025 ut
3293 2976 3449 3040 ante,
3503 2989 3619 3027 non
3671 2973 3871 3044 desiit,

2230 3057 2445 3127 populo
2528 3073 2595 3110 ex
2668 3059 3091 3113 censuetudine
3166 3059 3492 3127 deferente,
3573 3076 3679 3115 nec
3749 3066 3871 3116 Au-

480 3149 547 3201 ut
575 3147 822 3200 arduum
856 3149 910 3200 et
943 3145 1135 3215 gloria
1166 3145 1362 3199 solidae
1393 3143 1630 3214 plenum
1656 3143 2112 3215 experimentum
2148 3169 2190 3234 ρ
2229 3145 3082 3217 gustisinvidentibus,merum
3108 3151 3165 3202 et
3187 3164 3247 3203 re
3266 3148 3868 3222 signiﬁcataavacuum

478 3249 626 3289 verae
657 3232 879 3288 bellicae
911 3232 1165 3300 virtutis,
1189 3233 1283 3286 cui
1314 3232 1498 3286 honos
1531 3232 1725 3303 tropaei
1763 3233 1890 3300 jure
1939 3248 2115 3303 quam

487 3321 707 3392 optimo
741 3321 1069 3376 deberetur.
1094 3319 1278 3373 Facile
1341 3321 1518 3392 igitur
1571 3321 1839 3375 vincebat
1885 3321 1942 3374 in
1997 3321 2125 3391 ejus

481 3410 678 3466 animo
712 3409 993 3480 gaudium
1047 3424 1376 3474 mmrorem,
1426 3412 1755 3462 recurrente
1805 3408 2124 3477 praesertim

485 3497 766 3552 memoria
784 3500 867 3551 tot
889 3496 1188 3550 hostilium
1211 3497 1439 3550 navium
1467 3495 1769 3551 navalibus
1793 3497 2120 3550 additarum

488 3585 633 3655 suis,
665 3590 748 3640 tot
773 3584 1030 3640 hostium
1056 3584 1115 3638 in
1152 3584 1224 3639 iis
1257 3590 1562 3654 captorum
1595 3584 1847 3656 indeque
1871 3587 2126 3640 detruso-

491 3691 621 3728 rum
654 3673 711 3728 in
745 3672 1061 3740 custodias,
1089 3672 1186 3726 ubi
1222 3673 1367 3728 ferro
1410 3673 1584 3726 vincti
1644 3673 1818 3728 tacito
1850 3676 1938 3727 sui
1994 3689 2126 3744 spe-

491 3762 717 3818 ctaculo
733 3767 1015 3834 tropaeum
1042 3761 1207 3832 quasi
1229 3762 1521 3834 quoddam
1539 3766 1834 3816 exstarent
1853 3762 2127 3815 Romanae

491 3849 808 3905 felicitatis.
865 3849 964 3903 Hic
1023 3854 1214 3904 tamen
1273 3866 1343 3905 ne
1401 3850 1572 3921 plane
1622 3865 1804 3920 purus
1864 3848 2124 3919 Augusto

488 3943 642 3995 esset
697 3939 919 3994 fructus
980 3938 1180 4005 animi,
1241 3938 1566 4010 periculum
1650 3937 2126 4009 Philanthropcni

485 4028 867 4098 temperabat,
901 4029 1050 4082 387
1087 4028 1165 4082 ita
1215 4026 1618 4080 decumbentis
1669 4042 1736 4080 ex
1782 4025 2126 4082 vulneribus

484 4118 672 4173 navali
707 4117 901 4190 praelia
934 4117 1186 4188 acceptis
1219 4121 1277 4170 ut
1313 4118 1440 4186 ejus
1471 4117 1597 4170 vitae
1645 4115 1966 4169 timeretur.
2020 4121 2128 4170 H0.

485 4222 614 4261 rum
649 4210 772 4260 erat
800 4205 1110 4261 vulnerum
1165 4221 1348 4258 unum
1411 4203 1730 4274 praesertim
1782 4204 1840 4258 in
1889 4205 2126 4260 renibus

483 4293 740 4365 gravius,
770 4310 838 4347 ex
870 4310 985 4364 quo
1021 4296 1351 4347 secuturam
1388 4295 1632 4345 mortem
1679 4291 1937 4363 plerique
1987 4294 2126 4347 omi-

483 4382 797 4438 nabantur.
831 4382 1082 4436 Evanuit
1115 4385 1312 4435 tamen
1339 4381 1502 4435 triste
1535 4381 2126 4451 augurium.medieis

486 4470 652 4526 enixe
711 4471 776 4525 ad
839 4470 1166 4524 curandum
1221 4485 1436 4540 aegrum
1507 4484 1609 4522 nec
1667 4468 1793 4522 sine
1851 4485 2123 4524 successu

2229 3250 2462 3289 nomen.

2229 3379 2282 3430 2.
2317 3376 2380 3456 U_t
2407 3375 2698 3456 schismate
2721 3394 2824 3456 per
2853 3376 3134 3456 Orientem
3160 3381 3550 3456 invalescenle,
3587 3398 3650 3438 eo
3677 3399 3736 3439 se
3761 3401 3867 3456 pa-

2353 3449 2596 3503 triarcha
2619 3449 2919 3504 contulerit
2944 3453 3099 3521 pacis
3131 3451 3499 3510 concilianda?
3525 3449 3730 3524 gratia.

2299 3591 2353 3642 2.
2415 3589 2650 3644 Interim
2703 3591 3107 3647 ecclesiasticae
3165 3608 3258 3647 res
3313 3592 3686 3649 manifestius
3736 3597 3861 3665 jam

2231 3692 2406 3746 quam
2441 3682 2504 3732 ut
2526 3683 2721 3749 posset
2749 3680 3113 3735 dissimulari
3147 3681 3575 3751 laborabant,et
3603 3683 3866 3738 schisma

2230 3766 2604 3821 incrementis
2635 3769 2971 3838 ingentibus
3002 3770 3349 3841 augebatur,
3375 3770 3645 3842 plurimis
3696 3788 3757 3826 se
3804 3772 3866 3826 in

2231 3854 2356 3909 dies
2384 3857 2451 3909 ad
2478 3857 2915 3912 Arsenaitarum
2953 3859 3258 3913 factionem
3293 3859 3874 3932 addentibus.Neque

2230 3945 2384 3998 enim
2417 3945 2456 3998 ii
2488 3943 2675 3998 solum
2715 3946 2811 4016 qui
2851 3946 3152 4000 Arsenium
3189 3947 3581 4017 patriarcham
3605 3947 3875 4003 viderant

2231 4033 2400 4103 eique
2431 4034 2796 4098 studuerant,
2815 4034 3155 4088 abscindere
3179 4051 3239 4089 se
3258 4037 3381 4104 jam
3403 4053 3435 4090 a
3455 4037 3868 4092 communione

2231 4121 2694 4175 adversariorum
2731 4123 2857 4192 ejus
2888 4127 2944 4176 et
2976 4139 3076 4192 pro
3111 4123 3296 4194 ipsius
3327 4125 3697 4179 restitutione
3744 4140 3869 4180 cer-

2231 4214 2352 4262 tare
2384 4209 2572 4277 palam
2606 4211 3009 4277 cernebantur,
3041 4213 3140 4266 sed
3169 4216 3224 4265 et
3276 4211 3374 4266 alii
3434 4212 3651 4283 passim
3705 4212 3867 4267 nulla

2231 4295 2391 4361 illius
2424 4298 2702 4368 peculiari
2734 4297 2960 4363 notitia,
2994 4297 3154 4353 nullo
3185 4299 3240 4352 in
3275 4317 3406 4354 eum
3460 4300 3696 4371 proprio
3731 4300 3869 4356 affe-

2229 4391 2322 4438 ctu
2356 4386 2738 4457 praeoccupati
2773 4403 3030 4458 unquam
3067 4392 3456 4454 antea,tamen
3481 4389 3537 4442 in
3559 4405 3657 4444 eas
3682 4390 3864 4460 partis

2229 4473 2448 4527 ambitu
2482 4479 2537 4527 et
2571 4474 2762 4528 studio
2794 4475 3167 4530 sectariorum
3219 4477 3345 4542 eius
3394 4478 3861 4532 attrahebantur.

485 4557 999 4622 contendentibus,
1035 4558 1113 4611 ita
1146 4560 1210 4611 ut
1240 4531 1394 4611 brevi
1424 4561 1552 4626 post
1583 4561 1842 4626 tempore
1875 4573 1985 4610 non
2013 4559 2118 4611 du-
2155 4531 2197 4593 Π
2231 4561 2414 4631 Vulgo
2441 4563 2496 4615 in
2530 4563 2736 4632 primis
2767 4563 2908 4617 illud
2945 4566 3204 4619 omnium
3257 4531 3409 4621 ἕως
3460 4531 3557 4620 ore
3602 4531 3867 4621 celebra-

488 4645 601 4700 biis
632 4646 902 4699 rediturae
929 4644 1281 4700 valetudinis
1315 4644 1544 4699 indiciis
1601 4645 1986 4714 exstantibus,
2017 4647 2114 4716 qui

487 4735 614 4802 ejus
673 4751 849 4788 causa
917 4733 1148 4788 solliciti
1214 4734 1460 4798 fuerant,
1535 4749 1674 4788 cura
1735 4733 2114 4797 solverentur,

487 4823 720 4892 quando
750 4824 1064 4893 imperator
1094 4839 1332 4877 suarum
1367 4839 1494 4876 esse
1528 4823 1778 4892 partium
1805 4827 1964 4876 ratus
1989 4839 2120 4876 con-

483 4910 656 4966 solari
692 4927 930 4981 passum
964 4915 1020 4965 et
1054 4911 1445 4982 periclitatum
1481 4927 1587 4965 sua
1625 4927 1794 4965 causa
1825 4910 1999 4965 talem
2029 4911 2113 4964 vi-

478 5000 888 5071 rum,pretium
921 4999 968 5054 ei
1003 5017 1394 5055 aerumnarum
1428 5016 1491 5054 ac
1515 4999 1818 5072 plagarum
1854 5001 2118 5072 rependit

476 5088 760 5160 amplum,
791 5089 984 5161 magni
1021 5089 1186 5143 ducis
1218 5089 1500 5160 dignitate
1534 5088 1725 5159 ipsum
1752 5089 2110 5143 honorando.

476 5176 673 5231 Frater
699 5181 889 5231 autem
926 5176 1264 5246 imperantis
1295 5176 1708 5241 Joannes,cum
1753 5181 1905 5231 esset
1953 5192 2020 5230 ex
2048 5193 2112 5232 eo

479 5263 786 5334 quaesitum
819 5281 920 5319 cur
950 5266 1204 5335 despotas
1238 5264 1491 5334 insignia
1524 5265 1910 5335 deposuisset,
1933 5264 2115 5319 obno-

475 5352 566 5406 xie
597 5352 665 5406 ad
700 5354 946 5424 gratiam
983 5353 1302 5424 respondit,
1331 5358 1634 5423 postquam
1654 5354 1776 5422 jam
1794 5352 1893 5406 filii
1918 5370 1984 5408 ex
2006 5355 2115 5406 Au-

480 5444 650 5510 gusto
683 5443 800 5495 nati
836 5442 893 5496 in
919 5441 1073 5496 viros
1106 5441 1519 5507 adolevissent,
1554 5441 1703 5496 haud
1725 5458 1952 5513 aquam
1986 5457 2114 5496 esse

481 5529 787 5598 despoticze
821 5530 1122 5600 potestatis
1154 5545 1360 5582 nomen
1421 5528 1479 5582 in
1529 5530 1819 5584 extraneis
1873 5529 2108 5584 haerere.

484 5618 734 5686 Accepta
764 5617 1064 5688 responsio
1097 5615 1574 5687 est,libenterque
1603 5616 1681 5671 uti
1709 5617 1982 5688 deinceps
2005 5634 2112 5673 sua

2227 4654 2346 4702 tum
2381 4651 2450 4704 de
2478 4650 2754 4720 Josepho,
2787 4668 2914 4705 esse
2943 4651 3106 4706 illum
3139 4653 3249 4707 sibi
3283 4653 3582 4708 conscium
3634 4671 3862 4710 excom-

2228 4737 2642 4792 municationis
2689 4743 3020 4809 contractae,
3068 4741 3436 4796 vehementer
3486 4744 3864 4813 perturbabat

2227 4826 2634 4897 plerorumque
2650 4827 2972 4882 animos.Et
2987 4831 3366 4898 quantumvis
3391 4831 3496 4885 iste
3521 4832 3775 4902 acceptis
3794 4832 3863 4887 ad

2226 4915 2281 4969 id
2313 4931 2346 4969 a
2377 4915 2638 4986 principe
2668 4917 2932 4985 pecuniis
2974 4916 3132 4988 large
3176 4919 3598 4989 profundendis
3647 4921 3865 4975 exstin-

2225 5019 2398 5074 guere
2431 5003 2728 5071 invidiam,
2761 5006 3002 5075 quaesito
3031 5023 3128 5077 per
3160 5007 3602 5062 beneficentiam
3647 5008 3860 5077 favore,

2225 5095 2550 5154 conaretur,
2586 5091 2642 5144 in
2678 5107 2924 5163 eamque
2974 5093 3403 5164 indulgentiam
3465 5100 3582 5149 tam
3639 5113 3859 5167 pronus

2225 5179 2606 5244 incumberet,
2639 5184 2702 5234 ut
2724 5197 2892 5235 nemo
2924 5182 2995 5236 ab
3026 5198 3090 5237 eo
3121 5182 3352 5253 quidvis
3396 5188 3659 5254 posceret
3715 5185 3855 5256 quin

2224 5267 2420 5321 statim
2454 5275 3082 5338 assequeretur,tamen
3119 5287 3221 5325 nec
3254 5272 3337 5325 sic
3379 5272 3668 5326 etficiebat
3714 5273 3854 5343 quin

2223 5371 2436 5426 magna
2465 5361 2521 5409 et
2553 5356 2737 5411 tristis
2781 5357 2935 5411 circa
2995 5374 3127 5412 eum
3184 5358 3439 5413 solitudo
3499 5346 3851 5416 cerneretur.

2223 5445 2343 5506 Quo
2378 5445 2554 5498 facete
2605 5445 2873 5500 altudens
2923 5446 3257 5516 imperator,
3311 5464 3486 5502 manu
3532 5464 3682 5518 saepe
3729 5465 3854 5520 pre-

2221 5531 2403 5585 henso
2433 5532 2773 5602 patriarchae
2817 5534 3120 5604 praesentis
3173 5535 3370 5606 pallio,
3418 5536 3608 5591 dicere
3649 5536 3855 5591 solitus

2222 5623 2346 5674 erat
2375 5619 2676 5691 aperuisse
2708 5619 2876 5676 illum
2910 5622 3019 5677 sibi
3053 5624 3310 5693 paradisi
3333 5623 3702 5696 januas,quo
3733 5625 3857 5697 ipse
