4130 6270
269 360 377 416 789

1334 371 1431 424 DE
1467 371 1844 428 MICHAELB
1882 376 2323 436 PALEOLOGO
2358 382 2489 436 LIB.
2531 385 2599 437 ν.

3559 390 3668 446 790

271 483 546 585 ἀνοιγνὺς,
607 486 680 585 ὡς
736 486 831 560 ἅμ’
887 487 1073 585 ἐκείνω
1128 489 1217 585 καὶ
1277 490 1435 585 aut?»
1494 492 1756 549 εἰσελθεῖν
1814 501 2131 567 πι-Ατος.
2166 500 2336 565 Αὐτὸς
2371 500 2416 557 δ’
2463 505 2594 558 εἶναι
2628 506 2773 580 παρᾶ
2799 507 2925 571 τοὺς
2977 508 3184 572 ἄλλους
3226 509 3514 585 δοκιμάσαι
3568 516 3658 569 τὸν

272 572 469 627 στεύειν
528 573 754 628 κατόπιν
791 619 805 645 ,
870 574 1103 649 μηδενὸς
1160 577 1569 651 ἐμποδίζοντος.
1625 582 1761 646 Τοὺς
1821 585 1914 657 μὲν

271 660 358 714 οὗν
419 658 648 733 ἄλλους,
710 660 760 717 οἵ
818 667 953 719 κατά
999 664 1164 721 πόλιν
1218 664 1584 743 διατρίϐοντες
1616 671 1909 746 ἠνώχλουν

270 746 455 815 ἀνέδην
513 749 900 824 ἐκτρεπόμενοι
959 758 1174 825 τοῦτον,
1230 753 1380 811 οὐδὲν
1433 754 1575 830 ἔχων
1611 756 1736 833 δρᾷν
1770 758 1909 816 ἄλλο

269 838 304 907 ἢ
334 838 395 892 τὸ
448 835 615 909 μηδὲν
668 841 969 915 φροντίζειν
1020 840 1239 897 ἐκείνων
1294 844 1369 906 εἷς
1408 848 1573 917 τιμῆς
1608 845 1767 922 λόγον
1818 848 1908 903 καὶ

266 926 623 1000 προστασίας,
676 926 782 1002 οὐχ
826 929 975 990 ὅπως
1005 930 1183 999 ἠξίου,
1242 930 1387 986 ἀλλά
1436 932 1523 987 οιαὶ
1578 932 1770 1009 ἠλόγει
1827 936 1909 991 λε-

265 1013 471 1088 γόντων
500 1014 567 1068 τὰ
619 1012 877 1086 μάλιστα.
910 1014 1139 1087 Ἀνδρας
1188 1016 1244 1073 δὲ
1302 1022 1699 1092 πνευματικοὺς
1750 1020 1906 1086 εἷ’δὼς

266 1104 379 1157 κατ’
438 1100 738 1173 Ἀνατολὴν
800 1102 1136 1179 ἑνιδροῦντας
1176 1107 1266 1161 καὶ
1324 1113 1438 1179 Θεῴ
1488 1108 1637 1181 μόνῳ
1687 1102 1905 1184 ζῶντας,

262 1189 473 1244 ἀκούων
530 1191 619 1246 καὶ
668 1193 793 1268 περὶ
824 1191 1037 1248 ἐκείνων
1087 1195 1159 1255 ὡς
1192 1193 1655 1268 σκανδαλίζοιντο,
1685 1193 1906 1255 ἔσπευδε

263 1279 520 1335 κάκείνων
580 1281 675 1342 τὰς
731 1282 950 1355 γνώμας
998 1290 1421 1359 προκατασχεῖν,
1467 1284 1650 1348 αὐτοῖς
1696 1283 1903 1361 ὄμμασι

262 1368 468 1430 θεαθεὶς
496 1374 613 1430 τοῖς
646 1367 877 1425 ἐκείνων.
925 1371 1027 1426 Καὶ
1072 1368 1138 1440 δὴ
1187 1373 1308 1446 περὶ
1365 1371 1575 1427 τούτων
1629 1379 1706 1445 τῷ
1757 1376 1905 1450 βασι-

260 1454 350 1509 λεῖ
406 1455 964 1532 κοινολογησάμενος,
1013 1458 1115 1513 ὑπὸ
1172 1459 1360 1534 πολλῇ
1419 1464 1485 1533 ιῇ
1544 1462 1790 1537 σπατάλῃ
1826 1462 1901 1518 ἒν-

254 1544 567 1605 σκευασθεὶς
599 1542 679 1598 ἐπ’
716 1545 1016 1616 Ἀνατολῆς
1066 1544 1288 1616 ἤλαυνε,
1339 1548 1429 1602 καὶ
1477 1554 1595 1613 cui:
1652 1548 1899 1626 ἀνδράσιν

253 1630 497 1702 ἐπιστὰς,
532 1633 607 1687 ὧν
638 1630 705 1701 δὴ
732 1633 821 1687 καὶ
880 1634 955 1697 εἷς
999 1636 1064 1690 τὰ
1118 1635 1353 1708 μάΛιστα
1382 1638 1410 1691 ὁ
1462 1640 1765 1710 θαυμαστὸς
1807 1641 1900 1712 ἅμ’

254 1719 455 1793 ἀρετήν
511 1720 601 1774 καὶ
658 1719 819 1797 λόγον
884 1720 1157 1795 Βλεμίδης
1211 1724 1300 1793 ἦν,
1359 1724 1531 1787 πολὺς
1563 1727 1629 1794 ἦν
1660 1725 1784 1788 τοὺς
1816 1726 1899 1781 tiv-

2025 592 2434 664 χρησιμεύοντα
2467 613 2479 624 ’
2538 595 2686 666 αὐτῷ
2730 596 2832 669 γὰρ
2884 603 3232 671 προσκεῖσθαι
3288 599 3378 653 καὶ
3436 600 3663 673 βασιλέα

2023 676 2582 755 πληροφορούμενον,
2643 682 2781 738 ὥστε
2841 686 2917 757 μὴ
2976 685 3123 748 ὅπως
3178 683 3488 760 ξυμϐαίνειν
3547 691 3657 743 τισὶ

2021 763 2238 839 χαλεπά
2311 768 2401 822 καὶ
2461 769 2726 839 ἀνήκεστα
2773 774 3185 846 προσκειμένοις
3243 775 3469 847 ἱκείνῳ,
3513 776 3657 832 ἀλλᾶ

2018 853 2106 906 καὶ
2164 854 2398 918 πολλοῖς
2454 854 2644 919 ἄλλοις
2676 861 2755 932 [Ρ.
2789 862 2914 933 232]
2977 862 3031 914 εὖ
3087 861 3354 937 γίγνεσθαι
3413 861 3500 918 διὰ
3553 865 3650 933 τήν

2017 944 2151 1016 πρὸς
2195 944 2350 998 αὐτὸν
2409 944 2673 1020 βασιλέως
2723 947 3129 1023 ἀγαθοθὲλειαν.
3179 956 3346 1007 Τοῦτο
3396 952 3483 1006 καὶ
3515 953 3653 1027 πρὸς

2016 1030 2218 1095 ἄλλους
2263 1038 2371 1088 τῶν
2429 1042 2806 1108 πνευματικῶν
2869 1036 3075 1111 ἀνδρῶν
3110 1038 3285 1114 ἔλεγε,
3344 1046 3502 1096 τοῦτο
3560 1042 3648 1097 καὶ

2012 1122 2149 1196 πρὸς
2178 1122 2335 1177 αὐτὸν
2370 1121 2708 1196 Βλεμμίδην,
2759 1124 2847 1180 καί
2894 1127 3170 1200 παρεσύλα
3220 1130 3313 1191 τὰς
3375 1130 3466 1184 ἀπ’
3512 1131 3649 1185 ὲκεί-

2012 1232 2117 1264 νων
2179 1210 2383 1273 εὐνοίας
2442 1210 2964 1289 φιλοφρονούμενος.
3020 1219 3113 1287 Τῷ
3166 1215 3221 1271 δέ
3267 1239 3326 1290 γε
3356 1217 3646 1294 Βλεμμίδῃ

2012 1299 2101 1352 καὶ
2135 1296 2272 1354 ἄλλο
2304 1301 2437 1354 κατᾶ
2466 1301 2665 1355 σκοπὸν
2696 1302 2761 1370 ἦν
2792 1304 2853 1355 τὸ
2902 1305 3084 1357 πεῖθον
3135 1305 3335 1360 ἑκεῖνον
3370 1305 3641 1381 δέχεσθαι.

2012 1384 2235 1456 Ἐπειδῆ
2294 1389 2396 1462 γὰρ
2450 1390 2648 1452 ἐκεῖνος
2703 1388 3000 1468 φιλόσοφον
3062 1389 3257 1462 διαζῶν
3340 1395 3454 1469 βίον
3514 1394 3644 1459 ὅλος

2007 1479 2114 1529 τῶν
2174 1475 2279 1531 ὧδε
2331 1477 2561 1551 ἐξῄρητο
2591 1480 2679 1532 καὶ
2709 1478 2927 1543 ἀπαθῶς
2961 1481 3075 1555 εἶχε
3104 1484 3240 1556 πρὸς
3271 1484 3337 1537 τὰ
3365 1485 3640 1558 γινόμενα,

2010 1561 2132 1619 οὔτε
2176 1567 2280 1619 τινὶ
2315 1572 2643 1640 προσπαθῶν
2704 1565 2826 1622 οὔτε
2886 1570 2994 1641 μὴν
3051 1569 3329 1643 ἐμπαθῶν,
3361 1570 3486 1625 ἀλλ’
3514 1573 3579 1642 ἧν
3613 1574 3642 1628 ὁ

2007 1657 2130 1713 νοῦς
2161 1652 2350 1724 ἐκείνῳ
2399 1654 2470 1714 ὡς
2528 1654 2576 1707 εἷ’
2626 1656 2698 1726 μὴ
2746 1656 2955 1728 σώματι
3017 1656 3161 1720 ὅλως
3221 1656 3523 1733 κατείχετο,
3583 1658 3637 1716 ἕν

2006 1741 2284 1813 ἐλογίζετο
2312 1742 2399 1796 καὶ
2446 1744 2719 1818 Ἀρσένιον
2750 1746 2878 1798 εἶναι
2928 1747 3016 1799 καὶ
3067 1748 3289 1825 Ἰωσὴφ,
3324 1748 3385 1801 οὐ
3413 1755 3638 1822 γυμνοῖς

252 1806 403 1918 δρξιςη
437 1808 934 1917 ὑποπριοόμεξοςι’
965 1812 1066 1917 Ῐξαῖ
1106 1812 1441 1918 ,προσέξειοε
1485 1813 1671 1918 κλὲγων
1731 1837 1898 1891 προσ·
1930 1854 1973 1918 Β
2006 1830 2186 1891 αὐτοῖς
2241 1830 2529 1904 προσέχων
2560 1836 2674 1893 τοῖς
2704 1836 3067 1907 γιγνομένοις,
3125 1835 3199 1895 ὡς
3244 1806 3336 1889 ἶτὸν
3391 1806 3484 1908 μὲν
3517 1838 3636 1911 κρί-

248 1898 463 1951 κεῖσθαι
540 1898 633 1970 μὲν
714 1899 803 1953 καὶ
879 1898 1036 1961 αὐτὸς
1106 1901 1362 1976 Ἀρσενίῳ
1413 1902 1500 1956 καὶ
1550 1905 1893 1979 πατριάρχην

244 1987 519 2059 ἡγεῖσθαι,
588 1990 691 2039 τῶν
775 1989 889 2041 κατ’
948 1986 1150 2043 ἐκείνου
1210 1991 1663 2053 συσκευασθέντων
1722 1989 1939 2047 διακευ

244 2079 348 2141 νῆς
411 2071 548 2145 μηδὲ
604 2075 666 2128 τὸ
727 2074 905 2149 βραχὺ
962 2076 1283 2153 φροντίζων·
1345 2077 1495 2151 ὅμως
1551 2077 1598 2133 δ’
1652 2078 1889 2155 ἀνάγκης

246 2156 419 2230 οὔσης
475 2162 574 2230 τὴν
632 2160 959 2231 Ἐκκλησίαν
1014 2166 1420 2237 ποιμαίνεσθαι,
1479 2168 1716 2241 ἀνάγκην
1756 2169 1889 2224 εἶναι

240 2249 368 2303 τινὰ
418 2251 510 2305 τὸν
558 2249 761 2306 ἐκείνου
789 2253 954 2308 τόπον
1001 2254 1380 2329 ἀποπληροῦν,
1431 2254 1635 2311 ἐκείνου
1671 2258 1745 2330 μή
1797 2254 1884 2312 ὅν-

248 2483 389 2552 post
436 2493 593 2546 eum,
652 2478 813 2536 nullo
870 2482 1053 2536 turbae
1110 2482 1396 2538 obstantis
1453 2484 1891 2555 impedimento,

249 2568 422 2625 facile
453 2569 832 2641 ingressurus
876 2571 1190 2627 videretur.
1239 2574 1318 2627 Ac
1361 2589 1459 2628 eos
1506 2572 1739 2643 quidem
1791 2576 1891 2645 qui

252 2656 452 2727 palam
476 2655 532 2710 in
558 2658 701 2712 urbe
724 2658 1003 2713 adversus
1024 2659 1344 2729 Jesephum
1369 2660 1763 2716 declamantes
1786 2678 1892 2733 po-

254 2744 466 2816 pulum
497 2745 569 2799 ab
598 2762 663 2801 eo
696 2747 1051 2811 avertebant,
1093 2764 1222 2801 cum
1271 2747 1321 2801 is
1359 2750 1481 2817 jam
1528 2749 1726 2803 omnia
1770 2750 1894 2803 fru-

259 2838 385 2887 stra
406 2838 671 2904 expertus
695 2834 840 2889 nihil
867 2836 1106 2891 haberet
1133 2836 1289 2891 aliud
1321 2838 1473 2907 quod
1507 2842 1721 2907 ageret,
1755 2853 1892 2891 cen-

262 2923 523 2976 temnere
563 2924 846 2993 eptimum
891 2924 1116 2996 putavit
1145 2925 1573 2997 negligereque,
1607 2925 1765 2980 nulla
1794 2940 1895 2980 ee-

262 3025 394 3064 rum
442 3008 497 3063 in
542 3011 950 3067 distributione
995 3014 1465 3084 praefecturarum
1511 3020 1568 3069 et
1608 3014 1893 3069 honorum

256 3098 482 3154 ratione
504 3099 1246 3173 habenda,rejieiendisque
1266 3102 1893 3174 petitionibustalium,

249 3204 315 3242 ac
344 3187 394 3243 si
430 3203 545 3259 qua
571 3190 714 3244 forte
745 3194 986 3261 urgente
1015 3192 1366 3245 necessitate
1397 3191 1717 3246 studiosius
1756 3207 1890 3246 cum

250 3292 315 3332 eo
367 3277 672 3348 quidpiam
723 3284 1067 3349 cogerentur
1113 3296 1304 3352 agere,
1353 3280 1597 3335 auribus
1646 3280 1894 3351 superbe

251 3365 608 3430 avertendis,
641 3366 857 3422 duritia
887 3384 1061 3438 quam
1093 3368 1259 3423 facile
1288 3370 1572 3424 sentirent
1602 3370 1657 3423 in
1690 3374 1895 3424 centu-

254 3453 459 3509 maciaa
494 3454 754 3525 ipsorum
790 3455 1072 3511 ultionem
1106 3458 1383 3511 affectari.
1418 3458 1699 3512 Caeterum
1738 3457 1893 3512 idem

251 3542 499 3597 audiens
528 3543 683 3598 vires
722 3543 1060 3615 spirituales
1088 3562 1190 3616 per
1214 3546 1506 3600 Orientem
1551 3546 1895 3600 insudantes

253 3629 598 3686 virtutibus.
628 3632 745 3687 Deo
774 3632 1032 3688 viventes
1064 3634 1192 3699 soli,
1226 3633 1414 3688 'etiam
1459 3634 1617 3704 ipsos
1664 3635 1720 3689 in
1770 3650 1895 3689 sese

250 3720 665 3789 scandalizari,
700 3722 1161 3793 praevertendum
1195 3723 1327 3776 inde
1355 3723 1631 3793 ingruens
1672 3722 1893 3777 malum

248 3808 421 3864 omni
453 3810 643 3864 studio
676 3811 918 3881 putavit,
952 3811 1306 3881 dignamque
1355 3826 1473 3865 rem
1518 3827 1641 3866 eam
1689 3812 1895 3867 statuit

241 3898 337 3954 cui
392 3914 647 3969 presens
690 3900 1064 3971 procurandaa
1112 3899 1256 3953 nulli
1306 3916 1549 3969 parcens
1578 3916 1760 3969 operae
1792 3917 1891 3955 va-

242 3989 439 4055 caret,
470 4002 573 4058 spe
602 3987 874 4043 videlicet
904 3987 1185 4042 invitante
1218 3989 1335 4043 fere
1367 3992 1431 4041 ut
1460 3989 1614 4059 apud
1644 4004 1742 4043 eos
1788 4005 1891 4043 au-

243 4076 513 4130 ditarum
536 4075 593 4130 in
618 4092 679 4131 se
700 4077 1000 4131 absentem
1034 4076 1508 4131 criminationum
1540 4076 1891 4131 calumniam

242 4168 568 4235 conspectu
601 4165 753 4220 ultre
784 4164 1014 4221 oblatus
1043 4165 1414 4235 blandusque
1453 4181 1646 4219 ceram
1701 4180 1890 4219 sermo

244 4252 567 4309 refelleret.
598 4252 854 4309 Consilio
885 4254 1065 4324 igitur
1096 4254 1430 4325 imperatori
1463 4255 1892 4309 communicato

241 4342 637 4414 probatoque,
684 4342 960 4397 comitatu
1009 4342 1192 4397 multo
1236 4342 1661 4414 splendideque
1705 4358 1892 4413 usque

241 4432 315 4486 ad
367 4429 575 4484 luxum
620 4435 927 4501 apparatu,
973 4431 1030 4484 ia
1068 4431 1359 4486 Orientem
1411 4431 1705 4502 profectus
1753 4436 1887 4498 est;

240 4520 458 4591 ibique
480 4534 609 4575 cum
636 4519 781 4575 alios
803 4519 961 4575 vires
984 4518 1240 4575 celebres
1262 4526 1542 4591 reperies,
1578 4525 1697 4574 tum
1725 4519 1889 4574 illum

2002 1940 2110 1972 νειν
2167 1916 2507 1987 ἀδικηθέντα,
2557 1920 2647 1973 τὸν
2708 1918 2753 1973 δ’
2810 1917 3129 1995 ἐπιϐήτοραο
3173 1928 3338 1977 ταῦτα
3378 1923 3477 1999 γὰρ
3527 1943 3632 1999 χα-

2005 2011 2243 2079 μερποῢς
2273 2028 2416 2070 τινος
2464 2004 2700 2070 διανοίας
2741 2009 2830 2063 καὶ
2887 2007 3056 2081 μηδὲν
3114 2010 3349 2084 ἐχούσης
3388 2016 3493 2066 τῶν
3528 2034 3635 2068 πα-

2002 2096 2205 2171 ρόντων
2236 2094 2400 2150 πὶὲον
2458 2096 2532 2157 εἷς
2594 2096 2820 2171 θεωρίαν
2878 2100 3090 2172 ἡγεῖτο,
3148 2099 3275 2154 ἀλλ’
3307 2097 3463 2162 εἰδὼς
3503 2106 3636 2156 Θεοῦ

2002 2188 2098 2259 μὶν
2153 2188 2213 2241 τὸ
2270 2188 2515 2250 εὐσταθὲς
2544 2188 2633 2240 καὶ
2668 2187 2937 2259 ἀκίνητον,
2988 2190 3279 2264 ἀνθρώπων
3329 2188 3385 2244 δὲ
3436 2192 3497 2245 τὸ
3531 2214 3636 2264 μη-

1999 2273 2082 2330 δὲν
2118 2275 2168 2330 ἓν
2216 2273 2404 2348 μηδενὶ
2458 2273 2544 2329 ἐπὶ
2592 2279 2688 2329 τοῦ
2731 2275 2895 2330 αὐτοῦ
2947 2275 3041 2331 κᾶν
3100 2275 3277 2352 βραχὺ
3330 2278 3504 2350 μὲνειν
3559 2282 3639 2352 (εὖ

2002 2503 2063 2541 se
2093 2486 2398 2542 revocabili
2432 2486 2648 2557 injuria
2678 2488 2866 2557 ejecti.
2900 2491 3176 2543 Secutum
3210 2492 3404 2544 autem
3436 2489 3495 2544 in
3524 2489 3642 2546 hoc

1996 2574 2221 2644 judicia
2252 2575 2801 2646 multorum,aptum
2834 2591 2897 2631 se
2926 2577 2997 2631 ad
3033 2576 3088 2630 id
3124 2577 3518 2631 necessarium
3544 2578 3641 2633 Ec-

2002 2663 2189 2718 clesiae
2223 2664 2280 2717 in
2326 2662 2671 2718 necessitate
2717 2669 2881 2718 tanta
2930 2664 3323 2718 exhibendum
3377 2664 3639 2720 officium

2003 2752 2393 2819 censentium,
2442 2752 2513 2806 ob
2562 2768 2695 2806 eum
2747 2752 3001 2807 maxime
3048 2752 3134 2806 vel
3162 2752 3520 2808 auctoritatis
3548 2753 3637 2809 vel

2003 2840 2199 2911 gratias
2223 2839 2414 2895 locum
2439 2857 2610 2911 quem
2636 2842 2787 2911 apud
2812 2841 3225 2911 imperatorem
3260 2841 3571 2908 obtineret,
3604 2858 3639 2899 a

2003 2945 2116 2997 quo
2147 2927 2571 2999 audiretur,qui
2605 2928 2726 2982 suis
2756 2926 3016 2982 consiliis
3046 2927 3315 2994 deferret,
3351 2927 3475 2983 suis
3507 2944 3639 3000 pre-

2004 3017 2171 3071 cibus
2202 3021 2504 3083 annueret,
2530 3021 2701 3087 prout
2731 3020 2886 3071 esset
2914 3015 3161 3070 utilitate
3194 3016 3503 3087 probatum
3528 3033 3637 3087 pu-

2006 3104 2175 3161 blica.
2208 3105 2332 3159 Non
2366 3105 2538 3159 modo
2569 3105 2724 3158 enim
2756 3121 2931 3173 opera
2963 3104 3143 3159 fuisse
3173 3121 3276 3160 sua
3309 3104 3637 3175 mitigatam

2006 3193 2373 3264 imperatoris
2404 3193 2550 3247 iram
2584 3193 2642 3245 in
2675 3191 2905 3247 Arsenii
2938 3192 3213 3261 fautores,
3253 3192 3639 3262 effectumque

2007 3297 2077 3335 ne
2107 3281 2179 3335 iis
2210 3280 2558 3336 ulciscendis
2589 3279 2855 3350 maleque
2884 3278 3202 3334 multandis
3231 3294 3464 3334 summa
3485 3280 3641 3350 prin-

2002 3384 2136 3438 ceps
2172 3368 2428 3438 petentia
2458 3372 2737 3435 uteretur,
2762 3367 2861 3423 sed
2895 3371 3265 3438 procuratum
3299 3366 3474 3421 etiam
3506 3384 3639 3423 cum

2005 3472 2300 3523 successu,
2335 3456 2538 3511 multis
2570 3460 2635 3511 ut
2665 3455 2795 3511 aliis
2822 3456 2969 3509 bene
3013 3458 3189 3522 esset,
3240 3471 3529 3526 propensa
3576 3457 3636 3511 in

2003 3562 2064 3599 se
2088 3544 2355 3615 privatim
2378 3545 2745 3615 imperatoris
2764 3543 3162 3599 benevolentia
3184 3547 3239 3597 in
3268 3549 3634 3611 cunctorum,

2003 3634 2194 3705 quoad
2228 3631 2534 3703 potuisset,
2586 3633 2880 3703 egentium
2928 3648 3240 3686 commune
3282 3632 3632 3687 beneficium

2001 3723 2337 3778 derivanda.
2371 3720 2533 3775 Talia
2562 3736 2693 3773 cum
2729 3721 3017 3791 religiosis
3051 3720 3166 3775 illis
3216 3721 3446 3787 ascetis,
3499 3738 3631 3775 cum

2003 3813 2112 3882 ipsi
2158 3809 2510 3873 Blemmidzr,
2549 3807 2848 3879 sigillatim
2909 3824 3197 3879 quemque
3257 3810 3630 3875 conveniens,

2000 3900 2161 3957 omni
2192 3916 2258 3955 ea
2289 3897 2570 3964 adhibita,
2602 3912 2776 3967 quam
2812 3896 3061 3951 habebat
3092 3895 3633 3966 plurimam,cenci-

2001 3988 2331 4043 lianderum
2368 3986 2720 4057 quibuscum
2753 3988 2950 4054 ageret
2981 3983 3147 4037 suavi
3179 3983 3461 4045 efficacia,
3511 3998 3632 4036 me-

2001 4080 2304 4139 morasset,
2361 4073 2535 4127 vertit
2579 4071 2855 4126 nimirum
2900 4071 2958 4124 in
3011 4087 3139 4125 sese
3187 4070 3382 4124 studia
3431 4085 3631 4124 eorum

1999 4166 2356 4233 affectusque
2379 4161 2595 4231 rapuit,
2627 4164 2970 4231 cooperante
2993 4158 3051 4212 in
3076 4159 3132 4212 id
3155 4159 3351 4229 ipsum
3388 4174 3500 4211 non
3535 4173 3632 4227 pa-

1999 4270 2128 4309 rum
2154 4251 2381 4305 liberali
2413 4250 2739 4320 largitione,
2762 4265 2875 4318 quo
2907 4251 3145 4302 cunctos
3176 4249 3502 4317 opportune
3532 4246 3631 4300 de-

1996 4341 2205 4407 linivit,
2238 4356 2352 4394 non
2384 4338 2673 4392 illibenter
2704 4336 3110 4400 admittentes;
3145 4350 3479 4406 quanquam
3510 4333 3633 4389 haec

1999 4429 2235 4501 quidem
2270 4444 2363 4481 res
2394 4441 2597 4498 parum
2632 4425 2702 4479 ad
2735 4423 3151 4479 emolliendum
3198 4422 3305 4492 ipsi
3355 4421 3628 4476 Blemmi-

1998 4520 2128 4572 dam
2161 4515 2359 4570 valuit.
2394 4514 2583 4584 Longe
2614 4512 2742 4567 alias
2769 4512 2891 4566 viro
2937 4511 3041 4577 illi,
3088 4527 3191 4581 pro
3238 4509 3408 4581 genie
3453 4524 3626 4579 pecu-

243 4608 307 4664 in
345 4607 558 4680 primis
591 4607 999 4663 admirandum
1037 4606 1315 4679 religione
1338 4625 1401 4663 ac
1424 4609 1686 4664 doctrina
1712 4606 1894 4663 Blem-
1924 4584 1967 4646 ί)
1999 4605 2128 4660 liari
2159 4621 2226 4659 ac
2253 4609 2411 4659 secta
2440 4601 2762 4672 disciplinae
2794 4600 3097 4669 cujusdam
3150 4598 3414 4670 propriae,
3463 4598 3627 4653 Jose-

246 4698 502 4765 midam,
538 4703 599 4750 ut
630 4696 751 4752 suis
791 4697 1058 4768 partibus
1106 4698 1473 4769 adjungeret,
1522 4698 1673 4752 389
1725 4696 1889 4752 enixe

247 4803 361 4841 nec
387 4784 559 4856 plane
580 4785 799 4840 frustra
819 4784 1116 4841 laboravit.
1148 4785 1443 4841 Persuasit
1474 4785 1626 4840 enim
1658 4785 1742 4840 eis
1774 4786 1889 4840 fere

248 4874 414 4944 quod
456 4873 704 4943 volebat,
748 4890 878 4928 cum
937 4874 1154 4929 diceret
1195 4873 1490 4929 studuisse
1537 4890 1600 4928 se
1658 4890 1888 4945 quoque

245 4962 450 5035 ipsum
484 4962 751 5031 Arsenie,
782 4967 837 5017 et
868 4978 969 5035 pro
1000 4980 1132 5018 vero
1176 4962 1339 5016 illum
1388 4962 1598 5017 habere
1643 4962 1888 5033 patriar-

247 5051 390 5118 cha,
438 5050 887 5123 existimareque
930 5068 1111 5107 vanas
1156 5051 1357 5122 inique
1398 5054 1645 5105 structas
1689 5055 1890 5106 contra

243 5155 390 5194 eum
422 5139 706 5194 hactenus
737 5145 793 5194 et
820 5140 1135 5195 artificiose
1165 5139 1517 5210 compositas
1564 5139 1887 5195 machima-

242 5227 445 5283 tiones
475 5244 704 5295 omnes,
737 5234 983 5301 actaque
1013 5230 1127 5285 ista
1173 5234 1384 5285 cuncta
1430 5230 1642 5284 ducere
1678 5246 1778 5300 pro
1810 5229 1886 5283 ir-

244 5316 383 5372 ritis
415 5333 518 5372 nec
545 5318 716 5373 nauci
750 5318 955 5374 facere.
978 5320 1085 5374 Sed
1110 5336 1243 5374 cum
1266 5319 1338 5374 iis
1361 5319 1645 5374 obsistere
1677 5319 1883 5389 nequi-

245 5405 591 5469 ret,videret
620 5411 813 5462 autem
846 5408 1185 5464 destitutam
1239 5408 1553 5463 Ecclesium
1607 5408 1885 5479 gravissi-

249 5492 374 5547 mis
395 5509 523 5550 esse
543 5493 816 5564 periculis
838 5497 1181 5567 expositam,
1211 5498 1279 5551 ad
1305 5513 1430 5551 eam
1463 5494 1881 5551 sublevandam

248 5585 313 5636 et
346 5583 675 5638 certissime
705 5584 877 5640 exitio
908 5584 1368 5640 subtrahendam
1400 5585 1884 5656 accessisse,sup~

249 5668 474 5740 piendo
518 5674 816 5742 utcunque
858 5672 983 5730 lace
1026 5672 1276 5745 pastoris
1317 5675 1457 5744 veri,
1506 5672 1691 5729 aliena
1717 5690 1819 5729 nec
1850 5692 1885 5732 a

1998 4695 2173 4765 phum
2208 4693 2459 4747 rationes
2491 4690 2998 4746 commendarunt.
3050 4689 3242 4743 Inerat
3290 4686 3625 4741 Blemmidaa

1997 4783 2230 4839 animus
2261 4780 2377 4836 alta
2403 4781 2652 4850 quadam
2683 4783 2740 4834 et
2767 4777 3155 4849 aspernatrice
3179 4776 3353 4847 vulgo
3399 4778 3625 4847 specta-

1998 4884 2185 4930 tarum
2211 4888 2401 4928 rerum
2424 4869 2794 4943 philosophia
2815 4867 3121 4933 subnixus,
3146 4869 3439 4923 abstracta
3459 4880 3626 4919 mens

1998 4962 2258 5033 quaedam
2284 4979 2315 5015 a
2336 4959 2703 5015 concretione
2731 4957 3011 5029 corporis,
3034 4960 3090 5011 et
3120 4954 3319 5027 procul
3353 4954 3629 5025 abjuncta

1996 5052 2341 5123 contagione
2371 5048 2682 5105 humilium
2718 5045 3111 5103 curarum.Nil
3141 5059 3490 5116 magnopere
3521 5042 3631 5097 mi-

1997 5140 2210 5209 rari;ne
2234 5139 2392 5209 tangi
2420 5136 2653 5209 quidem
2687 5135 3020 5191 tenerrimis
3051 5134 3354 5189 affectibus
3386 5134 3630 5197 natura,

1998 5247 2108 5285 non
2141 5227 2399 5282 indolere
2430 5225 2717 5293 tristibus,
2740 5241 2854 5279 non
2883 5223 3175 5279 exsultare
3201 5222 3371 5285 lastis,
3406 5236 3518 5273 non
3552 5218 3634 5273 ef-

1994 5318 2127 5373 ferri
2143 5313 2831 5388 speciesis,emniaunum
2843 5329 2969 5369 esse
2984 5328 3047 5366 ac
3062 5311 3298 5381 perinde
3312 5308 3509 5363 haberi
3525 5324 3637 5362 om-
3694 5336 3697 5339 λ

1995 5408 2154 5462 nium
2174 5422 2397 5472 secure;
2434 5404 2594 5459 nullo
2614 5402 2950 5458 discrimine
2968 5400 3081 5456 odii
3102 5401 3367 5471 gratiaeve
3386 5398 3457 5452 de
3474 5400 3628 5454 340

1993 5493 2278 5567 personis,
2311 5492 2472 5548 nullo
2505 5496 2764 5565 respectu
2814 5492 3169 5562 privatarum
3215 5486 3506 5541 rationum
3556 5488 3626 5541 de

1992 5582 2914 5655 quibuscunquejudicanti.Erge
2939 5578 3072 5633 huic
3098 5577 3195 5632 tali
3220 5576 3500 5631 Arsenius
3525 5581 3625 5631 aut

1990 5672 2278 5746 Jesephus
2295 5670 2530 5728 nemina
2546 5674 2708 5728 erant
2727 5668 3123 5741 mera,quibus
3141 5665 3358 5724 auditis
3372 5664 3517 5719 nihil
3530 5664 3627 5722 ille
