4130 6270
476 350 581 406 791

1773 360 2073 417 GEORGII
2111 354 2574 412 PACHYMERE
3712 363 3800 419 792

474 472 577 547 γὰρ
635 474 723 529 καὶ
780 476 1117 551 Ἡρακλείτῳ
1174 478 1418 555 εἰρῆσθαι
1469 482 1530 536 τὸ
1589 482 1664 554 μὴ
1698 479 1782 535 ἐπὶ
1813 484 1911 534 τοῦ
1941 478 2102 532 αὐτοῦ
2134 484 2187 547 Α
2218 477 2252 547 ἢ
2304 478 2402 545 τήν
2462 477 2576 530 κατ’
2633 475 2951 549 ἀνθρώπους
3007 477 3199 548 τιμὴν,
3258 475 3292 544 ἢ
3324 473 3387 544 δὴ
3419 473 3667 547 δεξιώσεις
3705 480 3796 557 ἔχει

474 560 607 615 εἶναι
667 559 748 625 δὶς
811 564 1049 637 βάπτειν,
1111 567 1201 621 καὶ
1263 568 1523 641 Κρατύλῳ
1580 568 1791 639 μᾶλλον
1843 569 1917 630 ὡς
1973 562 2113 638 μηδὲ

474 650 630 719 ἅπαξ,
690 655 795 705 τῶν
855 656 1191 728 πραγμάτων
1245 653 1399 725 δίκην
1445 656 1661 733 ἀείρῥου
1718 656 1978 730 Γἇεύματος
2008 674 2108 707 πα-

473 740 898 813 ρατρεχὸντων),
952 744 1027 813 μή
1080 744 1262 797 καινὸν
1296 744 1433 798 εἶναι
1486 742 1614 818 μηδ’
1646 742 1830 803 ἄλλως
1865 742 2031 811 ξενον,
2066 740 2110 794 εἰ

468 827 558 881 καὶ
620 830 891 901 Ἀρσὲνιος
951 829 1214 887 ἀδικοῖτο.
1267 834 1336 886 Τὸ
1381 835 1481 908 γὰρ
1530 834 1815 908 ἀναγκαῖον
1870 829 1923 885 ἓν
1980 832 2110 884 εἶναι

468 914 557 968 καὶ
589 916 752 987 μόνον
779 918 840 970 τὸ
898 914 1134 987 εὐσεϐὲς,
1189 919 1385 974 τούτου
1445 918 1502 974 δὲ
1554 919 1894 994 τηρουμένου
1952 916 2091 973 τᾶλλ

470 1003 795 1080 ἀπεῤῥίφθαι
852 1006 1053 1081 ἀνάγκη
1103 1013 1217 1070 τοῖς
1251 1009 1599 1083 αἱρουμένοις
1661 1011 1753 1079 ζῆν
1815 1008 1951 1061 κατὰ
1984 1008 2109 1081 τρό-

467 1112 591 1147 πον.
654 1095 817 1148 Ταῦτ’
873 1092 973 1169 ἄρα
1043 1096 1131 1149 καὶ
1186 1098 1387 1169 Ἰωσήφ
1448 1094 1689 1170 ἐδέχετο,
1743 1096 1919 1149 καίτοι
1973 1094 2107 1168 πρὸς

467 1179 667 1235 ἐκεῖνον
716 1180 887 1244 οὕτως
946 1181 1089 1258 ἔχων
1146 1186 1219 1245 ὡς
1286 1182 1425 1256 μηδὲ
1477 1192 1574 1253 τῆς
1624 1184 1831 1253 κὲλλης
1882 1182 2105 1252 ἐξελθὼν

468 1274 901 1343 προϋπαντῆσαι,
951 1271 1095 1325 ἀλλὰ
1146 1270 1284 1344 μηδὲ
1314 1274 1597 1347 προσιόντι
1655 1274 2109 1347 προεξαναστῆναι

474 1358 765 1429 μακρόθεν,
818 1356 947 1429 μηδ’
1006 1357 1144 1414 ἄλλο
1199 1382 1250 1414 τι
1308 1366 1412 1414 τῶν
1471 1360 1543 1421 εἷς
1578 1362 1812 1423 θωπείαν
1857 1359 1947 1413 καὶ
1980 1380 2106 1429 σμι-

467 1445 828 1518 κροπρέπειαν
878 1447 954 1509 εἰς
1001 1450 1162 1522 χάριν
1215 1449 1362 1519 αὐτῷ
1425 1446 1829 1523 διαπράξασθαι.
1886 1449 1955 1500 Τὸ
2003 1447 2105 1520 γὰρ

469 1532 605 1605 πρὸς
632 1532 951 1610 φιλοσοφίαν
981 1536 1255 1597 ἐπικλινὲς
1302 1538 1387 1590 καὶ
1437 1537 1499 1589 τὸ
1550 1536 1684 1608 πρὸς
1730 1537 1795 1589 τὰ
1854 1533 1967 1603 εἶ’ὂη
2018 1534 2106 1587 καὶ

474 1620 614 1692 μόνα
655 1626 763 1675 τῶν
818 1625 1147 1697 πραγμάτων
1195 1620 1547 1693 ἐπιϐλητικὸν
1601 1622 1920 1695 ἀμείλικτον
1967 1623 2105 1676 ἐκεῖ·

467 1729 562 1761 νον
596 1708 755 1763 ἐτίθει
803 1710 870 1764 τὰ
916 1712 1049 1784 πρὸς
1102 1709 1262 1781 ὕλην,
1318 1713 1407 1765 καὶ
1455 1713 1515 1765 τὸ
1563 1711 1745 1787 ἐφετὸν
1792 1712 1927 1765 κατά
1982 1714 2104 1763 νοῦν

2216 564 2304 617 καὶ
2390 567 2822 637 προϋπαντήσεις
2896 564 2984 618 καὶ
3062 562 3450 639 δουλοπρεπεῖς
3500 570 3799 634 καταστάσεις

2216 652 2305 706 καὶ
2364 650 2492 707 ἄλλ’
2552 652 2702 719 ἄττα,
2737 655 2817 714 οἷς
2878 650 2943 721 δὴ
2979 653 3244 727 χαίρομεν
3278 650 3558 726 ἅνθρωποι.
3596 654 3682 708 Καὶ
3706 664 3800 719 ταῖς

2222 740 2314 812 μὲν
2366 737 2533 811 ἕξεσιν
2588 740 2817 802 ἐκείναις
2877 740 3018 794 οὕτω
3098 738 3163 808 δὴ
3240 745 3534 811 τιμητικῶς
3583 743 3686 817 εἶχε
3730 746 3801 799 καί

2223 824 2648 902 ὑπερεθαύμαζε,
2709 825 2856 902 δῶρα
2912 832 3046 882 Θεοῦ
3101 826 3298 888 ταύτας
3355 827 3661 900 ἡγούμενοςο
3706 838 3802 894 τοῖς

2219 913 2263 969 δ’
2323 914 2536 989 ἔχουσι,
2564 916 2745 979 καθὼς
2777 913 2836 969 ἂν
2890 919 2980 969 καί
3028 910 3452 986 κατελάμϐανεν,
3486 915 3637 989 εἶχεν,
3666 918 3728 978 ὡς
3754 920 3802 973 οὗ

2215 1006 2414 1065 παντὸς
2443 1005 2730 1077 γινομένου
2759 1008 2855 1057 τοῦ
2889 1003 3187 1077 γινομένου
3235 1004 3369 1056 κατὰ
3398 1004 3519 1057 Θεὸν
3546 1004 3626 1057 καὶ
3652 1006 3802 1077 ἀξίως,

2218 1091 2343 1148 ἀλλ’
2400 1093 2570 1147 ἐνίοτε
2599 1093 2687 1147 καὶ
2719 1094 2835 1147 κατ’
2865 1091 3171 1164 ἄνθρωπον,
3202 1095 3648 1165 παραχωροῦντος
3676 1099 3803 1149 Θεοῦ.

2219 1185 2334 1252 Τὴν
2378 1188 2504 1259 γοῦν
2553 1182 2808 1251 τοιαύτην
2852 1179 3281 1252 δεισιδαιμονίαν
3328 1180 3407 1234 ἀεί
3460 1182 3573 1234 ποτ’
3613 1182 3809 1256 ἀποτρε-

2215 1272 2452 1345 πόμενος
2506 1269 2670 1341 ἔδειξε
2722 1272 2811 1325 καὶ
2864 1275 2945 1342 τῷ
3003 1271 3206 1346 Ἰωσὴφ
3260 1267 3383 1323 τότε
3434 1270 3527 1336 τὴν
3578 1266 3671 1341 ’ἕξιν
3702 1316 3715 1337 ,
3759 1271 3806 1325 οὐ

2216 1360 2545 1433 προθέμενος
2576 1358 2732 1412 αὐτὸν
2767 1359 3019 1428 ἀτιμοῦν,
3052 1354 3178 1410 ἀλλ’
3236 1356 3317 1410 ἔπ’
3344 1353 3475 1408 θίσων
3520 1361 3665 1409 πᾶσιν
3693 1352 3808 1430 ἔχειν

2215 1449 2314 1515 τὴν
2365 1447 2537 1522 κρίσιν
2596 1446 2940 1520 αἱρούμενος.
2979 1448 3059 1517 [Ρ.
3109 1447 3236 1517 233]
3282 1445 3440 1500 Οὕτω
3492 1445 3585 1516 γὰρ
3635 1444 3712 1497 καὶ
3758 1445 3808 1498 τὸ

2218 1535 2520 1611 φιλόσοφον
2551 1537 2863 1612 φιλοσόφως
2894 1532 3139 1606 ἐπλήρου
3170 1537 3247 1603 τῷ
3282 1534 3358 1604 μὴ
3384 1526 3661 1604 λαμϐάνειν
3678 1531 3811 1606 πρόσ-

2218 1645 2339 1677 ωπα
2395 1624 2471 1685 εἷς
2521 1625 2621 1691 τὴν
2674 1622 2928 1691 τοιαύτην
2988 1622 3195 1694 κρίσιν,
3256 1622 3315 1683 ἢν
3377 1620 3463 1673 καὶ
3519 1621 3627 1682 καθ’
3675 1619 3803 1673 αὐτὸν

2216 1714 2450 1785 κέκρικε.
2503 1712 2654 1780 Πλὴν
2700 1712 2946 1770 κάκεῖνος
2977 1708 3132 1771 εἷδὼς
3183 1705 3470 1783 ἅνθρωπος
3527 1707 3594 1761 ὣν
3648 1706 3810 1760 καὶτὸ

467 1790 613 1869 ἔχων
645 1799 902 1871 παρεώρα
942 1799 1002 1852 τὸ
1062 1799 1364 1873 ἐφιέμενον.
1423 1800 1577 1854 ’Ὀθεν
1632 1798 1729 1852 οὐκ
1776 1799 2107 1870 ἀνθρώποις,
2138 1838 2186 1901 Β
2217 1801 2394 1874 χρεὼν
2424 1797 2856 1872 λειτουργήσων,
2905 1796 3019 1850 ἐπεὶ
3070 1796 3134 1850 τὰ
3179 1797 3296 1859 καθ’
3346 1795 3504 1849 αὐτὸν
3544 1792 3810 1864 διαθέμενος

479 1883 607 1901 ςπκι
763 1885 773 1901 1
1031 1886 1043 1901 Ἷ
1120 1882 1249 1901 01“
1415 1887 1427 1901 9
1508 1888 1517 1901 1
1719 1889 1733 1901 \
1827 1886 1839 1901 ν
1903 1888 1913 1901 ι
2088 1885 2101 1901 \
2279 1887 2289 1901 1
2484 1884 2592 1901 ’δια
2745 1886 2757 1901 ι
2815 1886 2842 1901 n
2894 1883 2908 1901 I
3260 1883 3272 1899 \
3336 1880 3382 1901 δ’
3416 1886 3444 1901 τ’
3590 1883 3631 1901 Α,
3711 1880 3722 1898 9
3767 1881 3777 1895 ⁸

2088 1885 2101 1903 κ

469 1883 616 1938 ἀλλὰ
670 1885 979 1961 πράγμασιν
1026 1882 1362 1958 ἐπιϐάλλων,
1411 1887 1628 1948 ἐκείνοις
1680 1889 1772 1959 μὲν
1823 1886 2001 1961 ἐτήρει
2048 1885 2110 1939 τὸ

470 1976 649 2045 θαῦμα
703 1974 791 2027 καὶ
827 1974 1318 2050 ὑπερεξεπλήττετο
1359 1976 1447 2030 καὶ
1481 1973 1667 2037 ἄλλως
1714 1980 1875 2047 τιμᾷν
1923 1976 2110 2049 ᾑρεῖτο

467 2209 607 2249 sane
629 2195 699 2248 ad
725 2194 981 2249 favorem
998 2194 1347 2250 invidiamve
1364 2194 2108 2251 moveretur.Unuminter-

464 2295 593 2336 esse
606 2284 850 2352 putabat
864 2283 1158 2351 sua,justu
1170 2300 1221 2336 m
1235 2284 1837 2353 amplecti,nocentem
1855 2284 2105 2340 aversari

463 2371 613 2425 Tum
643 2371 711 2424 de
752 2370 946 2425 causis
996 2374 1267 2441 protinus
1314 2371 1460 2442 ipsis
1516 2372 1641 2426 sine
1694 2373 2027 2443 praejudicio
2078 2390 2109 2426 a

461 2458 732 2529 personis
765 2459 942 2512 ducto
974 2460 1255 2513 statuenti
1289 2460 1571 2514 Arsenius
1605 2460 1841 2531 quidem
1891 2460 2109 2531 injuste

465 2548 745 2617 dejectus,
778 2547 1073 2618 Josepbus
1106 2547 1411 2618 illegitime
1461 2548 1728 2603 intrusus
1774 2549 2101 2603 videbatur.

464 2635 642 2691 Trahi
672 2636 825 2689 enim
860 2636 919 2689 in
951 2636 1241 2691 censendo
1269 2636 1557 2705 judicium
1590 2654 1623 2691 a
1653 2636 1932 2703 studio,et
1964 2652 2104 2708 pen-

466 2725 610 2780 dens
626 2723 931 2778 arbitrium
953 2722 1147 2777 liberae
1170 2724 1379 2779 mentis
1398 2724 1665 2779 inclinari
1683 2724 1994 2779 momentis
2010 2727 2108 2778 aut

467 2812 734 2884 obsequii
757 2812 990 2867 obnoxii
1013 2816 1114 2868 aut
1136 2818 1597 2883 quaestuosarum
1625 2813 1939 2880 rationum,
1973 2812 2106 2866 vitio

465 2901 793 2973 imputabat
824 2901 1033 2956 animae
1068 2902 1230 2956 humi
1263 2902 1570 2973 reptantis,
1605 2918 1708 2955 nec
1742 2900 2007 2955 attollere
2047 2918 2108 2955 se

468 2994 613 3061 aptae
638 3007 818 3060 supra
841 3005 1099 3045 massam
1123 2990 1273 3045 hanc
1296 2991 1464 3045 vilem
1492 3006 1700 3044 crassae
1721 2988 2107 3043 (IODCPethDlS

464 3077 525 3132 in
559 3077 1108 3149 contemplationem
1137 3079 1247 3132 sibi
1281 3093 1670 3149 congenerum
1704 3081 1760 3131 et
1790 3094 1850 3131 se
1898 3076 2104 3148 digna-

468 3183 599 3220 rum
635 3166 897 3219 idearum
931 3165 1249 3237 superioris
1296 3165 1555 3235 sphazraa.
1609 3168 1887 3220 Caeterum
1938 3172 1999 3220 ut
2047 3166 2104 3220 in

2221 1887 2450 1960 χάρταις
2480 1884 2659 1940 ἐδίδου
2704 1886 2766 1939 τὸ
2814 1883 3096 1959 βούλημα,
3125 1917 3193 1926 --
3220 1883 3282 1937 τὸ
3333 1880 3382 1937 δ’
3408 1886 3470 1950 ἧν
3525 1883 3631 1936 καθ’
3675 1880 3810 1947 αὐτὴν

2216 1974 2316 2042 τὴν
2372 1974 2509 2046 μονὴ
2569 1972 2651 2027 ἀεί
2700 1993 2831 2027 ποτε
2879 1969 3185 2045 διαμένειν,
3249 1968 3420 2045 μηδὲν
3465 1969 3594 2024 κατά
3642 1964 3813 2042 μηδένα

2220 2195 2499 2251 nimirum
2534 2197 2659 2267 ejus
2691 2200 3047 2267 exaggeratis
3073 2195 3388 2264 cujusdam
3420 2197 3477 2249 et
3506 2192 3724 2247 modum
3742 2205 3818 2244 sn-

2217 2301 2537 2355 pergressae
2567 2285 2862 2356 vulgarem
2900 2283 3281 2355 philosophiae
3305 2283 3456 2338 84]
3483 2278 3818 2336 theorematis

2216 2373 2485 2429 irretorto
2536 2375 2722 2429 deﬁxa
2777 2378 3075 2444 suspectu,
3129 2374 3396 2443 adeoque
3450 2388 3516 2425 ex
3558 2367 3817 2425 altissimis

2217 2462 2503 2517 duntaxat
2524 2467 2758 2517 assueta
2782 2462 3107 2516 rationibus
3130 2460 3426 2515 mstimare
3442 2476 3530 2514 res
3545 2459 3817 2522 humanas,

2217 2550 2471 2622 rigidum
2507 2551 2837 2605 sustinebat
2868 2549 3030 2604 illum
3063 2554 3120 2603 et
3150 2548 3548 2603 inﬂexibiliter
3597 2548 3812 2600 erectum

2217 2641 2286 2693 ab
2308 2639 2419 2693 ista
2442 2639 2769 2694 humilitate
2792 2638 3117 2693 officiorum
3142 2637 3475 2692 aulicorum
3500 2633 3812 2702 omninoque

2218 2744 2251 2783 a
2280 2728 2484 2797 quovis
2517 2733 2783 2798 respectu
2818 2728 3092 2792 materie,
3143 2725 3368 2796 quippe
3418 2724 3520 2795 qui
3566 2722 3811 2778 abstracto

2216 2815 2453 2870 intuens
2502 2816 2655 2886 quod
2704 2815 3027 2886 optandum
3075 2818 3218 2880 erat,
3253 2813 3413 2882 quod
3449 2812 3657 2884 passim
3688 2811 3813 2878 opta-

2216 2905 2390 2959 batur
2419 2903 2757 2975 negligeret.
2791 2902 2952 2957 Unde
2985 2920 3097 2957 non
3142 2902 3491 2956 hominibus
3539 2899 3633 2955 sed
3678 2896 3819 2951 rebus

2215 2990 2497 3060 intentus,
2531 2991 2623 3045 his
2655 2990 2892 3062 quidem
2920 2990 3192 3063 servabat
3239 2986 3702 3052 admirationem,
3744 2980 3818 3035 his

2217 3080 2601 3135 attentissime
2693 3078 3119 3133 considerantis
3201 3074 3657 3149 instupescebat,
3731 3069 3824 3125 alia

2215 3188 2312 3226 eas
2344 3171 2710 3225 veneratione
2742 3169 3178 3241 prosequendas
3210 3171 3482 3223 statuens
3530 3178 3689 3236 quam
3734 3160 3824 3214 ista

472 3253 593 3308 rivo
644 3258 965 3324 proﬂuente
1011 3260 1127 3308 tam
1181 3259 1623 3309 momentancus
1679 3258 1768 3309 est
1822 3254 2101 3309 transitus
2137 3254 2178 3321 C
2218 3259 2622 3330 superstitiose
2656 3257 2859 3313 sedula
2889 3256 3225 3312 commercii
3257 3254 3529 3321 humani,
3561 3268 3679 3324 qua
3707 3264 3821 3303 con-

468 3342 909 3397 succedentium
957 3343 1203 3397 invicem
1253 3343 1568 3413 irrequieto
1621 3361 1797 3398 cursu
1852 3344 2106 3413 partium

464 3449 663 3502 aequae,
699 3440 761 3485 ut
794 3448 961 3486 nemo
996 3431 1085 3486 bis
1118 3432 1175 3485 in
1207 3433 1494 3497 eamdem,
1547 3433 1701 3503 quod
1751 3439 1901 3489 recte
1950 3434 2106 3488 dice-

464 3518 564 3573 bat
596 3517 945 3587 Heraclitus,
981 3518 1232 3589 digitum
1266 3519 1607 3574 immersum
1646 3521 1831 3591 possit
1864 3521 2107 3591 tingere,

463 3606 583 3661 imo
618 3626 686 3662 ue
718 3607 896 3662 semel
929 3608 1186 3678 quidem,
1222 3608 1270 3662 si
1307 3608 1535 3680 Cratylo
1585 3610 1860 3677 creditur,
1913 3610 2110 3664 existi-

470 3696 651 3749 manti
677 3698 908 3749 unicam
937 3712 1167 3766 quoque
1193 3696 1528 3751 tiuctionem
1556 3697 1823 3768 pluribus
1852 3699 2108 3752 vicissim

471 3786 823 3855 respondere
858 3786 1160 3859 particulis
1191 3804 1418 3857 semper
1449 3787 1695 3841 labentis
1730 3789 1915 3845 undae,
1967 3787 2109 3841 nihil

472 3890 685 3928 novum
718 3879 819 3927 aut
851 3875 1215 3943 inepinatum
1246 3875 1423 3928 videri
1457 3876 1688 3939 debere,
1715 3875 1759 3929 si
1795 3877 1967 3929 rebus
1998 3875 2110 3929 hu»

471 3962 663 4015 manis
690 3962 949 4016 instabili
978 3979 1103 4017 sese
1125 3963 1406 4032 vertigine
1440 3962 2111 4033 volventibusmullaquc

466 4050 549 4104 vel
576 4052 643 4105 ad
674 4053 839 4105 breve
861 4052 1116 4121 spatium
1142 4053 1384 4105 immota
1409 4059 1805 4123 permanente,
1833 4054 2110 4107 Arsenius

466 4156 695 4211 quoque
728 4139 847 4194 vice
880 4157 987 4194 sua
1021 4158 1228 4211 passus
1260 4144 1413 4194 esset
1439 4140 1738 4210 injuriam.
1788 4142 1955 4196 Porro
2010 4159 2109 4195 ne-

466 4228 787 4283 cessarium
822 4229 878 4281 in
912 4228 1033 4283 vita
1065 4244 1247 4281 unum
1283 4244 1429 4291 esse,
1474 4233 1667 4282 tenere
1718 4230 1977 4283 officium
2029 4248 2087 4285 re

467 4315 684 4387 ligiosm
723 4318 949 4387 Deoque
981 4317 1255 4383 subjectae
1292 4315 1541 4384 mentis;
1576 4317 1633 4369 in
1669 4334 1780 4386 quo
1828 4318 1927 4387 qui
1981 4336 2109 4389 per-

468 4410 619 4461 stare
648 4404 795 4458 volet
816 4410 871 4458 et
893 4421 961 4458 ex
991 4404 1325 4474 praescripto
1356 4404 1592 4460 virtutis
1622 4406 1831 4472 vivere,
1865 4406 2109 4475 abjicere

468 4492 625 4548 hunc
656 4496 919 4563 oporteat
953 4509 1123 4546 curas
1160 4492 1489 4547 mortalium
1522 4499 1858 4559 eventuum,
1901 4501 1957 4548 et
2007 4512 2107 4548 an-

466 4580 576 4636 xiis
610 4581 822 4635 studiis
854 4579 1099 4650 sapienti
1126 4596 1368 4634 casuum
1393 4580 1819 4637 occurrentium
1846 4582 2104 4649 neglectu
2140 4615 2185 4678 Β

465 4668 645 4725 semel
698 4667 956 4738 defungi.
1007 4672 1139 4721 Haec
1187 4684 1318 4722 cum
1380 4668 1751 4740 peculiariter
1799 4669 2104 4725 familiaria

465 4756 577 4813 sibi
610 4757 885 4827 dogmata
915 4759 1039 4809 tum
1074 4756 1428 4812 Blemmidas
1457 4757 1713 4828 Josepho
1746 4775 1941 4813 coram
1992 4758 2102 4829 ipsi

465 4845 866 4910 disseruisset,
917 4844 1317 4914 comprobavit
1378 4847 1471 4900 ille
1534 4847 1941 4917 laudavitque;
2001 4864 2104 4901 nec

466 4939 691 4989 mutam
726 4934 797 4988 ab
832 4932 930 4987 illo
963 4938 1158 4987 tamen
1192 4936 1608 4989 assentationis
1644 4936 1822 4989 ullius
1872 4952 2103 5007 (“KPI‘QS'

465 5024 539 5078 sit
600 5022 806 5078 vicem.
857 5023 1010 5077 Adeo
1068 5022 1221 5076 enim
1283 5023 1353 5077 ab
1405 5023 1540 5077 huic
1586 5022 1879 5077 adulando
1924 5024 2107 5078 abfuit

465 5111 843 5177 Blemmidas,
868 5117 928 5165 ut
952 5127 1133 5181 neque
1157 5112 1224 5165 ad
1251 5129 1310 5166 se
1335 5112 1680 5166 invisentem
1711 5112 2101 5180 patriarcham

466 5199 695 5254 obviam
726 5216 755 5252 e
786 5196 928 5252 cella
960 5197 1187 5267 prodire
1214 5198 1576 5269 dignaretur,
1612 5216 1677 5253 ac
1723 5214 1792 5251 ne
1844 5200 2105 5270 ingresso

467 5288 704 5358 quidem
739 5293 795 5340 ct
827 5288 893 5340 ad
931 5288 1229 5340 sedentem
1263 5287 1456 5357 ipsum
1508 5286 1767 5357 pergenti
1819 5304 1886 5340 ex
1936 5287 2106 5341 inter-

466 5375 617 5430 vallo
640 5382 969 5446 assurgeret
992 5381 1093 5428 aut
1123 5374 1301 5428 ullam
1336 5372 1577 5429 omnino
1609 5375 1901 5430 tralatitiae
1933 5376 2103 5431 istius

473 5463 822 5518 urbanitatis
855 5462 1286 5516 venerationem
1315 5468 1542 5518 curaret
1574 5464 1870 5533 adbibere,
1905 5465 2104 5536 pusilli

472 5568 602 5606 esse
632 5556 807 5622 atque
848 5552 915 5605 ad
963 5550 1299 5604 servitutem
1344 5552 1553 5621 abjecti
1601 5554 1777 5607 animi
1828 5561 2106 5625 reputans

472 5641 543 5696 ad
569 5639 902 5710 bujusmodi
929 5655 1058 5695 sese
1079 5640 1328 5711 aucupia
1357 5640 1554 5712 gratiae
1584 5642 1907 5699 demittere.
1944 5649 2105 5700 Mens

2212 3352 2329 3403 stat
2359 3345 2795 3416 exceptionibus
2828 3347 2897 3399 ad
2931 3344 3271 3399 blanditiam
3303 3341 3666 3414 compositis,
3706 3336 3818 3392 aﬂ'e-

2212 3441 2360 3490 ctata
2392 3435 2719 3489 renidentia
2750 3431 3399 3499 vultuum,occursibus
3432 3427 3702 3486 officiosis
3729 3440 3817 3479 cre-

2212 3530 2452 3594 teraque
2489 3523 2717 3577 servilis
2784 3522 3051 3592 obsequii
3123 3520 3490 3591 professione
3557 3512 3819 3577 simulata,

2214 3612 2413 3683 quales
2464 3628 2567 3666 nos
2618 3610 3023 3665 illusiunculas
3081 3609 3331 3663 invicem
3384 3609 3733 3664 commutare
3773 3598 3822 3652 in

2215 3700 2634 3755 consuetudine
2661 3700 2787 3753 vita:
2811 3700 3044 3753 urbanae
3069 3696 3339 3752 homines
3374 3697 3709 3768 gaudemus.
3741 3686 3821 3744 Ille

2215 3796 2410 3843 autem
2446 3789 2678 3842 habitus
2711 3788 2946 3859 quidem
2982 3787 3123 3841 istos
3147 3802 3179 3839 a
3200 3786 3574 3841 concretione
3603 3774 3824 3836 materie

2215 3880 2512 3949 sejunctos
2544 3878 2702 3948 (nam
2736 3877 2842 3930 bos
2874 3876 2957 3930 sic
3008 3875 3161 3929 nude
3209 3872 3538 3944 spectabat)
3591 3875 3645 3925 et
3689 3878 3831 3920 vene-

2214 3967 2436 4020 ratione
2464 3965 2926 4035 prosequebatur
2959 3979 3168 4033 magna
3196 3967 3253 4016 et
3282 3979 3465 4033 supra
3497 3959 3723 4014 modum
3753 3950 3832 4005 ad-

2217 4056 2560 4116 mirabatur,
2594 4055 2746 4109 dona
2778 4053 2873 4107 Dei
2909 4052 3038 4106 illos
3070 4056 3372 4121 reputans.
3427 4051 3536 4105 Eos
3586 4060 3742 4118 porro
3780 4039 3826 4092 in

2215 4144 2431 4212 quibus
2463 4148 2859 4209 cernerentur,
2906 4157 3009 4211 pro
3062 4141 3231 4193 modo
3280 4155 3399 4208 quo
3446 4154 3543 4193 eos
3592 4136 3661 4190 ab
3708 4126 3827 4201 ipsis

2217 4232 2613 4286 arbitrabatur
2664 4229 2999 4301 participari
3060 4228 3371 4295 tractabat,
3429 4227 3513 4280 sic
3576 4221 3717 4294 apud
3778 4231 3826 4269 se

2214 4325 2503 4388 statuens,
2537 4337 2649 4374 non
2684 4336 2845 4389 asque
2874 4334 3097 4384 omnes,
3132 4316 3347 4387 quibus
3395 4316 3673 4378 inessent,
3723 4306 3830 4360 illos

2216 4409 2541 4463 secundum
2567 4414 2748 4464 Deum
2775 4407 2948 4478 digne
2983 4404 3410 4476 possidere,sed
3448 4401 3727 4474 quosdam
3759 4395 3828 4447 in-

2216 4498 2441 4551 terdum
2513 4497 2835 4551 secundum
2897 4495 3215 4559 hominem,
3276 4494 3393 4547 Deo
3465 4487 3830 4562 permittente.

2216 4586 2392 4641 Usum
2425 4602 2593 4657 porro
2621 4585 2798 4637 istum
2850 4600 3024 4637 suum
3076 4588 3132 4637 et
3179 4598 3402 4636 morem
3456 4580 3638 4634 libere
3683 4569 3833 4627 omit-

2214 4673 2375 4729 tendi
2408 4673 2877 4743 superstitionem
2912 4672 3082 4725 istam
3119 4670 3438 4742 quamdam
3474 4671 3831 4738 personarum

2215 4761 2384 4817 anxia
2416 4760 2725 4818 sedulitate
2754 4760 3210 4814 venerandarum
3246 4757 3423 4812 etiam
3456 4761 3601 4809 tunc
3650 4751 3707 4804 in
3750 4744 3834 4801 εἷο-

2214 4851 2393 4920 sepbo
2438 4850 2645 4917 tenuit,
2683 4865 2793 4902 non
2828 4864 2955 4902 eum
2992 4846 3283 4918 praecipue
3315 4849 3717 4901 contemnens,
3748 4831 3830 4927 sed

2213 4919 2607 5007 exceptionem
2643 4954 2675 4990 a
2706 4953 2813 4990 suo
2845 4934 3155 4989 universali
3182 4931 3404 5001 judicio
3438 4935 3497 4984 et
3529 4927 3697 4983 modo
3738 4919 3833 4976 sibi

2213 5027 2444 5097 praefixo
2472 5042 2601 5079 cum
2639 5025 2913 5078 omnibus
2944 5022 3149 5094 agendi
3182 5023 3241 5075 in
3274 5021 3454 5090 hujus
3496 5016 3672 5071 unius
3718 5022 3833 5081 gra'

2211 5116 2353 5169 tiam
2404 5114 2513 5167 sibi
2562 5131 2673 5167 non
2734 5112 3057 5167 taciendam
3120 5125 3384 5165 censens.
3438 5107 3527 5161 Ita
3582 5101 3731 5158 enim
3783 5106 3833 5146 εθ

2214 5202 2616 5276 ριιὶιοεορὴίοε
2649 5201 2892 5271 obsequi
2924 5200 3166 5271 putabat
3216 5196 3558 5271 praescripto
3606 5189 3686 5245 illi
3732 5196 3835 5239 suae

2214 5292 2592 5365 philosophias
2609 5290 2839 5361 jubenti
2858 5306 2970 5343 non
2988 5290 3298 5343 admittere
3314 5284 3497 5339 ullum
3523 5278 3832 5365 respectqu

2214 5380 2601 5450 singularium
2638 5393 3018 5450 personarum
3052 5377 3106 5430 in
3133 5377 3354 5446 judicio
3384 5373 3456 5425 de
3490 5359 3835 5452 rebus,nude

2213 5486 2278 5524 ac
2310 5484 2463 5522 mere
2497 5474 2561 5521 ut
2592 5472 2731 5521 sunt
2781 5467 2852 5519 ab
2900 5481 2987 5534 eo,
3041 5470 3105 5518 ut
3161 5466 3376 5519 dictum
3440 5462 3550 5522 est,
3602 5455 3832 5523 spectari

2213 5556 2606 5626 aestimarique
2637 5554 2843 5609 solitis.
2893 5554 3174 5608 Caeterum
3219 5552 3306 5606 vir
3351 5547 3446 5602 hic
3495 5543 3632 5598 talis
3678 5551 3832 5607 repu-

2214 5650 2346 5703 tans
2376 5663 2434 5703 se
2479 5644 2800 5715 hominem,
2850 5646 2907 5700 et
2954 5656 3264 5698 commune
3314 5639 3541 5694 naturae
3590 5628 3832 5686 debitum
