4130 6270
311 353 421 410 793

1372 360 1469 415 DE
1506 361 1879 416 MICHAELE
1914 362 2359 419 PALEOLOGO
2393 364 2527 418 LIB.
2566 364 2637 417 V.

3601 356 3707 411 794

305 476 509 551 τρόπον
578 476 949 533 ὑποπεσοῦσαν
1010 481 1183 554 ἑτέρᾳ,
1239 479 1329 535 καὶ
1370 481 1504 552 ἅπερ
1536 483 1685 554 εἶχεν
1715 481 1774 536 ἐκ
1802 482 1953 556 βασι-
1982 485 2036 551 Α
2066 483 2247 558 Θρᾴκῃ
2280 485 2573 559 ἆνακωχήν
2631 485 2898 559 γενέσθαι,
2958 481 3042 551 ἐηὶ
3099 480 3242 537 πολὺ
3303 478 3707 552 δαπανωμένων

310 564 450 620 λέων
484 563 972 642 φιλοφρονήματα,
1005 568 1079 629 ὡς
1106 571 1516 640 συμποσοῦσθαι
1564 571 1625 623 τὸ
1681 575 1784 623 πᾶν
1842 574 1949 624 τῶν

307 655 662 726 νομισμάτων
724 655 801 716 εἴς
861 656 1046 709 ἑκατὸν
1109 654 1310 729 λιτρῶν
1368 657 1625 731 ἀριθμὸν,
1677 658 1767 711 καὶ
1820 657 1953 712 αὐτὰ

306 746 378 816 τῇ
441 746 582 815 μονῇ
634 746 731 796 τοῦ
787 738 942 804 ὄντος
995 748 1131 798 Θεοῦ
1180 749 1281 815 (τῷ
1332 746 1434 819 γὰρ
1468 742 1581 800 ὅντι
1628 748 1833 819 κυρίως
1861 747 1947 800 καὶ

306 834 716 906 προσανέκειτο)
792 831 1122 907 ἀναφαίρετοι
1197 831 1589 907 διατηρηθέντα
1661 834 1737 895 εἷς
1798 854 1950 908 περι-

304 920 529 989 ποίησίν
568 940 627 973 τε
682 920 770 974 καὶ
828 921 926 987 τήν
978 925 1086 974 τῶν
1118 920 1505 992 ἐλλειμμάτων
1552 920 1951 997 ἀποπλήρωσιν

306 1009 465 1065 εἶναι.
521 1008 619 1061 Τὸν
672 1005 729 1061 δὲ
781 1012 1027 1062 τοιοῦτον
1085 1012 1191 1061 τῶν
1250 1009 1703 1082 ἀποτεταγμένων
1736 1012 1945 1084 χάρτην

299 1096 391 1150 καὶ
463 1094 621 1149 αὐτὸν
690 1095 844 1167 ἠξίου
899 1096 990 1150 τὸν
1051 1096 1396 1170 πατριάρχην
1460 1098 1947 1169 ὑποσημαίνεσθαι,

301 1184 391 1238 καί
419 1204 479 1258 γε
513 1182 738 1257 βασιλέα
778 1183 1064 1259 ἐπικυροῦν
1122 1184 1367 1260 λιπαρῶς
1413 1186 1636 1257 ἀξιῶσαι
1685 1186 1818 1261 πρὸς
1848 1186 1944 1253 τὴν

301 1271 465 1326 πόλιν
520 1272 904 1330 ἐπανεΛθὸντα.
965 1272 1062 1327 Καὶ
1116 1273 1335 1347 γέγονεν
1395 1273 1561 1340 οὕτω,
1617 1272 1712 1328 κᾶν
1744 1275 1946 1328 ἀποθα-

298 1359 487 1423 νόντος
536 1359 764 1431 ἐκείνου,
825 1362 1088 1431 ὀστράκου
1147 1362 1275 1433 φασὶ
1338 1361 1772 1434 μεταπεσόντος,
1828 1362 1945 1416 ἀνε-

298 1442 580 1520 λάμϐανόν
637 1468 695 1502 τε
750 1449 845 1509 τὰς
902 1447 1257 1523 ἐπικυρώσεις
1312 1450 1401 1504 καὶ
1456 1452 1523 1504 τὰ
1553 1447 1946 1524 διατεταγμένα

299 1534 537 1604 διέλυον,
596 1539 671 1599 ὡς
718 1538 785 1591 τά
845 1539 937 1609 μὲν
994 1539 1308 1611 νομίσματα
1363 1543 1431 1612 τῇ
1491 1538 1719 1613 Μεγάλῃ
1746 1541 1947 1610 ταυτηῒ

294 1624 559 1697 ἐκκλησίᾳ
618 1634 1080 1696 προσανατεθῆναι
1141 1626 1216 1689 εἷς
1276 1627 1672 1702 περιποίησιν,
1728 1630 1827 1697 τὴν
1887 1626 1943 1683 δὲ

298 1714 471 1785 μονὴν
503 1713 711 1783 ἐκείνην
772 1713 838 1787 τῇ
869 1718 965 1767 τοῦ
997 1714 1270 1784 Γαλησίου
1306 1719 1447 1787 μονῇ
1493 1715 1818 1783 ὑποτεθῆναι
1868 1716 1942 1777 είς

299 1802 582 1892 μετοχιον.
641 1808 699 1892 Ὀ
758 1807 912 1892 γοξύνΔ
947 1803 1212 1892 ἱεράρχης
1243 1804 1441 1892 Ἰωσὴιρ
1472 1807 1539 1877 τῇ
1591 1802 1829 1877 ἀνατολῇ
1861 1805 1943 1881 ἐφ’
1969 1828 2018 1892 Β

293 1890 476 1945 ἱκανὸν
505 1887 789 1965 διατρίψας
822 1889 1140 1968 ὑπέστρεφεν
1171 1890 1247 1951 εἲς
1280 1890 1591 1959 Βυζάντιον.

289 2032 359 2106 γ’.
388 2033 572 2093 Ὅπως
594 2034 677 2106 τῷ
708 2028 1041 2106 Βουλγάρων
1078 2030 1300 2106 βασιλεῖ
1329 2032 1717 2106 Κων-σταντίνῳ
1769 2035 1805 2103 ἡ
1835 2039 1935 2103 τῆς

542 2101 816 2177 Εὐλογίας
852 2101 1087 2179 θυγάτηρ
1128 2102 1205 2165 εἰς
1235 2104 1412 2179 γάμον
1448 2101 1685 2174 ἐξεδόθη.

364 2246 449 2317 [Ρ.
480 2246 607 2316 234]
642 2244 740 2299 Καὶ
775 2244 907 2316 μετὰ
957 2244 1148 2319 μικρὸν
1179 2251 1280 2313 τῆς
1304 2248 1399 2299 τοῦ
1453 2243 1721 2319 βασιλέως
1752 2244 1936 2301 Βουλ-

288 2331 471 2410 γάρων
531 2331 940 2388 Κωνσ-ταντίνου
997 2332 1227 2407 συζύγου
1281 2333 1521 2405 Εἰρήνης
1596 2330 1933 2404 μεταλλαξά-

290 2443 411 2492 σης,
445 2421 521 2482 εἷς
554 2419 785 2482 σπονδὰς
810 2423 837 2476 ὁ
886 2426 1097 2495 κρατῶν
1146 2421 1343 2475 ἐκεῖνον
1406 2419 1576 2485 θέλων
1611 2419 1824 2491 συνᾶξαι
1882 2422 1935 2486 ἐς

291 2509 323 2565 ὃ
378 2515 494 2571 τοῖς
552 2509 691 2563 κατὰ
744 2509 836 2563 τὸν
891 2512 1068 2583 Αἷμον
1101 2510 1191 2564 καὶ
1221 2510 1355 2584 αὐτῇ
1386 2530 1451 2585 γε
1486 2506 1795 2581 Μακεδονίᾳ
1842 2511 1931 2563 καὶ

296 2744 361 2784 se
389 2726 717 2783 soluturum
759 2726 976 2793 sciens,
1005 2729 1359 2780 testamento
1416 2725 1648 2781 condito
1694 2726 1765 2780 de
1811 2726 1936 2779 suis

298 2815 474 2871 rebus
500 2814 701 2869 statuit
730 2815 788 2869 in
819 2814 976 2869 hunc
1009 2815 1263 2868 modum.
1308 2813 1749 2883 Monasterium,
1780 2815 1934 2870 842

304 2903 363 2958 in
410 2918 523 2974 quo
564 2903 803 2974 degebat
829 2907 885 2958 et
917 2918 1284 2973 perseverare
1322 2917 1555 2972 semper
1583 2902 1932 2967 decreverat,

298 2990 385 3048 sic
438 2994 497 3046 ut
545 2995 681 3047 tunc
728 2997 871 3059 erat,
918 3007 1153 3046 manere
1206 3006 1439 3061 semper
1481 2990 1754 3057 liberum,
1788 2991 1934 3045 nulli

298 3096 555 3152 unquam
610 3079 1037 3151 subjiciendum
1089 3078 1274 3143 alteri,
1318 3079 1583 3149 jubebat.
1617 3079 1777 3145 Quod
1829 3095 1933 3133 au-

2056 575 2164 625 τῶν
2220 573 2629 646 στρατευμάτων
2689 578 2807 636 τοῖς
2864 571 3111 646 συνεχέσι
3142 563 3434 641 πολέμοις,
3486 569 3702 641 πέμψας

2059 656 2546 735 διαπρεσϐεύεται,
2616 661 3049 734 ὑπισχνούμενος
3126 658 3199 719 εἰς
3276 655 3445 726 κῆδος
3515 656 3701 728 ἐκείνῳ

2059 746 2241 803 δοῦναι
2300 752 2516 818 καίτήν
2567 746 2863 826 ἀδελφιδῆν
2918 747 3107 802 ἑαυτοῦ
3162 746 3373 820 Μαρίαν
3434 747 3531 812 τὴν
3591 750 3696 798 τῶν

2057 837 2357 912 θυγατέρων
2390 845 2489 907 τῆς
2523 838 2789 911 Εὐλογίας
2833 835 3105 911 δευτέραν,
3228 833 3292 902 δὴ
3356 835 3582 905 συνῴκει
3638 834 3700 887 τὸ

2054 927 2317 999 πρότερον
2371 928 2398 979 ὁ
2456 926 2634 995 Φιλῆς
2695 924 2939 994 Ἀλέξιος
2998 924 3092 977 καὶ
3150 923 3315 996 μέγας
3359 920 3700 993 δομέστικος.

2056 1014 2155 1068 Καὶ
2216 1011 2283 1080 δὴ
2333 1018 2439 1067 τῶν
2492 1016 2665 1087 ὅρκων
2716 1010 3034 1088 προϐάντων
3089 1012 3161 1071 ὡς
3220 1006 3695 1083 συλλαμϐάνεσθαι

2054 1099 2266 1161 τούτοις
2332 1102 2421 1155 καὶ
2502 1096 2877 1175 Μεσέμϐρειαν
2953 1100 3040 1153 καὶ
3116 1097 3417 1172 Ἀγχίαλον
3470 1097 3701 1170 (ἐκείνου

2054 1189 2152 1263 γάρ
2190 1189 2353 1252 οὗσας
2404 1194 2693 1263 κατασχεῖν
2751 1184 2997 1264 βασιλέα,
3045 1187 3132 1241 καὶ
3184 1187 3331 1247 αὖθις
3375 1186 3518 1255 ἀξιον
3570 1186 3701 1238 εἶναι

2052 1278 2142 1331 τὸν
2197 1281 2322 1351 πρὶν
2380 1274 2581 1352 ἔχοντα
2638 1273 2933 1349 λαμϐάνειν
2996 1276 3156 1335 αὐτὰς
3211 1273 3299 1327 ἐπὶ
3348 1279 3424 1345 τῷ
3475 1294 3700 1347 γενησο-

2056 1364 2203 1437 μένῳ
2259 1367 2333 1427 ὡς
2390 1372 2593 1440 προῖκα
2639 1364 2819 1435 κήδει)
2850 1367 2877 1420 ὁ
2931 1366 3023 1436 μὲν
3080 1361 3333 1437 βασιλεὺς
3374 1363 3443 1415 τὰ
3477 1363 3570 1433 μὲν
3602 1366 3697 1415 τοῦ

2050 1451 2252 1523 κήδους
2280 1453 2525 1527 ἐπλήρου
2566 1456 2641 1518 ὡς
2690 1454 2809 1509 λίαν
2871 1453 3177 1529 φιλοτίμως
3228 1453 3316 1504 καὶ
3375 1449 3694 1525 βασιλικῶς.

2052 1543 2307 1612 Συνεξήει
2366 1543 2468 1616 γὰρ
2533 1547 2602 1615 τῇ
2663 1542 3155 1619 νυμφευθησομένῃ
3216 1538 3377 1599 αὐτὸς
3438 1536 3693 1611 βασιλεὺς

2049 1630 2138 1682 καὶ
2195 1631 2223 1683 ὁ
2273 1630 2639 1706 πατριάρχης,
2698 1632 2795 1683 κάν
2847 1625 3129 1701 Σηλυϐρίᾳ
3159 1626 3463 1701 γενόμενοι,
3520 1624 3692 1680 ἐκεῖσε

2051 1714 2405 1779 δεσποινικῶς
2464 1720 2989 1790 μετασκευασάμενοι
3039 1718 3139 1784 τὴν
3197 1715 3271 1776 εἷς
3322 1714 3501 1789 γάμον
3546 1736 3685 1787 πεμ-

2049 1805 2289 1877 πομένην
2350 1811 2427 1877 τῷ
2486 1806 2893 1877 Κωνσταντίνῳ,
2926 1803 3134 1873 ἐκείνην
3173 1805 3265 1875 μὲν
3303 1801 3405 1857 ὑπὸ
3458 1802 3690 1877 πλείστῃ

2049 1891 2345 1971 δορυφορίᾳ
2392 1895 2529 1966 πρὸς
2577 1894 2779 1949 ἐκεῖνον
2830 1892 3095 1961 ἀπέλυον,
3156 1892 3307 1946 αὐτοὶ
3353 1888 3398 1944 δ’
3435 1892 3692 1964 ὑπέστρε-

2046 2003 2165 2059 φον.
2204 1982 2299 2039 Καὶ
2328 1984 2393 2037 τὰ
2425 1984 2519 2055 μὲν
2567 1987 2664 2037 τοῦ
2711 1980 2914 2052 κήδους
2974 1980 3207 2040 οὕτωςό
3266 1978 3524 2053 βασιλεὺς
3583 1978 3697 2048 ἐξε-

2044 2068 2288 2143 πλήρου,
2345 2071 2412 2125 τὰ
2443 2068 2500 2125 δὲ
2529 2071 2651 2145 περὶ
2683 2070 2777 2132 τὰς
2808 2069 2999 2130 πόλεις
3030 2063 3387 2136 ἀνεϐάλλετο,
3438 2072 3558 2128 ταῖς
3594 2069 3688 2139 μὲν

2046 2156 2326 2227 ἀληθείαις
2404 2156 2561 2220 εἰδὼς
2642 2158 2882 2213 ἐντεῦθεν
2961 2154 3506 2231 παραιρεθησομένην
3589 2156 3689 2223 τήν

2044 2244 2323 2318 Ῥωμαΐδα
2378 2247 2445 2299 τὰ
2488 2246 2767 2321 κράτιστα,
2819 2250 2898 2316 τῷ
2928 2242 2985 2299 δὲ
3042 2243 3433 2315 Κωνσταντίνῳ
3478 2242 3692 2319 προφά-

2046 2354 2154 2395 σεις
2211 2334 2506 2389 ἐπλάττετο
2566 2337 2817 2401 πιθανὰς,
2852 2331 3026 2396 ἄλλας
3079 2353 3137 2386 τε
3190 2332 3280 2385 καὶ
3336 2332 3399 2385 τὸ
3434 2332 3507 2403 μὴ
3537 2330 3681 2405 ἔχειν

2045 2420 2232 2483 ἐνθέως
2264 2420 2469 2492 δοῦναι,
2508 2425 2581 2496 μὴ
2644 2428 2751 2477 τῶν
2780 2424 3012 2477 ἐποίκων
3063 2417 3513 2493 καταδεχομένων
3573 2421 3678 2474 τῶν

2042 2509 2301 2565 πόλεων·
2360 2513 2665 2584 Ῥωμανίας
2730 2511 2833 2586 γὰρ
2911 2515 3045 2564 εἶναι
3080 2510 3271 2583 ¹μέρος
3330 2507 3537 2569 ἐκείνας
3594 2508 3688 2562 καὶ

2045 2730 2204 2782 rator
2234 2727 2525 2783 devincire
2556 2727 2668 2783 sibi
2699 2726 2942 2782 firmiori
2991 2724 3189 2797 aliquo
3236 2722 3491 2793 vinculo,
3518 2726 3575 2778 et
3605 2721 3690 2779 sic

2044 2816 2381 2887 regionibus
2435 2817 2627 2871 Haach
2677 2816 2981 2887 subjectis,
3010 2815 3097 2869 uti
3127 2814 3299 2869 etiam
3341 2811 3687 2867 Macedoniae

2044 2922 2109 2960 ac
2150 2905 2430 2975 Thracia,
2462 2922 2662 2976 pacem
2704 2922 2768 2960 ac
2814 2905 3072 2976 quietem
3123 2918 3399 2971 asserere,
3431 2902 3584 2971 quod
3615 2916 3681 2955 eo

2042 2998 2184 3049 tunc
2230 2995 2416 3065 magis
2468 2994 2621 3048 factu
2666 2993 3059 3049 necessarium
3113 2992 3377 3064 putabat,
3416 2989 3554 3060 quia
3599 2992 3686 3043 tot

2043 3081 2333 3138 continuis
2361 3082 2831 3153 expeditionibus
2860 3099 2926 3137 ac
2955 3081 3124 3136 bellis
3154 3096 3367 3150 magna
3389 3078 3514 3149 jam
3548 3092 3685 3149 pars

291 3150 411 3226 tem
471 3150 731 3240 pecuniae
786 3168 1122 3240 possidebat
1152 3166 1458 3239 largitione
1488 3167 1929 3239 imperatorum,
1962 3150 2004 3217 ί)
2045 3171 2316 3226 Romanas
2352 3150 2571 3226 miiitias
2603 3171 2917 3242 absumpta
2950 3171 3155 3235 fuerat,
3188 3167 3389 3223 missis
3437 3182 3571 3220 eum
3605 3164 3684 3220 le-

292 3264 530 3315 centum
577 3257 859 3313 librarum
908 3273 1203 3313 summam
1236 3257 1570 3325 conﬁciens,
1603 3257 1713 3312 hoc
1743 3260 1930 3312 totum

292 3350 650 3405 monasterio
710 3348 895 3402 eidem
955 3347 1069 3402 Deo
1132 3347 1231 3418 qui
1284 3351 1373 3403 est
1418 3362 1581 3402 sacro
1623 3351 1780 3414 (nam
1813 3346 1931 3401 haec

295 3443 422 3493 erat
447 3436 763 3508 peculiaris
792 3437 920 3507 ejus
953 3435 1163 3490 domus
1220 3436 1598 3506 nuncupatio)
1632 3435 1931 3506 proprium

297 3526 509 3582 servari
563 3529 1025 3597 perpetuumque
1069 3524 1310 3579 attribui
1358 3524 1677 3579 mandabat
1708 3526 1766 3579 in
1799 3524 1930 3579 fun-

293 3614 546 3671 dationis
564 3618 945 3687 augmentum
969 3617 1070 3668 aut
1091 3613 1560 3684 supplementum
1579 3612 1931 3668 amissorum

287 3702 377 3759 vel
435 3704 641 3775 quovis
697 3703 868 3757 modo
920 3718 1130 3756 casuve
1183 3699 1599 3756 deficientium.
1635 3701 1710 3758 Iis
1760 3718 1929 3773 porro

287 3791 509 3847 tabulis
557 3807 846 3863 supremae
895 3807 1012 3845 suae
1066 3788 1307 3844 testibus
1347 3788 1680 3856 voluntatis,
1714 3790 1931 3860 quibus

288 3879 408 3935 ista
421 3880 874 3947 commendarat,
900 3877 1268 3933 subscribere
1291 3877 1684 3948 patriarcham
1706 3877 1889 3932 voluit
1913 3896 1926 3945 ;

288 3967 739 4040 impetravitque
763 3968 834 4023 ab
865 3968 1067 4022 eodem
1090 3972 1155 4021 ut
1176 3982 1307 4020 cum
1342 3982 1607 4021 reversus
1634 3966 1689 4020 in
1724 3966 1926 4021 urbem

290 4066 469 4122 esset,
493 4062 721 4112 curaret
750 4056 985 4112 easdem
1019 4060 1174 4110 ratas
1223 4054 1422 4109 haberi
1454 4054 1525 4109 ab
1559 4054 1926 4126 imperatore,

289 4150 351 4203 et
372 4145 563 4217 ipsius
586 4145 926 4201 auctoritate
947 4144 1017 4198 ad
1042 4148 1318 4215 quantam
1353 4148 1590 4215 possent
1620 4143 1929 4199 maximam

289 4233 631 4289 ﬁrmitatem
686 4233 969 4287 roborari.
1003 4232 1164 4297 Quod
1215 4236 1271 4286 et
1321 4232 1535 4287 factum
1586 4236 1694 4298 est,
1723 4231 1929 4303 exiguo

290 4322 530 4393 quidem
562 4338 747 4392 operae
780 4320 986 4392 pretio.
1010 4321 1155 4375 Nam
1190 4320 1513 4376 Blemmida
1544 4320 1755 4375 deinde
1774 4337 1927 4375 mor-

285 4416 413 4479 tuo,
438 4410 666 4467 cunctis
697 4408 814 4465 illis
848 4409 1153 4481 promissis
1176 4413 1232 4464 et
1251 4410 1487 4481 spebus,
1512 4408 1669 4466 velut
1696 4412 1925 4481 tegulae,

2045 3260 2197 3332 gatis
2218 3260 2290 3316 ad
2314 3260 2499 3315 foedus
2522 3260 2805 3326 invitavit,
2838 3258 3119 3331 pollicens
3138 3258 3291 3313 3.13
3318 3256 3374 3310 in
3398 3270 3680 3326 sponsam

2046 3366 2108 3403 se
2139 3348 2218 3402 illi
2254 3350 2531 3403 daturum
2564 3348 2861 3420 propriam
2893 3343 3422 3419 neptem,Eulogiaa
3446 3359 3565 3397 suae
3593 3358 3687 3395 so-

2044 3436 2192 3491 roris
2262 3437 2443 3492 ﬂliam
2519 3438 2775 3493 secundo
2851 3437 3105 3508 genitam
3181 3435 3448 3500 Mariam,
3510 3447 3684 3502 quam

2043 3525 2206 3595 prius
2232 3523 2291 3579 in
2326 3526 2699 3582 matrimonio
2755 3525 3039 3580 habuerat
3068 3524 3264 3579 Philes
3292 3521 3525 3578 Alexius
3559 3537 3682 3574 ma-

2043 3630 2195 3686 gnus
2227 3614 2605 3668 domesticus.
2630 3614 2941 3682 Processit,
2973 3612 3355 3670 Constantino
3387 3615 3684 3668 annuente

2041 3706 2327 3759 tractatus
2374 3715 2558 3771 usque
2592 3702 2663 3755 ad
2696 3704 3136 3757 conventionem
3187 3701 3417 3755 fcederis
3468 3697 3677 3754 sanciti

2034 3790 2409 3864 juramentis,
2429 3806 2553 3861 quae
2572 3788 2844 3843 distincte
2861 3789 3416 3859 comprehenderent
3438 3789 3684 3842 Mesem-

2042 3882 2239 3937 bream
2253 3877 2682 3945 etAnchialum,
2699 3877 2766 3931 ad
2786 3876 3152 3935 Constantini
3178 3877 3379 3947 utique
3401 3878 3679 3936 ditionem

2041 3970 2399 4042 pertinentes
2434 3967 2632 4036 urbes,
2665 3966 2765 4022 sed
2792 3966 3076 4021 hactenus
3124 3970 3437 4035 occupatas
3469 3968 3541 4021 ab
3574 3969 3684 4023 im-

2041 4064 2328 4131 peratore,
2386 4073 2533 4127 quas
2591 4054 2852 4126 utrisque
2909 4059 3034 4109 tum
3079 4053 3269 4108 visum
3315 4058 3404 4109 est
3449 4072 3679 4127 aequum

2041 4164 2166 4203 esse
2214 4148 2368 4202 bona
2414 4145 2526 4200 ﬁde
2575 4143 2738 4199 reddi
2770 4142 3008 4213 antiquo
3044 4142 3367 4214 possessori
3398 4147 3455 4197 et
3483 4142 3677 4215 impu-

2038 4238 2148 4293 tari
2175 4236 2237 4290 in
2270 4239 2493 4306 partem
2540 4232 2690 4289 dotis
2738 4248 2893 4287 novae
2943 4246 3192 4301 sponsae.
3226 4230 3328 4285 His
3374 4230 3509 4286 hinc
3539 4249 3676 4303 pro-

2040 4325 2261 4393 missis,
2295 4324 2455 4379 illinc
2510 4321 2833 4394 stipulatis,
2890 4322 3207 4391 imperator
3264 4320 3674 4377 dcductionem

2040 4431 2267 4488 sponsaa
2299 4412 2605 4469 ambitiose
2627 4428 2692 4467 ac
2715 4411 2875 4482 regia
2895 4409 3064 4481 plane
3096 4424 3310 4479 pompa
3342 4407 3677 4479 celebravit,

282 4500 437 4570 quod
471 4498 659 4564 aiunt,
691 4497 1034 4568 interlapsu,
1069 4496 1128 4551 in
1162 4496 1391 4553 irritum
1425 4498 1923 4565 evanescentibus,
1957 4512 2003 4577 D
2036 4506 2160 4577 ipse
2212 4502 2676 4576 proficiscentem
2710 4499 3011 4554 mulierem
3044 4513 3173 4551 cum
3210 4496 3541 4568 patriarcha
3571 4514 3671 4554 οο-

286 4588 607 4645 rescissum
658 4588 715 4643 id
772 4592 1033 4643 revocata
1083 4588 1522 4644 conﬁrmatione
1578 4593 1634 4643 et
1688 4604 1922 4644 cassum

283 4678 492 4734 effectu
524 4681 941 4733 testamentum
975 4676 1104 4732 fuit.
1139 4681 1221 4732 Ac
1251 4677 1501 4748 pecunia
1532 4677 1770 4748 quidem
1802 4694 1926 4735 ma-

287 4782 415 4840 gnaa
462 4767 601 4823 huic
651 4767 906 4823 ecclesias
955 4767 1013 4821 in
1062 4767 1215 4823 dotis
1263 4767 1588 4823 auctarium
1650 4768 1930 4823 attributa

290 4860 401 4921 est,
435 4855 859 4911 monasterium
884 4871 1040 4922 vero,
1063 4855 1155 4909 cui
1188 4859 1307 4911 tam
1361 4854 1605 4911 sollicite
1654 4855 1927 4912 Blemmi-

286 4943 395 4998 das
412 4948 660 5011 caverat,
677 4942 889 4999 Galesii
915 4943 1519 4999 monasteriidominio
1535 4944 1927 5015 suppositum,

286 5048 357 5088 ex
380 5049 446 5089 eo
475 5034 722 5104 pendere
754 5032 924 5105 eique
945 5034 1478 5105 inservirejussum
1504 5039 1612 5091 est.
1642 5035 1926 5091 Caeterum

280 5120 576 5192 Josephus
631 5138 733 5193 per
789 5122 944 5178 hunc
996 5124 1257 5192 modum,
1309 5122 1609 5195 aliquanto
1667 5129 1927 5196 tempore

287 5213 552 5265 moratus
583 5210 643 5265 in
676 5210 922 5280 Oriente,
956 5211 1517 5283 Constantinopolim
1551 5213 1801 5269 revertit.

281 5349 336 5403 3.
379 5349 443 5405 Ut
496 5353 614 5420 regi
666 5351 1029 5425 Bylgarorum
1091 5354 1467 5425 Constantino,
1500 5354 1620 5421 ﬁlia
1675 5353 1927 5425 Eulogiae

695 5423 881 5477 Maria
910 5422 969 5477 in
1001 5440 1233 5479 uxorem
1260 5425 1389 5479 data
1418 5424 1515 5481 sit.

359 5561 485 5618 Non
538 5562 725 5616 multo
757 5566 888 5633 post
919 5565 1070 5635 regis
1124 5563 1507 5637 Bulgarorum
1560 5568 1925 5624 Constantini

285 5649 538 5722 conjuge
569 5649 731 5712 Irene
762 5654 1011 5726 mortua,
1043 5654 1287 5712 studens
1316 5652 1495 5711 istum
1522 5670 1718 5727 regem
1748 5656 1924 5729 impe-

2036 4593 2278 4650 mitatus
2307 4589 2625 4662 Selybriam
2659 4604 2861 4658 usque,
2894 4587 3143 4657 indeque
3200 4585 3359 4641 illam
3410 4586 3479 4641 ad
3528 4587 3676 4642 Con-

2037 4682 2363 4739 stantinum
2381 4678 2669 4749 frequenti
2699 4693 2764 4732 ac
2786 4676 3036 4747 superbo
3060 4674 3331 4730 satellitio
3358 4675 3673 4746 perducen-

2037 4774 2170 4828 dam
2232 4786 2464 4836 curans,
2523 4783 2588 4822 ac
2645 4766 2731 4822 sic
2786 4763 3349 4834 Constantinopolim
3407 4780 3671 4820 reversus

2037 4866 2277 4917 eatenus
2310 4858 2481 4912 fidem
2511 4859 2811 4927 pactorum
2847 4853 3166 4923 imperator
3202 4851 3487 4923 prastitit.
3526 4852 3671 4909 Nam

2038 4948 2191 5021 quod
2216 4944 2637 5019 promissarum
2656 4941 2935 4998 attinebat
2952 4940 3381 4996 restitutionem
3414 4939 3673 5011 urbium,

2036 5039 2095 5093 in
2118 5055 2184 5092 ea
2205 5053 2318 5092 non
2348 5032 2744 5090 festinandum
2776 5035 2936 5086 ratus
2960 5030 3149 5086 varios
3180 5031 3308 5101 ejus
3339 5030 3668 5084 differendae

2035 5130 2345 5199 praﬂextus
2360 5122 2831 5195 quaesivitrevera
2845 5118 3164 5191 periculum
3185 5119 3321 5173 dira:
3335 5117 3679 5173 vastationis

2036 5234 2104 5272 ex
2126 5214 2528 5271 eaimminens
2559 5209 2728 5266 terris
2759 5208 2999 5280 imperio
3032 5207 3312 5277 subjectis
3345 5223 3671 5277 praecaven-

2034 5306 2176 5360 dum
2191 5319 2455 5358 censeas.
2478 5301 2760 5356 Caeterum
2778 5298 3010 5353 interim
3026 5295 3475 5353 Constantinum
3494 5294 3676 5349 lacta-

2034 5394 2425 5466 batspeciosis
2448 5392 2784 5448 obtentibus
2814 5387 3277 5443 multiscolorem
3294 5384 3547 5455 aliquem
3571 5384 3674 5438 ha-

2032 5484 2329 5549 bentibus,
2346 5498 2596 5552 quorum
2614 5479 2703 5534 hic
2718 5475 3221 5532 verisimilitudine
3236 5473 3513 5527 inductus
3529 5490 3675 5527 non-

2032 5571 2531 5628 nullavidebatur.
2558 5564 3040 5623 Aiebatvidelicet
3066 5564 3313 5617 istarum
3339 5559 3557 5616 incolas
3577 5577 3671 5615 ur-

2032 5660 2197 5718 bium
2240 5672 2510 5716 recusare
2550 5654 2781 5727 Bulgari
2823 5650 3057 5723 subjici,
3098 5665 3231 5707 cum
3268 5648 3381 5722 ipsi
3423 5648 3670 5705 Romani
