4162 6292
415 354 522 410 ’795

412 477 719 551 Ῥωμαίους
802 484 1019 555 αὐτοὺς,
1111 490 1184 560 μὴ

416 566 607 636 μαίοος
667 573 745 642 [Ρ.
779 575 906 645 235]
938 574 1039 629 ὑπὸ
1069 577 1371 653 Βουλγάρῳ
1397 578 1592 634 τελεῖν.
1639 579 1714 635 Οὐ
1765 580 1870 649 μὴν
1906 574 1951 631 δ’
2001 575 2054 638 ἐς

408 653 567 716 τέλος
625 657 853 735 ἀπέλεγε
899 663 999 730 τήν
1060 661 1207 718 δόσιν
1267 667 1294 719 ὁ
1357 666 1631 741 βασιλεὺς,
1684 665 1827 722 ἀλλὰ
1882 685 2055 739 προσ·

413 744 615 818 ανήρτα
667 749 851 820 καιρὸν
906 752 998 804 τὸν
1050 760 1149 821 τῆς
1204 755 1548 830 τεκνογονίας
1618 753 1799 823 δῆθεν,
1860 746 1941 813 ὡς.
1993 750 2052 807 ἂν

408 830 495 919 καὶ
526 831 875 907 κληρονόμου
906 840 1083 912 τούτῳ
1116 843 1371 915 φανέντος
1423 843 1482 897 ἐκ
1509 846 1694 919 γένους
1744 844 2053 914 Ῥωμαϊκοῦ

409 917 818 991 εὐπροσωποῖτο
877 928 965 979 καὶ
1034 931 1060 996 ἢ
1126 928 1408 991 ἀπόδοσις.
1460 917 1540 986 Τά
1597 930 1643 984 δ’
1691 932 1825 999 ἦσαν
1876 928 2054 1004 γέλως

408 1003 659 1083 ἄντικρυς
717 1012 805 1066 καὶ
858 1017 1236 1090 συνειρόμενον
1295 1016 1490 1091 ψεῦδος
1538 1024 1625 1090 ⁷τῷ
1680 1003 2055 1093 χρόνῳγσυγ-

406 1094 764 1169 κρύπτοντος.
800 1102 991 1172 Ὃμως
1051 1100 1107 1156 δέ
1136 1125 1199 1178 γε
1228 1106 1315 1159 καὶ
1368 1104 1508 1160 ἄκων
1565 1108 1592 1159 ὁ
1646 1108 2050 1165 Κωνσταντῖνος

410 1182 638 1254 ὑπέμενε
690 1187 779 1240 καὶ
832 1187 1137 1261 ἐσπένδετο,
1200 1192 1249 1246 εἷ’
1299 1193 1388 1247 καὶ
1450 1197 1477 1263 ἡ
1540 1192 1757 1257 δοθεῖσά
1786 1194 1838 1247 οἱ
1869 1192 1929 1246 οὐ
1960 1213 2049 1245 το-

408 1274 594 1325 σοῦτον
660 1276 860 1347 βοηθὸς
890 1278 1079 1349 ἐκείνῳ
1130 1281 1253 1333 ὅσον
1312 1284 1379 1354 τῇ
1434 1280 1697 1355 Ῥωμαΐδι
1757 1280 2049 1353 ἐπέμπετο.

406 1358 554 1414 Ἐπεὶ
612 1358 658 1415 δ’
691 1361 739 1434 ἐξ
773 1363 975 1420 ἐκείνου
1027 1365 1238 1422 παιδίον
1274 1370 1417 1444 ἑώρα
1445 1370 1536 1424 τὸν
1588 1368 1822 1445 Μιχαὴλ
1866 1369 2049 1442 ἑαυτῇ,

407 1443 552 1502 δεινᾶ
622 1447 838 1520 ἐποίει,
908 1454 995 1507 καὶ
1070 1456 1163 1509 τὸν
1241 1456 1467 1533 σύζυγον
1530 1460 1903 1532 κατηνάγκαζε
1956 1459 2053 1521 τὰς

406 1535 637 1597 σπονδάς
687 1561 749 1613 γε
808 1539 955 1596 λόειν
1015 1544 1103 1598 καὶ
1164 1544 1428 1618 πολεμεῖν
1492 1548 1585 1609 τὰς
1644 1548 1835 1609 πόλεις
1883 1567 2051 1622 προσ-

404 1631 764 1683 απαιτοῦντα.
828 1630 1119 1686 Κάντεῦθεν
1180 1634 1267 1686 καὶ
1328 1633 1476 1688 δεινὰ
1532 1635 1629 1689 οὐκ
1682 1634 1847 1709 ὀλίγα
1904 1636 2050 1705 ξονέ-

404 1709 575 1782 ϐαινε,
634 1716 723 1769 καὶ
781 1714 1110 1789 ξυμϐεϐήκει
1161 1719 1219 1774 ἂν
1272 1719 1521 1792 πλεῖστα,
1554 1722 1597 1777 εἰ
1632 1726 1704 1795 μή
1739 1744 1799 1798 γε
1830 1725 1857 1778 ὁ
1893 1724 2049 1799 βασι-

1713 367 2010 422 GEORGII
2050 364 2512 425 PACHYMERB

1272 490 1405 544 εἶναι
1491 489 1537 545 δ’
1613 487 1842 564 εὔλογον
1912 490 2131 556 Ῥω-Α
2169 508 2276 562 ρων
2311 531 2325 555 ,
2393 488 2471 553 εἷς
2524 489 2848 563 στρατηγίαν
2900 509 2959 543 τε
3017 488 3225 558 ξυνετὸς
3280 488 3370 542 καὶ
3426 482 3628 563 τρίϐων
3685 490 3801 548 τοῖς

3698 361 3819 427 796,

2160 578 2494 651 πράγμασιν,
2545 578 2605 640 ὃς
2651 578 2763 649 ἅμα
2819 576 3096 638 πλείσταις
3157 574 3442 648 δυνάμεσιν
3500 575 3550 648 ἐξ
3603 576 3802 649 ὁμογε-

2160 669 2263 717 νῶν
2311 665 2603 739 Τοχάρων,
2636 665 2729 727 οὓς
2782 666 2937 720 αὐτοὶ
2992 663 3370 740 Μουγουλίους
3414 662 3682 739 λέγουσιν,
3716 661 3799 732 ἐξ-

2158 752 2484 815 αποσταλεὶς
2518 753 2577 808 έκ
2623 758 2731 808 τῶν
2758 755 2893 808 κατὰ
2937 755 3031 815 τὰς
3066 754 3310 815 Κασπίας
3369 752 3647 827 ἀρχόντων
3704 754 3801 805 τοῦ

2158 840 2389 916 γένους,
2462 840 2552 904 οὓς
2609 839 2840 903 Κάνιδας
2899 842 3288 914 ὀνομάζουσιν,
3350 835 3629 895 εἰσϐάλλει
3682 844 3799 901 τοῖς

2159 930 2257 983 ἀνὰ
2311 930 2402 984 τὸν
2462 928 2709 1002 Εὔξεινον
2770 932 3006 1004 βορείοις
3051 928 3271 998 ἔθνεσιν,
3327 928 3358 983 ἃ
3402 926 3468 996 δὴ
3516 930 3580 983 τὸ
3628 926 3799 982 πάλαι

2157 1022 2273 1079 τοῖς
2319 1018 2617 1091 Ῥωμαίοις
2676 1020 2917 1089 ὑπήκουε
2950 1063 2964 1088 ,
3026 1026 3125 1087 τῆς
3181 1017 3397 1078 πόλεως
3452 1014 3498 1070 δ’
3554 1014 3800 1086 ἀλούσης

2158 1107 2246 1160 καὶ
2295 1111 2401 1161 τῶν
2463 1106 2795 1181 πραγμάτων
2856 1107 2931 1167 εἰς
2989 1107 3169 1161 στενὸν
3227 1104 3603 1159 καταστάντων
3662 1106 3798 1159 Ῥω-

2162 1191 2368 1263 μαίοις,
2435 1197 2541 1247 τῶν
2618 1193 2816 1266 κυρίων
2890 1191 3308 1269 ἀπολειφθέντα,
3377 1190 3656 1264 αὐτόνομα
3706 1193 3796 1259 ἦν.

2156 1281 2311 1334 Ταῦτ’
2370 1277 2470 1352 ἄρα
2525 1280 2612 1335 καὶ
2690 1280 2893 1335 ἀκονιτὶ
2971 1279 3156 1357 φανεὶς
3231 1273 3651 1353 προσελάμϐανε
3707 1280 3800 1333 καί

2155 1366 2580 1426 κατεδουλοῦτο.
2640 1367 2789 1424 Ἰδὼν
2838 1366 2894 1423 δὲ
2951 1368 3140 1443 χώρας
3193 1367 3465 1439 ἀρετώσας
3518 1367 3609 1421 καὶ
3667 1363 3795 1435 ἔθνη

2158 1456 2232 1517 εἷς
2292 1458 2472 1530 ἀρχὴν
2524 1457 2659 1510 κατὰ
2705 1462 2837 1529 σφᾶς
2898 1456 3160 1531 αὐτάρκη,
3219 1456 3501 1529 ἀφηνιάζει
3565 1457 3657 1527 μὲν
3684 1460 3793 1510 τῶν

2155 1546 2482 1617 πεμψάντων
2528 1545 2617 1598 καὶ
2665 1545 2839 1617 ἑαυτῷ
2883 1546 2950 1599 τὰ
3003 1543 3128 1610 ἔθνη
3178 1548 3534 1614 προσκτᾶται.
3591 1544 3679 1605 Ὠς
3737 1541 3797 1598 δὲ

2156 1634 2362 1707 χρόνου
2418 1627 2767 1705 τριϐομένου,
2820 1631 3196 1706 ἐπιμιγνύντες
3229 1629 3407 1707 σφίσιν
3451 1631 3656 1705 οἱπερὶ
3690 1632 3793 1699 τὴν

2160 1720 2443 1796 μεσόγαιον
2500 1720 2924 1793 κατῳκημένοι,
2984 1718 3209 1775 Ἀλανοὶ
3269 1718 3451 1795 λέγω,
3524 1722 3608 1789 [Ρ.
3664 1721 3793 1792 236]

402 1801 529 1861 λεῦς
561 1801 728 1872 κῆδος
759 1807 893 1879 πρὸς
951 1809 1041 1862 τὸν
1073 1816 1248 1883 Νογᾶν
1280 1810 1365 1864 ἐπὶ
1416 1811 1557 1883 νόθῳ
1612 1816 1680 1885 τῇ
1726 1812 2045 1889 Εὐφροσόνῃ
2079 1852 2125 1915 Β
2156 1810 2347 1883 Ζίκχοι
2420 1808 2509 1863 καὶ
2580 1809 2812 1877 Γότθοι,
2871 1810 3069 1862 Ῥὦσοι
3123 1808 3213 1862 καὶ
3272 1808 3339 1861 τὰ
3397 1811 3797 1880 προσοικοῦντα

405 1889 601 1915 --ο.ῑ-μ.-
658 1914 709 1915 ﬁ,
758 1901 783 1911 -ρ
924 1895 935 1911 η
1006 1902 1027 1911 ε-
1167 1898 1179 1914 \
1258 1899 1271 1915 ο
1373 1899 1386 1915 \
1460 1900 1472 1915 ς
1552 1900 1563 1915 ι
1730 1905 1754 1914 η.
1873 1902 1884 1915 ι
1992 1900 2005 1915 κ
2233 1898 2244 1915 ι
2410 1896 2433 1915 ῃ
2477 1900 2487 1915 1
2727 1899 2737 1915 ο
2864 1893 2914 1915 ἸΛ
3164 1898 3175 1915 π
3219 1896 3231 1915 ς
3311 1895 3323 1915 r
3576 1895 3632 1915 nl

402 1889 601 1967 φθάσας
650 1901 879 1962 ποιῆσαι
913 1895 1095 1971 ἀνεῖχε
1124 1898 1217 1960 τὰς
1252 1899 1423 1971 ὁρμάς
1456 1900 1661 1955 ἐκείνου
1690 1905 1758 1973 τῇ
1789 1902 1923 1975 πρὸς
1953 1900 2045 1954 τὸν

403 1984 583 2052 Νογᾶν
611 1977 849 2049 δεξιώσει
882 1983 971 2037 καὶ
1007 1982 1186 2040 διέλυε
1216 1988 1283 2042 τά
1326 1988 1690 2062 βουλεύματα,
1738 1989 1810 2051 ὡς
1856 1990 2045 2043 αὐτίκα

404 2066 627 2121 κατόπιν
662 2068 1144 2146 ἐπιδραμουμένων
1173 2077 1276 2130 τῶν
1304 2078 1591 2152 Τοχάρων,
1630 2079 1690 2146 ἢν
1725 2077 1887 2140 αὐτὸς
1918 2077 2040 2151 ἐπίῃ

402 2160 519 2217 τοῖς
550 2156 837 2229 βασιλέως.

404 2257 467 2316 δ’.
498 2261 578 2351 TC?
790 2268 894 2351 τοῦ.
938 2272 1091 2351 Novi
1136 2269 1225 2351 καὶ
1273 2271 1564 2351 Τρχάρων,
1624 2266 1770 2351 ὅπως
1800 2270 1947 2345 εἶχον
1978 2272 2039 2325 τὸ

469 2334 613 2423 πρίνέ
648 2334 744 2389 Καὶ
775 2336 898 2411 περὶ
926 2334 1275 2411 τοῦπρώτου
1310 2334 1577 2417 βάσιλέως
1605 2343 1695 2397 καὶ
1738 2334 2037 2415 νομδθέτου

477 2423 674 2461 αυτων.

473 2508 533 2569 Ὀ
564 2506 619 2565 δὲ
650 2512 829 2591 Νογᾶς
881 2516 1041 2579 αὐτὸς
1089 2518 1376 2592 κράτιστος
1420 2519 1486 2590 ἧν
1532 2519 1668 2595 ἀνὴρ
1698 2523 1804 2575 τῶν
1845 2522 2032 2596 Τοχά-

396 2738 614 2800 essent,
630 2752 735 2791 nec
753 2752 813 2791 se
827 2736 1421 2807 adhuc,quantumvis
1435 2736 2033 2809 conaretur,potuisse

395 2823 531 2878 huic
556 2840 757 2886 eorum
791 2826 1075 2881 aversioni
1125 2827 1363 2882 mederi.
1399 2831 1467 2881 Ut
1500 2842 1590 2881 res
1624 2828 1724 2881 fiat
1753 2824 2029 2892 suaviter,

391 2914 841 2983 exspectandum
872 2914 1074 2983 videri,
1097 2916 1235 2969 dum
1270 2926 1439 2971 natus
1471 2914 1852 2969 Constantino
1874 2912 2032 2965 tilius

397 3000 541 3055 foret
570 3016 639 3054 ex
668 3017 813 3055 nova
842 3004 1124 3074 conjuge:
1159 3009 1298 3058 tunc
1329 3005 1485 3059 enim
1519 3005 1637 3058 fore
1667 3001 1865 3057 omnia
1896 3015 2032 3070 pro-

397 3087 581 3153 niora,
603 3103 735 3159 rege
756 3092 876 3143 tum
902 3091 1124 3145 scilicet
1141 3092 1295 3145 844
1327 3091 1706 3159 Bulgarorum
1738 3088 2025 3143 haeredem

395 3174 645 3230 habente
678 3177 921 3232 Romani
952 3179 1280 3249 sanguinis,
1313 3180 1403 3233 cui
1439 3186 1804 3233 sacramento
1839 3178 2030 3231 dicere

394 3263 685 3319 Romanos
733 3282 844 3319 non
900 3267 1218 3321 dedeceret.
1257 3268 1381 3321 Haec
1424 3267 1846 3338 allegabantur,
1878 3281 2026 3335 quae,

389 3355 452 3405 ut
471 3367 604 3405 vere
627 3352 958 3423 loquamur,
985 3370 1146 3409 mera
1166 3359 1330 3409 erant
1355 3356 1540 3410 elusio
1572 3360 1628 3409 et
1658 3353 2029 3409 mendacium

389 3438 774 3509 promissione
824 3446 1056 3511 tempus
1102 3442 1429 3499 obducente
1461 3443 1891 3511 inumbratum,
1924 3458 2029 3497 nec

389 3525 558 3595 plane
615 3527 823 3582 fallens
898 3530 1373 3599 Constantinum,
1432 3547 1771 3602 quanquam
1826 3530 1875 3583 is
1932 3546 2029 3584 vo-

387 3612 514 3668 lens
547 3613 752 3670 nolens
782 3615 1155 3673 dissimulare
1187 3620 1523 3688 cogebatur,
1551 3625 1609 3674 et
1633 3620 1803 3674 tacite
1835 3618 2030 3672 dolere

385 3702 582 3757 fucum
630 3703 742 3758 sibi
791 3704 1005 3760 factum
1056 3708 1417 3762 obtrudenda
1449 3710 1719 3779 conjuge,
1754 3724 1880 3778 quae
1913 3724 2029 3761 non

388 3796 511 3846 tam
534 3792 647 3863 ipsi
662 3794 751 3864 adj
766 3810 793 3849 ιι
806 3796 913 3849 trix
926 3813 1099 3863 quam
1116 3806 1275 3852 terra
1293 3798 1563 3854 Romanae
1578 3800 1710 3852 data
1722 3802 1893 3852 esset.
1908 3802 2029 3852 Ma-

395 3878 625 3936 riaveru
641 3887 949 3953 postquam
967 3884 1342 3940 Constantino
1366 3892 1667 3956 pepererat
1690 3884 2029 3940 Michaelem

394 3965 580 4022 ﬁlium
599 3969 888 4039 omnijam
904 3972 1272 4027 excusatione
1285 3972 1637 4027 cunctationi
1654 3973 1784 4027 dem
1795 3972 2033 4043 ptaipsa

394 4070 623 4125 quoque
672 4058 920 4113 transire
970 4060 1157 4130 palam
1213 4061 1269 4114 in
1319 4061 1424 4115 viri
1472 4078 1681 4116 sensus
1710 4066 1766 4115 et
1806 4060 2031 4131 utrique

389 4142 603 4197 factam
638 4145 911 4214 injuriam
938 4164 1206 4203 accusare
1235 4149 1614 4217 indignanter
1643 4151 1836 4219 coepit,
1858 4149 2030 4203 mari-

390 4234 516 4285 tum
550 4233 784 4287 assidue
816 4234 1139 4291 sollicitans
1160 4237 1227 4290 ad
1251 4237 1595 4307 repetendas
1630 4237 1781 4292 bello
1812 4238 2031 4307 injuste

390 4324 627 4388 negatas
654 4322 851 4376 urbes.
878 4321 1038 4377 Unde
1062 4324 1252 4378 multa
1276 4324 1430 4379 mala
1453 4329 1579 4379 orta
1599 4330 1766 4390 sunt;
1790 4330 1845 4379 et
1868 4324 2031 4395 plura

389 4407 771 4478 gravioraque
806 4410 1180 4480 prodiissent,
1206 4412 1318 4466 nisi
1348 4415 1648 4483 Augustus
1672 4418 1897 4467 mature
1918 4411 2027 4466 sibi

386 4502 851 4565 prmoccupasset
895 4515 1041 4553 novo
1093 4499 1305 4556 fcedere
1356 4501 1599 4571 Nogam,
1634 4502 1770 4555 data
1799 4500 1857 4555 in
1888 4517 2030 4555 uxo-

2153 1898 2369 1961 τούτοις
2406 1896 2635 1975 διάφορα
2682 1899 2837 1971 γένη,
2862 1893 2953 1966 ἔθη
3007 1918 3063 1951 τε
3118 1898 3185 1950 τὰ
3214 1895 3429 1950 ἐκείνων
3468 1895 3795 1967 μανθάνουσι

2154 1988 2240 2041 καὶ
2300 1985 2549 2060 γλῶσσαν
2595 1987 2673 2057 τῷ
2723 1980 2826 2039 ἔθει
2881 1980 3357 2057 μεταλαμϐάνουσι
3414 1984 3503 2037 καὶ
3565 1983 3790 2055 στολὴν,

2151 2075 2241 2129 καὶ
2290 2074 2366 2136 εἷς
2421 2075 2747 2147 συμμάχους
2825 2072 3007 2133 αὐτοῖς
3055 2072 3294 2147 γίνονται
3330 2115 3343 2128 .
3400 2070 3495 2125 Καὶ
3554 2073 3669 2143 μετ’
3728 2071 3792 2125 οὗ

2151 2162 2293 2218 πολὺ
2356 2163 2430 2223 είς
2486 2162 2698 2233 πλῆθος
2756 2162 2989 2237 ἀριθμοῦ
3046 2166 3290 2236 κρεῖττον
3349 2157 3650 2222 ὁέπελθὼν
3681 2164 3790 2213 τῶν

2150 2251 2414 2325 Τοχάρων
2448 2248 2580 2311 λαὸς
2612 2247 2889 2319 ἀνδίδωσι,
2941 2250 3029 2303 καὶ
3069 2248 3426 2302 ἀνυπόστατοι
3470 2246 3607 2301 ὅπου
3654 2246 3789 2301 ἴοιεν

2147 2340 2383 2414 γίνονται
2432 2344 2552 2400 ταῖς
2598 2336 2905 2410 δυνάμεσιν,
2957 2338 3029 2399 ὡς
3073 2336 3159 2391 καί
3218 2356 3367 2397 τινας
3396 2339 3504 2389 τῶν
3537 2334 3648 2389 ἅνω
3693 2357 3793 2389 κυ-

2147 2430 2277 2504 ρίων
2337 2428 2586 2499 πολέμου
2647 2428 2803 2499 νόμῳ
2859 2427 2940 2481 ἐπ’
2998 2425 3194 2485 αὐτοὺς
3250 2424 3550 2486 ἀποστάτας
3607 2424 3790 2486 ἰόντας

2146 2516 2252 2591 οὐχ
2300 2518 2447 2577 ὅπως
2479 2516 2866 2591 περιγενέσθαι,
2900 2512 3046 2568 ἀλλὰ
3091 2511 3179 2567 καὶ
3232 2509 3505 2590 σφαλῆναι
3534 2512 3600 2565 τὰ
3624 2511 3788 2566 πλεῖ-

2142 2733 2360 2788 tiorum
2413 2730 2612 2786 tritus.
2660 2730 2714 2785 Is
2764 2745 2897 2784 cum
2958 2728 3187 2799 magnis
3239 2727 3422 2798 copiis
3470 2744 3502 2782 e
3551 2743 3776 2799 genere,

2143 2822 2312 2890 cujus
2339 2825 2463 2875 erat
2491 2823 2547 2873 et
2576 2819 2720 2889 ipse,
2749 2817 3168 2883 Tocharorum,
3197 2817 3299 2888 qui
3331 2834 3391 2872 se
3424 2816 3539 2888 ipsi
3572 2816 3772 2887 Mugu-

2140 2910 2251 2964 lios
2301 2907 2628 2973 nominaut,
2679 2906 2899 2960 missus
2930 2904 3351 2975 aprincipibus
3405 2904 3534 2974 ejus
3594 2902 3781 2976 gentis

2140 2998 2410 3071 (Canidas
2425 2994 2745 3065 appellant)
2759 2992 2912 3048 circa
2932 2999 3128 3064 portas
3146 2992 3386 3064 Caspias
3408 2993 3778 3064 degentibus,

2139 3082 2774 3156 irruperatinboreales
2805 3081 3024 3137 Euxino
3056 3091 3253 3151 gentes
3284 3080 3561 3136 Romanis
3589 3098 3779 3152 quon-

2141 3176 2274 3229 dam
2290 3173 2581 3240 subditas,
2596 3171 2697 3226 sed
2712 3188 2839 3241 quae
2854 3174 3230 3241 postcaptam
3249 3187 3283 3225 a
3306 3169 3529 3225 Latinis
3549 3170 3780 3241 urbem,

2141 3268 2199 3319 et
2220 3279 2310 3317 res
2331 3261 2408 3315 im
2418 3259 2560 3331 perii
2582 3259 2847 3313 redactas
2860 3259 2917 3312 in
2933 3264 3148 3326 artum,
3167 3261 3490 3313 necessario
3505 3257 3777 3329 neglecta

2141 3353 2288 3409 345
2328 3368 2360 3405 a
2389 3349 2643 3405 dominis
2675 3349 2767 3403 sui
2796 3353 2936 3403 tunc
2958 3348 3113 3419 juris
3145 3352 3331 3404 erant.
3368 3350 3476 3405 Has
3511 3348 3679 3405 facile
3711 3366 3777 3405 ac

2141 3442 2266 3497 sine
2289 3455 2499 3509 magno
2522 3437 2840 3494 certamine
2870 3438 3059 3509 prima
3087 3439 3289 3493 statim
3323 3438 3655 3494 ostensione
3684 3439 3777 3494 sui

2139 3533 2293 3600 cepit
2339 3528 2568 3598 sibique
2625 3526 2893 3597 subjecit.
2932 3527 2997 3581 Et
3046 3527 3512 3583 animadvertens
3570 3528 3776 3584 uberes

2140 3623 2322 3672 terras
2344 3633 2409 3671 ac
2431 3614 2675 3687 populos
2697 3615 2768 3669 ad
2802 3614 3274 3670 constituendum
3308 3631 3409 3687 per
3440 3632 3500 3671 se
3531 3631 3773 3687 regnum

2140 3706 2399 3772 idoneos,
2431 3706 2659 3759 frenum
2707 3704 2963 3760 excussit
3015 3703 3241 3775 imperii
3273 3720 3471 3758 eorum
3501 3720 3534 3759 a
3565 3703 3773 3775 quibus

2141 3798 2265 3849 erat
2310 3793 2549 3859 missus,
2582 3797 2639 3848 et
2679 3810 2769 3848 res
2817 3809 2987 3863 agere
3035 3809 3175 3847 suas
3224 3792 3507 3861 instituit,
3541 3792 3774 3864 proprio

2142 3884 2467 3955 principatu
2530 3882 2869 3937 constituto.
2910 3882 3190 3937 Processu
3240 3881 3448 3937 deinde
3498 3883 3777 3952 temporis

2142 3973 2455 4028 miscentes
2488 3988 2551 4027 se
2588 3970 2731 4041 ipsis
2765 3971 2865 4041 qui
2898 3971 3315 4027 mediterranea
3345 3970 3459 4026 illic
3491 3970 3778 4042 incolunt,

2141 4060 2301 4116 Alani
2348 4058 2640 4127 videlicet,
2672 4059 2880 4125 Zicchi,
2910 4059 3107 4113 Gotthi
3163 4064 3218 4114 et
3279 4059 3508 4128 Rhossi,
3557 4059 3776 4131 quique

2140 4148 2421 4205 finitimas
2442 4148 2599 4203 hisce
2618 4146 2878 4202 habitant
2895 4150 3079 4202 terras
3113 4147 3472 4204 diversorum
3496 4165 3775 4220 generum

2142 4237 2362 4310 pepuli,
2414 4253 2603 4291 mores
2663 4234 2943 4306 paulatim
3003 4235 3265 4306 ipsorum
3319 4236 3670 4303 didicerunt,
3720 4241 3780 4293 et

2142 4344 2274 4382 cum
2323 4324 2450 4380 vitae
2478 4341 2586 4380 usu
2620 4324 2881 4394 linguam
2941 4324 3117 4379 etiam
3152 4342 3217 4380 ac
3243 4326 3516 4381 vestitum
3576 4341 3776 4381 eorum

2143 4418 2515 4485 usurpantes,
2534 4413 2591 4466 in
2616 4410 3082 4483 militiaequoque
3096 4412 3451 4468 consortium
3468 4413 3779 4482 assumpti,

2144 4520 2256 4558 non
2291 4503 2371 4557 ita
2404 4500 2585 4555 multo
2620 4506 2749 4572 post
2781 4500 3064 4556 exercitus
3111 4501 3483 4557 confecerunt
3507 4500 3777 4556 innume-

385 4600 507 4637 rem
541 4585 591 4639 ei
624 4585 743 4640 filia
773 4603 881 4640 sua
910 4588 1089 4642 notha
1122 4590 1518 4661 Euphrosyne.
1550 4592 1675 4655 Qua
1713 4589 2030 4645 necessitu-
2065 4564 2108 4629 D
2140 4590 2374 4656 rabiles,
2406 4606 2653 4661 quarum
2686 4590 3043 4646 conscientia
3075 4606 3302 4661 usuque
3332 4589 3543 4644 virium
3577 4589 3632 4644 in
3670 4606 3774 4661 po-

390 4671 525 4726 dine
578 4674 881 4730 devinctus
937 4674 1271 4746 imperatori
1326 4677 1514 4749 Nogas
1548 4679 1742 4749 palam
1774 4678 2030 4733 ostendit

389 4757 756 4831 irrupturum
803 4779 861 4816 se
908 4779 1039 4817 cum
1091 4764 1395 4835 Tocharis,
1428 4767 1643 4837 quibus
1675 4772 1937 4837 praeerat,
1970 4767 2028 4821 in

386 4846 772 4919 Bulgarorum
795 4850 958 4919 lines,
980 4852 1177 4906 statim
1208 4858 1382 4924 atque
1401 4853 1818 4911 Constantinus
1842 4843 2028 4927 regio?

391 4951 493 4990 nes
545 4937 846 4991 incursare
904 4938 1198 4994 Romanas
1247 4942 1536 5012 coepisset.
1570 4945 1888 5015 Suspendit
1934 4944 2028 5000 hic

386 5029 581 5080 metus
628 5025 874 5081 consilia
927 5026 1179 5099 Bulgari,
1213 5033 1269 5085 et
1301 5030 1589 5087 malorum
1622 5032 1886 5088 inducias
1918 5034 2028 5089 Ro-

388 5113 581 5169 manis
609 5114 763 5168 fecit.

385 5255 437 5310 4.
472 5256 543 5310 De
571 5256 723 5323 Noga
753 5261 804 5340 et
836 5260 1109 5330 Tocharis,
1155 5262 1573 5340 originibusque
1628 5266 1824 5334 gentis,
1857 5265 2030 5338 deque

680 5336 859 5399 primo
889 5348 1078 5387 eorum
1108 5349 1229 5404 rege
1258 5350 1322 5387 ac
1353 5336 1733 5406 legumlatore.

456 5466 558 5522 Hic
618 5486 789 5539 porro
851 5472 1043 5544 Negas
1114 5475 1561 5544 potentissimus
1626 5478 2022 5535 Tocharorum

384 5560 528 5625 erat,
589 5557 807 5615 bellica
868 5562 1009 5617 artis
1063 5561 1253 5634 longis
1311 5566 1722 5637 experimentis
1777 5567 2024 5625 multam

388 5644 659 5716 peritiam
690 5648 959 5722 adeptus,
991 5666 1103 5708 usu
1134 5668 1331 5712 rerum
1361 5653 1422 5711 in
1453 5654 1797 5715 tractatione
1845 5672 2024 5729 nego-

2139 4678 2382 4735 tentiam
2415 4678 2673 4734 immane
2697 4683 2976 4749 quantam
3000 4678 3393 4735 Tocharorum
3419 4694 3561 4751 gens
3584 4680 3773 4751 profe-

2139 4771 2235 4835 cit,
2263 4761 2413 4823 adeo
2435 4772 2496 4822 ut
2518 4784 2869 4839 quocunque
2899 4785 2959 4823 se
2991 4772 3300 4838 verterent,
3320 4767 3775 4823 ineluctabiliter

2139 4860 2347 4911 cuncta
2377 4860 2827 4927 prosternerent,
2853 4861 2909 4912 et
2940 4874 3073 4912 cum
3104 4873 3132 4912 e
3164 4857 3565 4929 superioribus
3587 4856 3774 4912 domi-

2139 4945 2229 5001 nis
2260 4944 2499 5016 quidam
2532 4946 2602 5000 ad
2636 4945 2899 5017 ipsorum
2946 4946 3326 5001 defectionem
3376 4945 3773 5001 ulciscendam

2135 5049 2350 5104 eosque
2382 5034 2489 5088 sub
2511 5034 2724 5105 jugum
2782 5035 3136 5090 revocandos
3195 5034 3434 5090 bellicas
3465 5035 3522 5089 in
3554 5050 3651 5089 eos
3680 5050 3775 5088 ex-

2136 5122 2457 5194 peditiones
2533 5122 2949 5194 suscepissent,
3010 5140 3125 5178 non
3181 5124 3354 5179 modo
3424 5124 3584 5195 ipsos
3658 5138 3773 5177 non

2134 5209 2449 5276 vincerent,
2502 5210 2599 5265 sed
2650 5211 2879 5282 magnis
2927 5211 3182 5282 acceptis
3233 5210 3498 5267 cladibus
3529 5211 3588 5266 in
3614 5209 3777 5265 lucro

2138 5302 2421 5369 ponerent
2451 5300 2602 5370 quod
2637 5298 2931 5371 plerisque
2973 5316 3213 5355 suorum
3246 5299 3398 5355 bello
3430 5297 3776 5354 cadentibus

2138 5387 2309 5456 pauci
2341 5388 2567 5444 salvum
2596 5388 2846 5444 reditum
2878 5388 3180 5444 haberent.
3225 5388 3450 5445 Gaudet
3481 5388 3601 5442 haec
3630 5402 3775 5458 gens

2134 5475 2252 5530 vita
2283 5477 2575 5548 simplici;
2626 5477 2847 5533 haerent
2893 5477 3138 5532 invicem
3172 5482 3376 5533 mutuo
3408 5492 3558 5532 nexu
3591 5473 3777 5530 civilis

2137 5564 2475 5636 charitatis;
2506 5566 2817 5623 tolerantes
2849 5571 2985 5622 sunt
3015 5566 3301 5637 laborum,
3327 5566 3386 5621 in
3417 5564 3570 5622 bella
3585 5579 3780 5637 prom-

2143 5654 2436 5728 ptissimi;
2469 5655 2671 5729 paucis
2716 5656 2788 5713 ad
2818 5655 3036 5713 victum
3094 5654 3437 5727 cultumque
3489 5653 3776 5725 indigent,
