4130 6270
291 362 396 419 797

1348 376 1446 429 DE
1482 375 1854 430 MICHABLE
1890 373 2333 431 PALEOLOGO
2367 375 2502 429 LIB.
2543 376 2612 430 V.

3568 367 3674 426 798

292 508 385 543 στα
412 487 696 552 πεσόντας.
747 492 899 548 Ἔστι
944 491 1006 546 τὸ
1052 490 1204 556 ἔθνος
1255 491 1524 564 ἁπλότητι
1578 494 1672 568 μὶν
1721 500 1915 570 χαῖρον
1948 502 2001 567 Α
2030 496 2119 550 τὸν
2164 494 2335 551 ἵππον
2396 497 2770 558 ἐκκιντοῦντας
2828 496 3054 573 ἑκροφᾶν
3116 494 3342 565 αἳματος
3400 491 3445 546 εἰ
3502 488 3559 545 δέ
3591 512 3669 562 τῳ

291 576 377 631 καὶ
408 576 780 653 φιλαλληλίᾳ,
816 580 905 634 καὶ
954 580 1044 650 ὀξύ
1093 602 1152 635 τε
1197 583 1333 656 πρὸς
1382 582 1662 655 πολὲμους
1706 584 1797 638 καὶ
1826 605 1926 638 πο-

292 666 478 741 νηρὸν,
508 666 595 719 καὶ
628 667 728 734 τήν
774 670 916 736 ζωὴν
967 668 1241 742 αὕταρκις,
1292 671 1381 725 καὶ
1429 693 1487 745 γε
1523 672 1592 726 τὰ
1642 673 1779 726 κατά
1813 672 1927 745 βίον
1970 722 1971 725 η

296 750 647 822 ἂνεπινόητόν
697 776 755 809 τε
802 756 889 809 καὶ
937 756 1375 832 ἀπρομήθευτον.
1435 761 1772 835 Ἐχρήσαντο
1826 761 1930 835 γὰρ

296 842 541 905 ἀνέκαθεν
594 841 862 915 νομοθέτῃ
910 843 971 897 οὐ
1028 843 1243 900 Σόλωνι
1291 848 1325 916 ἢ
1382 847 1684 922 Λυκούργῳ
1728 848 1762 917 ἢ
1795 848 1928 923 Δρά-

294 949 444 983 κοντι
474 929 647 1002 (οὗτοι
697 932 798 1005 γὰρ
847 932 1156 1000 Ἀθηναίοις
1201 935 1287 987 καὶ
1339 933 1789 1007 Λακεδαιμονίοις
1841 937 1930 989 καὶ

296 1038 428 1071 τισιν
456 1015 651 1079 ἄλλοις
700 1018 750 1071 οἱ
798 1019 1089 1090 νομοθέται
1142 1022 1304 1098 σοφοὶ
1347 1028 1539 1099 σοφοῖς
1569 1023 1657 1077 καὶ
1690 1029 1933 1085 συνετοῖς

292 1106 357 1159 τά
386 1103 439 1167 ἐς
491 1104 649 1179 λόγον
702 1104 927 1179 λόγιοι),
974 1107 1092 1162 ἀκλ’
1150 1108 1300 1184 ἀνδρὶ
1348 1111 1547 1185 ἀγνῶτι
1588 1111 1677 1166 καὶ
1733 1112 1796 1166 τὸ
1826 1113 1929 1166 πὰν

294 1198 550 1267 πονηρῷ,
608 1197 809 1267 χαλκεῖ
870 1193 964 1267 μίν
1021 1198 1083 1250 τὸ
1140 1202 1377 1272 πρῶτον.
1441 1198 1552 1254 εἶτα
1600 1197 1658 1255 δὲ
1710 1200 1799 1254 καὶ
1857 1200 1933 1263 είς

298 1279 457 1339 Κᾶνιν
516 1280 773 1357 (ἄρχοντά
820 1304 903 1345 τις
961 1281 1128 1355 εἷ’ποι)
1185 1287 1544 1357 καταστάντι,
1623 1290 1679 1349 ὃς
1729 1288 1816 1343 καὶ
1876 1288 1936 1344 ἐκ

294 1368 547 1427 Κασπίων
599 1370 868 1426 πυλώνων
922 1371 1148 1427 ἀνιστῶν
1198 1374 1258 1428 τὸ
1309 1371 1461 1438 ἔθνος
1522 1374 1752 1445 ἐξελθεῖν
1804 1376 1931 1453 θαρ-

292 1460 481 1534 ῥῆσαν,
544 1460 634 1515 καὶ
692 1462 871 1534 σφίσιν
931 1461 1013 1515 ἀεὶ
1070 1462 1132 1516 τὸ
1189 1468 1339 1533 νικᾷν
1404 1464 1661 1533 ὑπετίθει,
1721 1466 1767 1520 εἰ
1817 1471 1935 1530 τοῖς

294 1545 455 1609 ἰδίοις
514 1549 704 1621 νόμοις
762 1550 1109 1624 προσέχοιεν.
1161 1552 1230 1607 O't
1282 1548 1328 1605 δ’
1375 1551 1509 1619 ἦσαν
1568 1558 1683 1615 τοῖς
1742 1549 1932 1628 ἀϐροῖς

291 1635 607 1710 ἀπέχεσθαι,
650 1640 766 1698 τοῖς
809 1641 1068 1710 τυχοῦσιν
1123 1638 1419 1707 ἀρκεῖσθαι,
1467 1641 1530 1694 τὸ
1579 1640 1932 1717 φιλάλληλον

293 1718 465 1797 ἔχειν,
520 1723 583 1777 τὸ
638 1722 939 1795 αὐτόνομον
994 1724 1440 1802 ἀποστρέφεσθαι,
1500 1729 1558 1781 τὸ
1616 1731 1933 1785 κοινωνικὸν

2039 586 2127 640 καὶ
2156 586 2548 659 στεγανωτέρας
2607 582 2864 659 προσδέοι
2919 590 3146 659 τροφῆς,
3207 581 3417 656 ἐγκάτῳ
3474 579 3586 641 οἰὸς
3610 581 3671 633 τὸ

2038 675 2172 746 αἷμα
2223 673 2603 749 συγκλείοντας
2660 674 2762 729 ὑπὸ
2812 674 2911 741 τὴν
2968 670 3252 748 ἐφεστρίδα
3296 671 3539 736 τιθέναι,
3598 668 3673 730 ὡς

2039 761 2274 825 ἐντεῦθεν
2326 763 2518 837 μικρὸν
2574 762 2827 816 συσταθὲν
2879 761 2937 815 ἐκ
2991 768 3089 829 τῆς
3145 759 3341 822 ἐκείθεν
3404 755 3676 830 θερμότη-

2036 870 2128 911 τος
2163 847 2375 905 δεῖπνον
2405 848 2664 918 τίθεσθαι,
2714 849 2807 904 κᾶν
2853 848 2905 903 τί
2954 869 3056 903 που
3108 847 3267 922 ῥάκος
3328 845 3562 919 ἐντυχὼν
3591 866 3673 905 τις

2040 935 2208 1012 εὕροι,
2240 936 2582 1011 ἐπιρῥάπτειν
2615 942 2682 1002 τῆ
2716 937 3022 1011 ἀμπεχόνῃ,
3072 935 3166 989 κᾶν
3219 936 3329 988 οἷον
3383 932 3554 987 ἐκεῖνο
3586 931 3674 985 καὶ

2038 1024 2093 1098 ᾗ,
2131 1023 2226 1080 λᾶν
2258 1028 2291 1094 ἡ
2324 1025 2612 1099 ἀμπεχόνη
2652 1027 2726 1098 μὴ
2758 1023 2933 1081 δέοιτο
2967 1026 3014 1095 (ὁ
3047 1026 3109 1099 γὶ
3141 1024 3359 1090 σκοπὸς,
3385 1023 3458 1081 ὡς
3492 1020 3550 1074 ἃν
3583 1020 3673 1073 καὶ

2040 1110 2163 1167 ἄνευ
2193 1113 2381 1188 χρείας
2423 1118 2582 1168 τοῦτο
2626 1117 2929 1178 ποιοῦντες,
2981 1113 3064 1167 ἐπὶ
3114 1119 3212 1181 τῆς
3259 1110 3445 1185 χρείας
3499 1112 3672 1162 ποιεῖν

2041 1201 2462 1274 ἀναγκαζόμενοι
2500 1203 2574 1273 μὴ
2608 1201 2975 1275 αἰσχύνοιντο,
3013 1207 3130 1261 τοῖς
3183 1198 3437 1259 παλαιοῖς
3490 1197 3557 1251 τὰ
3585 1194 3676 1249 νέα

2039 1287 2682 1363 προσεπεμὸἀλλοντες),
2731 1290 2819 1343 καὶ
2867 1288 3037 1350 οὕτως
3088 1287 3279 1348 αὐτοὺς
3335 1288 3427 1359 μὲν
3482 1286 3531 1340 ἐν
3585 1285 3673 1338 ἀν-

2042 1379 2148 1433 ἐσει
2177 1378 2405 1449 παντοίᾳ
2435 1382 2553 1452 ζῇν,
2590 1378 2837 1453 σάριτταν
2871 1379 2961 1432 καὶ
3012 1374 3294 1453 ἐφεστρίδα
3336 1374 3425 1430 καὶ
3472 1368 3675 1444 ἔνδυμα

2041 1465 2129 1520 καὶ
2161 1466 2324 1534 αὐτὴν
2360 1469 2501 1535 ζωὴν
2534 1468 2678 1540 παρά
2718 1471 2825 1520 τῶν
2870 1468 2967 1534 τῆς
3018 1460 3455 1539 γυναικωνίτιδος
3511 1458 3674 1533 ἕχον·

2038 1575 2153 1617 τας,
2199 1554 2392 1615 αὐτοὺς
2448 1552 2504 1609 δὶ
2554 1553 2927 1627 πολεμοῦντας
2985 1554 3052 1607 τά
3105 1556 3212 1606 τῶν
3263 1548 3447 1604 ἄλλων
3502 1547 3672 1622 ἔχειν,

2046 1639 2211 1715 μηδὶν
2242 1641 2849 1716 πολυπραγμονοῦντας.
2880 1644 2963 1713 [Ρ.
3019 1642 3146 1710 237]
3200 1642 3383 1695 Ταῦτα
3435 1639 3531 1690 τοῦ
3583 1655 3672 1688 νο-

2045 1729 2273 1801 μοθέτου
2302 1730 2643 1803 Τζιγκίσκανι
2683 1733 2795 1799 (νῦν
2853 1728 2953 1803 γὰρ
3011 1729 3352 1799 ἀνεμνήσθην
3408 1720 3671 1795 τούνομω

294 1811 643 1880 ἀσπάζεσθαι,
693 1810 756 1866 τὸ
804 1810 970 1883 μηδὲν
1020 1813 1144 1887 περὶ
1219 1815 1340 1888 βίου
1398 1814 1665 1888 σπεύδειν,
1713 1818 1776 1871 τὸ
1826 1817 1931 1873 πάι-
1963 1843 2009 1906 B
2042 1818 2261 1892 Τξιγκὶς
2314 1818 2415 1893 γὰρ
2471 1818 2533 1871 τὸ
2590 1813 2759 1889 ὄνομα
2791 1861 2804 1883 ,
2865 1818 2892 1870 ὁ
2953 1814 3010 1869 δὲ
3063 1822 3223 1875 Κανις
3278 1811 3551 1889 βασιηευς)
3607 1810 3673 1864 τά

294 1922 412 1964 σαις
441 1903 676 1976 χρῆσθαι
705 1907 954 1977 τροφαῖς,
1007 1900 1177 1975 μηδὲτ
1222 1908 1330 1958 τῶν
1381 1900 1631 1975 βεϐήλων
1680 1901 1928 1981 ἔχοντας,

291 1990 354 2044 τὸ
404 1989 609 2064 γυναιξὶ
665 1995 932 2044 συνοικεῖν
989 1989 1290 2061 πλείσταις,
1347 1991 1434 2047 καί
1487 1993 1706 2055 ταύταις
1761 2015 1929 2070 προσ-

296 2078 593 2133 ανατιθέναι
650 2078 741 2132 τὸν
801 2083 908 2132 τῶν
961 2080 1258 2152 ἀναγκαίων
1314 2082 1583 2155 πορισμὸν
1616 2123 1631 2148 ,
1689 2083 1763 2144 ὡς
1821 2084 1932 2155 ἅμα

298 2167 394 2241 μὲν
451 2169 513 2221 τὸ
565 2167 719 2242 γένος
778 2166 1144 2237 πληθύνεσθαι
1219 2172 1333 2241 ἅμα
1407 2168 1451 2224 δ’
1509 2167 1654 2245 ἔχειν
1713 2171 1801 2226 καὶ
1857 2173 1929 2226 ὧν

293 2253 524 2323 δὲοιντο,
578 2256 639 2309 τὸ
690 2252 857 2327 μηδὲν
909 2260 1017 2311 τῶν
1064 2258 1178 2311 καθ’
1229 2257 1517 2312 ὑπόστασιν
1566 2262 1933 2332 προσκτᾶσθαι

291 2344 623 2416 κτημάτων,
695 2340 821 2415 μηδ’
873 2339 1124 2415 ἐμμένειν
1174 2342 1459 2416 κδίσμασιν
1522 2347 1685 2401 οἷ’κων
1718 2393 1733 2419 ,
1789 2347 1934 2403 ἀλλά

298 2427 634 2507 μεταϐαίνειν
664 2432 752 2486 καὶ
816 2453 1139 2509 μεταφοιτᾳν
1192 2434 1328 2506 πρὸς
1383 2435 1446 2487 τὸ
1504 2438 1803 2509 χρήσιμον,
1835 2436 1933 2491 κᾶν

294 2521 459 2597 χρεία
485 2525 694 2594 τροφῆς
728 2517 811 2589 εἴη
842 2540 942 2592 τῳ,
981 2520 1148 2594 ὀϊστῷ
1192 2521 1514 2598 χρωμένους
1569 2526 1734 2601 θηρᾷν
1779 2525 1814 2595 ἢ
1844 2524 1934 2580 καὶ

302 2755 410 2797 nec
458 2738 706 2795 sollicite
752 2743 1075 2810 congerunt
1106 2744 1206 2795 aut
1234 2742 1551 2798 consulunt
1579 2743 1639 2797 in
1669 2742 1932 2798 futurum

304 2844 472 2884 avara
522 2826 904 2899 providentia.
932 2828 1014 2882 Ad
1050 2828 1202 2884 hanc
1251 2830 1469 2885 scilicet
1516 2832 1787 2886 formavit
1834 2847 1934 2886 eos

312 2915 676 2986 disciplinam
696 2916 929 2987 priscas
946 2916 1207 2987 ipsorum
1223 2917 1523 2990 legislator
1547 2919 1784 2989 quidam
1798 2937 1932 2985 ,non

308 3020 451 3060 sane
505 3004 675 3060 Solon
724 3010 825 3060 aut
869 3006 1166 3075 Lycurgus
1221 3010 1322 3061 ant
1378 3011 1596 3062 Dracon
1644 3007 1725 3078 (hi
1778 3008 1933 3062 enim

299 3093 773 3162 Atheniensibus,
806 3093 1277 3165 Lacedaemoniis,
1308 3099 1365 3149 et
1406 3096 1758 3166 quibusdam
1804 3096 1935 3151 aliis

2041 1903 2467 1980 παραγγέλματα
2522 1904 2572 1958 ἐν
2635 1903 2864 1981 ἀσφαλεῖ
2921 1902 3137 1980 ἔχοντες
3196 1904 3454 1973 ἀλήθειάν
3510 1921 3569 1955 τε
3616 1899 3668 1953 ἂν

2039 1992 2229 2067 λόγοις
2260 1994 2480 2047 ἀσκοῦσι
2523 1993 2613 2047 καὶ
2672 1991 3012 2062 δικαιοσύνην
3071 1993 3122 2045 ἐν
3154 1992 3396 2066 πράξεσι,
3452 1990 3514 2043 τὸ
3574 1988 3669 2059 μὲν

2039 2080 2314 2153 ὲλευθεριῃ
2359 2084 2637 2152 προσῆκον
2682 2084 2890 2155 ψυχῆς,
2932 2082 2994 2136 τὸ
3048 2078 3090 2135 δ’
3129 2080 3377 2149 εὐθύτητι
3423 2078 3671 2153 γνώμης,

2040 2169 2112 2230 ὡς
2142 2168 2538 2241 ἀνεξαπάτητον
2573 2170 2663 2241 μὲν
2725 2170 2857 2223 εἶναι
2917 2171 3000 2231 οἷς
3058 2169 3116 2222 ἂν
3150 2167 3337 2222 ἀκούοι
3375 2188 3457 2230 τις
3487 2166 3670 2237 ἑτερου

2041 2256 2313 2330 λέγοντος,
2362 2257 2810 2312 ἀνεπιϐούλευτον
2868 2254 2924 2310 δὲ
2991 2259 3072 2320 οἷς
3135 2254 3360 2329 πράττοι
3417 2253 3474 2307 ἂν
3534 2253 3669 2326 πρὸς

2042 2343 2243 2398 ἐκεῖνον
2300 2340 2500 2419 ἕτερος.
2561 2342 2736 2399 Ἀλλά
2790 2346 2967 2418 Νογᾶν
3031 2344 3123 2416 μὲν
3169 2339 3434 2411 κηδεύσας
3465 2340 3491 2393 ὁ
3528 2340 3676 2415 βασι-

2043 2430 2169 2494 λεὺς
2211 2429 2486 2500 τηνικάδε,
2542 2429 2633 2484 τὸν
2692 2431 2908 2486 ἐκείνων
2969 2433 3229 2507 ἄρχοντα,
3290 2429 3518 2501 πέμπων
3576 2425 3676 2480 οὐκ

2042 2519 2176 2573 ἀνίει
2203 2518 2455 2586 πλεῖστα,
2512 2520 2608 2573 ὅσα
2657 2540 2716 2573 τε
2764 2520 2900 2596 πρὸς
2956 2517 3265 2593 ἐνδυμάτων
3326 2522 3526 2593 χρῆσιν
3584 2512 3673 2569 καὶ

2042 2741 2243 2799 lacerae
2309 2744 2675 2811 segmentum
2752 2741 2899 2797 forte
2973 2740 3264 2809 abjectum
3338 2735 3673 2805 occurrerit,

2043 2829 2341 2886 sublatum
2371 2829 2572 2884 statim
2594 2828 2760 2897 vesti,
2785 2845 2900 2899 qua
2929 2828 3162 2899 tegitur,
3187 2822 3674 2888 assuito,etiamsi

2041 2920 2197 2976 bona
2216 2920 2294 2975 sit
2315 2935 2419 2975 nec
2442 2922 2598 2974 sarto
2629 2923 2814 2990 egeat.
2846 2918 3131 2973 Nimirum
3166 2915 3274 2971 hoc
3304 2916 3449 2971 citra
3472 2930 3674 2970 neces-

2045 3008 2279 3064 sitatem
2311 3008 2432 3062 ﬁeri
2458 3007 2676 3078 jubens
2706 3007 2761 3061 id
2793 3007 3022 3078 agebat,
3056 3011 3140 3072 ut,
3170 3022 3302 3060 cum
3330 3020 3476 3074 opus
3509 3003 3677 3068 foret,

2045 3096 2336 3151 neminem
2364 3096 2602 3168 puderet
2621 3095 3026 3149 indumentum
3054 3110 3229 3148 manu
3252 3090 3678 3163 suaproprium

293 3182 591 3253 sapientes
642 3182 1026 3252 sapientibus,
1061 3183 1271 3238 eruditi
1312 3184 1519 3251 doctis,
1550 3184 1621 3239 ad
1652 3185 1934 3240 rationem
1967 3167 2009 3233 (ἶ
2046 3183 2261 3240 sarcire
2319 3167 2376 3238 et
2429 3181 2846 3238 consarcinatis
2917 3196 3019 3252 per
3072 3184 3465 3236 veteramenta
3517 3179 3680 3234 novis

297 3277 532 3326 exactas
543 3270 932 3325 condiderunt
946 3270 1150 3341 leges),
1167 3272 1266 3326 sed
1283 3271 1488 3328 idiotia
1501 3272 1793 3343 ignobilis,
1808 3272 1938 3328 vilis

298 3358 517 3430 opificii
538 3358 736 3413 labore
756 3357 951 3426 tritus,
975 3359 1138 3429 prius
1170 3360 1331 3415 faber
1359 3361 1513 3415 846
1547 3361 1847 3430 ferrarius,
1870 3377 1939 3415 ex

300 3446 546 3502 ofﬁcinis
580 3462 648 3501 ac
681 3444 932 3501 fornacis
964 3445 1207 3517 fuligine
1258 3448 1317 3502 in
1362 3448 1674 3518 imperium
1719 3449 1936 3518 produ-

306 3538 435 3589 ctus
463 3538 516 3590 et
546 3533 720 3589 Canis
742 3534 1069 3588 declaratus
1104 3551 1117 3587 :
1152 3535 1236 3590 sic
1266 3534 1351 3588 illi
1384 3536 1702 3607 principem
1736 3536 1938 3608 appel-

300 3621 445 3677 lant.
502 3623 605 3677 Hic
671 3626 901 3692 gentem
958 3622 1227 3677 excitavit
1281 3623 1453 3679 istam
1513 3630 1576 3678 ut
1626 3641 1657 3678 e
1714 3624 1938 3696 Caspiis

290 3710 483 3783 portis
514 3710 746 3781 prodire
781 3726 891 3764 non
924 3711 1234 3780 dubitaret,
1260 3712 1516 3782 polliceri
1551 3729 1754 3779 ausus,
1789 3730 1935 3782 quo-

289 3814 527 3869 cunque
580 3797 797 3853 bellum
841 3797 1143 3864 inferrent,
1171 3816 1474 3871 nunquam
1506 3800 1746 3855 victoria
1777 3802 1937 3856 fran-

283 3889 537 3957 dandos,
563 3887 612 3943 si
643 3886 873 3959 legibus
919 3905 951 3941 a
1000 3904 1061 3942 se
1093 3888 1410 3958 propositis
1442 3894 1706 3944 accurate
1736 3890 1941 3945 obser-

287 3977 500 4033 vandis
532 3981 813 4032 attentam
848 3975 1213 4047 diligentiam
1239 3976 1661 4047 impenderent.
1694 3983 1937 4034 Summa

288 4065 486 4137 legum
532 4065 653 4120 haec
698 4070 822 4120 erat
855 4082 867 4120 :
906 4064 1151 4121 Delicias
1185 4076 1539 4121 aversanlor.
1573 4066 1766 4123 Obviis
1792 4084 1935 4123 con-

282 4155 435 4211 tenti
468 4159 665 4210 sunto.
703 4152 912 4209 Mutua!
945 4154 1241 4210 societatis
1267 4154 1609 4211 charitatem
1642 4161 1930 4211 servanto.

287 4244 567 4298 Privatim
602 4242 713 4297 sibi
746 4259 847 4313 pro
879 4243 1121 4297 arbitrio
1168 4243 1474 4300 consulere
1504 4244 1742 4300 vitanto.
1777 4245 1933 4301 Nihil

285 4332 351 4387 in
384 4331 505 4386 vita
531 4330 798 4397 victuque
847 4328 1205 4399 exquisitum
1255 4331 1580 4386 aii‘ectanto.
1612 4331 1771 4388 Cibis
1801 4330 1934 4402 qui-

287 4420 641 4491 buscnnque
700 4419 824 4474 sine
884 4420 1089 4474 mundi
1165 4421 1522 4477 immundive
1595 4421 1933 4477 discrimine

287 4515 550 4566 utuntur.
586 4508 803 4564 Uxores
835 4506 1013 4563 simul
1059 4508 1343 4581 plurimas
1390 4510 1681 4579 habento;
1731 4515 1788 4566 et
1836 4510 1927 4566 his
1961 4530 2005 4595 Β

287 4615 491 4655 curam
527 4598 923 4670 parandarum
959 4613 1152 4653 rerum
1185 4600 1253 4653 ad
1283 4600 1499 4655 victum
1531 4600 1928 4671 vestitumque

286 4687 526 4743 utilium
561 4687 877 4741 mandanto
912 4703 925 4742 :
959 4686 1096 4742 inde
1126 4688 1671 4760 multiplicationem
1716 4690 1927 4761 gentis,

286 4776 554 4831 indidem
631 4774 1095 4830 necessariorum
1155 4777 1574 4833 abundantiam
1630 4784 1926 4834 nacturos.

288 4864 647 4920 Praediorum
711 4880 776 4917 ac
852 4862 961 4918 soli
1040 4867 1439 4935 possessiones
1524 4872 1926 4938 aspernantor.

287 4950 669 5008 Fabricandis
714 4951 986 5008 domibus
1018 4969 1131 5008 non
1162 4953 1546 5010 immorantor
1578 4955 1798 5026 :gvitam
1826 4956 1927 5011 de-

286 5040 598 5098 sultoriam
632 5038 766 5094 hinc
802 5038 960 5109 illnc,
995 5056 1345 5114 quocunque
1374 5042 1595 5099 utilitas
1621 5044 1926 5112 vocaverit,

284 5129 526 5187 assidue
558 5128 1005 5201 migrabundam
1038 5130 1370 5188 adamanto.
1394 5130 1501 5188 Ubi
1532 5132 1699 5188 cibus
1729 5133 1926 5188 defue-

284 5221 385 5286 rit,
420 5223 520 5275 aut
552 5218 765 5288 sagitta
799 5220 856 5272 et
881 5221 1090 5273 venatu
1136 5224 1399 5291 paranto,
1439 5226 1541 5278 aut
1587 5224 1747 5277 secta
1793 5221 1928 5292 equi

279 5324 431 5365 vena
448 5305 798 5378 sanguinem
817 5310 1091 5377 sugunto.
1110 5307 1169 5363 Si
1194 5307 1454 5365 solidiori
1483 5327 1630 5382 opus
1653 5310 1926 5367 alimento

286 5397 389 5468 sit,
420 5394 766 5450 intestinum
793 5394 914 5449 ovis
947 5396 1230 5467 sanguine
1262 5398 1558 5470 oppletum
1582 5400 1690 5455 sub
1722 5398 1924 5471 ephip-

288 5486 455 5558 pium
491 5486 770 5556 ponunto.
806 5482 900 5538 Sic
944 5500 1107 5540 mora
1160 5492 1493 5543 concretum
1524 5493 1580 5544 et
1608 5488 1706 5544 illo
1737 5488 1927 5544 calore

286 5578 524 5631 coctum
556 5570 925 5642 sanguinem,
956 5588 1087 5628 cum
1117 5576 1383 5630 vescendi
1416 5577 1769 5632 desiderium
1802 5579 1925 5632 fue-

286 5662 387 5736 rit,
430 5663 700 5720 voranto.
750 5658 1090 5733 Ubicunque
1140 5662 1320 5722 cuivis
1370 5665 1547 5737 panni
1600 5670 1701 5724 ant
1752 5665 1923 5738 pellis

2043 3277 2245 3328 assuta
2292 3271 2502 3343 pannis
2550 3270 2750 3326 vestiri
2800 3268 3164 3325 centonibus.
3196 3270 3370 3325 Porro
3400 3268 3493 3324 his
3534 3284 3679 3338 pris-

2042 3360 2463 3432 scriptionibns
2480 3360 2755 3431 sperabat
2767 3362 3173 3415 assecuturum
3189 3373 3249 3413 se
3263 3361 3326 3412 ut
3339 3357 3430 3412 sui
3444 3371 3677 3433 summa

2042 3447 2168 3501 vitae
2199 3447 2509 3502 securitate
2542 3448 2890 3512 fruerentur,
2913 3447 3324 3517 expeditosque
3358 3445 3428 3500 ad
3462 3448 3673 3499 nutum

2042 3538 2189 3593 347
2228 3535 2464 3590 haberet
2496 3553 2723 3608 semper
2750 3552 2974 3604 omnes,
3009 3535 3169 3590 nulla
3201 3535 3426 3607 uspiam
3460 3532 3674 3589 sollici-

2042 3624 2245 3679 tudine
2285 3623 2509 3692 affixos,
2541 3624 2757 3695 quippe
2788 3625 3004 3696 quibus
3042 3626 3275 3692 sarissa,
3310 3622 3675 3695 ephippium,

2040 3713 2220 3768 vestis
2245 3717 2303 3768 et
2330 3712 2626 3779 alimenta,
2660 3714 2876 3782 quibus
2925 3714 3079 3779 unis,
3103 3714 3368 3783 egebant,
3404 3710 3677 3766 muliebri

2043 3800 2370 3856 ministerio
2397 3803 2608 3856 cuncta
2638 3817 2667 3854 e
2697 3816 2964 3871 gynaeceo
2998 3800 3527 3871 suppeditarentur,
3564 3799 3677 3869 ipsi

2041 3888 2122 3945 rei
2183 3888 2402 3944 bellicae
2464 3890 2562 3943 nni
2618 3892 2890 3942 vacarent
2948 3888 3387 3959 spoliandisque
3446 3888 3673 3956 alienis,

2042 3976 2186 4031 nihil
2207 3982 2482 4048 prmterea
2512 3976 2726 4047 negotii
2761 3975 3062 4041 habentes,
3095 3981 3195 4030 aut
3224 3975 3452 4030 curiose
3483 3974 3676 4045 inqui-

2040 4069 2235 4120 rentes
2266 4064 2404 4136 quid
2434 4065 2698 4120 futurum
2748 4068 2920 4119 esset.
2956 4064 3185 4119 Talium
3234 4067 3435 4119 auctor
3478 4062 3672 4134 legum

2038 4153 2427 4209 Tzinciscanis
2452 4152 2580 4208 fuit.
2606 4153 2750 4209 Nam
2774 4169 2905 4208 cum
2930 4153 3163 4224 proprio
3187 4152 3421 4207 nomine
3445 4150 3673 4207 Tzincis

2040 4242 2131 4297 hic
2178 4242 2264 4297 vir
2315 4250 2635 4308 vocaretur,
2669 4242 2840 4297 Canis
2888 4240 3259 4304 vocabulum,
3292 4232 3442 4311 quod
3477 4256 3673 4311 regem

2037 4334 2228 4400 sonat,
2259 4332 2384 4403 ejus
2417 4332 2652 4402 privatae
2684 4331 3031 4402 adjunctnm
3090 4327 3459 4401 appellationi
3503 4330 3671 4383 Tzin-

2036 4420 2285 4476 ciscanis
2312 4437 2521 4475 nomen
2563 4420 2762 4489 efﬁcit,
2788 4436 2944 4475 nunc
2974 4417 3263 4474 memoria:
3297 4418 3671 4473 commodum

2036 4524 2350 4564 occurrens
2385 4525 2397 4562 :
2432 4525 2566 4563 nam
2607 4524 2740 4563 cum
2767 4522 2936 4580 agere
2967 4508 3039 4562 de
3072 4506 3179 4561 hoc
3210 4506 3375 4576 coepi,
3408 4507 3669 4561 nondum

2037 4601 2267 4654 venerat
2295 4598 2354 4652 in
2388 4602 2662 4653 mentem.
2695 4597 2979 4652 Caeterum
3012 4595 3103 4650 his
3134 4596 3259 4665 ejus
3318 4593 3669 4665 praescriptis

2040 4688 2477 4760 acquiescentes
2497 4686 2869 4757 contingebat
2891 4685 3032 4741 istos
3045 4684 3290 4757 populos
3303 4685 3669 4740 veracitatem

2039 4776 2097 4832 in
2129 4777 2442 4848 loquendo,
2472 4774 2803 4847 aequitatem
2837 4774 2892 4829 in
2922 4775 3143 4847 agendo
3172 4777 3385 4843 tenere,
3427 4788 3673 4844 quorum

2038 4864 2182 4921 illud
2213 4864 2464 4920 libertati
2498 4864 2678 4920 animi
2709 4863 2995 4927 convenit,
3030 4864 3135 4918 hoc
3167 4862 3502 4919 rcctitudini
3544 4879 3671 4917 m0-

2040 4970 2169 5010 rum
2214 4952 2357 5008 illud
2407 4970 2610 5009 rursus
2638 4956 2831 5008 tutum
2864 4956 3094 5024 praestat
3126 4952 3460 5008 audientem
3494 4968 3528 5007 a
3557 4952 3670 5006 cir-

2038 5043 2443 5099 cumventione
2486 5042 2853 5099 fraudulenta
2901 5042 3233 5098 mentientis
3282 5043 3467 5097 socii:
3504 5041 3608 5097 hoc
3639 5060 3672 5098 a

2036 5132 2262 5189 cunctis
2276 5132 2854 5204 quemqueinsidiose
2867 5132 3264 5203 grassantium
3280 5129 3667 5186 dolisliberat.

2036 5224 2223 5293 Hujus
2272 5222 2463 5295 gentis
2512 5221 2827 5293 principem
2860 5226 2999 5277 tunc
3027 5221 3246 5290 Vogam
3297 5221 3407 5276 sibi
3457 5220 3668 5275 fcedere

2036 5312 2411 5368 conciliatum
2440 5312 2751 5383 imperator
2782 5328 2913 5367 cum
2949 5311 3144 5366 missis
3175 5310 3394 5365 alfatim
3428 5310 3665 5364 luxuriae
3711 5341 3714 5345 ε

2036 5401 2311 5457 nostratis
2369 5400 2776 5457 instrumentis
2821 5402 2890 5456 ad
2942 5400 3181 5455 delicias
3233 5398 3473 5454 Romani
3522 5415 3666 5454 usus

2032 5491 2327 5556 invitaret,
2370 5491 2681 5546 minimum
2730 5490 2989 5562 profecit,
3035 5489 3189 5559 quod
3240 5489 3311 5543 ad
3356 5487 3662 5543 mollitiem

2034 5580 2267 5652 quidem
2300 5579 2544 5634 vestium
2575 5579 2627 5633 ei
2649 5580 3009 5634 suadendam
3053 5582 3297 5649 spectat.
3337 5577 3481 5632 Nam
3531 5593 3662 5633 cum

2032 5670 2297 5728 ciborum
2317 5668 2370 5725 ei
2390 5668 2663 5740 exquisiti
2691 5673 2900 5741 gustus
2929 5667 3120 5727 offerri
3149 5671 3411 5726 curasset
3437 5668 3659 5726 variam
