4162 6292
451 344 557 399 799

1749 362 2052 419 GEORGII
2089 364 2549 419 PACHYMERE

3742 354 3846 407 800

456 468 556 557 δῖα
590 470 724 544 πρὸς
751 475 966 547 τροφῶν
1016 473 1320 545 ποικιλίαν,
1365 478 1500 553 πρὸς
1548 477 1605 534 δὲ
1660 481 1749 534 καὶ
1779 483 2085 555 ἀνθοσμιῶν
2117 488 2165 553 Α
2201 483 2320 553 λείᾳ
2367 482 2680 557 προσέχων.
2738 486 2943 540 Τοῦτον
2992 485 3281 557 τοιγαροῦν
3334 473 3476 553 ἔχων
3525 479 3553 532 6
3593 473 3851 551 βασιλεὺς

458 553 619 609 οἷ’νων
688 557 818 621 ὅλας
868 560 1128 623 πιθάκνας
1177 567 1663 639 φιλοτιμούμενος.
1705 570 1764 626 Ὀ
1815 567 1872 623 δὲ
1899 553 1966 625 τά
1999 572 2090 643 μὲν

460 643 535 705 εἷς
573 646 772 719 βρῶσιν
822 648 911 701 καὶ
965 649 1123 703 πάσιν
1174 653 1354 723 μαθὼν
1405 656 1588 729 ἠγάπα
1641 652 1955 729 λαμϐάνων,
2004 662 2092 713 καὶ

461 733 662 819 χρυσὸν
723 731 779 787 δὲ
836 737 924 788 καὶ
980 734 1211 812 ἄργυρον
1265 739 1316 793 ἐν
1370 741 1651 815 ἐκπώμασι
1710 743 2090 819 προσεδέχετο·

453 819 523 873 τὰ
572 818 626 874 δὲ
680 821 906 877 ποικίλα
953 824 988 892 ἢ
1038 828 1170 899 πρὸς
1226 826 1537 905 καλύπτρας
1569 830 1603 899 ἢ
1635 833 1768 907 πρὸς
1825 818 2095 905 ἐνδύματα

453 906 847 983 (ἐφιλοτιμεῖτο
873 913 972 987 γὰρ
1004 914 1091 967 καὶ
1135 920 1301 969 ταῦτα
1352 906 1844 989 προσαποστέλλων
1880 922 1906 974 6
1943 924 2091 995 βασι-

455 994 601 1067 λεὺς)
634 999 920 1072 ἁφώμενος
949 1006 1066 1062 ταῖς
1103 1004 1286 1077 χερσὶν
1338 1005 1593 1076 ἀνηρώτα
1643 1010 1731 1062 τὸν
1774 1006 2093 1081 διακομισά-

459 1104 639 1155 μενον,
670 1085 713 1139 εἷ
758 1089 1090 1161 χρησιμεύοι
1149 1093 1285 1164 πρὸς
1342 1094 1580 1171 κεφαλήν
1642 1096 1729 1150 ἐπὶ
1758 1102 1837 1168 τῷ
1894 1095 2091 1152 ἄπονον

457 1171 590 1226 εἶναι
643 1174 732 1227 καὶ
791 1175 1090 1249 ἀνάλγητον
1124 1180 1489 1256 ἠκαλύπτρα,
1521 1184 1566 1237 εἰ
1617 1185 1644 1237 ὁ
1693 1184 2092 1260 ἐπανεσπαρμὲο

453 1280 546 1322 νος
605 1261 876 1336 μάργαρος
927 1263 1147 1335 ἀμύνειν
1199 1266 1320 1340 ἔχοι
1367 1270 1533 1335 ταύτη
1579 1271 1674 1331 τὰς
1729 1273 2001 1347 ἀστραπὰς
2049 1274 2095 1328 εἷ

456 1346 531 1409 εἷς
566 1349 803 1422 βροντῶν
835 1351 1092 1423 κτύπους,
1128 1353 1265 1408 ὥστε
1312 1357 1386 1428 μή
1439 1353 1803 1433 ἐμϐρόντητον
1853 1364 2096 1435 γίνεσθαι

452 1436 544 1490 τὸν
603 1440 889 1513 φοροῦντα,
941 1441 968 1493 ὁ
1001 1439 1152 1503 λίθος
1213 1446 1542 1520 συναίροιτο,
1595 1448 1639 1499 εἷ
1695 1447 1760 1501 τὰ
1814 1448 2091 1519 πολυτελῆ

453 1523 604 1588 αὖθις
637 1524 903 1598 ἐνδύματα
953 1528 1028 1591 εἷς
1084 1530 1307 1585 ἀπονίαν
1367 1531 1548 1605 μελῶν
1598 1531 1995 1607 συλλαμϐάνοι·
2028 1537 2094 1593 Ei‘

452 1613 546 1686 μὲν
599 1615 701 1668 οὐκ
749 1612 972 1689 ἔλεγον,
1037 1619 1434 1695 παρεῤῥίπτει,
1487 1622 1531 1674 εἰ
1586 1624 1675 1676 καὶ
1729 1622 1963 1687 ἐνδυθείς
2013 1625 2095 1679 ἐπ’

447 1701 633 1775 ὀλίγον
666 1702 793 1757 ὅσον
824 1704 917 1765 τάς
977 1704 1161 1780 φιλίας
1218 1708 1643 1785 ἀφοσιώσασθαι,
1693 1711 2094 1787 ἀπεκδυύμενος

449 1787 749 1863 παραυτίκα
803 1788 1175 1864 μετελάμϐανε
1223 1802 1384 1864 κυνῆν
1434 1795 1468 1865 ἢ
1514 1794 1791 1869 προϐατῆν
1844 1801 1941 1867 τήν
1974 1822 2094 1855 συν-

449 1880 583 1947 ήθη,
616 1878 703 1932 καὶ
737 1884 917 1952 φορῶν
970 1878 1260 1955 ἐκυδροῦτο
1314 1882 1479 1939 πλέον
1531 1885 1565 1955 ἢ
1612 1886 1736 1941 ὅσοι
1764 1894 1880 1950 ταῖς
1912 1887 2091 1943 πολυ-
2123 1872 2170 1937 Β

448 1963 629 2019 τελὲσι
692 1966 935 2029 στολαῖς.
992 1969 1266 2031 Ὡσαύτως
1315 1972 1403 2026 καὶ
1457 1973 1542 2027 ἐπὶ
1596 1981 1713 2037 ταῖς
1762 1976 2095 2050 καλύπτραις

447 2051 639 2122 ἐποίει,
690 2056 788 2123 τὴν
847 2057 983 2129 πρὸς
1048 2066 1246 2132 χρῆσιν
1307 2062 1595 2136 ἀναγκαίαν
1643 2068 1750 2118 τῶν
1802 2070 2088 2139 περιττῶν,

445 2138 541 2194 κᾶν
572 2141 638 2210 ἦν
669 2147 776 2197 τῶν
810 2142 1153 2216 πολυτελῶν,
1198 2148 1645 2224 ἀνθαιρούμενος.
1699 2152 1759 2207 Εἰ
1810 2138 2088 2214 δ’ῗέκεῖνος

445 2229 823 2303 πλαττόμενος
878 2228 1063 2302 ὄνησιν
1121 2236 1299 2311 φέρειν
1359 2235 1511 2312 ἔλεγε
1580 2244 1659 2311 τῷ
1718 2245 1971 2315 φοροῦντι
2028 2243 2089 2295 τὸ

444 2316 634 2386 κτέρας
692 2320 788 2387 τὴν
848 2319 1061 2375 οἷάνοῦν
1111 2343 1169 2376 τε
1214 2324 1303 2377 καὶ
1364 2323 1733 2399 ὁπουδήποτε,
1786 2328 1941 2392 εὐθὺς
1999 2351 2089 2384 πι-

450 2406 651 2461 στεύων
683 2408 883 2485 ἒιρορει,
918 2409 979 2464 οὐ
1036 2410 1212 2475 λίθοις
1260 2411 1385 2468 οὐδὲ
1437 2414 1755 2493 μαργᾶροις,
1789 2416 1917 2472 ἀλλ’
1946 2418 2089 2493 ὠφε-

448 2626 677 2697 copiam
708 2627 946 2700 vinique
977 2631 1201 2687 odorati
1228 2636 1350 2689 tota
1381 2634 1561 2706 dolia,
1588 2635 1675 2691 his
1706 2636 1941 2707 quidem
1975 2654 2089 2692 non

440 2712 738 2770 illibenter
797 2722 886 2771 est
944 2735 1110 2774 usus.
1143 2724 1366 2776 Aurum
1430 2723 1568 2778 item
1603 2729 1660 2779 et
1689 2730 1995 2795 argentum
2028 2726 2087 2779 in

440 2805 594 2859 vasis
627 2806 968 2877 poculisque
1015 2809 1166 2864 dono
1218 2812 1371 2867 datis
1422 2813 1678 2884 probans
1728 2814 1988 2869 admisit.
2020 2816 2091 2868 At

442 2891 815 2948 versicoloris
842 2895 982 2949 varii
1016 2898 1244 2967 generis
1276 2902 1401 2954 tum
1436 2901 1647 2972 capitis
1678 2903 1933 2973 tegmina
1962 2908 2087 2956 tum

450 2981 844 3036 membrorum
890 2984 1236 3042 indumenta
1279 2995 1640 3056 caeterorum,
1673 3005 1917 3059 quarum
1951 2989 2089 3044 item

451 3084 646 3122 rerum
698 3070 819 3124 vim
890 3088 1164 3142 magnam
1232 3077 1392 3145 regia
1442 3077 1629 3130 eidem
1696 3076 2090 3133 muniﬁcentia

450 3156 771 3225 imperator
820 3159 1077 3229 miserat,
1112 3163 1255 3227 haec,
1290 3163 1551 3233 inquam,
1605 3166 2090 3236 aspernabundus

2198 567 2419 643 ἕτοιμον
2474 577 2570 626 τοῦ
2628 571 3026 626 Κωνσταντίνου
3085 568 3543 643 καταγραμεῖσθαι
3601 564 3691 619 καὶ
3750 565 3847 632 τὴν

2199 659 2403 713 ἐκείνου
2435 658 2711 713 σκυλεύειν
2763 661 2975 734 χώραν,
3004 658 3051 712 εἴ
3098 664 3213 719 τοῖς
3261 661 3357 711 τοῦ
3410 653 3679 730 βασιλέως
3716 654 3852 707 ἐκεῖ·

2197 769 2287 809 νος
2321 747 2484 819 ἐπίοι,
2532 748 2592 802 οὐ
2648 743 3022 821 Μεσεμϐρείας
3070 747 3231 819 μόνον
3282 744 3518 821 στερρῶς
3562 743 3849 815 ἀντείχετο

2197 836 2284 889 καὶ
2333 839 2431 904 τῆς
2482 836 2806 910 Ἀγχιάλου,
2857 834 3001 890 ἀλλὰ
3046 836 3134 888 καὶ
3186 832 3506 901 Σωζόπολιν
3536 832 3627 885 καὶ
3680 832 3848 903 Ἀγα-

2199 923 2484 986 θιούπολιν
2534 924 2621 978 καὶ
2682 923 3021 998 Κανστρίτζιν
3081 923 3167 977 καὶ
3229 920 3354 976 ἄλλ’
3400 920 3531 975 ἅττα
3588 918 3850 995 φρούρια,

2198 1012 2331 1086 ἅπερ
2362 1014 2413 1065 οἱ
2451 1016 2546 1066 τοῦ
2607 1012 2872 1087 βασιλέως
2927 1011 3403 1081 ἐπισκευασάμενοι
3461 1012 3849 1083 προσεκτῶντο

2197 1104 2277 1170 τῷ
2312 1099 2547 1173 βασιλεῖ,
2579 1100 2667 1153 καὶ
2718 1100 2837 1155 λίαν
2883 1100 2931 1154 ἐν
2982 1104 3167 1173 χεροῖν
3226 1098 3358 1171 εἶχε,
3396 1094 3536 1169 μηδέ
3577 1094 3849 1172 φρουρίου

2199 1188 2349 1241 σκιὰν
2400 1187 2755 1261 προϊέμενος.
2808 1182 3179 1261 Μεσὲμϐρειαν
3236 1188 3338 1259 γὰρ
3383 1186 3469 1240 καὶ
3520 1185 3579 1239 ἐκ
3634 1182 3851 1238 δικαίου

2198 1275 2366 1329 πάλαι
2398 1278 2522 1330 ποτ’
2546 1277 2680 1349 εἶχε,
2712 1270 2891 1330 λαϐὼν
2921 1274 3064 1350 παρά
3093 1278 3190 1328 τοῦ
3223 1275 3430 1341 Μυτζοᾷ

2200 1380 2398 1454 εἠΤὰ
2451 1381 2573 1454 περὶ
2623 1385 2729 1454 τοῦ
2794 1381 2920 1441 τοὺς
2982 1375 3623 1454 Σὲρϐουςκήδους-τοῦ
3681 1375 3835 1454 βασι-

2272 1451 2410 1523 λὲως
2474 1446 2562 1523 καὶ
2620 1448 2708 1505 διὰ
2762 1455 2927 1505 ταῦτα
2999 1446 3100 1520 τῆς
3165 1453 3262 1504 τοῦ
3319 1446 3849 1523 πατριάρχου’ἐπι-

2273 1520 2474 1595 δημίοις
2507 1521 2694 1577 ἐκεῖσε.

2269 1630 2327 1684 Ὁ
2360 1626 2415 1681 δὲ
2453 1633 2672 1696 Μτυζῆς
2721 1628 2895 1695 οὗτος,
2946 1629 3029 1699 [Ρ.
3057 1628 3183 1699 238]
3227 1623 3303 1679 τίν’
3356 1619 3713 1679 ἐπαναλαϐὼν
3756 1621 3852 1676 εύ-

2204 1715 2524 1788 μαθὲστερον
2575 1714 2951 1790 διηγήσωμάι,
2986 1710 3232 1790 γαμϐρὸς
3285 1715 3378 1785 μὶν
3429 1733 3495 1782 ην
3550 1712 3639 1766 ἐπὶ
3679 1712 3850 1782 θυγα-

2199 1804 2284 1876 τρὶ
2312 1809 2391 1875 τῷ
2424 1805 2603 1871 Ἀσάν,
2649 1799 2996 1878 σύγγαμϐρος
3054 1802 3110 1857 δὲ
3159 1800 3443 1877 Θεοδώρου
3488 1801 3585 1855 τοῦ
3634 1800 3848 1853 Λάσκα-

2203 1913 2275 1967 ρι.
2320 1893 2477 1948 Ἀσάν
2525 1889 2567 1945 δ’
2604 1893 2762 1954 οὗτος
2806 1894 2872 1960 ἦν
2927 1893 2983 1945 ὃν
3035 1890 3199 1966 λόγος
3244 1890 3332 1944 καὶ
3382 1890 3599 1961 Ἰωάννῃ
3651 1885 3853 1941 συνελ-

2202 1983 2310 2035 θεῖν
2338 1985 2416 2052 τῷ
2476 1980 2651 2050 Δούκᾳ
2704 1980 2791 2034 καὶ
2853 1979 3087 2053 βασιλεῖ,
3132 1979 3221 2033 καί
3266 2000 3326 2052 γε
3384 1977 3475 2031 σὺν
3536 1975 3727 2047 ἒκείνῳ
3780 1975 3851 2029 τὰ

2202 2070 2336 2124 κατά
2397 2066 2543 2123 δύσιν
2603 2066 2918 2142 ἐπιδραμεῖν
2950 2112 2964 2136 ,
3024 2066 3351 2144 φιλοκαλίας
3407 2067 3588 2135 πάσης
3647 2060 3850 2139 ἔχοντα

2203 2156 2484 2231 δειγματα.
2544 2158 2629 2218 Ὠς
2686 2160 2815 2229 γοῦν
2875 2157 3079 2218 ἐκεῖνος
3135 2155 3383 2211 ἐτελεύτα
3435 2156 3523 2208 καὶ
3556 2152 3720 2216 οὗτος
3745 2155 3847 2222 τὴν

2203 2246 2379 2321 ἀρχὴν
2411 2243 2627 2319 ἐδέχετο
2654 2249 2761 2299 τῶν
2817 2243 3134 2320 βουλγάρων
3198 2241 3502 2318 βούλγαρος
3560 2238 3656 2307 ὢν,
3689 2243 3847 2295 συνὲ-

2200 2328 2377 2387 δαινὲν
2411 2333 2461 2386 οἱ
2496 2333 2590 2405 μὲν
2638 2332 2996 2407 προσκρόύειν
3045 2334 3135 2386 καὶ
3186 2330 3421 2406 βασιλεῖ,
3455 2331 3529 2391 ὡς
3577 2330 3669 2384 καὶ
3700 2328 3847 2383 πολ-

2200 2419 2357 2482 λάκις
2398 2418 2468 2474 δι’
2535 2418 2733 2495 ἔχθρας
2786 2420 2875 2474 καὶ
2928 2420 3186 2492 πολέμων
3218 2425 3333 2481 τοῖς
3390 2422 3495 2473 τῶν
3548 2418 3844 2490 Ῥωμαίων

2200 2640 2372 2693 modo
2399 2640 2760 2695 infestandas
2790 2638 3057 2710 regiones
3083 2637 3325 2709 imperio
3364 2637 3686 2707 subjectas,
3718 2652 3830 2692 non

2198 2728 2621 2782 Mesembream
2667 2727 2857 2782 solum
2893 2732 2950 2781 et
2979 2726 3329 2781 Anchialum
3364 2741 3612 2779 securus
3644 2730 3830 2795 pacto-

2198 2833 2329 2871 rum
2388 2817 2683 2871 mordicus
2742 2816 2993 2886 tenehat,
3026 2817 3125 2871 sed
3160 2820 3435 2886 praeterea
3486 2813 3830 2885 Sozopolim,

2197 2903 2648 2976 AgathiOpolim,
2680 2904 3046 2959 Canstritzim
3078 2908 3135 2959 et
3162 2903 3309 2958 alias
3338 2902 3626 2973 quasdam
3658 2917 3839 2970 arces,

2199 3010 2233 3047 a
2261 2993 2510 3047 ducibus
2540 2994 2667 3061 ejus
2699 2991 2893 3047 oblata
2926 2991 3046 3048 usis
3076 2991 3380 3048 occasione
3409 2996 3615 3062 captas
3640 3009 3657 3061 ;
3710 3006 3839 3061 quae

2198 3079 2294 3135 ille
2324 3080 2521 3135 omnia
2569 3078 2653 3134 sic
2702 3080 3045 3150 arripuerat,
3079 3084 3142 3134 ut
3170 3084 3363 3134 certus
3394 3078 3693 3134 videretur
3722 3094 3841 3133 non

2199 3169 2465 3224 amittere
2483 3169 2552 3222 de
2581 3168 2875 3234 manibus,
2899 3185 2963 3223 ac
2987 3185 3057 3223 ne
3088 3169 3358 3223 umbram
3391 3167 3628 3238 quidem
3660 3165 3842 3222 ullius

451 3243 603 3297 848
654 3244 711 3297 in
749 3262 976 3338 manus
1036 3264 1277 3303 sumens
1335 3252 1788 3320 percontabatur
1838 3253 1909 3307 ab
1951 3253 2085 3309 oﬂ‘e-
2120 3271 2161 3338 ρ
2200 3274 2268 3312 ex
2316 3257 2407 3312 his
2458 3273 2642 3327 nuper
2672 3257 2976 3326 acquisitis
3004 3256 3091 3312 vel
3123 3256 3364 3312 minute:
3395 3256 3843 3311 munitiunculte

447 3336 612 3385 rente
643 3348 715 3386 an
746 3332 803 3386 id
837 3340 991 3389 certo
1026 3341 1326 3405 praeteret
1365 3338 1553 3395 bellus
1600 3340 1709 3395 iste
1762 3341 1947 3411 pileus
1991 3358 2087 3397 ca-

446 3419 550 3489 piti
585 3421 735 3489 quod
768 3425 1011 3491 tegeret,
1045 3429 1107 3478 ut
1138 3424 1298 3481 nullo
1329 3427 1604 3499 deinceps
1655 3428 1790 3483 mali
1841 3432 2090 3502 appulsu

444 3506 773 3573 lmderetur,
812 3508 1039 3565 nullum
1091 3511 1350 3569 dolorem
1401 3516 1675 3585 sentiret;
1734 3535 1804 3573 an
1839 3519 2091 3591 inspersi

444 3593 582 3649 huic
616 3594 863 3651 uniones
894 3602 1234 3671 caeterzeque
1263 3602 1493 3658 insertae
1524 3621 1769 3676 gemmae
1817 3608 1934 3662 vim
1986 3607 2088 3662 ha-

445 3682 651 3737 berent
709 3701 980 3740 arcanam
1035 3692 1377 3761 quampiam
1438 3692 1670 3765 fulgura
1726 3694 2090 3765 fulminaque

451 3772 747 3827 avertendi
780 3790 813 3827 a
842 3781 1103 3844 gestante
1130 3797 1144 3844 ;
1190 3784 1380 3836 vestes
1410 3781 1549 3837 item
1578 3783 1686 3837 illm
1719 3784 1991 3853 speciosae
2024 3800 2089 3839 ao

449 3858 657 3914 molles
690 3878 832 3915 num
864 3865 1131 3919 membra
1161 3883 1290 3937 quae
1324 3871 1614 3924 ambirent
1652 3871 1999 3927 lassitudine
2029 3872 2087 3925 in

443 3946 642 4003 labore
700 3949 1095 4019 prohiberent.
1164 3955 1313 4010 Tum
1375 3956 1471 4012 illo
1525 3957 1746 4013 scilicet
1818 3964 2087 4031 negante,

444 4034 636 4105 Negas
667 4037 955 4107 quidquid
987 4039 1195 4095 horum
1229 4043 1594 4115 interrogans
1623 4048 1894 4118 attigerat
1926 4042 2086 4101 fasti-

451 4123 614 4179 diose
674 4126 1005 4194 rejectabat.
1035 4130 1113 4184 Ac
1167 4148 1497 4202 quanquam
1556 4137 1821 4191 amicitiae
1872 4144 2090 4193 mutuas

451 4214 843 4267 contestandaa
877 4231 1054 4270 causa
1088 4234 1265 4272 unam
1299 4237 1329 4274 e
1361 4222 1563 4276 missis
1596 4224 1666 4276 ab
1698 4231 1959 4296 Augusto
1992 4243 2086 4281 ve-

448 4301 641 4356 stibus
691 4302 797 4357 sibi
851 4305 1215 4363 circumdare
1246 4310 1549 4379 sustinuit,
1586 4313 1928 4371 brevissimo
1959 4332 2087 4371 eam

449 4388 588 4443 tulit
643 4391 850 4460 spatio,
913 4394 1192 4451 familiare
1246 4398 1438 4454 statim
1472 4416 1499 4454 e
1532 4402 1739 4457 canina
1787 4404 1875 4459 vel
1922 4405 2089 4460 ovina

447 4477 597 4549 pelle
626 4479 1041 4536 vestimentum
1077 4501 1405 4557 resumens,
1436 4507 1501 4545 eo
1548 4507 1610 4545 se
1660 4492 1963 4563 magniﬁce
1994 4512 2086 4551 os-

446 4568 706 4636 tentans,
758 4584 862 4624 nec
922 4572 1138 4640 minus,
1186 4579 1249 4629 ut
1306 4578 1641 4649 apparebat,
1703 4580 1762 4634 in
1816 4580 1914 4635 illo
1972 4582 2083 4637 sibi

446 4670 626 4723 quam
660 4657 865 4725 quovis
897 4660 1052 4730 regio
1086 4628 1498 4732 paludamrernto
1531 4628 1785 4738 placens.
1820 4670 1913 4725 Sic
1942 4676 1998 4726 et
2023 4628 2082 4725 i~n
2114 4628 2161 4693 D

447 4745 822 4813 operimentis
854 4751 1061 4821 capitis
1096 4755 1246 4824 fecit,
1270 4767 1591 4827 opportuna
1620 4765 1676 4815 et
1704 4761 1817 4816 sibi
1850 4768 2085 4819 assueta

449 4849 566 4924 prae
599 4837 911 4924 speciosis
968 4842 1355 4915 pretiosisque
1409 4846 1651 4918 eligens.
1683 4852 1843 4915 Quod
1890 4853 1939 4907 si
1986 4854 2081 4924 Qui

445 4919 567 4975 hac
596 4922 706 4993 ipsi
740 4925 1013 4981 attulerat
1043 4929 1188 4985 forte
1220 4933 1441 5002 ﬁngens
1473 4939 1864 5007 respondisset
1896 4919 2086 4997 inesse

448 5008 521 5063 iis
554 5026 748 5099 quam
809 5014 1137 5084 requirebat
1184 5020 1302 5075 vim
1352 5022 1569 5079 doloris
1618 5043 1683 5080 ac
1728 5028 2086 5099 fatigationis

452 5097 661 5153 malive
692 5102 886 5158 omnis
919 5107 1174 5175 arcendi,
1203 5112 1342 5165 tunc
1386 5128 1525 5168 sane
1574 5114 1669 5169 ille
1718 5097 1913 5172 statim
1961 5135 2086 5174 cre-

452 5186 596 5241 dens
625 5194 833 5245 cuncta
863 5191 1153 5250 induisset
1184 5206 1732 5273 perseveranterque
1779 5210 2083 5274 gestasset,

452 5291 566 5366 non
601 5291 863 5347 gemmas
895 5287 999 5335 aut
1032 5284 1375 5355 margaritas
1407 5288 1692 5356 videlicet,
1724 5309 1921 5347 verum
1953 5313 2085 5366 pro-

452 5364 691 5454 missam
729 5367 1041 5425 utilitatem
1071 5389 1301 5429 curans.
1329 5379 1511 5432 Istum
1544 5379 1720 5449 igitur
1739 5386 1857 5439 tam
1880 5364 2088 5454 poten-

444 5455 560 5506 tem
595 5453 919 5527 principem
972 5459 1194 5518 habens
1243 5471 1506 5534 paratum
1558 5453 1970 5539 imperatoriad
2004 5476 2084 5531 ir-

450 5544 839 5612 rumpendum
876 5547 933 5602 in
968 5550 1319 5623 Bulgariam,
1345 5556 1570 5625 quoties
1604 5558 1733 5616 inde
1756 5578 1815 5616 se
1839 5579 2086 5621 commo-

449 5630 630 5687 visset
661 5633 1077 5698 Constantinus
1109 5642 1177 5698 ad
1212 5642 1629 5717 deprmdandas
1675 5654 1775 5707 aut
1820 5669 2081 5726 quoquo-

2199 3362 2455 3417 unquam
2514 3346 2664 3401 349
2726 3347 2981 3401 reddere.
3024 3347 3169 3401 Nam
3224 3347 3640 3402 Mesembream
3700 3343 3840 3400 olim

2198 3451 2531 3506 possessam
2600 3435 2734 3504 jure
2783 3436 2907 3506 jam
2964 3452 3070 3491 suo
3129 3451 3191 3490 se
3249 3435 3493 3505 putabat
3551 3433 3842 3503 obtinere,

2198 3526 2413 3595 quippe
2445 3524 2557 3579 sibi
2584 3524 2858 3581 donatam
2885 3543 2919 3581 a
2947 3523 3204 3595 legitimo
3235 3528 3374 3580 tunc
3418 3524 3546 3594 ejus
3595 3522 3833 3579 domino

2198 3613 2402 3682 Mytze.

2194 3755 2249 3811 5.
2309 3756 2384 3810 De
2449 3758 2653 3828 Mytze,
2711 3764 2765 3812 et
2825 3758 2998 3881 uidi;
3058 3755 3381 3881 ᾒζηρθναιονὶ
3452 3754 3837 3810 Mesembream

2936 3842 2962 3881 θ
3001 3843 3082 3881 erz
3115 3868 3126 3880 .

2936 3842 3126 3882 edem.

2267 3971 2369 4027 Hic
2400 3988 2570 4041 porro
2622 3976 2858 4043 Mytzes,
2895 3976 2959 4027 ut
2988 3970 3164 4027 altius
3196 3974 3464 4042 repetens
3494 3967 3835 4024 distinctius

2195 4076 2317 4115 rem
2350 4076 2656 4131 exponam,
2685 4076 2861 4131 gener
2890 4066 3012 4115 erat
3039 4059 3250 4115 Asanis
3290 4060 3466 4114 ducta
3511 4058 3640 4127 ejus
3694 4056 3830 4126 ﬁlia,

2195 4150 2366 4219 cujus
2420 4165 2675 4204 sororem
2708 4149 2768 4202 in
2811 4148 3187 4203 matrimonio
3237 4147 3444 4203 habuit
3496 4146 3832 4201 Theodorus

2196 4237 2477 4304 Lascaris,
2494 4238 2615 4308 pari
2639 4236 2815 4291 Asani
2848 4237 3152 4292 afﬁnitatis
3174 4237 3357 4308 gradu
3382 4236 3832 4291 admotus.Asan

2196 4331 2389 4380 autem
2422 4325 2517 4379 hic
2546 4336 2656 4393 est,
2689 4340 2862 4394 quem
2897 4324 3137 4380 historia
3193 4326 3361 4380 docet
3401 4324 3613 4380 Joanni
3664 4324 3832 4380 Duce:

2194 4412 2530 4485 imperatori
2555 4412 2778 4468 socium
2806 4413 3366 4484 fuisse,junctisque
3387 4430 3519 4468 cum
3552 4429 3619 4469 eo
3652 4414 3832 4484 copiis

2194 4503 2528 4557 incursasse
2548 4502 2842 4556 communi
2858 4502 3222 4573 expeditione
3239 4502 3523 4558 Occiduas
3542 4502 3830 4573 regiones,

2195 4607 2407 4662 magna
2436 4590 2629 4645 omnis
2659 4589 2958 4661 elegantiae
2991 4591 3207 4647 indicia
3235 4590 3702 4662 praabentem.Ut
3731 4608 3828 4646 au-

2192 4685 2311 4737 tem
2340 4680 2564 4734 Joanne
2582 4679 2705 4749 jam
2731 4684 2960 4735 mortuo
2991 4682 3143 4736 Asan
3177 4695 3420 4751 regnum
3445 4679 3830 4751 Bulgarorum

2192 4768 2481 4839 Bulgarus
2511 4773 2643 4823 ortu
2675 4769 2914 4838 accepit,
2943 4768 3186 4840 contigit
3216 4784 3351 4823 eum
3382 4767 3536 4838 apud
3570 4767 3829 4839 impera-

2196 4864 2382 4913 torem
2425 4857 2736 4923 otl'endere,
2769 4856 3171 4912 simultatibus
3220 4858 3293 4914 in.
3328 4856 3547 4911 bellum
3596 4872 3833 4927 quoque

2196 4951 2459 5015 apertum
2493 4946 3033 5016 prorumpentibus,
3062 4947 3251 5001 Asane
3304 4961 3416 5000 non
3467 4944 3649 5000 semel
3693 4962 3831 5000 suas

2196 5034 2393 5104 copias
2435 5032 2713 5088 Romanis
2764 5038 3110 5105 opponente.
3144 5034 3255 5088 Sed
3306 5038 3363 5088 et
3408 5032 3543 5089 item
3591 5034 3837 5106 contigit

2196 5139 2401 5195 parum
2434 5126 2666 5194 gratum
2690 5122 2813 5177 suis
2841 5123 3031 5193 ipsum
3054 5123 3290 5178 evadere
3320 5122 3606 5194 Bulgaris,
3628 5122 3833 5179 multis

2196 5220 2253 5267 et
2287 5210 2593 5281 praecipuis
2624 5210 2885 5282 ipsorum
2915 5212 2967 5266 ei
2993 5211 3245 5282 graviter
3274 5212 3510 5268 offensis
3554 5212 3831 5268 infensis-

2198 5316 2331 5371 que.
2357 5299 2521 5354 Unde
2542 5300 2591 5355 is
2611 5299 2668 5352 in
2692 5300 3163 5370 perturbationes
3193 5299 3349 5355 haud
3373 5316 3581 5371 parvas
3602 5299 3832 5370 incidit,

2198 5388 2560 5460 proceribus,
2590 5404 2735 5457 quos
2777 5388 2849 5443 ab
2880 5404 2946 5443 eo
2980 5387 3324 5443 alienaverat
3379 5388 3616 5455 invidia,
3665 5386 3835 5443 incli-

2198 5478 2476 5533 nantibus
2509 5477 2577 5533 ad
2610 5477 3079 5543 Constantinum,
3112 5476 3420 5532 dimidium
3452 5475 3681 5548 generis
3712 5480 3830 5531 tra-

2197 5566 2434 5621 hentem
2456 5580 2525 5619 ex
2543 5564 2768 5633 Serbis;
2794 5564 2886 5620 cui
2918 5564 3079 5620 nulla
3108 5581 3242 5619 cum
3273 5567 3460 5621 Asaue
3491 5564 3830 5636 cognatione

2193 5657 2400 5728 juncto
2432 5658 2717 5727 quantum
2748 5655 2821 5714 ad
2851 5654 3192 5727 suffragium
3250 5654 3609 5727 principatus
3635 5653 3831 5709 deerat
