4162 6292
330 391 434 448 801

1400 386 1490 439 DE
1528 383 1898 439 MICHAELE
1937 379 2381 436 PALEOLOGO
2413 382 2547 434 LIB.
2588 381 2657 432 V.

3617 385 3723 440 802

333 511 471 565 ἰέναι
531 505 940 583 στρατεύμασι,
998 498 1271 559 συνέϐαινε
1345 501 1402 557 δὲ
1457 501 1815 578 προσκρούειν
1883 499 1972 554 καὶ
2006 505 2057 569 Α
2087 504 2362 569 περιποιεῖ
2387 504 2504 560 τοῖς
2555 496 2875 570 Ῥωμαίοις,
2928 499 3017 552 τὸν
3079 492 3139 553 δέ
3164 521 3225 574 γε
3254 501 3475 570 Μυτζῆν
3507 500 3597 558 διὰ
3623 509 3722 559 θεοῖ)⁹

334 593 575 657 πολλοῖς
644 596 757 664 ἅμα
820 593 909 647 καὶ
961 595 1236 666 μεγιστᾶσι
1308 594 1414 644 τῶν
1499 588 1832 662 Βουλγάρων
1890 587 1979 641 καὶ

333 688 603 759 ταραχαῖς
629 682 688 736 ού
720 680 1127 756 προσηκούσαις
1159 677 1467 750 ἐμπίπτειν.
1518 679 1682 734 Ταῦτ’
1736 678 1838 748 ἄρα
1890 676 1976 729 καὶ

336 773 519 843 τούτῳ
595 768 1039 846 διαφθονούμενοι
1115 768 1250 840 πρὸς
1317 768 1407 821 τὸν
1468 771 1863 820 Κωνσταντῖνον
1925 762 1983 818 ἐκ

341 856 562 932 Σέρϐων
621 858 672 927 ἐξ
721 857 975 929 ἡμισείας
1016 857 1077 910 τὸ
1126 856 1281 930 γένος
1329 852 1525 928 ἔχοντα
1574 852 1981 908 ἀποκλίνουσιν.

337 952 494 1006 ’Όσιν
549 946 642 1001 οὗν
696 944 934 1000 ἐνέλιπέν
989 946 1039 998 oi
1088 945 1221 1017 πρὸς
1254 945 1351 1011 τὴν
1396 943 1572 1016 ἀρχὴν
1627 942 1684 995 ἐκ
1724 942 1982 1015 σφετέρου

338 1036 553 1111 γένους,
617 1031 783 1107 μηδὲν
839 1037 918 1103 τῷ
978 1031 1135 1085 ’Δσὰν
1186 1033 1498 1101 προσήκων,
1530 1031 1630 1098 τὴν
1662 1030 1864 1084 ἐκείνου
1896 1028 1982 1081 έκ-

337 1125 508 1200 γόνην
562 1118 744 1178 λαϐὼν
805 1120 881 1184 εἷς
926 1126 1148 1195 γυναῖκα
1195 1124 1291 1173 τοῦ
1345 1121 1595 1174 Ἰωάννου
1644 1120 1983 1191 πέμψαντος,

338 1213 425 1268 ἐπ’
458 1211 587 1265 ἴσων
616 1211 731 1285 εἶχε
757 1210 817 1263 τὸ
847 1209 983 1284 πρὸς
1013 1209 1110 1275 τὴν
1143 1213 1238 1262 τοῦ
1267 1206 1421 1263 Ἀσὰν
1466 1205 1744 1281 βασιλείαν
1773 1204 1981 1259 δίκαιον

341 1302 558 1372 Μυτζῇ·
612 1299 859 1358 κάκεῖνος
897 1298 990 1369 μὲν
1016 1298 1114 1363 τήν
1150 1295 1422 1369 Τέργονον
1475 1294 1611 1368 εἶχε,
1661 1294 1751 1348 καὶ
1789 1294 1856 1347 τὰ
1884 1299 1981 1361 τῆς

343 1386 623 1464 βασιλείας
670 1385 806 1455 κλέη
839 1384 1122 1459 ἐπεφέρετο
1165 1381 1612 1457 μεγαλοπρεπῶς·
1647 1383 1675 1437 6
1727 1382 1783 1437 δε
1833 1385 1982 1438 Μυτ-

340 1483 439 1547 ζῆς
467 1476 535 1531 τὰ
579 1473 768 1546 κύκλῳ
795 1477 1134 1548 περικρατῶν
1182 1481 1314 1526 ποτὲ
1358 1472 1451 1543 μὲν
1496 1472 1722 1544 ἠρκεῖτο
1771 1470 1984 1530 τούτοις

335 1564 430 1619 καὶ
486 1561 855 1635 καθησύχαζε,
913 1561 1047 1615 ποτε
1104 1557 1150 1613 δ’
1205 1558 1355 1620 αὗθις
1414 1558 1504 1613 καὶ
1563 1556 1983 1635 ἀντεφιλονείκει

335 1654 477 1728 πρὸς
535 1654 960 1719 Κωνσταντῖνον,
1003 1648 1060 1701 ὃν
1093 1646 1182 1702 καί
1231 1667 1363 1702 ποτε
1408 1644 1619 1700 διώκων
1675 1646 1987 1701 ἀπέκλεισεν

337 1741 419 1803 εἷς
476 1739 820 1811 Σθενίμαχον
878 1737 1147 1811 ἡμέτερον
1208 1733 1287 1789 ὄν.
1346 1734 1449 1791 Καὶ
1509 1734 1553 1787 εί
1616 1736 1691 1807 μὴ
1721 1740 1838 1796 ταῖς
1877 1739 1984 1789 τῶν

337 1826 628 1900 ,Ρωμαίων
690 1823 976 1897 δυνάμεσιν
1027 1822 1299 1897 ἐχρήσατο
1343 1823 1481 1897 πρὸς
1532 1822 1809 1895 βοήθειαν,
1862 1823 1989 1895 τάχ,

338 1913 406 1970 ἂν
464 1915 555 1969 καὶ
611 1911 778 1975 ἁλοὺς
835 1909 1119 1966 ἀπώλετο.
1182 1907 1336 1967 Ἀλλ’
1396 1911 1430 1977 ἡ
1488 1908 1632 1983 τύχη
1694 1908 1840 1983 ῥέπει
1893 1914 1991 1971 τὰς

336 2005 701 2077 πλάστιγγας,
754 2001 839 2055 καὶ
903 1996 1239 2070 δυναμωθεῖς
1297 1996 1447 2060 αὖθις
1508 1998 1535 2051 6
1595 2000 1991 2058 Κωνσταντῖνος

336 2093 433 2147 τὸν
488 2094 705 2158 Μυτζῆν
762 2085 947 2141 διώκει
1006 2085 1467 2162 θαρραλεώτερον.
1526 2086 1581 2138 '0
1632 2082 1690 2139 δὲ
1740 2087 1851 2157 ἅμα
1896 2084 1986 2139 τέ-

339 2200 495 2241 κνοις
524 2173 850 2232 καταλαϐὼν
905 2176 1004 2242 τὴν
1065 2168 1463 2248 Μεσέμϐρειαν,
1512 2172 1712 2227 ἐκεῖθεν
1762 2172 1987 2227 ἱκετεύει

342 2272 428 2343 [Ρ.
458 2269 585 2339 239]
615 2266 707 2319 τὸν
739 2264 966 2340 βασιλέα
997 2261 1247 2337 δέχεσθαι
1275 2267 1467 2317 τοῦτον
1511 2263 1600 2316 καὶ
1647 2261 1817 2334 λύτρα
1848 2262 1990 2336 λαμ-

342 2352 527 2411 ϐάνειν
554 2358 653 2423 τήν
679 2353 862 2407 πόλιν.
912 2350 1141 2406 Στέλλει
1190 2354 1320 2425 γοῦν
1370 2353 1396 2404 ὁ
1453 2349 1706 2425 βασιλεὺς
1739 2351 1789 2420 ἐξ
1820 2353 1988 2419 αὐτῆς

342 2446 438 2500 τὸν
469 2440 680 2499 Γλαϐἇν
712 2439 1129 2517 κουροπαλάτην
1181 2440 1270 2493 καὶ
1307 2441 1471 2513 μέγαν
1528 2439 1728 2493 παπίαν
1775 2439 1990 2494 ἐσύστε-

348 2555 468 2609 ρον,
545 2531 635 2587 καὶ
693 2530 753 2592 ’ὃς
837 2528 1030 2590 ἄλλοις
1087 2527 1295 2600 σύναμα
1356 2528 1491 2599 μετὰ
1546 2528 1636 2581 καὶ
1693 2527 1989 2603 αὐτάρκους

346 2625 602 2697 στρατοῦ,
644 2613 966 2674 καταλαϐὼν
1009 2618 1109 2686 τὴν
1164 2611 1564 2691 Μεσέμϐρειαν,
1622 2614 1832 2687 ἐκείνην
1895 2618 1991 2690 μὶν

360 2856 433 2895 ex
462 2852 693 2909 genere,
724 2834 1013 2907 supplevit
1043 2833 1318 2900 afﬁnitas,
1355 2850 1480 2904 quis
1512 2834 1678 2888 illum
1729 2835 1904 2890 ducta
1934 2835 1993 2889 in

368 2940 607 2980 uxorem
628 2924 780 2980 lrene
797 2924 920 2978 ﬁlia
942 2922 1231 2978 Theodori
1253 2930 1306 2977 et
1326 2922 1536 2977 Asanis
1577 2926 1763 2990 nepte,
1784 2940 1812 2975 a
1834 2926 1997 2992 patre

362 3013 645 3069 Theodori
675 3011 900 3067 Joanne
928 3012 1190 3083 Augusto
1222 3010 1279 3064 in
1305 3009 1634 3078 Bulgariam
1658 3010 1724 3062 ad
1749 3009 1855 3063 has
1889 3026 1997 3063 nu-

353 3101 511 3173 ptias
539 3100 737 3165 missa,
772 3099 829 3153 in
862 3098 985 3169 pari
1006 3097 1289 3168 jamjuris
1321 3099 1386 3150 ad
1419 3097 1634 3151 Asanis
1668 3097 1996 3152 successio-

354 3205 489 3245 nem
509 3189 693 3260 gradu
712 3204 844 3242 cum
888 3187 1072 3257 Mytze
1103 3184 1425 3240 constituit.
1468 3189 1533 3238 Et
1576 3185 1997 3239 Constantinus

357 3278 599 3349 quidem
634 3276 838 3330 urbem
872 3274 1161 3345 Bulgaria:
1192 3273 1409 3344 regiam
1437 3273 1739 3327 Tenobum
1772 3278 1999 3339 tenens,

355 3364 578 3421 caeteris
623 3364 795 3419 etiam
829 3363 1053 3418 cunctis
1085 3362 1211 3432 ejus
1242 3359 1601 3430 principatus
1634 3366 1875 3415 ornatus
1905 3359 1999 3413 in-

351 3453 653 3525 signibus,
678 3468 779 3523 pro
801 3450 956 3505 haud
976 3449 1153 3505 dubio
1172 3448 1558 3520 Bulgarorum
1592 3464 1723 3519 rege
1754 3464 1883 3503 sese
1906 3465 2001 3517 pa-

361 3541 477 3596 lam
494 3540 803 3611 magniﬁce
823 3539 869 3593 fe
879 3540 1138 3593 rebat.At
1151 3538 1363 3608 Mytzes
1377 3537 1729 3591 circumsitis
1748 3536 2001 3605 regioni-

372 3630 483 3684 bus
504 3626 849 3699 imperitans
872 3626 1163 3680 interdum
1188 3626 1423 3695 quidem
1448 3624 1543 3677 his
1572 3629 1883 3678 contentus
1906 3640 1999 3677 ac-

370 3718 731 3790 quiescebat,
767 3716 1061 3771 interdum
1098 3715 1251 3769 850
1285 3713 1671 3768 contendebat
1692 3730 1822 3767 cum
1856 3712 2001 3767 Con-

370 3807 731 3871 stantino,ac
764 3804 877 3859 fuit
906 3820 1036 3858 cum
1072 3819 1205 3857 eum
1243 3800 1392 3856 bello
1424 3817 1781 3871 persequens
1811 3801 2000 3854 inclu-

364 3896 501 3951 dere
520 3911 646 3961 sese
669 3897 899 3964 cogeret
924 3892 981 3945 in
1020 3906 1209 3945 arcem
1248 3891 1566 3959 quamdam
1605 3895 1865 3941 nostram
1908 3888 2001 3941 cui

362 3981 854 4037 Sthenimacbum
880 3994 1090 4034 nomen
1105 3982 1212 4047 est,
1233 3976 1330 4030 ubi
1349 3974 1667 4046 quominus
1698 3979 2004 4045 caperetur

363 4075 420 4125 et
451 4068 681 4141 periret,
711 4072 1033 4139 opportune
1065 4064 1308 4120 allatum
1333 4062 1661 4118 aRomanis
1696 4063 1878 4134 00piis
1900 4080 2001 4117 au-

363 4157 572 4213 xilium
610 4156 929 4228 prohibuit.
962 4155 1068 4210 Sed
1108 4154 1340 4209 fortuna
1389 4152 1602 4207 deinde
1649 4150 1801 4205 vices
1831 4150 2003 4205 alter-

368 4251 547 4301 nante
575 4260 981 4312 successuum,
1010 4252 1213 4298 auctus
1256 4258 1461 4297 rursus
1496 4240 1675 4295 animi
1698 4244 1754 4294 et
1785 4241 2004 4295 viribus

367 4336 793 4391 Constantinus
824 4338 984 4389 tanto
1015 4337 1249 4403 tamque
1286 4330 1475 4385 valido
1505 4330 1721 4400 impetu
1744 4329 2006 4383 incubuit

366 4423 426 4479 in
483 4427 729 4495 Mytzen,
764 4427 829 4477 ut
866 4422 958 4476 his
997 4422 1189 4491 impar
1235 4419 1557 4473 resistendo
1587 4418 2006 4471 Mesembream

2088 586 2268 659 Αἵμου
2326 591 2463 659 πεζῇ
2518 584 2635 661 ἄγει
2694 586 2827 660 πρὸς
2891 587 3135 660 βασιλέα.
3168 590 3272 643 Τὸν
3303 586 3475 644 δὲκαὶ
3507 589 3724 667 δέχεται

2087 676 2346 753 πρόφρων
2374 676 2463 729 καὶ
2494 679 2798 749 παρηγορεῖ
2846 676 3107 746 εὐμενῶς,
3138 677 3223 731 καὶ
3278 678 3413 750 πρὸς
3462 683 3540 749 τῷ
3591 686 3726 733 Σκα.

2092 764 2311 841 μανδρῳ
2339 767 2710 840 ἀποχρώντως
2742 768 3260 840 προμηθευσάμενος
3298 765 3469 822 ἐκεῖσέ
3498 790 3603 822 που
3636 768 3728 822 σὺν

2088 861 2203 916 τοῖς
2232 856 2438 917 τέκνοις
2468 861 2813 925 κατασκηνοῖ,
2849 859 3115 926 συνθήκας
3142 858 3278 931 πρὸς
3306 857 3464 911 αὐτὸν
3495 858 3731 927 ποιησά-

2094 964 2251 1015 μενος
2282 943 2417 998 ὥστε
2446 946 2535 999 καὶ
2565 948 2655 1000 τὸν
2685 946 2986 1017 πρώτιστον
3016 946 3130 999 υἱὸν
3164 945 3417 1015 Ἰωάννην
3450 947 3728 1021 συναρμό-

2093 1053 2177 1087 σαι
2210 1038 2277 1107 τῇ
2310 1034 2554 1108 θυγατρί.

2094 1131 2152 1198 ζ’.
2186 1132 2267 1187 Τὰ
2293 1132 2415 1204 περὶ
2465 1131 2527 1185 τὸ
2578 1129 2905 1206 Δυῤῥοὶχιον,
2957 1131 3043 1184 καὶ
3090 1136 3184 1185 τοῦ
3227 1136 3453 1205 σεισμοῦ
3499 1136 3595 1186 τοῦ
3624 1132 3735 1187 ἐκεῖ

2713 1201 3101 1274 ἐνσκήψαντος.

2163 1288 2342 1344 Ἀλλᾶ
2395 1293 2463 1361 τῇ
2525 1290 2618 1362 μὲν
2670 1290 2949 1363 πρωτίστη
3001 1294 3108 1344 τῶν
3171 1292 3475 1365 θυγατέρων
3529 1290 3736 1365 Εἷρήνῃ

2093 1378 2234 1432 οὕτω
2288 1378 2543 1450 προύνόει
2589 1384 2696 1432 τῶν
2748 1379 2959 1453 γάμων,
2988 1379 3086 1446 τήν
3130 1376 3187 1433 δέ
3216 1400 3279 1453 γε
3328 1377 3574 1454 δευτέραν
3604 1382 3735 1434 Ἀν-

2091 1488 2183 1520 ναν
2215 1467 2403 1540 ᾑρεῖτο
2432 1469 2664 1539 πέμπειν
2694 1472 2771 1538 τῷ
2819 1468 2921 1538 υἱῷ
2971 1466 3288 1539 Μηλωτίνῳ
3344 1470 3394 1539 (6
3436 1469 3535 1542 γὰρ
3581 1471 3736 1541 ὁμω-

2092 1560 2279 1627 νυμῶν
2306 1560 2385 1627 τῷ
2435 1558 2595 1630 πατρὶ
2649 1559 2740 1609 καὶ
2784 1561 3000 1629 πρῶτος
3042 1561 3121 1628 τῷ
3173 1556 3299 1631 ῥηγὶ
3348 1557 3611 1619 ΙΙαιονίας
3659 1558 3737 1619 εἷς

2094 1646 2354 1719 θυγατέρα
2380 1640 2779 1719 γεγάμϐρευτο)
2831 1646 2905 1706 εἰς
2954 1648 3129 1718 γάμον
3182 1648 3487 1701 συνάπτειν.
3537 1644 3736 1714 Καὶδή

2093 1737 2201 1788 τῶν
2232 1735 2369 1809 πρὸς
2400 1732 2687 1804 ἀλλήλους
2718 1736 3005 1789 συνθεσιῶν
3056 1733 3270 1789 στέλλει
3307 1736 3402 1807 μὲν
3453 1735 3528 1799 εἰς
3574 1756 3738 1808 πρεσ-

2098 1817 2242 1876 ϐείαν
2286 1823 2377 1876 τὸν
2428 1822 2716 1897 ἱεράρχην,
2777 1822 3137 1893 συνεκπέμπει
3188 1821 3244 1876 δὲ
3290 1823 3374 1877 καὶ
3417 1825 3515 1892 τήν
3569 1826 3736 1898 κόρην

2100 1911 2202 1965 ὑπὸ
2262 1912 2518 1984 θεραπείᾳ
2574 1911 2793 1986 μεγίστῃ
2856 1911 3159 1985 βασιλικῇ.
3225 1911 3320 1967 Καί
3389 1933 3451 1986 γε
3503 1910 3740 1967 καταλα-

2099 1996 2255 2053 ϐοὖσι
2301 2001 2399 2068 τήν
2450 1999 2717 2075 Βάῤῥοιαν
2763 1999 2910 2077 σφίσι
2957 2002 3023 2055 τὰ
3052 2006 3151 2069 τῆς
3206 1998 3413 2070 βουλῆς
3445 1995 3569 2070 ἔστη
3593 2022 3738 2074 πεμ-

2099 2091 2294 2161 φθῆναι
2323 2090 2459 2163 πρὸς
2497 2089 2587 2143 τὸν
2638 2085 2863 2162 Οὕρεσιν
2918 2090 3180 2164 Στέφανον
3214 2090 3303 2142 τὸν
3351 2088 3742 2165 χαρτοφύλακα

2098 2175 2326 2247 Βέκκον,
2371 2179 2485 2249 ἅμα
2510 2175 2567 2231 δὲ
2596 2175 2688 2230 σὺν
2740 2177 2931 2248 ἐκείνῳ
2978 2178 3068 2230 καὶ
3115 2178 3204 2231 τὸν
3257 2176 3742 2252 Τραϊανουπόλεως

2099 2263 2517 2337 Κουδουμηνήν.
2572 2268 2674 2321 Ἦν
2726 2262 2782 2319 δὲ
2833 2265 2923 2319 καὶ
2953 2266 3087 2339 πρὸς
3137 2273 3235 2334 τῆς
3284 2263 3573 2337 δεσποίνης
3604 2267 3746 2322 ἐντε-

2096 2353 2364 2427 ταγμένον
2436 2356 2514 2426 τῷ
2567 2352 2947 2430 χαρτοφύλακι
3015 2354 3173 2408 αὐτὸν
3229 2354 3590 2428 προαπελθεῖν
3650 2356 3742 2411 καὶ

2099 2442 2364 2517 γνωρίσαι
2422 2444 2488 2497 τὰ
2543 2444 2676 2496 κατά
2730 2442 2856 2506 τοὺς
2916 2438 3151 2515 Σέρϐους
3198 2445 3537 2518 τρανότερον,
3589 2444 3742 2506 ὅπως

2106 2532 2199 2603 μὲν
2232 2532 2405 2607 σφίσιν
2435 2529 2571 2585 ἐστὶν
2605 2534 2639 2600 ἡ
2674 2528 2871 2599 δίαιτα,
2903 2530 3051 2592 ὅπως
3098 2531 3154 2585 δὲ
3184 2534 3217 2600 ἡ
3267 2533 3412 2605 τάξις
3453 2540 3551 2601 τῆς
3601 2533 3745 2588 ἐκεί·

2101 2640 2206 2673 νων
2234 2620 2412 2694 ἀρχῆς
2444 2617 2757 2674 διιθύνεται’
2812 2619 2983 2690 ἐκείνη
3034 2620 3133 2695 γὰρ
3180 2620 3270 2674 καὶ
3329 2621 3584 2694 μεγίστην
3642 2624 3742 2691 τὴν

2108 2853 2239 2891 cum
2274 2836 2625 2908 imperatore
2656 2838 2823 2907 inito,
2856 2854 2971 2909 quo
3004 2837 3156 2892 inter
3187 2838 3346 2907 ipsos
3378 2844 3583 2895 mutuo
3606 2858 3742 2897 con-

2104 2925 2264 2980 venit
2309 2931 2374 2979 ut
2429 2929 2624 2997 Mytzae
2677 2926 3066 2996 primogenito
3114 2926 3326 2980 Joanni
3358 2926 3745 2999 primogenita

2106 3013 2248 3067 item
2280 3012 2652 3084 imperatoris
2684 3013 2800 3067 ﬁlia
2830 3014 3311 3084 desponderetur.

2105 3119 2159 3172 6.
2188 3124 2265 3174 De
2291 3120 2494 3188 [aedere
2524 3118 2869 3191 imperaloris
2910 3135 3034 3191 cum
3066 3118 3266 3183 Serbz's,
3312 3120 3485 3191 deque
3527 3124 3738 3191 profec-

2285 3192 2431 3245 tione
2459 3190 2793 3260 patriarcha?
2823 3188 2885 3243 in
2914 3189 3161 3243 Serbiam
3191 3206 3257 3244 ea
3286 3190 3350 3244 de
3370 3188 3563 3245 causa.

2179 3278 2270 3332 Sic
2305 3278 2486 3332 Irenze
2531 3279 2783 3332 maxime
2833 3283 3103 3331 natarum
3154 3277 3403 3347 Augusti
3446 3278 3744 3348 provisum

2108 3366 2446 3437 coniugium
2481 3370 2588 3420 est.
2625 3365 2710 3419 Ab
2742 3365 2849 3419 hac
2881 3382 3016 3419 vero
3046 3366 3365 3419 secundam
3399 3368 3624 3421 Annam
3648 3367 3747 3421 de-

2109 3453 2289 3507 crevit
2323 3462 2483 3523 paler
2518 3454 2746 3509 mittere
2777 3453 2846 3507 ad
2892 3452 3099 3507 cralem
3138 3453 3353 3508 Serbize
3381 3455 3746 3524 Stephanum

2109 3541 2353 3606 Uresim,
2378 3542 2631 3595 secundo
2653 3542 2779 3609 ejus
2800 3539 2915 3594 ﬁlio
2934 3540 3204 3595 Melotino
3230 3545 3541 3611 nupturam
3572 3557 3583 3593 :
3609 3557 3744 3596 nam

2111 3629 2536 3699 primogenitus
2572 3628 2716 3699 patri
2739 3629 3254 3697 cognonomisjam
3300 3645 3534 3683 uxorem
3568 3628 3747 3683 habe-

2111 3718 2209 3772 bat
2239 3716 2393 3788 regis
2430 3716 2738 3771 Pannoniae
2799 3716 2999 3769 ﬁliam.
3059 3717 3201 3772 851
3273 3718 3415 3770 Cum
3460 3717 3641 3788 igitur
3674 3718 3747 3772 de

2111 3806 2383 3861 omnibus
2414 3810 2547 3859 ante
2584 3808 2930 3858 conventum
2963 3808 3137 3871 esset,
3188 3804 3259 3857 ad
3318 3804 3743 3860 exsecutionem

2111 3900 2411 3964 pactorum
2445 3892 2625 3947 mittit
2655 3892 2974 3962 imperator
3022 3890 3275 3961 legatum
3331 3892 3724 3962 patriarcham

2112 3988 2167 4037 et
2197 4000 2328 4037 cum
2361 3999 2425 4037 eo
2456 3998 2731 4053 sponsam
2761 3980 3041 4052 virginem
3077 3980 3233 4051 regio
3279 3982 3586 4052 magniﬁce
3639 3982 3747 4035 sti-

2112 4078 2307 4141 patam
2340 4070 2639 4124 comitatu.
2676 4069 2771 4123 His
2802 4069 2979 4124 simul
3011 4068 3241 4123 cunctis
3275 4069 3374 4123 ubi
3408 4068 3742 4124 Berrhmam

2113 4168 2517 4231 pervenerunt,
2560 4157 2829 4228 expedire
2861 4156 3257 4211 communiter
3286 4156 3446 4211 visus
3479 4161 3567 4211 est
3595 4173 3741 4227 prae-

2113 4248 2428 4301 mittendos
2452 4246 2521 4299 ad
2551 4245 2909 4316 Stephanum
2960 4244 3186 4300 Uresim
3240 4244 3747 4317 chartopbylacem

2111 4338 2358 4389 Veccum
2392 4339 2609 4389 etcum
2652 4350 2716 4388 eo
2766 4331 3219 4401 Traianapoleos
3263 4332 3599 4404 episcopum
3631 4332 3758 4388 Cu-‘

2112 4424 2421 4477 dumenen.
2466 4423 2674 4477 Fuerat
2717 4427 2909 4476 autem
2957 4422 3027 4474 ab
3073 4426 3336 4488 Augusta
3379 4420 3749 4490 peculiariter

365 4527 499 4567 cum
530 4511 730 4566 liberis
762 4508 1125 4580 confugiens,
1156 4507 1291 4563 inde
1334 4506 1539 4577 legatis
1586 4506 1652 4560 ad
1690 4506 2001 4577 imperato-
2036 4503 2078 4566 D
2112 4512 2583 4566 commendatum
2617 4508 3049 4579 chartophylaci
3092 4514 3157 4562 ut
3190 4510 3539 4579 ρι-ωοθάθι-θι
3572 4525 3747 4578 span-

370 4616 493 4656 rem
526 4598 894 4671 supplicibus
928 4596 1126 4651 missis
1153 4600 1358 4666 pactus
1391 4611 1524 4649 cum
1548 4610 1613 4648 eo
1645 4593 1997 4648 deditionem

374 4689 453 4744 sit
497 4705 629 4743 cum
672 4687 763 4743 sui
807 4692 931 4741 tum
973 4686 1099 4755 ejus
1122 4684 1392 4751 civitatis,
1434 4699 1550 4753 qua
1579 4680 1636 4735 in
1668 4681 1759 4735 sui
1791 4682 1999 4736 servati

365 4777 616 4849 pretium
649 4777 899 4831 offerret.
929 4774 1041 4831 Nec
1066 4772 1348 4828 recusavit
1376 4772 1711 4841 imperator,
1744 4771 1840 4824 sed
1878 4774 1998 4825 sta-

367 4866 474 4921 tim
498 4864 743 4921 Glabam
767 4861 1290 4934 curopalatam,qui
1316 4864 1517 4930 postea
1537 4873 1778 4926 magnus
1798 4859 1999 4928 papias

368 4952 499 5019 fuit,
532 4969 665 5007 cum
698 4951 829 5006 aliis
860 4955 917 5005 et
948 4951 1157 5004 idonea
1202 4963 1378 5001 manu
1430 4944 1678 4998 militum
1732 4945 1911 4999 misit.
1948 4947 1999 5000 Is

365 5041 670 5112 ingressus
692 5039 1107 5095 Mesembream
1132 5037 1259 5107 ejus
1286 5034 1390 5088 rite
1416 5032 1839 5104 possessionem
1870 5034 2003 5088 iniit

368 5128 596 5200 imperii
620 5126 866 5182 Romani
897 5126 1159 5190 nomine;
1200 5127 1324 5176 tum
1345 5121 1590 5191 Mytzem
1618 5136 1717 5191 per
1737 5120 1998 5176 Haemum

366 5217 576 5272 itinere
606 5216 867 5271 terrestri
901 5212 1170 5285 perduxit
1217 5210 1286 5265 ad
1332 5210 1756 5280 imperatorem,
1809 5210 1909 5280 qui
1949 5210 2001 5265 ei

370 5304 814 5378 perhumaniter
843 5307 1079 5372 excepto
1120 5300 1395 5369 omnique
1444 5298 1660 5352 amoris
1708 5298 1999 5369 signiﬁca-

364 5395 526 5451 tione
556 5398 808 5449 recreato
853 5392 1059 5447 uberes
1108 5388 1319 5443 fundos
1367 5387 1520 5457 apud
1581 5386 2000 5443 Scamandrum

365 5484 710 5556 assignavit,
739 5496 987 5553 quorum
1021 5477 1200 5534 annui
1232 5480 1545 5549 proventus
1590 5476 1659 5529 ad
1691 5476 1914 5531 victum
1950 5478 2003 5531 ei

362 5572 707 5643 cultumque
738 5569 1111 5642 splendidum
1144 5566 1376 5622 abunde
1423 5563 1779 5619 sufﬁcerent.
1816 5564 1917 5619 Ubi
1950 5574 2003 5620 et

360 5662 492 5733 ipse
515 5659 789 5731 deinceps
810 5674 944 5714 cum
969 5654 1104 5712 ﬁliis
1135 5654 1464 5711 diversatus
1503 5655 1612 5718 est,
1638 5656 1809 5723 pacto
1841 5653 2004 5724 prius

2109 4617 2256 4668 sam,
2289 4600 2557 4670 priorque
2588 4598 2646 4651 in
2677 4597 2935 4652 Serbiam
2970 4598 3289 4651 adveniens
3321 4598 3643 4667 exploraret
3673 4598 3746 4652 ad

2108 4687 2400 4759 liquidum
2432 4687 2723 4756 quodnam
2760 4686 2816 4738 id
2844 4689 2998 4739 esset
3038 4684 3343 4739 hominum
3376 4700 3584 4755 genus,
3618 4701 3744 4755 quae

2107 4776 2185 4830 ibi
2221 4777 2404 4831 forma
2434 4774 2561 4828 vitae
2592 4774 2928 4843 cultusque,
2959 4790 3082 4842 quas
3117 4774 3265 4827 ratio
3297 4773 3745 4830 consuetudinis

2107 4864 2313 4933 civilis,
2342 4863 2475 4934 quis
2507 4864 2643 4917 ordo
2674 4862 2918 4931 publicae
2949 4862 3051 4929 rei,
3085 4878 3150 4915 ac
3175 4862 3272 4929 jus
3300 4878 3561 4934 ususque
3585 4862 3745 4932 prin-

2107 4952 2353 5022 cipatus.
2380 4952 2524 5005 Nam
2557 4966 2689 5005 cum
2722 4949 2819 5004 illa
2858 4949 3249 5021 proﬁciscenti
3309 4950 3443 5004 ﬁliae
3496 4967 3749 5021 appara-

2106 5046 2231 5096 tum
2264 5046 2320 5095 et
2349 5057 2623 5111 pompam
2653 5056 2829 5111 quam
2889 5044 3161 5110 potuerat
3204 5040 3458 5094 maxime
3506 5040 3746 5115 regiam,

2108 5136 2325 5185 etcum
2359 5130 2551 5200 specie
2591 5146 2655 5183 ac
2696 5129 2879 5198 pretio
2926 5128 2996 5181 ad
3050 5127 3567 5198 magniﬁcentiam,
3618 5131 3746 5181 tum

2108 5235 2244 5282 usu,
2287 5224 2343 5272 et
2396 5218 2563 5287 copia
2592 5218 2664 5271 ad
2696 5216 2997 5271 mollitiem
3047 5215 3403 5287 deliciasque
3441 5232 3747 5285 compara-

2107 5310 2248 5367 tam,
2274 5304 2582 5365 ambitiose
2640 5304 3024 5367 attribuisset,
3079 5302 3348 5357 muliebri
3395 5302 3619 5358 scilicet
3648 5318 3748 5355 cu~

2110 5394 2372 5449 riositate
2404 5409 2572 5447 nosse
2603 5392 2807 5447 avebat
2843 5391 3050 5461 ecquid
3105 5391 3268 5461 paria
3316 5390 3457 5459 illis,
3490 5394 3591 5444 aut
3630 5405 3749 5458 qua

2110 5482 2238 5536 istis
2268 5481 2635 5551 proportione
2667 5478 3100 5551 respondentia,
3134 5482 3427 5545 repertura
3459 5480 3613 5531 esset
3642 5493 3749 5531 sua

2110 5569 2250 5624 ﬁlia.
2286 5570 2362 5623 Ea
2406 5569 2475 5623 de
2530 5584 2707 5623 causa
2752 5571 3014 5639 jusserat
3058 5567 3310 5636 priorem
3362 5582 3429 5619 eo
3460 5562 3748 5636 proﬁcisci

2109 5659 2388 5729 Veccum,
2418 5660 2474 5713 et
2503 5655 2615 5712 sibi
2646 5672 2748 5727 per
2776 5653 3013 5710 nuntios
3044 5652 3377 5724 signiﬁcare
3420 5667 3550 5724 quae
3597 5666 3750 5707 com-
