4130 6270
430 332 536 387 803

1725 333 2027 391 GEORGII
2064 336 2524 391 PACHYMERE

3709 338 3810 398 804

432 453 715 527 θεραπείαν
743 456 810 526 τῇ
865 422 1091 528 θυγατρί
1133 451 1541 526 προητοίμαζεν
1594 452 1677 507 ἐπὶ
1726 451 1898 527 χλιδῇ
1930 474 2064 508 παν·
2093 459 2147 524 Α
2180 456 2254 526 μή
2287 456 2375 511 καὶ
2428 457 2489 511 ἰκ
2529 461 2627 512 τοῦ
2675 456 3015 532 παραχρῆμα
3066 456 3306 533 ἐνέδραις
3334 458 3610 534 χαλεπαῖς
3654 484 3807 537 περι-

431 543 551 613 τοίᾳ
586 542 865 615 βασιλικῇ.
924 542 1142 614 Ἐκείνῳ
1194 543 1371 596 τοίνυν
1430 545 1829 617 προαπελθόντι
1870 542 2069 617 γνωρί-

430 653 539 685 σειν
622 632 709 685 καὶ
792 636 1049 701 σημανεῖν
1126 630 1541 704 προσετάσσετο,
1609 630 1734 704 πρὶν
1795 629 1853 685 ἄν
1906 627 2069 703 ἐπιϐῇ

432 716 661 790 Σερϐίας
717 722 744 774 ὁ
800 720 1170 793 πατριάρχης.
1226 720 1292 775 Οἱ
1347 717 1392 772 δ’
1448 719 1757 781 ἐπιστάντες
1805 721 1869 774 οὐ
1905 720 2067 792 μόνον

426 806 581 861 οὐδὲν
608 813 715 862 τῶν
750 808 824 869 εἷς
875 809 1158 880 Θεραπειαν
1216 805 1355 861 εἶδον
1414 806 1585 861 ἐκεῖσε
1626 808 1715 861 καὶ
1764 809 1945 883 ἀρχῆς
1972 814 2073 876 τῆς

425 897 702 971 τυχούσης
762 896 938 965 ἄξιον,
996 894 1142 949 ἀλλᾶ
1197 897 1287 949 καὶ
1342 897 1403 949 τὸ
1463 897 1839 969 θεραπευτικὸν
1898 898 1960 951 τὸ
2013 896 2066 950 έν

424 990 504 1055 [Ρ.
541 989 667 1058 240]
699 986 927 1048 ἐκείνοις
961 983 1176 1058 βλέπων
1225 986 1252 1038 ὁ
1302 982 1526 1057 Οὕρεσις
1566 987 1654 1039 καὶ
1692 983 1946 1053 οἰκίδιον,
1976 986 2068 1040 καί

424 1074 639 1147 μᾶλλον
692 1076 754 1129 τὸ
803 1080 912 1129 τῶν
957 1071 1320 1147 ἡμιανδρίων,
1362 1074 1413 1127 τί
1465 1072 1522 1127 ἅν
1567 1075 1655 1128 καὶ
1707 1070 1892 1142 εἷήσαν
1920 1074 2068 1129 οὗτοι

423 1162 823 1227 διεπυνθάνετο.
882 1165 971 1225 Ὦς
1031 1161 1076 1217 δ’
1127 1161 1293 1231 ἤκουε
1349 1166 1476 1237 παρ’
1536 1162 1754 1217 ἐκείνων
1786 1164 1868 1217 ὅτι
1924 1162 2071 1232 τάξις

423 1252 567 1307 ἐστὶν
618 1252 751 1321 αὕτη
813 1253 1113 1327 βασίλειος,
1164 1252 1253 1306 καὶ
1285 1253 1359 1313 ὡς
1406 1256 1475 1324 τῇ
1529 1249 1768 1324 βασιλίδι
1806 1251 1880 1312 εἰς
1914 1261 2069 1325 θερα-

424 1341 575 1396 πείαν
659 1340 1112 1409 ἀκολουθήσαιεν,
1173 1338 1371 1400 ἐκεῖνος
1430 1337 1803 1407 ἀταλαστήσας
1878 1339 2066 1414 φησὶν,

432 1454 457 1481 ‹‹
517 1429 583 1483 Α⁹ί
637 1427 713 1500 α’ί,
770 1428 823 1483 τί
881 1433 1083 1496 totum;
1143 1428 1233 1481 καὶ
1288 1430 1423 1499 ἡμῖν
1478 1427 1539 1481 οὐ
1594 1429 1832 1495 συνήθης
1864 1425 1997 1494 αὕτη
2030 1427 2065 1494 ὴ

428 1515 628 1572 δίαιτα.
692 1540 719 1567 ››
782 1517 884 1571 Καὶ
941 1516 1031 1570 τὸν
1092 1514 1249 1590 φάναι
1288 1535 1345 1568 τε
1399 1515 1485 1568 καὶ
1548 1515 1658 1587 ἅμα
1704 1515 1799 1581 τὴν
1848 1512 2065 1585 νύμφην

428 1604 687 1659 δείκνύειν
730 1605 966 1677 πενιχρὰ
1018 1608 1283 1679 φοροῦσαν
1333 1604 1422 1656 καὶ
1472 1601 1704 1672 ταλασίᾳ
1759 1601 2064 1674 προσέχου-

428 1716 545 1761 σαν,
596 1694 707 1761 καὶ,
767 1716 793 1742 ι(
826 1691 1003 1759 Οὕτω,
1040 1714 1067 1742 ››
1120 1693 1297 1764 Λέγειν
1348 1696 1497 1764 ’χειρὶ
1547 1688 1843 1757 δεικνύντα,
1888 1713 1915 1739 ‹‹
1946 1694 2066 1750 ταῖς

2176 544 2414 599 πέσοιεν·
2475 547 2539 600 οὐ
2591 547 2693 618 γὰρ
2754 546 2903 621 εἶχον
2962 548 3231 601 πιστεύειν
3284 546 3504 623 ἀνδράσι
3562 552 3638 622 μή
3690 552 3805 606 ἐπι-

2176 633 2561 707 στρεφομένοις
2617 634 2881 708 αἰσχύνης
2939 635 3028 689 καὶ
3089 636 3387 708 μέμψεως.
3448 637 3597 699 Τέως
3651 636 3809 712 ᾔεσαν

2174 722 2249 782 εἰς
2276 724 2338 776 τὸ
2368 722 2557 795 πρόσω
2586 725 2774 785 νωθεῖς
2801 744 2940 784 τινες
2989 724 3090 791 τὴν
3120 724 3342 798 πορείαν
3389 726 3480 779 καὶ
3509 732 3630 788 τοῖς
3663 726 3813 791 ὅλοις

2176 809 2432 871 ὑπόπτως
2489 808 2727 884 ἔχοντες.
2785 811 2873 871 Ὦς
2939 808 2997 864 δὲ
3050 809 3349 865 κατέλαλον
3405 814 3504 879 τὴν
3564 814 3812 889 Ἀχρίδα,

2170 898 2269 965 τὴν
2332 899 2428 969 μὲν
2463 896 2719 973 βασιλίδα
2773 899 2862 952 καὶ
2918 899 2981 952 τὸ
3023 899 3146 973 περὶ
3202 900 3371 967 αὐτὴν
3427 899 3695 956 οῒκετικὸν
3726 907 3813 957 καὶ

2174 986 2297 1041 ὅσον
2375 987 2450 1048 είς
2546 989 2831 1061 θεραπείαν
2912 988 3075 1042 αὐτοῦ
3157 1009 3261 1042 που
3347 986 3812 1057 διαναπαύουσιν,

2174 1074 2370 1129 ἐκεῖνοι
2458 1072 2515 1130 δὲ
2598 1075 2983 1150 προαγγέλους
3065 1076 3202 1147 πρὸς
3282 1074 3509 1151 Οὕρεσιν
3560 1076 3814 1148 πέμπον-

2169 1184 2255 1224 τες
2340 1163 2429 1217 καὶ
2487 1162 2643 1217 αὐτοὶ
2723 1161 3002 1238 σχολαίως
3083 1169 3205 1227 τοῖς
3257 1164 3446 1238 πρόσω
3519 1160 3815 1235 προσέϐαι-

2169 1272 2280 1307 νον.
2314 1254 2397 1321 Τῇ
2450 1250 2687 1325 Πολόγῳ
2742 1249 2800 1305 δὲ
2846 1250 3350 1325 παραγγειλάντων,
3403 1254 3463 1320 ἣν
3525 1249 3591 1320 δὴ
3649 1250 3815 1314 ἄλσος

2171 1343 2304 1393 Θεοῦ
2332 1338 2527 1393 ἐκεῖνοι
2556 1339 2693 1393 κατὰ
2720 1339 2971 1413 γλῶσσαν
3026 1338 3250 1407 εἴποιεν,
3285 1341 3372 1393 καὶ
3424 1337 3533 1410 ἤδη
3560 1340 3651 1394 καὶ
3679 1341 3816 1415 πρὸς

2171 1426 2455 1481 Λιπαίνιον
2517 1425 2726 1494 ἲόντων,
2783 1428 3057 1498 πέμπεται
3122 1428 3215 1499 μὶν
3275 1423 3507 1502 πρέσϐυς
3554 1428 3812 1491 ἐκεῖθενὸ

2169 1515 2257 1568 καὶ
2309 1517 2550 1586 μεσάζων
2613 1513 2855 1583 ἐκείνων,
2907 1517 3176 1589 Γεώργιος
3229 1513 3495 1586 τοῦνομα,
3527 1517 3573 1587 ᾧ
3624 1514 3813 1583 δήκαὶ

2172 1601 2343 1675 λόχος
2377 1599 2585 1675 ἀνδρῶν
2622 1601 2927 1676 ἐνεδρεύσας
2957 1603 3354 1678 προσεζημίου.
3384 1604 3485 1664 Τὰς
3519 1602 3564 1657 δ’
3598 1602 3812 1675 ἐνέδρας

2168 1690 2257 1743 καὶ
2290 1691 2482 1764 πρώην
2534 1692 2585 1744 οἱ
2624 1692 2746 1765 περὶ
2792 1693 2884 1745 τὸν
2930 1692 3277 1765 πατριάρχην
3332 1691 3619 1753 ἀκούοντες
3673 1690 3812 1746 ἐδει-

427 1782 663 1857 νύμφαις
712 1783 874 1853 ἡμεῖς
926 1779 1365 1875 προσφερόμεθα.
1418 1800 1443 1831 ιι
1504 1780 1673 1834 Ἦσαν
1732 1775 1798 1845 δὴ
1856 1777 1946 1831 καὶ
2001 1776 2066 1829 τὰ
2098 1795 2142 1859 Β
2174 1776 2330 1836 λίων.
2363 1779 2502 1834 Τότε
2533 1776 2590 1832 δὲ
2629 1778 2720 1833 καὶ
2752 1774 2994 1853 ἀκριϐῶς
3026 1779 3079 1841 ἐς
3134 1775 3303 1849 φόϐον
3335 1782 3498 1855 μέγαν
3531 1784 3810 1843 καθίστανο

426 1871 544 1924 κατ’
599 1868 790 1928 αὐτοὺς
844 1869 905 1922 τὸ
963 1868 1211 1941 παράπαν
1274 1865 1399 1919 λιτά
1453 1887 1510 1921 τε
1564 1867 1654 1919 καὶ
1713 1865 1929 1934 εύτεΛῆ,
1990 1866 2063 1927 ὡς

427 1958 634 2030 ἀποζῆν
696 1959 886 2031 θήραις
934 1957 1022 2009 καὶ
1052 1954 1406 2014 κλέπτοντας.
1446 1955 1533 2015 Ὦς
1564 1958 1692 2027 γοῦν
1731 1953 2059 2029 ὑπέστρεφον

427 2047 479 2101 οἱ
536 2046 865 2119 πεμφθέντες
914 2044 1001 2097 καὶ
1053 2038 1292 2115 ἀκριϐῶς
1343 2040 1574 2111 ἐδήλουν
1629 2046 1710 2113 τῷ
1748 2041 2063 2116 πατριάρχῃ

429 2137 462 2191 ἃ
510 2156 568 2190 τε
626 2132 766 2189 εἶδον
826 2132 913 2188 καὶ
971 2132 1004 2186 ’ὰ
1060 2130 1320 2203 ἤκουσαν,
1367 2130 1663 2186 ἐπέκλασάν
1694 2152 1752 2189 τε
1796 2137 1913 2191 τοῖς
1940 2130 2064 2205 περὶ

428 2223 628 2279 ἐκεῖνον
659 2223 756 2291 τὴν
787 2220 1115 2295 προθυμίαν,
1166 2220 1255 2275 καὶ
1307 2219 1430 2293 περὶ
1479 2220 1690 2281 ἑαυτοῖς
1749 2216 2062 2295 ὠρρώδουν,

428 2443 695 2518 perisset,
728 2440 1071 2513 priusquam
1120 2438 1450 2510 patriarcha
1498 2455 1631 2494 cum
1664 2455 1810 2494 nova
1848 2454 2064 2509 sponsa

431 2532 691 2589 Serbiam
724 2530 1143 2599 ingrederetur.
1198 2531 1270 2581 At
1314 2526 1536 2582 Veccus
1595 2530 1651 2582 et
1692 2526 2063 2582 Cudumenes

428 2620 528 2676 ubi
558 2634 888 2689 pervenere,
923 2616 1064 2670 adeo
1100 2614 1243 2668 nihil
1280 2615 1357 2668 ibi
1389 2615 1457 2668 ad
1485 2614 1876 2670 ministerium
1904 2630 2063 2669 com-

431 2708 691 2773 modum,
726 2707 792 2759 ad
839 2720 1109 2775 pompam
1145 2701 1431 2773 exquisite
1478 2706 1913 2769 ornamentum,
1966 2703 2066 2756 aut

434 2795 668 2851 omnino
721 2792 809 2848 vel
863 2791 1139 2847 mediocri
1180 2790 1423 2861 dignum
1458 2791 1804 2862 magistratu
1839 2803 2064 2860 repere-

436 2888 596 2951 runt,
627 2887 693 2937 ut
724 2882 915 2953 ipsum
952 2881 1181 2935 illorum
1215 2880 1677 2934 instrumentum
1720 2896 1786 2935 ac
1824 2877 2065 2933 comita-

440 2977 563 3026 tum
597 2972 931 3041 Stephanus
997 2969 1193 3024 Uresis
1254 2968 1667 3032 admiraretur,
1714 2967 1838 3021 viso
1876 2966 2065 3020 taber-

438 3058 665 3125 naculo,
744 3057 1061 3129 praesertim
1122 3060 1315 3111 autem
1383 3055 1607 3110 familia
1667 3054 2066 3125 obsequioque

434 3144 1037 3216 cunuchorum,quasi
1059 3144 1478 3213 obstupescens
1502 3142 2063 3213 inopinatissimare,

431 3239 715 3307 quaereret
745 3234 885 3304 quid
926 3232 1047 3287 haec
1078 3232 1314 3285 tandem
1349 3235 1545 3286 essent
1574 3236 1631 3285 et
1673 3247 1847 3301 quem
1888 3247 2062 3285 usum

431 3324 732 3391 haberent,
768 3338 897 3377 cum
954 3336 1086 3374 vero
1130 3318 1388 3374 audisset
1445 3324 1666 3388 partem
1708 3334 1856 3374 esse
1904 3318 2061 3374 illam

430 3412 794 3482 praemissam
827 3407 1085 3463 satellitii
1128 3424 1193 3462 ac
1224 3406 1601 3478 supellectilis
1620 3407 1828 3478 reginaa
1852 3408 2064 3462 adven-

432 3499 635 3567 tantis,
697 3496 1080 3552 indolescenti
1137 3494 1348 3550 similis
1397 3495 1799 3550 exclamaret:
1860 3518 1880 3545 ι
1917 3500 2063 3562 Heu,

432 3587 564 3652 heu,
602 3602 725 3657 qua:
757 3589 813 3639 et
842 3600 1121 3656 quorsum
1150 3583 1262 3639 ista
1282 3584 1309 3637 ‘2
1338 3583 1454 3639 Nos
1484 3583 1692 3638 harum
1724 3582 2063 3639 deliciarum

431 3689 600 3729 usum
632 3690 742 3727 non
776 3673 1098 3741 habemus;
1135 3694 1162 3721 »
1196 3678 1249 3726 et
1279 3673 1431 3729 352
1455 3672 1573 3726 hac
1603 3672 1844 3741 loquens
1889 3670 2064 3726 simul

428 3779 641 3818 nurum
676 3762 1008 3817 ostenderet
1034 3760 1378 3833 paupertino
1410 3760 1706 3815 sordidam
1732 3759 1950 3815 vestitu
2001 3775 2066 3814 ac

428 3849 680 3906 lanificio
712 3851 1020 3915 intentam,
1054 3866 1287 3922 unaque
1317 3865 1493 3904 manu
1528 3864 1654 3903 eam
1680 3848 1945 3903 indicans
1967 3865 2064 3903 su-

428 3938 713 4009 bjiceret:
753 3962 772 3987 σ
810 3939 888 3992 En
939 3937 1039 3992 tali
1072 3954 1177 3993 nos
1209 3937 1369 3993 cultu
1423 3953 1606 3991 nurus
1654 3936 2065 4011 consuevimus

428 4026 662 4081 habere.
696 4048 723 4076 »
762 4027 933 4081 Porro
965 4026 1023 4080 in
1072 4031 1274 4081 caetero
1322 4026 1474 4080 circa
1517 4025 1730 4081 cralem
1782 4030 2063 4096 apparatu

428 4114 574 4169 nihil
620 4116 731 4170 nisi
792 4114 1054 4184 vulgare,
1113 4113 1436 4169 obsoletum
1470 4131 1536 4168 ac
1571 4112 1741 4184 plane
1773 4113 2063 4184 plebeium

430 4205 765 4274 apparebat.
800 4203 973 4257 Nulla
1005 4203 1194 4257 victus
1228 4201 1547 4256 mundities
1582 4200 2067 4257 :evenatuillau-

425 4294 506 4357 to,
543 4308 607 4345 ac
638 4290 900 4345 tumultu
929 4306 1069 4345 sane
1092 4290 1408 4357 venatorio,
1430 4288 1591 4343 nulla
1621 4289 1813 4361 specie
1843 4295 1944 4345 aut
1971 4308 2069 4346 or-

428 4380 563 4434 dine
590 4378 921 4442 ministerii,
957 4378 1117 4433 nulla
1148 4394 1481 4433 mensarum
1513 4377 1802 4450 elegantia
1851 4380 2063 4450 raptim

427 4467 539 4523 cibi
572 4467 949 4523 vorabantur.
1007 4466 1075 4522 Ut
1113 4482 1249 4537 ergo
1294 4465 1416 4521 haec
1466 4466 1579 4521 sibi
1639 4466 1935 4536 explorata
1966 4468 2065 4539 qui

428 4556 594 4610 missi
653 4556 885 4609 fuerant
941 4555 1151 4610 reversi
1183 4556 1254 4609 ad
1285 4554 1676 4626 patriarcham
1721 4554 2064 4623 retulerunt,

429 4647 610 4714 utque
638 4643 974 4698 distinctius
998 4647 1311 4697 narrarunt
1332 4658 1463 4712 quae
1487 4641 1814 4707 audierant,
1838 4647 2071 4698 contur-

432 4732 649 4787 barunt
674 4747 740 4786 ea
768 4748 881 4785 non
908 4747 1113 4801 parum
1134 4731 1476 4786 comitatum
1500 4730 1861 4798 universum,
1893 4731 2070 4788 infre-

435 4824 757 4893 geruntque
804 4820 1030 4874 cunctis
1063 4820 1313 4887 animos,
1339 4817 1731 4874 sollicitudine
1762 4820 1975 4890 injecta
2000 4835 2070 4874 ne

428 4908 663 4963 insidiis
687 4908 906 4978 excepti
946 4906 1338 4978 spoliarentur
1363 4923 1374 4960 :
1404 4907 1545 4977 quid
1581 4908 1736 4962 enim
1774 4913 2071 4980 exspecta-

433 5002 560 5051 rent
584 4996 787 5051 mitius
818 5014 851 5052 a
879 4995 1149 5050 Barbarie
1180 4995 1323 5049 adeo
1356 4992 1621 5064 incultis,
1676 5012 1823 5066 quos
1874 4996 2072 5053 nullus

432 5102 561 5140 mos
593 5090 692 5139 aut
716 5086 924 5155 pudor,
959 5082 1157 5139 nullus
1192 5087 1493 5145 respectus
1535 5082 1924 5140 humanitatis
1972 5091 2074 5142 aut

432 5172 607 5227 ofﬁcii
631 5172 976 5227 verecundia
998 5174 1336 5225 revocatura
1360 5170 1693 5225 viderentur
1716 5172 1788 5226 ab
1807 5173 2073 5230 audendo

436 5262 589 5331 quod
623 5261 829 5316 liberet
886 5258 1160 5330 cunque?
1216 5257 1434 5312 Tristes
1491 5258 1672 5328 igitur
1725 5258 1884 5316 hisce
1915 5261 2072 5317 curis

432 5366 763 5421 segnesque
782 5351 1195 5422 procedebant,
1224 5346 1396 5401 anxia
1420 5347 1718 5402 constricti
1762 5350 2072 5408 formidine

429 5439 824 5509 periculorum
843 5439 901 5493 in
923 5438 1398 5503 monumenta,ut
1415 5434 2075 5510 putabant,singulaim-

428 5526 831 5596 pendentium.
882 5527 940 5579 [n
974 5524 1063 5580 his
1094 5521 1530 5594 suspicionibus
1579 5540 1713 5580 cum
1758 5526 2071 5585 Achridam

425 5614 820 5684 devenissent,
850 5613 1068 5685 regiam
1103 5611 1183 5667 ibi
1214 5609 1577 5681 reliquerunt
1613 5614 1901 5687 virginem
1937 5634 2070 5674 cum

2170 1886 2278 1933 το,
2342 1867 2417 1938 μὴ
2469 1866 2557 1920 καὶ
2606 1869 2932 1940 νεωτερισθῇ
2984 1889 3036 1922 τι
3091 1867 3239 1943 σφίσι
3290 1873 3398 1922 τῶν
3462 1868 3810 1937 ἀνηκέστων·

2171 1952 2296 2015 τοὺς
2324 1955 2424 2028 γὰρ
2456 1954 2599 2009 οὕτω
2628 1955 2719 2008 καὶ
2746 1960 2865 2015 τοῖς
2913 1953 3078 2015 ΐδίοις
3121 1956 3211 2008 καὶ
3266 1954 3478 2027 μᾶλλον
3527 1961 3641 2015 τοῖς
3669 1952 3810 2009 ἰνδό-

2174 2043 2283 2112 ξοις
2311 2041 2403 2096 καὶ
2434 2042 2696 2115 ἄρχουσιν
2743 2041 3113 2116 ἐνεδρεύοντας
3165 2040 3347 2117 σχολῇ
3395 2047 3523 2117 γοῦν
3573 2043 3810 2115 ἀποσχέ-

2174 2140 2295 2192 σθαι
2319 2129 2790 2203 τῶνζάλλοτρίων.
2840 2132 3074 2187 Ἤκουον
3105 2127 3162 2185 δὲ
3207 2132 3295 2184 καὶ
3347 2123 3494 2204 παρά
3536 2129 3811 2202 Γεωργίου

2170 2217 2238 2271 τὰ
2270 2218 2366 2290 μὲν
2397 2217 2472 2280 εἷς
2520 2214 2801 2294 πρεσϐείαν
2832 2217 3004 2289 πάντη
3052 2223 3132 2290 τῷ
3172 2223 3361 2290 σκοπῷ
3404 2223 3512 2273 τῶν
3549 2216 3815 2291 βασιλέων

2172 2437 2446 2493 familiari
2479 2437 2842 2494 ministerio:
2870 2437 2979 2510 ipsi
3031 2439 3218 2509 ccepto
3264 2435 3469 2492 itinere
3490 2435 3651 2491 lente
3681 2452 3810 2507 per-

2172 2527 2763 2598 gentes,prazmittunt
2785 2526 3021 2582 nuntios
3046 2526 3116 2581 ad
3144 2524 3391 2595 Uresim,
3416 2524 3516 2597 qui
3538 2524 3809 2580 docerent

2173 2615 2609 2685 prestolaturos
2649 2632 2709 2671 se
2745 2616 3020 2670 mandata
3058 2615 3185 2683 ejus
3234 2617 3289 2669 et
3328 2629 3611 2668 occursus
3643 2613 3715 2667 ab
3744 2627 3808 2667 eo

2175 2705 2489 2760 missorum
2521 2704 2673 2774 apud
2709 2704 3007 2774 Polegum.
3039 2704 3143 2758 Est
3164 2702 3218 2756 id
3244 2701 3352 2757 loci
3377 2717 3589 2757 nomen
3629 2700 3807 2771 patria

2173 2794 2485 2849 Serborum
2522 2791 2724 2863 lingua
2753 2808 2992 2861 sonans,
3026 2795 3090 2846 ut
3117 2790 3299 2857 aiunt,
3336 2806 3544 2845 nemus
3578 2788 3693 2843 Dei.
3728 2787 3807 2842 Ea

2175 2900 2276 2953 spe
2292 2882 2607 2954 Lipmnium
2632 2880 3142 2953 progredientibus
3162 2880 3411 2935 occurrit
3429 2897 3461 2934 a
3476 2877 3631 2934 crale
3651 2878 3809 2948 lega-

2178 2972 2280 3039 tio,
2303 2971 2476 3041 cujus
2508 2973 2824 3040 eratcaput
2853 2969 3132 3039 Georgius
3165 2969 3427 3039 quidam,
3461 2966 3809 3037 magistratu

2097 3073 2139 3140 ρ
2177 3060 2295 3115 illic
2327 3058 2504 3114 simili
2559 3059 2841 3130 praeditus
2886 3059 3013 3128 ejus
3054 3057 3154 3129 qui
3206 3071 3473 3111 mesazon
3508 3055 3659 3126 apud
3710 3070 3815 3109 nos

2178 3148 2410 3203 dicitur.
2446 3146 2594 3203 Huic
2609 3163 2677 3201 ex
2700 3145 2930 3201 insidiis
2959 3143 3511 3200 latrocinioillatum
3531 3144 3814 3197 damnum

2174 3241 2229 3291 et
2259 3240 2393 3291 ante
2415 3235 2598 3290 nostri
2617 3235 2928 3289 audierant
2948 3238 3004 3288 et
3024 3233 3151 3305 ipso
3183 3233 3465 3287 referente
3490 3233 3815 3302 cognorunt

2172 3325 2407 3379 certius.
2459 3324 2641 3393 Atque
2691 3326 2756 3377 ut
2801 3321 2989 3393 primo
3023 3321 3101 3376 rei
3135 3320 3337 3375 auditu
3372 3320 3815 3385 cohorruerant,

2171 3412 2325 3469 858
2358 3411 2436 3466 ila
2486 3410 2619 3465 facti
2671 3412 2907 3481 accepta
2957 3408 3399 3464 confirmatione
3451 3404 3813 3461 mmstissimi

2171 3504 2483 3556 senserunt
2513 3515 2628 3570 quo
2660 3497 2920 3555 locorum
2958 3497 3360 3568 malorumque
3401 3494 3770 3551 devenissent
3799 3507 3813 3548 :

2172 3589 2313 3660 quid
2346 3588 2502 3643 enim
2560 3604 2673 3642 non
2723 3588 2859 3658 jure
2892 3589 3221 3641 metuerent
3251 3585 3307 3638 in
3350 3588 3511 3640 tanta
3532 3581 3815 3638 barbaria!

2171 3676 2445 3731 licentia?
2472 3680 2573 3730 aut
2604 3675 2894 3747 quomodo
2926 3677 3225 3746 sperarent
3248 3672 3573 3744 parcituros
3604 3671 3818 3727 exteris

2170 3782 2234 3819 ac
2261 3768 2694 3836 temperaturos
2714 3763 2913 3819 avidas
2934 3779 3141 3817 manus
3165 3779 3198 3817 a
3219 3778 3362 3833 gaza
3384 3759 3689 3833 peregrina
3719 3775 3815 3815 eos

2173 3854 2271 3924 qui
2298 3870 2367 3908 ne
2390 3870 2422 3909 a
2444 3852 2828 3924 popularibus
2842 3852 3078 3922 quidem
3100 3846 3816 3921 suis,iisdemqueillustri

2174 3942 2519 4014 magistratu
2564 3940 2921 4011 conspicuis,
2962 3938 3326 3994 abstinerent
3361 3938 3610 4009 injurias
3639 3940 3819 3991 extre-

2175 4030 2333 4085 mas?
2356 4033 2639 4087 Caeterum
2669 4032 2740 4084 de
2759 4027 2991 4100 negotio
3011 4027 3139 4099 ipso
3164 4043 3229 4083 ac
3248 4027 3458 4081 foedere
3481 4025 3815 4097 principum

2175 4119 2427 4174 duorum
2462 4123 2577 4173 tam
2610 4117 3099 4185 inconsequenter
3127 4120 3303 4186 atque
3335 4114 3613 4185 ambigue
3649 4113 3816 4169 Geor-

2175 4204 2308 4276 gius
2357 4204 2465 4259 iste
2515 4203 2739 4257 locutus
2770 4205 2879 4266 est,
2923 4206 2988 4256 ut
3036 4217 3198 4273 spem
3234 4217 3545 4257 successus
3579 4216 3813 4255 omnem

2177 4291 2564 4364 prudentibus
2583 4294 2895 4345 excuteret.
2921 4289 3185 4345 Primum
3208 4290 3475 4345 omnium
3499 4288 3819 4360 deprehen-

2179 4398 2309 4436 sum
2341 4387 2427 4435 est
2458 4394 2705 4434 errorem
2731 4379 3069 4451 imperatori
3103 4378 3365 4434 oblatum
3402 4379 3459 4433 in
3502 4394 3562 4432 re
3591 4376 3725 4449 ipsa
3759 4391 3822 4431 ac

2178 4467 2510 4524 substantia
2566 4465 2807 4538 negotii,
2840 4467 2981 4521 dum
3034 4467 3083 4522 is
3136 4466 3318 4521 tiliam
3366 4466 3730 4536 despondere
3760 4480 3820 4520 se

2179 4572 2345 4611 suam
2375 4555 2625 4611 credidit
2657 4554 2869 4611 minori
2923 4555 3157 4627 quidem
3218 4554 3336 4610 filio
3390 4553 3585 4623 cralis,
3617 4568 3818 4608 verum

2178 4649 2411 4715 prepter
2442 4646 2712 4701 morbum
2745 4644 3129 4700 ineurabilem
3166 4644 3405 4714 majoris
3430 4643 3643 4699 haeredi
3665 4642 3821 4698 haud

2179 4733 2357 4789 dubio
2397 4737 2453 4787 et
2491 4733 2817 4788 successori
2851 4730 3152 4804 designato
3185 4732 3344 4804 regni
3378 4731 3615 4787 Serbiaa.
3649 4730 3817 4786 Nunc

2182 4827 2375 4877 autem
2421 4820 2855 4893 intelligebatur
2899 4837 2967 4875 ex
3014 4820 3244 4892 Georgii
3275 4819 3650 4875 sermonibus
3675 4834 3825 4874 vana

2182 4909 2282 4965 illa
2312 4910 2515 4976 fuisse,
2550 4926 2676 4980 quae
2716 4909 2942 4980 jactata
2972 4910 3203 4964 fuerant
3242 4908 3312 4963 de
3345 4908 3526 4963 fracte
3560 4922 3729 4963 crure
3759 4922 3824 4962 ac

2180 5000 2487 5070 desperata
2515 4998 2846 5055 valetudine
2878 4997 3278 5069 primogeniti,
3311 4996 3411 5068 qui
3446 4995 3628 5051 ﬁliam
3672 4994 3825 5067 regis

2186 5087 2503 5143 Pannoniae
2534 5087 2593 5142 in
2628 5086 3004 5142 matrimonio
3033 5085 3307 5141 habebat.
3356 5088 3437 5141 De
3481 5084 3706 5141 ca‘teris
3751 5082 3822 5139 ad

2181 5193 2301 5232 rem
2335 5193 2465 5248 quae
2488 5176 2769 5247 agebatur
2799 5174 3225 5247 spectantibus,
3257 5173 3409 5230 idem
3452 5172 3679 5245 legatus
3710 5189 3822 5228 non

2182 5267 2383 5321 minus
2415 5266 2719 5337 inopinata
2748 5270 2804 5321 et
2835 5266 3114 5337 ambigua
3136 5264 3376 5333 ferebat,
3405 5264 3519 5320 alia
3538 5264 3825 5334 quaedam,

2181 5371 2433 5425 quorum
2470 5353 2630 5409 nulla
2660 5360 2780 5409 erat
2822 5370 3083 5424 unquam
3134 5353 3333 5408 audita
3390 5352 3553 5424 prius
3585 5351 3823 5418 mentio,

2180 5456 2537 5515 preponens,
2581 5442 2981 5513 circuitusque
3012 5442 3173 5497 vafre
3206 5446 3470 5513 captans,
3526 5455 3711 5510 eaque
3756 5439 3825 5494 de

2181 5530 2395 5604 quibus
2426 5534 2580 5588 certo
2611 5534 2960 5587 convenerat
3005 5534 3197 5587 astuto
3227 5530 3525 5586 involvens
3568 5527 3821 5583 silentio.

2180 5623 2314 5689 Quaa
2346 5618 2545 5677 omnia
2574 5619 2929 5677 mirantibus
2959 5619 3179 5676 nostris
3234 5617 3412 5675 simul
3440 5615 3823 5674 occurrebant
