4130 6270
301 346 425 401 ’805

1374 343 1470 395 DE
1507 340 1878 396 MICHAELB
1914 341 2357 400 PALEOLOGO
2392 346 2526 400 LIB.
2568 346 2637 398 V.

3594 336 3704 393 sos

308 465 506 541 ἀπῳδά
561 486 620 521 τε
676 463 766 520 καὶ
826 462 1010 525 ἄλλως
1064 464 1252 536 σαθρά.
1308 462 1504 517 ἐκεῖνοι
1571 464 1671 538 γὰρ
1737 464 1826 517 καὶ
1876 464 2160 537 ὡςΑγάς
2216 467 2537 542 γνωρίζουσι
2572 468 2666 539 μὲν
2704 467 2767 521 τὸ
2819 466 3084 542 πραχθὲν,
3119 465 3341 534 ζητοῦσι
3370 460 3427 517 δὶ
3455 460 3581 523 τοὺς
3616 459 3706 515 δε-

311 554 543 631 ἅρξοντα
600 554 734 626 μετὰ
779 554 869 606 τὸν
924 552 1128 625 πατέρα
1180 550 1257 614 εἷς
1305 549 1473 620 κῆδος
1526 552 1814 625 προσίεντο
1866 554 1957 606 τὸν

315 645 579 713 υἱὸν,τοῦ
608 642 877 714 προτέρου
915 644 1023 694 τῶν
1070 635 1277 693 παίδων
1332 639 1603 716 Στεφάνου
1651 642 1711 695 τὸ
1767 640 1958 700 σκέλος

315 732 644 806 κατεαγότος
697 731 786 784 καὶ
850 730 964 803 βίον
1028 733 1231 797 ζῶντος
1263 730 1602 803 ἀπράγμονα·
1643 732 1670 784 ὁ
1718 728 1775 783 δέ
1834 727 1960 783 ἄλλ’

318 821 451 878 ἄττα
478 818 665 891 κύκλῳ
701 814 1172 892 περιϐαλλόμενος
1220 819 1287 872 τά
1317 817 1729 892 ὡμολογημένα
1752 817 1960 887 ἐπηλυ-

319 912 537 984 γάζετο.
572 908 653 963 Τά
684 904 730 959 δ’
764 905 840 967 εἷς
870 907 968 974 τὴν
1016 905 1139 961 ὁδὸν
1197 903 1434 979 δυσχερῆ
1491 928 1548 960 τε
1604 904 1812 973 ἄλλως,
1872 905 1959 959 καὶ

318 999 393 1060 ὡς
453 996 617 1058 αὐτὸς
666 993 869 1050 ἐδείκνυ
928 995 1257 1068 ζημιωθείς.
1318 998 1482 1052 Ἦσαν
1539 993 1584 1049 δ’
1642 996 1740 1050 ἀνά
1803 996 1963 1070 μέρος

319 1085 407 1141 καὶ
439 1086 490 1138 οἱ
523 1083 646 1156 περὶ
692 1083 782 1137 τὸν
838 1082 1232 1157 χαρτοοὺλακια
1281 1085 1357 1157 (αἱ
1386 1085 1486 1159 γὰρ
1528 1092 1626 1153 τῆς
1674 1082 1960 1153 δεσποίνης

318 1170 681 1250 παραγγελίαι
713 1170 802 1225 καὶ
834 1171 1078 1240 ἀξιώσεις
1128 1168 1296 1225 δειναὶ
1348 1170 1423 1232 εἷς
1479 1173 1541 1225 τὸ
1598 1178 1770 1226 ποιεῖν
1824 1171 1961 1225 ἐκεί-

318 1286 422 1319 νων
472 1261 802 1340 φροντίζειν,
834 1260 1004 1321 οὕτως
1054 1258 1256 1334 ἰδόντα)
1302 1261 1634 1323 ἐπικλῶντες
1685 1264 1780 1324 τὰς
1825 1282 1961 1335 προ-

319 1350 514 1423 θυμίας
544 1354 625 1420 τῷ
655 1348 972 1421 πατριάρχη
1004 1349 1095 1401 καὶ
1125 1353 1241 1409 τοῖς
1272 1346 1558 1422 ἄρχουσιν,
1588 1350 1674 1421 [Ρ.
1705 1352 1830 1421 241]
1881 1349 1961 1425 ἐφ’

323 1439 368 1510 ᾧ
422 1438 498 1510 μὴ
529 1436 696 1492 πλέον
731 1431 1023 1509 προϐῆναι·
1088 1434 1229 1507 μηδὲ
1284 1437 1389 1512 γὰρ
1444 1437 1643 1491 ἀνυστά
1698 1439 1784 1493 καὶ
1843 1437 1962 1492 ἐπι-

321 1523 566 1581 κίνδυνα.
628 1524 817 1585 Οὕτως
849 1524 1086 1597 ἐχόντων
1118 1524 1319 1599 γίνεταί
1374 1546 1425 1578 τι
1456 1526 1545 1579 καὶ
1594 1524 1736 1579 ἄλλο
1771 1523 1961 1596 δεινὸν,

324 1613 351 1667 ὃ
384 1611 451 1681 δὴ
501 1612 591 1666 καὶ
626 1612 701 1673 εἷς
756 1612 986 1685 ὑποψίαν
1023 1607 1291 1684 ἐμϐάλλει
1336 1618 1471 1688 σφᾶς
1515 1616 1610 1666 τοῦ
1657 1613 1746 1666 καὶ
1795 1614 1963 1687 πρόσ-

323 1703 408 1755 θεν
467 1701 646 1761 ἰόντας
706 1703 892 1754 παθεῖν
951 1702 1018 1754 τά
1070 1700 1341 1774 χείριστα.
1395 1702 1460 1756 Οἱ
1493 1702 1596 1776 γὰρ
1641 1703 1739 1769 τὴν
1774 1704 1961 1777 χώραν

320 1789 667 1862 ἐπῳκημένοι
725 1789 862 1843 κατά
920 1788 1111 1861 στίχας
1174 1788 1337 1850 ἶόντες
1394 1789 1673 1862 ἐφίσταντο
1720 1792 1965 1861 καθημέ-
1996 1831 2040 1892 Β

553 1876 657 1892 υ,
1172 1876 1184 1892 .
1286 1874 1372 1892 νη
1426 1878 1473 1892 λ,
1717 1877 1741 1892 ..

326 1899 443 1939 νοις
475 1876 774 1944 πολλάκις,
818 1876 907 1930 καὶ
940 1878 1122 1950 ἐώρων
1156 1876 1229 1937 ὡς
1281 1874 1508 1931 ἄλλοθέν
1559 1898 1663 1930 που
1710 1877 1964 1945 ἥκοντας.

326 1965 477 2041 σφίσι
510 1962 558 2018 δ’
586 1965 653 2032 ἦν
714 1964 915 2025 σκοπὸς
949 1969 1279 2038 παρατηρεῖν
1320 1966 1387 2018 τά
1418 1964 1655 2018 ἐκείνωνι
1688 1965 1767 2043 ἐφ’
1817 1967 1964 2041 ᾧπερ

327 2055 421 2108 καὶ
474 2053 667 2113 νυκτὸς
726 2051 1045 2115 ἐπελθόντες
1102 2050 1414 2121 συλήσειαν.
1475 2055 1542 2109 ’Ό
1602 2051 1666 2122 δὴ
1727 2054 1817 2108 καὶ
1853 2056 1966 2127 μετ’

333 2139 519 2216 ὀλίγον
570 2135 833 2213 λαμϐάνει
890 2138 1067 2203 τέλος·
1112 2140 1305 2201 νυκτὸς
1346 2140 1444 2213 γὰρ
1495 2139 1735 2205 ἐπιόντες
1775 2143 1968 2220 ἀψόφῳ

327 2226 460 2286 ποδι
506 2228 635 2293 τοὺς
686 2227 905 2283 ἐκείνων
944 2227 1150 2290 (ίππους
1198 2228 1423 2295 συλῶσι,
1471 2228 1621 2302 καὶῇ
1662 2228 1842 2285 ποδῶν
1892 2232 1969 2286 εἶ-

326 2337 455 2393 χον,
489 2318 828 2387 ἀφανίζουσιν
862 2317 1080 2380 ἑαυτούς
1156 2318 1218 2371 Οἱ
1266 2314 1311 2371 δ’
1362 2318 1455 2389 ἅμ’
1502 2315 1576 2390 ἕῳ
1620 2320 1709 2373 καὶ
1756 2320 1844 2375 ὑπ’
1873 2320 1970 2374 αὐ-

326 2534 588 2607 pericula
616 2535 840 2591 infeste
888 2533 1213 2590 latrociniis
1266 2535 1394 2600 vias,
1455 2551 1586 2606 qua;
1632 2551 1804 2604 quam
1852 2551 1967 2590 non

327 2624 457 2680 sine
487 2640 665 2680 causa
694 2622 1197 2692 timerentur,ipse
1214 2622 1442 2693 legatus
1462 2639 1570 2677 sua
1590 2624 1717 2692 ejus
1737 2622 1969 2694 generis

326 2729 532 2769 recens
562 2716 801 2782 accepta
822 2710 1035 2765 damna
1061 2726 1524 2767 commemorans
1550 2710 1777 2782 plenam
1797 2710 1967 2765 facie-

324 2801 430 2856 bat
457 2800 654 2855 ﬁdem.
688 2799 916 2853 Partem
950 2798 1129 2851 etiam
1155 2800 1572 2865 momenti,nec
1602 2815 1727 2852 eam
1763 2798 1965 2867 levem,

334 2888 406 2942 ad
433 2903 640 2942 novum
675 2885 1097 2940 inclinantibus
1129 2885 1441 2940 consilium
1496 2887 1806 2953 addebant,
1840 2902 1969 2957 quae

335 2975 747 3047 chartophylax
777 2990 969 3029 coram
1006 2980 1308 3044 perspecta
1339 2975 1617 3030 retulerat
1661 2976 1730 3030 de
1783 2976 1965 3030 sordi-

337 3064 449 3120 bus
481 3069 535 3119 et
575 3064 812 3119 miseria
859 3062 1181 3117 domestica
1236 3064 1388 3134 regis
1434 3065 1669 3132 Serbian,
1728 3080 1969 3134 quaeque

332 3152 487 3208 idem
514 3151 623 3207 sibi
650 3152 812 3206 enixe
836 3152 1241 3205 commendata
1262 3150 1485 3205 dicebat
1507 3152 1578 3206 ab
1613 3154 1877 3223 Augusta
1899 3153 1968 3208 de

328 3239 742 3312 prospiciendo
774 3238 1045 3309 dignitati
1074 3255 1140 3293 ac
1189 3240 1512 3294 commodis
1562 3239 1713 3308 ﬁliae,
1767 3256 1966 3310 quam,

336 3328 423 3384 uti
457 3344 519 3383 se
541 3343 632 3382 res
663 3325 978 3393 habebant,
1013 3326 1384 3382 manifestum
1420 3332 1563 3394 erat,
1596 3328 1639 3382 si
1692 3328 1967 3398 perduce-

334 3420 498 3471 retur
526 3430 642 3485 quo
676 3413 1067 3479 intenderant,
1094 3430 1207 3468 non
1257 3413 1315 3468 in
1364 3431 1608 3486 regnum
1661 3420 1761 3470 aut
1809 3415 1970 3486 regni

328 3519 515 3574 spem,
550 3502 653 3557 sed
686 3501 745 3556 in
780 3501 1115 3556 servitutem
1166 3502 1481 3557 transcribi
1540 3503 1968 3560 tristissimam.

334 3592 462 3645 Haec
483 3589 820 3661 patriarcha)
844 3605 909 3644 ac
932 3588 1175 3660 reliquis
1203 3590 1260 3643 in
1290 3606 1355 3644 eo
1375 3590 1653 3645 comitatu
1680 3592 1972 3662 praecipua

332 3679 616 3751 dignitate
649 3676 982 3748 conspicuis
1012 3694 1242 3733 omnem
1270 3677 1971 3750 infringebantimpetum

324 3767 578 3823 ulterius
609 3765 906 3837 pergendi,
940 3766 1141 3836 utique
1166 3766 1575 3836 reputantibus
1599 3765 1827 3820 nullum
1860 3783 1971 3821 cm-

327 3860 568 3927 ptorum
590 3855 961 3909 commodum
983 3858 1085 3908 aut
1107 3853 1314 3908 saltem
1337 3853 1698 3909 tolerabilem
1727 3857 1972 3922 exitum,

336 3943 571 4001 nullum
603 3943 790 4014 longis
808 3958 873 3997 ac
899 3942 1201 3997 laboriosa
1224 3943 1325 3995 viae
1347 3942 1599 3997 fructum
1616 3944 1973 4013 sperandum

329 4048 632 4104 apparere.
666 4031 746 4085 Ne
776 4031 958 4102 pactis
992 4030 1221 4100 quidem
1258 4030 1436 4084 videri
1470 4032 1850 4086 constituram
1906 4031 1973 4084 fi—

334 4123 493 4188 dem,
519 4121 567 4176 si
600 4120 799 4175 futura
830 4136 860 4174 e
893 4119 1279 4190 praesentibus
1328 4118 1774 4174 aestimarentur.
1827 4118 1973 4185 Quid

325 4210 515 4281 igitur
535 4208 806 4264 attineret
827 4207 885 4261 in
906 4206 1249 4278 ambiguum
1269 4210 1326 4261 et
1347 4206 1602 4278 obliquis
1616 4208 1977 4263 anfractibus

332 4290 646 4356 confusum
681 4295 979 4367 negotium
1010 4294 1169 4349 velut
1199 4295 1258 4349 in
1282 4311 1498 4350 cecum
1523 4295 1977 4367 perplexumque

328 4385 733 4458 labyrinthum
788 4399 915 4439 sese
948 4382 1126 4438 altius
1172 4386 1230 4437 et
1262 4384 1699 4439 irrevocabilius
1732 4385 1974 4439 immer-

329 4478 551 4545 gere,et
581 4490 694 4528 non
716 4473 913 4544 potius
932 4470 1294 4539 deprehensa
1313 4472 1401 4527 vel
1431 4489 1560 4527 sera
1587 4474 1741 4529 354
1773 4473 1976 4527 fraude

2068 551 2361 627 δρακότας.
2420 555 2600 611 Ἀλλά
2654 559 2873 625 ζητοῦσι
2938 556 3167 626 μάταιος
3224 555 3289 621 ἦν
3346 555 3380 621 ἡ
3443 548 3700 621 σπουδή·

2067 642 2189 698 οὔτε
2237 646 2337 719 γὰρ
2387 647 2533 719 εἶχον
2589 651 2774 715 μαθεῖν
2828 648 2957 718 παρ’
2999 643 3212 698 ἐκείνων
3244 642 3370 704 τοὺς
3421 643 3707 715 σφετέρους

2066 731 2451 801 ἐπειλυόντων,
2494 733 2582 787 καὶ
2625 735 2685 787 τὸ
2744 731 3041 807 δραστικὼς
3092 730 3351 801 ἐξετάζειν
3395 729 3484 784 καὶ
3546 730 3705 783 ἀπαι-

2064 826 2173 875 τεῖν
2233 822 2293 875 οὐ
2355 825 2665 897 συνήνεγκε,
2729 824 2803 894 μὴ
2864 820 2953 876 καί
3002 819 3169 875 πλέον
3225 814 3705 891 ἐπισυμϐαίη,ἀν-

2068 910 2307 981 θρώποις
2342 911 2435 982 μέν
2463 916 2561 978 τὴν
2598 908 2765 979 ἰδέαν,
2794 910 3007 983 θηρίοις
3040 907 3096 962 δέ
3124 910 3213 961 τὸν
3263 909 3463 979 τρόπον
3492 926 3707 980 παρεμ-

2066 998 2360 1054 πεσόντων.
2411 1001 2603 1071 ’Ὁμως
2646 1003 2763 1059 τοῖς
2806 998 3024 1051 ἐκείνων
3080 992 3314 1070 ἄρχουσι
3362 996 3707 1070 χρησάμενοι

2069 1087 2142 1149 είς
2180 1089 2430 1162 βοήθειαν
2481 1086 2647 1161 (μηδὲ
2694 1089 2795 1163 γὰρ
2845 1086 2991 1161 ἔχειν
3050 1086 3197 1147 ὅπως
3247 1086 3336 1139 καὶ
3394 1086 3703 1157 κινηθεῖεν),

2065 1181 2173 1231 τῶν
2214 1178 2536 1249 κρειττόνων
2577 1175 2764 1237 ’ίππων
2818 1173 3191 1231 ἀπολωλότων
3252 1174 3705 1245 ἀντισηκουμενοι

2067 1272 2186 1327 τοῖς
2214 1273 2312 1336 τῆς
2348 1267 2531 1341 χώρας
2577 1266 2675 1320 οὐκ
2720 1264 2800 1319 ἐπ’
2850 1262 2998 1331 ἴσων,
3052 1260 3180 1317 ἀλλ’
3230 1259 3349 1315 οὐδ’
3380 1260 3559 1335 ἐγγὺς,
3614 1280 3707 1331 με-

2066 1357 2401 1410 ταναστεύειν
2449 1356 2525 1417 εἴς
2576 1352 2861 1409 τοῦπισθεν
2914 1348 3291 1407 ἐϐουλεύοντο.
3345 1352 3447 1405 Καὶ
3494 1347 3560 1417 δὴ
3613 1347 3708 1402 δο-

2069 1444 2233 1514 ξάσης
2262 1451 2360 1513 τῆς
2395 1443 2599 1517 βουλῆς
2633 1445 2833 1515 ἀγαθῆς
2888 1441 2974 1495 καὶ
3040 1438 3396 1507 συνοισοῦσης
3445 1436 3612 1492 πλέον
3672 1434 3707 1503 ἢ

2075 1532 2179 1601 μὴν
2240 1530 2580 1605 βλαψούσης,
2613 1529 2860 1604 πρύμναν
2914 1548 2972 1582 τε
3019 1527 3326 1603 κρούονται,
3367 1525 3428 1579 τὸ
3485 1528 3582 1579 τοῦ
3614 1522 3708 1578 λό-

2068 1638 2186 1689 γου,
2245 1618 2331 1670 καὶ
2388 1622 2506 1677 τοῖς
2562 1614 2777 1678 ὄπισθεν
2838 1613 3267 1685 έπεκτεινόμενοι
3318 1608 3711 1685 ἔωςἊχρίδας

2070 1700 2254 1774 ᾔεσαν.
2314 1706 2545 1767 Ἐκεῖθεν
2608 1702 2664 1757 δὲ
2723 1703 2932 1775 σύναμα
2982 1706 3050 1775 τῇ
3114 1698 3352 1776 βασιλίδι
3386 1698 3711 1754 Θεσσαλονί-

2068 1814 2169 1860 κης
2201 1788 2503 1858 ἐπιϐάντες,
2550 1790 2716 1860 κῆδος
2748 1791 2920 1845 ἐκεῖνο
2972 1791 3061 1844 καὶ
3112 1791 3379 1859 συνθήκας
3440 1788 3528 1841 καὶ
3586 1808 3711 1841 συν-

2079 1880 2403 1956 αλλάγματα
2449 1881 2575 1954 παρ’
2625 1878 2777 1934 οὗδὶν
2839 1880 3080 1952 θέμενοι,
3131 1878 3266 1952 πρὸς
3327 1874 3552 1951 βασιλέα
3611 1876 3711 1930 ὑπ-

2075 1963 2349 2045 ἔστρεφον.

2076 2076 2145 2144 η’.
2195 2075 2278 2130 Τά
2317 2075 2452 2128 κατά
2496 2074 2587 2128 τὸν
2641 2072 2784 2148 ῥῆγα.
2826 2069 3131 2148 Καρουλον,
3180 2069 3270 2123 καὶ
3320 2068 3467 2131 ὅπως
3514 2067 3711 2124 στόλον

2745 2143 3048 2214 ἐξηρτύετο.

2151 2234 2230 2305 [Ρ.
2263 2234 2389 2306 242]
2419 2233 2555 2286 Τότε
2589 2230 2765 2286 τοίνυν
2815 2230 2949 2303 μετά
2994 2227 3181 2302 καιρὸν
3229 2226 3318 2280 καὶ
3364 2228 3433 2281 τά
3482 2226 3600 2301 περὶ
3650 2227 3715 2281 τὸ

2080 2320 2382 2397 Δυρράχιον
2432 2316 2621 2392 ξυνέϐη
2656 2319 2860 2375 έλεεινά
2889 2318 2979 2373 καὶ
3010 2315 3199 2392 πλήρη
3252 2312 3519 2389 δακρύων.
3572 2321 3713 2390 Κρο-

2077 2538 2233 2603 runt,
2266 2548 2392 2604 quae
2425 2533 2536 2589 cito
2562 2533 2619 2588 in
2655 2534 2911 2590 dolorem
2952 2536 3201 2591 transiit.
3255 2536 3400 2591 Nam
3457 2551 3571 2590 non
3630 2534 3713 2590 ita

2078 2620 2261 2676 multo
2296 2631 2421 2693 post
2451 2623 2720 2677 nocturni
2744 2628 3111 2694 grassatores
3136 2623 3286 2678 clam
3313 2622 3717 2695 appulsi,pede

2077 2725 2365 2778 suspenso
2397 2726 2631 2766 summa
2660 2728 2801 2766 cura
2834 2714 3117 2785 strepitus
3150 2713 3591 2783 vitandi,equos
3614 2728 3715 2767 no-

2079 2801 2331 2852 strorum
2359 2798 2727 2854 abduxerunt
2773 2809 2828 2855 et
2876 2817 3008 2855 cum
3059 2802 3132 2855 iis
3165 2817 3339 2872 quam
3375 2800 3720 2872 longissime

2077 2886 2369 2957 fugerunt.
2399 2888 2643 2943 Romani
2676 2891 2785 2945 sub
2818 2907 3085 2945 auroram
3122 2891 3272 2945 furto
3315 2890 3511 2961 agnito
3561 2906 3719 2959 quie-

2078 2979 2217 3029 runt
2246 2980 2513 3031 auctores
2543 2977 2698 3044 facti,
2734 2978 2802 3033 de
2827 2978 3012 3033 obviis
3046 2981 3456 3049 percontantes
3504 2976 3712 3048 ecquid

2076 3061 2287 3117 horum
2322 3072 2577 3118 nossent.
2611 3065 2720 3118 Sed
2753 3081 2966 3119 vanum
3001 3066 3219 3120 scilicet
3276 3064 3538 3119 studium
3587 3068 3712 3117 erat

2000 3178 2040 3244 α
2080 3150 2276 3205 indicii
2309 3152 2743 3224 testimoniique
2774 3154 3120 3224 corrogandi
3159 3171 3191 3208 a
3219 3152 3472 3208 consciis
3522 3153 3718 3205 furum

2079 3238 2137 3291 in
2172 3256 2309 3293 suos
2342 3238 2602 3310 ipsorum
2627 3240 2935 3312 populares
2965 3241 3290 3311 sociosque,
3342 3255 3593 3311 quorum
3625 3255 3718 3293 ra-

2077 3326 2385 3397 pacitatem
2418 3327 2572 3383 haud
2609 3331 2780 3399 paulo
2814 3328 3102 3383 imitaturi
3135 3328 3409 3382 libentius
3433 3343 3610 3398 quam
3633 3342 3722 3381 ac-

2076 3416 2334 3469 cusaturi
2366 3416 2723 3471 viderentur.
2760 3418 2959 3487 Itaque
2985 3417 3244 3487 prudens
3270 3415 3586 3471 consilium
3613 3415 3724 3469 fuit

2080 3519 2199 3557 rem
2224 3503 2395 3557 istam
2425 3521 2533 3557 non
2570 3505 2818 3559 nimium
2847 3520 3073 3575 urgere,
3094 3521 3165 3559 ne
3195 3504 3308 3559 ista
3349 3502 3719 3573 ipsainstan-

2062 3592 2161 3672 _tia
2190 3591 2416 3644 irritata
2447 3608 2585 3660 gens
2619 3592 2886 3661 barbara,
2931 3592 3249 3647 belluinam
3293 3593 3581 3647 feritatem
3613 3591 3720 3644 hu-

2081 3696 2255 3733 mana
2284 3678 2477 3732 celans
2496 3678 2705 3748 specie,
2739 3680 2907 3748 pejus
2939 3680 3161 3751 aliquid
3196 3679 3727 3749 t'unestiusquede-

2081 3767 2582 3838 signaret.'l‘amen
2617 3784 2687 3820 ne
2719 3768 2860 3836 quid
2905 3767 3255 3822 intentatum
3302 3767 3720 3836 relinquerent,

2082 3856 2459 3923 magistratus
2490 3854 2746 3909 locorum
2780 3854 3069 3922 adierunt,
3119 3860 3393 3925 rogantes
3435 3858 3499 3907 ut
3536 3869 3719 3923 equos

2083 3943 2191 3997 sibi
2228 3942 2455 3997 restitui
2485 3946 2777 4008 curarent,
2813 3941 2940 3996 sine
2989 3942 3205 4012 quibus
3251 3941 3594 3996 institutum
3643 3940 3716 3994 ad

2082 4046 2273 4100 regem
2308 4031 2566 4100 ipsorum
2600 4030 2707 4084 iter
2736 4028 3011 4100 perlicere
3044 4029 3372 4099 nequirent,
3404 4027 3619 4081 Verum
3648 4026 3719 4081 ab

2084 4118 2172 4173 bis
2206 4117 2325 4172 nihi
2361 4117 2517 4172 aliud
2542 4117 2840 4187 impetrari
2876 4116 3064 4189 potuit
3094 4116 3205 4171 nisi
3237 4120 3303 4172 ut
3350 4132 3532 4187 equos
3575 4115 3723 4185 ipsis

2084 4206 2338 4276 regionis
2370 4206 2518 4275 ejus,
2547 4205 2709 4260 nulla
2739 4211 2901 4276 parte
2932 4221 3064 4260 cum
3089 4204 3325 4258 amissis
3356 4202 3721 4274 comparabi-

2083 4292 2190 4358 les,
2223 4294 2513 4349 offerrent.
2547 4295 2680 4357 Quae
2731 4293 2992 4348 videntes
3045 4292 3230 4347 nostri
3281 4294 3352 4347 ad
3406 4290 3721 4345 consilium

2085 4382 2321 4437 tandem
2351 4382 2408 4436 in
2442 4398 2697 4453 proram,
2730 4383 2878 4438 855
2928 4382 3081 4451 quod
3115 4380 3302 4445 aiunt,
3340 4378 3723 4434 incumbendi

2087 4471 2534 4542 reﬂectendique
2566 4477 2716 4527 retro
2750 4471 2975 4525 itineris
3026 4468 3309 4539 compulsi
3352 4471 3509 4522 sunt.
3560 4466 3727 4521 Refe-

332 4560 540 4633 pedem
574 4559 773 4615 statim
798 4559 1032 4627 referre,
1063 4560 1421 4630 tandemque
1468 4560 1696 4632 imperii
1747 4560 1974 4627 honori,
2008 4550 2056 4611 D
2086 4564 2281 4614 rentes
2311 4575 2447 4630 ergo
2478 4561 2681 4629 pedem
2710 4575 2884 4629 quam
2918 4558 3172 4612 maxima
3193 4556 3495 4612 velocitate
3518 4554 3578 4608 in
3600 4558 3727 4609 tan-

331 4647 723 4719 imperatoriaa
753 4646 997 4716 virginis
1033 4646 1612 4718 dignitatisalutique
1644 4647 1978 4703 consulere?

330 4735 496 4791 Talia
517 4735 637 4790 illis
654 4734 1116 4790 deliberantibus
1136 4740 1191 4789 et
1208 4735 1398 4790 adhuc
1414 4737 1717 4791 sententia:
1739 4735 1976 4792 incertis

332 4822 668 4895 supervenit
700 4823 1027 4894 quidpiam,
1052 4839 1165 4893 quo
1198 4824 1565 4893 suspiciones
1590 4825 1647 4879 in
1677 4829 1895 4879 metum
1921 4830 1978 4880 et

336 4912 835 4984 exspectationem
865 4915 1235 4965 verterentur
1256 4916 1475 4966 certam
1498 4928 1672 4983 grave
1695 4914 1975 4984 quiddam

335 5006 397 5057 et
426 5000 652 5056 exitiale
684 4998 961 5071 patiendi,
996 4998 1045 5055 si
1088 5016 1258 5069 porro
1307 5006 1631 5071 pergerent,
1684 5002 1975 5072 siquidem

334 5088 537 5142 incola:
566 5087 821 5156 regionis
855 5102 955 5156 per
984 5090 1210 5140 turmas
1239 5088 1578 5142 accedentes
1620 5090 1975 5144 recedentes-

332 5174 575 5245 que,ubi
594 5174 856 5229 cominus
874 5178 1221 5244 aspexerant
1242 5173 1482 5230 minime
1498 5176 1973 5244 familiarivultu,

330 5277 402 5319 ac
435 5261 517 5316 sic
548 5261 803 5333 speciem
840 5262 1167 5333 praebentes
1209 5264 1472 5319 euntium
1510 5270 1977 5337 praeoccupatum

323 5349 563 5405 insidiis
596 5351 808 5418 locum,
845 5351 997 5405 unde
1043 5355 1217 5406 noctu
1268 5360 1645 5423 erumpentes
1692 5354 1975 5424 impetum

327 5440 593 5494 facerent
623 5438 683 5492 in
716 5438 1073 5509 peregrinos,
1119 5455 1371 5509 quorum
1421 5446 1531 5496 iter
1574 5442 1979 5513 explorassent

328 5530 390 5581 et
419 5541 599 5596 quam
630 5524 880 5580 multum
927 5528 1128 5596 prada:
1181 5528 1479 5583 traherent
1536 5530 1803 5600 praesenti
1844 5548 1978 5589 con-

331 5617 542 5686 spectu
574 5614 1001 5683 observassent,
1033 5614 1409 5673 formidinem
1442 5617 1658 5673 nostris
1707 5619 1976 5676 admove-

2084 4649 2159 4703 tis
2191 4648 2637 4703 difﬁcultatibus
2664 4647 2851 4713 licuit,
2889 4647 3199 4702 Achridam
3252 4661 3314 4699 se
3358 4648 3726 4714 receperunt,

2084 4736 2282 4806 ibique
2313 4742 2672 4806 resumptam
2707 4738 2924 4806 regiam
2947 4735 3229 4806 virginem
3250 4730 3727 4788 Thessalonicam

2084 4825 2463 4891 deducentes,
2495 4824 2632 4879 inde
2661 4824 2883 4879 omissa
2911 4824 3025 4893 iam
3057 4824 3216 4877 omni
3248 4819 3598 4892 cogitatione
3629 4819 3723 4874 in.

2086 4913 2275 4983 dignae
2304 4928 2368 4968 ac
2399 4911 2738 4984 perniciosas
2770 4912 3078 4967 afﬁnitatis
3109 4910 3181 4966 ad
3204 4910 3617 4982 imperatorem
3644 4923 3726 4963 re-

2085 5001 2342 5056 dierunt.

2082 5144 2136 5197 7.
2157 5144 2229 5199 De
2256 5144 2602 5215 Dz'rrhachz'o,
2636 5149 2686 5199 et
2718 5144 2785 5201 de
2816 5149 3128 5199 terra’motu
3161 5157 3265 5213 quo
3297 5142 3374 5196 est
3404 5139 3505 5195 illa
3532 5137 3728 5193 civitas

2788 5231 2997 5271 eversa.

2156 5358 2318 5413 Circa
2334 5358 2442 5414 hoc
2472 5363 2702 5429 tempus
2735 5363 2835 5412 aut
2865 5356 3037 5429 paulo
3063 5358 3195 5427 post
3211 5351 3457 5424 contigit
3480 5351 3722 5408 misera-

2085 5446 2222 5501 bilis
2252 5452 2309 5501 et
2337 5447 2598 5502 omnium
2632 5446 2809 5517 digna
2840 5445 3113 5517 lacrymis
3136 5441 3581 5515 Dyrrachiensis
3608 5439 3726 5495 cla-

2084 5534 2369 5602 des,hunc
2402 5535 2580 5588 ferme
2612 5534 2671 5587 in
2700 5534 2967 5588 modum.
2999 5537 3195 5586 Mense
3244 5530 3483 5584 ineunte
3515 5527 3724 5583 Martio

2084 5622 2282 5679 sonori
2312 5639 2344 5679 e
2373 5626 2526 5678 terra
2546 5621 2807 5693 fragores
2829 5621 3169 5676 increbuere
3190 5618 3249 5673 in
3270 5620 3584 5688 strepitum
3607 5614 3727 5672 fere
