4130 6270
460 350 563 404 807

1753 348 2051 403 GEORGII
2089 349 2549 403 PACHYMERE

3738 344 3836 400 808

451 472 563 527 νίου
593 474 692 548 γάρ
736 471 1018 532 ἐνστάντος
1056 470 1228 543 μηνὸς
1278 469 1564 540 ἀσυνήθεις
1622 469 1789 545 ψόφοι
1845 469 1944 535 τὴν
1994 474 2096 544 γῆν
2128 476 2175 539 Α
2209 470 2346 524 κατά
2372 489 2489 524 τινα
2516 468 2692 542 τύχην
2744 466 3107 537 ἐπιπεσούσης
3158 466 3337 538 ἄλλης
3383 462 3835 539 συνελαμϐάνετο.

453 560 740 635 ἐτάρασσον
771 564 1037 633 συνέχῶς,
1084 557 1174 620 οὖς
1208 556 1273 627 δὴ
1330 556 1604 634 βοασμοὺς
1650 556 1987 631 κοινολογῶν
2023 554 2097 611 εἷ’-

452 669 546 701 ποι
597 669 701 720 τις,
760 649 847 702 καὶ
890 645 1053 715 δῆλοι
1112 647 1247 714 ἦσαν
1279 646 1634 719 σημαίνοντες
1683 645 1831 699 ἐπιὸν
1875 644 2093 720 ἐγγύθεν

453 738 637 792 κακόν.
693 739 835 798 Μιᾶς
890 740 1013 811 γοῦν
1066 736 1275 807 ἡμέρας
1308 735 1394 789 καὶ
1429 736 1812 808 συνεχέστερον
1847 733 2093 807 ἐπήχουν

455 827 508 879 οἱ
537 826 723 898 κρότοι
755 825 844 879 καὶ
880 830 1062 895 μεῖζον
1097 823 1131 891 ἢ
1190 822 1475 896 πρότερονο
1532 825 1666 878 Τοῖδ
1702 824 1793 893 μὲν
1856 822 1943 875 οὗν
1998 818 2094 891 ἐμ-

452 918 688 967 πεσοῦσα
748 912 924 967 δειλία
979 910 1079 981 ἔξω
1124 932 1227 965 που
1274 916 1545 965 κατοικεῖν
1590 915 1687 964 τοῦ
1719 909 1902 971 ἄστεος
1950 908 2095 962 ἔπει-

453 1013 561 1073 θεν,
622 1001 696 1063 ὡς
756 1000 801 1054 εἷ
834 998 1002 1054 πλέον
1033 997 1254 1075 γένηται
1303 998 1664 1070 ἀλυξείουσιν.
1699 996 1878 1053 Ἀλλὰ
1906 996 1995 1066 νὺξ
2025 996 2090 1063 ἦν

452 1088 804 1163 ἐπιγινομένη
872 1093 987 1149 τοῖς
1047 1090 1331 1162 ἡμερινοῖς
1389 1086 1612 1148 ἐκείνοις
1670 1081 1946 1160 θορύϐοις,
2001 1084 2091 1139 καὶ

447 1179 671 1249 σεισμὸς
728 1176 985 1248 ἐμπίπτει
1060 1176 1225 1251 βαρὺς
1291 1175 1380 1230 καὶ
1438 1180 1542 1230 τῶν
1602 1172 2087 1248 μνημονευομένων

449 1266 668 1338 μείζων.
700 1267 802 1321 Ἦν
836 1263 882 1318 δ’
931 1264 1133 1325 ἐκεῖνος
1166 1262 1228 1317 οὐ
1259 1263 1486 1336 τρόμος,
1543 1263 1617 1324 ὡς
1676 1259 1736 1315 ἄν
1788 1283 1873 1324 τις
1923 1259 2088 1328 tinet,

437 1360 539 1429 γῆς
568 1354 792 1407 κατὰτὸ
852 1351 1073 1427 λέχριον
1127 1353 1480 1423 κινουμένης,
1537 1349 1681 1405 ἀλλᾶ
1738 1349 1874 1405 κατὰ
1924 1370 2090 1425 σφυγ-

439 1442 577 1512 μοὺς
633 1440 1011 1513 ἀνατιναγμὸς,
1065 1440 1138 1502 ὡς
1190 1438 1241 1494 ἐν
1301 1440 1490 1514 ἀκαρεῖ
1546 1442 1718 1493 πᾶσαν
1765 1440 1862 1507 τήν
1921 1436 2084 1492 πόλιν

436 1528 642 1598 ἐκείνην
723 1529 781 1583 ἐκ
856 1528 1121 1601 θεμελίων
1200 1528 1565 1602 ἀνατραπῆναι
1624 1526 1712 1580 καὶ
1773 1532 1947 1581 πεσεῖν
2007 1526 2085 1588 εἰς

431 1615 722 1690 τοῦδαφος.
782 1618 935 1674 Οἷκοι
970 1615 1019 1670 δ’
1047 1617 1241 1670 ἐκεῖνοι
1291 1616 1379 1670 καὶ
1432 1617 1742 1675 ἀναστάσεις
1772 1615 2084 1686 κτισμάτων

441 1703 580 1777 μηδὲ
634 1706 697 1759 τὸ
754 1704 932 1778 βραχὺ
976 1704 1322 1778 ἀντισχόντες
1369 1700 1669 1757 ἐνεδίδοσαν
1724 1702 1813 1756 καὶ
1852 1703 2079 1756 κατέπι-

2207 558 2306 614 Καὶ
2366 558 2435 625 ἦν
2484 557 2676 629 ἀθρόον
2714 558 2809 627 μὶν
2848 557 2910 611 τὸ
2963 554 3153 629 δεινὸν,
3204 554 3463 631 δυσχερὲς
3510 554 3568 610 δὲ
3618 555 3654 624 ἢ
3708 555 3836 611 ὥστε

2202 646 2323 699 τινὰ
2352 644 2585 721 φυγόντα
2616 646 2896 712 σώζεσθαι.
2933 643 3171 705 Πολλοῖς
3202 643 3259 698 δὲ
3303 644 3393 697 καὶ
3443 640 3568 716 ὄναρ
3620 640 3831 715 ἐπέστη,

2203 734 2255 787 οἳ
2285 735 2370 787 καὶ
2405 732 2531 807 πρὶν
2581 733 2766 804 μαθεῖν
2807 733 2870 787 τὸ
2919 727 3125 803 συμϐὰν
3177 731 3277 786 οὐκ
3326 730 3553 807 ἔφθανον
3600 730 3834 785 ἀπολλύ-

2205 842 2373 893 μενοι.
2408 817 2672 892 Παιδάρια
2704 818 2761 874 δὲ
2805 818 2896 873 καὶ
2952 818 3122 896 βρέφη
3161 817 3289 891 μηδ’
3319 814 3499 893 ἔχοντ’
3532 818 3729 873 εἰδέναι
3777 820 3831 874 τὸ

2198 907 2445 983 χαλεπὸν
2501 913 2616 969 τοῖς
2683 908 2942 982 ἐρειπίοις
3001 908 3505 983 συγκατεπνίγοντο.
3573 910 3835 969 Τοσοῦτος

2198 994 2243 1051 δ’
2272 998 2338 1065 ἦν
2372 997 2400 1050 '6
2432 996 2685 1073 ἐξαίφνης
2721 994 2925 1056 κτύπος
2972 995 3062 1049 καὶ
3111 991 3361 1070 θόρυϐος,
3416 995 3554 1050 ὥστε
3600 994 3693 1049 καὶ
3740 1003 3834 1064 τῆς

2197 1083 2472 1153 θαλάσσης
2515 1079 2995 1156 ἀναϐρασσομένης
3061 1078 3249 1156 ἔξωθεν
3299 1083 3431 1145 τοὺς
3488 1083 3835 1158 περιγεγονό-

2192 1194 2287 1237 τας
2320 1175 2592 1245 ὑπονοεῖν,
2625 1173 2732 1247 οὐχ
2763 1173 2911 1235 ὅπως
2944 1173 3122 1247 ἀρχὴν
3166 1171 3375 1227 ὠδίνων
3417 1176 3502 1247 [Ρ.
3533 1175 3663 1246 243]
3696 1174 3833 1227 ἐκεῖ·

2190 1282 2276 1331 να,
2310 1261 2455 1317 ἀλλὰ
2483 1262 2571 1317 καὶ
2600 1262 2768 1330 αὐτὴν
2798 1265 2893 1316 τοῦ
2922 1261 3132 1334 κόσμου
3166 1261 3447 1331 ἐπιστῆναι
3486 1260 3821 1316 συντέλειαν·

2190 1355 2269 1421 τῷ
2296 1350 2397 1425 γὰρ
2427 1347 2865 1425 παραθαλασσίαν
2923 1351 3015 1422 μὲν
3064 1350 3163 1417 τήν
3211 1349 3375 1405 πόλιν
3423 1350 3630 1419 ἐκείνην
3676 1351 3827 1418 εἶναι,

2190 1435 2361 1492 δεινὸν
2395 1435 2451 1491 δὲ
2493 1439 2583 1492 καὶ
2611 1438 2871 1511 τιναγμὸν
2902 1437 3154 1509 ἐμπεσεῖν
3186 1437 3456 1514 ἐξαίφνης,
3514 1439 3679 1492 τόσου
3735 1440 3824 1509 μὲν

2187 1521 2421 1599 θορύϐου
2450 1526 2746 1600 γεγονότος
2791 1526 3113 1599 ἀνθρώπων,
3163 1525 3326 1580 τόσου
3376 1524 3433 1580 δὲ
3474 1525 3683 1580 κτύπου
3715 1525 3825 1579 ἐπι-

2185 1613 2631 1668 καταπιπτόντων
2685 1612 2959 1682 ἀλληλοις
2985 1617 3092 1667 τῶν
3126 1612 3467 1685 οἰκημάτων,
3524 1615 3576 1667 οἱ
3636 1610 3824 1683 ἔξωθεν

2185 1701 2488 1772 εὑρεθέντες
2547 1702 2813 1774 μειζόνως
2878 1701 3313 1765 κατασεισθέντες
3367 1702 3461 1763 τὰς
3512 1702 3675 1763 ἀκοὰς
3732 1702 3824 1755 οὐ-

434 1814 588 1862 πτον,
622 1787 1227 1864 ἐναπολαμϐανομενων
1253 1792 1399 1852 ἐντὸς
1426 1795 1533 1845 τῶν
1566 1788 1888 1864 ἀνθρώπων,
1914 1787 2078 1862 μηδε-
2105 1820 2150 1884 Β
2182 1786 2266 1843 δὲν
2326 1790 2474 1864 εἶχον
2506 1791 2751 1844 ὑπονοεῖν
2799 1785 2983 1863 ἕτερον
3035 1790 3070 1858 ἢ
3127 1790 3223 1845 τοῦ
3271 1791 3483 1863 κόσμου
3512 1790 3714 1851 παντὸς
3743 1789 3821 1859 ἐξ·

430 1882 520 1944 νὸς
572 1878 796 1955 ἔχοντος
858 1879 966 1950 ὅπη
1001 1879 1187 1957 φύγοι.
1219 1880 1295 1936 Τὸ
1341 1879 1441 1955 γὰρ
1470 1882 1578 1934 τῶν
1609 1876 2071 1951 οἰκοδομημάτων

434 1970 655 2043 συνεχὲς
684 1972 750 2042 τῇ
782 1967 995 2022 ἐκείνων
1029 1973 1174 2045 φυγῇ
1215 1967 1564 2043 προσίστατο,
1614 1968 1703 2021 καὶ
1755 1964 1952 2038 πολλῷ
2005 1969 2070 2035 ἦν

433 2056 559 2132 ῥᾷον
593 2057 742 2117 ἐντὸς
775 2056 960 2110 οῗκιῶν
993 2057 1027 2126 ἢ
1072 2055 1307 2127 ἐξιόντας
1360 2055 1645 2124 σώζεσθαι,
1694 2052 1841 2123 πλὴν
1889 2052 2075 2108 κάκεί-

428 2166 536 2199 νων
566 2148 838 2207 σωθεισῶν
872 2144 930 2198 ἐκ
973 2144 1191 2218 μέρους·
1247 2140 1371 2197 οὐδὲ
1420 2143 1523 2218 γὰρ
1554 2143 1619 2210 ἦν
1649 2141 1771 2211 ἥτις
1803 2142 1893 2196 καὶ
1939 2140 2074 2196 κατᾶ

426 2233 487 2287 τὸ
536 2233 783 2308 ἀκέραιον
846 2230 1134 2306 διεγένετο.
1194 2230 1375 2301 Ἀλλη
1429 2230 1530 2306 γὰρ
1591 2230 1673 2284 ἐπ⁴
1723 2228 1868 2299 ἄλλη
1922 2231 2071 2283 συνέ-

428 2341 614 2390 πιπτε,
657 2320 746 2375 καὶ
779 2321 806 2375 ὁ
838 2320 1038 2391 ταύτης
1070 2318 1343 2390 πεσούσης
1389 2318 1481 2373 τὸν
1532 2315 1775 2373 κίνδυνον
1828 2314 2073 2393 ἀποδρὰς

433 2535 799 2602 continuum;
822 2533 1022 2605 quales
1054 2535 1325 2591 boasmos
1344 2534 1462 2589 sive
1495 2535 1703 2589 beatus
1734 2548 1868 2588 cum
1898 2530 2074 2603 vulgo

431 2622 679 2693 loquens
710 2624 841 2693 quis
873 2622 1102 2677 dixerit.
1138 2623 1204 2677 Hi
1239 2622 1514 2676 nimirum
1557 2621 1709 2677 clare
1757 2620 2074 2675 denuntia-

431 2712 575 2767 bant
602 2711 919 2766 imminens
954 2710 1349 2766 malum.Cum
1382 2710 1466 2765 sic
1481 2709 1824 2781 aliquandiu
1850 2708 2075 2763 inferne

428 2799 738 2871 tonuisset,
764 2804 1002 2871 repente
1033 2800 1125 2855 die
1157 2800 1410 2870 quadam
1435 2800 1666 2854 acutius
1694 2802 1752 2853 et
1774 2796 2072 2853 continen-

421 2889 865 2945 tiusinsonuere
896 2895 1079 2960 empta
1110 2890 1510 2960 tonitrua,quo
1534 2904 1731 2944 eorum
1755 2890 2070 2957 augmento

428 2977 569 3032 moti
601 2978 836 3049 quidam
874 2978 934 3032 in
969 2978 1338 3033 formidinem
1362 2976 1643 3032 acriorem
1668 2975 1837 3030 tectis
1878 2989 2070 3029 exces-

424 3072 648 3134 serunt,
682 3066 999 3121 diversorio
1031 3070 1190 3120 extra
1224 3066 1427 3119 urbem
1463 3062 1722 3133 quaesito,
1749 3066 1814 3117 ut
1845 3061 1893 3117 si
1926 3061 2064 3132 quid

2179 1876 2447 1954 αφάνισιν.
2509 1879 2625 1933 Ἐπ’
2684 1877 2783 1932 ούκ
2829 1875 3017 1951 ὀλίγον
3069 1879 3160 1932 οὗν
3217 1883 3314 1933 τοῦ
3365 1883 3589 1951 σεισμοῦ
3618 1881 3820 1952 κρατή-

2181 1986 2388 2035 σαντος,
2447 1966 2521 2026 ὡς
2552 1963 2718 2038 μηδὲν
2758 1966 2926 2030 ἐστὼς
2968 1964 3476 2043 ἐγκαταλειφθῆναι,
3542 1964 3690 2022 ἀλλὰ
3718 1973 3819 2021 πᾶν

2178 2057 2240 2110 τὸ
2298 2056 2446 2118 ἐντὸς
2503 2061 2818 2111 καταπεσεῖν
2872 2057 2963 2111 καὶ
3016 2055 3145 2120 τοὺς
3202 2056 3517 2129 ἀνθρώπους
3561 2075 3819 2129 συγκαταο

2180 2146 2378 2217 χῶσαι,
2429 2142 2574 2216 παρὰ
2607 2141 2778 2215 μόνην
2811 2142 2978 2210 αύτήν
3008 2145 3107 2211 τήν
3141 2141 3440 2217 ἀκρόπολιν
3495 2140 3698 2215 (ἐκείνη
3725 2141 3817 2215 γὰρ

2179 2230 2268 2284 καὶ
2298 2228 2525 2304 ἀντέσχε
2554 2230 2644 2284 καὶ
2676 2229 2784 2305 οὐχ
2836 2233 3077 2301 ὑπήκουε
3120 2235 3200 2301 τῷ
3230 2233 3479 2303 σεισμῷ),
3528 2230 3741 2303 ἡμέρας
3769 2227 3821 2284 δὲ

2181 2316 2437 2392 φανείσης
2488 2319 2871 2394 συντρέχουσιν
2922 2320 2975 2374 οἱ
3027 2318 3296 2394 περίοικοι
3355 2319 3468 2392 ἅμα
3520 2315 3817 2391 μακέλλαις

2184 2532 2430 2589 dissima
2457 2549 2585 2588 sors
2616 2532 3029 2605 plerorumque
3042 2533 3223 2589 videri
3246 2532 3677 2605 potuerit,quos
3691 2534 3816 2588 dor-

2185 2621 2453 2689 mientes,
2487 2620 2644 2677 velut
2674 2623 2839 2678 triste
2871 2623 3187 2689 somnium,
3217 2639 3375 2677 mors
3407 2619 3815 2677 invasitzlucri-

2182 2707 2444 2765 fecerunt
2468 2710 2621 2765 enim
2652 2711 2960 2782 angustias
2990 2712 3355 2782 praecessuri,
3388 2710 3438 2766 si
3490 2710 3813 2782 vigilarent,

2179 2797 2366 2853 fatum
2400 2803 2722 2855 extremum
2758 2803 2946 2855 metus
2996 2804 3052 2855 et
3095 2800 3519 2871 desperationis
3567 2799 3809 2855 saevissi-

2180 2900 2308 2939 mos
2342 2885 2628 2954 horrores,
2670 2887 2767 2957 qui
2799 2887 3128 2943 calamitate
3158 2886 3479 2958 improvisa
3510 2887 3658 2943 citra
3685 2902 3815 2941 sen-

2176 2989 2309 3027 sum
2341 2973 2537 3029 hausti
2569 2991 2698 3030 sese
2729 2976 2917 3047 perire
2948 2975 3299 3031 nescierunt.
3333 2978 3470 3039 Quae
3530 2974 3819 3047 praecipua

2177 3061 2421 3117 felicitas
2444 3062 2783 3118 lactentium
2799 3067 2899 3119 aut
2915 3066 3173 3120 nondum
3195 3081 3296 3134 per
3316 3069 3544 3119 aetatem
3571 3062 3812 3119 rationis

423 3153 559 3209 inde
592 3154 880 3209 funestius
912 3152 1486 3223 ingrueret,salutem
1518 3151 1575 3205 in
1609 3155 1735 3205 tuto
1759 3150 2059 3205 haberent.
2094 3167 2135 3233 ς
2180 3155 2515 3221 compotum
2549 3152 2924 3222 puerulorum
2959 3152 3089 3207 fuit.
3121 3154 3291 3207 Tales
3312 3153 3466 3209 enim
3496 3152 3668 3206 obriti
3695 3151 3812 3206 suf-

420 3242 599 3297 Nocte
632 3258 800 3313 porro
831 3239 1274 3312 superveniente
1305 3239 1532 3295 diurnis
1574 3238 1917 3309 hujusmodi
1966 3242 2060 3293 tuo

424 3330 709 3387 multibus
739 3333 1103 3383 terreamotus
1138 3326 1341 3382 incidit
1380 3327 1571 3398 gravis
1602 3333 1659 3381 et
1690 3326 1963 3381 omnibus
1994 3326 2063 3380 de

421 3419 638 3488 quibus
663 3422 752 3471 est
774 3416 948 3470 fando
982 3416 1247 3471 auditum
1272 3414 1818 3470 vehementior.Non
1842 3415 1997 3469 enim
2015 3414 2063 3469 is

424 3510 775 3560 erattremor
791 3505 957 3575 quasi
980 3504 1110 3575 quis
1135 3504 1345 3559 dixerit
1366 3508 1529 3558 terra;
1552 3503 1610 3558 in
1635 3503 1935 3573 obliquum
1952 3520 2029 3557 nu
2050 3533 2059 3542 -

419 3593 622 3661 tantis,
656 3594 753 3648 sed
789 3593 1120 3663 reciprocus
1139 3591 1874 3663 validissimusimpulsus,
1908 3606 2061 3645 nunc

413 3682 575 3737 velut
606 3681 1004 3736 contrahentis
1036 3697 1184 3749 sese,
1220 3697 1375 3737 nunc
1404 3681 1623 3751 impetu
1666 3679 1958 3735 contrario
1998 3695 2060 3733 se

417 3768 718 3824 dilatantis
743 3774 798 3823 et
820 3768 1107 3839 ejicientis
1140 3768 1268 3824 soli.
1295 3769 1416 3831 Quo
1440 3784 1507 3822 ex
1532 3771 1753 3823 alterno
1776 3782 2060 3822 succussu

422 3857 661 3929 contigit
689 3858 1019 3913 universam
1051 3856 1212 3913 illam
1245 3861 1541 3912 momento
1582 3873 1616 3912 a
1662 3855 2061 3911 fundamentis

421 3947 598 4001 everti
631 3947 1052 4017 concidereque
1084 3946 1404 4002 civitatem.
1445 3945 1667 4000 Domus
1697 3943 1877 4010 enim,
1911 3960 2058 4015 quas,

424 4032 585 4088 illam
618 4034 965 4099 conﬂabant,
999 4038 1057 4088 et
1101 4033 1202 4089 illa
1232 4034 1535 4104 quantavis
1558 4037 1852 4089 exstructa
1876 4031 2060 4087 ﬁrmi-

416 4125 476 4176 tu
489 4122 623 4178 dine
637 4126 1101 4193 exaggerataque
1115 4122 1540 4186 aadiﬁeia,haud
1561 4120 1722 4192 paria
1736 4120 2060 4176 resistendo

413 4215 708 4281 prostrata
730 4209 1272 4280 sunt,deprehensis
1298 4210 1458 4265 intus
1487 4209 1827 4265 hominibus
1850 4209 2062 4265 misere

416 4298 736 4369 Oppressis,
780 4296 1014 4352 nemine
1042 4314 1156 4368 quo
1190 4302 1291 4353 aut
1323 4314 1439 4367 qua
1467 4297 1743 4368 effugeret
1785 4297 2056 4353 habente.

419 4386 565 4442 Nam
580 4385 1026 4456 erumpentibus
1042 4401 1069 4439 e
1093 4384 1327 4457 proprio
1343 4384 1637 4440 domicilio
1652 4385 1931 4440 domuum
1954 4401 2058 4439 un-

416 4474 594 4546 dique
615 4473 796 4529 aliaru
814 4491 861 4527 :n
882 4473 1061 4528 ruinae
1076 4473 2058 4544 occurrebant,utsperabilior356

418 4563 574 4617 salus
609 4563 714 4617 sub
739 4567 888 4617 tecto
920 4563 1297 4618 manentibus
1329 4579 1501 4633 quam
1528 4561 1954 4633 prodeuntibus
1981 4562 2055 4616 vi-

416 4651 670 4705 deretur.
698 4650 807 4705 Sed
843 4654 897 4705 et
928 4650 975 4704 si
1011 4667 1125 4721 qua
1156 4668 1291 4721 pars
1315 4651 1593 4706 domuum
1628 4656 1792 4706 terrae
1814 4650 2055 4706 assulti-

415 4740 527 4794 bus
552 4739 864 4794 obsisteret
886 4738 1071 4809 (nulla
1094 4745 1286 4793 autem
1309 4739 1417 4794 fuit
1438 4741 1650 4795 domus
1673 4756 1796 4809 quae
1815 4756 1929 4795 non
1947 4739 2056 4794 sal-

413 4830 533 4882 tem
565 4842 633 4881 ex
666 4831 826 4898 parte
857 4826 929 4881 iis
961 4826 1409 4898 dejiceretur),si
1441 4827 2057 4898 cujus,inquam,zedi-

415 4915 529 4970 ﬁcii
568 4914 896 4970 membrum
958 4915 1186 4970 firmius
1245 4932 1359 4971 non
1418 4914 1862 4971 labefactaretur
1918 4932 2055 4971 con-

418 5020 596 5059 cussu
631 5008 818 5071 terras,
852 5020 1103 5075 superne
1134 5009 1328 5059 tamen
1374 5004 1746 5059 obterebatur
1785 5004 2057 5061 altiorum

417 5093 478 5147 in
512 5092 721 5148 vicinia
753 5109 1055 5148 murorum
1088 5110 1249 5148 casu.
1280 5093 1406 5147 Alia
1434 5093 1647 5165 quippe
1679 5111 1854 5164 super
1883 5095 2057 5151 aliam

418 5182 678 5236 cadendo
711 5180 1125 5236 cumulabatur
1159 5181 1480 5249 domus,ita
1511 5186 1577 5236 ut
1597 5182 1832 5252 siquem
1858 5182 1915 5237 in
1939 5186 2059 5253 pri-

419 5270 911 5326 masuccussione
929 5270 1164 5324 fortuna
1187 5270 1781 5340 servassetquaedam,
1807 5288 1919 5326 non
1936 5275 2056 5327 lon-

417 5374 557 5430 gum
591 5359 648 5413 id
683 5356 1032 5413 beneﬁcium
1065 5356 1387 5412 esset:alia
1416 5358 1569 5412 enim
1593 5360 2062 5431 moxsuperinci-

420 5446 565 5501 dens
599 5449 811 5505 domus
840 5444 1084 5501 exitium
1120 5444 1575 5500 frustraservato
1590 5448 2061 5516 repraesentabat.

418 5535 603 5600 Quam
634 5551 770 5605 ergo
803 5534 1067 5603 subitum
1099 5550 1164 5588 ac
1195 5532 1657 5602 vehemens,tam
1690 5534 2064 5595 ineluctabile

420 5621 545 5678 ulla
568 5622 642 5687 vi,
676 5621 798 5677 ulla
827 5622 967 5694 fuga
994 5620 1231 5678 vitabile
1262 5621 1484 5678 malum
1529 5626 1673 5692 erat,
1706 5627 1773 5680 ut
1801 5641 2064 5684 commo-

2089 4524 2136 4588 D

2175 3239 2418 3294 focative
2450 3256 2625 3294 unam
2657 3241 3108 3311 experiebantur
3139 3240 3434 3296 miseriam
3481 3255 3810 3311 corporum,

2168 3325 2327 3381 nullo
2362 3328 2568 3398 praevio
2599 3329 3001 3383 exaeerbatam
3032 3345 3246 3400 angore
3279 3330 3633 3383 animorum.
3661 3328 3815 3383 Inter

2168 3415 2292 3472 haec
2313 3433 2444 3471 cum
2469 3417 2539 3471 ad
2579 3418 2833 3472 sonitum
2866 3418 3159 3473 ruentium
3217 3421 3526 3484 tectorum,
3590 3417 3661 3472 ad
3695 3416 3811 3471 cla-

2169 3521 2358 3560 mores
2389 3510 2445 3559 et
2473 3505 2729 3576 gemitus
2761 3506 3137 3577 pereuntium
3166 3505 3477 3561 hominum
3510 3505 3813 3560 accederet

2168 3591 2465 3647 horribilis
2524 3593 2789 3648 fremitus
2851 3593 3084 3649 insolito
3137 3609 3369 3665 quoque
3428 3593 3604 3648 simul
3665 3597 3805 3648 metu

2167 3681 2594 3736 effervescentis
2628 3682 2829 3752 maris,
2884 3682 2982 3753 qui
3043 3682 3233 3737 adhuc
3283 3686 3629 3753 supererant
3686 3681 3804 3737 haec

2166 3772 2286 3824 tam
2302 3768 2584 3824 atrocium
2618 3769 2787 3826 initia
2803 3770 3068 3826 dolorum
3094 3788 3209 3826 non
3234 3770 3333 3825 uni
3357 3770 3666 3843 quantovis
3685 3769 3803 3826 usi-

2164 3860 2284 3911 tato
2335 3857 2655 3913 infortunio
2718 3875 2913 3914 rerum
2963 3859 3382 3929 humanarum,
3433 3860 3533 3915 sed
3587 3859 3804 3914 ultima

2166 3946 2657 4001 consummationi
2682 3951 2903 4002 naturae
2918 3964 2983 4002 ac
2999 3947 3198 4002 mundi
3219 3945 3809 4019 universipraeludere

2166 4033 2478 4105 putabant.
2511 4033 2652 4089 Cum
2687 4034 2841 4090 enim
2886 4035 2957 4090 ad
2990 4052 3150 4090 mare
3199 4034 3625 4091 tumultuosius
3684 4041 3807 4091 tum

2166 4139 2345 4193 quam
2376 4108 2547 4178 antea
2577 4140 2835 4193 unquam
2872 4123 3270 4180 intumescens
3300 4125 3411 4180 sita
3428 4124 3809 4197 Dyrrachien-

2166 4214 2248 4270 sis
2280 4218 2422 4269 urbs
2453 4218 2629 4279 esset,
2655 4230 2907 4285 cumque
2962 4232 3033 4271 ex
3089 4215 3254 4271 urbis
3314 4218 3597 4273 universae
3655 4215 3811 4273 varia

2163 4302 2357 4369 ruina,
2386 4318 2454 4358 ex
2485 4300 2789 4357 collisione
2819 4304 3175 4359 caduearum
3206 4303 3473 4372 molium,
3505 4320 3574 4360 ex
3618 4304 3809 4375 ejula-

2165 4389 2324 4445 tibus
2356 4395 2861 4446 consternatorum
2911 4397 3013 4447 aut
3063 4384 3439 4449 morientium
3488 4398 3807 4449 concentus

2167 4477 2437 4533 horriﬁce
2464 4477 2677 4534 mistus
2725 4478 3080 4536 immanium
3139 4497 3419 4536 sonorum
3476 4481 3807 4553 fragorum-

2167 4580 2278 4634 que
2309 4581 2499 4619 aerem
2532 4565 2872 4636 compleret,
2909 4568 3008 4638 qui
3035 4572 3194 4622 extra
3236 4568 3659 4640 Dyrrhachium
3708 4568 3809 4625 illa

2168 4660 2336 4710 nocte
2368 4656 2625 4724 fuerunt,
2656 4656 3007 4727 accipientes
3037 4658 3300 4713 attonitis
3323 4658 3566 4714 auribus
3594 4656 3811 4714 tumul-

2166 4743 2572 4801 tu0sissimam
2606 4745 2775 4799 istam
2809 4745 3211 4802 confusionem
3264 4763 3470 4803 vocum
3494 4751 3551 4802 et
3605 4746 3811 4819 strepi-

2166 4834 2333 4886 tuum
2366 4830 2978 4903 horribilissimorum,
3011 4833 3157 4889 nihil
3189 4851 3331 4890 sane
3371 4835 3660 4906 suspicari
3702 4836 3810 4891 mi-

2167 4918 2287 4973 tius
2310 4925 2572 4989 poleranl
2593 4936 2769 4989 quam
2788 4921 3095 4976 advenisse
3114 4921 3288 4977 ﬁnem
3311 4923 3459 4979 857
3481 4928 3809 4978 extremum

2172 5022 2363 5061 rerum
2396 5006 2788 5063 humanarum
2813 5013 2869 5064 et
2893 5009 3125 5066 fatalem
3158 5010 3285 5066 caeli
3308 5028 3375 5067 ac
3394 5016 3561 5067 terrea
3583 5012 3809 5068 destru-

2173 5093 2350 5150 ctioni
2372 5094 2669 5151 diem.Hac
2692 5096 2965 5153 violentia
2987 5113 3090 5169 per
3115 5099 3373 5169 spatium
3394 5099 3675 5171 temporis
3695 5115 3807 5155 non

2171 5183 2446 5256 exiguum
2475 5189 2778 5255 grassatus
2809 5185 2868 5241 in
2921 5187 3063 5243 urbe
3110 5193 3477 5244 terrwmotus
3536 5188 3683 5243 nihil
3729 5186 3809 5243 ibi

2164 5274 2283 5345 jam
2314 5272 2372 5327 in
2405 5273 2557 5343 quod
2583 5290 2823 5347 pergere
2841 5276 3041 5331 saevire
3080 5275 3371 5349 reliquum
3392 5278 3638 5346 fecerat;
3665 5295 3807 5350 prae-

2169 5365 2258 5415 ter
2288 5376 2502 5427 arcem,
2536 5377 2662 5432 qua:
2695 5380 2810 5418 una
2841 5363 3025 5420 illaesa
3083 5366 3267 5436 stetit,
3326 5366 3522 5421 omnia
3565 5364 3809 5420 aedificia

2172 5449 2435 5521 collapsa
2464 5467 2666 5508 omnes
2697 5452 2755 5507 in
2788 5452 2860 5509 iis
2901 5458 3162 5525 repertos
3197 5453 3464 5510 homines
3509 5452 3811 5510 communi

2174 5540 2444 5613 sepulcro
2476 5542 2933 5600 tumulaverant.
2957 5545 3097 5600 Eam
3128 5545 3408 5617 tragicam
3441 5544 3544 5600 ubi
3573 5543 3686 5600 late
3714 5559 3806 5599 os-

2172 5629 2368 5687 tendit
2384 5629 2569 5688 oculis
2587 5632 2839 5704 speciem
2857 5637 3019 5690 ortus
3045 5632 3182 5705 diei,
3205 5650 3329 5706 quas
3354 5637 3473 5690 tam
3496 5632 3683 5690 diram
3696 5629 3809 5688 exi-
