4110 6280
253 356 362 411 809

1330 350 1428 403 DE
1463 342 1834 402 MICHAELB
1870 335 2294 394 PALEOLOGO
2331 336 2461 391 LIB.
2496 338 2567 391 V.

3538 329 3647 385 810

239 500 301 535 τε
332 479 425 534 καὶ
458 475 741 540 δικέλλαις
783 475 872 532 καὶ
928 495 1088 530 παντι
1144 476 1223 543 τῷ
1275 468 1643 545 προστυχόντι
1680 464 1892 539 ὀργανῳ
1923 463 1977 530 Α
2006 458 2128 530 λος,
2177 452 2407 545 ἔκπαλαι
2458 458 2547 512 τὸν
2599 456 2793 534 Μαφρὲ
2832 453 3361 545 καταγωνισάμενος,
3392 452 3444 508 ἐν
3488 450 3642 527 ἀκμῇ

241 569 383 643 πρὸς
434 565 632 641 ὀρυγήν
690 566 995 639 χρώμενοι,
1054 562 1146 615 καὶ
1203 558 1599 631 προσπεσόντες
1628 548 1888 627 ὤρυττον,

235 654 333 711 ’ίνα
362 658 489 731 γοῦν
521 651 611 708 καί
655 673 767 707 τισι
798 649 1173 723 ταλαιπώροις
1224 642 1305 702 ἔτι
1359 650 1518 715 ζῶσιν
1556 640 1887 713 ἀπαμύναιεν

242 749 340 799 τοῦ
366 740 639 814 κινδύνου,
667 742 729 795 τὸ
762 738 819 793 δὲ
848 737 1015 793 πλέον
1069 738 1141 798 ὡς
1188 735 1248 789 ἂν
1300 736 1388 789 καὶ
1420 732 1660 787 πλοῦτον
1694 747 1892 782 παντο-

251 830 419 888 δαπὸν
481 830 876 908 ἐκφορήσαντες
954 831 1070 887 τοῖς
1148 822 1408 899 ἐρειπίοις
1463 814 1896 879 κατασπασθέντα

252 916 512 980 λαϐόντες
560 912 737 992 ἔχοιεν
767 936 779 948 ’
824 916 948 970 τότε
1004 914 1103 987 γὰρ
1156 917 1279 973 τοῖς
1335 911 1617 985 πράγμασι
1666 909 1771 961 τῶν
1799 924 1896 957 πε-

253 1009 457 1064 σόντων
487 991 675 1060 καὶνῗοί
723 1002 1063 1078 κληρονόμοι
1105 996 1552 1074 συγκατεδύοντο,
1583 993 1671 1049 καὶ
1705 994 1731 1047 6
1762 991 1896 1065 λαγ-

254 1099 444 1172 χάνειν
474 1094 569 1156 τὰς
599 1090 827 1163 ἐξούλης
874 1088 1024 1150 δίκας
1074 1088 1298 1149 ἐκείνοις
1350 1084 1448 1140 οὐκ
1490 1085 1579 1153 ἧν.
1614 1084 1728 1158 Ἐφ’
1756 1078 1893 1153 ἡμέ-

252 1170 374 1260 ραις
404 1181 496 1238 οῦν
530 1184 665 1235 ἅπαν
714 1181 775 1234 τὸ
819 1178 1044 1253 γεγονὸς
1107 1176 1181 1237 εἷς
1241 1172 1435 1250 ἔδαφος
1466 1170 1892 1243 κατασκάψαντες

248 1257 340 1328 καὶ
399 1274 636 1347 χρυσοῦν
698 1268 1001 1340 ἀμήσαντες
1060 1266 1215 1339 θέρος
1275 1257 1536 1319 Ἀλϐανοί
1592 1281 1649 1314 τε
1704 1259 1791 1311 καὶ
1837 1257 1893 1310 o't

246 1342 542 1435 περίοικοι,
574 1356 648 1418 ὡς
687 1353 850 1429 ἄμαις
901 1355 1180 1429 χρώμενοι
1227 1356 1345 1411 ταῖς
1407 1346 1704 1416 δικέλλαις,
1732 1342 1893 1405 τέλος

244 1434 454 1522 ἔρημον
490 1446 673 1523 ἀφιᾶσι
703 1445 801 1514 τήν
834 1463 967 1496 ποτε
996 1440 1157 1495 πόλιν
1205 1438 1439 1507 ἐκείνην,
1474 1434 1888 1523 γνωριζομένην

244 1536 498 1609 σημείοις
547 1532 685 1588 τισὶν
740 1528 1035 1605 ἀμυδροῖς,
1087 1530 1138 1583 ἐν
1194 1525 1312 1581 οὖσι
1353 1522 1791 1597 καταλεγομένην
1830 1520 1890 1575 οὐ

240 1631 325 1697 τῷ
357 1625 508 1688 εἶναι,
560 1619 705 1676 ἀλλᾶ
752 1620 899 1692 μόνῳ
949 1622 1030 1689 τῷ
1082 1617 1460 1688 ὀνομάζεσθαι.
1492 1615 1554 1669 Ὀ
1605 1609 1652 1665 δ’
1681 1609 1890 1679 ἐκεινης

247 1710 537 1788 ἀρχιερεὺς
596 1710 831 1779 Νικήτας
887 1706 1126 1779 εὑρεθεὶς
1182 1705 1423 1763 κάκεῖνος
1480 1705 1558 1771 τῷ
1608 1699 1752 1766 τότε,
1800 1698 1889 1751 καὶ

2004 547 2070 615 ἦν
2129 544 2234 600 τῶν
2290 546 2410 608 καθ’
2468 545 2629 600 αὑτὸν
2702 544 3054 618 πραγμάτων,
3124 542 3213 596 καὶ
3280 545 3412 595 νεῶν
3470 560 3642 614 παρα-

2006 639 2222 694 σκευαῖς
2272 631 2541 686 πλείστων
2589 629 2972 705 ἐμεγαλύνετο,
3033 626 3327 685 ἔκσπονδος
3372 625 3447 682 ὣν
3486 629 3647 704 βασι-

2004 721 2092 777 λεῖ
2120 722 2185 775 τὰ
2238 722 2468 776 πλεῖστα
2527 720 2609 775 ἐπ’
2666 719 2865 783 αἰτίαις
2918 723 3025 774 τῶν
3085 716 3422 775 Βαλδουΐνου
3450 716 3646 772 συναλ-

2005 808 2318 885 λαγμάτων,
2352 810 2426 871 ὡς
2456 807 2692 862 ἐντεῦθεν
2725 807 2812 862 ἐπὶ
2855 810 2923 881 τῇ
2975 804 3133 861 πόλει
3166 803 3368 860 οἷέσθαι
3403 803 3643 860 δικαιοῦ-

2003 909 2144 960 σθαι.
2194 895 2559 970 Παρεσκεύαζε
2613 896 2705 967 μὲν
2781 894 2870 949 καὶ
2931 895 2994 949 τὸ
3077 894 3322 949 ναυτικὸν
3383 892 3637 948 πλεῖστον

2004 985 2149 1054 ὅσον,
2180 984 2268 1038 καὶ
2319 982 2529 1056 σώμασι
2579 984 2667 1037 καὶ
2716 981 2910 1044 ὅπλοις
2957 982 3047 1036 καὶ
3099 984 3350 1057 χρήμασι
3385 981 3639 1056 συνεκρό-

1999 1093 2078 1125 τει
2103 1090 2116 1103 ·
2152 1071 2213 1126 οὐ
2249 1070 2410 1144 μόνον
2444 1068 2522 1137 δὲ,
2564 1068 2708 1125 ἀλλά
2738 1070 2825 1124 καὶ
2874 1071 2963 1125 τὸν
2996 1070 3218 1124 πάππαν
3251 1068 3640 1144 προσελιπάρει

2001 1161 2085 1214 καὶ
2123 1156 2334 1235 θερμῶς
2391 1157 2566 1213 ἐδέετο
2622 1157 2823 1235 ἐφεῖναί
2880 1160 2931 1212 οἱ
2987 1159 3087 1226 τήν
3136 1158 3270 1212 κατά
3298 1160 3395 1226 τῆς
3424 1156 3640 1221 πόλεως

2000 1247 2363 1322 ἐκστρατείαν,
2394 1247 2468 1310 ὡς
2508 1246 2596 1300 καὶ
2646 1244 2832 1307 ἄλλως
2891 1244 3097 1300 δίκαιον
3139 1244 3195 1299 δν
3234 1251 3412 1315 ζητεῖν
3438 1246 3504 1301 τὰ
3531 1251 3637 1300 τῶν

1999 1334 2204 1391 παίδων
2251 1335 2435 1404 αὐτοῦ,
2470 1334 2549 1411 ἐφ’
2600 1337 2684 1396 οἷς
2728 1334 2878 1412 σφίσι
2926 1338 3275 1412 συμφωνοῦσι
3315 1334 3405 1389 καὶ
3444 1336 3479 1404 ἡ
3514 1336 3639 1390 Ἐκ·-

1997 1424 2196 1493 κλησία
2228 1428 2440 1497 συνῇνει
2497 1423 2587 1477 καὶ
2643 1429 2919 1499 συνεργεῖν
2972 1422 3039 1477 τὰ
3094 1423 3322 1497 μέγιστα
3354 1423 3638 1496 ὑπισχνεῖ-

1995 1533 2078 1567 το.
2114 1512 2212 1567 Καὶ
2246 1512 2272 1565 ὁ
2308 1512 2401 1582 μὲν
2439 1511 2487 1565 ἐν
2542 1511 2755 1573 τούτοις
2796 1512 2887 1581 ἦν,
2938 1511 2996 1565 ἐκ
3042 1510 3259 1566 πολλοῦ
3290 1530 3636 1585 παρασκευα-

2000 1600 2224 1671 ζόμενος
2261 1616 2274 1631 ⁸
2330 1601 2357 1653 6
2415 1596 2471 1652 δὲ
2531 1598 2786 1673 βασιλεὺς
2846 1598 3095 1674 ἀνέριστα
3148 1600 3216 1654 τὰ
3256 1599 3392 1673 πρὸς
3433 1598 3633 1653 ἐκεῖνον

1999 1685 2370 1762 διαγινώσκων
2428 1688 2519 1741 καὶ
2586 1688 2648 1741 τὸ
2723 1694 2825 1742 πᾶν
2883 1685 3133 1763 ἀδήριτα,
3186 1688 3267 1741 δτι
3335 1687 3424 1742 καὶ
3480 1685 3639 1742 πλεί-

246 1775 551 1878 φῦλαχθεὶς
588 1775 879 1869 μὲν,”ἀλλ’
930 1775 979 1847 ἐν
1027 1790 1263 1852 πολλοῖς
1296 1794 1402 1844 τῶν
1440 1788 1619 1860 μελῶν
1653 1786 1720 1840 τά
1750 1786 1889 1857 σύμ-
1924 1819 1967 1882 Β
1999 1799 2146 1840 σταις
2211 1779 2303 1850 μὶν
2359 1782 2480 1841 ταῖς
2557 1776 2737 1831 ναυσὶν
2815 1777 3124 1854 ἐξηρτύετο,
3184 1776 3383 1849 πολλῷ
3440 1775 3496 1832 δὲ
3546 1777 3636 1832 καὶ

247 1874 394 1943 ϐολα
447 1889 542 1939 τοῦ
580 1882 831 1938 κινδύνου
908 1883 1106 1958 φέρων,
1166 1878 1360 1951 πικράν
1421 1874 1549 1931 ἰδὼν
1609 1874 1885 1949 συμφοράν

241 1978 339 2031 καὶ
370 1977 430 2043 ἦν
460 1972 638 2041 ἥκιστ’
670 1969 731 2025 ἄν
769 1991 852 2031 τις
904 1967 993 2023 καὶ
1048 1964 1421 2040 προσεδόκησε
1450 1965 1690 2029 πώποτε,
1722 1962 1889 2015 κατά-

248 2058 421 2139 φλϐος
450 2060 652 2137 φεύγει,
696 2059 847 2135 ἀφεὶς
889 2051 1095 2129 ἔρημον
1148 2054 1254 2128 ούχ
1302 2054 1492 2107 ἑαυτοῦ
1526 2052 1712 2123 μόνον,
1744 2048 1891 2103 ἀλλὰ

241 2151 335 2207 καὶ
362 2155 469 2204 τῶν
513 2148 711 2215 ταύτης
762 2144 990 2199 ἐποίκων
1042 2143 1130 2196 καὶ
1179 2140 1420 2202 κάλλους
1461 2137 1766 2210 κτισμάτων
1799 2136 1887 2190 καὶ

241 2237 576 2315 πραγμάτων
611 2235 785 2289 αὐτῶν
817 2234 915 2301 τήν
950 2229 1317 2306 μητρόπολιν.

243 2350 322 2420 η’.
383 2347 467 2403 Τά
520 2342 656 2398 κατὰ
709 2343 798 2396 τὸν
863 2339 1003 2420 ῥῆγα
1059 2336 1367 2420 Κάρουλον,
1422 2336 1511 2389 καὶ
1564 2332 1712 2394 ὅπως
1764 2333 1889 2386 στό-

855 2409 957 2467 λον
979 2409 1285 2481 ἐξηρτύετο.

323 2508 409 2579 [Ρ.
439 2504 567 2576 244]
597 2502 731 2557 Τότε
776 2499 951 2554 τοίνυν
1003 2497 1092 2551 καὶ
1152 2497 1179 2550 6
1234 2495 1331 2570 ῥήξ
1390 2491 1628 2575 Πούλίας
1677 2493 1888 2567 Κάρου-

259 2717 417 2790 cepit
446 2719 696 2782 noctem,
720 2712 1142 2769 concurrerunt
1164 2726 1232 2764 ex
1257 2707 1412 2779 agris
1444 2706 1704 2777 undique
1726 2718 1904 2776 quam

264 2805 520 2863 maximo
551 2817 815 2867 numero,
841 2798 1093 2871 sumptis
1124 2796 1184 2852 in
1217 2796 1491 2851 manibus
1521 2794 1817 2866 ligonibus
1848 2799 1906 2848 et

272 2893 484 2951 marris
513 2890 786 2961 omnique
816 2894 981 2944 terrae
1011 2886 1310 2942 movendas
1329 2888 1466 2957 apto
1489 2884 1902 2949 instrumento,

271 2982 429 3055 quod
461 2981 666 3052 cuique
696 2984 757 3034 tn
793 2992 1025 3032 manum
1062 2973 1345 3047 quaerenti
1367 2975 1623 3027 venerat.
1645 2972 1788 3027 Cum
1810 2969 1905 3025 his

270 3088 539 3131 acervum
571 3071 737 3125 illum
757 3069 1076 3122 immanem
1100 3062 1532 3134 ruinarum,qui
1560 3060 1744 3132 pridie
1766 3060 1906 3114 urbs

1996 1867 2075 1937 τῷ
2149 1866 2285 1920 κατὰ
2356 1872 2455 1941 γῆν
2534 1870 2742 1937 πεζικῷ
2817 1863 2905 1919 διὰ
2979 1867 3310 1939 Βρεντησίου
3401 1886 3636 1941 περαιω-

1999 1954 2302 2027 θησόμενος
2360 1953 2433 2013 εἰς
2486 1955 2549 2007 τὸ
2604 1959 2700 2008 τοῦ
2759 1954 3065 2030 Δυρῥαχίου
3129 1954 3383 2022 ἐπίνειον,
3426 1954 3635 2027 ἐρήμου

1998 2038 2153 2103 ὄντος
2178 2042 2212 2110 ἢ
2243 2043 2327 2096 καὶ
2367 2040 2579 2113 μᾶλλον
2624 2043 2749 2117 παρ’
2804 2041 3010 2096 ἐκεῖνου
3050 2042 3440 2117 κατεχομένου,
3469 2042 3543 2105 εἷς
3571 2044 3633 2098 τὸ

1996 2133 2377 2201 ἀνακτισῦῆναι
2428 2131 2796 2207 χρησόμενος,
2855 2132 2929 2193 ὡς
2986 2131 3217 2206 ἐλέγετο,
3271 2130 3492 2195 δυνατὸς
3540 2133 3632 2205 ἦν,

1995 2222 2274 2285 κάντεῦθεν
2331 2219 2508 2275 διττὸν
2590 2221 2861 2294 ᾠκονόμει
2936 2221 3000 2275 τὸ
3058 2222 3382 2295 στράτευμα,
3442 2219 3630 2283 ἄλλως

1996 2308 2132 2388 ἔγνω
2160 2313 2258 2379 τὴν
2308 2312 2444 2383 πρὸς
2501 2310 2700 2365 ἐκεῖνον
2759 2312 2944 2385 μάχην
3003 2311 3498 2388 μεταχειρίσασθαι.
3534 2314 3628 2368 Καὶ

1997 2399 2062 2470 δὴ
2095 2398 2364 2462 πολλάκις
2416 2401 2509 2473 μὲν
2560 2402 2657 2456 οὐκ
2707 2398 2878 2462 ἰδίους
2927 2399 3157 2471 πέμπων
3203 2402 3347 2475 παρὰ
3370 2400 3459 2454 τὸν
3490 2402 3634 2455 πάπ-

1994 2510 2095 2544 παν
2130 2488 2213 2560 (ού
2258 2488 2359 2563 γάρ
2408 2486 2629 2543 ἐδύνατο
2690 2488 2891 2543 ἐκείνου
2945 2487 3079 2542 κατᾶ
3133 2489 3297 2563 Ούρας
3357 2490 3636 2544 ἀπαντῶν-

2014 2701 2133 2757 haec
2160 2702 2231 2756 ad
2261 2704 2581 2757 extremum
2598 2700 2951 2773 suipastoris
2964 2702 3217 2758 accessio
3231 2701 3649 2775 reliquitplane

2015 2789 2358 2845 desolatam.

2167 2932 2220 2984 8.
2254 2931 2327 2986 De
2357 2946 2479 3001 rege
2511 2930 2723 2998 Carolo,
2753 2934 2814 2985 ut
2844 2931 2891 2985 is
2920 2932 3149 2988 classem
3180 2932 3497 2989 armaverit.

2089 3074 2203 3127 Hac
2236 3074 2581 3140 tempestate
2616 3070 2846 3125 fortuna
2872 3072 3026 3143 regis
3057 3072 3276 3143 Apuliae
3308 3071 3515 3140 Caroli,
3550 3072 3650 3144 qui

270 3163 480 3225 fuerat,
504 3158 762 3228 undique
795 3154 1052 3227 aggressi
1088 3154 1278 3208 fodere
1308 3125 1624 3222 cmperunf,
1658 3149 1775 3204 sive
1808 3165 1903 3202 ur-
1936 3125 1978 3191 (ἶ
2008 3125 2377 3232 jampridem.
2398 3159 2759 3213 Manl'redum
2792 3125 3277 3230 debellaverat,
3310 3125 3652 3233 flore—aitque

272 3255 447 3323 gente
473 3248 775 3312 charitate,
799 3245 845 3299 si
870 3260 1039 3313 quem
1077 3244 1220 3297 forte
1252 3241 1533 3295 miserum
1566 3238 1756 3292 adhuc
1788 3237 1911 3308 spi-

274 3343 501 3394 rantem
516 3336 668 3390 inter
683 3337 810 3387 ruta
824 3337 881 3386 et
892 3331 1377 3387 caesadirutarum
1393 3328 1604 3382 mdium
1618 3325 1913 3380 vindicare

278 3428 351 3482 ab
382 3424 624 3479 interitu
658 3425 917 3493 possent,
951 3419 1091 3488 sive,
1126 3434 1255 3489 qua:
1282 3417 1535 3472 maxima
1585 3432 1720 3486 pars
1770 3418 1912 3483 erat,

274 3514 560 3569 instinctu
592 3526 774 3566 avaris
804 3506 1165 3579 cupiditatis,
1200 3511 1261 3561 ut
1296 3510 1375 3560 tot
1405 3504 1639 3559 divitias
1668 3503 1749 3557 ibi
1780 3518 1913 3556 cum

278 3600 717 3675 possessoribus
749 3597 1008 3669 sepultas
1040 3611 1144 3650 nec
1174 3595 1354 3650 alium
1381 3595 1501 3663 jam
1532 3593 1811 3647 habentes
1843 3590 1915 3645 le-

280 3689 555 3762 gitimum
605 3687 918 3751 heredem,
946 3684 1201 3739 dominis
1231 3699 1363 3737 cum
1396 3680 1593 3736 sobole
1620 3684 1676 3735 et
1705 3696 1918 3751 cogna-

280 3778 443 3834 tione
474 3775 744 3831 universa
775 3772 991 3845 pariter
1019 3769 1525 3835 occumbentibus,
1547 3768 1607 3823 in
1638 3784 1777 3823 suos
1806 3766 1919 3837 ipsi

284 3884 430 3922 usus
461 3864 775 3931 auferrent,
798 3862 986 3917 securi
1021 3859 1338 3915 forensium
1369 3861 1646 3913 tricarum
1671 3872 1776 3911 nec
1799 3872 1919 3909 me-

271 3958 521 4036 .tuentes
541 3951 917 4007 interdictum
944 3950 1097 4004 unde
1119 3947 1191 4001 vi.
1217 3946 1319 4001 Hic
1349 3945 1572 4016 aliquot
1601 3945 1824 4036 dierum
1844 3943 1923 3996 la-

282 4030 391 4098 bor
436 4041 566 4110 fuit,
598 4056 710 4111 quo
760 4038 859 4093 illa
884 4036 1171 4093 versando
1217 4035 1650 4104 scrutandoque
1695 4030 1923 4087 evoluta

283 4128 586 4201 congeries
600 4127 727 4182 etin
745 4144 921 4181 unam
946 4129 1241 4194 utcunque
1252 4126 1539 4193 equatam
1556 4120 1925 4191 complanata

288 4217 659 4289 superficiem
714 4219 821 4270 est.
856 4214 933 4268 Ex
962 4230 1027 4269 eo
1061 4212 1230 4267 multi
1264 4228 1470 4282 campo
1503 4225 1802 4265 messuere
1832 4224 1927 4263 se-

289 4312 481 4378 getem
506 4320 766 4371 auream,
789 4302 1080 4371 ligonibus
1103 4300 1328 4355 usivice
1362 4299 1620 4367 falcium,
1642 4297 1925 4352 Albanitae

287 4393 596 4463 caeterique
611 4391 829 4446 circum
854 4390 1567 4459 habitantes,demumque
1585 4404 1716 4443 cum
1734 4385 1929 4457 przeda

290 4485 628 4541 recedentes
659 4482 830 4553 plane
862 4481 1152 4535 desertam
1200 4479 1563 4550 reliquerunt
1592 4477 1753 4531 illam
1786 4475 1924 4530 olim

291 4573 519 4640 urbem,
544 4570 646 4625 ubi
673 4570 843 4625 fuerit
867 4569 1051 4640 signis
1075 4584 1228 4622 nunc
1250 4572 1478 4622 tantum
1502 4566 1748 4621 exilibus
1765 4581 1928 4619 mon-

292 4663 577 4715 strantem
590 4658 668 4725 ,in
687 4657 934 4711 urbibus
953 4660 1315 4710 numeratam
1330 4655 1473 4710 dicis
1489 4660 1649 4709 tantu
1661 4671 1715 4709 m
1729 4669 1924 4718 causa,

291 4754 351 4805 et
382 4747 620 4804 nomine
672 4754 857 4815 tenus,
891 4762 1024 4801 cum
1057 4745 1229 4800 modo
1260 4746 1400 4800 urbs
1431 4761 1547 4799 non
1578 4745 1673 4799 sit.
1706 4748 1779 4799 At
1807 4745 1932 4812 ejus

293 4837 546 4893 antistes
566 4834 798 4890 Nicetes
829 4850 984 4889 unus
1016 4837 1375 4905 repertorum
1426 4833 1578 4887 inter
1623 4833 1845 4897 ruinas,
1878 4836 1935 4885 et

302 4928 568 4980 servatus
597 4926 894 4994 superstes
924 4921 1020 4976 ille
1051 4922 1309 4992 quidem,
1343 4926 1613 4975 ceterum
1645 4920 1703 4975 in
1736 4919 1936 4974 multis

294 5009 668 5067 cicatricibus
698 5008 938 5081 reliquis
962 5024 1030 5064 ex
1053 5008 1239 5080 plagis
1261 5023 1409 5078 quas
1429 5007 1641 5078 illapsu
1665 5024 1936 5063 saxorum

299 5099 724 5171 tignorumque
744 5102 1064 5168 acceperat,
1088 5095 1388 5151 luculenta
1407 5095 1648 5167 vestigia
1663 5095 1942 5151 mirabili-

298 5192 387 5242 ter
400 5185 563 5240 vitati
586 5184 828 5256 periculi
852 5182 1717 5253 circumferens,memoriaipsa
1736 5182 1939 5251 cladis,

303 5291 483 5346 quam
514 5272 733 5328 viderat
762 5278 818 5328 et
848 5276 1111 5327 senserat
1140 5272 1482 5325 atrociorem
1503 5270 1652 5327 358
1672 5271 1944 5341 opinione

306 5361 492 5432 omni,
516 5361 823 5433 perculsus
855 5361 997 5414 adeo
1022 5363 1109 5415 est
1128 5364 1190 5414 ut
1214 5358 1401 5414 locum
1424 5360 1750 5430 fugeritnec
1773 5359 1947 5413 susti-

305 5449 510 5506 nuerit
541 5450 808 5506 insistere
835 5447 1101 5520 sepulcro
1131 5465 1247 5503 suae
1279 5447 1637 5518 metropolis,
1656 5464 1831 5518 quam
1862 5464 1949 5501 or-

308 5539 517 5594 batam
547 5538 791 5607 civibus,
814 5552 1027 5591 corona
1049 5535 1327 5590 moenium
1351 5540 1407 5589 et
1427 5534 1801 5590 aedificiorum
1834 5535 1949 5590 ele-

303 5625 579 5699 gantium
640 5625 800 5682 omni
856 5628 1086 5695 ornatu,
1116 5624 1326 5696 opibus
1358 5640 1591 5695 quoque
1620 5624 1953 5694 spoliatam,

598 5749 861 5807 ΡΑτιιοι..
909 5747 1020 5807 Gn.
1060 5746 1317 5807 CXLIII.

2018 3250 2178 3320 apice
2221 3247 2521 3302 felicitatis
2568 3252 2711 3302 erat.
2748 3249 2808 3302 In
2843 3249 3048 3319 primis
3101 3254 3380 3321 apparatu
3429 3249 3649 3320 ingenti

2021 3337 2209 3393 navali
2242 3343 2448 3408 potens
2487 3340 2544 3390 et
2585 3336 2989 3392 formidandus
3037 3336 3512 3393 habrtur.Palam
3544 3356 3650 3393 au-

2020 3431 2133 3481 tem
2154 3442 2215 3479 se
2232 3425 2441 3480 ferebat
2460 3424 2755 3479 infensum
2772 3424 3105 3495 imperatori
3122 3426 3194 3480 ob
3209 3425 3542 3482 societatem
3558 3427 3652 3481 afﬁ

2023 3513 2498 3569 nitateﬁrmatam
2518 3529 2642 3582 qua:
2659 3512 2914 3583 ipsicum
2934 3513 3214 3568 Balduino
3236 3514 3655 3570 intercedebat.

2023 3602 2125 3658 Cui
2148 3601 2419 3669 velutjus
2443 3599 2843 3655 vindicaturus
2875 3601 3212 3672 pristinum,
3231 3602 3657 3673 expeditionem

2025 3690 2084 3745 in
2110 3690 2309 3744 urbem
2334 3687 2893 3758 Constantinopolim
2910 3690 3249 3759 adornabat,
3277 3707 3572 3762 navesque
3590 3692 3659 3745 ad

2026 3778 2084 3833 id
2108 3782 2163 3832 et
2186 3775 2524 3847 prazvalidas
2546 3779 2602 3828 et
2622 3774 2907 3845 plurimas
2936 3781 2992 3830 et
3023 3782 3143 3831 tum
3168 3778 3507 3849 corporibus
3536 3783 3663 3833 tum

2028 3865 2209 3921 armis
2243 3870 2356 3919 tum
2390 3862 2609 3918 caeteris
2642 3862 2885 3917 utilibus
2904 3864 2973 3916 ad
3000 3880 3240 3935 scopum
3265 3867 3440 3921 rebus
3471 3867 3663 3937 copio-

2030 3955 2260 4009 sissime
2312 3953 2629 4006 instructas
2686 3956 3055 4021 compararat
3097 3961 3150 4006 et
3194 3959 3661 4025 congregaverat.

2030 4044 2229 4113 Neque
2259 4040 2352 4094 his
2383 4043 2691 4093 contentus
2712 4056 2744 4093 a
2766 4039 2918 4109 Papa
2938 4040 3111 4094 etiam
3132 4041 3364 4111 petebat
3384 4047 3440 4095 et
3460 4042 3666 4097 arden-

2030 4131 2189 4185 tibus
2209 4127 2467 4183 instabat
2489 4128 2778 4198 precibus,
2802 4132 2865 4181 ut
2884 4128 3532 4200 Constantinopolitana:
3563 4131 3668 4185 hu-

2027 4217 2291 4289 jusmodi
2340 4216 2727 4287 expeditionis
2775 4221 2977 4271 auctor
3006 4216 3130 4287 ipse
3164 4218 3326 4273 fieret
3355 4234 3537 4289 seque
3568 4219 3665 4274 isti

2035 4305 2267 4377 negotio
2326 4303 2636 4372 praaﬁceret
2668 4319 2681 4357 :
2719 4302 2961 4374 dignum
2992 4304 3145 4358 enim
3178 4321 3305 4360 esse
3334 4305 3391 4360 id
3425 4306 3667 4374 bellum,

2037 4412 2152 4466 quo
2174 4391 2434 4447 videlicet
2464 4392 2777 4461 repetenda
2809 4392 3062 4446 filiorum
3094 4393 3221 4462 ejus
3250 4398 3405 4449 esset
3426 4394 3670 4451 haeredi-

1956 4503 2003 4565 Ι)
2034 4489 2147 4547 tas,
2180 4481 2332 4551 qUUd
2373 4479 2561 4534 Patris
2610 4479 2941 4534 communis
2989 4481 3225 4535 nomine
3272 4482 3673 4555 auspiciisque

2040 4575 2369 4644 generetur.
2406 4574 2468 4623 In
2520 4585 2647 4639 quae
2697 4568 2812 4623 illis
2861 4570 3386 4637 consentientibus,
3428 4571 3679 4627 Ecclesia

2040 4675 2273 4730 quoque
2303 4654 2617 4711 consilium
2650 4655 2936 4726 probavit,
2960 4660 3017 4711 et
3040 4662 3481 4728 cooperaturam
3511 4675 3574 4715 se
3605 4660 3677 4714 ad

2042 4749 2311 4804 allectum
2342 4751 2606 4799 votorum
2639 4759 2816 4815 quam
2848 4748 3044 4814 posset
3074 4746 3325 4802 maxime
3384 4747 3670 4819 promisit.

2042 4836 2143 4891 His
2166 4840 2308 4889 tunc
2329 4830 2621 4903 agitandis
2652 4832 3146 4905 conficiendisque
3163 4834 3422 4891 intentus
3436 4835 3678 4891 Carolus

2044 4927 2184 4979 erat.
2212 4924 2532 4991 Imperator
2561 4936 2693 4975 vero
2742 4937 2981 4991 prorsus
3011 4921 3294 4994 imparem
3322 4940 3385 4979 se
3416 4925 3677 4979 sentiens

2048 5012 2144 5065 isti
2177 5008 2523 5064 sustinendo
2553 5007 2723 5076 bello,
2749 5024 2852 5063 nec
2880 5009 3197 5081 quidquam
3229 5011 3507 5067 dubitans
3534 5013 3677 5082 quin

2051 5098 2457 5155 succumberet
2499 5097 2755 5151 Romana
2798 5114 2909 5164 res,
2943 5098 2993 5153 si
3023 5103 3222 5154 contra
3269 5116 3394 5155 eam
3440 5099 3679 5154 Carolus

2053 5189 2287 5242 duceret
2332 5191 2458 5239 tum
2507 5184 2691 5252 illam,
2723 5186 2794 5240 de
2840 5202 2955 5256 qua
2996 5186 3132 5257 dixi,
3164 5188 3679 5243 instructissimum

2053 5275 2320 5340 classem,
2346 5279 2468 5328 tum
2503 5272 2679 5328 simul
2714 5274 3123 5341 fortissimum,
3147 5291 3314 5345 quem
3348 5276 3483 5331 item
3515 5292 3685 5345 para-

2053 5367 2234 5427 verat,
2265 5365 2596 5416 terrestrem
2622 5360 2959 5430 exercitum,
2987 5361 3309 5417 Brundusio
3341 5362 3401 5416 in
3438 5363 3689 5433 Dyrrha-

2058 5451 2173 5505 chii
2223 5448 2423 5504 navale
2464 5449 2591 5517 jam
2632 5464 2883 5505 vacuum
2915 5456 2972 5504 et
3002 5448 3310 5520 occupanti
3359 5449 3689 5520 expositum

2062 5555 2216 5605 mox,
2258 5541 2427 5609 prout
2475 5536 2882 5605 destinaverat,
2918 5538 3068 5594 859
3118 5538 3561 5608 deportandum.
3596 5537 3694 5591 Bi-

2060 5625 2271 5682 tariam
2318 5624 2474 5682 enim
2522 5625 2634 5681 isto
2680 5625 2848 5682 modo
2896 5625 3099 5696 partiri
3130 5625 3325 5696 copias
3356 5624 3597 5683 Carolus
3628 5625 3701 5681 de

3345 5746 3423 5804 26
