4130 6270
459 337 560 391 8M

1754 333 2053 390 GEORGII
2095 332 2552 388 PACHYMERIE

3699 348 3784 402 812

457 460 597 531 τος),
648 455 834 520 ἄλλως
887 455 943 512 δὲ
997 455 1497 535 γραμματοφόρους
1549 453 1846 533 κρυφηδὸν,
1889 453 1980 508 καὶ
2025 450 2092 522 δὴ
2127 459 2179 524 Α
2208 451 2329 515 λοις
2361 453 2604 510 ἐπιστευε
2635 455 2841 533 φίλοις,
2876 453 3037 512 εῦοδα
3074 457 3140 512 τὰ
3167 464 3268 527 τῆς
3309 460 3436 533 πρὸς
3479 462 3561 516 τὸν
3601 463 3785 524 πᾶππαν

458 546 548 600 καὶ
581 545 800 600 Ἰταλῶν
856 542 1135 617 ἐπιδόξους
1185 539 1346 606 ὅσους
1390 541 1512 618 ᾔδει
1561 543 1851 620 φιλοῦντας
1878 541 1965 596 καὶ
1996 548 2098 610 τῆς

457 633 667 689 ἐκείνων
703 633 1016 707 συμμορίας
1064 633 1527 706 γινωσκομένους,
1579 627 1688 685 ἔστι
1731 628 1776 684 δ’
1808 629 1979 684 ἐνίοτε
2007 629 2097 683 καὶ

458 720 548 784 οὕς
579 721 831 798 φρερίους
864 719 1015 774 αὐτοὶ
1070 719 1344 793 λέγουσιν,
1403 717 1668 794 ἀδελφοὺς
1713 715 1893 787 δῆθεν,
1933 717 2092 791 ὑπερ-

455 809 693 886 χόμενος
725 810 812 863 καὶ
865 807 1143 878 θωπεύων,
1197 806 1366 869 πολὺς
1419 807 1485 875 ἦν
1539 804 1802 860 δυσωπῶν
1843 805 1932 860 τὸν
1962 806 2098 860 Ῥώ-

463 920 568 971 μης
619 897 875 972 ἀρχιερέα
921 897 1011 951 καὶ
1057 897 1560 967 καταποτνιώμενος
1616 895 1691 967 μὴ
1747 893 1952 968 ἐφεῖναι
1984 895 2097 948 Κα-

461 985 646 1061 ρούλῳ
714 987 781 1040 τὰ
843 984 978 1040 κατὰ
1050 989 1173 1038 νοῦν
1232 983 1506 1058 πράττειν,
1569 981 1707 1056 μηδὲ
1794 986 2093 1057 συγχωρεῖν

456 1078 807 1147 Χριστιανοῖς
883 1073 968 1126 ἐπὶ
1044 1071 1400 1146 Χριστιανοὺς
1487 1071 1884 1147 στρατεύεσθαγ
1965 1071 2096 1124 εἶναι

453 1164 554 1238 γὰρ
585 1163 673 1217 καὶ
708 1161 1033 1234 Ῥωμαίους,
1083 1160 1174 1222 οὓς
1229 1159 1379 1215 αὗτοῖ
1432 1158 1692 1234 Γραικοὺς
1745 1159 2095 1231 ὀνομάζουσι,

456 1255 552 1306 τοῦ
605 1250 767 1305 αὐτοῦ
824 1253 1054 1325 Χριστοῦ
1111 1247 1200 1303 καὶ
1256 1255 1357 1317 τῆς
1417 1247 1584 1316 αὐτῆς
1627 1245 1956 1316 Ἐκκλησίας
1981 1251 2097 1306 τοῖς

457 1339 714 1406 Ἰταλοῖς,
746 1336 890 1412 ἔχειν
939 1335 996 1392 δὲ
1042 1339 1130 1391 καὶ
1182 1337 1338 1391 αὐτὸν
1389 1341 1579 1390 τοῦτον
1624 1336 1828 1408 πατέρα
1867 1355 2096 1406 πνευμα-

456 1428 604 1482 τικὸν
636 1427 725 1480 καὶ
759 1426 1068 1502 λογίζεσθαι
1110 1423 1407 1498 ἀρχιερὲων
1459 1420 1586 1478 ὄντα
1634 1423 1726 1476 τὸν
1767 1423 2092 1496 πρώτιστον.

457 1513 598 1584 Ἤδη
633 1511 689 1569 δὲ
717 1513 807 1568 καὶ
840 1512 1156 1589 ὑπισχνεῖτὸ
1208 1514 1257 1567 οἱ
1306 1514 1373 1566 τὰ
1433 1512 1776 1586 χρηστότερα
1801 1529 1814 1542 ο
1847 1513 1929 1583 [Ρ.
1970 1513 2094 1583 2'15]

453 1600 592 1658 τὰδ’
627 1602 781 1671 ἦντὸ
843 1601 967 1674 μίαν
1026 1598 1260 1676 μάνδραν
1315 1600 1556 1674 γενέσθαι
1613 1599 1714 1665 τὴν
1765 1596 2094 1666 Ἐκκλησίαν

457 1694 613 1761 Θεοῦ,
660 1689 749 1744 καὶ
809 1689 1035 1764 ἀρθῆναι
1112 1689 1174 1742 τὸ
1255 1687 1412 1761 μέσον
1469 1685 1796 1757 σκάνδαλον,
1866 1686 2100 1755 ἀνόνητα

457 1779 818 1854 ἐπεισφρῆσαν
852 1777 910 1831 ἐκ
951 1777 1316 1850 παλαιοτέρου
1363 1781 1479 1836 ταῖς
1527 1773 1879 1844 Ἐκκλησίαις
1909 1796 1920 1808 ·
1958 1773 2098 1847 μηδὲ
2133 1799 2176 1862 Β

457 1868 560 1943 γὰρ
611 1867 742 1921 εἶναι
793 1865 984 1921 λοιπὸν
1034 1863 1290 1938 ἐμποδὼν
1339 1867 1434 1919 τοῦ
1481 1868 1648 1917 ταῦτα
1690 1862 1930 1937 γίνεσθαι
1962 1863 2100 1916 ἀπο-

459 1953 879 2023 κατασταθείσης
922 1960 1040 2018 τοῖς
1086 1952 1376 2028 ἐξορίστοις
1433 1958 1534 2021 τῆς
1567 1949 1804 2011 πόλεως.
1838 1949 2017 2006 Ταῦτά
2046 1971 2103 2004 τε

462 2042 720 2118 συχνάκις
779 2040 1056 2114 διεμήνυε,
1118 2042 1208 2094 καὶ
1266 2040 1469 2114 χρυσὸν
1529 2039 1758 2110 πέμπτον
1819 2036 2103 2107 Καδδηνα-

461 2131 604 2194 λίοις
651 2129 978 2208 (στρόφιγξιν
1039 2130 1066 2183 ὁ
1117 2127 1328 2198 Ἕλλην
1389 2126 1554 2199 εἷ’πιιι,
1590 2128 1661 2188 ὡς
1713 2129 1877 2200 θύρας
1934 2124 2100 2195 οὔσης

455 2224 552 2276 τοῦ
593 2219 789 2275 πάππα
833 2220 968 2273 κατὰ
1013 2218 1115 2286 τὴν
1163 2218 1399 2292 Χριστοῦ
1453 2215 1707 2288 μίμησιν)
1756 2215 1842 2267 καὶ
1891 2217 1972 2275 οἷς
2000 2213 2098 2268 αλ-

453 2444 745 2506 creverat;
796 2441 854 2494 et
896 2438 1019 2507 jam
1070 2435 1301 2491 misisse
1331 2432 1754 2505 Dyrrhachium
1787 2431 2090 2486 dicebatur

455 2530 555 2602 qui
587 2528 777 2584 solum
810 2527 1279 2596 praeoccuparent
1306 2523 1404 2576 ubi
1433 2525 1672 2575 steterat
1711 2518 1814 2573 illa
1861 2519 2088 2588 civitas,

456 2634 636 2690 quam
658 2616 856 2680 etiam,
892 2619 952 2668 ut
974 2611 1286 2675 ferebatur,
1318 2609 1552 2663 reﬁcere
1581 2607 1894 2678 cogitabat.
1922 2607 2089 2675 Cum,

457 2706 723 2777 inquam,
757 2702 878 2756 haec
909 2715 1105 2755 secum
1139 2699 1436 2769 reputaret
1460 2696 1792 2767 imperator,
1821 2694 1936 2749 alia
1965 2710 2091 2749 om-

457 2795 596 2850 nino
629 2791 850 2848 rationa
879 2803 1056 2860 quam
1097 2786 1148 2841 vi
1197 2790 1393 2856 aperta
1424 2785 1785 2840 instantibus
1816 2799 2090 2838 occuren-

455 2885 594 2939 dum
646 2878 816 2935 malis
862 2875 1108 2932 censuit.
1150 2874 1481 2932 Missitabat
1531 2871 1710 2943 igitur
1761 2872 2094 2941 frequenter

464 2985 664 3042 preces
695 2972 751 3022 et
781 2966 1000 3020 litteras
1033 2962 1328 3035 supplices
1359 2963 1431 3016 ad
1465 2977 1695 3032 papam,
1732 2975 1844 3014 non
1878 2973 1980 3029 per
2013 2958 2093 3014 le-

456 3063 623 3130 gatos
671 3059 772 3111 aut
817 3053 1086 3108 homines
1118 3051 1348 3122 agnitos
1375 3064 1478 3118 pro
1510 3048 1636 3102 suis
1668 3047 1907 3118 (frustra
1935 3049 2092 3102 enim

454 3145 597 3200 tales
646 3144 873 3198 mittere
921 3143 1248 3207 conaretur,
1280 3141 1515 3190 tenente
1562 3133 1857 3189 citeriores
1914 3136 2092 3189 Roma

461 3231 788 3306 provincias
819 3235 876 3284 et
899 3227 1068 3298 quasi
1118 3229 1312 3296 portas
1366 3224 1524 3294 ipsas
1581 3221 1726 3278 aulae
1786 3222 2090 3292 pontificis:

461 3320 686 3387 Carolo,
719 3319 870 3372 haud
901 3315 1078 3370 dubie
1099 3313 1463 3386 prohibituro
1495 3329 1565 3367 ne
1595 3310 1957 3382 transirent),
1991 3313 2090 3367 sed

461 3428 562 3482 per
591 3408 736 3463 alios
785 3405 932 3460 ﬁdos
963 3407 1017 3458 et
1049 3419 1160 3458 non
1212 3405 1517 3473 suspectos
1548 3400 1619 3454 ob
1652 3398 2090 3454 dissimulatum

456 3497 724 3553 habitum
747 3491 1163 3557 tabellarios,et
1181 3507 1284 3561 per
1299 3489 1584 3559 quosdam
1611 3488 1786 3543 Italos
1809 3487 2088 3552 illustres,

457 3601 707 3657 quorum
738 3581 848 3636 sibi
881 3579 1199 3635 amicitiam
1234 3581 1535 3648 paraverat
1563 3591 1828 3647 quosque
1849 3592 1883 3630 a
1905 3575 2091 3631 Caroli

455 3672 725 3746 partibus
773 3669 996 3724 alienos
1047 3671 1235 3722 norat.
1269 3665 1548 3721 Utehatur
1589 3669 1646 3720 et
1687 3667 1754 3719 ad
1805 3665 1860 3718 id
1913 3665 2090 3720 inter-

457 3764 597 3818 dum
629 3762 757 3832 ejus
787 3757 1015 3830 generis
1046 3755 1350 3811 hominum
1378 3754 1717 3820 ministerio,
1737 3770 1884 3825 quos
1905 3753 2092 3808 Latini

457 3849 684 3907 Frerios
719 3850 944 3914 vocant,
969 3844 1134 3915 quasi
1185 3844 1408 3898 diceres
1456 3843 1683 3906 fratres,
1715 3857 1859 3911 quos
1911 3842 1981 3895 ad
2031 3841 2088 3896 id

456 3939 568 3994 sibi
589 3936 763 3994 officii
784 3933 1179 4007 praestandum
1205 3931 1449 3986 artificio
1472 3929 1888 3984 blanditiarum
1912 3933 2089 3984 attra-

453 4027 636 4078 xerat.
670 4021 885 4076 Herum
915 4020 1241 4075 interventu
1275 4017 1538 4074 omnium
1591 4017 1813 4071 multus
1859 4021 1981 4071 erat
2027 4017 2086 4071 in

451 4109 810 4165 obsecrando
867 4107 1332 4178 obtestandoque
1376 4104 1652 4160 Pontifice
1698 4105 1976 4172 Romano,
2019 4121 2090 4160 ne

452 4199 668 4253 sineret
695 4195 967 4252 Carolum
1019 4194 1261 4265 exsequi
1310 4209 1436 4264 quis
1489 4193 1900 4258 destinaverat,
1950 4209 2090 4248 neve

452 4287 814 4359 permitteret
833 4283 1195 4338 Christianos
1225 4280 1574 4336 Christianis
1598 4280 1810 4336 bellum
1835 4280 2047 4337 inferre
2073 4299 2085 4336 :

451 4391 581 4428 esse
613 4373 766 4428 enim
803 4389 907 4427 nos
931 4387 1165 4441 quoque
1196 4370 1678 4439 Itomanos,quos
1712 4369 1903 4423 Latini
1932 4371 2088 4425 Grae-

452 4479 550 4518 cos
585 4459 966 4533 appellarent,
1001 4458 1101 4512 uni
1133 4458 1440 4528 eidemque
1487 4457 1784 4526 subjectos
1831 4457 2080 4523 Christo,

2121 3179 2163 3245 C

2204 541 2436 604 ἱκετείας
2489 543 2733 614 καθίστα,
2783 545 2869 598 καὶ
2927 546 2954 598 ὁ
3003 543 3288 620 Κάρουλος
3339 545 3609 610 ἐκωλύετο.
3644 555 3789 620 Αὐτὸς

2207 627 2381 683 δὲκαὶ
2413 629 2577 685 πλέον
2637 634 2665 685 ὁ
2728 630 2981 706 βασιλεὺς
3031 635 3131 702 τὴν
3186 635 3322 708 πρὸς
3378 635 3469 703 τὴν
3509 637 3787 709 Ἐκκλησίαν

2205 717 2424 791 εἰρήνην
2484 718 2825 790 ἐπισυνδὲων,
2880 721 3006 785 τοὺς
3081 723 3175 794 μὲν
3232 720 3424 778 ἐκεῖθεν
3479 724 3788 801 ἐρχομένους,

2202 805 2290 860 καὶ
2325 807 2538 879 μᾶλλον
2585 808 2630 862 εἰ
2673 817 2772 878 τῆς
2819 807 3148 880 Ἐκκλησίας
3179 809 3384 881 ἐκείνης
3422 813 3534 883 εἶεν,
3562 814 3788 893 φιλοφρό.

2203 917 2308 957 νως
2339 897 2614 972 προσίετο,
2673 901 2746 962 ὡς
2802 900 2891 953 καί
2950 919 3083 953 ποτε
3138 901 3226 954 τὸν
3285 900 3568 974 Κροτώνης
3604 903 3789 962 ἐπίσκο-

2204 1004 2328 1055 πον,
2374 982 2539 1058 ἄνδρα
2588 983 2773 1059 λόγιον
2825 981 2954 1041 ὄντα
2999 987 3088 1041 καὶ
3122 985 3518 1062 διγλωσσοῦντα
3545 993 3649 1046 κατ’
3691 992 3790 1047 tm-

2205 1073 2418 1144 στήμην
2450 1075 2548 1142 τὴν
2581 1073 2743 1140 Θείαν,
2776 1074 2832 1127 ’ὸν
2878 1075 2969 1128 καὶ
3022 1079 3101 1147 τῷ
3147 1077 3459 1151 πατριάρχῃ
3489 1079 3696 1150 πέμπων
3719 1083 3791 1135 καὶ

2203 1154 2474 1230 κυϐερνῶν
2513 1163 2646 1232 μετὰ
2682 1163 2866 1234 καιρὸν
2905 1162 3244 1234 μετημφίαζε
3294 1163 3429 1236 πρὸς
3470 1165 3528 1218 τὸ
3571 1166 3794 1238 Ἐλληνι-

2203 1248 2460 1323 κώτερον,
2493 1249 2578 1301 καί
2610 1247 2899 1318 ἐκκλησίαν
2957 1247 3163 1304 διδόναι
3217 1251 3268 1304 οἱ
3309 1256 3388 1322 τῷ
3417 1251 3560 1326 λόγῳ
3586 1257 3672 1323 τῆς
3701 1254 3796 1311 ἔπι-

2206 1332 2431 1404 δόσεως,
2481 1337 2555 1399 ὡς
2602 1335 2930 1410 σχολάζοντι
2981 1345 3078 1406 τῆς
3133 1338 3436 1413 λαχούσης,
3479 1339 3633 1408 ἤθελέ
3659 1344 3797 1398 τεκαὶ

2206 1422 2514 1496 ᾠκονόμει·
2549 1423 2643 1478 κᾶν
2701 1423 2933 1498 ἐγένετο,
2994 1426 3038 1479 εί
3094 1429 3168 1497 μή
3229 1447 3289 1500 γε
3347 1429 3607 1503 φωραθεὶς
3632 1428 3797 1491 ἐκεῖνος

2207 1509 2281 1572 εἷς
2313 1508 2556 1565 δύσνοιαν
2607 1513 2694 1566 καὶ
2753 1518 2861 1566 τῶν
2918 1515 3201 1587 ἡμετέρων
3265 1510 3480 1588 βλάϐην
3508 1515 3568 1570 τὸ
3599 1517 3683 1588 μὲν
3703 1520 3795 1572 καθ’

2203 1597 2481 1668 “Ἐλληνας
2534 1598 2837 1654 ἐστολίσοαι
2885 1601 2973 1655 καὶ
3021 1601 3184 1655 πάλιν
3225 1603 3359 1676 εἶχε,
3408 1604 3502 1670 τήν
3537 1601 3589 1656 δὲ
3620 1604 3798 1678 βασιλι-

2205 1687 2304 1753 κὴν
2338 1686 2611 1759 εὐμένειαν
2644 1685 3016 1750 ἀπολωλεκὼς
3071 1688 3195 1760 περί
3243 1710 3347 1743 που
3393 1692 3487 1757 τὴν
3529 1692 3798 1764 [Iov-conpi—

2204 1773 2389 1828 κλειαν
2419 1773 2719 1849 ἐξωρίζετο.
2769 1774 2920 1836 Τέως
2970 1773 3016 1828 δ’
3075 1773 3163 1830 οὖν
3213 1779 3281 1849 τῇ
3325 1775 3616 1848 Ἐκκλησία
3641 1779 3725 1832 οὐκ
3747 1781 3800 1847 ἦν

2209 1861 2461 1933 ἐμποδὼν
2511 1863 2646 1917 κατὰ
2692 1869 2793 1916 πᾶν
2847 1863 3036 1934 ἐκείνῳ
3085 1867 3432 1939 συγχρῆσθαι
3483 1866 3641 1929 οὕτως
3668 1863 3802 1941 ἕχον-

2209 1971 2281 2005 τι.
2315 1950 2557 2012 Ἀλλους
2615 1949 2672 2005 δὲ
2728 1951 2970 2012 πολλοὺς
3022 1951 3306 2015 πλείστους
3339 1955 3590 2030 φοερίους
3619 1952 3802 2027 ἐδέχετο

2209 2059 2298 2092 και
2347 2039 2482 2111 πρὸς
2556 2041 2654 2106 τὴν
2732 2038 3019 2108 ἐκκλησίαν
3093 2035 3328 2112 ἔπεμπεν
3395 2043 3684 2116 ἀρχιερεῦσι
3733 2045 3805 2096 καὶ

2211 2127 2549 2200 πατριάρχῃ,
2604 2125 2662 2180 ἐκ
2719 2133 2820 2194 τῆς
2873 2132 3184 2204 προσφορᾶς
3242 2129 3423 2182 αὐτῶν
3479 2129 3739 2191 κοινωνίας
3765 2129 3806 2184 ἐν

2212 2213 2473 2286 ψαλμοῖς,
2527 2213 2576 2266 ἐν
2635 2219 2754 2276 ταῖς
2802 2213 2886 2268 ἐπὶ
2918 2213 3239 2270 τῶνᾶδύτων
3300 2215 3624 2293 εἰσαγωγαῖς
3661 2216 3807 2272 τεκαὶ

2200 2431 2468 2486 mittebat
2495 2433 2566 2486 ad
2592 2432 2938 2499 cardinales,
2973 2449 3100 2502 qua
3126 2451 3228 2489 vox
3265 2436 3475 2493 Latina
3515 2438 3706 2494 Grecae
3732 2456 3805 2494 rc-

2199 2520 2448 2588 spondet
2475 2520 2830 2591 signiﬁcanti
2862 2521 3146 2590 cardines,
3172 2525 3419 2580 studens
3450 2525 3557 2581 hac
3586 2531 3696 2581 arte
3722 2544 3808 2598 pa-

2200 2622 2356 2676 pam,
2391 2607 2488 2677 qui
2529 2612 2586 2661 et
2625 2608 2768 2677 ipse,
2803 2610 2956 2678 quod
3007 2609 3078 2664 de
3126 2609 3353 2666 Christo
3407 2614 3636 2681 dicitur,
3667 2613 3805 2684 quasi

2201 2694 2413 2749 ostium
2440 2698 2545 2765 est,
2571 2694 2661 2749 his
2695 2696 2863 2766 quasi
2896 2696 3234 2752 cardinibus
3265 2697 3317 2753 ei
3349 2700 3544 2756 afﬁxis
3575 2702 3630 2756 in
3659 2717 3804 2773 quam

2201 2783 2313 2853 ipsi
2346 2786 2500 2838 esset
2530 2782 2673 2837 utile
2703 2788 2926 2853 partem
2961 2784 3264 2853 invertere,
3291 2790 3451 2858 quod
3485 2807 3595 2844 non
3627 2791 3808 2846 frustra

2201 2871 2464 2938 tentavit,
2519 2870 2829 2941 impetrato
2877 2875 3002 2926 tum
3037 2889 3068 2927 a
3100 2891 3250 2945 papa
3297 2879 3458 2945 quod
3509 2879 3741 2949 petebat,
3766 2881 3811 2931 et

2202 2961 2400 3014 Carolo
2452 2975 2522 3012 ne
2567 2959 2677 3013 sibi
2711 2959 2927 3014 bellum
2959 2960 3198 3017 inferret
3229 2964 3548 3033 prohibito.
3581 2969 3699 3038 Ipse
3725 2982 3810 3020 au-

2202 3053 2318 3102 tem
2353 3047 2584 3102 interim
2618 3047 2934 3118 imperator
2957 3050 3142 3120 magis
3167 3053 3478 3124 magisque
3500 3053 3810 3110 attendebat

2202 3135 2326 3208 paci
2378 3135 2645 3192 Ecclesiae
2676 3139 3049 3206 procurandae
3099 3139 3436 3210 arctiusque
3469 3143 3808 3215 stringeudze,

2203 3224 2471 3279 homines
2513 3224 2720 3280 Italicas
2765 3225 3025 3292 ditionis,
3063 3227 3311 3282 maxime
3364 3233 3416 3285 si
3465 3227 3812 3286 ecclesiastici

2202 3317 2399 3368 essent
2436 3316 2492 3368 et
2538 3313 2723 3367 Latini
2757 3313 2928 3379 ritus,
2963 3315 3105 3369 forte
3133 3318 3640 3390 Constantinopoli
3670 3335 3814 3390 pere-

2200 3400 2500 3471 grinantes
2520 3405 2620 3456 aut
2641 3402 2916 3473 degentes
2949 3402 3499 3462 benevolentissime
3529 3407 3813 3462 admittens

2203 3489 2622 3560 adhibensque.
2657 3490 2717 3545 Id
2753 3491 2905 3560 quod
2947 3492 3253 3548 observare
3282 3493 3452 3551 licuit
3484 3496 3542 3551 in
3574 3496 3816 3568 episcopo

2201 3578 2497 3649 quondam
2557 3577 2835 3644 Crotona,
2868 3578 2989 3633 viro
3026 3578 3232 3636 litteris
3263 3583 3485 3639 diviuis
3517 3583 3814 3656 pererudito

2201 3672 2258 3720 et.
2277 3664 2659 3737 linguajuxta
2692 3670 2938 3737 utraque
2961 3668 3198 3738 diserto,
3219 3687 3396 3740 quem
3424 3673 3482 3727 in
3505 3671 3815 3744 patriarcha

2200 3753 2479 3808 comitatu
2513 3753 2858 3809 collocatum
2891 3754 3059 3826 eique
3089 3760 3570 3814 commendatum
3593 3764 3716 3832 post
3735 3756 3818 3812 ali-

2200 3841 2352 3912 quod
2385 3846 2618 3911 tempus
2650 3841 2830 3895 sacris
2879 3842 3060 3897 Graeci
3114 3843 3263 3900 ritus
3306 3849 3574 3904 vestibus
3626 3843 3813 3910 induit,

2198 3929 2395 3985 volens
2431 3946 2864 3999 procursusque
2890 3935 2952 3985 ut
2981 3931 3224 3987 ecclesia
3251 3933 3348 3989 hic
3379 3937 3430 3990 ei
3463 3933 3850 4007 gubernanda.

2199 4033 2302 4088 per
2330 4017 2775 4089 delegationem,
2812 4023 2878 4072 ut
2908 4019 3056 4074 solet
3087 4021 3220 4088 dici,
3251 4025 3619 4093 traderetur;
3669 4027 3817 4090 cujus

2197 4105 2575 4175 delegationis
2633 4123 2810 4177 capax
2867 4111 3011 4176 erat,
3059 4109 3271 4180 quippe
3324 4113 3430 4182 qui
3482 4113 3629 4184 ejus,
3662 4123 3814 4182 quam

2197 4195 2450 4263 primum
2488 4195 2674 4248 fuerat
2705 4193 2973 4263 sortitus,
2993 4211 3134 4250 cura
3161 4203 3217 4252 et
3246 4197 3819 4268 gubernationeliber

2197 4285 2370 4336 esset.
2403 4283 2563 4345 Quod
2596 4281 2864 4336 effectum
2897 4282 3051 4337 haud
3087 4285 3260 4340 dubie
3301 4287 3532 4355 fuisset,
3567 4288 3676 4342 nisi
3721 4284 3814 4340 sub

2196 4369 2315 4424 haec
2351 4369 2448 4423 ille
2481 4369 2878 4440 deprehensus
2912 4372 3100 4426 moliri
3152 4373 3348 4430 nescio
3401 4376 3546 4447 quid
3601 4373 3814 4429 inimico

2195 4457 2391 4512 animo
2439 4458 2497 4510 in
2549 4462 2810 4512 nostrum
2867 4459 3171 4525 damnum,
3219 4460 3276 4515 in
3323 4465 3538 4518 vestitu
3599 4461 3812 4533 quidem

452 4531 637 4606 unum
658 4531 836 4604 unius
867 4546 1129 4602 Ecclesiae
1161 4563 1372 4617 corpus
1395 4562 1525 4600 cum
1553 4544 1712 4599 Italis
1734 4545 2085 4616 conﬂantes;
2117 4531 2163 4594 D
2193 4550 2386 4600 Graeco
2411 4561 2774 4616 perseverare
2805 4546 3130 4617 permissus
3161 4548 3334 4603 etiam
3366 4557 3573 4622 postea
3603 4531 3810 4613 fuisset,

446 4655 509 4694 se
530 4653 760 4710 quoque
792 4651 1003 4707 papam
1029 4635 1240 4690 habere
1272 4638 1444 4704 atque
1477 4648 1790 4706 agnoscere
1810 4633 2082 4705 spiritua-

443 4727 555 4782 lem
581 4725 1248 4796 Patrcm,episcoporum
1275 4722 1538 4778 omnium
1564 4723 1908 4794 principem.
1938 4723 2081 4778 Huic

443 4813 789 4886 professioni
823 4812 1240 4884 promissiones
1271 4811 1326 4864 in
1356 4816 1652 4881 posterum
1712 4810 2079 4880 plausibilio-

444 4918 537 4958 res
594 4901 864 4966 addebat,
921 4901 1200 4954 daturum
1261 4913 1322 4953 se
1348 4897 1398 4952 ei
1456 4897 1728 4953 videlicet
1785 4899 2078 4954 efficacem

444 5006 680 5062 operam
713 5005 828 5060 quo
869 4987 928 5042 in
979 5004 1162 5043 unum
1215 4987 1363 5041 ovile
1414 4986 1775 5056 redigeretur
1830 4986 2082 5042 Ecclesia

447 5078 569 5146 Dei,
586 5077 888 5134 nationum
913 5075 1252 5131 discrimine
1275 5073 1598 5141 sublato,et
1619 5073 1893 5128 seandalo
1911 5076 2077 5130 dam-

445 5166 574 5220 nosi
627 5165 880 5232 discidii,
921 5180 1037 5236 quo
1092 5163 1316 5217 dudum
1370 5161 1694 5233 perniciose
1749 5164 2078 5218 communis

443 5253 752 5310 concordia
807 5252 1214 5315 dirimebatur,
1257 5250 1328 5304 de
1385 5250 1578 5304 medio
1634 5252 1823 5304 amoto
1873 5267 1886 5304 :
1934 5251 2076 5306 nihil

439 5341 594 5395 enim
617 5341 742 5411 jam
771 5340 1124 5395 obstiturum
1153 5337 1470 5409 quominus
1491 5337 1549 5389 id
1582 5336 1765 5401 fieret,
1789 5339 2078 5393 restitutis

439 5429 496 5483 in
532 5429 777 5501 patriam
827 5428 1128 5498 antiquam
1164 5442 1332 5480 suam
1364 5425 1925 5497 Constantinopolim
1961 5428 2078 5484 illis

442 5519 542 5588 qui
573 5535 640 5572 ex
668 5534 735 5573 ea
765 5517 918 5572 360
951 5517 1173 5571 dudum
1215 5513 1367 5585 pulsi
1400 5530 1501 5585 per
1531 5513 1765 5569 Latinos
1828 5516 2075 5572 fuerant.

437 5605 599 5660 Talia
620 5604 799 5660 simul
821 5603 1071 5659 subinde
1090 5602 1436 5674 inculcabat,
1461 5601 1638 5658 simul
1657 5619 1862 5659 aurum
1887 5608 2077 5661 trans-

2189 4640 2384 4689 tamen
2404 4634 2620 4689 amissa
2653 4635 2857 4690 deinde
2885 4635 3254 4708 imperatoris
3283 4640 3476 4710 gratia
3506 4639 3814 4696 exsulatum

2190 4724 2342 4778 circa
2368 4722 2701 4777 Heracleam
2735 4724 2902 4778 Ponti
2929 4726 3142 4781 missus
3167 4732 3319 4783 esset
3341 4729 3414 4783 ob
3439 4728 3634 4784 nescio
3658 4738 3812 4797 quam

2191 4811 2417 4866 civilem
2450 4827 2711 4867 causam.
2739 4813 2798 4866 lu
2823 4829 2938 4882 qua
2961 4812 3086 4882 ipsa
3115 4830 3243 4868 eam
3275 4815 3549 4872 adhibuit
3572 4817 3813 4870 modera-

2190 4899 2433 4966 tionem,
2454 4903 2518 4953 ut
2547 4898 2866 4955 declararet
2889 4917 3002 4955 non
3027 4902 3258 4958 obstare
3291 4921 3351 4960 se
3382 4905 3702 4976 quominus
3729 4916 3804 4964 eo,

2189 4980 2325 5044 licet
2354 4988 2659 5044 exsulante
2689 5006 2794 5044 suo
2819 4991 3014 5060 jussu,
3051 4991 3303 5048 Ecclesia
3333 4995 3399 5048 ad
3437 4994 3814 5065 quodcunque

2189 5076 2388 5132 utilem
2422 5080 2649 5147 putaret
2681 5081 2960 5132 uteretur.
2991 5078 3151 5134 Alios
3183 5097 3314 5136 vero
3358 5083 3597 5137 Latinos
3646 5075 3811 5150 pluri-

2189 5183 2315 5221 mos
2338 5166 2469 5220 etin
2505 5166 2576 5221 iis
2607 5166 2928 5238 saepissime
2960 5167 3208 5233 Frerios,
3241 5169 3581 5225 humaniter
3609 5163 3813 5236 excepit

2188 5259 2244 5308 et
2263 5255 2321 5308 in
2345 5254 2652 5309 ecclesiam
2679 5254 2864 5321 misit,
2888 5259 2954 5310 ut
2975 5255 3054 5310 ibi
3083 5257 3155 5312 ab
3185 5257 3478 5328 episcopis
3501 5262 3558 5313 et
3579 5254 3810 5328 patriar-

2188 5342 2362 5396 archa
2400 5341 2454 5395 in
2489 5359 2722 5397 omnem
2776 5341 2953 5397 libere
3003 5361 3302 5400 sacrorum
3348 5344 3811 5400 communionem

2188 5429 2658 5499 admitterentur,
2717 5431 3048 5499 oblationis,
3109 5433 3468 5504 psalmodiis,
3525 5433 3809 5505 ingressus

2188 5519 2515 5590 adytorum,
2545 5519 2887 5588 stationum,
2922 5520 3382 5593 participationis
3436 5522 3588 5577 861
3642 5512 3807 5574 divini

2188 5608 2379 5679 panis,
2403 5624 2576 5680 quem
2611 5606 2943 5664 antidorum
2969 5617 3191 5679 vocant,
3215 5609 3440 5666 cunctis
3473 5609 3637 5665 hisce
3665 5620 3808 5662 com-
