4110 6280
275 355 377 410 813

1340 354 1436 406 ΒΕ
1473 351 1843 406 MICHAELE
1882 349 2323 406 PALEOLOGO
2359 351 2491 404 LIB.
2534 353 2600 403 V.

3552 347 3657 401 814

275 475 614 544 στάσεσιν,ἐν
663 475 966 549 μεταλήψει
1018 478 1118 529 τοῦ
1176 472 1320 538 θείου
1351 470 1535 548 δίρτου,
1593 473 1651 526 ὃν
1682 469 1911 526 ἀντίδω-
1944 472 2194 545 Αχῆθεν
2253 471 2341 526 καὶ
2400 473 2485 526 ἐπὶ
2550 471 2931 548 μεγαλειότητι
3001 469 3235 541 ἐξουσίας
3301 470 3655 542 τιμώμενον,

275 585 363 641 ρον
406 564 691 638 λέγουσιν,
740 563 799 618 ἐκ
845 565 1058 618 πάντων
1109 561 1296 617 ἄλλων
1347 561 1495 630 πλὴν
1559 559 1912 634 μεταλήψεως

275 653 354 728 (οὗ
398 654 498 727 γάρ
539 650 794 727 ἔχρῃζον)
829 653 928 719 τὴν
981 650 1060 711 εἷς
1111 649 1305 724 ἐγγύας
1350 648 1604 721 κειμένην
1653 652 1759 701 τῶν
1789 649 1912 702 Έκ-

271 740 516 808 κλησιῶν
561 739 784 814 είρήνην
833 735 1184 812 κατεμπεὲὧν
1256 758 1312 791 τε
1360 737 1448 790 καὶ
1507 734 1911 813 προασῳαλιζό-

283 844 465 901 μενος,

274 989 333 1042 θ’.
400 989 581 1048 Ὅπως
657 979 908 1059 πρέσϐεις
967 984 995 1059 ῥ
1065 981 1327 1059 β²⁰,ιλεί3⁶ἱ
1397 983 1534 1056 πρὸς
1611 983 1700 1036 τὸν
1771 980 1913 1057 ﬁla

761 1053 1044 1130 Φραγγίας
1066 1052 1424 1108 ἀπέστελλεν.

345 1185 424 1254 [Ρ.
473 1183 599 1252 246]
643 1182 894 1252 Ἔπεμπε
943 1177 999 1232 δὲ
1043 1179 1134 1233 καὶ
1188 1174 1381 1250 ἄνδρας
1433 1176 1912 1246 ἐκκλησιαστικοὺς

272 1269 416 1325 πολὺ
445 1269 506 1322 τὸ
538 1268 857 1339 ἀξιοπρεπές
886 1265 944 1320 ἔκ
970 1287 1028 1320 τε
1069 1265 1276 1338 τρόπου
1329 1265 1416 1318 καὶ
1449 1265 1712 1342 ὀφφικίων
1747 1260 1910 1339 ἕχον-

270 1377 366 1420 τας
409 1357 543 1431 πρὸς
584 1356 676 1410 τὸν
726 1354 864 1430 ῥῆγα
914 1355 1188 1428 Φραγγίας
1218 1399 1232 1424 ,
1286 1352 1615 1429 αὐτάδελφον
1670 1351 1760 1425 μέν
1814 1357 1910 1406 τοῦ

272 1442 560 1517 Καροῦλου
616 1443 679 1496 τὸ
736 1441 890 1516 γένος
952 1437 1100 1508 ὄντα,
1149 1442 1276 1504 τοὺς
1323 1441 1564 1515 τρόπους
1613 1438 1669 1494 δὲ
1716 1439 1910 1508 ἥκιστα

267 1529 642 1604 ἀδελφίζοντα.
677 1531 742 1586 Οἱ
793 1526 837 1582 δ’
893 1529 1026 1597 ἦσαν
1058 1530 1088 1582 ὅ
1114 1550 1172 1584 τε
1200 1536 1298 1598 τῆς
1345 1526 1674 1597 Ἐκκλησίας
1709 1547 1908 1602 χαρτο-

267 1619 440 1696 φύλαξ
487 1619 514 1671 ὁ
571 1624 766 1678 Βεκκος
814 1617 903 1669 καὶ
955 1617 980 1669 ὁ
1035 1621 1131 1670 τοῦ
1184 1615 1470 1691 βασιλικοῦ
1524 1613 1907 1690 ἀρχιδιάκονος

264 1708 478 1779 κλήρου
511 1704 953 1772 Μελιτηνιώτης.
1005 1705 1101 1765 Οἷς
1157 1702 1222 1771 δη
1275 1705 1363 1758 καὶ
1398 1705 1498 1758 οὐκ
1524 1703 1802 1777 ἐκχιυροῦν
1836 1705 1911 1766 εἷς

2016 563 2151 635 πρὸς
2203 559 2260 616 δέ
2303 563 2394 617 καὶ
2438 561 2568 623 τοὺς
2612 562 2847 636 τρόπους
2898 560 3077 629 εὐθὺν,
3125 560 3218 615 τὸν
3276 557 3521 634 δεύτερον
3564 559 3655 614 καὶ

2017 651 2146 724 χθὲς
2178 651 2252 714 εἰς
2283 651 2424 725 ῥῆγα
2472 649 2854 723 τετιμημένον,
2913 650 3046 723 πρὸς
3099 647 3153 704 δὲ
3200 647 3290 702 καὶ
3345 651 3412 722 τῇ
3445 647 3656 718 ἐξουσίᾳ

2016 738 2353 811 λειπόμεπον
2402 739 2491 792 καὶ
2537 737 2594 793 δε
2637 738 2859 794 σκολιὸν
2910 739 3133 802 πείθειν·
3189 735 3329 810 μηδὲ
3357 739 3457 811 γὰρ
3489 738 3654 792 ἀπευ-

2016 825 2260 890 θῦνεσθαί
2308 848 2440 881 ποτε
2485 829 2546 881 τὸ
2604 829 2764 903 ὀρθὸν
2812 828 2948 902 πρὸς
2990 828 3052 881 τὸ
3103 824 3346 894 σκολιὸν,
3381 823 3504 880 εἶδ’
3537 825 3651 896 οὖν,

2019 912 2148 986 μηδ’
2178 914 2653 983 ἀποσκολιοῦσθαι,
2685 914 2828 970 ἀλλᾶ
2857 916 2917 969 τὸ
2969 913 3187 969 σκολιὸν
3233 914 3369 987 πρὸς
3411 913 3473 967 τὸ
3505 912 3652 982 εὐθὺ,

2015 1006 2141 1077 παρ’
2197 1004 2224 1056 ὃ
2274 1004 2363 1058 καὶ
2404 1006 2438 1072 ἡ
2483 1003 2826 1078 προσηγορία
2871 1011 2971 1072 τῆς
3031 1004 3326 1070 ποιότητος
3370 1001 3650 1072 εἴληπται.

2014 1091 2085 1145 Εἴ
2116 1092 2208 1164 μὲν
2253 1091 2342 1145 οὖν
2403 1091 2603 1161 πείθοι,
2651 1091 2777 1146 ἀλλ’
2821 1090 2911 1145 οὖν
2961 1090 3305 1166 ἐντυγχάνειν
3351 1095 3430 1162 τῷ
3460 1092 3654 1162 πάππᾳ

2019 1180 2150 1254 ὑπὲρ
2205 1181 2473 1253 Γραικῶν,
2517 1177 2765 1256 ἀδελφῶν
2823 1181 2913 1234 καὶ
2969 1181 3146 1233 αὐτῶν
3204 1177 3374 1233 ὄντων
3429 1178 3655 1234 καὶτοῦ

2018 1268 2176 1321 αὐτοῦ
2232 1268 2549 1340 ἠξιωμένων
2630 1269 2935 1340 ὀνόματος,
2997 1267 3083 1320 καὶ
3141 1265 3314 1330 οὕτως
3379 1265 3657 1321 ἐκκόπτειν

2015 1356 2296 1429 πειρὰσθαι
2341 1356 2406 1409 τὰ
2453 1354 2587 1409 κατὰ
2633 1359 2738 1409 τῶν
2785 1355 3071 1427 Ῥωμαίων
3119 1358 3214 1408 τοῦ
3265 1352 3500 1430 ἀδελφοί)
3549 1375 3654 1426 μη-

2014 1443 2322 1515 χανήματα.
2397 1445 2570 1495 Ταῦτα
2642 1444 2737 1494 τοῖ’)
2799 1438 3067 1513 βασιλέως
3146 1436 3477 1511 ὸναθεμένου
3539 1444 3656 1500 τοῖς

2013 1526 2354 1604 πρεσϐευσιν,
2416 1531 2516 1583 ὑπὸ
2576 1529 2788 1603 μεγάλῃ
2846 1528 3100 1602 θεραπείᾳ
3153 1526 3288 1582 λαοῦ
3333 1548 3391 1582 τε
3431 1527 3517 1581 καὶ
3555 1526 3656 1601 βα-

2013 1619 2238 1673 σιλικῶν
2271 1616 2492 1672 εἶ’κόνων
2516 1617 2606 1672 καὶ
2664 1617 3002 1688 ἐκπωμάτων
3056 1615 3144 1669 καὶ
3195 1616 3414 1690 βαρείας
3446 1612 3654 1684 ἐξόδου.

2013 1708 2085 1767 ὡς
2138 1705 2225 1760 καὶ
2287 1707 2543 1781 φανέντας
2605 1704 2772 1777 μόνον
2821 1703 3107 1772 ἐκκλῆξαέ,
3165 1701 3401 1776 ἐξῄεσαν.
3462 1704 3551 1764 Ὠς
3609 1699 3657 1756 δ’

273 1795 592 1868 βρεντήσιον
644 1790 1091 1863 διαπεραιοῦσθαι
1142 1792 1229 1845 καὶ
1276 1795 1344 1864 γῇ
1376 1791 1698 1865 χρωμένους
1751 1789 1906 1864 βαδί-
1943 1822 1990 1885 Β
2022 1792 2252 1848 Αὐλῶνα
2284 1795 2574 1870 φθάσαντες
2629 1794 2715 1847 καὶ
2761 1792 2887 1859 νηὸς
2929 1785 3209 1852 ἐπιϐάντες
3255 1790 3490 1865 Παχύνῳ
3520 1788 3657 1865 ἄκρᾳ

271 1889 402 1952 ζειν,
433 1882 530 1948 τήν
590 1881 683 1952 μὲν
733 1881 897 1954 μέχρι
945 1880 1033 1932 καὶ
1081 1878 1338 1940 Αὐλῶνος
1385 1878 1728 1942 ὁδὸνῗπποις
1759 1899 1914 1954 χρω-

273 1971 466 2042 μένους
517 1966 718 2022 ὁὸε·5ειν
764 1972 1045 2041 παρεῖχεν,
1094 1967 1291 2030 ἐκεῖθεν
1345 1965 1400 2020 δέ
1448 1969 1576 2036 νηὸς
1619 1964 1905 2030 ἐπιϐάντας

264 2059 353 2111 καὶ
389 2056 656 2110 θάλασσαν
687 2055 976 2125 τέμνοντας
1005 2058 1102 2123 τὴν
1145 2056 1194 2116 ἐς
1240 2057 1329 2109 τὸν
1383 2055 1544 2130 ρἧα,
1597 2055 1732 2109 ὅπου
1787 2058 1904 2110 ποτ’

269 2145 328 2199 ἂν
373 2143 610 2219 εὑρεθείη
668 2140 905 2218 διάγων,
958 2144 1220 2197 ποιεῖσθαι
1273 2140 1675 2214 διαπεραιωσιν,
1703 2146 1803 2199 Ἦν
1850 2142 1907 2198 δέ

267 2233 320 2286 οἱ
353 2233 381 2284 ὁ
413 2238 511 2298 τῆς
542 2225 827 2302 πρεσϐείας
886 2231 1084 2291 σκοπὸς
1142 2231 1388 2284 κάκεῖνον
1445 2229 1645 2302 δώροις
1689 2231 1778 2285 καὶ
1810 2230 1905 2286 λό-

267 2340 387 2392 γοις
423 2319 498 2382 ὡς
555 2316 778 2372 δυνατὸν
831 2317 1287 2389 ἐκμειλίσσεσθαι,
1343 2318 1432 2372 καὶ
1489 2323 1903 2394 παρασκευάζειν

263 2407 538 2480 εἰρηνικὸν
591 2401 717 2460 ὄντα
764 2411 881 2466 ταῖς
933 2408 1142 2482 φήμαις
1190 2408 1416 2483 γράφειν
1468 2408 1561 2478 μὲν
1629 2408 1719 2460 καὶ
1770 2429 1906 2482 προς

259 2496 354 2550 τὸν
405 2491 638 2569 ἀδελφὸν
691 2495 758 2547 τὰ
807 2493 987 2548 εἷ’κότα
1043 2495 1131 2548 καὶ
1180 2494 1243 2548 τὸ
1293 2496 1489 2567 θράσος
1549 2493 1902 2567 ἐκμαλάττειν

263 2583 356 2638 καὶ
411 2582 507 2642 τὰς
556 2581 728 2656 ὁρμὰς
777 2580 982 2635 ἐκείνου
1032 2581 1266 2656 ἀνέχειν.
1315 2585 1465 2638 Ῥᾶον
1513 2583 1636 2658 γὰρ,
1690 2585 1764 2645 ὡς
1815 2584 1904 2638 καὶ

262 2689 387 2726 τινα
415 2666 638 2742 οἴεσθαι,
668 2673 883 2744 πρῶτον
912 2665 1039 2723 ὄντα
1085 2669 1173 2723 καὶ
1223 2676 1368 2744 ρῆγα
1409 2674 1772 2743 τετιμημένον
1808 2673 1903 2747 ἀρ-

277 2887 767 2944 municalionibas
799 2887 1059 2956 (excepta
1087 2885 1318 2940 interim
1371 2885 1498 2940 sola
1541 2887 1908 2958 perceptione

283 2976 432 3033 sacri
456 2976 649 3030 calicis
684 2992 696 3028 :
733 2990 843 3028 non
877 2973 1031 3028 enim
1053 2973 1202 3028 hanc
1233 2973 1314 3027 illi
1344 2975 1906 3046 quaerebant),quam

278 3065 430 3120 serio
464 3067 910 3135 procuraturam
945 3063 1336 3132 spoponderat
1363 3066 1418 3115 et
1444 3067 1907 3132 perpetratarum

2024 1881 2278 1942 Σικελίας
2307 1881 2635 1955 προσέσχον,
2674 1881 2997 1952 μανθάνουσι
3045 1880 3208 1953 πέραν
3253 1879 3388 1954 πρὸς
3423 1885 3654 1953 Καρχη-

2022 1968 2192 2042 δόνα,
2248 1969 2313 2038 ἦν
2365 1969 2616 2026 Τούνισιν
2677 1968 2958 2043 λέγουσιν,
3021 1966 3316 2021 ἀπελθόντα
3369 1968 3459 2022 τὸν
3517 1967 3658 2042 ῥῆγα

2015 2059 2128 2118 τοῖς
2176 2058 2312 2111 κατὰ
2358 2052 2564 2126 Λιϐύην
2626 2056 2847 2128 Αἰθίοψι
2915 2053 3200 2126 πολεμεῖν.
3267 2054 3372 2110 Καὶ
3443 2052 3508 2124 δὴ
3569 2054 3649 2132 ἐφ’

2015 2147 2245 2220 ἡμέραις
2323 2145 2491 2199 ἐκεῖσε
2564 2142 3044 2219 ναυλοχησάμενοι
3120 2143 3418 2205 ἀπαυτόθεν
3494 2142 3653 2206 εὐθὺς

2014 2233 2312 2294 Τουνίσεως
2368 2231 2627 2304 ἤλαυνον,
2678 2234 2740 2286 τὸ
2803 2231 3084 2286 Σικελικὸν
3153 2231 3652 2304 καταμετρούμενοι

2015 2319 2270 2396 πέλαγος,
2307 2325 2387 2392 [Ρ.
2421 2325 2552 2392 247]
2583 2321 2664 2398 ἐφ’
2703 2320 2796 2374 οὗν
2847 2317 2912 2388 δὴ
2962 2319 3050 2373 καὶ
3097 2319 3336 2394 ναυαγίῳ
3367 2320 3653 2393 χρησάμε-

2013 2430 2099 2464 νοι
2129 2411 2254 2484 παρ’
2285 2407 2475 2484 ὀλίγον
2505 2410 2692 2478 ἦλθον
2738 2412 2835 2462 τοῦ
2887 2409 3226 2483 βυθισθῆναι.
3282 2407 3370 2467 Ὠς
3402 2403 3459 2459 δὲ
3493 2405 3655 2480 μόλις

2015 2498 2201 2553 πολλὰ
2225 2498 2482 2562 παθόντες
2515 2493 2824 2564 ὀπέϐαινον,
2854 2500 2932 2568 τῷ
2967 2497 3062 2568 μὲν
3107 2495 3231 2571 ῥηὸὶ
3281 2493 3335 2549 ἐν
3381 2493 3654 2570 ἀρρωστίᾳ

2015 2584 2129 2640 ὄντι
2187 2585 2405 2660 χαλεπῇ
2462 2581 2852 2660 προσελθόντες
2894 2583 2961 2638 τὰ
3018 2583 3272 2659 βασιλικὰ
3325 2580 3649 2657 ἐνεχείριζον

2012 2675 2326 2748 γράμματα.
2355 2676 2415 2742 ὀ
2445 2672 2501 2728 δὲ
2551 2673 2646 2749 ῥήξ
2700 2673 2774 2744 μὴ
2826 2668 2956 2725 ἔνων
2991 2671 3020 2725 δ
3046 2691 3098 2724 τι
3150 2670 3239 2724 καὶ
3287 2666 3460 2743 δρῴη,
3491 2673 3650 2724 τοῦτο

2019 2890 2271 2961 denique
2300 2891 2671 2962 obliquoram
2707 2896 2764 2946 et
2795 2910 2826 2946 a
2857 2895 3012 2946 recto
3045 2890 3385 2944 inflexoram
3418 2903 3648 2944 morum

2019 2977 2436 3049 homo,qaibas
2468 2980 2792 3050 dirigendis
2837 2979 3144 3049 aptissima
3196 2985 3350 3033 esset
3391 2976 3649 3031 amassis

2019 3067 2321 3121 domestici
2355 3068 2602 3137 exempli
2635 3075 2692 3122 et
2711 3067 2827 3121 late
2850 3066 3440 3121 celebralarectitado
3462 3065 3650 3120 sancti

275 3156 593 3222 receperat,
621 3151 1004 3205 Ecclesiarum
1039 3166 1236 3220 pacem
1257 3150 1380 3220 jam
1416 3165 1568 3203 nunc
1599 3151 1910 3220 auspicans
1941 3185 1982 3250 Ο
2019 3155 2145 3223 ejus
2177 3154 2331 3226 regis
2356 3160 2474 3210 tam
2500 3160 2622 3208 arto
2647 3155 2729 3208 illi
2755 3153 3061 3224 sanguinis
3083 3152 3312 3207 vinculo
3335 3152 3650 3223 conjuncli:

269 3246 330 3298 et
360 3241 580 3295 sensim
613 3240 948 3310 usurpando
981 3239 1737 3310 obstaculaqueamoliendo
1768 3257 1906 3311 prie-

276 3345 571 3384 muniens.

311 3471 366 3523 9.
401 3471 461 3526 Ut
490 3468 512 3523 ι
522 3476 700 3538 egatos
731 3468 1033 3537 imperator
1059 3467 1129 3522 ad
1159 3483 1342 3538 regem
1370 3468 1614 3523 Mancia
1635 3468 1871 3524 miserit.

347 3591 506 3647 Misit
537 3595 732 3645 autem
761 3595 817 3644 et
845 3589 1000 3644 viros
1028 3590 1453 3645 ecclesiasticos
1487 3591 1680 3646 multa;
1714 3591 1912 3663 digni-

281 3680 444 3744 tatis,
477 3690 602 3734 tam
635 3677 836 3732 merito
868 3677 1148 3732 virtutum
1167 3682 1289 3731 tam
1316 3678 1637 3733 ofﬁciorum
1663 3679 1916 3734 auctori-

282 3773 403 3824 tate
425 3784 548 3837 quze
579 3766 873 3838 gerebant,
895 3766 964 3820 ad
986 3781 1176 3836 regem
1196 3766 1466 3833 Francim,
1490 3767 1677 3822 Caroli
1710 3784 1914 3836 genere

285 3856 552 3920 fratrem,
609 3869 944 3924 quanquam
1003 3853 1309 3924 utriusque
1367 3870 1556 3908 mores
1609 3854 1914 3909 minimum

285 3943 443 3998 inter
473 3959 535 3997 se
561 3941 964 4012 germani-tatis
995 3941 1392 4012 praeferebant.
1435 3943 1501 3995 Hi
1531 3947 1724 3997 autem
1761 3944 1919 3998 fuere

286 4029 676 4101 chatophylax
699 4029 954 4084 ecclesiae
990 4030 1203 4084 Veccus
1235 4034 1290 4084 et
1310 4030 1451 4101 regii
1480 4031 1919 4086 archidiaconus

287 4118 428 4175 cleri
459 4117 853 4173 Meliteniotes.
889 4117 988 4172 His
1038 4134 1165 4172 cum
1200 4134 1313 4172 non
1358 4119 1494 4173 licet
1549 4124 1704 4174 recta
1737 4121 1921 4174 Brun-

291 4207 529 4262 dusium
588 4205 852 4276 trajicere
906 4210 1141 4277 propter
1196 4207 1276 4261 ibi
1337 4208 1692 4263 dominantis
1741 4206 1924 4262 Caroli

293 4299 542 4357 metum,
611 4293 999 4364 prescriptum
1062 4300 1126 4348 at
1181 4295 1272 4348 via
1330 4296 1586 4350 terrestri
1642 4296 1924 4350 Aulonem

193 4389 210 4398 ‘
291 4382 610 4453 equitando
643 4397 704 4435 se
737 4383 1138 4448 transferrent,
1169 4382 1418 4454 indeque
1445 4401 1587 4439 nave
1609 4399 1928 4439 conscensa

293 4487 400 4542 per
429 4469 692 4524 altumin
727 4469 1025 4524 Franciam
1058 4471 1382 4538 tenderent,
1414 4471 1534 4527 illic
1565 4489 1758 4544 regem
1791 4488 1928 4525 con-

2018 3259 2128 3297 non
2163 3244 2315 3298 enim
2349 3247 2573 3298 rectum
2604 3244 2673 3297 ad
2729 3242 2950 3314 obliqui
2984 3257 3249 3296 normam
3303 3240 3652 3312 exigendam

2017 3336 2103 3385 est
2126 3331 2436 3396 (enimvero
2459 3331 2794 3402 depravatio
2819 3331 2940 3385 ha’c
2962 3329 3342 3402 quidem,non
3373 3329 3653 3383 correctio

2015 3419 2415 3490 esset),veram
2452 3419 2770 3490 obliquitas
2794 3419 3002 3473 detorti
3045 3417 3402 3488 exaequanda
3431 3416 3500 3471 ad
3525 3432 3649 3471 rec-

2014 3510 2164 3573 tum,
2198 3511 2263 3560 ut
2293 3506 2376 3560 sic
2406 3523 2513 3560 sua
2543 3511 2768 3561 constet
2798 3505 3008 3578 regula;
3042 3506 3185 3559 ratio
3215 3521 3279 3559 ac
3310 3505 3393 3558 vis
3425 3504 3651 3575 origine

2017 3593 2272 3648 indicata
2301 3593 2456 3648 vocis
2490 3611 2521 3647 ο.
2551 3595 2800 3664 regendo
2832 3599 2888 3648 et
2916 3593 3221 3664 dirigenda
3245 3593 3451 3647 ductae.
3487 3593 3646 3657 Quod

2019 3683 2067 3736 si
2100 3683 2444 3752 persuadere
2477 3682 2636 3735 fratri
2669 3697 2782 3736 non
2816 3685 3028 3751 posset,
3053 3685 3205 3736 certe
3257 3684 3452 3751 ageret
3494 3681 3645 3749 apud

2021 3786 2228 3841 papam
2266 3786 2366 3840 pro
2405 3770 2638 3836 Graecis,
2699 3769 2978 3822 fratribus
3035 3773 3091 3821 et
3148 3767 3292 3838 ipsis
3339 3771 3395 3822 et
3449 3768 3652 3822 eodem

2022 3857 2480 3912 Christianorum
2515 3855 2749 3911 nomine
2785 3855 3062 3925 dignatis,
3097 3854 3297 3924 sicque
3345 3859 3655 3909 conaretur

2024 3946 2338 4016 infringere
2369 3946 2564 4000 fratris
2595 3943 3138 3999 machinationesin
3188 3941 3500 3997 Romanos.
3556 3942 3657 3997 His

2027 4036 2098 4090 ab
2130 4035 2479 4104 imperatore
2510 4031 2803 4087 mandatis
2830 4031 3105 4100 acceptis,
3137 4030 3279 4083 dant
3326 4046 3386 4082 se
3419 4031 3476 4084 in
3502 4029 3654 4083 viam

2026 4122 2196 4194 legati
2217 4123 2490 4176 comitatu
2507 4139 2570 4175 ac
2588 4119 2861 4176 satellitio
2889 4118 3083 4190 stipati
3115 4133 3425 4172 numeroso
3448 4117 3663 4189 pariter

2029 4215 2085 4266 et
2113 4210 2499 4282 ornato,regio
2520 4209 2801 4281 ipsicultu
2840 4209 3246 4275 instructaque
3278 4205 3660 4277 supellectilis

2033 4297 2371 4369 splendida),
2390 4298 2893 4370 imperatoriarum
2915 4294 3238 4365 imaginum
3274 4311 3338 4348 ac
3369 4310 3662 4356 vasorum.

2035 4390 2100 4440 ut
2128 4386 2297 4457 longo
2332 4387 2443 4441 ista
2465 4385 2821 4457 portantium
2854 4387 3038 4437 tracta
3055 4387 3376 4452 cateraqae
3400 4381 3666 4453 magnifi-

2036 4475 2226 4528 centia
2259 4473 2502 4529 illustris
2535 4489 2757 4544 pompae
2791 4471 3093 4524 mirificam
3131 4468 3493 4541 egredientes
3525 4470 3667 4523 urbe

292 4556 526 4610 venturi
557 4557 894 4627 ubicunque
922 4557 1135 4612 versari
1163 4574 1293 4613 eum
1322 4559 1680 4630 contigisset.
1709 4560 1931 4630 Scopas
1964 4545 2006 4607 Ι)
2039 4562 2301 4616 attonitis
2330 4563 2457 4616 visu
2508 4560 2740 4633 populis
2779 4558 3028 4630 speciem
3079 4556 3335 4611 fecerint.
3383 4556 3666 4612 Aulonem

296 4644 610 4715 legationis
642 4650 764 4700 erat
790 4660 982 4715 regem
1016 4645 1185 4700 donis
1214 4652 1270 4700 et
1298 4647 1485 4702 verbis
1505 4651 1787 4718 quantum
1814 4646 1934 4700 fieri

299 4738 497 4802 posset
526 4732 791 4802 delinire,
824 4733 1140 4804 conarique
1171 4735 1460 4790 adducere
1518 4735 1732 4806 ipsum,
1761 4752 1935 4806 quem

297 4820 457 4874 fama
490 4821 708 4876 ferebat
739 4821 900 4890 pacis
927 4837 1055 4876 esse
1081 4823 1434 4891 studiosam,
1461 4823 1530 4876 ad
1565 4825 1936 4877 suadendum

298 4908 464 4962 fratri
497 4909 732 4981 scriptis
758 4908 972 4965 litteris
1004 4925 1074 4965 ne
1107 4909 1628 4981 belloinquietaret
1649 4911 1938 4966 Orientem

302 4997 441 5051 Erat
471 5002 663 5052 autem
696 4998 1012 5054 verisimile
1045 5017 1321 5070 magnam
1343 5001 1574 5070 pondus
1604 5000 1936 5056 habituram

296 5085 705 5141 auctoritatem
752 5088 993 5158 majoris
1052 5093 1188 5142 nata
1248 5088 1533 5160 germani,
1597 5089 1698 5161 qui
1756 5106 1852 5144 rex
1909 5106 1942 5144 a

299 5173 588 5245 principio
613 5175 823 5230 fuisset
847 5177 1322 5247 tantamqaeipsi
1353 5178 1607 5248 potentia
1627 5183 1939 5247 praestaret,

299 5262 373 5316 ad
443 5261 564 5317 hare
615 5263 718 5333 qui
779 5263 897 5317 vita
950 5267 1144 5318 rectas
1202 5267 1257 5317 et
1289 5264 1551 5319 moribus
1605 5265 1940 5336 inculpatae

303 5350 638 5416 haberetur,
699 5353 766 5405 ad
828 5351 1243 5406 emolliendum
1296 5353 1556 5407 animum
1607 5359 1663 5409 et
1725 5357 1940 5410 feroces

295 5438 554 5508 impetus
586 5440 899 5494 frenandos
921 5440 1104 5494 Caroli
1139 5439 1383 5495 minoris
1415 5445 1556 5496 nata
1593 5443 1807 5509 fratris,
1842 5444 1941 5514 qui

296 5541 488 5597 nuper
517 5531 748 5582 tantum
792 5527 982 5582 vocari
1033 5544 1131 5583 rex
1179 5529 1468 5598 cmpisset,
1515 5531 1944 5602 angustiusque

300 5629 370 5669 ac
401 5614 614 5685 Opibus
634 5615 786 5671 882
819 5616 1070 5670 fraterno
1104 5616 1349 5673 inferius
1393 5633 1638 5689 regnum
1681 5619 1942 5688 haberet,

2045 4651 2314 4721 pervecti,
2349 4651 2447 4704 ubi
2483 4666 2625 4704 nave
2672 4649 2791 4702 illic
2837 4662 3157 4700 conscensa
3200 4644 3536 4716 Pachynum
3582 4647 3670 4699 Si-

2045 4739 2188 4795 ciliae
2219 4742 2553 4803 tenuerant,
2587 4737 2833 4792 audiunt
2877 4741 3313 4804 transgressum
3360 4749 3553 4805 regem
3615 4735 3674 4788 in

2048 4827 2542 4882 adversumlittus
2575 4842 2750 4898 prope
2805 4823 3236 4890 Carthaginem,
3288 4838 3464 4892 quam
3517 4839 3672 4877 nunc

2046 4921 2257 4970 vocant
2286 4915 2604 4981 Tanissim,
2638 4929 2766 4968 cum
2801 4910 3169 4981 Ethiopibus
3198 4909 3449 4964 Africam
3483 4914 3678 4965 tenen-

2048 5004 2204 5059 tibus
2233 5004 2466 5060 bellare.
2500 5001 2742 5074 Ergoibi
2775 4999 2980 5054 morati
3012 4996 3213 5068 paucis
3273 4997 3502 5062 diebus,
3563 4999 3678 5053 sol-

2047 5096 2245 5146 ventes
2276 5092 2344 5146 ad
2385 5089 2640 5145 Siculam
2692 5086 3083 5143 emetiendum
3131 5083 3340 5139 fretam
3385 5085 3680 5140 Tanissim

2048 5195 2272 5242 versas,
2305 5195 2506 5233 navem
2533 5177 2632 5232 illo
2649 5192 2820 5231 cursu
2845 5174 3164 5244 fregerant,
3189 5175 3247 5225 et
3269 5188 3472 5242 parum
3497 5172 3685 5227 abfuit

2051 5269 2187 5338 quin
2220 5271 2636 5335 mergerentur.
2685 5265 2758 5319 Ut
2814 5267 3006 5317 autem
3065 5260 3156 5312 vix
3214 5259 3446 5312 tandem
3499 5259 3684 5313 multa

2053 5356 2310 5426 perpessi
2344 5355 2786 5419 exscenderant,
2810 5349 2926 5421 regi
2955 5365 3019 5403 ex
3044 5346 3201 5418 gravi
3237 5345 3434 5401 morbo
3450 5347 3683 5400 decum-

2053 5443 2208 5497 benti
2241 5442 2463 5498 litteras
2493 5439 2861 5514 imperatoris
2885 5432 3686 5492 reddiderant.Rexineertus

2054 5533 2192 5603 quid
2227 5536 2440 5603 ageret,
2486 5533 2623 5587 hinc
2679 5530 2915 5602 quidem
2977 5525 3178 5579 morbo
3238 5526 3496 5594 urgente,
3551 5522 3687 5578 inde

2058 5619 2194 5676 belli
2225 5620 2527 5676 districtus
2557 5620 2734 5687 curis,
2762 5611 3176 5686 supersedebat
3197 5610 3559 5682 expeditione
3592 5627 3687 5664 ne-
