4130 6270
457 355 566 411 815

1749 354 2046 413 GEORGII
2088 357 2549 413 ΡΔΟΗΥΜΒΕΕ

3737 364 3822 421 816

462 476 556 549 μὲν
590 475 903 552 ἀρρωστῶν,
934 475 1093 533 τούτο
1125 476 1183 532 δὲ
1219 478 1309 533 καὶ
1358 476 1628 550 πολέμοις
1679 475 2094 553 ἒνασχολούμε-
2124 482 2178 548 Α
2209 476 2365 542 εὐθὺς
2397 478 2850 553 ἐνσκευασοίμενοι
2893 479 2985 536 τὸν
3036 482 3227 555 νεκρὸν
3274 481 3478 539 ἐκείνου
3522 485 3597 549 ὡς
3626 485 3676 540 ἐν
3705 485 3829 559 πλη-

457 584 572 634 νος,
616 565 819 639 ἀνήρτα
861 585 917 619 τε
970 567 1187 627 τούτοις
1241 566 1308 620 τὰ
1356 565 1645 639 πράγματα
1700 566 1788 620 καὶ
1849 566 1983 640 πρὸς
2036 567 2097 621 τὸ

459 654 877 726 νοσοκομεῖσθαι
908 654 995 723 ᾖν.
1029 654 1094 709 Οἱ
1145 651 1203 707 δὲ
1253 656 1370 717 καθ’
1418 655 1628 729 ἡμέραν
1682 655 1854 727 θέαμα
1911 655 2094 729 ἑώρων

462 738 694 795 ἐλεεινὸν
751 742 1066 815 Ἀγαρηνῶν
1116 742 1310 814 μεταξυ
1366 742 1455 796 καὶ
1506 743 1769 799 Λατίνων.
1801 742 1937 812 Ἐξω
1994 743 2099 817 γὰρ

463 825 737 898 θαλάσσης
840 828 1357 906 ἐπιταφρευσάμενοι
1468 828 1665 886 Ἰταλοὶ
1774 829 2099 903 ὀχυρώματι

463 913 707 988 ἐχρῶντο
765 919 832 989 τῇ
864 916 1070 990 τάφρῳ,
1110 918 1171 971 τὸ
1231 917 1422 989 μεταξὺ
1470 918 1811 990 κατέχοντεςο
1843 916 1995 972 Αἷθίο
2044 938 2096 979 ες

462 1000 520 1056 δὲ
550 1001 862 1079 Καρχηδόνι
913 1005 1154 1080 φρουρίῳ
1198 1026 1257 1058 τε
1284 1005 1375 1059 καὶ
1434 1004 1757 1081 ὁρμητηρίῳ
1815 1006 2097 1079 χρώμενυι

465 1092 612 1166 εἶχον
652 1093 748 1165 μὲν
795 1092 845 1145 ἐν
891 1092 1121 1167 ἀσφαλεῖ
1170 1095 1456 1163 καθῆσθαι,
1515 1095 1662 1168 εἶχον
1719 1092 1776 1147 δὲ
1840 1095 1924 1147 καὶ
1986 1092 2092 1164 ὅπη

464 1181 713 1255 παρείκοι
740 1180 1083 1257 θαρρούντως
1113 1183 1309 1256 ὁρμᾷν.
1351 1183 1447 1235 Καὶ
1497 1186 1741 1256 συνεχῶς
1789 1184 1903 1236 καθ’
1959 1183 2097 1254 ἠμέ-

460 1289 554 1342 ραν
588 1266 945 1340 διεπολέμουν
978 1270 1112 1340 πρὸς
1161 1267 1465 1339 ἀλλήλους,
1500 1271 1572 1333 ὡς
1602 1270 1886 1333 πλείστους
1918 1271 2095 1345 ἀμφο-

454 1357 682 1432 τέρωθεν
720 1356 952 1412 πίπτειν.
1002 1355 1279 1413 Ἐπέκειτο
1314 1355 1369 1411 δὲ
1401 1356 1599 1430 λοιμὸς
1647 1357 1899 1431 ἰσχυρὸς,
1937 1357 2096 1427 ἔθνη-

456 1466 580 1498 σκον
610 1442 668 1499 δὲ
716 1443 1092 1520 ἐπασσύτεροι,
1149 1445 1238 1499 καὶ
1297 1446 1324 1499 ὁ
1384 1445 1596 1508 θάπτων
1648 1445 1751 1499 οὐκ
1806 1446 1895 1517 ἦν,
1927 1447 2090 1518 πυραὶ

455 1529 511 1586 δὲ
566 1531 764 1587 νεκύων
821 1533 881 1587 ού
936 1533 1153 1588 καίοντο
1232 1534 1712 1602 κατατεθνηώτων.
1798 1534 1860 1587 Ἥ
1889 1535 2091 1612 τάφρος

456 1617 502 1675 δ’
550 1618 721 1691 ἐκείνη
785 1620 965 1696 εὐρεῖά
1018 1643 1076 1676 τε
1120 1622 1209 1677 καὶ
1267 1621 1451 1697 ῥαθεὶα
1518 1622 1647 1676 οὖσα
1721 1620 1815 1682 οὓς
1892 1626 2091 1691 ζῶντας

455 1708 683 1784 ἐτήρει,
740 1708 969 1773 τούτους
1022 1711 1111 1764 καὶ
1169 1709 1426 1773 θανόντας
1485 1707 1704 1784 ἐδέχετο
1736 1752 1750 1777 ,
1799 1710 1887 1765 καὶ
1945 1710 2091 1766 οὕτω

454 1797 747 1859 πλείστους
778 1797 914 1853 ὥστε
955 1798 1043 1853 καὶ
1095 1799 1588 1872 ἀναχωματοῦσθαι
1643 1800 1778 1854 κατὰ
1811 1801 1948 1872 μέρη
1982 1821 2091 1855 κιν-

456 1884 687 1941 δυνεύειν
728 1886 1187 1961 ἀγχωμαλοῦσαν.
1242 1886 1382 1941 οὕτω
1432 1886 1625 1960 συχνοὶ
1672 1884 1816 1950 ἕνοεν
1880 1889 1974 1960 μὲν
2012 1893 2091 1960 τῷ

454 1973 708 2046 πολέμῳ,
742 1973 941 2037 ἐκεῖθεν
975 1973 1031 2029 δὲ
1053 1980 1131 2047 τῷ
1163 1975 1347 2047 λοιμῷ
1386 1971 1633 2030 ἔπιπτον.
1675 1976 1854 2049 Ὁρμὴ
1880 1973 1925 2029 δ’
1955 1974 2090 2030 ἐκεί-

454 2083 566 2124 νοις
598 2064 767 2132 ἆνέζει
808 2063 882 2125 ὡς
945 2062 1074 2137 ὑπὲρ
1123 2068 1355 2138 σταυροῦ
1402 2061 1793 2120 κινδυνεύουσι.
1844 2064 1973 2118 Τότε
2003 2065 2090 2118 καὶ

454 2152 483 2205 ὁ
655 2152 767 2205 ἐπεὶ
802 2156 989 2225 χεῖρον
1020 2152 1133 2226 εἶχε
1163 2153 1250 2206 καὶ
1300 2153 1351 2206 οἱ
1383 2153 1447 2206 τὰ
1494 2159 1593 2221 τῆς
1628 2150 1899 2227 σωτηρίας
1957 2155 2091 2207 απέ-

453 2260 683 2314 γνωστο,
743 2239 866 2295 ὅσον
926 2243 990 2309 ἦν
1050 2241 1401 2314 χρηματίσας
1461 2239 1709 2307 ἐκείνοις,
1768 2240 1858 2295 καὶ
1916 2238 2090 2311 δείξας

454 2326 626 2402 ῥοπὴν
675 2328 811 2403 πρὸς
872 2327 1090 2401 εἰρήνην
1151 2327 1293 2403 ἔχων
1354 2327 1444 2383 καί
1498 2331 1547 2403 γ’
1599 2329 1643 2384 εἶ
1700 2328 1973 2405 περιέσται
2001 2330 2091 2384 καὶ

453 2418 834 2491 συγκροτήσων
917 2419 992 2478 εἷς
1060 2415 1282 2489 δύναμιν
1317 2460 1332 2488 ,
1414 2416 1655 2474 ἐκέλευεν
1739 2419 2094 2493 ἀναμένοντας

452 2503 748 2577 ἡσυχάζειν
785 2545 798 2558 .
861 2504 1007 2560 Ἐπεὶ
1070 2501 1114 2557 δ’
1167 2511 1265 2572 τῆς
1325 2502 1587 2574 ἐπιούσης
1666 2504 1861 2576 ἐπέστη
1923 2507 1975 2560 οῖ
2031 2508 2093 2561 τὸ

452 2591 629 2667 χρεὼν
662 2591 753 2646 καὶ
799 2589 960 2662 ἤδηὸ
993 2592 1091 2668 ῥήξ
1147 2590 1416 2663 ἐτελεύτα,
1467 2594 1519 2647 οἱ
1578 2593 1671 2667 μὶν
1701 2593 1835 2671 ἀμφ’
1890 2593 2089 2650 ἐκεῖνον

453 2812 767 2886 gotiorum,
796 2810 1059 2865 intentus
1088 2808 1407 2865 valetudini
1438 2809 1590 2863 863
1644 2809 1935 2864 curandas.
1983 2810 2091 2864 Per

456 2903 560 2957 has
592 2915 786 2955 moras
814 2898 1179 2954 feriebantur
1225 2897 1377 2952 oculi
1426 2896 1685 2968 quotidie
1753 2901 2086 2953 nostrorum

452 2987 787 3062 spectaculo
821 2986 1090 3042 luctuoso
1122 2986 1406 3040 atrocium
1457 2991 1513 3039 et
1561 2988 1934 3040 cruentorum
1984 2992 2084 3040 La-

450 3078 605 3132 tinos
634 3076 786 3131 inter
813 3077 1227 3145 Agarenosque
1259 3072 1669 3126 certaminum.
1702 3071 2085 3143 Aliquantum

453 3184 487 3222 a
517 3165 710 3220 littore
742 3164 958 3219 fossam
990 3161 1115 3215 Itali
1171 3161 1401 3231 longam
1450 3160 1756 3229 duxerant,
1818 3166 1874 3217 et
1931 3164 2085 3233 quod

455 3269 585 3310 eam
618 3253 771 3307 inter
800 3268 864 3306 ac
897 3266 1056 3305 mare
1090 3248 1327 3320 patebat
1358 3248 1844 3320 spatiitenebant.
1878 3252 2095 3307 jEthio-

455 3359 559 3416 pes
587 3340 935 3411 Carthagine
967 3354 1069 3409 pro
1103 3352 1233 3393 arce
1261 3337 1351 3392 usi
1385 3337 1455 3391 ad
1486 3338 1915 3409 receptaculum
1944 3344 2090 3411 tuta,

459 3432 587 3502 ejus
618 3428 832 3484 fiducia
861 3426 1249 3497 erumpebant
1278 3426 1556 3481 audacius
1584 3426 1643 3480 in
1684 3426 1902 3484 hostes.
1943 3430 2092 3485 Hine

463 3517 816 3590 quotidiana:
848 3513 1214 3570 velitationes
1262 3517 1316 3568 et
1356 3529 1564 3584 pugnas
1613 3516 2091 3586 conserebantur,

463 3605 737 3679 plurimis
768 3603 1039 3674 utrinque
1062 3602 1418 3658 cadentibus.
1441 3603 1829 3657 Grassabatur
1858 3604 2090 3660 interim

464 3693 789 3768 perniciosa
811 3691 1011 3763 pestis,
1044 3691 1555 3762 densabanturque
1584 3697 1821 3761 mortes,
1854 3693 1996 3748 adeo
2028 3698 2094 3749 ut

449 3782 761 3839 funeribus
780 3779 1033 3836 Libitina
1063 3781 1309 3850 deesset,
1360 3780 1780 3851 superstitibus
1813 3781 1880 3834 ad
1915 3782 2091 3835 cada-

451 3888 657 3931 verum
672 3870 1035 3942 sepulturam
1055 3885 1167 3924 non
1193 3868 1843 3924 sufﬁcientibus.Unum
1866 3869 2089 3926 scilicet

450 3959 593 4015 illud
620 3959 690 4015 ad
710 3958 989 4030 tragicam
1008 3957 1319 4013 Iliacorum
1336 3956 1624 4012 malorum
1640 3955 1844 4012 faciem
1868 3957 2101 4025 deerat,

447 4051 603 4123 quod
663 4066 815 4121 pyras
866 4054 1229 4103 mortuorum
1283 4064 1397 4102 non
1441 4048 1734 4118 arderent,
1780 4048 1880 4102 sed
1931 4048 2089 4106 fossa

448 4141 651 4195 eadem
710 4137 811 4192 illa
840 4137 1127 4208 profunda
1156 4139 1212 4191 et
1266 4135 1406 4204 lata,
1439 4152 1563 4206 quae
1606 4136 1764 4190 vivos
1792 4137 2082 4207 tuebatur,

446 4228 753 4283 defunctos
784 4225 1062 4290 hauriret,
1093 4227 1253 4279 tanto
1302 4224 1424 4293 jam
1484 4238 1748 4293 numero,
1811 4228 1872 4279 ut
1926 4225 2083 4281 brevi

444 4316 794 4387 complenda
824 4314 1118 4369 videretur
1148 4317 1203 4368 et
1233 4313 1300 4367 ad
1332 4312 1724 4383 aaqualitatem
1762 4313 2085 4371 attollenda

439 4406 812 4476 eampi;tam
848 4403 906 4457 in
939 4418 1063 4458 eam
1100 4400 1268 4456 multi
1312 4401 1570 4471 quotidie
1619 4401 1832 4472 partim
1884 4403 2079 4458 hostili

2207 567 2437 642 ροφορίᾳ
2515 567 2863 641 ᾠκειωμένου
2943 573 3079 642 Θεῷ,
3150 569 3344 646 μύροις
3400 569 3709 650 ἀλείφοντες
3757 579 3825 632 καὶ

2210 657 2481 732 βράσμασι
2524 654 2772 729 λεϐήτων
2828 659 3127 733 ἐνέψοντες,
3173 662 3379 734 τιμίοις
3408 662 3613 738 χηλοῖς
3660 664 3824 721 ἐναπε-

2204 746 2384 810 τίθουν
2415 747 2482 800 τὰ
2535 745 2761 819 λείψανα
2805 748 2877 809 ὡς
2934 753 3002 821 τῇ
3048 747 3269 823 πατρίδι
3326 751 3827 824 ἂνακομίσοντες,οἱ

2206 831 2263 887 δέ
2292 853 2355 906 γε
2405 829 2656 908 πρέσϐεις
2704 839 2902 906 κεναῖς,
2937 836 2967 890 ’ὀ
3000 834 3237 910 λέγεται,
3285 843 3392 893 τῶν
3456 840 3825 916 ὑπεσχημένων

2206 921 2534 997 ὑπέστρεφον
2566 928 2685 985 ταῖς
2743 923 2950 998 χερσίν.
3017 924 3170 981 Ἀλλ’
3204 928 3231 980 ὁ
3267 927 3518 1001 βασιλεὺς
3575 929 3674 984 οὐκ
3701 931 3828 1004 ἠφίει

2203 1016 2701 1085 προσμηχανᾶσθαι
2754 1012 3011 1087 ἁμαρτὼν
3070 1017 3177 1067 τῶν
3239 1014 3297 1069 ἐκ
3352 1020 3451 1069 τοῦ
3483 1016 3672 1093 ῥηγὸς,
3705 1018 3830 1075 ἄλλὰ

2202 1097 2439 1159 πολλοῖς
2473 1099 2674 1174 ἑτέροις
2712 1095 3074 1171 μεσολαϐοῦσι
3107 1101 3244 1174 πρὸς
3272 1104 3493 1158 πάππαν
3614 1105 3718 1180 γὰρ
3746 1112 3827 1162 τοῦ

2203 1184 2489 1260 Καρούλου
2549 1186 2785 1249 ἐπίθεσις
2844 1184 3042 1262 ἔπειθε)
3097 1189 3163 1244 τὰ
3207 1195 3304 1245 τοῦ
3354 1197 3558 1248 σκοποῦ
3615 1192 3825 1250 διανύειν

2204 1273 2255 1343 ἐξ
2289 1276 2520 1336 ἅπαντος
2548 1274 2817 1350 ἐπειρᾶτο.

2204 1431 2254 1489 ι’.
2315 1435 2501 1496 Ὅπως
2559 1433 2894 1507 ἀκουομένου
2948 1439 3045 1489 τοῦ
3104 1435 3300 1491 στόλου
3370 1440 3437 1493 τὰ
3494 1439 3630 1494 κατὰ
3684 1438 3826 1496 πόλιν

2627 1507 2655 1560 ὁ
2689 1504 2943 1582 βασιλεὺς
2970 1508 3416 1583 παρεπευὰζετο.

2271 1625 2348 1683 Οὐ
2386 1627 2492 1700 μὴν
2528 1626 2585 1682 δὲ
2626 1629 2717 1682 κᾶὶ
2759 1633 2867 1683 τῶν
2929 1630 3010 1684 εἰσ
3054 1632 3393 1705 παρασκευὰς
3422 1632 3823 1709 κατερρᾳθυμη-

2203 1715 2378 1787 μένως
2410 1717 2524 1790 εἶχε
2553 1717 2642 1770 καὶ
2695 1714 2978 1789 ἆμελλῶς,
3032 1719 3106 1781 ὡς
3163 1719 3363 1784 ἐκεῖθεν
3417 1722 3577 1794 μὸνον
3609 1722 3826 1796 προσδο·

2198 1808 2308 1857 κῶν
2370 1804 2746 1878 ἀποχρώυτως
2796 1808 3162 1880 γενήσεσθαι,
3227 1811 3309 1881 [Ρ·
3367 1812 3496 1882 248]
3554 1810 3699 1867 ἀλλὰ
3747 1812 3825 1867 καὶ

2203 1890 2361 1952 αὐτὸς
2391 1892 2463 1953 ὡς
2493 1892 2607 1967 εἶχε
2649 1894 3092 1965 παρεσκευάζετο.
3151 1896 3471 1972 Εἷσαγαγὼν
3529 1904 3661 1973 γοῦν
3707 1899 3825 1973 ἔξω·

2203 1990 2287 2043 οεν
2322 1985 2467 2034 σῖτον
2516 1980 2649 2034 ὥστε
2703 1981 2951 2056 πύργολς
3008 1981 3299 2058 πληρῶσαι
3356 1990 3433 2057 τῷ
3488 1987 3712 2057 πλήθει,
3740 1990 3823 2043 τὸν

2202 2064 2396 2121 λοιπὸν
2428 2072 2544 2129 τοῖς
2575 2066 2827 2133 πολίταις
2875 2076 3136 2145 παρεῖχεν
3190 2070 3269 2133 εἲς
3328 2072 3573 2149 φυλακὴν
3606 2075 3681 2137 ὡς
3706 2076 3829 2131 κατᾶ

2201 2155 2386 2229 καιρὸν
2437 2154 2587 2218 αὖθις
2645 2157 3075 2231 ἀντιπαρέξουσι,
3132 2160 3222 2213 καὶ
3270 2161 3481 2235 χοίρων
3538 2161 3672 2225 ὅλας
3720 2164 3829 2239 ἀγέ-

2202 2242 2321 2315 λας,
2378 2243 2468 2297 καὶ
2526 2244 2724 2306 αὐτοὺς
2775 2243 3059 2321 ἐπεμέριζε
3106 2252 3228 2309 τοῖς
3271 2246 3526 2311 πολίταις
3574 2251 3669 2305 ανὰ
3716 2249 3829 2306 δέκα

2200 2332 2291 2387 καὶ
2321 2329 2485 2386 πλέον
2514 2333 2548 2401 ἢ
2579 2332 2668 2387 καὶ
2700 2331 2955 2389 ἐλλεῖπον
3009 2334 3215 2408 ἑκάστῳ
3264 2334 3446 2398 διδοὺς
3492 2338 3631 2392 ὥστε
3676 2339 3830 2417 σφάτ-

2199 2441 2310 2476 τειν
2369 2420 2460 2474 καὶ
2516 2421 2707 2483 αὐτοὺς
2781 2420 3271 2497 ἀποκερδαίνοντας
3345 2425 3413 2479 τὰ
3476 2426 3722 2490 ἐντόσθια
3773 2429 3832 2482 τὰ

2201 2510 2405 2584 ταρίχη
2458 2513 2538 2580 τῷ
2593 2514 2765 2581 κοινῷ
2816 2508 3098 2588 φυλάττειν
3135 2554 3150 2581 ,
3209 2510 3354 2567 ὅπλα
3408 2534 3468 2568 τε
3527 2517 3694 2591 μυρία
3745 2516 3827 2570 καὶ

2204 2597 2415 2660 ὀϊστοὺς
2446 2596 2534 2652 καὶ
2566 2597 2762 2673 ὅργανα
2811 2595 3141 2676 πετροϐόλα,
3200 2601 3561 2678 ὁπλοτέχναις
3612 2603 3700 2658 καὶ
3734 2625 3831 2677 μη-

2200 2811 2407 2867 merito
2455 2810 2685 2877 animae,
2744 2827 2918 2882 quam
2968 2817 3080 2868 Deo
3112 2830 3240 2869 esse
3262 2814 3675 2872 charissimam
3706 2833 3824 2888 per-

2198 2898 2614 2954 suasissimum
2645 2899 2958 2965 habebant,
3016 2902 3333 2972 unguentis
3391 2901 3721 2960 delibutum
3776 2912 3830 2961 et

2199 2984 2405 3041 alienis
2438 2986 2792 3043 ferventibus
2822 2987 3116 3043 incoctum
3149 2990 3417 3060 pretiosis
3450 2993 3831 3049 condiderunt

2196 3074 2351 3129 364
2382 3074 2610 3142 loculis,
2642 3077 3006 3132 venerandae
3037 3077 3167 3133 illas
3218 3095 3413 3134 secum
3466 3079 3525 3134 in
3574 3082 3818 3152 patriam

2200 3161 2479 3234 reliquias
2517 3162 2781 3220 relaturi.
2833 3163 3026 3235 Legati
3058 3181 3190 3221 vero
3245 3166 3390 3221 nihil
3440 3166 3553 3223 nisi
3599 3186 3826 3237 vacuas,

2201 3250 2353 3319 quod
2387 3250 2619 3318 dicitur,
2655 3267 2865 3306 manus
2886 3267 2949 3306 ex
2993 3253 3174 3309 tantis
3220 3255 3529 3324 promissis
3581 3262 3827 3328 reporta-

2201 3343 2339 3392 runt
2368 3339 2917 3393 domum.Ceeterum
2942 3338 3257 3411 imperator
3279 3358 3381 3413 per
3404 3343 3556 3413 regis
3586 3350 3829 3400 mortem

2199 3442 2303 3498 spe
2334 3426 2648 3482 frustratus
2679 3444 2927 3493 sua,non
2952 3433 3145 3483 tamen
3168 3430 3394 3486 destitit
3414 3431 3527 3487 alia
3547 3434 3617 3488 ad
3652 3434 3832 3489 desti-

2200 3519 2401 3569 natum
2434 3514 2527 3570 via
2557 3516 2831 3587 grassari,
2862 3518 2963 3571 sed
3007 3517 3211 3573 multis
3264 3518 3393 3574 aliis
3425 3521 3579 3592 apud
3621 3538 3831 3593 papam

2199 3604 2685 3660 intercessoribus
2744 3605 3024 3661 adhibitis
3073 3610 3231 3673 (nam
3288 3607 3494 3679 ingens
3542 3627 3576 3665 a
3631 3610 3831 3666 Carolo

2200 3697 2389 3747 metus
2419 3693 2617 3747 omnia
2637 3693 2884 3764 experiri
2915 3696 3217 3767 suadebat)
3247 3696 3558 3768 impetrare
3587 3699 3661 3754 ab
3681 3715 3748 3755 eo
3769 3705 3836 3754 ut

2196 3780 2384 3836 Caroli
2414 3781 2837 3852 expeditionem
2860 3782 3165 3854 impediret
3194 3786 3533 3842 conabatur.

2198 3888 2282 3942 10.
2320 3888 2382 3943 Ut
2413 3889 2486 3942 ad
2510 3890 2721 3958 famam
2759 3896 3012 3945 venturae
3066 3890 3285 3959 infestae
3337 3892 3526 3947 classis
3581 3892 3641 3947 in
3698 3895 3835 3949 urbe

2266 3959 2573 4035 imperator
2598 3964 3001 4031 prwparaverit
3025 3976 3147 4031 quae
3165 3963 3474 4019 necessaria
3486 3966 3838 4035 putabantur

2263 4032 2315 4085 ei
2341 4030 2577 4085 tuenda.

2262 4134 2376 4190 Nec
2407 4152 2575 4206 porro
2607 4135 2763 4191 idem
2795 4136 2889 4191 his
2919 4137 3227 4193 conatibus
3252 4142 3374 4195 arte
3403 4139 3646 4195 Martem
3669 4157 3836 4197 aver-

2191 4222 2351 4277 tendi
2413 4224 2555 4278 adeo
2612 4224 3023 4279 conﬁdendum
3071 4226 3295 4297 putavit
3338 4232 3617 4299 tanquam
3670 4229 3834 4285 haud

2189 4312 2364 4366 dubie
2390 4327 2727 4367 successum
2760 4317 3025 4383 optatum
3058 4314 3370 4381 habituris,
3403 4321 3469 4371 ut
3507 4323 3835 4388 apparatus

2187 4399 2500 4471 negligere,
2534 4400 2770 4455 bellicos
2798 4418 2809 4454 :
2845 4401 3021 4456 simul
3044 4403 3197 4457 enim
3223 4404 3675 4474 providendisin
3705 4423 3837 4462 om-

440 4494 573 4549 ceesi
605 4494 774 4562 ferro,
809 4492 1020 4564 partim
1049 4492 1141 4546 lue
1168 4490 1443 4562 pestifera
1490 4490 1761 4545 exstincti
1811 4491 2078 4547 devolve-
2110 4491 2155 4555 D
2186 4504 2315 4543 nem
2350 4493 2619 4543 eventum
2654 4506 2779 4557 quas
2809 4491 2880 4545 ad
2910 4490 3024 4545 vim
3063 4492 3371 4547 arcendam
3414 4509 3562 4563 opus
3604 4499 3833 4560 essent,

437 4582 671 4637 bantur.
704 4581 993 4652 Vigebant
1047 4584 1243 4635 tamen
1286 4578 1496 4633 animis
1549 4578 1802 4651 reliqui;
1854 4583 1911 4634 et
1967 4580 2077 4635 sibi

443 4671 659 4727 conscii
692 4687 796 4742 pro
828 4670 1017 4726 crucis
1046 4668 1231 4741 gloria
1261 4667 1574 4740 periclitari
1604 4685 1754 4735 sese,
1808 4669 2070 4724 ardorem

440 4759 864 4830 audaciamque
906 4772 941 4814 a‘
997 4775 1174 4815 causa
1231 4757 1364 4813 belli
1406 4761 1722 4825 trahentes,
1754 4757 2072 4815 fortissime

441 4848 722 4903 adversus
754 4847 1123 4919 quantamvis
1144 4848 1383 4903 fortuna:
1413 4845 1777 4915 iniquitatem
1810 4846 2072 4903 niteban-

431 4940 550 4990 tur.
585 4940 702 4990 Bex
731 4936 968 4991 interim
1002 4934 1205 4990 morbo
1238 4933 1627 4988 invalescente
1676 4934 1733 4987 in
1790 4950 1923 4989 eum
1975 4951 2069 4990 re—

430 5023 637 5080 dactus
667 5028 884 5081 statum
922 5028 987 5078 ut
1015 5024 1084 5078 de
1125 5022 1243 5077 vita
1292 5023 1417 5091 ejus
1454 5022 1878 5091 desperaretur,
1928 5022 2068 5078 allo-

425 5115 598 5167 cutus
632 5115 826 5166 tamen
860 5102 1083 5182 legatos
1115 5115 1223 5178 est,
1254 5125 1525 5179 magnam
1572 5108 1884 5162 oslendens
1934 5126 2064 5179 prec

424 5199 766 5268 pensionem
797 5200 866 5254 ad
890 5214 1088 5270 pacem
1114 5197 1689 5268 interimperatorem
1713 5197 2066 5266 fratremque

424 5290 874 5358 procurandum.
906 5288 1165 5356 Eamque
1197 5285 1663 5341 conciliationem
1706 5302 1807 5355 pro
1841 5284 2062 5342 viribus

423 5391 484 5429 se
536 5381 962 5445 promoturum,
1040 5375 1089 5428 si
1158 5375 1276 5427 vita
1341 5376 1693 5443 suppeteret,
1772 5372 2060 5442 promisit,

419 5468 754 5534 exspectare
787 5463 1010 5518 interea
1037 5462 1196 5533 ipsos
1241 5466 1298 5515 et
1348 5460 1645 5531 quiescere
1687 5461 1924 5530 jubens.
1976 5462 2061 5516 Ab

420 5550 512 5605 his
543 5550 715 5605 dictis
748 5557 979 5621 postera
1037 5551 1087 5606 ei
1138 5550 1261 5606 dies
1311 5565 1587 5619 suprema
1637 5548 1845 5603 illuxit.
1908 5549 2061 5621 Rege

417 5642 671 5708 mortuo,
714 5639 813 5710 qui
865 5639 916 5695 ei
968 5639 1258 5706 astabant,
1319 5636 1577 5693 defuncti
1633 5638 1900 5705 cadaver,
1954 5654 2055 5708 pro

2189 4576 2521 4647 diligentem
2554 4576 3386 4650 impenditoperam.Primum
3414 4580 3680 4637 omnium
3708 4583 3834 4637 fru-

2181 4671 2440 4721 mentum
2476 4665 2691 4721 invexit
2720 4667 2779 4720 in
2829 4666 3035 4722 urbem
3096 4671 3254 4725 tanta
3312 4668 3499 4739 copia,
3547 4673 3613 4724 ut
3666 4670 3831 4742 quod

2181 4755 2252 4810 ab
2280 4755 2503 4810 horreis
2533 4754 2790 4825 publicis
2830 4761 2888 4810 et
2944 4756 3209 4812 turribus
3266 4756 3511 4828 expletis
3560 4758 3829 4814 multum

2178 4844 2368 4899 adhuc
2402 4844 3050 4914 supererat,deponeret
3081 4845 3231 4915 apud
3270 4845 3423 4901 cives
3454 4846 3685 4915 signato
3710 4863 3835 4901 nuc

2179 4949 2359 5001 mero,
2416 4932 2953 5002 reprmsentandum
3015 4932 3087 4986 ab
3144 4933 3291 5003 ipsis
3340 4933 3465 5003 pari
3521 4950 3835 5002 mensura,

2177 5021 2406 5091 quando
2469 5024 2884 5091 repeterentur.
2923 5020 3160 5075 Induxit
3204 5025 3261 5076 et
3298 5022 3830 5078 numerosissimos

2177 5126 2351 5166 suum
2382 5124 2605 5180 greges,
2637 5125 2783 5179 quos
2813 5108 2950 5165 item
2985 5109 3209 5163 civibus
3243 5108 3567 5176 distribuit,
3616 5111 3828 5166 decem

2175 5199 2386 5268 cuique
2418 5197 2550 5268 plus
2596 5197 2862 5252 minusve
2910 5197 3101 5267 porcis
3151 5197 3489 5269 assignatis.
3540 5198 3657 5254 Hos
3717 5198 3829 5268 qui

2174 5285 2831 5356 accipiebant,occidere
2861 5285 3164 5341 confestim
3199 5286 3581 5356 jubebantur,
3626 5292 3683 5341 et
3725 5287 3827 5341 in-

2174 5375 2386 5430 testina
2416 5374 2653 5444 quidem
2683 5372 2801 5430 sibi
2827 5374 3058 5443 habere,
3092 5374 3359 5428 membra
3409 5374 3599 5429 solida
3642 5374 3832 5429 salita

2171 5462 2407 5535 publico
2467 5478 2716 5518 servare.
2767 5466 3122 5518 Immensam
3175 5462 3244 5515 ad
3297 5462 3417 5516 biec
3460 5462 3828 5532 comportari

2168 5550 2390 5607 curavit
2418 5567 2719 5605 armorum
2752 5551 2944 5605 omnis
2966 5551 3161 5605 forma:
3192 5550 3444 5621 capiam,
3472 5550 3825 5620 jaculorum

2166 5638 2879 5712 praesertim,sagittarum
2908 5655 2974 5694 ac
3000 5636 3246 5693 telorum
3270 5638 3530 5708 cujusvis
3552 5640 3821 5710 generis.
