4110 6280
330 363 436 417 817

1399 367 1496 417 DE
1533 365 1903 420 MICHALLE
1940 365 2380 423 PALEOLOGO
2416 368 2552 423 LIB.
2590 370 2659 421 V.

3620 358 3727 413 818

327 486 583 557 χανικοῖς
611 483 673 538 τὸ
720 482 901 537 ἰκανὸν
956 484 1239 557 παρέχων,
1290 481 1577 556 ἡτοίμαζε.
1620 485 1723 541 Καὶ
1752 484 1813 539 τὸ
1842 504 1971 539 ναυ-
2000 487 2055 553 Α
2085 482 2357 560 ἀνδράσιν,
2418 486 2817 565 ἀσφαλέστερον
2879 484 2937 540 δὲ
2991 482 3295 561 πράγμασι,
3341 483 3403 538 16
3449 480 3584 555 πρὸς
3632 478 3725 534 τὸν

327 571 479 626 τικὸν
511 570 774 644 ἐξῄρτμεν
807 567 966 628 ἅπαν.
1000 568 1340 644 Οἰκοδὸμους
1368 572 1417 626 τ’
1465 571 1758 641 ἐπιστήσας
1786 572 1978 627 πλείο-

329 680 425 722 νας
475 661 565 714 καὶ
615 659 901 720 ἐπιστάτας
958 656 1218 731 ἐδιδύμου
1273 661 1334 715 τὸ
1390 665 1577 735 τεῖχος
1622 666 1721 729 τῆς
1761 660 1975 724 πόλεως

328 749 393 803 τὸ
422 748 559 821 πρὸς
610 746 877 811 θάλασσαν
905 767 918 780 ·
969 746 1031 801 τὰ
1078 748 1181 823 γὰρ
1232 749 1368 822 πρὸς
1406 750 1505 817 τήν
1537 756 1636 818 τῆν
1671 747 1976 804 δεδίπλωτο

332 838 574 899 πάντως.
606 837 708 893 Καὶ
754 836 885 891 λαὸν
935 836 1189 893 πλεῖστον
1239 839 1327 893 καὶ
1381 838 1650 913 μάχιμον,
1684 836 1807 894 ὅσον
1840 841 1978 896 ἀπο-

332 929 559 1001 χρῶντα
586 924 813 999 τοιαύτῃ
857 930 1171 1000 παρασκευῇ
1221 926 1471 1001 πολέμου
1516 925 1679 997 ᾤετο,
1729 927 1780 998 ἐξ
1806 929 1979 998 αὐτῆς

335 1011 627 1083 διέταττεν,
657 1015 732 1077 ὡς
777 1014 852 1076 εἷς
898 1016 1084 1090 καιρὸν
1125 1014 1621 1090 εἷσαχθησομένους
1657 1017 1748 1089 ἅμ’
1780 1012 1976 1079 ὅπλοις

332 1101 423 1157 καὶ
473 1100 844 1176 δαπανήμασι.
898 1102 1136 1176 ΙΙέμπων
1183 1125 1242 1159 τε
1282 1104 1408 1166 τοὺς
1458 1106 1549 1177 μὲν
1598 1108 1704 1160 τῶν
1744 1106 1863 1160 κατ’
1890 1105 1975 1160 αἰ-

330 1189 564 1266 γιαλοὺς
609 1190 936 1266 κατωχύρου
991 1191 1081 1246 καὶ
1139 1195 1358 1263 νήσους,
1403 1193 1529 1255 τοὺς
1579 1190 1624 1247 δ’
1671 1192 1974 1250 ἀνέστελλε.

333 1279 437 1337 Καὶ
463 1281 527 1334 τὸ
557 1277 608 1334 ἐν
659 1279 998 1355 Βλαχὲρναις
1039 1282 1262 1358 νεώριον
1314 1283 1416 1337 οὐκ
1463 1279 1872 1359 ἀποδεχόμενος
1901 1284 1975 1345 ὡς

328 1368 469 1424 κατᾶ
514 1367 803 1443 πρόσωπον
859 1369 1102 1443 παρέχον
1156 1375 1276 1432 ταῖς
1306 1371 1461 1425 ναυσὶ
1526 1371 1661 1444 πρὸς
1718 1372 1814 1433 τας
1866 1375 1974 1425 τῶν

329 1458 542 1532 ἐχθρῶν
569 1459 668 1526 τὴν
708 1457 918 1531 μάχην,
968 1458 1032 1512 τὸ
1081 1456 1138 1512 δὲ
1186 1458 1323 1513 κατὰ
1370 1457 1660 1533 πρόσωπον
1714 1456 1975 1534 δυσχερὲς

332 1547 464 1600 εἶναι
551 1546 626 1607 ὡς
705 1545 1123 1608 ἀντιστατούσας
1206 1547 1449 1622 ἰσχυρῶς
1526 1549 1817 1622 μάχεσθαι,
1881 1548 1972 1603 τὸν

330 1636 531 1707 ὅμοιον
561 1633 766 1709 τρόπον
814 1634 904 1688 καὶ
950 1639 1029 1705 τῷ
1083 1635 1303 1707 παλαιῷ
1355 1634 1569 1711 νεωρίῳ
1624 1638 1972 1711 προσήχθετο

330 1720 500 1797 (λέγω
556 1719 614 1776 δὲ
660 1720 891 1776 παλαιὸν
953 1722 1062 1796 οὐχ
1116 1723 1162 1793 ᾦ
1215 1724 1348 1797 χθὲς
1406 1723 1494 1777 καὶ
1526 1724 1717 1798 πρώην
1750 1729 1968 1778 Λατῖνοι

2084 574 2301 649 Βλάγιια
2333 576 2720 632 Κοντοσκέλιον
2772 572 3151 648 ἀνοικοδομεῖν
3181 571 3395 642 ἤθελεν,
3446 568 3583 624 ὥστε
3630 588 3724 643 γυ-

2085 667 2251 734 ρῶσαι
2330 667 2423 737 μὲν
2501 666 2779 740 μεγίσταις
2854 664 3076 739 πέτραις
3138 662 3228 716 τὸν
3285 657 3474 731 κύκλῳ
3529 656 3717 728 τόπον,

2081 747 2377 822 ἐμϐαθῦναι
2411 751 2468 808 δὲ
2494 756 2592 824 τήν
2639 754 2785 816 ἐντὸς
2817 752 3109 824 θάλασσαν,
3144 749 3374 826 ἄργυρον
3424 749 3581 823 ὑγρὸν
3613 764 3718 821 χυ-

2080 840 2169 893 τὸν
2229 837 2576 915 ἐμϐαλόντα,
2632 841 3066 915 ἐποικοδομῆσαί
3122 862 3179 895 τε
3242 840 3333 894 καὶ
3386 835 3543 911 στέγη
3602 838 3719 895 ταῖς

2081 929 2262 984 ναυσὶν
2329 931 2681 1007 ἀποχρῶντα,
2762 930 2940 992 πύλας
3021 927 3068 984 δ’
3144 929 3402 983 ἐπιθεῖναι
3460 922 3718 999 ἀραρυίας

2082 1019 2166 1089 [Ρ.
2198 1020 2322 1092 249]
2356 1019 2415 1074 ἐκ
2445 1018 2672 1096 σιδήρου
2720 1023 2789 1093 τῇ
2821 1019 2873 1073 ἐν
2906 1022 3028 1080 ταῖς
3072 1016 3291 1092 πέτραις
3338 1014 3556 1087 εἰσίθμη
3588 1008 3719 1081 ἔξω·

2082 1116 2189 1176 θεν,
2250 1106 2377 1162 ὥσθ’
2434 1109 2546 1181 ἅμα
2601 1108 2693 1181 μὲν
2755 1105 3011 1183 ἀσφαλῶς
3063 1101 3208 1180 ἔχειν
3234 1105 3325 1159 τὸν
3357 1100 3575 1172 στόλον,
3607 1101 3721 1172 ἅμα

2080 1191 2137 1248 δὲ
2166 1195 2254 1249 καὶ
2297 1200 2415 1259 ταῖς
2457 1201 2564 1251 τῶν
2614 1197 2827 1271 ἐχθρῶν
2880 1193 3238 1269 ἀναγομέναις
3287 1192 3389 1265 (μὴ
3437 1189 3537 1265 γάρ
3586 1188 3719 1243 εἶναι

2079 1282 2169 1338 διὰ
2196 1284 2258 1338 τὸ
2292 1283 2491 1360 ῥοῶδες
2517 1290 2619 1353 τῆς
2649 1283 2923 1354 Θαλάσσης
2962 1282 3233 1350 ἵστασθαι)
3281 1279 3507 1334 κατόπιν
3554 1276 3718 1350 ἐμπί-

2077 1392 2227 1427 πτειν
2284 1373 2379 1434 τάς
2437 1374 2726 1447 ἡμετέρας.
2781 1370 3140 1449 Ἢσφαλίζετο
3193 1367 3250 1424 δὲ
3295 1368 3383 1423 καὶ
3443 1365 3572 1428 τοὺς
3629 1364 3716 1420 ἐπὶ

2074 1468 2176 1529 τῆς
2223 1460 2447 1533 περαίας
2475 1459 2810 1531 Γεννουΐτας,
2865 1461 2937 1521 ὡς
2972 1461 3047 1531 μὴ
3081 1459 3521 1520 συνεπιτιθῶνται
3565 1452 3716 1529 στέρ-

2074 1568 2258 1623 γοντες
2289 1548 2385 1609 τὰς
2413 1545 2671 1615 σπονδὰς,
2720 1547 2785 1602 οὐ
2844 1547 2949 1619 μὴν
2998 1544 3056 1601 δὶ
3085 1543 3231 1599 ἀλλά
3258 1542 3349 1597 καὶ
3402 1538 3586 1601 ἄλλως
3616 1561 3715 1605 φυ-

2075 1634 2355 1691 λάττοιντο
2385 1638 2482 1704 τήν
2532 1637 2669 1712 πρὸς
2720 1635 2846 1697 τοὺς
2896 1631 3354 1705 ἐπελευσομένους
3401 1627 3709 1695 κοινωνίαν,

2072 1722 2168 1777 κᾶν
2201 1723 2534 1798 ἀπόσχοιντο
2563 1728 2658 1778 τοῦ
2688 1724 2822 1793 πρὸς
2854 1722 3087 1783 ἐκείνους
3119 1718 3371 1791 πολέμου
3403 1716 3493 1772 διὰ
3527 1717 3589 1771 τὸ
3620 1714 3710 1791 γέ-

331 1808 599 1883 ἐχρῶντο,
648 1813 729 1881 τῷ
774 1809 911 1885 πρὸς
958 1812 1027 1883 τῇ
1080 1813 1217 1884 μονῇ
1259 1815 1356 1866 τοῦ
1402 1810 1678 1887 εὐεργέτου
1709 1816 1969 1885 Χριστοῦ.
2000 1824 2046 1889 Β
2073 1831 2191 1879 νος,
2225 1809 2410 1873 ἄλλως
2443 1809 2499 1865 δὲ
2528 1810 2616 1866 καὶ
2655 1812 2901 1886 παρὲσπα
2946 1809 3035 1865 καὶ
3068 1807 3237 1869 ῗδίους
3266 1805 3438 1862 ἐποίει
3470 1804 3714 1878 (λυζίους

329 1896 477 1952 ἀλλὰ
528 1899 591 1951 τὸ
638 1899 774 1969 πρὸς
950 1897 1099 1972 πύλῃ
1156 1903 1252 1953 τοῦ
1306 1899 1534 1973 νεωρίου
1582 1899 1777 1955 ἐκεῖθεν
1828 1901 1964 1955 ὠνο-

333 1985 607 2060 μασμένῃ)
657 1985 732 2047 ὡς
788 1984 1002 2049 πάντως
1066 1990 1163 2041 τοῦ
1216 1986 1352 2043 κατὰ
1419 1986 1686 2056 θάλασσαν
1740 1989 1965 2063 κέρατος

329 2072 555 2146 λιμένος
608 2068 761 2135 ὄντος
812 2074 901 2127 καὶ
924 2071 1116 2128 ταυτὸν
1164 2079 1280 2136 τοῖς
1313 2073 1598 2147 Ῥωμαίων
1630 2074 1812 2130 ναυσὶν
1842 2077 1963 2131 ὅσον

327 2160 420 2216 καὶ
474 2165 594 2223 ταῖς
648 2164 753 2216 τῶν
815 2159 1027 2236 ἐγθρῶν
1062 2158 1325 2227 διδόντος.
1363 2161 1521 2219 Ἀλλ’
1553 2162 1711 2226 εἰδὼς
1739 2164 1801 2219 τὸ
1834 2164 1969 2219 κατά

324 2249 504 2305 νώτου
535 2249 824 2325 γινομένας
885 2250 1151 2324 μάχεσθαι
1202 2250 1326 2306 ὅσον
1370 2249 1810 2328 οαρῥαλεώτερον
1874 2253 1969 2326 μὲν

332 2465 608 2523 Ballistae
638 2467 917 2537 praeterea
945 2468 1003 2522 et
1052 2466 1352 2523 machinas
1404 2467 1762 2538 ejaculandis
1812 2467 1968 2525 saxis

336 2555 461 2611 ﬁeri
490 2554 771 2627 plurimas
793 2555 996 2625 jussit,
1022 2555 1201 2611 fabris
1230 2571 1432 2612 earum
1465 2556 1785 2611 artificibus
1810 2558 1973 2625 justa

337 2644 604 2700 mercede
634 2646 963 2699 numerata.
1017 2642 1275 2699 Classem
1326 2644 1387 2699 in
1435 2644 1642 2715 primis
1686 2644 1973 2716 expedivit

336 2751 531 2801 suam,
563 2734 905 2806 cunctisque
927 2735 1272 2790 necessariis
1294 2734 1591 2791 instruxit.
1626 2734 1971 2790 Architectis

336 2823 477 2879 item
491 2822 950 2878 etstructoribus
965 2838 1080 2877 uno
1106 2826 1363 2893 tempore
1381 2822 1662 2878 adhibitis
1681 2822 1971 2894 pluribus,

341 2925 571 2965 murum
622 2910 784 2966 urbis
834 2926 951 2981 qua
982 2926 1140 2965 mare
1171 2915 1394 2981 spectat
1425 2910 1742 2983 geminavit
1769 2910 1878 2965 alio
1911 2928 1973 2965 a-

339 3000 557 3053 structo
589 3014 603 3053 :
634 3014 770 3053 nam
789 2998 887 3068 qui
909 2998 1172 3070 partibus
1191 2999 1443 3056 civitatis
1459 3001 1530 3055 ad
1555 3002 1764 3055 terram
1791 2999 1973 3055 versis

336 3086 805 3157 pratendebatur
845 3086 1181 3159 duplicatus
1229 3087 1447 3159 ubique
1494 3089 1718 3143 dudum
1767 3088 1971 3143 fuerat.

334 3174 484 3232 865
508 3173 944 3230 Multitudinem
963 3192 1195 3247 quoque
1208 3192 1384 3247 quam
1405 3176 1713 3232 maximam
1730 3176 1969 3232 fortium
2003 3211 2044 3247 ,ιη

334 3268 393 3319 et
412 3264 857 3319 exercitatorum
880 3264 1048 3320 bellis
1070 3265 1396 3333 hominum,
1430 3265 1707 3338 quaniam
1740 3266 1972 3321 abunde

335 3351 712 3408 sull‘ecturam
734 3353 972 3408 rebatur
992 3354 1217 3409 cunctis
1243 3353 1419 3409 simul
1443 3354 1585 3411 locis
1606 3357 1780 3410 vastae
1812 3354 1971 3409 urbis

338 3440 861 3511 defensandisjam
888 3458 1042 3497 nunc
1065 3446 1475 3514 congregatam
1499 3443 1672 3499 certis
1694 3446 1852 3498 extra
1873 3458 1971 3497 ur-

340 3528 473 3583 bem
496 3528 845 3584 stationibus
876 3529 1184 3602 disposuit,
1217 3530 1701 3586 introducendam
1733 3530 1792 3584 in
1824 3534 1971 3585 tem-

337 3631 475 3687 pore
498 3632 631 3671 cum
655 3616 836 3672 armis
861 3621 917 3673 et
937 3622 1287 3685 commeatu,
1316 3635 1443 3689 qure
1475 3619 1615 3675 foris
1648 3618 1967 3674 habuisset.

329 3704 491 3761 Misit
509 3704 684 3760 etiam
708 3721 809 3776 per
828 3703 1024 3761 littora
1044 3712 1101 3761 et
1121 3705 1344 3763 insulas
1366 3706 1467 3777 qui
1500 3706 1829 3763 maritimos
1852 3704 1971 3761 adi-

330 3796 431 3848 tus
463 3792 895 3849 munitionibus
926 3800 1418 3865 praaoccuparent;
1445 3794 1506 3850 in
1538 3811 1649 3864 quo
1680 3793 1967 3850 delectum

326 3880 691 3951 etjudicium
719 3881 1130 3952 adhibuit,non
1155 3888 1428 3953 portuum
1452 3900 1519 3938 ex
1541 3898 1707 3955 eaque
1728 3886 1969 3937 cuncto«

328 3985 483 4039 rum,
514 3968 955 4040 suspiciendam
1006 3970 1399 4027 defensionem
1451 3987 1718 4035 censens,
1769 3967 1969 4023 navale

326 4056 621 4129 siquidem
645 4057 1098 4115 Blachernarum
1124 4076 1239 4116 non
1264 4058 1565 4131 probabat,
1593 4057 1747 4129 quod
1772 4071 1967 4125 naves,

331 4147 381 4203 si
404 4162 532 4217 quin
555 4146 635 4202 ibi
668 4146 1158 4220 relinquerentur,
1181 4148 1383 4205 hostili
1411 4153 1617 4204 contra
1639 4146 1967 4218 appulsuras

329 4233 506 4291 classi
529 4234 803 4292 adversas
823 4236 1119 4306 obiiceret;
1152 4237 1209 4291 id
1235 4238 1389 4308 quod
1412 4237 1483 4291 ad
1508 4252 1713 4308 pugnae
1737 4250 1968 4289 succes-

327 4337 461 4378 sum
488 4321 746 4394 plurium
768 4323 822 4378 vi
849 4340 1083 4380 summa
1104 4340 1171 4380 ex
1194 4324 1308 4380 alto
1339 4324 1736 4380 invehentium
1767 4326 1969 4379 contra

329 4411 633 4481 pauciores
655 4415 822 4467 terrae
852 4412 1552 4484 admotas,periculosum
1575 4411 1964 4467 existimabat.

321 4497 505 4554 Vetus
527 4498 744 4570 pariter
766 4499 967 4556 navale
986 4500 1099 4572 ipsi
1123 4518 1237 4556 non
1263 4502 1737 4573 placebat.Vetus
1764 4497 1966 4554 navale

2075 1900 2217 1953 εἶπεν
2271 1898 2332 1953 ἂν
2386 1920 2469 1961 τις
2527 1899 2766 1973 ἐκείνων)
2816 1903 2935 1959 ταῖς
2990 1896 3288 1969 εὐμενείαις
3322 1936 3338 1954 .
3394 1894 3497 1951 Καὶ
3546 1896 3715 1948 ταζτα

2074 1989 2324 2060 πράττων
2402 1987 2493 2043 καί
2575 1987 3105 2060 κατασκευαζόμενος
3186 1978 3477 2059 πρεσϐείας
3561 1980 3713 2043 αὖθις

2076 2078 2278 2151 συχνὰς
2332 2075 2691 2133 ἀποστέλλειν
2721 2075 2820 2132 οὐκ
2848 2076 3085 2131 ἀπώκνει
3143 2075 3289 2149 παρά
3342 2073 3434 2129 τὸν
3490 2073 3710 2126 πάππαν

2077 2162 2165 2219 διὰ
2195 2163 2493 2238 θαλάσσης,
2543 2165 2633 2221 καὶ
2668 2164 2879 2240 μᾶλλον
2914 2166 2995 2219 ὅτι
3026 2162 3113 2219 καὶ
3147 2164 3391 2236 συνεχῶς
3422 2162 3475 2217 οἱ
3498 2161 3713 2215 πάππαι

2076 2251 2515 2325 ἀπηλλάττοντο,
2571 2259 2651 2328 τῷ
2709 2251 2938 2326 Θανάτῳ.
2997 2253 3096 2307 Καὶ
3151 2250 3214 2307 16
3260 2254 3367 2306 τῶν
3417 2244 3716 2327 πρεσϐειῶν

2078 2471 2327 2527 fundum
2358 2471 2626 2528 immisso
2676 2474 2917 2544 argento
2965 2470 3113 2526 vivo.
3161 2467 3297 2525 Moli
3348 2483 3582 2541 quoque
3627 2467 3713 2523 illi

2079 2560 2231 2614 muri
2262 2560 2564 2617 circularis
2594 2559 2965 2616 inmdiﬁcavit
2995 2558 3233 2614 loricam
3264 2555 3485 2612 idoneas
3519 2554 3716 2612 altitu-

2078 2647 2234 2703 dinis
2266 2650 2335 2704 ad
2368 2666 2544 2705 naves
2574 2649 2734 2705 intus
2766 2648 2987 2721 positas
3035 2646 3343 2718 tegendas;
3390 2649 3515 2699 tum
3562 2644 3712 2700 ostio

2080 2735 2322 2791 claustri
2353 2739 2481 2808 ejus
2512 2742 2777 2794 catenam
2832 2738 3075 2793 ferream
3130 2734 3417 2807 imposuit
3462 2732 3716 2789 exterius

2081 2828 2205 2879 arte
2250 2825 2624 2882 commissam
2676 2825 2943 2881 foramini
2995 2825 3063 2880 ad
3098 2840 3225 2879 eam
3253 2822 3622 2877 inserendam
3656 2820 3715 2875 in

2082 2914 2238 2969 saxis
2267 2914 2320 2969 vi
2348 2920 2567 2972 cavato.
2594 2916 2722 2971 Haec
2751 2918 3208 2970 consecuturum
3240 2927 3301 2967 se
3333 2910 3575 2982 putabat
3604 2908 3716 2964 isto

2084 3001 2473 3070 munimento,
2508 3007 2572 3058 ut
2598 3008 2754 3059 tutas
2784 3020 2817 3057 a
2840 3004 2893 3058 vi
2921 3003 3079 3057 omni
3110 3018 3179 3056 ea
3204 2999 3454 3055 statione
3482 2997 3722 3052 haberet

2082 3106 2284 3158 naves,
2314 3096 2372 3147 et
2403 3094 2468 3146 ut
2493 3090 2607 3146 illae
2640 3092 2773 3147 inde
2805 3092 2960 3146 386
2991 3093 3319 3162 opportune
3367 3086 3425 3141 in
3474 3085 3720 3140 hostiles

2084 3194 2313 3234 aversas
2361 3183 2597 3251 possent
2642 3195 2992 3251 erumpere:
3027 3176 3364 3249 providebat
3410 3173 3565 3229 enim
3603 3173 3722 3227 fore

2085 3272 2149 3323 ut
2196 3267 2530 3324 invehentes
2580 3283 2706 3324 sese
2755 3268 2827 3323 ad
2862 3267 3077 3322 ostium
3111 3265 3241 3335 ejus
3271 3267 3474 3334 portus
3506 3260 3720 3316 Latinae

2083 3372 2280 3426 naves,
2314 3356 2594 3428 adituque
2643 3354 2943 3428 prohibita;
2993 3353 3154 3410 obice
3206 3354 3443 3417 catenae,
3493 3348 3573 3404 ibi
3618 3348 3718 3403 diu

2084 3451 2314 3514 propter
2346 3445 2525 3501 maris
2557 3444 2778 3499 ﬂuxum
2810 3442 3123 3499 consistere
3154 3439 3485 3511 nequirent,
3518 3435 3720 3506 sicque

2080 3532 2139 3586 in
2173 3546 2291 3601 eas,
2343 3532 2518 3587 simul
2570 3550 2773 3603 proras
2819 3531 3151 3596 vertissent,
3192 3532 3403 3583 nostra:
3455 3542 3489 3580 a
3534 3523 3717 3595 puppi

2083 3619 2248 3676 facile
2272 3636 2338 3675 ac
2360 3623 2484 3676 tuto
2518 3624 2757 3691 possent
2786 3622 3074 3692 impetum
3107 3620 3312 3673 facere.
3345 3616 3724 3682 Przeoccupa-

2077 3708 2157 3763 vit
2186 3724 2419 3779 quoque
2441 3712 2716 3763 renovato
2750 3709 2960 3763 foedere
2989 3724 3055 3761 ac
3107 3700 3480 3777 praemunivit
3527 3701 3722 3755 Genu-

2078 3813 2249 3853 enses
2281 3797 2615 3853 habitantes
2648 3797 2705 3852 in
2733 3797 2944 3865 Peraea,
2978 3812 3050 3851 ne
3083 3793 3302 3849 Latinis
3331 3805 3393 3846 se
3442 3789 3721 3859 adjunge-

2077 3890 2208 3941 rent
2225 3885 2295 3941 ad
2320 3886 2523 3941 urbem
2548 3884 2725 3941 simul
2750 3883 3228 3955 oppugnandam,
3256 3879 3355 3934 sed
3378 3875 3637 3931 volentes
3661 3874 3719 3928 in

2076 3972 2190 4028 fide
2256 3978 2558 4045 pactorum
2628 3974 2954 4044 perstarent
3011 3968 3510 4040 quiescerentque.
3570 3962 3719 4027 Quin

2076 4060 2251 4116 etiam
2276 4062 2346 4116 ad
2371 4066 2655 4132 quantum
2680 4062 2879 4131 posset
2909 4054 3395 4129 prwvertendum.
3433 4065 3505 4105 ne
3538 4048 3718 4103 libido

2077 4164 2177 4204 eos
2209 4153 2435 4220 caperet
2467 4164 2599 4204 cum
2630 4147 3012 4220 popularibus
3064 4145 3328 4215 ipsorum
3382 4137 3567 4202 Italis,
3618 4134 3718 4190 ubi

2077 4238 2286 4292 armati
2317 4235 2974 4307 advenissent,a|iquam
3005 4233 3207 4289 saltem
3240 4223 3719 4286 communicatio-

2078 4339 2211 4380 nem
2227 4326 2694 4397 usurpandi,quo
2711 4320 3250 4395 utiqueimpulsura
3263 4320 3386 4372 erat
3398 4331 3496 4370 eos
3510 4328 3713 4367 neces-

2077 4413 2272 4468 situdo
2302 4413 2651 4485 cognitionis
2683 4417 2739 4468 et
2768 4411 2999 4483 generis
3032 4425 3097 4464 ac
3128 4406 3326 4479 patria:
3358 4400 3712 4467 communis,

2075 4504 2132 4555 et
2162 4500 2529 4572 peculiariter
2558 4501 2873 4555 invitatura
2904 4497 3161 4554 hostium
3195 4494 3268 4550 ab
3320 4490 3463 4563 ipsis
3510 4486 3714 4543 verisi-

321 4601 462 4642 voco
480 4568 1525 4660 nonillud,quonuperLatiniurbem
1541 4592 1824 4644 tementes
1840 4589 1963 4640 ute-
1997 4568 2041 4632 Ῐ)
2074 4568 2292 4643 militer
2337 4590 2452 4644 vim
2480 4589 2617 4645 belli
2648 4591 3180 4659 temperaturorum
3209 4577 3553 4642 moderatio,
3587 4575 3709 4648 pel-

321 4674 718 4745 bantur,quod
731 4680 820 4731 est
840 4693 1015 4748 prope
1032 4678 1448 4733 monasterium
1463 4676 1677 4733 Christi
1710 4675 1972 4730 benefac-

322 4761 598 4830 toris,sed
614 4762 771 4818 aliud
786 4769 959 4834 portas
972 4765 1383 4837 vicinum,qua3
1398 4764 1582 4821 abillo
1597 4768 1774 4835 portze
1790 4779 1969 4818 nava-

327 4848 402 4903 lis
416 4865 627 4905 nomen
642 4851 1076 4921 accepit.Causa
1087 4870 1191 4908 cur
1211 4853 1319 4909 hoc
1334 4852 1665 4924 displiceret
1678 4851 1968 4922 erat,quia

328 4940 519 4991 totum
545 4936 690 4993 illud
719 4954 899 4995 cornu
923 4942 1068 4996 mari
1104 4945 1447 5013 praetentum
1480 4940 1590 4996 late
1620 4944 1963 5013 portuosum

329 5027 505 5088 est,et
516 5041 715 5095 parem
729 5029 1197 5085 commoditatem
1212 5029 1293 5085 ibi
1312 5028 1964 5096 standihostilibuijta

330 5112 726 5185 Romanisque
757 5117 1047 5187 praebebat
1074 5118 1460 5173 navibus.Sed
1494 5116 1821 5187 intelligens
1842 5116 1962 5170 fore

326 5200 469 5256 utile
498 5201 778 5260 Romanis
808 5206 1052 5261 navibus
1085 5221 1257 5277 posse
1287 5206 1522 5262 Latinas
1554 5223 1587 5261 a
1615 5210 1772 5274 tergo
1821 5204 1959 5259 ado-

326 5287 427 5343 riri
458 5288 564 5360 (sic
589 5290 747 5347 enim
770 5297 824 5347 et
840 5294 1124 5360 audacius
1146 5300 1508 5366 pugnaturos
1528 5294 1766 5361 viros,et
1787 5293 1959 5347 rebus

325 5377 591 5435 securius
622 5379 953 5437 consultum
984 5381 1541 5452 iri),Contoskelium
1572 5382 1725 5453 quod
1742 5379 1957 5435 Blancm

324 5465 557 5536 adjacet
589 5468 938 5525 reaadificare
985 5470 1188 5527 voluit.
1238 5471 1435 5542 Itaque
1482 5471 1673 5526 locum
1720 5467 1961 5524 ambivit

326 5568 497 5610 muro
509 5553 802 5626 lapidibus
816 5557 1466 5630 maximisexstructo,et
1477 5557 1959 5628 comprehensum

325 5655 395 5697 eo
423 5655 564 5713 gyro
596 5658 755 5700 mare
801 5646 1149 5717 profundius
1196 5646 1403 5719 etfacit,
1454 5644 1701 5720 deprimi
1741 5644 1957 5715 jubsns

2080 4676 2219 4732 lexit
2248 4677 2551 4733 blanditiis
2598 4676 3009 4744 beneficiisque
3034 4672 3359 4745 praecipuos
3400 4680 3598 4723 eorum
3648 4667 3714 4719 ut

2078 4765 2317 4822 clientes
2362 4764 2472 4821 sibi
2518 4768 2573 4820 et
2620 4764 2797 4835 (quod
2833 4778 3033 4819 eorum
3063 4756 3412 4816 vocabulum
3445 4754 3553 4825 est)
3583 4751 3707 4822 ligii

2075 4855 2301 4918 fierent,
2334 4853 2441 4907 hoc
2473 4852 2757 4923 singulari
2790 4851 3059 4921 professas
3090 4843 3472 4918 subiectionis
3516 4839 3706 4897 ofﬁcio

2073 4943 2143 4997 ad
2192 4941 2366 4995 ﬁdem
2421 4941 2833 4995 inconcussam
2886 4936 3157 4993 devincti.
3211 4936 3371 4989 Inter
3401 4933 3519 4987 haec
3549 4927 3705 4984 varie

2071 5028 2421 5100 providenda
2452 5028 2825 5099 parandaque
2856 5042 2970 5081 non
3022 5024 3289 5080 cessabat
3339 5019 3514 5076 variis
3565 5015 3703 5071 sub-

2069 5117 2206 5171 inde
2240 5115 2547 5171 missitatis
2590 5115 2679 5171 via
2709 5113 3005 5170 maritima
3033 5112 3248 5167 instare
3280 5108 3433 5180 apud
3466 5106 3700 5173 Papam,

2070 5206 2330 5276 urgendo
2362 5205 2514 5274 quod
2549 5207 2834 5275 coeperat;
2876 5205 2932 5257 et
2981 5200 3119 5271 quia
3166 5194 3539 5265 contingebat
3588 5191 3702 5244 fie-

2067 5292 2269 5363 quenti
2319 5291 2658 5361 pontificum
2701 5294 2885 5346 morte
2915 5288 3059 5343 alios
3090 5303 3157 5342 ex
3183 5284 3313 5339 aliis
3342 5295 3523 5352 papas
3554 5276 3702 5363 fieri:

2066 5362 2133 5435 ut
2155 5395 2443 5449 quemque
2476 5379 2545 5433 de
2576 5395 2723 5434 novo
2754 5380 3013 5433 creatum
3046 5374 3301 5436 noverat,
3328 5367 3524 5422 statim
3552 5362 3701 5417 deli-

2066 5466 2340 5522 niendam
2374 5482 2476 5535 per
2504 5482 2643 5520 suos
2672 5465 2900 5534 sibique
2929 5466 2994 5517 ut
3020 5461 3244 5532 poterat
3272 5450 3697 5511 conciliandum

2066 5551 2397 5609 curabat.ln
2412 5552 2597 5622 capite
2609 5552 2816 5607 harum
2830 5547 3086 5606 omnium
3100 5559 3235 5599 cum
3247 5536 3699 5614 papatractatio-

2068 5657 2211 5697 num
2241 5638 2566 5711 ponebatur
2596 5639 2858 5709 speciosa
2887 5635 3007 5691 illic
3037 5633 3089 5690 ei
3120 5634 3317 5703 optata
3342 5644 3451 5698 res,
3500 5624 3692 5680 conci-
