4110 6280
484 306 592 359 819

1782 314 2082 372 GEORGII
2118 317 2576 370 PACHYMERE

3760 309 3844 363 820

479 425 774 503 κεφάλαιον
828 430 863 496 ἡ
894 431 1001 482 τῶν
1045 427 1386 500 Ἐκκλησιῶν
1414 428 1612 494 ’ἐνωσις
1643 432 1856 487 καὶτοῦ
1881 434 2117 489 παλαιοῦ
2148 440 2202 506 Α
2228 434 2490 489 τοιούτων
2546 436 2831 510 εἰρηνικῶν
2886 431 3130 487 σπονδῶν
3171 432 3238 486 τὸ
3293 426 3596 484 σκάνδαλον
3637 428 3842 498 λύεσθαι,

484 511 788 569 σκανδάλου
840 514 1149 591 ἀναίρεσις.
1225 519 1532 594 Συγκρίνων
1605 521 1705 594 γὰρ
1772 522 1833 575 τὸ
1887 521 1972 575 ἐπὶ
2018 525 2114 575 τοῦ

484 602 659 656 Δούκα
687 604 941 658 Ἰωάννου
1001 604 1297 669 συιοδικῶς
1353 609 1571 683 γεγονὸς
1618 612 1745 684 παρ’
1802 609 1974 664 αἰτίαν
2021 614 2117 663 τοῦ

485 686 839 743 ἀποστέλλειν
869 688 1062 745 ἐκεῖθεν
1111 694 1200 746 καὶ
1250 700 1560 768 συμμαχεῖν
1600 700 1714 757 τοῖς
1766 695 1911 769 ἐντῇ
1960 695 2117 750 πόλει

485 777 841 851 ἀποσχέσθαι,
892 779 964 840 ὡς
1025 781 1257 854 ἑτοίμων
1287 788 1393 835 τῶν
1451 783 1728 857 ἡμετέρων
1778 779 1944 838 ὅντων
2006 782 2120 837 λει-

483 871 726 939 τουργεῖν
776 865 946 922 ἐκεῖσε
1001 870 1090 922 καὶ
1149 870 1508 943 μνημονεύειν
1565 877 1664 925 τοῦ
1719 874 1913 926 πάππα
1958 876 2125 926 ταὺτα

490 954 937 1027 ὑποσχνουμὲνου
969 956 1077 1029 (καὶ
1127 957 1524 1013 ἀπεστέλλοντο
1557 959 1585 1013 ὅ
1621 982 1679 1014 τε
1711 959 1958 1035 Σάρδεων
2007 965 2124 1016 Ἀν-

490 1038 738 1115 almum;
790 1045 879 1097 καὶ
930 1045 956 1097 ὁ
1003 1045 1230 1113 κυζίκου
1282 1047 1568 1122 Γεώργιος,
1617 1048 1705 1102 καὶ
1753 1052 1880 1122 τάχ’
1923 1047 1981 1101 ’ἀν
2012 1046 2127 1123 ἐγε-

490 1132 678 1205 γόνει,
738 1132 789 1186 οἰ
857 1133 1049 1188 ἐκεῖνοι
1109 1133 1488 1211 κατεδέχοντο)
1543 1171 1609 1180 -
1682 1139 1975 1212 συγκρίνων
2037 1136 2125 1191 οὖν

491 1219 663 1274 ἐκεῖνο
712 1223 845 1297 πρὸς
902 1228 1086 1293 τοῦτο,
1141 1225 1228 1278 καὶ
1290 1227 1818 1300 ἀναγκαστικώτερον
1871 1226 2127 1299 εὑρίσκων

491 1310 553 1363 τὸ
582 1314 671 1363 νῦν
696 1310 729 1377 ἤ
757 1311 818 1364 τὸ
868 1313 1153 1387 πρότερον,
1188 1315 1298 1386 ὅσῳ
1327 1316 1451 1369 τότε
1486 1317 1577 1387 μὲν
1611 1312 1939 1391 προσλαϐεῖν
1973 1314 2134 1385 ἠπεί-

493 1418 654 1471 γοντο
685 1398 746 1451 τὸ
781 1400 855 1470 μὴ
884 1403 1006 1475 παρ’
1057 1402 1244 1463 αὐτοῖς
1278 1404 1357 1469 ὃν,
1411 1408 1497 1456 νῦν
1562 1402 1608 1458 δ’
1656 1400 1952 1458 ἀποϐαλεῖν
1985 1405 2050 1457 τὰ
2080 1404 2130 1457 ἐν

502 1491 658 1561 χερσί
715 1486 1081 1545 κινδυνεύουσι
1116 1534 1130 1559 ,
1189 1492 1257 1546 τὰ
1324 1493 1458 1547 αὐτὰ
1509 1492 1791 1565 προῦτεινε
1844 1494 1932 1548 καὶ
1993 1494 2134 1548 οὕτω

494 1577 611 1634 τοῖς
644 1572 835 1630 πάλαι.
870 1575 1026 1646 Μηδέ
1048 1578 1149 1650 γὰρ
1174 1576 1359 1639 ἄλλως
1395 1575 1542 1652 ἔχειν
1570 1581 1771 1633 πείθειν
1803 1580 1891 1633 τὸν
1916 1580 2133 1633 πάππαν

506 1662 841 1737 ὑπερμαχεῖν
900 1663 1005 1717 τῶν
1065 1670 1331 1739 Γραικῶν,
1384 1665 1431 1718 εί
1493 1668 1566 1737 μή
1622 1672 1787 1720 ταῦτα
1841 1667 1991 1740 λέγοι
2049 1668 2137 1720 καὶ

2234 521 2322 577 διὰ
2364 521 2421 577 δὲ
2472 530 2573 591 τῆς
2618 527 2716 577 τοῦ
2773 520 3072 577 σκανδάλου
3131 518 3349 580 λύσεως
3398 516 3740 590 ἐπισχεθῆναι
3785 525 3845 589 τῷ

2234 610 2506 684 Καρούλῳ
2534 613 2627 665 τὸν
2659 610 2877 678 στόλον,
2911 607 2997 663 διὰ
3028 606 3083 662 δὲ
3109 612 3204 662 τοῦ
3238 606 3415 661 πάλιν
3449 603 3697 681 ἀσφαλῶς
3743 606 3845 669 τοὺς

2234 700 2540 770 Ῥωμαίους
2587 696 2732 773 ἔχειν
2764 698 2852 751 καὶ
2888 699 2960 769 μή
3013 697 3142 770 χθὲς
3190 695 3282 749 καὶ
3334 693 3447 764 πρὸ
3498 692 3683 765 τρίτης
3724 694 3849 767 μόγις

2239 784 2447 847 ἰδόντας
2504 789 2601 855 τὴν
2666 783 2899 861 πατρίδα
2952 784 3040 838 καὶ
3095 781 3386 856 δυσχερῶς
3453 780 3849 840 ἐπανασωθέντας

2237 875 2400 930 πάλιν
2434 875 2661 950 ἀφέντας
2717 873 3171 946 ἐπανακάμπτειν,
3228 871 3377 946 πρὸς
3436 872 3518 938 τῷ
3566 868 3651 920 καὶ
3699 864 3851 926 ἄλλως

2241 963 2463 1038 ἐξῆφθαι
2538 970 2654 1025 τοῖς
2704 964 2949 1023 πΛείτοις
2996 958 3264 1014 κίνδυνον.
3327 960 3517 1013 Ταῦτα
3575 951 3855 1024 διανοούμε-

2239 1073 2327 1112 νος
2381 1050 2554 1113 πολὺς
2616 1052 2679 1119 ἦν
2730 1051 2820 1105 καὶ
2868 1048 3213 1123 πατριάρχην
3270 1045 3484 1099 πείθων
3532 1042 3621 1096 καὶ
3651 1038 3855 1096 σύνοδον.

2242 1141 2308 1195 Οἱ
2342 1138 2386 1193 δ’
2419 1137 2825 1216 ἀφωσιωμὲνως
2873 1138 3014 1191 οὕτω
3070 1135 3163 1189 καὶ
3212 1130 3567 1191 ἐπιπολαίως
3610 1128 3857 1187 ἀκούοντες

2240 1232 2443 1302 πτερῷ,
2487 1228 2548 1281 τὸ
2604 1231 2699 1280 τοῦ
2753 1224 2946 1298 λόγου,
3004 1225 3070 1278 τὰ
3122 1225 3233 1277 ὦτα
3263 1221 3577 1291 κνωμένοις
3638 1216 3855 1287 ἐῴκεσαν.

2298 1316 2310 1333 τ
2347 1301 2352 1302 ⁷
2421 1317 2432 1329 ι
2704 1314 2715 1333 ν
2795 1319 2815 1328 ν
2892 1313 2904 1325 η
3075 1318 3099 1328 α.
3260 1309 3275 1326 \
3407 1312 3435 1321 κ
3648 1303 3661 1319 ι
3702 1304 3713 1315 ε
3790 1301 3832 1355 λυ

2242 1328 2318 1372 Uu
2374 1336 2475 1389 γαρ
2532 1316 2598 1383 ἦν
2657 1334 2841 1367 αυτοιε
2882 1331 3193 1379 αντιστγ,ναι
3219 1330 3286 1362 το
3318 1327 3544 1380 πρωτον
3577 1325 3663 1357 και
3694 1322 3784 1355 arto
3820 1321 3859 1355 ε-

2242 1425 2353 1479 γειν
2398 1403 2606 1469 τὲλεον,
2639 1400 2784 1457 ἀλλὰ
2835 1401 3008 1472 μένειν
3041 1400 3127 1453 καὶ
3173 1398 3331 1457 αὖθις
3367 1396 3421 1450 ἐν
3472 1397 3542 1466 τῇ
3590 1391 3738 1465 κυρίᾳ
3780 1390 3857 1455 τὴν

2247 1489 2570 1559 Ἐκκλησίαν
2616 1488 2939 1562 ἡγούμενοι,
2991 1490 3071 1556 [Ρ.
3104 1487 3229 1557 250]
3275 1483 3471 1542 καθὼς
3521 1478 3610 1534 καὶ
3660 1478 3859 1551 ἀρχῆθεν

2248 1580 2383 1651 εἶχε,
2439 1579 2528 1631 καὶ
2592 1578 2667 1648 μή
2724 1577 2868 1650 παρά
2924 1573 3184 1643 καπήλων
3244 1566 3589 1625 κινδυνεύειν
3627 1564 3860 1638 κρίνεσθαι

2250 1666 2339 1719 καὶ
2370 1664 2671 1739 βαναύσων,
2725 1668 2938 1737 πρῶτον
3002 1662 3095 1733 μὲν
3151 1659 3249 1714 οὐκ
3300 1658 3461 1733 εἶχον
3523 1655 3597 1715 εἷς
3640 1657 3752 1707 νοῦν
3790 1671 3861 1703 ου-

500 1749 749 1823 πράττοι·
816 1753 1141 1823 προσίστατο
1188 1752 1289 1828 γὰρ
1337 1753 1398 1807 τὸ
1431 1750 1750 1821 σκάνδαλον,
1805 1755 1983 1808 καὶτὸ
2015 1754 2141 1809 λευ-
2170 1784 2216 1847 Β
2250 1758 2357 1815 τῶς
2413 1750 2462 1804 ἐν
2531 1751 2719 1825 ἀκαρεῖ
2775 1749 3095 1817 τελεσθῆναι
3149 1748 3211 1801 τὸ
3278 1744 3436 1819 παρά
3487 1746 3586 1797 τοῦ
3635 1736 3862 1847 βασῒέως

501 1836 630 1897 κους
680 1838 1015 1917 Ἀγαρηνοὺς
1065 1840 1197 1894 εἶναι
1248 1840 1507 1914 Γραικοὺς
1552 1842 1677 1916 παρ’
1734 1840 1956 1902 ἐκείνοις
2020 1848 2138 1913 μεῖ-

504 1930 593 1994 ζον
643 1921 835 2000 ᾔρετο.
887 1929 1039 1981 Ταῦτ’
1098 1929 1199 2003 ἄρα
1252 1930 1339 1983 καὶ
1400 1929 1672 2002 ᾠκονόμει
1733 1928 1823 1984 διὰ
1882 1930 1975 2002 μὲν
2033 1934 2138 1983 τῶν

490 2140 654 2197 liatio
684 2142 1073 2198 Ecelesiarum
1104 2148 1162 2198 et
1191 2146 1417 2216 antiqui
1451 2145 1709 2201 scandali
1771 2145 2008 2200 amotio.
2043 2145 2129 2197 Ad

492 2229 601 2283 hoc
629 2229 727 2284 ille
758 2232 841 2284 sic
864 2232 1155 2301 agendum
1185 2233 1526 2288 movebatur
1551 2232 1811 2302 exemplo
1835 2250 1862 2287 e
1885 2231 2130 2288 Joannis

491 2321 659 2372 Ducre
710 2319 1042 2390 principatu
1093 2321 1357 2390 repetito.
1413 2322 1699 2376 Memoria
1748 2321 1963 2392 quippe
2012 2336 2128 2375 non

490 2404 573 2460 ita
611 2410 776 2462 vetus
812 2408 1098 2475 exstabat,
1128 2406 1349 2464 Joanne
1380 2408 1539 2464 Duca
1566 2409 1893 2480 imperante
1922 2407 2129 2479 synodi

490 2510 780 2550 consensu
815 2496 1104 2551 decretam
1137 2496 1499 2567 missamque
1529 2497 1877 2567 legationem
1909 2498 1981 2551 ad
2023 2513 2129 2567 pa-

490 2599 649 2654 pam,
684 2599 800 2654 qua
830 2584 1015 2638 nostri
1058 2585 1485 2654 proﬁtebantur
1537 2589 1835 2655 separatos
1885 2583 2129 2654 obsequi

490 2670 749 2741 pontiﬁci
783 2670 1044 2727 Romano
1076 2674 1322 2744 ejusque
1361 2672 1421 2727 in
1472 2690 1635 2728 sacra
1682 2672 1915 2742 liturgia
1964 2688 2127 2725 men-

489 2758 706 2813 tionem
753 2758 862 2814 rite
914 2759 1123 2830 facere,
1173 2761 1221 2814 si
1272 2761 1319 2816 is
1370 2761 1706 2817 societatem
1758 2761 2131 2830 abrumperet

491 2863 625 2901 cum
642 2846 859 2902 Latinis
882 2848 1087 2903 urbem
1111 2848 1676 2921 Constantinopolim
1698 2848 2051 2916 tenentibus,
2075 2850 2130 2901 et

490 2951 552 2990 se
582 2934 699 2990 illis
729 2935 945 2990 auxilia
976 2953 1090 2992 non
1125 2937 1449 2993 missurum
1482 2938 1868 3009 polliceretur.
1924 2939 2002 2989 Ea
2049 2933 2127 2987 le-

490 3022 723 3093 gatione
768 3023 947 3078 functi
992 3031 1129 3080 sunt
1177 3026 1434 3097 episcopi
1466 3028 1601 3091 duo,
1638 3025 1785 3079 367
1821 3022 2127 3077 Sardensis

488 3112 856 3169 Andronicus
900 3123 952 3169 et
1001 3115 1316 3185 Cyzicenus
1366 3115 1665 3185 Georgius.
1719 3114 2130 3183 Fecissentque

492 3199 675 3254 nostri
700 3202 855 3271 quod
889 3202 1231 3266 oti'erebant,
1264 3202 1315 3256 si
1341 3202 1426 3257 illi
1459 3202 1816 3274 propositam
1848 3202 2131 3257 conditio-

491 3303 625 3342 nem
690 3293 997 3359 acceptare
1057 3290 1395 3344 voluissent.
1456 3290 1519 3345 In
1580 3290 1687 3345 bac
1745 3289 2141 3344 recordatione

493 3373 740 3430 celebris
783 3376 916 3431 facti
940 3392 1286 3448 comparans
1309 3376 1627 3449 imperator
1657 3378 1826 3432 ambo
1855 3381 2136 3448 tempora,

494 3462 823 3532 reperiebat
856 3464 1043 3536 magis
1074 3482 1231 3521 nunc
1280 3465 1675 3521 necessarium
1720 3467 1777 3520 id
1827 3465 2135 3521 consilium

492 3549 698 3618 videri,
731 3551 1023 3622 siquidem
1053 3557 1212 3619 tunc,
1238 3554 1353 3610 ista
1384 3556 1633 3624 majores
1661 3554 1845 3610 nostri
1878 3554 2135 3625 pacisce-

496 3638 716 3693 bantur
745 3640 816 3694 ad
847 3644 1307 3713 recuperandum
1340 3644 1494 3713 quod
1528 3660 1640 3698 non
1673 3643 1984 3698 tenebant:
2010 3658 2132 3695 mo-

498 3726 572 3780 do
604 3730 797 3783 autem
830 3729 921 3800 agi
954 3730 1024 3784 de
1056 3748 1171 3785 non
1203 3730 1521 3786 amittendo
1551 3732 1701 3802 quod
1735 3731 1792 3785 in
1824 3748 2002 3785 manu
2042 3746 2136 3784 es-

498 3818 608 3870 set.
659 3814 815 3871 Solet
873 3821 1067 3874 autem
1130 3820 1321 3890 majus
1376 3819 1569 3891 putari
1627 3818 1846 3874 malum
1895 3818 2134 3888 perdere

497 3903 651 3973 quod
678 3904 1001 3975 possideas,
1038 3922 1212 3977 quam
1238 3925 1351 3963 non
1384 3907 1686 3978 acquirere
1716 3907 1870 3977 quod
1906 3904 2008 3960 tibi
2037 3906 2132 3959 de-

492 3989 681 4046 bitum
717 3991 1033 4049 existimes.
1067 3995 1121 4048 Si
1154 4012 1291 4067 ergo
1324 4012 1473 4051 recae
1522 4012 1586 4050 ac
1629 3996 1947 4067 prudenter
1993 4001 2129 4048 tunc

494 4079 679 4133 nostri
713 4097 817 4151 pro
850 4097 953 4151 spe
978 4085 1359 4153 recaperandi
1396 4084 1596 4138 urbem
1629 4083 1765 4138 talia
1797 4084 2132 4154 promittere

490 4171 831 4237 potuerunt,
864 4170 1070 4238 quidni
1096 4187 1202 4225 nos
1232 4172 1463 4225 easdem
1497 4170 1621 4225 sine
1653 4170 1818 4240 justa
1843 4171 2129 4241 vitupera-

491 4252 651 4308 tione
684 4255 1056 4324 paciscamur
1084 4256 1142 4311 in
1170 4256 1441 4326 praesenti
1470 4262 1630 4311 metu
1663 4258 1925 4327 ejusdem
1967 4258 2129 4312 urbis

495 4340 861 4410 amittendae;
915 4342 1083 4412 cujus
1130 4359 1338 4414 nempe
1378 4343 1671 4412 jacturam
1731 4342 1907 4398 vitare
1963 4343 2131 4398 aliter

493 4443 612 4482 non
645 4430 993 4499 possumus?
1026 4430 1394 4485 Manifestum
1428 4436 1620 4486 autem
1656 4447 1782 4486 esse
1814 4449 1926 4485 non
1958 4448 2128 4501 posse

2246 1839 2588 1911 κινούμενον,
2645 1836 2772 1893 αλλ’
2831 1838 2902 1897 ὡς
2933 1837 3022 1890 καὶ
3054 1834 3327 1895 πολλάκις
3370 1831 3709 1901 κινησάντων
3739 1826 3865 1899 βασι-

2249 1927 2386 1983 λέων
2441 1924 2627 1981 ἄλλων
2675 1926 2741 1980 τὰ
2803 1925 2921 1999 περὶ
2973 1921 3176 1977 τούτων
3227 1920 3658 1987 ἁνακυπτουσῷν
3704 1912 3857 1967 αἰτιῶν

2237 2142 2672 2198 conditionibus
2730 2138 3069 2193 memoratis
3129 2134 3491 2207 paciscenda
3555 2148 3570 2187 :
3620 2123 3857 2183 seandalo

2237 2246 2407 2302 porro
2468 2232 2679 2294 amoto,
2735 2242 2983 2296 pronum
3043 2224 3253 2279 deinde
3304 2224 3554 2292 sperata
3604 2218 3724 2309 erat
3761 2228 3854 2309 aqu

2237 2298 2386 2390 iegre
2414 2316 2856 2387 impetrandum
2886 2320 2951 2368 ut
2997 2312 3286 2384 expeditio
3336 2306 3645 2364 maritima
3689 2298 3860 2366 Caroli,

2236 2424 2363 2478 quas
2386 2404 2707 2476 prasertim
2731 2403 3063 2468 timebatur,
3086 2401 3219 2455 inde
3245 2392 3779 2470 impediretur.0ua
3805 2402 3856 2440 ex

2237 2510 2297 2549 re
2314 2494 2591 2549 Romanis
2609 2508 2865 2563 praesens
2886 2490 3156 2559 idemque
3169 2484 3476 2556 quantivis
3487 2480 3655 2555 pretii
3670 2479 3854 2533 fructus

2237 2582 2563 2649 exsisteret,
2597 2596 2805 2650 nempe
2836 2584 2900 2633 ut
2931 2579 3307 2631 firmarentur
3333 2573 3397 2628 in
3430 2587 3639 2627 secura
3668 2579 3856 2638 posses-

2238 2669 2400 2723 sione
2432 2685 2617 2739 nuper
2662 2672 2823 2722 tanto
2874 2665 2966 2719 vix
3012 2664 3210 2719 labore
3258 2664 3619 2733 recuperatas
3666 2650 3849 2726 patriai,

2237 2773 2349 2811 neu
2400 2760 2764 2827 cogerentur,
2816 2753 2971 2824 quod
3022 2749 3426 2806 miserrimum
3464 2747 3727 2814 idemque
3756 2754 3848 2827 non

2236 2826 2666 2899 vitabileialiter
2695 2846 2869 2911 esset,
2902 2857 3076 2911 quam
3113 2838 3184 2893 ab
3217 2837 3341 2892 heri
3375 2839 3483 2891 aut
3514 2831 3723 2888 nudius
3758 2826 3850 2880 fere

2238 2932 2445 2987 tertius
2478 2931 2726 2986 revisere
2756 2927 3069 3001 coepissent
3088 2943 3157 2981 ex
3178 2931 3295 2980 tam
3320 2924 3628 2979 diuturam
3653 2922 3851 2983 tamque

2241 3020 2369 3074 dira
2417 3019 2697 3075 servitute
2746 3034 2977 3073 summa
3020 3015 3078 3069 vi
3128 3017 3423 3084 receptam
3478 3004 3848 3095 dulcissima?l

2244 3107 2515 3179 patriam,
2548 3106 2873 3176 relinquere
2903 3105 3113 3159 iterum
3147 3106 3202 3157 et
3232 3101 3292 3155 in
3324 3099 3653 3170 longinqua
3680 3088 3849 3146 exsilia

2244 3196 2450 3251 redire.
2484 3196 2647 3251 Talia
2681 3195 2993 3265 imperator
3039 3191 3273 3247 assidue
3325 3204 3533 3244 secum
3582 3184 3847 3265 reputans,

2244 3289 2299 3339 et
2321 3285 2474 3356 apud
2501 3264 2817 3337 familiares
2840 3282 3135 3336 disserens
3158 3294 3289 3333 cum
3312 3275 3601 3332 continua
3623 3264 3852 3324 inculca-

2241 3374 2397 3428 tione
2427 3372 2667 3445 periculi
2699 3370 2941 3427 extremi
2970 3387 3131 3441 asque
3159 3367 3311 3424 368
3361 3364 3598 3422 cunctis
3643 3360 3844 3451 impeti-

2240 3462 2450 3529 dentis,
2503 3462 2671 3528 cujus
2718 3461 2839 3515 hac
2871 3477 2984 3514 una
3016 3454 3397 3530 praevertendi
3430 3453 3727 3510 offerretur
3752 3457 3846 3504 vna.

2243 3549 2462 3605 multus
2494 3550 2634 3605 item
2662 3548 2866 3605 eratin
2896 3529 3195 3602 suadendo
3226 3546 3340 3600 ista
3372 3549 3502 3599 tum
3536 3529 3841 3611 patriarcha

2242 3641 2361 3692 tum
2396 3639 2638 3709 synodo.
2668 3636 2758 3693 Illi
2791 3640 2988 3691 autem
3020 3634 3129 3689 etsi
3162 3633 3347 3689 obiter
3396 3632 3522 3686 haec
3573 3624 3752 3698 potius
3792 3632 3844 3669 ac

2239 3726 2632 3796 perfunctorie
2653 3742 2829 3797 quam
2856 3724 3106 3779 libenter
3127 3720 3579 3790 audiebant,per
3598 3730 3657 3770 se
3676 3716 3841 3800 ιᾶξηθιξ

2238 3819 2376 3869 tunc
2398 3796 2903 3887 tuleruntgratam
2928 3828 3054 3867 eam
3081 3810 3189 3866 sibi
3207 3809 3651 3880 jucundamque
3671 3796 3841 3852 inferri

2238 3902 2615 3971 mentionem,
2658 3902 2813 3958 velut
2857 3918 2923 3956 ea
2970 3901 3228 3971 ipsorum
3285 3893 3709 3979 demulceretur
3750 3896 3836 3979 au-

2237 4008 2363 4061 res;
2396 3992 2549 4062 quod
2575 3970 2715 4046 falso
2739 3970 3151 4052 simulabatur,
3185 3984 3355 4056 longe
3387 3983 3462 4038 ab
3495 3974 3714 4037 arcanis
3740 3970 3835 4024 dis-

2238 4096 2480 4150 crepans
2510 4081 2801 4135 sensibus.
2835 4081 3049 4131 V'erum
3085 4074 3204 4129 illis
3238 4077 3444 4128 utnon
3479 4064 3730 4150 placebat
3756 4070 3837 4150 nt?-

2235 4146 2569 4238 gotium,ita
2599 4183 2700 4222 nec
2732 4164 3079 4236 suppetebat
3108 4178 3366 4234 praesens
3395 4159 3628 4214 animus
3659 4148 3724 4243 ad
3754 4146 3835 4243 (ςδ-

2235 4256 2511 4310 standum
2546 4271 2736 4310 coram
2770 4254 2825 4307 in
2861 4269 2923 4307 os
2955 4250 3202 4323 principi
3236 4253 3441 4304 contra
3471 4238 3835 4304 nitenti,cujU9

2234 4343 2421 4413 gratia
2442 4348 2496 4397 et
2516 4341 2866 4399 verecundia
2887 4339 3133 4395 obnoxie
3160 4334 3461 4393 constricti
3489 4327 3833 4401 acquiescan-

2235 4431 2381 4485 tium
2420 4432 2673 4502 speciem
2724 4429 3076 4501 praebebant.
3122 4426 3431 4494 Utcunque
3479 4420 3596 4476 illis
3642 4413 3828 4469 certum

492 4514 617 4571 ulla
648 4517 869 4573 ratione
899 4519 990 4590 agi
1025 4535 1157 4572 cum
1190 4536 1338 4590 papa
1368 4536 1469 4591 spe
1520 4518 1834 4573 inducendi
1882 4534 2014 4572 eum
2058 4518 2127 4572 ad
2161 4503 2204 4567 lJ
2240 4524 2363 4573 erat
2391 4523 2650 4591 perstare
2694 4519 2966 4588 deinceps
2998 4529 3230 4587 quoque
3254 4512 3311 4566 in
3335 4509 3517 4566 semel
3548 4504 3697 4591 adita
3720 4508 3830 4591 ροε·

491 4602 804 4659 favendum
837 4605 1073 4673 Graecis,
1099 4607 1211 4661 nisi
1239 4608 1428 4678 prima
1457 4607 1516 4662 in
1550 4608 1735 4663 fronte
1767 4606 2124 4662 tractationis

489 4690 698 4747 talium
733 4709 929 4748 rerum
962 4695 1274 4765 promissio
1306 4702 1462 4751 certa
1492 4697 1833 4753 collocetur:
1863 4694 2122 4766 quandiu

490 4779 647 4834 enim
681 4781 1012 4837 conciliatio
1043 4782 1428 4839 Ecclesiarum
1462 4802 1574 4840 non
1605 4784 1953 4854 ostenditur,
1996 4799 2121 4854 per-

492 4871 609 4922 stat
635 4868 979 4925 scandalum
1012 4874 1200 4939 vetus,
1235 4875 1291 4926 et
1320 4872 1718 4929 conventionis
1748 4873 1939 4928 omnis
1968 4872 2121 4927 viam

493 4955 742 5011 obstruit
760 4955 912 5028 lapis
934 4957 1167 5028 quidam
1194 4959 1443 5030 antiquae
1475 4961 2121 5028 oﬂ'ensiouis,invetera-

490 5046 666 5113 taque
682 5044 903 5100 Latinis
919 5046 1278 5102 consuetudo
1293 5047 1516 5104 Graecos
1533 5048 1901 5104 existimandi
1915 5064 2121 5102 vocan-

493 5130 671 5203 dique
701 5132 1051 5189 Sarracenos
1087 5132 1251 5202 alios;
1283 5136 1378 5205 qui
1412 5152 1619 5191 sensus
1652 5136 1841 5207 quoad
1874 5136 1931 5189 in
1964 5135 2122 5205 ipso-

492 5234 622 5272 rum
639 5218 887 5291 viguerit
907 5219 1368 5288 animis,l‘rustra
1390 5227 1654 5294 speretur
1667 5223 1845 5278 ullam
1863 5239 2121 5293 unquam

494 5322 901 5377 processuram
932 5308 1192 5380 cujusvis
1222 5325 1355 5364 cum
1388 5310 1459 5366 iis
1491 5311 1807 5367 concordiae
1857 5311 2121 5365 ineundas

496 5394 998 5463 rationem.Quare
1032 5414 1139 5453 suo
1170 5398 1425 5453 serviens
1448 5400 1693 5471 tempori
1716 5400 1953 5457 omnino
1984 5414 2121 5454 con-

496 5481 689 5539 stituit
720 5484 827 5540 boc
855 5489 1206 5541 aeternorum
1253 5485 1630 5544 dissidiorum
1680 5505 1877 5545 semen
1928 5496 1980 5542 et
2024 5504 2120 5542 ne-

497 5571 761 5627 cessariae
791 5572 1214 5631 conciliationis
1247 5573 1483 5632 unicum
1506 5577 1728 5636 obicem
1759 5578 2123 5647 tollere,pace

2232 4585 2493 4662 sessione
2515 4604 2876 4661 auctoritatis
2899 4585 3367 4675 independentis,
3398 4615 3512 4667 qua
3532 4585 3827 4675 Ecclesiatn,

2233 4698 2297 4748 ut
2328 4694 2510 4765 prius,
2541 4695 2612 4749 ab
2644 4693 2802 4749 omni
2831 4667 3159 4748 absolutam
3192 4667 3364 4744 alieni
3394 4685 3674 4757 primatus
3712 4667 3827 4726 sub-

2225 4782 2478 4853 jectione
2506 4799 2569 4839 se
2599 4782 2774 4837 fixum
2808 4782 3105 4836 habebant
3133 4778 3408 4842 tuituros,
3433 4790 3503 4829 ne
3533 4767 3826 4837 cauponum

2231 4868 2533 4926 illiberalis
2593 4869 2766 4926 sortis
2824 4867 3291 4925 homuncionum
3350 4860 3560 4932 subjici
3601 4854 3826 4920 unquam

2232 4958 2360 5029 ipso
2412 4959 2587 5031 (quod
2650 4956 3163 5026 abominabantur)
3208 4951 3432 5024 judicio
3482 4932 3825 5031 contingeret:

2232 5015 2614 5102 ﬁissimiilare
2646 5051 2841 5102 autem
2870 5045 2929 5099 in
2962 5044 3093 5100 istis
3125 5041 3311 5096 initiis
3342 5042 3468 5094 tuto
3502 5052 3561 5093 se
3582 5015 3825 5103 putaru!1t

2232 5151 2424 5206 posse,
2469 5135 2725 5207 primum
2778 5133 2917 5205 quia
2964 5145 3265 5203 nunquam
3311 5127 3456 5199 ipsis
3506 5124 3562 5178 in
3610 5111 3826 5207 mentiti"1

2233 5202 2390 5277 venit
2410 5202 2527 5277 uno
2550 5221 2633 5277 sic
2657 5202 2949 5276 momento
2973 5215 3497 5274 consummandam
3525 5221 3657 5272 rem,
3679 5202 3822 5267 quam

2232 5326 2458 5366 movere
2516 5309 2832 5382 incipiebat
2887 5307 3221 5378 imperator,
3280 5319 3479 5357 verum
3522 5291 3819 5390 θνθξξωτξξῃ

2232 5415 2388 5453 nunc
2414 5379 2655 5469 quoque
2674 5396 3042 5453 confidebant
3070 5393 3224 5465 quod
3251 5407 3403 5461 siepe
3434 5388 3561 5443 aliis
3588 5379 3715 5437 aliae
3736 5379 3820 5469 "ii:

2232 5449 2597 5557 perato‘ribus
2627 5486 2781 5543 idem
2835 5481 3128 5556 aggressis
3168 5497 3280 5536 usu
3302 5472 3746 5564 veneratum???e

2233 5540 2660 5632 disturbaretur
2686 5590 2790 5647 per
2815 5540 2944 5629 sese
2972 5567 3291 5641 negotium,
3323 5572 3529 5638 sponte
3572 5551 3727 5617 natis:
3769 5540 3817 5594 αι
