4110 6280
292 374 391 427 82!

1372 382 1465 433 DE
1504 380 1873 435 MICHAELE
1912 378 2353 435 PALEOLOGO
2388 380 2523 432 LIB.
2562 381 2630 433 ν.

3575 372 3683 426 822

292 492 590 564 ἐκωλύετο,
645 496 785 551 οὕτω
843 497 1085 572 γενέσθαι
1142 496 1231 553 καί
1286 498 1427 569 τότε,
1488 498 1732 575 δεύτερον
1767 497 1824 554 δὲ
1855 500 1927 561 ὡς
1958 502 2007 568 Α
2042 493 2472 571 διαϐεϐοημένου
2500 496 2575 561 si;
2624 498 2817 571 ἀρετὴν
2866 496 2955 550 καὶ
3007 495 3259 567 ζηλωτοῧ
3303 502 3405 565 τῆς
3444 496 3678 570 ἀρχαίας

294 583 339 636 εἰ
400 584 488 637 καὶ
546 586 621 656 μὴ
673 583 906 659 γένοιτο,
970 588 1045 658 μὴ
1104 589 1164 642 ἄν
1223 588 1394 649 οὕτως
1444 589 1669 663 ἀρθῆναι
1706 584 1841 662 μέγα
1868 590 1929 643 τὸ

291 673 589 742 καθ’ἡμᾶς
621 672 941 730 σκάνδαλον.
1000 677 1083 729 Ἐν
1142 676 1358 739 τούτοις
1412 677 1504 748 μὶν
1565 674 1654 730 οὖν
1700 676 1930 730 τᾶίέκεί-

290 779 421 813 νων.
483 759 587 814 Καὶ
650 760 856 837 φριέοις
916 762 1009 833 μὲν
1068 765 1157 817 καὶ
1213 763 1428 825 λοιποῖς
1459 762 1689 825 Ἰταλοῖς
1721 765 1933 839 ἀγαπη-

286 849 454 909 τικῶς
505 849 925 925 προσεφέροντο,
973 851 1063 905 καὶ
1116 850 1239 906 ὅσον
1288 853 1353 920 ἦν
1406 853 1468 907 τὸ
1511 852 1647 906 κατὰ
1674 854 1931 922 Χριστια-

286 934 412 997 νοὺς
440 937 502 990 οὗ
537 934 831 1007 διίσταντο,
881 938 968 992 ἐπὶ
1021 936 1078 994 δὲ
1118 941 1196 1011 τῷ
1246 939 1438 995 πλέονι
1478 939 1592 995 οὐδ’
1623 940 1926 1013 ἐγνωσιμά-

292 1040 453 1096 χουν,
517 1026 862 1097 μαμάκουθοί
915 1048 1055 1090 τινες
1114 1022 1262 1089 ὄντες
1317 1028 1371 1100 (ἢ
1426 1031 1478 1082 τί
1539 1027 1597 1082 ἂν
1656 1026 1925 1101 ε’ίποιμι;)

286 1109 631 1182 ἀναισθήτως
681 1118 789 1169 τῶν
865 1118 1254 1190 πραττομένων
1322 1115 1563 1191 ἔχοντες.
1623 1114 1768 1171 Ἔδει
1827 1115 1925 1188 γὰρ

288 1197 526 1275 ἀρχῆθεν
577 1200 790 1276 ἐπέχειν
845 1204 935 1257 καὶ
1003 1203 1256 1274 ἀντισπᾷν
1314 1206 1388 1277 μὴ
1436 1202 1924 1278 καταδεχομένους,

285 1289 381 1341 κᾶν
432 1289 461 1341 ὅ
511 1310 561 1342 τι
610 1290 844 1364 γένοιτο,
897 1289 1043 1367 εἷ’περ
1086 1294 1193 1346 τῶν
1243 1291 1699 1367 ἀπηγορευμένων
1743 1290 1926 1362 ἐνόμι-

288 1378 377 1441 ζον
408 1375 470 1429 τὸ
491 1374 844 1449 τελούμενον.
878 1376 1031 1434 Ἀλλ’
1067 1378 1260 1434 ἐκεῖνοι
1292 1382 1389 1448 τήν
1417 1379 1737 1449 Ἐκκλησίαν
1782 1376 1925 1452 ἔχειν

282 1460 336 1516 ἐν
388 1462 619 1542 ἀσφαλεῖ
676 1465 944 1538 οῗόμενοι,
1000 1468 1074 1530 ὡς
1127 1468 1473 1543 προείρηται,
1527 1469 1644 1532 καθ’
1696 1466 1802 1521 ὅτι
1835 1465 1924 1521 καὶ

280 1553 478 1625 πράξοι
526 1555 778 1627 νομισθὲν
839 1556 1134 1634 συμφέρον,
1191 1557 1491 1631 ἡσύχαζον,
1540 1556 1629 1610 καὶ
1672 1556 1924 1627 κινουμέ-

280 1661 388 1693 νων
444 1642 588 1716 παρὰ
647 1643 914 1717 βασιλέως
972 1648 1079 1699 τῶν
1136 1643 1400 1700 τοιούτων
1460 1644 1568 1719 (ἐπὶ
1622 1643 1764 1700 πολὺ
1821 1644 1923 1718 γὰρ

281 1723 522 1802 ἐτρίϐετο
577 1732 639 1785 τὸ
698 1731 1037 1806 κινούμενον)
1096 1732 1445 1806 κατημέλουν
1499 1731 1590 1787 καὶ
1643 1732 1717 1795 ὡς
1767 1730 1920 1787 οὐδὲν

281 1814 556 1889 ἐνόμιζον.

285 1942 386 2019 ια,ο
434 1924 620 2019 Ἲὶπξυς
698 1925 978 2016 σταθέντος
1053 1928 1249 2019 πὰπνποι
1317 1932 1412 2019 τοῦ
1484 1927 1813 2019 Γρηγορίου,,
1886 1928 1912 1980 6

357 1992 609 2081 βασιλεὺς
680 1997 815 2071 πρὸς
890 2000 991 2067 τήν
1063 2000 1178 2071 μετ’
1233 1999 1439 2055 ἐκείνου
1496 1992 1720 2072 εἷρήνην
1770 1997 1911 2070 ᾠκο-

340 2085 586 2136 νομειτο.

341 2172 422 2243 [Ρ.
448 2172 573 2244 251]
605 2170 776 2234 Τέλος
803 2177 899 2227 τοῦ
946 2174 1080 2229 κατὰ
1128 2173 1322 2250 Συρίαν
1354 2173 1683 2250 Γρηγορίου,
1714 2170 1909 2248 ἀνδρὸς

271 2387 358 2458 iit,
391 2387 448 2441 in
481 2388 609 2460 ipso
642 2389 1005 2446 tractationis
1027 2393 1277 2447 decursu
1309 2389 1728 2446 offensionibus
1748 2387 1905 2444 colli-

272 2476 538 2532 dcntium
569 2492 697 2533 sese
727 2482 988 2534 votorum
1038 2479 1483 2549 studiorumque
1525 2479 1675 2533 inter
1717 2484 1908 2549 partes

271 2562 445 2637 longe
476 2565 723 2622 diversis
772 2567 1050 2638 utrinque
1080 2572 1514 2640 praeoccupatas
1530 2567 1830 2623 atl‘ectibus
1852 2570 1908 2622 et

273 2653 550 2709 sensibus
575 2674 588 2722 ;
609 2654 763 2710 unde
781 2654 837 2709 in
862 2655 1099 2727 plenum
1116 2656 1382 2712 eii‘ectum
1401 2655 1638 2711 sincerae
1671 2672 1904 2711 concor-

274 2742 384 2797 diae
432 2743 671 2814 perduci
733 2745 1002 2800 tractatio
1052 2762 1354 2817 nunquam
1410 2749 1622 2816 posset.
1690 2743 1907 2799 Deinde

279 2831 416 2901 quia
439 2831 525 2887 vel
557 2835 605 2887 si
639 2833 783 2888 forte
813 2834 1114 2889 conventio
1147 2834 1402 2905 partium
1445 2849 1721 2889 asssensu
1781 2849 1906 2887 coa-

278 2917 517 2974 lesceret
546 2921 602 2975 in
626 2925 795 2992 pacta
824 2922 1098 2993 utrinque
1127 2922 1421 2994 stipulala,
1451 2921 1620 2989 {haud
1669 2924 1904 2975 secutu-

282 3010 471 3062 turam
508 3012 698 3065 tamen
736 3026 992 3080 unquam
1011 3009 1400 3081 opinabantur
1431 3026 1497 3065 ex
1513 3012 1672 3081 parte
1690 3009 1906 3063 Graeco-

275 3112 408 3151 rum
435 3098 861 3153 exsecutionem
893 3102 1128 3169 propter
1157 3100 1269 3154 alte
1317 3098 1662 3169 impressam
1694 3094 1907 3151 animis

270 3184 527 3240 nationis
558 3185 716 3241 illius
750 3186 1032 3241 universae
1055 3186 1413 3242 aversionem
1473 3203 1507 3240 a
1537 3184 1748 3239 ritibus
1780 3199 1901 3237 mo-

270 3272 572 3344 ribusque,
606 3292 670 3330 ac
700 3275 1025 3345 praesertim
1057 3274 1299 3346 imperio
1332 3271 1623 3345 spirituali
1657 3270 1904 3327 auctori-

272 3365 510 3434 tateque
569 3363 629 3418 in
687 3363 860 3419 rebus
917 3362 1328 3419 ecclesiasticis
1387 3360 1670 3433 superiori
1731 3375 1910 3431 agno-

272 3450 489 3505 scenda
511 3451 886 3518 Latinorum;
919 3468 988 3507 ex
1009 3468 1123 3522 qua
1153 3450 1270 3506 iras
1301 3450 1547 3521 odiaque
1587 3448 1646 3503 in
1679 3450 1908 3503 tantum

270 3538 557 3594 exarsisse
587 3538 968 3595 dissidiorum
998 3544 1346 3595 aeternorum
1390 3537 1721 3595 incendium
1752 3536 1907 3591 vide-

270 3627 433 3696 bant,
466 3628 559 3683 cui
592 3629 744 3685 bona
773 3629 887 3684 [ide
915 3628 1332 3701 restinguendo
1365 3626 1587 3682 nullam
1627 3626 1906 3683 suffectu-

273 3732 401 3771 ram
462 3721 765 3787 appareret
814 3716 1237 3789 qualiscunque
1287 3715 1711 3772 conciliationis
1759 3714 1910 3768 inter

276 3804 469 3876 capita
498 3804 776 3876 partium,
811 3806 1124 3875 quantavis
1156 3804 1389 3861 sancitaa
1423 3803 1724 3875 religione,
1747 3819 1903 3857 reve-

271 3893 621 3950 rentiam.Ei
652 3894 876 3950 fiducia;
906 3894 1177 3950 Ecclesiae
1208 3897 1347 3948 tunc
1380 3897 1589 3948 nostrae
1614 3891 1905 3963 principes

270 3981 1203 4055 indormientes,praaterquam,ut
1233 3981 1369 4052 dixi,
1402 3981 1625 4053 placide
1648 3980 1900 4036 admise-

272 4074 413 4125 runt
431 4070 675 4141 primam
695 4070 913 4127 illatam
933 4072 1003 4127 ab
1027 4071 1373 4142 imperatore
1397 4069 1749 4125 mentionem
1772 4067 1905 4123 sub-

262 4157 538 4227 jectionis
566 4175 725 4230 papae
758 4159 1114 4230 proﬁtendae,
1133 4157 1284 4213 ultro
1308 4155 1679 4227 etiam,quasi
1704 4155 1907 4226 auspi-

270 4250 467 4302 cantes
488 4247 880 4312 concordiam,
910 4247 1133 4302 Frerios
1165 4251 1221 4301 et
1268 4245 1523 4316 reliquos
1576 4245 1770 4310 italos,
1805 4241 1904 4313 qui

272 4338 407 4390 tunc
426 4335 920 4407 Constantinopoli
951 4331 1757 4403 versabantur,benevolentia
1788 4347 1903 4385 non

268 4423 493 4496 vulgari
523 4423 795 4495 amplecti
826 4424 1098 4494 deinceps
1142 4423 1486 4478 aii‘ectarunt
1532 4420 1898 4477 communio-

269 4528 402 4567 nem
422 4510 548 4568 sine
566 4510 868 4567 discrimin
890 4511 1302 4567 eadmittentes
1326 4526 1522 4565 eorum
1546 4510 1603 4564 in
1628 4508 1901 4563 omnibus

2036 592 2142 642 τῶν
2167 586 2506 657 Ἐκκλησιῶν
2532 586 2750 660 εἰρήνης
2775 586 2861 639 καὶ
2897 585 3180 657 ὁμονοίας,
3212 584 3287 646 εἷς
3317 587 3379 640 τὸ
3403 584 3676 639 παππικὸν

2037 674 2477 750 προσκληθέντος
2533 673 2744 746 ἀξίωμα
2800 673 2890 727 καὶ
2948 671 3056 744 ἤδη
3101 675 3199 743 τὴν
3246 673 3332 728 ἐπὶ
3372 674 3589 744 Ῥώμης
3619 672 3677 726 ἐκ

2038 764 2237 838 Συρίας
2276 761 2549 831 ἀνύοντος,
2602 761 2803 837 γίνεταί
2860 762 2910 815 οἱ
2969 761 3221 834 ἐνθύμιον
3282 759 3538 833 (ἤκουστο
3570 760 3671 835 γὰρ

2037 850 2224 923 ἐκείνῳ
2249 851 2351 905 κάκ
2378 856 2484 905 τῶν
2516 855 2612 905 τοῦ
2657 849 2925 925 βασιλέως
2973 850 3306 923 μηνυμάτων
3356 850 3489 922 πρὸς
3526 849 3670 903 πάπ-

2034 959 2137 992 παν
2185 938 2258 1000 ὡς
2308 940 2405 1008 τήν
2456 939 2675 1009 εἰρήνην
2724 942 2832 992 τῶν
2884 937 3223 1008 Ἐκκλησιῶν
3269 938 3502 1011 αἱροῖτο)
3532 937 3671 1009 πέμ-

2034 1029 2129 1099 ψαι
2161 1027 2294 1100 πρὸς
2351 1028 2596 1101 βασιλέα,
2650 1025 2738 1081 καὶ
2766 1025 2998 1100 φιλικῶς
3068 1026 3162 1098 μὲν
3203 1026 3269 1080 τὰ
3315 1030 3504 1101 πρῶτα
3538 1025 3670 1080 ἐκεῖ·

2033 1136 2122 1169 νον
2157 1116 2509 1185 ἀσπάσασθαι,
2553 1115 2664 1187 ἅμα
2696 1112 2753 1169 δὲ
2802 1114 2890 1169 καὶ
2922 1112 3169 1181 δηλῶσαι
3197 1116 3298 1183 τήν
3328 1122 3548 1183 κλῆσιν,
3577 1115 3664 1168 καὶ

2035 1204 2108 1264 ὡς
2160 1205 2258 1266 τῆς
2315 1203 2536 1277 εἶ’ρήνης
2597 1201 2837 1265 ἐκτόπως
2883 1206 2987 1256 τῶν
3048 1202 3386 1272 Ἐκκλησιῶν
3420 1202 3666 1277 ὀρέγοιτο

2032 1288 2126 1344 κᾶν
2164 1290 2422 1365 βούλοιτο
2450 1296 2610 1345 τοῦτο
2661 1291 2749 1345 καὶ
2798 1293 2826 1344 6
2880 1291 3155 1365 βασιλεὺς,
3203 1290 3301 1345 οὐκ
3330 1289 3389 1344 ἂν
3422 1289 3473 1343 ἐν
3507 1288 3665 1361 ἄλλῳ

2032 1378 2271 1453 γενέσθαι
2327 1378 2553 1434 κάλλιον
2607 1380 2642 1447 ἢ
2703 1379 2866 1433 αὐτοῦ
2922 1400 2980 1453 γε
3032 1381 3130 1448 τήν
3186 1380 3467 1446 παππικήν
3519 1378 3667 1448 ἀξίαν

2031 1468 2382 1542 κατέχοντος.
2443 1472 2616 1521 Ταῦτα
2665 1472 2761 1523 τοῦ
2820 1469 3126 1543 Γρηγορίου
3161 1465 3249 1522 διὰ
3295 1467 3527 1543 φρερίων
3558 1464 3666 1521 δια-

2036 1558 2433 1627 μηνυσαμένου,
2468 1553 2637 1624 δῆλον
2696 1556 2761 1624 ἦν
2811 1557 2883 1617 ὡς
2939 1557 2967 1610 6
3031 1556 3122 1625 μὲν
3160 1561 3371 1629 κρατῶν
3399 1555 3533 1610 κατά
3565 1552 3669 1609 δει-

2032 1643 2152 1699 λίαν
2196 1648 2295 1713 τήν
2327 1644 2462 1719 πρὸς
2510 1645 2599 1698 τὸν
2648 1645 2925 1719 Κάρουλον
2974 1645 3073 1711 τήν
3109 1643 3332 1719 είρήνην
3361 1643 3558 1713 ἐζήτει,
3591 1644 3665 1705 ὡς

2032 1731 2196 1800 αὐτῆς
2227 1752 2289 1806 γε
2323 1733 2397 1803 μὴ
2428 1729 2593 1801 οὔσης
2628 1729 2758 1804 μηδ’
2806 1730 2883 1795 εἷς
2928 1735 3050 1786 νοῦν
3085 1732 3261 1809 φέρειν
3295 1732 3499 1802 ἐκείνην
3546 1733 3663 1786 πώ-

1951 1856 1997 1921 B
2028 1841 2178 1887 ποτε,
2214 1822 2269 1874 οἱ
2301 1819 2357 1875 δὲ
2386 1820 2507 1896 περῖ
2540 1820 2628 1875 τὸν
2662 1821 2959 1896 Γρηγόριον
3012 1819 3083 1876 δι’
3122 1822 3253 1876 αὐτὸ
3276 1826 3440 1875 τοῦτο
3471 1819 3532 1876 τὸ
3562 1827 3663 1890 τῆς

2026 1909 2251 1982 εἱρήνης
2278 1908 2441 1963 καλὸν
2471 1907 2560 1963 καὶ
2589 1909 2687 1978 τήν
2732 1912 2838 1963 τῶν
2891 1906 3233 1979 Ἑκκλησιῶν
3262 1906 3474 1964 ἕνωσιν.
3507 1906 3661 1978 Μηδὲ

2021 1995 2123 2069 γὰρ
2186 1993 2389 2050 δίκαιον
2448 1994 2577 2068 μηδ’
2633 1996 2779 2058 ὅλως
2837 1994 3065 2072 εὔλογον
3114 1992 3239 2066 ἔθνη
3286 2001 3509 2051 τοιαῦτα
3566 1996 3652 2051 ἐπὶ

2024 2088 2240 2154 μικροῖς
2283 2104 2390 2137 τισι
2451 2080 2814 2159 διαφέρεσθαι,
2872 2083 2999 2139 ἀλλ’
3062 2086 3098 2155 ἢ
3156 2082 3532 2158 ἀποδούμενον
3560 2084 3653 2147 τὰς

2018 2170 2191 2233 αἰτίας
2264 2171 2355 2226 τὸν
2437 2171 2762 2245 αἰτιώμενον
2849 2171 3141 2247 εἰρηνεύειν
3217 2172 3476 2249 παρέχειν
3537 2177 3654 2235 τοῖς

2017 2385 2371 2441 viderentur.
2406 2385 2492 2442 Illi
2526 2390 2720 2442 autem
2746 2387 2805 2442 iu
2826 2390 2952 2442 tuto
2976 2405 3313 2444 mansuram
3337 2388 3513 2445 salvis
3530 2390 3656 2446 suis

2019 2473 2339 2545 privilegiis
2374 2491 2439 2529 ac
2462 2474 2701 2545 juribus
2731 2475 3373 2548 Ecclesiam,quidquid
3397 2478 3650 2549 impera-

2018 2561 2236 2616 toristis
2285 2562 2687 2618 molitionibus
2745 2563 3022 2620 utilitatis
3066 2564 3286 2623 intuitu
3344 2568 3651 2638 praesentis

2018 2649 2287 2716 efficeret,
2338 2650 2628 2720 arbitrari,
2660 2655 2725 2706 ut
2754 2652 2976 2708 dictum
3008 2658 3113 2723 est,
3146 2654 3509 2725 quieverunt,
3566 2654 3655 2712 vel

2016 2737 2177 2808 ipsos
2203 2737 2303 2793 illo
2331 2740 2583 2808 quodam
2618 2742 2793 2795 tacito
2836 2741 3053 2796 silentii
3085 2742 3360 2813 suifragio
3391 2761 3654 2816 compro-

2016 2825 2152 2879 bare
2179 2826 2289 2880 visi
2319 2843 2445 2897 quaa
2476 2828 2791 2898 imperator
2823 2846 3050 2885 movere
3084 2831 3154 2886 de
3184 2831 3399 2887 talibus
3455 2833 3650 2904 incep-

2017 2913 2195 2968 tabat.
2229 2914 2341 2968 Nec
2374 2932 2648 2985 processu
2680 2916 2838 2986 ipsos
2869 2918 3082 2991 negotii
3127 2936 3229 2991 per
3257 2919 3443 2976 lentas
3478 2921 3647 2976 tracti

2017 3018 2210 3056 moras
2237 3002 2471 3057 excitati
2504 3007 2662 3071 sunt,
2695 3004 2903 3061 stolide
2932 3007 3119 3061 securi
3168 3024 3270 3079 per
3315 3008 3648 3080 opinionem

2016 3089 2247 3159 falsam,
2283 3107 2397 3162 qua
2429 3096 2612 3161 coepta
2652 3092 2939 3161 ejusmodi
2989 3111 3289 3167 nunquam
3341 3098 3413 3153 ad
3472 3097 3647 3153 finem

2015 3179 2379 3251 provehenda
2407 3196 2755 3252 persuasum
2778 3182 3087 3239 habebant.

2016 3337 2103 3391 11.
2141 3338 2201 3393 Ut
2239 3340 2536 3395 constituto
2575 3355 2718 3408 papa
2763 3341 3030 3407 Gregorio
3073 3339 3374 3410 imperator
3419 3360 3544 3400 cum
3589 3361 3653 3401 eo

2392 3410 2623 3463 tractari
2641 3425 2828 3480 pacem
2857 3414 3271 3481 procuraverit.

2084 3530 2234 3585 Dum
2262 3530 2382 3585 haec
2416 3532 2734 3603 agitantur,
2763 3533 3036 3605 Gregorio
3058 3534 3159 3606 qui
3197 3540 3321 3591 erat
3364 3537 3423 3593 in
3463 3539 3649 3611 Syria,

2012 3620 2133 3675 viro
2148 3619 2260 3675 late
2277 3620 2565 3676 celebrato
2586 3622 2741 3676 fama
2754 3623 2988 3679 virtutis
3002 3624 3648 3697 etinsigniterstudioso

2014 3709 2267 3781 antiquae
2299 3708 2687 3764 Ecclesiarum
2714 3711 2874 3781 pacis
2914 3720 3086 3783 atque
3142 3715 3484 3787 concordiae,
3516 3722 3644 3773 tan-

2012 3799 2143 3853 dem
2169 3798 2226 3852 in
2247 3796 2513 3869 papalem
2542 3797 2884 3869 dignitatem
2898 3805 3098 3855 vocato
3114 3805 3170 3856 et
3184 3818 3213 3857 e
3226 3804 3390 3875 Syria
3403 3804 3641 3861 Romam

2004 3888 2126 3957 jam
2161 3887 2229 3942 ad
2256 3887 2363 3941 hoc
2411 3886 2822 3959 proﬁciscenti,
2854 3889 3013 3943 venit
3043 3891 3100 3944 in
3133 3896 3384 3947 mentem
3416 3894 3644 3950 mittere

2010 3976 2080 4031 ad
2115 3976 2520 4047 imperatorem
2564 3980 2751 4031 certos
2782 3975 3049 4032 homines
3090 3995 3222 4033 cum
3278 3979 3509 4051 litteris,
3543 3982 3646 4053 qui

2009 4079 2140 4119 eum
2208 4062 2465 4133 primum
2516 4081 2549 4118 a
2601 4079 2662 4119 se
2717 4063 3261 4122 benevolentissime
3299 4068 3644 4137 salutarent,

2006 4150 2445 4221 indicarentque
2476 4150 2567 4205 sui
2600 4151 2958 4207 vocationem
2983 4154 3052 4207 ad
3080 4156 3649 4228 papatum,denique

2006 4240 2368 4297 declararent
2396 4241 2613 4312 ingenti
2646 4258 2706 4297 se
2738 4243 2939 4298 ardere
2961 4244 3246 4300 desiderio
3266 4249 3646 4317 procurandae

2005 4328 2165 4400 pacis
2191 4328 2573 4385 Ecclesiarum
2607 4334 2662 4385 et
2692 4331 2871 4384 ﬁrmae
2922 4330 3073 4386 inter
3122 4349 3221 4388 eas
3268 4335 3643 4392 conciliandis

2006 4417 2344 4474 concordiae.
2379 4419 2659 4485 Quocirca
2715 4418 3133 4490 significarent,
3169 4421 3217 4476 si
3270 4424 3394 4494 pari
3442 4425 3639 4480 studio

2003 4509 2299 4562 teneretur
2329 4506 2644 4577 imperator
2671 4507 2959 4575 (audierat
2980 4508 3136 4564 enim
3158 4510 3465 4581 Gregorius
3498 4512 3637 4584 quid

270 4616 397 4671 quis
457 4599 848 4655 Christianam
901 4597 1237 4669 religionem
1306 4598 1668 4664 attinebant;
1737 4600 1794 4650 et
1846 4593 1893 4650 si
1927 4580 1974 4644 D
2006 4598 2077 4653 ab
2125 4598 2252 4670 ipso
2293 4599 2505 4654 moveri
2557 4602 2811 4669 coeptum
2864 4600 2934 4653 de
2991 4600 3099 4657 hoc
3146 4580 3354 4672 genere
3410 4580 3639 4681 fuisset,

271 4688 422 4743 869
447 4687 589 4757 quid
622 4685 754 4759 plus
777 4685 1122 4757 exigeretur,
1161 4685 1314 4740 haud
1340 4702 1400 4741 sc
1422 4685 1689 4756 praefecte
1724 4700 1901 4755 repu-

269 4780 551 4848 gnaturos
575 4792 690 4847 prae
708 4791 769 4830 se
792 4773 1329 4842 ferebant,nimium
1347 4772 1642 4843 simplices
1661 4772 1899 4841 quidam

274 4881 339 4920 ac
361 4862 520 4920 stulti
537 4862 695 4935 (quid
717 4862 873 4919 enim
893 4861 1082 4916 dicam
1100 4861 1290 4917 lenius
1314 4860 1469 4931 ?)qui
1484 4876 1597 4915 non
1617 4860 1903 4916 sentirent

269 4953 409 5024 quid
443 4954 808 5024 ageretur,et
838 4966 1008 5022 quem
1040 4950 1097 5004 in
1130 4949 1342 5005 exitum
1369 4948 1438 5003 ab
1474 4948 1563 5004 his
1594 4946 1899 5019 principiis

267 5059 487 5113 pronus
516 5040 718 5112 lapsus
766 5044 942 5107 esset,
976 5056 1092 5110 prae
1126 5037 1334 5092 mentis
1377 5037 1723 5093 hebetudine
1783 5054 1897 5092 non

267 5129 1045 5202 prospexerintﬂportuerat
1074 5126 1229 5182 enim
1258 5143 1290 5181 a
1313 5125 1518 5198 primis
1558 5126 1685 5196 jam
1715 5125 1897 5179 initiis

264 5218 562 5275 obstitisse
591 5218 801 5273 acriter
829 5233 895 5271 ac
924 5214 1077 5270 clare
1105 5214 1478 5283 raclamasse,
1498 5214 1897 5269 denuntiando

263 5306 609 5378 neutiquam
641 5322 704 5361 se
734 5308 1075 5375 accepturos
1098 5306 1197 5357 aut
1218 5305 1403 5358 ratam
1435 5318 1695 5373 unquam
1727 5301 1895 5357 habi-

267 5398 433 5451 turos
462 5394 904 5451 conventionem
940 5390 1261 5461 ullam,qua
1296 5391 1519 5445 dudum
1553 5392 1705 5462 apud
1737 5390 1897 5462 ipsos

267 5483 496 5540 sancita
516 5484 587 5538 de
613 5480 990 5554 praerogativa
1019 5496 1137 5535 suae
1170 5478 1327 5534 sedis
1356 5479 1545 5550 deque
1579 5478 1708 5535 aliis
1757 5480 1895 5550 dog-

264 5571 526 5628 matibus
549 5588 614 5629 ac
648 5568 959 5637 ritibus,ah
981 5584 1092 5623 usu
1124 5583 1420 5637 sensuque
1452 5568 1793 5624 Latinorum
1824 5568 1896 5623 ab

263 5658 665 5730 horrentibus,
722 5655 976 5715 rescindi
1022 5653 1110 5713 vel
1141 5654 1427 5712 inﬁrmari
1484 5655 1895 5728 quoquomodo

2010 4687 2267 4759 quidque
2296 4689 2413 4758 jam
2434 4704 2608 4759 super
2638 4704 2706 4743 ea
2736 4702 2795 4742 re
2827 4688 3116 4744 decessori
3149 4707 3255 4746 suo
3302 4709 3464 4765 papa:
3511 4697 3639 4754 Cie-

2010 4776 2192 4831 menti
2226 4776 2610 4830 nuntiandum
2644 4793 2676 4831 a
2699 4791 2759 4831 se
2790 4778 3405 4851 curasset),nunquam
3438 4784 3489 4839 ei
3520 4785 3641 4842 fore

2009 4864 2376 4919 commodius
2410 4869 2641 4936 tempus
2685 4867 2813 4936 ejus
2870 4866 3086 4937 negotii
3143 4869 3297 4925 870
3353 4876 3642 4931 tractandi

2009 4968 2187 5023 quam
2219 4969 2280 5007 se
2311 4952 2573 5024 papalem
2606 4954 2903 5009 obtinente
2926 4954 3286 5023 dignitatem.
3318 4959 3478 5016 Talia
3508 4980 3640 5019 cum

2008 5040 2321 5111 Gregorius
2380 5040 2719 5111 imperatori
2774 5058 2876 5111 per
2940 5041 3164 5097 Frerios
3213 5044 3641 5117 denuntiasset,

2007 5127 2382 5183 manifestum
2414 5129 2523 5183 fuit
2554 5129 2963 5200 imperatorem
2995 5130 3232 5201 quidem
3265 5149 3369 5203 per
3399 5135 3641 5204 pusilla-

2008 5216 2334 5271 nimitatem
2368 5217 2580 5284 solum,
2604 5221 2762 5272 metu
2794 5220 3227 5274 consternatum
3254 5227 3643 5290 apparatuum

2006 5303 2213 5369 Caroli,
2265 5307 2336 5359 ad
2398 5305 2553 5360 istud
2614 5306 2991 5376 procurandis
3042 5306 3201 5375 pacis
3248 5304 3640 5364 Ecclesiarum

2006 5391 2320 5447 consilium
2350 5392 2647 5463 appulisse
2678 5392 2965 5460 animum,
2988 5391 3210 5446 nullam
3229 5408 3486 5463 unquam
3510 5396 3642 5451 abs-

2005 5494 2118 5551 que
2149 5480 2258 5535 hoc
2291 5480 2435 5537 foret
2464 5481 2545 5536 rei
2584 5481 2718 5537 talis
2746 5479 3153 5552 cogitationem
3186 5487 3598 5551 suscepturum
3624 5501 3637 5538 :

2005 5568 2347 5639 Gregorium
2376 5585 2508 5623 vero
2541 5569 2599 5623 in
2632 5570 2787 5623 idem
2826 5566 3088 5622 studium
3132 5567 3472 5624 incumbere
3519 5570 3641 5625 sola

2004 5658 2240 5725 captum
2274 5655 2399 5725 ejus
2421 5655 2503 5711 rei
2533 5653 2855 5723 honestate,
2890 5653 3043 5724 quod
3104 5652 3316 5708 videret
3353 5659 3638 5725 quantum
