4130 6270
480 357 584 413 823

1779 357 2081 413 GEORGII
2117 356 2577 414 PACHYMERE

3720 363 3807 419 824

487 473 776 552 ἀδελφοῖς,
805 473 840 543 ἢ
876 474 982 547 μὴν
1006 473 1058 529 ἐν
1083 479 1201 538 τοῖς
1225 472 1387 537 ῗδίοις
1417 471 1690 552 ὂφφικίοις
1721 473 1815 530 εἴτ’
1843 496 1935 530 ουν
1978 495 2117 551 προ·
2147 479 2201 545 Α
2233 478 2430 550 ρήνης,
2463 479 2490 532 ὃ
2523 475 2589 547 δὴ
2647 479 2738 533 καὶ
2794 479 2993 554 γίνεται
3042 478 3282 554 ὕστερον.
3341 481 3491 534 Ταῦτ’
3542 477 3698 556 ἔλεγε,
3735 485 3810 537 καὶ

482 563 703 637 νομίοις
763 558 872 626 ὄνθ’
933 561 1180 637 ἑκάτερον
1241 566 1323 635 [Ρ.
1355 566 1482 636 252]
1545 565 1620 635 μή
1680 563 1821 618 οὕτω
1853 562 2124 639 διαφόρως

489 654 639 728 ἔχειν
699 652 789 707 καὶ
846 653 1168 727 ἀκηρύκτως
1222 651 1498 724 ἀλλήλοις
1545 653 1978 729 ἀπεχθάνεσθαι·
2030 655 2123 729 ἀρ-

490 748 602 797 κεῖν
662 741 763 816 γὰρ
818 738 1145 818 ἀμφοτέροις
1198 741 1325 803 τοὺς
1385 742 1613 817 ἐχθροὺς
1640 747 1734 798 τοῦ
1768 747 2017 817 σταυροῦ,
2050 744 2119 797 ὧν

486 832 550 885 τὸ
579 829 737 891 τέλος
769 828 1037 898 ἀπώλεια,
1068 830 1159 884 καὶ
1214 831 1487 906 ἀγαπητὸν
1517 831 1889 905 ἀποχρώντως
1935 830 2123 908 φέρον-

487 940 584 981 τας
642 916 812 990 ὄνομα
871 922 967 972 τοῦ
1024 923 1260 993 Χριστοῦ
1336 918 1473 995 πρὸς
1537 918 1773 982 ἐκείνους
1836 922 2124 994 μάχεσθαι,

491 1005 627 1062 ὅπου
683 1006 773 1061 καὶ
823 1007 886 1061 τὸ
942 1011 1090 1077 νικᾷν
1142 1006 1417 1062 ἐπαινετὸν
1469 1007 1557 1062 καὶ
1613 1009 1674 1062 τὸ
1735 1006 2127 1083 ἀποτυγχάνειν

490 1096 785 1170 σωτήριον,
844 1089 985 1168 ἔργῳ
1040 1096 1138 1164 τήν
1198 1097 1504 1170 προθυμίαν
1557 1094 1807 1167 δείξασιν.
1839 1095 1996 1153 Οὕτω
2031 1098 2124 1169 μὲν

489 1182 579 1238 οὗν
613 1183 749 1257 πρὸς
781 1180 1066 1252 ἀλλήλους
1116 1180 1330 1257 ἔχοντες
1386 1182 1639 1259 βασιλεὺς
1685 1186 1770 1240 καὶ
1804 1184 2126 1260 Γρηγόριος,

488 1274 515 1325 ὁ
550 1273 644 1344 μὶν
677 1270 798 1340 ἤϊεν
830 1271 905 1332 εἷς
937 1271 997 1325 τὸ
1054 1271 1241 1343 πρόσω
1292 1274 1392 1340 τὴν
1453 1273 1794 1347 χειροτονίαν
1822 1271 2126 1346 δεξόμενος,

492 1358 745 1435 βασιλεὺς
779 1356 838 1413 δὲ
874 1358 1048 1421 πολὺς
1105 1360 1169 1428 ἦν
1230 1358 1465 1415 ἐντεῦθεν
1520 1365 1588 1434 τῇ
1646 1360 1856 1433 συνόδῳ
1914 1361 2125 1435 ἐπέχων

486 1446 694 1501 καὶτὸν
746 1448 1093 1522 πατριάρχην
1155 1450 1502 1511 θώπευτικῶς
1556 1449 1934 1525 ὑπερχόμενος
1985 1451 2127 1503 ὑπο-

489 1534 691 1589 κλίνειν
742 1536 828 1589 καὶ
880 1534 1057 1589 ἀνύειν
1093 1536 1155 1591 τὸ
1200 1534 1633 1609 σπουδαζόμενον
1668 1559 1678 1570 ·
1738 1539 1870 1592 εἶναι
1908 1538 2008 1612 γὰρ
2039 1536 2127 1591 καὶ

491 1620 661 1697 ἄνδρα
690 1629 790 1692 τῆς
846 1622 1069 1697 εἰρήνης
1123 1624 1216 1678 τὸν
1270 1624 1489 1678 πάππαν
1549 1626 1639 1679 καὶ
1697 1624 1984 1697 ἐπιθυμίας
2028 1632 2127 1694 τῆς

488 1710 822 1786 κρείττονος.
856 1710 986 1764 Μετ’
1043 1709 1103 1764 οὐ
1162 1710 1304 1766 πολὺ
1362 1709 1416 1765 δὲ
1473 1710 1831 1774 καταστάντος
1862 1718 1957 1767 τοῦ
1989 1719 2128 1785 Γρη-

487 1796 679 1874 γορίου
736 1794 987 1872 πρεσϐεις
1034 1798 1229 1853 ἐκεῖθεν
1284 1795 1758 1873 καταλαμϐάνουσι
1815 1803 1878 1855 τὸ
1926 1802 2127 1869 Βυζάν-

485 1906 624 1955 τιον,
678 1887 767 1940 καὶ
829 1887 880 1941 o't
943 1883 1193 1961 πρέσϐεις
1253 1889 1489 1964 φρέριοι,
1549 1890 1622 1943 ὧν
1680 1891 1753 1953 εἷς
1776 1890 1842 1957 ἦν
1871 1892 2126 1960 Ἰωάννης

484 1973 813 2050 Παράστρων
883 1976 1292 2051 ὠνομασμένος,
1323 1976 1560 2047 πολίτης
1594 1980 1831 2052 ἀρχῆθεν
1864 1981 1950 2033 καὶ
2005 1982 2125 2051 ξυν-

483 2062 601 2124 ετὸς
630 2064 697 2117 τὰ
730 2062 784 2125 ἐς
840 2062 1092 2138 γλῶσσαν
1149 2064 1421 2135 Ἕλληνα,
1481 2066 1525 2137 ᾦ
1585 2064 1651 2135 δὴ
1700 2069 1790 2121 καὶ
1850 2072 2016 2136 ζῆν.ος
2054 2068 2121 2137 ἦν

484 2152 617 2227 ὑπὲρ
650 2159 750 2222 τῆς
779 2157 887 2207 τῶν
946 2155 1291 2225 Ἐκκλησιῶν
1354 2153 1618 2226 ἐνώσεως,
1671 2155 1746 2218 ὡς
1796 2154 1999 2217 ἐκεῖνος
2033 2154 2123 2211 λέ-

480 2261 592 2316 γων
624 2242 878 2315 παρίστα,
937 2241 1076 2298 ὥστε
1130 2243 1220 2297 καὶ
1277 2242 1550 2306 πολλάκις
1605 2246 1960 2319 κατεύχεσθαι
2000 2246 2123 2299 ἑαυ-

481 2333 579 2384 τοῦ
608 2328 799 2387 αὐτίκα
857 2329 1104 2404 θάνατον,
1155 2330 1221 2401 ἧν
1283 2330 1447 2405 μόνον
1502 2326 1741 2409 προϐαίη
1796 2333 1862 2387 τὰ
1906 2339 2005 2402 τῆς
2049 2333 2127 2387 εἰ-

486 2552 625 2608 boni
655 2568 725 2609 ex
743 2567 810 2608 ea
841 2550 1240 2608 conciliatione
1262 2551 1724 2607 redundaturum
1748 2551 1807 2606 in
1828 2550 2121 2622 publicam

490 2641 826 2697 felicitatem
884 2641 1052 2707 foret,
1111 2643 1520 2710 reputaretquc
1580 2656 1682 2695 nec
1738 2640 1971 2709 justum
2023 2654 2130 2694 nec

490 2730 841 2786 conveniens
890 2744 1017 2785 esse
1073 2728 1219 2784 tales
1278 2745 1343 2784 ac
1401 2731 1594 2784 tantas
1648 2731 1849 2799 gentes
1903 2727 2129 2799 exiguis

488 2820 683 2876 causis
714 2819 774 2875 in
806 2822 1050 2874 teternas
1081 2817 1371 2889 implicari
1411 2817 1765 2888 simultates,
1790 2821 2129 2888 quantoque

488 2907 916 2963 conducibilius
949 2908 1208 2963 futurum
1243 2911 1416 2976 esset,
1451 2923 1813 2978 quaecunque
1865 2906 2128 2976 ipsarum

490 2996 547 3050 in
580 2994 750 3067 culpa
780 2996 1332 3067 deprehenderetur,
1348 3012 1471 3051 eam
1499 2996 1650 3050 bona
1680 2995 1789 3048 fide
1819 2993 2129 3048 emendare

489 3100 555 3139 ac
600 3099 850 3155 purgare
897 3084 1114 3139 crimen
1160 3099 1356 3149 suum,
1406 3082 1753 3152 sublataque
1811 3081 2130 3136 offensione

2226 569 2343 625 ταῖς
2379 564 2659 635 ἀληθείαις
2718 564 3057 636 σπουδαστής
3113 568 3180 635 ἦν
3234 573 3334 630 τῖς
3382 567 3590 641 εἲρήνης
3641 570 3807 643 θερμό-

2227 672 2408 722 τατος,
2462 654 2597 707 ὥστε
2652 653 2925 716 πολλάκις
2990 656 3078 708 καὶ
3154 650 3515 728 παραϐάΑλων
3545 654 3814 730 παρτιᾶρχῃ

2229 760 2286 793 τε
2315 740 2403 794 καὶ
2443 745 2509 814 τῇ
2545 739 2753 815 συνόδῳ
2807 742 3156 815 κατελιπάρει
3212 743 3302 797 καὶ
3354 741 3544 812 ταύτην
3589 742 3814 799 ἐπέσπευ-

2232 824 2308 896 δε,
2368 829 2435 883 τὰ
2492 832 2585 901 μὲν
2641 833 2760 895 καθ’
2813 834 2961 903 ἡμᾶς
3018 831 3322 900 ἐκθειάζων,
3382 832 3505 885 ὥστ’
3558 830 3709 886 ἐνίοτε
3744 835 3817 887 καὶ

2231 915 2319 970 ὅτε
2375 918 2402 971 ὁ
2459 921 2803 994 πατριάρχης
2860 919 3231 995 λειτουργοίη,
3265 919 3422 974 αὐτὸν
3478 919 3819 992 ἀποτιθέμενον

2228 1005 2329 1072 τὴν
2360 1005 2697 1082 καλύπτραν,
2731 1007 2792 1062 οὐ
2829 1009 2934 1080 μὴν
2986 1006 3043 1062 δὲ
3092 1006 3235 1063 ἀλλά
3279 1007 3367 1061 καὶ
3396 1006 3520 1069 τοὺς
3554 1008 3658 1079 μετ’
3687 1007 3822 1062 αύτοῦ

2233 1090 2704 1168 συλλαμϐάνοντα,
2757 1097 3093 1171 εἶσὲρχεσθαι
3148 1096 3215 1150 τὰ
3257 1093 3440 1161 ἄδυτα,
3482 1096 3566 1149 καὶ
3593 1095 3723 1170 παρά
3745 1096 3819 1149 τὸν

2230 1183 2469 1256 τυχόντα
2528 1184 2784 1259 ἀρχιερέα
2849 1186 3134 1257 ἱστάμενον
3185 1184 3283 1247 τὰς
3335 1184 3585 1256 μυστικὰς
3629 1204 3823 1238 συνανα-

2231 1271 2513 1343 γινώσκειν
2546 1272 2709 1346 εὐχὰς
2740 1274 2873 1345 μετά
2920 1272 3098 1342 πάσης
3147 1270 3575 1341 ἒνθουσιότητος.
3604 1272 3720 1332 Τοῖς
3751 1273 3827 1342 μὶν

2234 1358 2324 1415 οὖν
2356 1363 2645 1437 ἡμετέροις
2695 1361 2837 1417 οὕτω
2884 1362 3128 1434 κοσμίως
3181 1361 3269 1416 καὶ
3318 1356 3564 1421 εὐλαϐῶς
3603 1360 3829 1437 προσεφέ-

2236 1470 2377 1524 ρετο,
2411 1452 2548 1525 πρὸς
2580 1448 2625 1505 δ’
2657 1450 2897 1512 Ἰταλοὺς⁹
2942 1450 3158 1528 ἀφορῶν
3209 1449 3376 1505 καλὸν
3426 1450 3554 1503 εἶναι
3581 1450 3662 1502 καὶ
3690 1448 3832 1525 ἀσφα-

2238 1539 2330 1602 Λες
2359 1535 2544 1614 ἔλεγεν
2574 1540 2873 1616 ἀφεμένους
2930 1546 3030 1608 τῆς
3085 1539 3407 1613 προσθήκης
3456 1536 3530 1598 εἷς
3572 1534 3832 1591 σκάνδαλον

2235 1627 2568 1701 προειμένης
2625 1633 2742 1691 τοῖς
2800 1626 3059 1705 ἀδελφοῖς
3115 1627 3286 1688 οὕτως
3345 1625 3654 1702 εἰρηνεύειν.
3707 1625 3759 1681 Εἰ
3797 1618 3832 1679 δ’

2240 1715 2353 1785 οὖν,
2399 1716 2488 1771 καὶ
2520 1716 2715 1780 αὐτοὺς
2774 1716 3257 1789 ἀπολογουμένους
3316 1714 3405 1770 ἐπὶ
3463 1718 3530 1788 τῇ
3584 1715 3835 1790 προσθήκῃ

2160 1802 2448 1890 Βδίκαιον
2510 1802 2782 1879 δέχεσθαι,
2843 1805 2979 1859 ὥστε
3034 1805 3119 1858 καὶ
3169 1802 3295 1863 τοὺς
3356 1804 3453 1874 μὲν
3512 1802 3744 1877 Αέγοντας
3792 1800 3839 1854 ἐκ

2237 1892 2445 1966 Ηατρὸς
2478 1893 2608 1947 Υἱοῦ
2638 1914 2713 1962 τε,
2762 1893 2899 1965 ὑμᾶς
2946 1892 3005 1946 ἐκ
3049 1892 3261 1965 Πατρὸς
3308 1887 3379 1944 δι’
3411 1891 3537 1945 Υἱοῦ
3563 1890 3623 1944 τὸ
3652 1893 3838 1961 Πνεῦμα

2230 1980 2292 2035 τὸ
2353 1981 2506 2056 ἅγιον
2568 1979 2970 2053 ἐκπορεύεσθαι,
3029 1976 3499 2053 παραπληκτίζειν
3557 1978 3643 2032 καὶ
3696 1974 3835 2054 ἄμφω

2231 2068 2308 2131 εἷς
2383 2074 2516 2123 Θεοῦ
2595 2074 2864 2145 μυστήρια
2915 2069 3394 2142 παρακύπτοντας.
3473 2068 3699 2127 Ἐκεῖνος
3762 2065 3839 2137 μὶν

2231 2158 2380 2212 ταῦτ’
2409 2153 2565 2231 ἔλεγε
2592 2156 2681 2211 καὶ
2729 2155 3029 2224 συσκιάζων
3075 2156 3139 2210 τὸ
3189 2152 3279 2210 ἐπὶ
3326 2158 3411 2226 τῷ
3443 2147 3709 2227 Συμϐόλῳ
3735 2150 3842 2206 τόλ-

2236 2265 2416 2317 μημα,
2464 2239 2687 2318 πρέσϐις
2737 2241 2808 2297 ὢν
2856 2243 2945 2298 καὶ
2998 2240 3273 2319 προύργου
3325 2240 3545 2315 μᾶλλον
3588 2241 3770 2302 παντὸς
3790 2238 3839 2292 τὸ

2232 2327 2665 2407 πρεσϐευόμενον
2699 2329 2871 2386 θέλων
2903 2329 3107 2385 ἀνύτειν
3134 2350 3147 2364 ·
3205 2331 3257 2385 οἱ
3306 2328 3365 2385 δὲ
3404 2336 3506 2400 τῆς
3552 2326 3843 2398 Ἐκκλησίας

2239 2552 2614 2623 prudensque
2637 2568 2701 2606 ac
2731 2552 2981 2606 disertus
3001 2549 3199 2606 Graaea
3245 2550 3471 2622 lingua.
3504 2549 3608 2606 Hic
3651 2553 3703 2605 et
3741 2563 3844 2603 ver-

2240 2640 2310 2695 bo
2344 2640 2677 2695 affirmabat
2698 2642 2753 2695 et
2784 2639 2950 2695 factis
3000 2656 3114 2711 prae
3143 2655 3205 2695 se
3264 2638 3492 2694 ferebat
3540 2637 3749 2710 ingenti
3792 2651 3840 2690 se

2238 2728 2432 2785 studio
2465 2728 2707 2800 ﬂagrare
2737 2728 3110 2783 conciliandae
3144 2728 3297 2783 inter
3338 2727 3641 2784 discordes
3683 2724 3845 2781 Eccle-

2244 2818 2361 2873 sias
2393 2817 2723 2888 pacis,adeo
2756 2820 2818 2871 ut
2848 2834 2996 2888 saepe
3017 2816 3319 2872 audiretur
3347 2820 3552 2888 optare
3573 2820 3733 2887 atque
3756 2814 3845 2868 im-

2238 2905 2459 2977 precari
2488 2905 2595 2960 sibi
2630 2909 2872 2961 mortern
2920 2909 3197 2976 tanquam
3247 2904 3393 2959 nihil
3449 2903 3705 2961 censenti
3754 2900 3845 2957 sibi

2237 2999 2460 3049 restare
2511 2992 2761 3065 amplius
2811 2994 2967 3065 quod
3010 2994 3069 3048 in
3127 2993 3246 3048 vita
3299 3000 3561 3065 cuperet,
3612 2992 3658 3048 si
3701 2990 3844 3046 modo

2239 3081 2583 3152 contigisset
2601 3082 2907 3152 procedere
2921 3080 3163 3136 feliciter
3183 3081 3255 3136 ad
3288 3080 3681 3137 desideratum
3700 3079 3847 3132 ﬁnem

492 3172 746 3243 praebere
776 3171 1056 3226 fratribus
1114 3186 1335 3241 pacem,
1393 3169 1771 3240 vicissimque
1829 3174 2124 3240 acceptam
2159 3189 2201 3255 ρ
2239 3169 2537 3240 negotium
2570 3170 2721 3240 quod
2759 3173 3103 3224 tractaretur
3131 3169 3331 3241 pacis;
3366 3172 3541 3242 cujus
3563 3174 3617 3225 et
3644 3180 3848 3236 compos

494 3260 719 3315 sincera
752 3263 943 3315 mente
975 3257 1197 3326 colere;
1233 3262 1332 3313 aut
1362 3263 1514 3313 certe
1544 3257 1593 3313 si
1625 3257 2129 3329 postdisquisitio-

498 3363 632 3403 nem
672 3350 966 3403 constaret
994 3345 1141 3402 nihil
1173 3347 1233 3401 in
1265 3348 1479 3401 utravis
1510 3363 1638 3402 esse
1660 3347 1813 3417 quod
1839 3345 1977 3416 jure
2006 3344 2129 3399 cul-

500 3438 757 3508 paretur,
792 3450 1156 3507 perseverare
1188 3434 1500 3505 tranquille
1532 3434 1735 3489 ambas
1765 3433 1823 3488 in
1883 3434 2133 3505 propriis

499 3540 978 3596 unamquamque
1029 3522 1238 3579 officiis
1306 3540 1371 3579 ac
1437 3523 1646 3577 ritibus
1705 3538 1815 3577 usu
1871 3521 2132 3593 legitimo

502 3611 908 3679 statutis,nihil
942 3611 1107 3667 alteri
1137 3615 1712 3678 succensentem,nec
1735 3609 2129 3679 internecinis,

500 3707 565 3759 ut
592 3702 896 3767 hactenus,
920 3700 1164 3756 invicem
1189 3700 1336 3755 odiis
1364 3699 1950 3769 contentionibusque
1972 3714 2134 3753 com-

500 3790 1188 3862 missasimplacabilium
1210 3795 1264 3846 et
1279 3791 1654 3846 exitiosarum
1672 3790 1901 3860 utrique
1920 3788 2133 3844 discor-

496 3882 723 3938 diarum
757 3881 953 3937 funem
988 3881 1229 3948 ducere;
1271 3880 1539 3935 sufficere
1596 3879 1810 3951 quippe
1863 3878 2131 3949 utrisque

494 3971 691 4027 hostes
723 3968 1193 4041 crucis,quorum
1217 3969 1352 4023 finis
1383 3968 1679 4024 interitus.
1713 3968 1982 4035 Abunde,
2038 3967 2133 4021 in-

491 4076 763 4131 quam,ac
793 4057 977 4113 multo
993 4057 1122 4128 plus
1157 4073 1331 4128 quam
1366 4056 1443 4112 sit
1474 4056 1617 4111 satis
1648 4059 1955 4127 suppetere
1984 4071 2128 4127 gen-

491 4149 640 4203 tium
673 4145 1126 4215 infensarum,in
1160 4145 1377 4215 quibus
1407 4144 1813 4215 Oppugnandis
1845 4144 1941 4214 qui
1964 4144 2127 4199 Chri-

491 4236 566 4292 sti
598 4235 833 4291 nomine
862 4238 1176 4289 censentur
1204 4232 1478 4286 virtutem
1529 4248 1695 4286 suam
1728 4230 1993 4287 bellicam
2028 4247 2127 4287 ex-

490 4324 840 4395 perirentur,
871 4321 1087 4392 quibus
1117 4318 1287 4374 bellis
1317 4323 1375 4375 et
1427 4319 1658 4375 vincere
1719 4318 2037 4390 gloriosum
2070 4325 2127 4376 et

486 4412 636 4466 vinci
671 4410 926 4466 salutare
946 4413 1035 4464 est
1066 4412 1301 4480 propter
1329 4407 1623 4479 ingentem
1658 4409 1979 4463 mercedem
2010 4408 2126 4464 illis

487 4500 587 4573 qui
620 4515 794 4555 suum
827 4498 1112 4566 studium,
1165 4514 1339 4568 opera
1378 4498 1551 4553 etiam
1608 4513 1883 4552 successu
1934 4513 2123 4567 cassa,

487 4588 850 4645 ostenderint
879 4604 912 4641 a
940 4587 1055 4642 Deo
1082 4585 1422 4642 fidelissime
1454 4586 2002 4657 repraesentandam.
2032 4586 2125 4643 Sic

485 4678 731 4734 invicem
761 4675 949 4731 affecti
982 4674 1193 4730 animis
1226 4674 1542 4746 imperator
1580 4679 1638 4730 et
1666 4674 2000 4745 Gregorius,
2031 4674 2121 4730 hic

483 4767 722 4839 quidem
772 4768 961 4837 coepta
998 4764 1091 4820 via
1134 4765 1634 4835 progrediebatur,
1693 4764 2118 4820 ordinationem

489 4858 875 4927 percepturus
935 4869 1142 4920 suam;
1176 4852 1275 4906 ille
1306 4856 1498 4907 autem
1525 4851 1747 4907 multus
1777 4859 1897 4907 erat
1919 4852 1976 4906 in
1993 4869 2119 4908 am-

482 4943 698 4998 bienda
719 4942 938 5015 synodo
952 4940 1457 5012 eblandiendoque
1472 4941 1814 5010 patriarchae
1827 4957 2117 4997 consensu

480 5032 539 5088 in
572 5050 639 5088 ea
667 5049 791 5103 qum
814 5030 1345 5103 cogitabat,passim
1379 5046 1843 5087 commemorans
1878 5041 1931 5086 et
1975 5048 2117 5087 cun-

480 5121 590 5176 ctis
621 5120 870 5177 subinde
901 5118 1226 5187 inculcans,
1260 5134 1388 5174 esse
1411 5116 1753 5189 Gregorium
1787 5120 2117 5189 perstudio-

480 5229 615 5270 sum
674 5212 820 5267 371
885 5208 1185 5265 hominem
1244 5208 1423 5279 pacis,
1482 5213 1536 5264 et
1584 5224 1719 5263 vero
1767 5208 2114 5264 instinctum

482 5300 772 5359 desiderio
795 5298 933 5354 boni
961 5296 1179 5370 publici
1202 5312 1266 5351 ac
1300 5296 1631 5368 splendoris
1662 5296 1741 5352 rei
1774 5296 2114 5353 Christianae

476 5389 782 5446 universae.
816 5385 990 5442 Paulo
1014 5391 1195 5456 posta
1220 5384 1344 5455 jam
1376 5385 1726 5456 inaugurato
1767 5390 1822 5440 et
1872 5385 1930 5439 in
1981 5388 2113 5441 sede

476 5474 794 5547 apostolica
814 5472 919 5528 rite
933 5471 1250 5527 constituto
1273 5472 1545 5543 Gregorio
1568 5473 1770 5528 eodem
1799 5472 2114 5529 adfuerunt

479 5559 984 5632 Constantinopoli
1015 5559 1188 5631 legati
1242 5559 1442 5628 Frerii,
1476 5577 1725 5631 quorum
1785 5578 1943 5617 unus
1989 5568 2113 5618 erat

471 5651 724 5708 Joannes
751 5651 1061 5705 Parastron
1104 5647 1695 5722 nominetus,origine
1716 5649 1856 5706 civis
1889 5654 2107 5718 noster,

2240 3257 2355 3313 voti
2388 3257 2596 3312 deinde
2627 3259 2813 3313 factus
2835 3262 2940 3312 est.
2993 3258 3123 3313 Haec
3154 3257 3249 3313 ille
3306 3256 3667 3328 loquebatur,
3696 3259 3745 3311 et
3771 3268 3848 3308 re-

2240 3362 2377 3402 vera
2433 3350 2729 3416 promotor
2785 3350 2909 3401 erat
2964 3345 3420 3402 ardentissimus
3479 3341 3848 3402 ecclesiastica:

2242 3434 2576 3501 concordiae,
2604 3436 2747 3489 adeo
2781 3437 2844 3488 ut
2874 3450 3024 3504 saepe
3056 3435 3127 3490 de
3158 3435 3392 3507 negotio
3440 3439 3695 3491 tractans
3734 3442 3844 3486 eum

2242 3523 2573 3595 patriarcha
2594 3528 2651 3579 et
2675 3524 2896 3595 synodo
2946 3523 3142 3579 Patres
3188 3523 3320 3579 illos
3369 3519 3848 3580 vehementissime

2242 3615 2522 3681 oraret,ut
2552 3628 2676 3681 quae
2734 3628 2977 3667 suarum
3035 3616 3228 3667 essent
3279 3613 3573 3682 cujusque
3624 3608 3847 3682 partium

2239 3702 2298 3756 in
2330 3718 2452 3756 rem
2486 3701 2681 3756 studio
2726 3700 3025 3755 communi
3074 3700 3336 3756 conferre
3368 3716 3445 3756 ne
3478 3699 3849 3773 gravarentur,

2239 3805 2333 3847 res
2364 3790 2597 3846 interim
2631 3794 2861 3845 nostras
2894 3789 3091 3861 magni
3140 3788 3383 3859 faciens,
3417 3806 3583 3858 usus,
3616 3787 3847 3858 inquam,

2240 3880 2729 3952 casremoniasque
2787 3880 2969 3935 nostri
3004 3879 3151 3935 ritus
3199 3879 3517 3935 dilaudans
3561 3882 3616 3935 et
3641 3890 3849 3933 venera-

2239 3970 2395 4027 tione
2422 3969 2611 4042 palam
2646 3984 3003 4041 prosequens
3063 3983 3315 4037 summa,
3359 3968 3443 4024 ita
3472 3971 3537 4023 ut
3585 3964 3844 4021 interdum

2238 4075 2471 4114 sacrum
2530 4057 2776 4113 faciente
2832 4055 3180 4127 patriarcha,
3244 4057 3469 4112 nudato
3529 4057 3653 4128 ipse
3689 4049 3848 4123 capite

2238 4151 2560 4217 ezeteraque
2592 4144 2849 4200 adhibita
2880 4144 3306 4215 significatione
3356 4145 3573 4200 inﬁmae
3620 4154 3850 4197 reveren-

2236 4235 2332 4290 tiae
2366 4235 2487 4290 suis
2520 4250 2718 4289 secum
2778 4231 3089 4287 comitibus
3122 4234 3448 4303 assumptis
3480 4231 3850 4303 ingrederetur

2236 4324 2429 4394 adyta,
2483 4325 2541 4377 et
2591 4336 2785 4376 coram
2836 4335 3189 4392 quocunque
3238 4320 3358 4375 illic
3403 4324 3630 4393 reperto
3677 4321 3846 4372 astans

2234 4409 2478 4482 praesule
2512 4409 2784 4477 mysticas
2810 4406 2986 4463 simul
3021 4424 3153 4463 cum
3186 4423 3252 4463 eo
3284 4407 3503 4479 legeret
3522 4422 3715 4479 preces
3734 4415 3843 4458 eum

2234 4498 2393 4553 omni
2424 4498 2643 4553 fervore
2669 4495 3062 4567 religionis.Et
3092 4495 3190 4552 ille
3222 4496 3463 4568 quidem
3515 4512 3652 4568 erga
3681 4488 3840 4549 homi-

2233 4603 2336 4642 nes
2387 4586 2570 4642 nostri
2628 4584 2776 4641 ritus
2828 4585 2907 4640 ita
2950 4585 3043 4656 pie
3095 4585 3416 4656 decoreque
3474 4601 3538 4641 se
3591 4580 3838 4656 gerebat:

2229 4675 2404 4732 Italos
2435 4680 2628 4732 autem
2656 4678 2970 4746 praesentes
3002 4673 3258 4744 intuens,
3282 4691 3519 4747 aequum
3569 4685 3624 4729 et
3676 4673 3838 4725 tutum

2229 4764 2420 4821 aiebat
2449 4782 2575 4821 esse
2617 4764 2863 4819 dimisso
2922 4777 3020 4819 eos
3073 4769 3384 4835 amotoque
3435 4759 3741 4819 additionis
3781 4752 3837 4809 ad

2229 4853 2557 4926 symbolum
2591 4852 2867 4908 seandalo
2898 4867 3032 4905 cum
3064 4851 3362 4921 fratribus,
3412 4867 3558 4921 quos
3605 4843 3839 4903 viderent

2226 4959 2445 5011 coram,
2475 4941 2690 4997 Graecis
2721 4938 3185 5007 conciliari;vera
3215 4939 3295 4994 ita
3314 4940 3553 4994 demum
3585 4934 3839 4993 coalitum

2226 5049 2385 5103 pace.
2419 5032 2603 5088 Simul
2633 5035 2827 5087 tamen
2864 5030 3215 5085 admonebat
3272 5034 3528 5097 nostros,
3586 5042 3688 5100 par
3728 5033 3835 5078 esse

2224 5122 2386 5194 ipsos
2418 5137 2652 5193 quoque
2692 5136 2839 5191 quas
2882 5118 3069 5174 Latini
3117 5118 3433 5190 allegarent
3481 5105 3837 5194 additamenti

2226 5193 2492 5283 symbolo
2522 5208 2728 5265 inserti
2761 5205 3164 5263 excusationes
3220 5224 3334 5262 non
3384 5202 3699 5277 aspernari,
3747 5193 3830 5252 sed

2225 5298 2418 5370 potius
2449 5301 2514 5353 ut
2546 5298 2781 5352 idoneas
2814 5295 3091 5367 accipere.
3126 5295 3231 5359 Qui
3284 5300 3476 5350 autem
3508 5292 3663 5349 omni
3701 5283 3831 5341 312

2223 5387 2433 5457 rejecta
2462 5384 2906 5457 compositione,
2939 5383 3153 5439 invicta
3196 5384 3470 5454 utrinque
3521 5373 3833 5453 pertinacia,

2221 5474 2281 5529 in
2316 5475 2691 5531 contentione
2722 5476 2984 5545 perstare
3012 5470 3251 5538 vellent,
3299 5472 3680 5527 vociferantes
3721 5461 3834 5517 hinc

2221 5562 2458 5633 quidem
2481 5580 2549 5620 ex
2566 5568 2733 5618 Patre
2756 5560 3209 5632 Filioque,illine
3239 5564 3431 5615 autem
3465 5575 3535 5613 ex
3554 5558 3719 5612 Patre
3744 5560 3830 5620 per

2216 5650 2425 5708 Filium
2441 5651 2749 5726 procedere
2762 5647 3047 5721 Spiritum
3062 5640 3829 5719 sanetum,nullojurgiorum
