4130 6270
325 353 432 410 825

1401 364 1492 417 DE
1529 361 1895 416 MICHAELE
1933 360 2378 416 PALBOLOGO
2413 362 2545 415 LIB.
2587 362 2655 412 ν.

3608 355 3716 411 826

320 473 494 530 καλὸν
557 476 651 548 μὲν
708 474 897 552 ἔλεγον
952 479 1049 547 τήν
1084 478 1304 555 εἰρήνην
1359 480 1513 553 εἶναι,
1572 480 1806 541 καὶπῶς
1860 478 1964 553 γὰρ
1997 489 2048 555 Α
2080 482 2317 552 πὸμεθα,
2375 482 2448 542 ὡς
2510 483 2583 552 μὴ
2641 478 2807 534 καλὸν
2868 476 3053 540 ἄλλως
3108 479 3166 532 ’ὃν
3226 474 3352 550 μηδ’
3384 474 3617 553 ἀσφαλες
3647 479 3709 531 τὸ

327 561 429 633 οὕς
460 562 581 636 καὶ]
615 563 829 635 μᾶλλον
863 564 1216 635 Ἐκκλησίαις
1254 568 1549 640 τοιαύταις,
1582 570 1823 646 κεφαλῆς
1870 565 1969 621 λό-

320 672 414 727 γον
450 650 703 726 ἐχούσαις
734 658 851 713 τοῖς
905 655 989 726 [Ρ.
1020 657 1147 726 253]
1181 654 1528 726 ὁπουδήποτε
1571 661 1668 711 τοῦ
1712 656 1968 728 εἰρηνάρ-

324 760 433 815 χου
488 744 722 814 Χριστοῦ
784 742 1091 813 μαθηταῖς,
1143 741 1290 811 πλὴν
1354 747 1468 816 μετ’
1526 743 1820 821 ἀσφαλείας
1878 741 1967 796 καὶ

262 848 269 854 ’
322 829 433 903 οὐχ
488 830 564 891 ὡς
610 824 821 905 ἔτυχεν·
883 832 1018 886 εἶναι
1058 833 1159 907 γὰρ
1190 833 1279 887 τὸν
1333 832 1575 889 κίνδυνον
1644 834 1808 907 μέγαν
1853 836 1970 892 τοῖς

316 923 415 973 τοῦ
473 917 639 993 ὀρθοὖ
700 921 950 975 ὁπωσοῦν
1004 920 1392 996 ἁμαρτάνουσι.
1455 946 1479 977 α
1514 922 1619 978 Καὶ
1666 926 1830 977 τοῦτο
1863 920 1971 996 υύχ

316 1011 457 1080 ἡμῖν
515 1005 634 1083 ἄρτι
694 1004 882 1081 ξυνέϐη
935 1017 1272 1085 πεπρᾶχθαι,
1334 1014 1406 1075 ὡς
1462 1014 1551 1067 καὶ
1602 1012 1773 1067 αἲτίαν
1822 1010 1969 1084 ἔχειν

318 1099 417 1150 τοῦ
471 1115 530 1149 τε
583 1102 935 1169 καινοτομεῖν
995 1097 1027 1151 ἃ
1081 1097 1261 1161 οὐδεὶς
1307 1100 1595 1175 πρότερον,
1642 1098 1858 1154 καὶτοῦ
1893 1098 1967 1169 μή

320 1180 497 1246 θὲλειν
551 1180 913 1255 μεταϐάλλειν
968 1185 1133 1240 πάλιν
1180 1187 1260 1248 εἷς
1310 1186 1337 1241 ὃ
1367 1187 1457 1241 καὶ
1487 1186 1613 1260 πρὶν
1642 1187 1802 1259 ἦμεν·
1842 1183 1969 1239 ἀλλ’

322 1268 511 1344 ἄνδρες
565 1272 799 1346 μεγάλοι
852 1274 953 1342 τὴν
1013 1272 1210 1347 ἀρετὴῦ
1266 1276 1355 1329 καὶ
1410 1275 1566 1353 σοφοὶ
1614 1276 1713 1343 τὴν
1769 1278 1968 1350 γνῶσιν

319 1360 447 1435 περὶ
512 1359 721 1414 τούτων
798 1358 1141 1431 λαλήσαντες
1205 1361 1589 1439 διηνέχθησαν,
1663 1364 1751 1417 καὶ
1811 1361 1966 1431 δόξαν

320 1446 542 1510 ἐκείνοις
575 1446 882 1520 διέστησαν.
947 1451 1026 1507 Τὸ
1083 1449 1139 1505 δὲ
1196 1453 1287 1506 καὶ
1344 1453 1422 1515 εἰς
1472 1452 1638 1508 πλέον
1694 1455 1797 1522 τήν
1856 1451 1965 1528 ἔριν

319 1536 651 1591 ἐπιτείνεσθαι
706 1543 804 1592 τοῦ
866 1538 1087 1613 μετρίου
1138 1538 1250 1594 οὔτ’
1307 1540 1533 1603 ἐκείνοις
1590 1542 1656 1609 ἦν
1712 1540 1965 1609 θελητὸν,

317 1626 407 1679 καὶ
463 1630 580 1687 τοῖς
622 1624 1007 1696 πλεονάζουσιν
1064 1628 1269 1701 ἀμαθὲς
1324 1627 1510 1693 ἄλλως
1562 1630 1651 1683 καὶ
1682 1627 1965 1701 τολμηρὸν

318 1714 347 1767 6
406 1711 769 1787 πλεονασμός.
833 1713 985 1785 Πλὴν
1036 1717 1097 1770 τὸ
1156 1717 1247 1771 καὶ
1305 1720 1452 1789 ἡμᾶς
1510 1719 1608 1785 τὴν
1648 1719 1964 1791 προσθήκην

319 1803 615 1879 προφέρειν
673 1806 801 1877 ὑμῖν
848 1805 962 1860 τότ’
1024 1805 1083 1859 ἃν
1141 1806 1328 1881 χώραν
1409 1807 1523 1881 εἶχε
1573 1807 1663 1861 καὶ
1740 1805 1966 1870 δικαίως

316 1887 746 1965 ὄνειδιζοίμεθα,
805 1891 850 1946 εἰ
910 1888 1231 1955 δυσσεϐείας
1292 1895 1433 1966 ὑμᾶς
1486 1893 1522 1962 ἢ
1580 1889 1843 1965 ἀσεϐείας,
1901 1894 1962 1948 τὸ

313 1977 614 2053 χείριστον,
664 1978 751 2034 διὰ
780 1983 879 2049 τήν
904 1980 1189 2057 πρόσθεσιν
1231 1977 1597 2058 ἐγραφὸμεθα,
1647 1982 1719 2043 ὡς
1751 1982 1962 2053 ὁμοίως

313 2068 404 2120 καὶ
441 2068 600 2139 ἡμῶν
656 2064 988 2123 ἀσεϐούντων
1022 2066 1112 2123 διὰ
1138 2071 1237 2138 τήν
1289 2072 1606 2144 προσθήκην
1650 2070 1718 2123 τὰ
1770 2068 1957 2141 ὅμοια.

310 2155 463 2210 Ἐπεὶ
511 2152 569 2210 δὲ
615 2156 715 2225 τὴν
767 2155 855 2211 ἐπὶ
897 2162 976 2229 τῷ
1034 2153 1313 2231 Συμϐόλῳ
1360 2160 1677 2234 προσθήκην
1726 2157 1957 2232 ἀποτρε-

317 2371 456 2439 ﬁne,
488 2387 609 2439 eos,
635 2369 970 2443 quicunque
1018 2377 1234 2444 essent,
1278 2372 1535 2430 insanire
1585 2374 1802 2445 pariter
1848 2373 1967 2428 aie-

317 2459 443 2529 bat,
466 2463 525 2514 et
551 2460 972 2516 inverecundos
1005 2464 1361 2516 scrutatores
1394 2462 1801 2533 mysteriorum
1833 2459 1959 2528 Dei,

315 2547 475 2603 ultra
504 2564 683 2619 quam
718 2548 806 2603 fas
835 2552 990 2603 esset
1019 2548 1286 2604 humanae
1316 2549 1667 2619 inﬁrmitati,
1699 2548 1963 2604 curiosos

312 2635 374 2689 in
410 2636 701 2707 profunda
732 2636 1065 2693 Divinitatis
1096 2637 1412 2693 immittere
1468 2636 1688 2692 oculos.
1721 2637 1836 2692 Hac
1868 2636 1964 2690 ille

320 2724 559 2795 ancipiti
594 2724 798 2779 ambas
832 2724 888 2778 in
923 2729 1117 2795 partes
1146 2726 1429 2791 oratione,
1468 2724 1728 2780 minuere
1757 2726 1963 2779 obum-

320 2813 541 2868 brando
562 2818 869 2883 tegereque
891 2813 1211 2868 conabatur
1236 2812 1510 2867 invidiam
1534 2817 1749 2868 temere
1771 2816 1963 2867 atten-

325 2903 461 2954 tataa
473 2899 785 2956 additionis
799 2902 867 2956 ad
882 2900 1351 2973 Symbolum,pro
1364 2918 1469 2957 suo
1483 2901 1747 2956 videlicet
1763 2899 1965 2971 legati,

332 2986 438 3043 hoc
466 2991 553 3043 est
576 2987 864 3059 sequestri
910 2989 1365 3060 mediatorisque
1395 2990 1551 3044 inter
1580 2989 1827 3045 invicem
1859 2988 1965 3043 ad-

326 3091 545 3145 versos,
576 3076 765 3133 ofﬁcio
797 3093 861 3133 ac
896 3093 1168 3145 munere;
1214 3079 1271 3132 in
1323 3094 1437 3149 quo
1478 3095 1619 3133 sane
1668 3076 1964 3149 fungendo

2075 569 2297 624 σύνολον
2351 567 2881 644 κατησφαλισμένοις
2939 566 3324 641 ὲπεγχειρεῖν,
3397 564 3493 620 κᾶν
3563 565 3712 627 ἐντὸς

2074 657 2283 731 λέγοιεν
2341 656 2435 711 τοῦ
2495 656 2678 730 ὀρθοῦ,
2736 661 2841 710 ποῦ
2890 654 3094 710 δίκαιον
3132 657 3265 727 ἡμῖν
3319 654 3712 728 προτείνειντά

2075 743 2277 817 Spem;
2336 745 2423 807 Τίς
2476 747 2579 820 γὰρ
2633 747 2792 816 ἡμῶν
2852 743 3125 816 ἐτόλμησε
3180 744 3402 797 πώποτε
3433 740 3605 803 οὕτως
3637 742 3709 803 ὡς

2074 831 2250 907 λὲγεις
2286 832 2419 904 μετά
2472 834 2791 907 προσθήκης
2846 830 3179 904 ὁμολογεῖνε
3238 828 3417 885 Καλὸν
3474 830 3567 883 οὖν
3622 820 3711 883 καὶ

2073 921 2345 998 συμφέρον
2372 922 2469 988 τήν
2499 920 2719 994 εῗρήνην
2772 941 2828 973 σε
2873 918 3166 974 σπεύδοντα
3211 922 3319 973 τῶν
3369 917 3708 987 Ἐκκλησιῶν

2074 1010 2215 1064 οὕτω
2288 1010 2573 1084 πειρᾶσθαι
2650 1012 2895 1077 συνιστᾷν
2971 1006 3194 1076 ταύτην,
3254 1011 3434 1083 σοφῶς
3495 1006 3710 1061 οἰκονο-

2078 1103 2277 1171 μοῦντα
2314 1099 2440 1172 παρ’
2486 1096 2735 1170 Ἰταλοῖςξ
2763 1098 2862 1165 τήν
2906 1094 3002 1151 τοῦ
3049 1092 3351 1150 σκανδάλου
3410 1095 3708 1172 ἀφαίρεσιν,

2070 1187 2165 1241 κ’ὰν
2196 1189 2359 1259 ἡμεῖς
2415 1187 2559 1258 ὦμεν
2621 1187 2672 1239 οἱ
2727 1184 3043 1257 αἰτιώμενοι
3092 1188 3185 1239 τοῦ
3243 1181 3570 1250 σκανδάλου,
3626 1181 3708 1236 δι-

2070 1276 2241 1336 καίως
2293 1276 2427 1347 ἡμῖν
2461 1272 2865 1344 ἐπιπλήττοντα
2895 1273 2968 1335 ὡς
3000 1271 3241 1343 ἑτοίμοις
3293 1273 3410 1326 οὗσι
3458 1269 3708 1345 δέχεσθαι

2070 1365 2166 1431 τήν
2228 1360 2540 1435 ἐπίπληξιν,
2595 1362 2656 1417 Εἰ
2717 1360 2774 1416 δὲ
2828 1362 2954 1434 παρ’
3012 1360 3235 1422 ἐκείνοις
3288 1360 3350 1414 τὸ
3409 1357 3706 1414 σκάνδαλον

2070 1447 2328 1506 ἔϐλαστεν
2368 1494 2381 1519 ,
2440 1450 2644 1523 ἀνάγκη
2707 1448 3067 1521 πνευματικὸν
3127 1445 3256 1503 ὄντα
3303 1449 3394 1502 καὶ
3445 1442 3710 1522 πρεσϐευ-

2069 1540 2167 1606 τήν
2199 1546 2297 1609 τῆς
2353 1539 2573 1612 εἰρήνης
2630 1537 2855 1601 ἐκείνοις
2901 1537 3056 1601 ὠθεῖν
3090 1541 3375 1612 πειρᾶσθαι
3402 1536 3464 1590 τὸ
3496 1534 3583 1589 ἐπὶ
3637 1538 3705 1607 τῇ

2068 1626 2393 1699 καινοτομίᾳ
2419 1631 2514 1680 τοῦ
2550 1622 2846 1698 Συμϐόλου
2879 1628 3197 1700 ἁμάρτημα.
3234 1649 3261 1677 ››
3293 1624 3479 1687 Οὕτως
3520 1624 3704 1700 ἔλεγον

2071 1716 2121 1769 οἱ
2160 1722 2260 1783 τῆς
2293 1714 2639 1784 Ἐκκλησίας,
2670 1713 2760 1767 καὶ
2789 1712 2961 1775 οὕτως
2989 1713 3137 1788 εἶχον
3169 1714 3243 1775 ὡς
3276 1711 3428 1767 οὐδὲν
3480 1711 3708 1767 ἀκουσό-

1996 1841 2043 1905 B
2075 1824 2221 1876 μενοι
2254 1802 2542 1877 βασιλέως,
2575 1802 2620 1856 εἰ
2650 1801 2977 1877 προστάσσοι
3011 1801 3061 1855 ἐν
3092 1800 3330 1870 τούτοις,
3357 1800 3446 1855 καὶ
3478 1798 3531 1855 εἷ’
3552 1822 3615 1874 γε
3641 1802 3709 1855 τὰ

2075 1892 2302 1966 μέγιστα
2334 1889 2565 1946 ἀπειλεῖ.

2074 1996 2162 2071 ιβ’.
2193 2000 2379 2059 Ὀπως
2412 1996 2439 2050 6
2474 1993 2736 2073 βασιλεὺς
2770 1996 2895 2073 τοὺς
2927 2002 3025 2073 τῆς
3067 1992 3397 2073 ἶΕκκλησίας
3443 1994 3705 2072 κατηνάγ-

2558 2074 2687 2136 καζε
2713 2066 2801 2121 διὰ
2835 2069 2933 2135 τήν
2964 2068 3207 2140 εἰρήνην.

2141 2155 2294 2212 Ἀλλ’
2326 2157 2353 2210 ὁ
2387 2154 2641 2231 βασιλεὺς
2672 2156 2807 2227 ἅπαξ
2830 2156 2930 2210 τοῦ
2976 2152 3189 2211 τοιοῦδε
3236 2160 3440 2211 σκοποῦ
3482 2156 3705 2231 γενόμε-

2074 2386 2149 2425 sa:
2179 2370 2488 2442 impiisque
2522 2370 2795 2425 doctrinae
2827 2387 2926 2425 vos
2954 2375 3185 2440 propter
3230 2369 3403 2425 istam
3455 2370 3704 2425 additio-

2074 2476 2204 2514 nem
2224 2461 2831 2515 accusaremus.Tunc
2872 2460 3169 2531 enimjure
3191 2459 3580 2515 causaremini
3599 2476 3707 2515 nos

2074 2548 2344 2617 dogmate
2375 2563 2476 2617 per
2505 2546 2857 2602 additionem
2899 2547 3154 2603 indicato
3186 2547 3498 2617 rejiciendo
3529 2546 3710 2615 istud,

2074 2636 2227 2705 quod
2259 2636 2422 2690 vobis
2452 2634 2597 2690 falso
2626 2634 3106 2707 impingeremus,
3141 2635 3459 2706 impietatis
3491 2634 3709 2689 crimen

2069 2738 2203 2777 vere
2236 2722 2613 2778 consciscere.
2636 2723 2777 2778 Cum
2812 2728 3005 2778 autem
3055 2740 3170 2778 non
3215 2724 3425 2795 dogma
3452 2723 3510 2778 in
3543 2723 3708 2778 addi-

2071 2809 2228 2865 tione
2282 2811 2796 2881 reprehendamus,
2844 2812 2944 2867 sed
2996 2813 3420 2867 contendamus
3478 2815 3707 2866 tantum

2073 2897 2391 2953 universim
2444 2916 2546 2955 nec
2596 2900 2915 2970 probabilis
2947 2916 3051 2955 nec
3079 2901 3268 2955 securi
3305 2899 3553 2971 exempli
3585 2915 3707 2954 rem

2073 2986 2531 3055 esse,immutari
2555 2987 2915 3057 praelicenter
2934 2987 3156 3058 aliquid
3180 2991 3281 3042 aut
3310 2986 3549 3059 adjungi
3573 2986 3710 3042 scri-

2076 3075 2191 3146 ptis
2210 3076 2371 3146 prius
2393 3075 2565 3131 editis
2588 3080 2796 3130 etcum
2826 3093 3060 3132 summa
3090 3075 3555 3131 consideratione
3585 3080 3711 3131 tum

323 3164 441 3218 ﬁde
460 3164 680 3236 optima
709 3164 1130 3237 diligentiaque
1153 3182 1387 3221 summa
1408 3167 1772 3235 versabatur,
1811 3164 1957 3220 nihil
1987 3179 2029 3244 ρ
2074 3167 2289 3219 πίει-σο.
2338 3164 2615 3219 ﬁrmitate
2665 3164 2965 3231 stabilitis,
2998 3172 3521 3236 quantumcunque
3560 3165 3713 3235 quod

318 3268 439 3307 non
497 3253 819 3323 experiens,
853 3253 997 3308 nihil
1056 3254 1201 3309 tanti
1250 3256 1496 3320 ducens,
1541 3271 1657 3325 quo
1712 3270 1811 3323 pro
1859 3269 1962 3323 spe

320 3341 676 3410 assequendi
709 3341 1017 3412 legationis
1048 3357 1164 3397 sua:
1189 3342 1349 3413 scopi
1372 3341 1622 3397 libenter
1642 3340 1855 3412 pacisci
1875 3357 1963 3396 re-

326 3431 579 3485 cusaret.
612 3428 697 3482 Ad
731 3444 798 3484 ea
829 3445 1001 3501 porro
1060 3428 1327 3483 Ecclesiae
1362 3432 1572 3484 nostras
1604 3444 1872 3501 proceres
1904 3430 1963 3482 in

327 3515 487 3571 hunc
540 3517 781 3572 modum
814 3518 1240 3589 respondebant
1270 3534 1283 3573 :
1320 3538 1347 3568 ‹‹
1378 3520 1694 3572 Honestam
1726 3532 1866 3571 sane
1896 3532 1963 3573 ac

324 3605 697 3676 expetibilem
747 3621 949 3677 pacem
998 3621 1146 3674 esse,
1179 3606 1309 3675 quis
1340 3605 1450 3661 hoc
1481 3605 1716 3676 quidem
1750 3606 1966 3676 neget?

320 3695 644 3764 praesertim
678 3695 828 3750 inter
856 3693 1143 3750 Ecclesiae
1165 3695 1308 3748 adeo
1332 3694 1700 3764 conspicuas,
1717 3709 1961 3764 quaeque

316 3781 478 3837 haud
510 3782 684 3838 dubie
713 3783 971 3855 capitum
1020 3782 1209 3838 instar
1255 3783 1536 3837 baberent
1578 3782 1962 3837 aestimatione

314 3869 746 3941 universorum,
770 3872 871 3944 qui
900 3870 1089 3927 ubivis
1120 3875 1407 3927 terrarum
1440 3872 1679 3942 degunt,
1707 3869 1959 3940 discipu-

309 3958 507 4015 lorum
537 3959 750 4016 Christi
782 3959 1063 4032 principis
1093 3958 1274 4029 pacis.
1303 3957 1519 4012 Verum
1551 3972 1750 4028 pacem
1784 3956 1959 4010 istam

310 4064 516 4104 secure
546 4065 611 4103 ac
639 4052 785 4115 tuto,
820 4064 934 4104 non
968 4050 1163 4102 autem
1211 4046 1735 4118 quomodocunque
1766 4044 1958 4099 conci-

307 4132 599 4189 liandam.
630 4134 909 4205 Magnum
967 4133 1125 4189 enim
1177 4132 1517 4204 impendere
1563 4129 1890 4202 periculum
1922 4147 1956 4185 a

312 4225 476 4277 recto
510 4222 567 4277 in
601 4223 883 4278 utramvis
935 4226 1157 4294 partem
1206 4221 1631 4277 aberrantibus.
1667 4220 1829 4286 Quod
1880 4219 1952 4274 ad

310 4308 467 4364 hanc
497 4310 939 4367 conventionem
972 4310 1187 4365 mutari
1219 4327 1253 4364 a
1282 4308 1451 4365 nobis
1482 4307 1687 4376 vultis,
1720 4323 1834 4363 non
1862 4323 1954 4362 re-

309 4412 452 4453 cens
501 4402 603 4454 aut
648 4415 805 4454 nunc
849 4399 1104 4470 primum
1148 4397 1379 4453 institui
1425 4397 1671 4468 contigit
1701 4413 1735 4451 a
1764 4394 1951 4463 nobis,

308 4485 528 4558 quibus
559 4487 688 4543 ideo
723 4488 859 4557 jure
888 4486 1253 4559 impingatur
1278 4485 1494 4541 crimen
1528 4489 1630 4541 aut
1661 4487 1953 4554 usurpatae

308 4575 515 4631 audaci
567 4576 823 4632 novitate
855 4574 936 4631 rei
969 4591 1145 4647 quam
1174 4590 1346 4630 nemo
1371 4574 1536 4645 prius
1563 4572 1950 4642 attentaverit,

307 4666 413 4719 aut
443 4660 750 4719 obstinata:
800 4663 1184 4720 recusationis
1215 4679 1280 4719 eo
1308 4662 1589 4718 redeundi
1635 4660 1735 4716 ubi
1783 4664 1956 4716 antea

305 4765 544 4807 eramus
577 4766 591 4806 :
627 4752 728 4807 sed
760 4750 866 4807 viri
898 4751 1094 4823 magni
1127 4751 1363 4821 virtute,
1397 4749 1661 4806 doctrina
1718 4748 1953 4818 sapien-

304 4842 421 4908 tes,
451 4838 565 4895 ista
594 4839 846 4895 multum
881 4840 1034 4894 inter
1064 4856 1126 4895 se
1150 4843 1403 4894 tractata
1432 4837 1864 4894 constituerunt
1891 4838 1951 4892 in

304 4928 465 4984 hunc
479 4930 811 4996 modum,et
823 4929 1115 5001 dogmatis
1140 4946 1375 4985 summa
1394 4928 1723 4984 constantia
1746 4932 1948 4984 tenen-

302 5017 363 5071 di
397 5017 477 5073 eis
508 5018 913 5073 auctoritatem
958 5017 1316 5074 indiderunt.
1350 5018 1512 5082 Quod
1562 5020 1756 5073 autem
1810 5016 1946 5071 inde

300 5109 575 5161 secutum
600 5111 778 5172 est,ut
799 5107 1092 5161 contentio
1116 5106 1174 5160 in
1198 5108 1352 5162 rixas
1373 5105 1719 5161 immodicas
1750 5120 1947 5160 erum-

297 5198 483 5267 peret,
508 5210 613 5250 nec
658 5194 772 5266 ipsi
818 5194 1149 5261 voluerunt,
1176 5198 1232 5249 et
1252 5194 1423 5266 culpa
1452 5194 1580 5265 ejus
1610 5191 1803 5249 omnis
1832 5193 1943 5247 im-

296 5282 501 5354 peritis
532 5288 587 5337 et
617 5283 938 5338 audacibus
970 5282 1124 5339 ultra
1171 5285 1259 5339 fas
1308 5283 1416 5339 hac
1468 5283 1620 5338 878
1668 5282 1726 5337 in
1781 5285 1941 5353 parte

292 5371 709 5430 excedentibus
742 5373 1084 5445 imputanda
1104 5376 1212 5428 est.
1239 5374 1520 5429 Caeterum
1550 5373 1700 5443 quod
1734 5387 1940 5443 quere-

295 5460 445 5517 mini
471 5458 692 5531 culpari
713 5477 814 5517 vos
833 5478 865 5517 a
886 5461 1057 5517 nobis
1078 5461 1150 5517 ob
1172 5461 1636 5517 additamentum
1661 5458 1935 5532 symboli.

291 5554 441 5604 tunc
473 5546 705 5619 querela
735 5547 855 5604 haec
883 5548 1076 5605 locum
1107 5548 1367 5618 haberet,
1398 5556 1452 5605 et
1486 5549 1648 5619 juste
1676 5548 1734 5602 id
1767 5547 1937 5604 nobis

290 5634 765 5707 exprobraretur,
797 5634 845 5693 si
878 5634 1078 5693 alienas
1108 5640 1234 5708 aut,
1262 5638 1418 5709 quod
1450 5634 1793 5709 pessimum,
1822 5634 1933 5692 fal-

2076 3256 2337 3307 mutatur
2367 3256 2471 3307 aut
2506 3253 2743 3308 additur
2771 3254 2926 3309 intra
2957 3254 3098 3308 recti
3128 3254 3273 3308 ﬁnes
3304 3253 3493 3319 sistat,
3526 3268 3713 3323 eoque

2072 3341 2353 3396 duntaxat
2382 3341 2617 3397 nomine
2640 3346 2887 3398 vestram
2920 3342 3090 3398 istam
3121 3342 3475 3397 additionem
3511 3356 3707 3411 repro-

2072 3427 2299 3494 bemus,
2334 3444 2448 3498 quo
2473 3431 2606 3499 jure
2647 3430 2705 3484 in
2757 3431 2862 3485 hoc
2907 3430 3145 3501 quidem
3193 3429 3421 3485 causari
3464 3428 3707 3499 potestis

2070 3515 2235 3585 paria
2283 3531 2389 3569 nos
2433 3516 2491 3570 in
2541 3518 2644 3572 hoc
2694 3534 2901 3589 genere
2935 3534 3189 3589 peccare,
3223 3533 3355 3571 cum
3387 3534 3420 3571 a
3451 3516 3703 3586 nemine,

2070 3604 2225 3674 quod
2258 3602 2497 3673 sciatur,
2529 3610 2797 3661 nostrum
2830 3606 3004 3661 fando
3046 3621 3301 3675 unquam
3333 3605 3410 3661 sit
3439 3604 3704 3659 auditum

2068 3690 2488 3763 professionem
2534 3692 2667 3747 ﬁdei
2699 3710 2833 3748 cum
2868 3694 2987 3749 ulla
3014 3694 3113 3748 tali
3147 3693 3470 3763 adjectione
3502 3693 3704 3748 recita-

2064 3783 2207 3835 tam.
2240 3780 2463 3835 Bonum
2513 3779 2694 3850 igitur
2735 3781 3203 3852 conveniensque
3230 3781 3401 3836 fuerit
3425 3784 3479 3834 te
3510 3780 3702 3835 conci-

2065 3868 2209 3923 liare
2254 3885 2453 3940 pacem
2500 3867 2886 3924 Ecelesiarum
2919 3869 3165 3938 sincero,
3199 3869 3695 3940 quemadmodum

2065 3971 2180 4025 prae
2210 3960 2266 4011 te
2298 3956 2430 4023 fers,
2466 3955 2660 4012 studio
2714 3960 3019 4011 conantem
3050 3972 3177 4011 eam
3209 3955 3583 4027 potissimum
3628 3970 3694 4010 eo

2065 4044 2434 4113 perveniendi
2471 4045 2621 4099 viam
2654 4043 2924 4099 insistere
2955 4060 3079 4115 quas
3107 4044 3435 4099 rectissima
3461 4044 3533 4098 ad
3564 4059 3691 4097 sco-

2065 4148 2202 4202 pum
2233 4132 2415 4187 istum
2440 4136 2550 4201 est,
2578 4149 2785 4205 nempe
2811 4136 2875 4187 ut
2907 4133 3081 4189 Italos
3115 4149 3215 4205 pro
3247 4137 3349 4189 tua
3378 4136 3434 4188 et
3462 4132 3697 4203 sapien-

2061 4220 2143 4274 tia
2172 4224 2229 4275 et
2260 4220 2605 4277 auctoritate
2634 4222 2938 4293 gratiaque
2971 4222 3125 4293 apud
3158 4221 3316 4291 ipsos
3349 4224 3583 4291 satagas
3606 4221 3700 4275 ad—

2061 4310 2271 4363 ducere
2299 4310 2366 4364 ad
2395 4310 2739 4366 scandalum
2773 4311 3187 4377 amovendum,
3210 4308 3466 4380 positum
3498 4309 3700 4379 utique

2060 4399 2132 4453 ab
2163 4398 2329 4470 ipsis,
2362 4403 2660 4470 utcunque
2691 4400 2747 4454 id
2779 4399 2995 4455 factum
3027 4417 3059 4454 a
3089 4398 3259 4454 nobis
3306 4397 3453 4453 falso
3502 4397 3698 4452 crimi-

2061 4492 2291 4542 nentur.
2324 4487 2467 4542 Nam
2497 4486 2546 4543 si
2587 4502 2765 4557 penes
2825 4504 2930 4543 nos
2988 4486 3249 4542 seandali
3309 4485 3521 4557 objecti
3567 4501 3699 4539 vere

2060 4574 2234 4646 culpa
2264 4575 2563 4643 resideret,
2586 4575 2791 4630 merito
2814 4591 2919 4630 nos
2951 4575 3291 4646 objurgares
3325 4578 3381 4630 et
3410 4577 3700 4644 patienter

2061 4663 2575 4733 reprehensionem
2607 4663 3026 4735 exeiperemus,
3058 4664 3210 4735 quod
3259 4679 3464 4718 sumus
3512 4660 3698 4732 parati

2059 4751 2246 4807 facere
2278 4751 2505 4822 quoties
2534 4752 2753 4806 erimus
2795 4751 2965 4806 nobis
3010 4752 3222 4807 conscii
3276 4752 3559 4807 meruisse
3607 4766 3697 4805 re-

2060 4840 2364 4912 prehendi.
2399 4839 2456 4894 Si
2488 4855 2619 4895 vero
2678 4839 3020 4895 scandalum
3070 4841 3140 4895 ab
3187 4840 3308 4896 illis
3364 4844 3555 4895 ortum
3606 4843 3695 4895 est

2057 4932 2282 5001 oportet
2311 4932 2390 4995 te,
2423 4943 2552 4983 cum
2584 4926 2909 4999 spiritualis
2958 4927 3039 4983 sis
3086 4935 3145 4983 et
3185 4933 3464 4984 tractator
3512 4930 3691 5000 pacis,

2056 5032 2325 5073 amovere
2352 5017 2425 5072 ab
2454 5016 2574 5071 illis
2604 5016 2800 5072 conari
2830 5016 3050 5071 crimen
3076 5020 3293 5072 temere
3326 5021 3691 5089 praesumpta?

2054 5105 2329 5161 novitatis
2357 5105 2418 5159 in
2451 5092 3167 5175 immutatione'Symboli.
3198 5128 3224 5154 ››
3256 5106 3347 5159 Sic
3378 5104 3694 5174 loqueban-

2051 5196 2147 5248 tur
2177 5192 2442 5249 Ecclesiaa
2474 5208 2779 5264 proceres;
2828 5196 2885 5247 et
2925 5191 3010 5247 sic
3060 5193 3374 5264 comparati
3407 5197 3589 5259 erant,
3625 5197 3687 5248 ut

2049 5279 2457 5353 imperatorem
2506 5280 2763 5336 audituri
2814 5297 2927 5335 non
2967 5286 3182 5349 essent,
3215 5280 3499 5351 quidquid
3534 5280 3687 5335 circa
3736 5324 3737 5327 η

2050 5369 2435 5440 haaejuberet,
2460 5369 2691 5425 etiamsi
2706 5369 3058 5441 gravissima
3081 5385 3323 5440 quasque
3341 5368 3683 5424 minaretur.

2108 5513 2193 5567 12.
2232 5512 2295 5569 Ut
2325 5514 2631 5581 imperator
2656 5513 3041 5571 ecclesiastico:
3070 5512 3274 5567 urserit
3302 5511 3377 5567 ad
3401 5526 3619 5583 pacem.

2115 5635 2591 5693 874Perstabat
2623 5635 2722 5692 ille
2751 5639 2948 5694 tamen
2980 5634 3599 5692 ﬁxusirrevoeabiliter
3618 5635 3677 5693 in
