4130 6270
515 365 621 419 827

1812 368 2111 422 GEORGIl
2150 368 2610 423 PACHYMERJE

3764 360 3853 413 828

518 505 632 552 νος,
688 485 785 539 οὐκ
842 482 961 539 οἶδα
1014 484 1059 539 εί
1092 485 1262 547 οὲλων
1312 483 1349 553 ἢ
1380 487 1465 538 καὶ
1500 479 1989 559 προσϐιαζόμενος,
2021 486 2049 539 δ
2081 483 2145 553 δὴ
2178 495 2236 559 Α
2262 490 2353 539 νῦν
2407 483 2695 559 πράγματα
2753 480 3108 557 συνεκρίνετο.
3142 472 3526 552 Προῦϐάλλετο
3556 474 3610 531 δὶ
3652 479 3729 532 καὶ
3774 480 3854 540 τὰς

1618 570 1640 588 Ν

512 572 787 635 κάκείνοις
848 574 939 645 μὲν
995 572 1385 648 ὑπεκρύπτετο,
1431 575 1565 644 ἡμῖν
1615 572 1659 625 δ’
1712 573 2003 650 ἐνεφάνιζε,
2061 572 2153 646 φό-

516 656 644 724 ϐους
669 660 1029 733 παραπλέκων
1079 662 1167 715 καὶ
1214 658 1491 732 πολέμους
1532 660 1620 715 καὶ
1669 661 2016 734 χυοησόμενα
2068 659 2153 713 α’ί-

518 770 681 821 ματα,
716 748 1055 822 ἀμεταθέτως
1089 751 1205 823 εἶχε
1247 749 1341 803 κᾶν
1399 750 1430 802 ἀ
1458 748 1508 802 τί
1545 770 1627 812 τις
1677 747 1843 822 ἔλεγε.
1894 752 1973 821 [Ρ.
2024 752 2148 821 254]

509 838 653 898 Mei:
703 840 833 911 γοῦν
893 836 1182 890 συνιόντων
1217 834 1459 909 περίτὸν
1517 833 1741 910 βασιλέα
1798 838 1891 888 τοῦ
1948 855 2004 889 τε
2052 856 2150 888 πα-

513 925 778 1000 τριάρχου
808 924 1031 978 καὶτῶν
1060 922 1360 998 ἀρχιερέων
1411 923 1501 978 καί
1550 945 1709 977 τινων
1764 922 1821 976 ἐκ
1865 927 1961 976 τοῦ
2009 921 2147 992 κλή-

511 1035 629 1090 ρου,
688 1008 1101 1087 ἐμϐριθέστερον
1158 1011 1301 1087 σφίσι
1360 1011 1481 1085 περὶ
1533 1016 1640 1065 τῶν
1690 1012 2063 1084 προκειμένων
2121 1012 2148 1064 ὁ

503 1106 715 1177 κρατῶν
772 1098 1069 1174 διελέγετο,
1142 1100 1396 1173 συνείρων
1460 1100 1554 1171 μὲν
1613 1101 1700 1153 καὶ
1760 1098 1885 1161 τοὺς
1946 1094 2148 1176 φόϐους

507 1193 775 1260 συνήθως,
836 1189 897 1243 οὗ
962 1191 1065 1261 μὴν
1131 1189 1187 1242 δὲ
1217 1187 1340 1243 ἀλλ’
1399 1186 1523 1242 οὐδὲ
1569 1189 1791 1259 πάμπαν
1856 1185 2147 1265 ἐπισφαλὲς

508 1277 715 1333 ἐδείκνυ
744 1279 805 1331 τὸ
843 1277 1227 1351 γενησόμενον.
1279 1278 1410 1350 Εἶχε
1460 1276 1558 1351 γὰρ
1609 1278 1695 1330 καὶ
1724 1275 1850 1337 τοὺς
1902 1271 2147 1330 ὑποϐαλ-

509 1366 727 1433 λοντας,
782 1365 911 1425 τοὺς
968 1365 1108 1438 ἀμφῖ
1138 1366 1229 1419 τὸν
1277 1362 1658 1438 ἀρχιδιάκονον
1720 1364 1862 1439 λέγω
1906 1364 2146 1434 Μελιτη-

501 1454 725 1522 νιώτην,
783 1452 909 1514 τοὺς
968 1452 1105 1527 ἀμφῖ
1164 1453 1253 1506 τὸν
1286 1451 1843 1526 πρωταποστολάριον
1874 1452 2145 1525 Γεώργιον

499 1542 591 1596 τὸν
624 1540 891 1614 Κύπριον,
942 1540 1029 1593 καὶ
1084 1540 1287 1612 τρίτον,
1324 1540 1368 1593 εί
1414 1540 1503 1593 καὶ
1547 1541 1620 1610 μὴ
1684 1539 1856 1603 οὕτως
1903 1543 1975 1600 ὡς
2020 1540 2144 1594 τού-

497 1649 647 1696 τους,
708 1626 833 1682 ἀλλ’
893 1624 981 1680 οὖν
1048 1624 1459 1701 ἀφωσιωμένως
1514 1624 1601 1678 καὶ
1660 1624 2020 1691 ἐπιπολαίως,
2053 1626 2145 1679 τὸν

504 1715 715 1792 ῥήτορα
765 1722 862 1783 τῆς
928 1712 1218 1782 ἐκκλησίας
1270 1708 1605 1769 Ὁλόϐωλον.
1657 1711 1760 1768 Καί
1809 1734 1871 1787 γε
1928 1709 2144 1785 λαμϐά-

503 1825 609 1861 νων
661 1805 749 1857 καί
808 1804 897 1856 ἄπ’
949 1801 1165 1856 ἱκείνων
1224 1802 1317 1863 τὰς
1371 1807 1478 1856 τῶν
1535 1803 1787 1876 ἱστοριῶν
1846 1804 2142 1877 συνάρσεις,

507 1887 887 1967 προύϐάλλετο
950 1891 1043 1963 μὲν
1101 1892 1193 1945 τὸν
1251 1892 1451 1945 Δοόκαν
1485 1890 1739 1961 Ἰωάννην
1780 1892 1872 1945 καὶ
1925 1875 2225 1964 βασιλὲαΒ

505 1981 594 2034 καὶ
624 1979 750 2043 τοὺς
780 1980 911 2055 ἀμφ’
954 1978 1152 2033 ἐκεῖνον
1189 1979 1464 2054 ἀρχιερεῖς
1512 1980 1601 2032 καὶ
1649 1980 1737 2033 τὸν
1798 1980 2146 2054 πατριάρχην

507 2073 655 2144 σφῶν
687 2067 974 2136 Μανουὴλ,
1008 2068 1157 2128 ὅπως
1207 2064 1443 2121 ἐνεδίδου
1492 2067 1825 2130 ἀπελθόντας
1869 2066 2145 2140 ἀρχιερεῖς

504 2154 837 2230 λειτουργεῖν
860 2176 918 2209 τε
974 2154 1059 2208 καὶ
1096 2154 1480 2227 μνημονε·5ειν,
1533 2154 1576 2208 εἰ
1626 2154 1788 2225 μόνον
1842 2156 1868 2208 ὁ
1926 2156 2147 2215 πάππας

498 2251 599 2313 τῆς
631 2244 766 2315 πρὸς
797 2242 924 2306 τοὺς
954 2242 1005 2297 ἓν
1038 2247 1105 2316 τῇ
1154 2242 1313 2297 πόλει
1370 2244 1625 2317 βοηθείας
1673 2242 1995 2317 ἀπόσχοιτο.
2049 2243 2144 2296 Καὶ

499 2333 610 2403 ἅμα
675 2333 767 2405 μὲν
821 2332 883 2386 τὸ
954 2328 1212 2386 κωδίκιον
1270 2338 1369 2400 τῆς
1430 2328 1758 2400 Ἐκκλησίας
1835 2330 1909 2392 εἷς
1968 2330 2146 2385 πίστιν

500 2422 919 2495 προεκομίζετο,
980 2420 1094 2493 ἅμα
1153 2417 1211 2474 δὲ
1262 2419 1352 2473 καὶ
1409 2423 1486 2491 τῷ
1520 2418 1734 2494 βασιλεῖ
1788 2420 1849 2473 τὸ
1895 2418 2019 2473 τότε
2059 2419 2147 2473 καὶ

501 2633 908 2707 prosecutione
957 2633 1130 2687 istius
1180 2632 1373 2702 empti,
1407 2632 1563 2686 haud
1594 2631 1715 2687 scio
1742 2648 1814 2686 an
1845 2630 2045 2687 volens
2076 2647 2150 2686 an

509 2728 791 2790 coactus;
840 2722 995 2793 quod
1055 2719 1168 2775 illis
1216 2720 1451 2790 quidem
1511 2720 1924 2785 abscondebat,
1983 2718 2151 2775 nobis

509 2814 706 2866 autem
738 2809 1053 2876 indicabat,
1080 2825 1345 2863 sermone
1365 2808 1637 2879 perplexo
1654 2809 1965 2878 praat'erens
1989 2806 2151 2863 solli-

511 2899 829 2954 citudinem
849 2898 1081 2953 anxiam
1096 2897 1377 2953 bellorum
1396 2897 1863 2968 impendentium
1884 2896 2152 2968 plurimi-

510 3003 622 3058 que
635 2986 939 3058 sanguinis
958 2986 1269 3053 fundendi;
1306 2987 1521 3056 quibus
1538 2986 1709 3040 malis
1726 2983 2150 3053 praevertendis,

504 3072 1213 3129 immutabiliterhaerebat
1226 3075 1375 3128 ﬁxus
1388 3073 1444 3127 in
1461 3073 1756 3143 proposito
1772 3071 1985 3141 negotii
2000 3087 2030 3137 q
2043 3074 2150 3126 uod

510 3167 760 3233 cmperat
792 3162 1354 3232 urgendi,quidquid
1386 3164 1591 3214 contra
1619 3159 1809 3230 quivis
1846 3158 2142 3229 allegaret.
2177 3160 2218 3227 C

504 3249 763 3312 Quadam
796 3248 977 3319 igitur
1008 3249 1099 3303 die
1130 3265 1261 3302 cum
1294 3247 1701 3302 convenissent
1748 3249 1901 3319 apud
1952 3248 2138 3318 impe-

501 3340 752 3391 ratorem
787 3335 1135 3405 patriarcha,
1171 3334 1462 3390 antistites
1488 3338 1543 3389 et
1573 3352 1639 3390 ex
1669 3335 1819 3391 clero
1877 3334 2139 3405 quidam,

502 3424 825 3479 instantius
847 3423 916 3478 iis
938 3424 1351 3494 efﬁcaciusque
1368 3427 1684 3494 imperator
1704 3424 1775 3478 de
1795 3424 1952 3493 pacis
1972 3440 2142 3494 nego-

500 3512 583 3565 tio
640 3510 937 3581 disseruit,
974 3510 1257 3579 intexens,
1306 3515 1369 3566 ut
1418 3511 1662 3578 solebat,
1714 3511 1963 3566 orationi
2022 3528 2139 3566 suae

502 3600 849 3656 formidines
895 3600 1180 3654 atrocium
1238 3599 1538 3663 malorum,
1572 3618 1697 3671 qua:
1728 3599 1947 3654 vitandi
1994 3599 2139 3654 ratio

502 3688 625 3743 haec
655 3704 773 3742 una
802 3688 1125 3741 olferretur.
1172 3688 1536 3757 Adjungebat
1568 3688 1711 3743 nihil
1741 3705 1867 3743 esse
1898 3686 2141 3758 periculi

506 3776 566 3830 in
614 3774 986 3831 assentiendo
1035 3775 1259 3830 Latinis
1308 3776 1458 3846 quod
1505 3781 1798 3846 cuperent,
1837 3775 2039 3829 multis
2086 3775 2142 3827 id

507 3862 835 3920 rationibus
858 3863 1271 3920 demonstrans
1307 3880 1319 3919 :
1356 3864 1775 3919 habebatenim
1806 3864 1904 3934 qui
1935 3861 2142 3917 talium

502 3954 552 4007 ei
614 3958 1092 4023 argumentorum
1147 3953 1374 4024 copiam
1417 3957 1818 4024 suggererent,
1877 3955 2144 4007 auctores

506 4041 804 4096 studiosos
836 4041 964 4110 ejus
995 4040 1175 4111 pacis,
1200 4042 1674 4096 archidiaconum
1707 4039 2142 4106 Meliteniotem,

508 4127 1061 4201 protapostolarium
1121 4130 1432 4200 Georgium
1488 4130 1785 4200 Cyprium,
1819 4133 1876 4184 et
1906 4129 2143 4183 tertium

507 4219 867 4288 (quanquam
903 4217 1102 4271 minus
1132 4218 1421 4287 ardenter,
1447 4219 1545 4271 sed
1575 4218 1688 4272 fere
1711 4217 1856 4273 dicis
1888 4235 2063 4273 causa
2091 4221 2145 4272 et

510 4304 903 4375 superﬁciaria
928 4320 1048 4359 rem
1072 4306 1362 4374 ejusmodi
1381 4304 2142 4377 amplectentem)rhetorem

509 4392 765 4448 ecclesia:
792 4392 1137 4447 lioloboum.
1172 4393 1503 4448 Proferebat
1533 4410 1667 4464 ergo
1699 4410 1729 4449 e
1759 4410 1911 4465 penu
1960 4394 2031 4449 ab
2076 4394 2146 4449 iis

511 4480 769 4535 historias
826 4481 1165 4552 deprompta
1232 4482 1524 4537 memoriae
1587 4481 1796 4536 veteris
1862 4482 2144 4553 exempla,
2180 4511 2224 4575 Β

514 4568 766 4623 maxime
799 4568 940 4622 illud
973 4568 1342 4639 imperatoris
1372 4570 1614 4626 Joannis
1644 4570 1813 4625 Duc-aa
1846 4574 1902 4625 et
1929 4569 2149 4625 antisti-

512 4658 639 4709 tum
672 4656 773 4725 qui
808 4660 945 4710 tunc
969 4661 1131 4711 erant
1158 4657 1481 4713 simulcum
1497 4658 1825 4728 patriarcha
1842 4658 2142 4725 Manuele;

511 4742 1017 4811 utconsenserint,
1044 4746 1554 4816 promiserintque,
1590 4746 1790 4802 missis
1818 4747 1994 4802 etiam
2026 4746 2146 4817 epi-

511 4831 704 4900 scopis
746 4830 846 4900 qui
878 4831 935 4885 in
967 4831 1087 4886 haec
1138 4833 1585 4903 paciscerentur,
1618 4836 2148 4891 communicaturos

515 4934 576 4973 se
603 4918 823 4974 Latinis
854 4918 912 4973 in
944 4937 1108 4975 sacra
1137 4921 1377 4993 liturgia
1407 4928 1463 4977 et
1494 4939 1651 4993 papa
1700 4925 2058 4980 mentionem
2088 4923 2147 4978 in

516 5022 584 5060 ea
642 5007 919 5072 facturos,
980 5008 1028 5062 si
1082 5011 1252 5065 modo
1298 5008 1394 5064 ille
1442 5010 1761 5065 abstineret
1805 5012 1876 5065 ab
1934 5012 2148 5067 auxillo

507 5092 788 5163 juvandis
839 5094 1054 5150 Latinis
1087 5097 1185 5165 qui
1220 5098 1422 5151 urbem
1474 5097 1831 5152 obtinebant.
1867 5100 1949 5152 Ad
1982 5100 2150 5169 cujus

518 5180 599 5234 rei
623 5180 794 5234 ﬁdem
820 5183 995 5237 codex
1018 5183 1294 5248 ecclesiae,
1319 5185 1377 5237 in
1401 5201 1514 5254 quo
1537 5202 1602 5240 ea
1625 5185 1946 5256 perscripta
1965 5191 2147 5255 erant,

516 5266 781 5339 prolatus
832 5269 889 5323 in
952 5269 1213 5325 medium
1268 5275 1373 5326 est.
1421 5271 1585 5328 Circa
1633 5272 1689 5326 id
1739 5288 1871 5328 vero
1929 5274 2149 5330 factum

516 5354 840 5411 disserebat
899 5357 1234 5429 imperator,
1282 5375 1625 5430 comparans
1682 5364 1899 5416 statum
1955 5378 2149 5419 rerum

516 5443 615 5514 qui
640 5447 781 5498 tunc
812 5450 934 5501 erat
955 5463 1086 5501 cum
1111 5448 1259 5505 375
1298 5448 1591 5519 praesenti.
1614 5450 1947 5507 Proferebat
1976 5451 2150 5507 etiam

516 5532 886 5604 praescriptas
918 5538 976 5590 et
1005 5535 1393 5609 chirographo
1442 5536 1699 5593 munitas
1744 5539 1814 5594 de
1858 5539 1967 5597 hoc
2015 5556 2153 5596 sen-

517 5618 735 5675 tentias
752 5622 1068 5692 praesutum
1100 5624 1259 5682 illius
1284 5623 1585 5698 temporis,
1609 5640 1758 5698 quas
1774 5632 1929 5686 ratas
1952 5628 2150 5686 haberi

2259 576 2374 627 κατ’
2406 575 2607 629 ἐκεῖνον
2658 574 2731 634 ὡς
2760 570 2919 641 δῆθεν
2974 574 3119 645 σφῶν
3165 567 3390 643 γραφὰς,
3436 570 3549 625 πῶς
3594 566 3664 636 μὴ
3708 587 3850 636 κατη-

2260 667 2548 735 γοροῦντες
2582 662 2728 725 ὅλως
2785 655 3026 719 ἀσεϐείας
3066 656 3191 716 τοὺς
3244 652 3481 713 Ἰταλοὺς
3517 653 3687 724 ἠξίουν
3739 674 3853 728 παρ-

2260 755 2543 821 αιροῦντας
2597 752 2695 818 τὴν
2754 749 3071 823 προσθήκην
3145 747 3242 798 τοῦ
3296 736 3606 814 Συμϐόλου,
3662 740 3711 794 ἐν
3758 747 3855 803 ταῖς

2260 837 2481 900 λοιπαῖς
2507 843 2737 915 γραφαῖς
2769 836 3108 910 ἀνάγραπτον
3161 831 3407 908 ἔχοντας,
3453 827 3722 915 συνδιιέναι
3758 836 3853 891 τοῖς

2257 914 2653 1003 πεφρασμένοις
2724 924 3222 998 ἀναγινώσκοντας.
3308 914 3589 989 Προῧτεινε
3666 914 3717 969 δῖε
3783 917 3855 970 καὶ

2258 1013 2339 1090 ἐφ’
2369 1012 2515 1075 ὅσοις
2571 1018 2678 1067 τῶν
2714 1013 2976 1087 μεγίστων
3038 1007 3347 1082 μυστηρίων
3397 1004 3458 1059 οὐ
3509 1002 3856 1059 διαστέλλοντα

2256 1101 2477 1173 Γραικοὶ
2517 1105 2791 1155 κοινωνεῖν
2824 1097 3057 1160 Ἰταλοῖς
3116 1092 3229 1150 οὐδ’
3289 1095 3613 1159 ὁπωστιοῦν,
3642 1093 3718 1163 [Ρ.
3750 1094 3855 1163 255]

2258 1188 2517 1244 ἀλλὰκαὶ
2547 1191 2645 1257 τὴν
2677 1188 2892 1243 ἐκείνων
2943 1186 3077 1260 πρὸς
3129 1183 3258 1245 τοὺς
3307 1179 3605 1255 ἡμετέρους
3655 1175 3853 1252 μετάϐα-

2257 1298 2337 1331 σιν
2372 1277 2566 1349 ὁμοίαν
2618 1278 2751 1330 εἶναι
2785 1276 2829 1329 εί
2872 1273 3123 1350 γλῶσσαν
3153 1270 3415 1344 γλώσσης
3461 1262 3705 1341 ἤμειϐον,
3751 1265 3855 1322 Ἐλ-

2257 1363 2489 1435 ληνικὴν
2533 1372 2634 1434 τῆς
2682 1364 2934 1441 σφετέρας
2970 1404 2984 1418 .
3034 1360 3160 1415 Τίνα
3210 1357 3254 1413 δ’
3306 1355 3422 1432 ἔχει
3469 1354 3782 1411 ἀντικανοίαν
3828 1357 3856 1421 ἡ

2255 1452 2338 1507 ἐπ’
2389 1452 2680 1523 ἐκκλησίας
2740 1453 2980 1529 ἀναφορα
3007 1453 3104 1505 τοῦ
3148 1447 3440 1519 ὀνόματος,
3500 1445 3632 1499 ὀπου
3683 1464 3737 1517 γε
3786 1443 3858 1496 καὶ

2260 1543 2335 1614 μὴ
2395 1541 2617 1604 πάπποις
2693 1536 2851 1602 ὄντας
2923 1538 3048 1600 τοὺς
3119 1534 3323 1597 ἄλλους
3383 1531 3584 1608 ἀνάγκη
3649 1529 3859 1605 μετέχειν

2252 1626 2471 1683 τοιᾶσδε
2516 1635 2615 1697 τῆς
2666 1625 2951 1688 κοινωνίας
2999 1630 3116 1686 τοῖς
3166 1620 3614 1692 ἐκκλησιάζουσιν
3646 1637 3857 1672 συνιστα-

2258 1715 2471 1788 μένους,
2514 1716 2959 1790 λειτουργοῦντος
2986 1711 3081 1768 τοῦ
3125 1712 3315 1787 ἱερέως
3340 1710 3432 1764 καὶ
3463 1710 3559 1777 τήν
3592 1714 3683 1776 τῆς
3724 1705 3861 1781 Τριά-

2256 1802 2347 1866 δος
2378 1806 2539 1879 χάριν
2592 1810 2720 1859 πᾶσι
2768 1801 3013 1864 διδόντος
3053 1804 3287 1869 κοινῶς;
3335 1794 3602 1873 Ἀδελφὸν
3630 1793 3684 1849 δὲ
3705 1791 3863 1848 καλεῖν

2253 1894 2342 1947 καὶ
2390 1898 2606 1967 πρῶτον
2661 1892 2863 1947 ἐκεῖνον
2920 1889 3083 1963 μείων
3142 1888 3308 1959 αἰτία,
3367 1882 3510 1940 ὅπου
3556 1884 3639 1938 καὶ
3690 1882 3865 1953 πατέρα

2251 1981 2342 2037 τὸν
2377 1976 2627 2055 Ἀϐραὰμ
2668 1978 2847 2035 ἐκάλει
2902 1981 2929 2033 ὁ
2978 1978 3030 2033 ἐν
3087 1980 3155 2050 τῇ
3216 1975 3385 2051 φλογὶ
3421 1971 3699 2040 πλούσιος,
3727 1969 3863 2024 τόσον

2254 2069 2474 2143 ἂπὲχων
2532 2069 2662 2130 τοὺς
2713 2069 2951 2141 τρόπους
3013 2062 3136 2120 ὅσον
3196 2063 3283 2119 καὶ
3339 2063 3405 2116 τὸ
3466 2061 3622 2133 μέσον
3677 2057 3863 2112 ἐκείνων

2253 2158 2445 2230 χάσμα
2500 2163 2598 2225 τῆς
2654 2155 2872 2210 ἐκείνωτ
2929 2152 3257 2213 διαστάσεως
3309 2150 3376 2218 ἦν
3439 2148 3764 2225 μαρτύριον.
3810 2143 3865 2201 Εἰ

2256 2241 2313 2298 δὲ
2344 2241 2588 2315 διδοῖμεν
2617 2242 2705 2297 καὶ
2732 2241 2998 2312 ἔκκλητον
3044 2240 3225 2315 σχολῇ
3282 2259 3407 2293 τινα
3456 2236 3620 2306 τόσην
3664 2235 3861 2306 τέμνον-

2253 2353 2319 2387 τα
2364 2331 2634 2395 θάλασσαν
2692 2336 2798 2385 τῶν
2851 2329 3076 2385 δικαίων
3127 2321 3518 2401 ἀμφισϐητεῖν.
3569 2326 3739 2381 Ταῦτα
3787 2320 3863 2373 καὶ

2252 2424 2475 2475 τοιαῦτα
2504 2424 2599 2475 τοῦ
2634 2418 2902 2495 βασιλέως
2930 2415 3207 2493 λὲγοντος,
3239 2416 3266 2469 ὁ
3314 2415 3665 2491 πατριάρχης
3706 2408 3865 2484 παρὼν

2260 2635 2316 2687 et
2347 2636 2410 2687 ut
2441 2632 2706 2703 proprias
2749 2629 2973 2686 censeri
3023 2630 3093 2684 ab
3142 2627 3306 2699 ipsis,
3341 2626 3448 2697 qui
3491 2639 3645 2680 nunc
3696 2622 3865 2679 eodem

2261 2725 2458 2776 essent
2490 2722 2635 2786 loco,
2668 2720 2877 2774 debere
2908 2717 3315 2781 contendebat,
3348 2715 3410 2769 in
3444 2713 3518 2769 iis
3545 2709 3867 2769 considerari

2253 2808 2472 2879 jubens
2489 2812 2551 2863 ut
2569 2808 2766 2863 Patres
2783 2806 2863 2861 illi
2888 2806 3126 2862 omnino
3157 2802 3635 2860 abstinuerintab
3648 2814 3865 2871 arguen-

2262 2896 2353 2950 dis
2387 2896 2547 2951 Italis
2580 2894 2897 2966 impietatis
2928 2897 3029 2949 aut
3058 2893 3342 2948 haereseos
3370 2898 3607 2962 propter
3651 2885 3864 2943 additio-

2263 3000 2395 3038 nem
2429 2983 2485 3037 in
2518 2982 2790 3054 Symbolo
2838 2987 3220 3049 attentatam;
3272 2996 3451 3050 quam
3486 2976 3609 3034 tolli
3642 2975 3811 3032 solum
3842 2990 3867 3027 a

2263 3071 2536 3143 Symbolo
2595 3072 2888 3142 petebant,
2946 3071 3322 3141 indulgentes
3373 3073 3441 3124 ut
3490 3068 3549 3123 in
3597 3063 3799 3122 caeteris
3825 3065 3870 3117 et

2258 3160 2571 3215 haberetur
2591 3164 2647 3215 et
2668 3158 3165 3229 quemadmodum
3187 3162 3391 3213 caetera
3416 3156 3716 3228 legeretur.
3735 3156 3868 3206 Com-

2258 3249 2612 3303 memorabat
2656 3247 2865 3302 deinde
2913 3246 3187 3301 distincte
3238 3260 3600 3315 persequens
3649 3239 3869 3296 maxima

2259 3351 2502 3406 quaeque
2553 3335 2848 3407 mysteria,
2881 3334 2941 3389 in
2969 3333 3186 3405 quibus
3234 3332 3413 3389 Graeci
3467 3328 3865 3388 communicare

2260 3424 2482 3478 Latinis
2498 3440 2610 3478 non
2634 3423 2970 3479 dubitarent
2991 3426 3092 3478 aut
3110 3421 3198 3477 vel
3218 3421 3538 3476 minimum
3560 3421 3867 3474 cunctaren-

2256 3515 2375 3579 tur,
2397 3511 2687 3582 iidemque
2709 3528 2823 3582 praa
2852 3528 2913 3567 se
2944 3511 3159 3566 ferrent
3190 3508 3599 3564 transitionem
3633 3507 3862 3577 ipsorum

2258 3601 2327 3655 ad
2364 3607 2594 3656 nostros
2642 3601 2790 3655 ritus
2840 3599 3026 3655 simile
3074 3598 3379 3671 quidpiam
3428 3613 3557 3653 esse
3586 3612 3647 3650 ac
3678 3594 3720 3650 si
3752 3590 3864 3663 quis

2257 3688 2516 3760 linguam
2574 3706 2709 3744 cum
2768 3689 2970 3760 lingua
3024 3690 3342 3744 commutet
3386 3691 3446 3743 et
3486 3686 3675 3741 Graece
3726 3681 3863 3753 prius

2255 3775 2486 3832 locutus
2533 3778 2730 3832 Latino
2778 3777 3053 3848 deinceps
3088 3776 3171 3831 uti
3204 3790 3475 3830 sermone
3522 3771 3702 3838 malit,
3730 3772 3866 3823 aute

2257 3883 2555 3921 converso.
2588 3865 2735 3929 Quid
2788 3882 2959 3937 porro
3007 3864 3180 3919 habet
3227 3862 3557 3918 canonibus
3590 3861 3863 3915 adversum

2257 3953 2504 4024 prolatio
2538 3953 2791 4008 nominis
2822 3960 2990 4024 Papa:
3022 3951 3254 4024 publice
3286 3951 3343 4005 in
3376 3948 3623 4005 ecclesia
3651 3958 3868 4018 pronun-

2256 4042 2383 4097 tiati
2415 4042 2441 4096 ?
2491 4042 2692 4112 utique
2742 4059 2873 4097 cum
2921 4040 3157 4109 multos,
3208 4041 3309 4110 qui
3355 4055 3520 4111 papa:
3571 4052 3681 4093 non
3731 4033 3864 4096 sunt,

2258 4149 2385 4186 mos
2407 4132 2726 4187 obtinuerit
2747 4136 2801 4187 et
2822 4148 2886 4185 ex
2917 4147 3027 4185 usu
3062 4130 3300 4184 inducta
3331 4127 3650 4183 necessitas
3681 4124 3860 4191 imper-

2254 4219 2438 4274 tiendi
2470 4219 2572 4274 tali
2604 4236 2810 4289 genere
2842 4216 3295 4285 communionis,
3327 4214 3671 4271 nominatim
3701 4206 3862 4280 expri-

2260 4309 2470 4364 mendo
2523 4308 2653 4363 illos
2702 4308 2839 4361 dum
2892 4310 3205 4377 praesentes
3237 4305 3294 4360 in
3323 4304 3577 4360 ecclesiae
3610 4300 3859 4356 conventu

2259 4398 2476 4453 adsunt
2536 4396 2864 4451 celebrante
2894 4396 3193 4450 sacerdote
3225 4410 3291 4449 ac
3321 4392 3625 4448 Trinitatis
3654 4386 3862 4461 gratiam

2257 4483 2532 4540 omnlbus
2562 4484 2737 4539 dante
2768 4484 3178 4539 communiter.
3209 4485 3470 4537 Fratrem
3504 4484 3691 4535 autem
3724 4474 3861 4530 illum

2258 4578 2314 4628 et
2347 4572 2601 4643 primum
2651 4588 2854 4627 vocare
2901 4570 3092 4626 minus
3143 4569 3321 4624 habet
3368 4564 3724 4634 offensionis,
3752 4572 3860 4616 cum

2257 4667 2479 4731 patrem
2498 4660 2788 4715 Abraham
2814 4664 2976 4715 vocet
3008 4659 3064 4713 in
3099 4657 3337 4712 ﬂamma
3368 4656 3550 4724 dives,
3571 4657 3783 4709 tantum
3805 4646 3862 4701 ab

2256 4748 2356 4804 illo
2374 4749 2600 4804 distans
2624 4749 2885 4804 moribus
2909 4752 3191 4817 quantum
3224 4745 3402 4799 chaos
3435 4743 3577 4798 illud
3614 4747 3860 4810 maguum

2256 4837 2409 4892 inter
2429 4837 2589 4908 ipsos
2612 4837 3025 4908 interpositum
3055 4832 3516 4889 demonstrabat.
3541 4830 3598 4887 Si
3619 4831 3792 4883 autem
3820 4826 3861 4875 et

2258 4925 2718 4996 provocationem
2777 4926 3006 4991 demus,
3041 4920 3366 4994 periculum
3426 4918 3647 4974 scilicet
3690 4915 3769 4968 est
3804 4920 3861 4961 ne

2259 5012 2390 5084 quis
2418 5018 2537 5068 tam
2565 5018 2729 5070 vasto
2752 5017 2809 5068 et
2830 5013 3041 5067 infesto
3074 5009 3222 5065 mari
3244 5008 3401 5063 litem
3426 5006 3563 5062 illuc
3585 5005 3860 5060 secuturus

2259 5100 2529 5172 naviget?
2559 5100 2688 5155 Haec
2713 5104 2769 5155 et
2800 5102 2926 5171 ejus
2957 5097 3188 5171 generis
3218 5095 3334 5152 alia
3364 5095 3678 5150 disserente
3707 5089 3859 5153 impe-

2260 5193 2472 5258 ratore,
2507 5188 2837 5259 patriarcha
2867 5204 3143 5259 praesens,
3177 5185 3276 5239 ubi
3309 5180 3648 5253 aliquandiu
3678 5175 3862 5267 frustrf

2260 5252 2611 5347 exspectavit
2642 5281 2705 5331 ut
2737 5252 3173 5347 char-tophylaa,
3196 5273 3288 5328 cui
3314 5276 3381 5327 ut
3409 5268 3631 5326 erudito
3660 5268 3712 5321 et
3739 5263 3787 5316 in
3815 5252 3859 5308 id

2259 5369 2666 5434 argumentum
2688 5370 2884 5435 parato
2897 5365 3134 5431 fidebat,
3150 5378 3251 5433 pro
3270 5358 3487 5415 Latinis
3510 5356 3660 5412 dicta
3680 5352 3861 5442 extent-

2260 5451 2521 5523 ploa'ﬂi
2555 5451 3213 5525 refelleret,intelligens
3236 5464 3392 5514 eum,
3419 5461 3489 5501 ne
3511 5442 3657 5515 quod
3673 5447 3860 5525 promt-

2261 5521 2418 5595 serat
2442 5539 2629 5596 facere
2649 5521 2907 5612 auderet,
2932 5521 3301 5612 imperatoris
3322 5530 3671 5591 contrarium
3693 5521 3857 5597 palam

2262 5643 2499 5683 sensum
2526 5630 2908 5702 studiumque
2925 5621 3384 5685 demonstrantis
3404 5613 3735 5677 verecundia
3749 5620 3859 5666 con-
