4130 6270
306 344 411 397 829

305 462 482 524 ὶκεῖσε
529 464 619 518 καὶ
667 466 734 520 τὰ
778 465 943 521 πιστᾶ
988 469 1162 543 φέρων
1210 472 1289 538 τῷ
1334 466 1712 542 χαρτοφύλακι
1745 468 1817 528 ὡς
1848 466 1943 521 αὐ-
1971 469 2026 534 Α
2061 464 2123 538 ιγ’

302 551 427 605 τίκα
455 550 729 623 ἐλέγξοντι
762 552 821 607 ἐκ
872 560 973 621 τῆς
1032 554 1122 607 ἀπ’
1177 553 1383 609 ἐκεινου
1419 554 1535 629 βίας
1562 555 1650 608 καὶ
1681 554 1947 617 ἀκουσίως

303 640 608 715 ἀφορισμὸν
662 640 964 710 ἐπιτίθησιν
1017 642 1313 714 ἱσταμένῳ,
1363 641 1510 718 ἔφίξό
1540 645 1655 696 κατ’
1702 643 1943 715 ἀνάγκην

307 726 548 781 εἴποιτᾶ
596 728 671 789 εἷς
729 729 903 802 κρίσιν
965 727 1102 783 ἷδιαν
1159 730 1281 804 περὶ
1339 735 1446 784 τῶν
1507 729 1750 784 Ἰταλῶν.
1807 731 1867 786 Ὁ
1897 727 1940 782 δ’

308 813 579 888 ἐνσχεθεὶς
610 816 1009 892 ἁυφοτέρωθεν,
1070 815 1211 871 ἔνθεν
1278 819 1371 889 μέν
1428 823 1508 889 τῷ
1546 814 1943 891 τοῦξβασιλέως

304 899 485 978 φὸϐῳ,
516 902 714 967 ἐκεῖθεν
769 902 826 959 δὲ
868 909 935 977 τῇ
982 910 1079 959 τοῦ
1124 906 1431 981 ἀφορισμοῦ
1472 900 1742 975 εὐλαϐείᾳ,
1781 907 1939 976 μέσος

302 989 691 1061 ἐναπολειπτο,
748 993 837 1045 καὶ
888 1013 947 1067 γε
995 990 1272 1066 ὡμολόγει
1326 992 1388 1047 τὸ
1444 993 1635 1061 πάθος,
1685 994 1757 1054 ὡς
1791 991 1939 1046 δυοῖν

299 1081 609 1151 κρήμναται
657 1078 965 1155 ἆυφοτέρων
1026 1076 1198 1155 φόϐου
1254 1082 1344 1135 καὶ
1402 1075 1704 1149 εὐλαϐείας,
1736 1081 1823 1135 καὶ
1856 1077 1938 1134 ὅτι

296 1167 363 1219 τὰ
390 1170 487 1219 τοῦ
538 1166 850 1235 πνεύματος
910 1170 1250 1241 προτιμητέα
1307 1170 1341 1237 ἢ
1395 1168 1460 1221 τὰ
1513 1173 1610 1223 τοῦ
1662 1170 1935 1240 σώματος.

297 1254 371 1308 Ἰν
414 1250 485 1306 εδ
614 1258 638 1267 ε-
716 1250 772 1307 νλ
958 1254 973 1275 ι
1331 1258 1351 1285 ι
1446 1262 1453 1273 .
1513 1258 1521 1275 ρ
1786 1257 1797 1272 ς
1864 1256 1876 1275 ν
1922 1257 1932 1269 ι

347 1273 434 1306 OT-
493 1274 679 1327 ιαιρων
713 1275 736 1307 ε
780 1275 897 1326 εγεν
943 1276 1038 1321 ως,
1095 1280 1115 1305 ι
1290 1278 1382 1326 μιν
1438 1277 1523 1310 επι
1563 1278 1669 1310 τινι
1714 1278 1801 1311 και
1834 1278 1935 1310 εισι

294 1343 384 1395 καὶ
417 1340 693 1415 λέγονται,
725 1344 777 1396 οἱ
838 1342 894 1398 δὲ
954 1340 1066 1398 οὔτ’
1125 1344 1255 1398 εἰσὶν
1319 1342 1439 1399 οὕτε
1496 1346 1763 1419 λέγονται,
1798 1348 1849 1401 o't
1882 1345 1937 1402 δὲ

298 1426 546 1504 λέγονται
580 1430 699 1501 μὲν,
732 1432 834 1485 οὐκ
864 1430 965 1485 εἷ’σί
998 1429 1074 1503 δὲ,
1108 1433 1158 1485 οἱ
1195 1430 1240 1485 δ’
1288 1431 1548 1487 ἀνάπαλιν
1584 1434 1682 1487 εἶσὶ
1721 1435 1835 1506 μέν,
1871 1437 1934 1489 οὐ

297 1514 544 1590 λέγονται
588 1514 680 1570 δὲ’
743 1516 794 1571 ἐν
843 1517 1059 1581 τούτοις
1109 1519 1329 1572 τακτέον
1387 1520 1476 1573 καὶ
1534 1520 1796 1591 Ἰταλοὺς,
1858 1522 1932 1592 μὴ

294 1601 626 1676 λεγομένους
663 1604 782 1675 μὲν,
812 1604 935 1659 ἀλλ’
978 1602 1134 1665 ὄντας
1185 1604 1452 1679 ένόχουσα
1483 1608 1668 1679 ἱρέσει.
1706 1632 1734 1658 ››
1766 1612 1934 1661 Τοῦτο

301 1691 393 1744 τὸν
430 1692 521 1763 μὲν
555 1694 905 1767 πατριάρχην
956 1692 1211 1769 ἐθάρρυνε
1256 1694 1446 1760 πλέον,
1483 1695 1698 1769 βασιλεῖ
1729 1693 1784 1749 δὲ
1815 1694 1931 1750 δει-

294 1778 385 1833 νὸν
417 1777 562 1851 ἔδοξε
590 1780 679 1834 καὶ
740 1781 897 1855 βαρύ,
940 1786 1077 1835 Λῦσε
1126 1779 1183 1835 δὲ
1234 1780 1512 1857 λαιψηρήν
1546 1782 1752 1856 ἀγορήν
1784 1782 1930 1837 αὖτί-

1376 350 1465 401 DE
1503 349 1871 404 MICUAELE
1907 344 2345 400 PALBOLOGO
2381 345 2514 396 LIB.
2559 344 2625 394 V.

3583 326 3689 381 830

2212 466 2392 525 Ὅπως
2465 463 2492 515 6
2567 464 2827 531 Χοῦμνος
2898 456 3149 531 Ἰωάννης
3224 450 3515 527 κυτηγόρει
3586 452 3687 502 τοῦ

2534 529 2952 607 χαρτοιρύλακος
2984 529 3206 585 Βέκκον.

2127 644 2205 712 [Ρ.
2238 643 2364 712 256]
2396 639 2604 711 Ἡμέρα
2662 635 2936 712 παρῆλθεν
2997 633 3193 701 ἐκείνη,
3250 629 3337 685 καὶ
3393 629 3419 682 6
3483 645 3684 712 7391:0-

2053 727 2218 797 Θύλαξ
2257 730 2334 799 τῷ
2398 727 2613 802 βασιλεῖ
2668 726 3006 799 ἀπηχανετο,
3066 721 3238 781 αἰτίας
3299 710 3686 791 ἐργολαϐοῦντι

2049 822 2146 870 τοῦ
2183 816 2407 890 βλάψαι.
2468 815 2569 871 Καὶ
2639 816 2697 868 ζι’
2752 808 3061 889 ὑπερϐολήν
3115 811 3283 884 ὀργῆς
3318 808 3407 860 τὸν
3443 808 3685 878 χοῦμνον

2050 906 2496 977 προστησάμενος
2572 904 2824 972 Ἰωάννην
2884 902 2957 962 ὡς
3016 891 3495 972 παραπρεσόευτήν
3553 890 3685 945 ἐκεί-

2049 1017 2141 1051 νου
2191 994 2485 1056 διώκοντος
2534 991 2757 1065 ἔκρινεν.
2808 991 3021 1065 Εἶσάγει
3068 1010 3126 1043 τε
3170 988 3266 1054 τὴν
3300 980 3622 1057 κατηγορίαν
3659 979 3686 1032 6

2046 1089 2304 1156 Χοῦμνος
2336 1082 2422 1137 ἐπὶ
2454 1079 2702 1151 συνόδου,
2732 1080 2818 1134 καὶ
2852 1081 2879 1133 6
2922 1075 3394 1151 κατηγορούμενος
3424 1070 3523 1138 τήν
3559 1068 3686 1122 ὑπό-

2049 1174 2190 1226 θεσιν
2225 1172 2593 1246 παρεγράιρετο
2645 1169 2733 1222 καὶ
2775 1170 2874 1237 τήν
2921 1163 3251 1238 κατηγορίαν
3304 1163 3374 1222 ὡς
3408 1158 3679 1233 ὑπερήμε-

2048 1280 2140 1334 ρον
2184 1257 2571 1333 παρεκρούετο,
2617 1254 2946 1329 κατηγορίαν
2996 1253 3169 1327 λέγων
3202 1250 3401 1317 ταύτην
3442 1246 3529 1301 καὶ
3582 1244 3680 1316 μό-

2044 1368 2139 1401 νου
2169 1352 2266 1401 τοῦ
2297 1345 2588 1420 βασιλέως,
2640 1344 2799 1398 αὐτὸν
2862 1340 2907 1396 δ’
2960 1341 3068 1414 οὐχ
3115 1340 3226 1393 οἷόν
3280 1358 3336 1390 τε
3382 1336 3516 1389 εἶναι
3549 1332 3682 1403 μετὰ

2047 1431 2309 1487 δεσπότου
2355 1432 2650 1505 κρίνεσθαι.
2707 1430 2870 1486 Ταῦτ’
2920 1427 3101 1500 ἔλεγεν
3161 1422 3247 1477 ἐπὶ
3298 1417 3522 1474 συνόδου
3556 1437 3682 1471 στα-

2045 1521 2154 1584 θεῖς
2187 1520 2269 1575 ἐπ’
2314 1520 2477 1575 αὐτοῦ
2522 1523 2618 1572 τοῦ
2663 1518 2833 1571 τόπου
2881 1516 2940 1568 οὗ
2987 1516 3048 1567 τὸ
3089 1511 3349 1585 πρότερον
3381 1504 3678 1573 ἐκαθέζετο,

2040 1607 2137 1662 τοῦ
2196 1608 2446 1679 Χεύμνου
2499 1610 2658 1678 μέσον
2714 1603 3008 1675 ἱσταμένου
3074 1600 3162 1653 καὶ
3216 1598 3677 1669 κατηγοροῦντος,

2041 1701 2147 1749 τῶν
2181 1695 2236 1750 δὲ
2268 1693 2644 1771 συγκλητικῶν
2688 1693 2989 1767 ἀρχόντων,
3039 1692 3135 1743 τοῦ
3170 1685 3408 1761 μεγάλου
3441 1679 3675 1757 λογοθέ-

2040 1807 2135 1841 του
2160 1791 2257 1840 τοῦ
2288 1784 2707 1860 Ἀκροπολίτου,
2751 1787 2848 1837 τοῦ
2902 1778 3197 1855 λογοθέτου
3239 1780 3345 1831 τῶν
3394 1773 3673 1828 οἷκειακῶν

294 1888 385 1934 κα,
422 1869 497 1939 μή
527 1868 640 1929 οἷός
672 1869 718 1921 θ’
752 1869 1055 1939 ὑπενεγκεῖν
1097 1869 1223 1931 τοῦς
1273 1870 1470 1945 λόγους
1494 1890 1505 1902 ο
1541 1868 1929 1941 ἀνασεσόϐηται
1962 1844 2007 1908 Β
2038 1896 2135 1929 του
2208 1872 2598 1948 Ἰατροπούλου
2656 1872 2746 1925 καὶ
2818 1867 3025 1933 ἄλλων,
3097 1862 3549 1939 συνεδριαζόντων
3606 1861 3675 1931 τῇ

291 1956 393 2029 γαρ
440 1955 679 2019 ὶντεῦθεν
728 1958 762 2024 ἡ
814 1957 952 2030 θήρα
1000 1962 1079 2028 τῷ
1131 1956 1365 2030 βασιλεῖ,
1396 1957 1485 2011 καὶ
1516 1958 1617 2014 οὐκ
1646 1960 1790 2033 εἶχεν
1820 1956 1850 2013 ὅ
1876 1982 1927 2014 τι

285 2042 379 2096 καὶ
410 2041 573 2112 Αέξει,
607 2044 680 2106 ὡς
713 2044 798 2097 ὑπ’
828 2043 1065 2117 ἀνάγκης
1107 2044 1390 2114 ἀληθεύειν
1427 2043 1735 2108 δοκοῦντος.
1770 2046 1929 2102 Ἀλλ’

287 2128 345 2181 οἱ
378 2128 517 2204 ἀμφὶ
549 2129 639 2183 τὸν
694 2127 1080 2204 ἀρχιδιάκονόν
1138 2152 1196 2185 τε
1250 2131 1340 2185 καὶ
1389 2132 1479 2185 τὸν
1539 2152 1926 2204 πρωταποστο-

285 2214 474 2287 λάριον
535 2214 688 2286 δίκην
744 2221 962 2294 σφηκῶν
1032 2219 1370 2292 ὁρμήσαντες
1428 2217 1647 2274 ἐνοδίων
1702 2219 1923 2295 ἐπεῖχον

287 2303 525 2379 στερῥῶς
576 2309 655 2375 τῷ
714 2306 903 2377 Βέκκῳ
961 2306 1034 2367 ὡς
1085 2310 1265 2369 κακῶς
1309 2306 1567 2380 κρίνοντι,
1628 2307 1806 2382 λογίῳ
1835 2309 1922 2363 καὶ

284 2391 454 2446 ταῦτά
481 2412 540 2467 γε
570 2388 681 2447 ὄντι
731 2392 821 2447 καὶ
854 2394 984 2468 ὑπὲρ
1035 2391 1163 2456 τοὺς
1221 2393 1470 2456 πολλοὺς
1511 2393 1758 2450 δοκοῦντι
1790 2418 1921 2473 (ppo-

283 2500 420 2535 νειν.

280 2696 515 2768 stringi,
556 2698 794 2753 tandem
843 2698 1061 2753 invitus
1104 2697 1240 2753 licet
1268 2701 1324 2753 in
1358 2700 1750 2756 necessarium
1784 2720 1919 2758 con-

280 2785 485 2839 silium
526 2785 779 2840 trahitur
823 2784 1151 2856 imperandi
1180 2787 1231 2842 ei
1263 2788 1375 2842 sub
1423 2788 1836 2854 anathematis,
1870 2792 1918 2846 si

286 2877 532 2940 recuset,
582 2872 920 2928 incurrendi
968 2891 1156 2943 poena,
1210 2880 1274 2929 ut
1320 2875 1460 2946 quid
1506 2877 1802 2946 judicaret
1848 2880 1919 2933 de

286 2960 451 3016 Italis
482 2963 779 3032 proferret.
835 2961 951 3017 Hoc
1000 2963 1243 3034 imperio
1297 2967 1664 3034 perturbatus
1697 2966 1917 3022 Veccus

279 3054 394 3115 est,
428 3051 577 3105 inter
622 3050 758 3105 hinc
808 3050 1044 3121 quidem
1088 3050 1245 3105 haud
1304 3050 1552 3106 molliter
1610 3059 1913 3123 urgentem

273 3138 585 3208 prasentis
618 3138 865 3209 Augusti
898 3143 1142 3205 metum,
1175 3138 1308 3192 inde
1351 3145 1544 3194 autem
1576 3148 1779 3196 contra
1809 3142 1914 3196 sti-

270 3226 599 3281 mulantem
653 3226 1053 3281 consciscendi
1110 3227 1500 3283 anathematis
1566 3229 1910 3300 scrupulum

270 3315 504 3370 medius
536 3314 595 3369 in
626 3320 785 3370 arcto
826 3314 1250 3384 deprehensus.
1288 3317 1483 3386 Itaque
1515 3316 1695 3387 hujus
1726 3317 1910 3388 ipsius

266 3402 637 3458 confessione
669 3402 952 3473 angustiae
978 3402 1299 3458 orationem
1332 3403 1655 3473 ingressus,
1680 3408 1731 3459 ei
1752 3422 1910 3462 exor-

269 3491 371 3546 dio
402 3491 652 3561 subjecit
700 3507 848 3558 sese,
876 3507 1010 3546 cum
1059 3491 1197 3546 hinc
1224 3508 1257 3546 a
1287 3491 1550 3547 saeculari
1602 3498 1905 3565 potestate,

267 3579 441 3649 cujus
468 3580 555 3636 vis
603 3580 661 3635 in
716 3596 926 3651 corpus
971 3585 1078 3649 est,
1112 3579 1247 3634 inde
1295 3597 1327 3634 a
1372 3579 1641 3650 spiritali,
1674 3598 1799 3652 quas
1846 3583 1905 3638 in

261 3668 526 3725 animam
557 3669 730 3736 valet,
758 3670 817 3723 in
869 3669 1096 3725 diversa
1120 3668 1499 3740 propellatur,
1535 3671 1728 3741 potius
1777 3673 1901 3727 ani-

257 3775 376 3814 mae
400 3757 703 3814 consulere
733 3757 877 3813 velle
913 3775 1091 3829 quam
1131 3758 1380 3829 corpori.
1414 3760 1563 3813 Tum
1598 3777 1741 3815 usus
1773 3778 1905 3832 par-

256 3846 473 3901 titione
521 3845 606 3901 sic
656 3846 849 3901 dixit:
884 3846 1190 3909 «Quidam
1240 3861 1297 3901 et
1344 3851 1483 3900 sunt
1528 3851 1585 3902 et
1625 3847 1905 3904 dicuntur

257 3932 547 4001 haeretici;
596 3933 863 3989 nonnulli
917 3950 1106 4004 neque
1162 3938 1302 3988 sunt
1355 3951 1543 4005 neque
1596 3936 1899 4005 dicuntur;

261 4020 365 4075 alii
396 4021 675 4077 dicuntur
703 4022 962 4093 quidem,
994 4023 1094 4078 sed
1129 4038 1242 4077 non
1273 4027 1438 4089 sunt;
1472 4031 1764 4094 postremo
1794 4025 1900 4079 ali-

257 4108 363 4179 qui
395 4109 514 4165 vice
562 4126 726 4165 versa
776 4115 935 4175 sunt,
967 4111 1102 4166 licet
1150 4127 1264 4165 non
1314 4110 1605 4179 dicantur,
1638 4113 1800 4168 tales.
1837 4115 1900 4168 In

259 4196 417 4252 hanc
474 4198 745 4253 ultimam
802 4198 1067 4253 classem
1104 4199 1446 4268 redigendos
1503 4203 1643 4271 puto
1700 4201 1898 4271 Italos,

255 4283 480 4357 quippe
510 4287 611 4358 qui
642 4302 776 4341 eum
810 4286 1094 4341 haereseos
1117 4302 1233 4340 non
1266 4286 1537 4341 dicantur
1568 4287 1673 4357 rei,
1704 4304 1900 4344 revera

253 4378 461 4428 tamen
504 4391 569 4429 eo
623 4374 867 4429 crimine
899 4378 1188 4428 tenentur.
1224 4396 1251 4422 »
1284 4378 1361 4429 Ea
1408 4376 1592 4430 libera
1618 4391 1725 4431 vox
1773 4393 1895 4431 ma-

252 4476 433 4532 gnam
466 4461 681 4531 adjecit
711 4461 1054 4532 patriarchas
1076 4461 1511 4531 confidentiam,
1537 4464 1896 4535 perculitque

2040 1958 2249 2033 συνόδῳ
2296 1962 2385 2014 καὶ
2434 1958 2699 2014 θελόντων
2748 1957 2946 2030 κρίνειν
3006 1956 3077 2016 ὡς
3138 1954 3196 2007 ἐκ
3252 1950 3551 2025 προσώπου
3580 1949 3676 2000 τοῦ

2040 2048 2310 2123 βασιλέως
2338 2049 2711 2123 πεμφθέντων.
2755 2047 2891 2102 Τότε
2937 2043 3118 2099 τοίνυν
3169 2043 3220 2095 οἱ
3271 2041 3363 2113 μὶν
3398 2039 3673 2111 ἀρχιερεῖς

2034 2142 2377 2211 παρῃτοῦντο
2425 2137 2523 2204 τὴν
2583 2136 2775 2210 κρίσιν,
2842 2136 2917 2205 μή
2973 2127 3117 2205 ἔχειν
3176 2128 3370 2203 κρίνειν
3428 2124 3671 2199 λέγοντες

2032 2223 2301 2296 κληρικὸν
2360 2225 2728 2298 πατριάρχου,
2787 2222 2830 2275 εί
2895 2221 2968 2293 μή
3028 2218 3187 2279 αὐτὸς
3222 2211 3670 2298 ἐπιτρέψειενηὈ

2035 2311 2092 2366 δὲ
2124 2297 2619 2386 πατριάρχηςγουδ
2676 2309 2823 2372 ὅλως
2884 2305 3080 2375 ἐδίδου,
3140 2305 3265 2359 ἀλλ’
3314 2301 3449 2370 ἀπαξ
3493 2297 3665 2371 εὑρὼν

2031 2401 2276 2475 συνεργὸν
2337 2401 2673 2473 ὑπερμαχεῖς
2728 2396 2944 2465 ἤθελεν.
3006 2391 3271 2467 Ἀπραξία
3328 2388 3373 2445 δ’
3428 2388 3662 2449 ἐντεῦθεν

2029 2485 2421 2558 κατηκολούθει
2479 2486 2567 2541 καὶ
2622 2483 2834 2557 συνόδῳ
2889 2484 2978 2538 καὶ
3028 2484 3313 2557 ἄρχουσιν,
3369 2478 3441 2536 ὡς
3494 2475 3661 2528 εἴπεῖν

2032 2705 2117 2759 13.
2154 2706 2216 2761 Ut
2245 2706 2480 2761 Joannes
2512 2705 2789 2762 Chumnus
2821 2701 3159 2757 accusaverit
3186 2694 3663 2767 chartaphyiacem

2728 2774 2963 2829 Veccum.

2100 2881 2160 2936 In
2212 2882 2367 2937 hunc
2414 2881 2651 2936 modum
2685 2884 2976 2935 transacta
3023 2893 3089 2931 eo
3138 2874 3227 2929 die
3280 2890 3371 2929 res
3415 2871 3656 2926 inﬁxum

2024 2968 2397 3040 imperatoris
2428 2972 2623 3024 animo
2659 2968 2895 3040 reliquit
2924 2964 3114 3037 gravis
3144 2965 3201 3019 iu
3233 2962 3480 3017 Veccum
3515 2960 3659 3014 indi-

2024 3058 2318 3129 gnationis
2340 3059 2760 3127 aculeum,quo
2786 3056 2882 3111 ille
2905 3052 3244 3110 stimulante
3268 3066 3473 3106 causas
3505 3050 3597 3103 37
3614 3049 3652 3102 7

2023 3146 2269 3200 nocendi
2300 3162 2564 3215 quaerens
2604 3161 2669 3199 eo
2710 3144 2805 3197 ira:
2836 3141 3199 3198 vehementia
3228 3139 3412 3193 elatus
3452 3142 3557 3207 est,
3593 3140 3657 3190 ut

2020 3234 2283 3304 apposito
2346 3233 2399 3288 ei
2465 3236 2806 3288 accusatore
2864 3231 3087 3285 Joanne
3141 3228 3406 3283 Chumno
3462 3224 3652 3279 dicam

2018 3321 2168 3375 male
2226 3321 2395 3376 obitas
2454 3320 2762 3392 legationis
2823 3316 3147 3388 impegerit.
3188 3314 3405 3370 Detulit
3459 3316 3650 3367 autem

2016 3409 2319 3462 Chumnus
2381 3409 2450 3462 ad
2510 3408 2800 3479 synodum
2848 3405 2905 3460 id
2953 3406 3196 3459 crimen.
3237 3406 3448 3458 Contra
3497 3401 3649 3471 quod

2014 3494 2234 3549 Veccus
2267 3495 2651 3565 praescribens
2681 3493 3015 3564 exceptione
3048 3491 3175 3546 falsi
3209 3491 3383 3545 etiam
3416 3487 3651 3543 delatio-

2013 3600 2146 3637 nem
2178 3584 2366 3652 ipsam
2393 3587 2457 3636 ut
2478 3598 2667 3637 seram
2695 3587 2752 3638 et
2774 3580 3238 3651 intempestivam
3271 3578 3647 3646 rejiciendam

2012 3671 2420 3735 contendebat,
2463 3671 2687 3725 addens
2736 3670 2881 3725 satis
2933 3684 3207 3739 apparere
3252 3684 3364 3722 non
3395 3665 3645 3720 Chumni

2011 3759 2443 3814 accusationem
2503 3757 2695 3825 istam,
2747 3758 2846 3811 sed
2898 3755 3261 3827 imperatoris
3317 3770 3489 3809 esse:
3530 3753 3644 3807 sibi

2011 3852 2205 3902 autem
2237 3848 2392 3902 haud
2426 3851 2654 3901 tantum
2701 3850 3009 3915 suppetere
3040 3842 3250 3897 virium
3283 3858 3550 3912 opumvo,
3584 3844 3647 3895 ut

2007 3933 2236 4006 litigare
2266 3951 2399 3990 cum
2444 3934 2680 3989 domino
2711 3934 2968 3988 auderet.
3002 3931 3131 3986 Hac
3163 3930 3317 4000 apud
3355 3930 3639 4000 synodum

2008 4020 2239 4078 locutus
2296 4028 2403 4086 est,
2458 4022 2777 4092 persistens
2837 4020 2894 4074 in
2954 4020 3078 4089 ipso
3136 4017 3259 4072 loco
3320 4017 3419 4072 ubi
3476 4015 3640 4087 prius

2006 4112 2253 4177 sederat,
2288 4110 2572 4177 Chumno,
2606 4110 2705 4181 qui
2746 4109 3076 4173 accusabat,
3111 4106 3169 4160 in
3206 4105 3391 4160 medio
3423 4109 3635 4159 stante.

2006 4199 2329 4254 Intererant
2366 4199 2586 4271 synodo
2632 4199 2702 4253 ab
2754 4197 3099 4268 imperatore
3146 4194 3312 4249 missi
3359 4191 3635 4248 senatorii

2005 4287 2404 4358 magistratus,
2435 4286 2758 4357 Acropolita
2784 4301 3031 4356 magnus
3063 4281 3352 4354 logotheta
3377 4285 3432 4336 et
3463 4280 3636 4335 latro-

2003 4374 2173 4445 polus
2223 4374 2516 4445 logotheta
2565 4374 3054 4441 domesticorum,
3103 4371 3317 4440 aliique
3368 4368 3633 4424 nonnulli

2004 4463 2373 4517 considentes
2416 4479 2532 4517 una
2560 4478 2693 4516 cum
2744 4461 3031 4515 Patribus.
3066 4459 3131 4513 lli
3165 4474 3333 4529 porro
3379 4456 3629 4527 impera-

250 4549 462 4605 eadem
492 4549 927 4620 imperatorem,
960 4549 1060 4620 qui
1091 4566 1205 4604 non
1237 4549 1439 4606 leviter
1468 4550 1782 4623 indignans
1812 4554 1894 4608 sic
1926 4525 1971 4589 Β
2000 4552 2144 4608 toris
2175 4570 2349 4608 causa
2382 4568 2730 4623 magnopere
2763 4550 3115 4614 nitebantur,
3150 4552 3213 4603 ut
3244 4546 3455 4601 delatio
3487 4546 3633 4600 acci-

249 4638 575 4693 obductum
599 4637 860 4693 consiliis
892 4638 1016 4693 suis
1046 4640 1285 4703 ostium,
1318 4643 1665 4694 conventum
1699 4641 1891 4696 subito

247 4726 510 4795 abrupit,
541 4742 675 4781 cum
708 4742 822 4781 non
863 4725 1101 4781 haberet
1143 4726 1199 4780 in
1248 4731 1520 4797 promptu
1553 4727 1693 4797 quid
1726 4745 1888 4799 repo-

247 4819 419 4867 neret
445 4813 743 4883 inopinato
787 4812 963 4879 dicto,
996 4812 1090 4868 cui
1131 4814 1447 4869 necessitas
1474 4814 1601 4882 ipsa
1629 4814 1748 4885 illa,
1774 4832 1890 4887 qua

247 4899 442 4953 fuerat
472 4914 836 4969 expressum,
867 4899 1197 4954 voracitatis
1228 4900 1636 4955 auctoritatem
1678 4902 1886 4972 adjun-

239 4990 428 5058 geret.
480 4986 695 5041 Verum
755 4986 1199 5043 archidiaconus
1249 4991 1305 5042 et
1363 4988 1885 5058 protapostolarius

236 5076 435 5129 instar
466 5074 722 5129 irritatur
739 5091 834 5129 um
874 5074 934 5128 in
975 5075 1143 5129 trivio
1175 5076 1495 5129 crabonum
1528 5076 1708 5131 coorti
1737 5078 1883 5133 acri-

236 5167 334 5218 ter
364 5162 422 5216 in
453 5161 704 5217 Veccum
745 5163 802 5218 in
852 5180 917 5218 os
968 5163 1051 5217 illi
1098 5164 1475 5219 vehementer
1524 5164 1884 5222 obsistebant

234 5255 309 5304 ut
341 5248 492 5304 male
537 5248 850 5320 iniqueque
890 5251 1204 5320 judicanti,
1237 5251 1504 5321 quamvis
1549 5257 1755 5307 caetera
1785 5270 1880 5308 sa-

232 5337 411 5410 piens
459 5341 617 5392 esset
664 5343 722 5393 et
771 5343 1046 5409 praestare
1095 5338 1299 5395 multis
1346 5338 1609 5395 doctrina
1658 5341 1879 5397 videre-

236 5429 361 5479 tur.

1999 4646 2234 4711 peretur
2266 4646 2324 4696 et
2345 4641 2639 4710 judicium
2687 4639 2871 4694 ﬁeret.
2904 4638 3116 4692 Verum
3151 4637 3206 4690 id
3237 4634 3489 4707 episc0pi
3539 4651 3628 4689 rc-

1998 4730 2305 4799 cusabant,
2338 4730 2501 4783 nefas
2531 4744 2660 4783 esse
2691 4727 2950 4781 dicentes
2982 4724 3253 4781 clericum
3289 4722 3626 4794 patriarcha:

1990 4817 2245 4887 judicari
2295 4816 2408 4872 nisi
2455 4816 2582 4885 ipso
2614 4816 2999 4887 permittente.
3036 4812 3367 4868 Patriarcha
3395 4828 3528 4866 vero
3570 4810 3627 4865 id

1996 4921 2124 4961 sese
2173 4902 2595 4975 permissurum
2654 4902 2846 4973 palam
2890 4902 3140 4972 negabat
3172 4918 3184 4956 :
3218 4904 3424 4954 nactus
3471 4898 3627 4952 enim

1995 4991 2172 5047 semel
2208 4993 2278 5047 ad
2310 4992 2464 5062 quod
2498 4991 2737 5061 optabat
2776 4991 3125 5060 adjutorem,
3158 5004 3290 5042 eum
3324 4985 3484 5042 omni
3516 4986 3626 5040 sibi

1992 5097 2098 5152 ope
2129 5097 2191 5135 ac
2222 5079 2591 5135 contentione
2622 5078 2770 5132 tueri
2804 5077 3155 5132 decreverat.
3181 5076 3282 5130 Hic
3315 5075 3502 5129 nodus
3535 5088 3629 5129 ne-

1990 5169 2142 5240 gotio
2176 5168 2425 5239 iniectus
2476 5183 2606 5221 cum
2658 5170 2859 5221 Patres
2913 5166 3135 5238 synodi,
3171 5169 3295 5218 tum
3330 5180 3477 5233 quos
3508 5162 3625 5216 dixi

1990 5257 2390 5327 magistratus,
2425 5256 2661 5326 ignaros
2693 5254 2834 5325 quid
2867 5258 3103 5326 agerent
3132 5252 3383 5306 tenebat.
3403 5249 3474 5305 Ut
3504 5254 3625 5304 tan-

1989 5345 2121 5399 dem
2153 5360 2470 5414 cxsurgens
2502 5343 2839 5415 synodoque
2870 5343 3150 5398 excedens
3182 5354 3430 5408 magnus
3460 5337 3621 5408 logo-

1984 5430 2146 5486 theta
2193 5430 2509 5487 diceretm
2542 5429 2971 5501 Chartophylax
3021 5427 3309 5499 synodum
3357 5424 3467 5480 sibi
3518 5424 3621 5479 ob-

1985 5518 2217 5574 noxiam
2248 5534 2392 5574 naso
2423 5533 2538 5587 quo
2568 5516 2691 5572 vult
2731 5518 2935 5585 trahit;
2970 5518 3123 5572 unde
3154 5530 3288 5569 cum
3326 5513 3421 5568 hic
3451 5512 3620 5568 nobis

1982 5620 2099 5661 non
2119 5605 2263 5662 satis
2284 5608 2509 5662 constet
2540 5602 2679 5674 quid
2694 5602 2882 5659 facere
2914 5600 3259 5675 oporteat,id
3290 5599 3618 5671 quaesituri,
