4110 6280
257 374 365 432 833

1339 379 1437 434 DE
1472 374 1845 434 MICHAELE
1881 370 2323 429 PALEOLOGO
2358 373 2493 427 LIB.
2534 373 2603 426 V.

3540 367 3649 425 834

255 498 453 570 ψαντες
516 502 751 572 συνῆγον
804 494 931 560 τοὺς
1003 497 1118 570 μετ’
1173 496 1336 553 αὐτὸν
1394 498 1524 552 εἶναι
1578 493 1895 554 δοκοῦντας.
1929 494 1980 560 Α
2011 489 2139 552 λεὺς
2197 488 2478 565 δεξάμενος
2517 491 2607 547 τὸν
2658 490 2932 566 ἀπόλογον
2991 491 3079 546 καὶ
3136 485 3373 565 ἀκριϐῶς
3419 488 3645 548 διελθὼν

255 587 428 641 Ἦσαν
488 582 583 639 οὖν
634 585 724 639 καὶ
777 583 900 639 ὅσον
953 585 1016 639 τὸ
1066 591 1167 654 τῆς
1224 582 1554 655 Ἐκκλησίας
1612 580 1899 657 ἔκκριτοι.

252 676 423 728 Ἦσαν
459 669 515 727 δὶ
544 672 635 726 καὶ
682 672 734 726 oi
787 672 907 745 περῖ
966 672 1056 726 τὸν
1114 670 1608 746 Τερνικικόπουλον
1670 668 1903 725 Ἰωαννί-

253 780 419 827 κιον,
480 759 803 833 σχιζόμενοι
864 760 957 831 μὲν
1017 763 1115 813 τοῦ
1166 760 1512 835 πατριάρχου
1569 762 1900 834 περιφανῶς,

255 847 413 920 ὅμως
445 845 503 902 δὲ
530 854 629 916 τῆς
678 848 870 922 χρείας
896 847 1175 918 καλούσης
1209 850 1292 921 [Ρ.
1322 851 1449 921 258]
1478 849 1546 902 τὰ
1572 855 1671 916 τῆς
1709 866 1902 921 μικρο-

251 934 458 1009 ψυχίας
492 934 701 1003 ἐκείνης
732 936 917 1009 χώραν
951 934 1050 989 οὐκ
1070 935 1242 1008 εἶχον.
1270 935 1374 989 Σὺν
1397 935 1613 997 τούτοις
1638 932 1899 1007 δὲΞπαρῆν

250 1024 341 1077 καὶ
401 1025 436 1091 ἡ
493 1026 589 1077 τοῦ
646 1021 914 1097 βασιλέως
972 1020 1281 1099 αὐταδὲλφη
1343 1022 1601 1098 Εὐλογία,
1660 1022 1752 1076 καὶ
1801 1026 1900 1075 πᾶν

253 1112 379 1166 ὅσον
411 1110 478 1179 ἦν
531 1112 646 1183 μετ’
679 1110 863 1174 αὐτοῖς
892 1110 943 1165 ἐν
979 1117 1247 1185 μοναχοῖς
1285 1111 1375 1165 καὶ
1410 1109 1621 1186 λογίοις
1664 1108 1903 1182 ἐξεταζό-

255 1220 437 1271 μενον.
473 1200 569 1260 Οἷς
619 1199 819 1253 σκοπὸν
878 1202 955 1263 εἷς
1007 1201 1072 1269 ἧν
1115 1198 1251 1272 πρὸς
1282 1199 1373 1253 τὸν
1401 1198 1570 1272 τόμον
1606 1196 1902 1272 ἀπολογεῖο

249 1289 486 1356 σθαιτῷ
520 1285 755 1358 βασιλεῖ.
811 1285 911 1339 Καὶ
944 1284 1009 1354 δὴ
1044 1286 1432 1359 ἀνεγινώσκετο
1481 1287 1573 1359 μὲν
1636 1286 1663 1340 6
1708 1285 1899 1357 τόμος,

250 1372 427 1435 ἄλλος
460 1371 507 1427 δ’
538 1372 678 1429 ἄλλο
720 1394 771 1428 τι
804 1374 939 1449 πρὸς
964 1375 1027 1429 τὸ
1057 1374 1336 1444 παρεστὼς
1380 1380 1496 1438 τοῖς
1524 1373 1902 1449 προκειμένοις

250 1460 551 1537 ἀντέλεγεν.
615 1463 762 1516 Ἐπεὶ
798 1459 856 1516 δὲ
884 1462 974 1517 καὶ
1020 1464 1183 1537 χρεία
1211 1463 1278 1532 ἧν
1329 1465 1745 1537 συμφρασθῆναι
1774 1462 1902 1523 τοὺς

252 1549 457 1623 λόγους
511 1549 601 1604 καὶ
656 1550 733 1613 εἰς
780 1548 873 1605 ἕνα
930 1553 1347 1622 συντεθήσεσθαι
1393 1552 1587 1624 τόμον,
1637 1550 1727 1605 καὶ
1778 1550 1903 1620 ἐζη-

249 1642 398 1692 τεῖτο
460 1638 487 1692 6
544 1638 968 1711 συνθησόμενος,
1030 1637 1317 1713 ἀνεδέχετο
1386 1640 1480 1713 μὲν
1537 1640 1601 1694 τὸ
1657 1638 1814 1713 ἔργον
1876 1639 1903 1692 ὁ

251 1725 490 1797 Ἰασίτης
549 1722 695 1796 Ἰὼϐ,
749 1728 863 1801 εἶχε
922 1726 981 1781 δὲ
1029 1726 1120 1782 καὶ
1179 1726 1384 1789 ἄλλους
1441 1728 1532 1782 καὶ
1568 1726 1779 1801 μᾶλλον
1809 1726 1901 1781 τὸν

253 1814 569 1891 συγγραφέα
592 1818 698 1868 τῶν
749 1814 1011 1869 τοιούτων
1047 1814 1144 1887 ἐμὲ
1170 1819 1280 1871 τῶν
1312 1815 1532 1887 ἐννοιῶν
1585 1814 1899 1885 συλλήπτο-
1931 1842 1977 1907 Β

252 1922 373 1977 ρας.
430 1901 534 1958 Καὶ
596 1903 709 1974 μετ’
768 1902 829 1956 ού
882 1901 1026 1957 πολὺ
1079 1904 1107 1957 ὁ
1163 1902 1335 1974 τόμος
1378 1903 1704 1978 ἐξείργαστο,
1738 1903 1795 1957 ’ὸν
1829 1900 1895 1971 δὴ

249 1990 341 2045 xui
372 1993 568 2054 κοινῶς
597 1990 1008 2064 ἀναγνωσθέντα
1036 1989 1201 2045 πάλιν
1249 1997 1367 2054 τοῖς
1416 1989 1591 2059 ὅλοις,
1643 1992 1733 2046 καὶ
1774 1990 1896 2045 ὅσον

251 2080 318 2145 ἦν
378 2078 513 2151 πρὸς
567 2077 630 2132 τὸ
690 2078 1097 2153 εὐσχημότερον
1166 2078 1631 2152 μεταπλασθέντα,
1684 2080 1759 2140 ὡς
1823 2080 1896 2151 μὴ

254 2163 466 2235 λυποίη
494 2164 752 2241 σκληρῶς
784 2164 837 2220 ἕν
865 2188 1005 2221 τισιν
1047 2162 1189 2241 ἔχων
1240 2169 1330 2221 τὸν
1380 2166 1597 2238 ἄνακτα,
1643 2168 1756 2239 μετ’
1805 2166 1900 2220 αὐ-

250 2257 350 2307 τοῦ
384 2251 450 2322 δὴ
480 2258 577 2309 τοῦ
606 2255 885 2329 Ἀρσενίου
933 2252 1260 2327 πέμπουσιν.
1308 2257 1365 2312 Ὁ
1419 2256 1603 2328 μέντοι
1650 2276 1714 2329 γε
1747 2256 1900 2330 βασι-

254 2470 561 2527 lectissimi
605 2471 825 2543 quique
872 2488 937 2526 ac
985 2472 1093 2528 ﬂos
1140 2471 1432 2528 delibatus
1462 2472 1748 2527 Ecclesiae.
1783 2472 1899 2529 Nec

259 2559 452 2616 abfuit
503 2560 574 2615 ab
624 2576 690 2615 eo
733 2576 978 2615 numero
1028 2559 1504 2632 Ternicicopolus
1558 2560 1900 2616 Joannicius

259 2663 394 2703 cum
426 2646 573 2717 suis,
604 2651 904 2719 utcunque
942 2647 1026 2702 illi
1069 2648 1262 2720 palam
1296 2665 1357 2703 se
1389 2665 1422 2703 a
1450 2648 1783 2720 patriarcha
1812 2664 1900 2704 se-

258 2741 629 2810 paraverunt.
681 2738 899 2793 Tamen
950 2754 1106 2793 nunc
1149 2738 1449 2795 communi
1498 2738 1753 2794 utilitate
1796 2755 1899 2793 vo-

260 2829 427 2880 cante
454 2824 716 2880 minutas
760 2825 894 2880 illas
926 2824 1277 2881 offensiones
1309 2825 1660 2893 animorum,
1693 2842 1902 2881 causas

263 2913 395 2983 ejus
432 2912 773 2983 simultatis,
807 2914 1175 2984 seponendas
1202 2914 1491 2985 tantisper
1527 2919 1902 2985 putaverunt.

266 3000 411 3055 Cum
434 3000 524 3055 his
545 3001 733 3055 adfuit
754 3004 812 3057 et
835 3017 1000 3056 soror
1019 3000 1390 3072 imperatoris
1413 3001 1672 3074 Eulogia,
1697 3001 1903 3056 simul-

263 3103 375 3158 que
433 3089 715 3159 quidquid
770 3088 829 3143 in
880 3088 1186 3144 monachis
1226 3093 1282 3144 et
1329 3089 1576 3145 aliorum
1631 3089 1904 3145 ordinum

263 3176 454 3230 doctis
484 3175 855 3247 laudatisque
877 3176 1219 3233 hominibus
1240 3177 1519 3232 eximium
1548 3183 1605 3233 et
1633 3182 1903 3248 spectatis

269 3262 557 3319 claritatis
589 3264 716 3319 fuit.
750 3265 903 3320 880
946 3270 1165 3321 Horum
1197 3282 1352 3320 unus
1399 3269 1525 3320 erat
1570 3266 1827 3335 animus,
1854 3273 1908 3321 et

269 3351 618 3423 conspirans
649 3353 707 3407 in
757 3352 812 3407 id
862 3354 1036 3408 ardor
1082 3354 1480 3423 incumbebat,
1515 3357 1578 3408 ut
1624 3354 1908 3426 scriptum

271 3440 720 3496 concinnaretur
748 3440 1028 3496 volumini
1070 3442 1142 3496 ab
1182 3442 1529 3513 imperatore
1560 3441 1740 3497 misso
1772 3458 1910 3496 con-

271 3529 542 3585 trarium.
566 3529 648 3583 Ad
688 3544 816 3584 eam
860 3545 982 3584 rem
1015 3528 1206 3585 visum
1242 3534 1634 3601 opportunum
1669 3532 1911 3585 recitare

275 3616 499 3670 cunctis
532 3616 911 3671 audientibus
953 3616 1393 3687 imperatoriam
1436 3617 1823 3688 scripturam;
1856 3622 1913 3673 et

274 3707 340 3758 ut
370 3705 759 3775 quodcunque
789 3720 857 3759 ex
887 3703 988 3759 illa
1032 3709 1209 3775 caput
1255 3705 1520 3759 auditum
1571 3711 1742 3773 esset,
1774 3722 1909 3763 con-

273 3792 438 3847 tinuo
471 3808 761 3863 quemque
795 3793 1049 3863 proferre
1071 3809 1193 3861 quae
1216 3792 1363 3847 forte
1394 3798 1766 3849 occurrerent
1799 3796 1912 3850 uti-

274 3880 408 3936 liter
460 3882 519 3935 in
568 3881 923 3936 contrarium
982 3880 1304 3951 alleganda.
1346 3881 1652 3951 Negotium
1702 3883 1912 3939 deinde

274 3968 585 4041 colligendi
640 3972 847 4024 cuncta
899 3971 956 4024 et
1003 3970 1061 4022 in
1103 3984 1286 4023 unum
1336 3968 1565 4023 diversa
1612 3970 1913 4040 digerendi

274 4057 538 4128 suscepit
567 4057 640 4112 ad
690 4056 746 4111 id
794 4056 1054 4112 delectus
1087 4056 1294 4111 Iasites
1322 4056 1463 4123 Job;
1517 4057 1616 4127 qui
1667 4061 1723 4112 et
1769 4058 1913 4114 alios

274 4145 484 4200 habuit
539 4146 833 4215 adjutores
890 4146 1135 4216 ejusque
1191 4145 1507 4216 participes
1568 4145 1803 4213 laboris,
1852 4146 1912 4203 in

275 4233 484 4304 primis
513 4232 691 4304 hujus
721 4232 977 4287 historiae
1016 4236 1333 4288 auctorem.
1370 4232 1583 4287 Omnes
1615 4232 1673 4287 hi
1705 4234 1915 4291 collata

276 4319 582 4391 diligentia
617 4320 675 4373 in
706 4318 1050 4374 ordinandis
1098 4318 1571 4389 collocandisque
1619 4321 1913 4376 variorum

276 4407 572 4473 sensibus,
602 4408 761 4463 brevi
803 4411 1063 4479 tempore
1091 4407 1364 4463 volumen
1404 4408 1801 4478 confecerunt,
1822 4409 1913 4462 id-

275 4512 388 4567 que
417 4495 817 4566 eonscriptum
849 4495 907 4549 in
940 4496 1237 4551 communi
1259 4499 1407 4550 ccetu
1431 4497 1657 4551 cunctis
1678 4496 1915 4551 audien-

2003 577 2119 633 ἐπεὶ
2168 576 2304 653 ἔγνω
2352 578 2550 651 πολλῷ
2600 578 2964 652 λελειμμένος
2990 584 3106 641 τοῖς
3139 578 3343 654 λόγοις,
3376 578 3464 633 xui
3495 579 3643 655 εἴπερ

2003 665 2381 743 ἐμφανισθείη,
2434 667 2607 730 αἴτιος
2636 666 2903 742 αἰσχύνης
2944 667 3115 739 ἐαυτῷ
3144 666 3532 741 γενησόμενος,
3563 673 3645 740 τῷ

2005 752 2183 810 δοκεῖν
2218 755 2317 810 ὑπὸ
2348 758 2790 833 περιφρονήσεως
2823 757 2908 810 καὶ
2939 758 3002 811 οὐ
3046 755 3181 810 κατὰ
3211 753 3441 814 δειλίαν.
3470 757 3544 819 ὡς
3575 758 3641 825 ἧν

2004 843 2228 912 ἀληθὲς,
2263 843 2567 921 ἐπεριορᾷν,
2620 844 2970 922 ὑπερηφάνει,
3020 843 3109 899 xui
3160 839 3493 900 ἀνεϐάλλετο
3542 847 3642 915 τήν

2006 933 2330 1006 ἀνάγνωσιν.

2009 1082 2087 1138 ιε’.
2118 1082 2307 1143 Ὅπως
2353 1081 2381 1135 6
2435 1078 2639 1159 Βξκκος
2692 1079 2769 1143 είς
2828 1079 3075 1159 φυλακην
3133 1080 3438 1159 εἰργμένος,
3495 1084 3648 1158 ὅμως

2484 1152 2805 1228 βιαζόμενος
2839 1152 3165 1210 κατετίθετο.

2077 1282 2263 1345 Οὕτως
2339 1284 2426 1338 οὖν
2505 1282 2913 1361 ἐκκρουσθέντες
2982 1286 3033 1338 οἳ
3090 1285 3212 1361 περὶ
3269 1287 3362 1340 τὸν
3420 1282 3646 1361 βασιλὲα

2004 1378 2104 1441 τῆς
2183 1370 2554 1445 ἇγχειρήσεως
2625 1369 2813 1434 ἄλλως
2893 1370 3128 1448 ἔγνωσαν
3217 1371 3466 1428 ὑπελθεῖν
3554 1375 3645 1428 τὸν

2006 1459 2205 1516 Βὲκκον
2284 1460 2335 1512 ἐν
2415 1459 2700 1535 φυλακαῖς.
2778 1463 3033 1535 Τεμᾶχια
3115 1463 3214 1536 γὰρ
3292 1462 3351 1515 ὲκ
3438 1456 3644 1537 βίϐλων

2007 1546 2365 1621 συλλέγοντες
2424 1549 2607 1621 ἱερῶν,
2686 1546 2801 1602 ἐπεὶ
2860 1548 2949 1603 καὶ
3009 1548 3185 1623 λογίῳ
3240 1548 3646 1614 ἀντικαθίσταν-

2004 1656 2067 1690 το
2140 1634 2230 1689 καὶ
2303 1633 2496 1709 λόγοις
2561 1637 2629 1704 ἦν
2688 1636 2894 1711 ἀνάγκη
2968 1637 3188 1706 πείθειν,
3250 1636 3455 1711 λόγους
3512 1642 3642 1712 γοῦν

2006 1722 2199 1797 ἀγίων,
2286 1722 2402 1777 ὅσοι
2486 1724 2575 1777 καὶ
2662 1724 2809 1798 ὑπὲρ
2880 1722 3099 1779 Ἰταλῶν
3187 1722 3406 1781 ἐδόκουν
3493 1728 3643 1797 εἶναι,

2006 1809 2320 1886 προύτεινον
2381 1810 2571 1883 ἐκείνῳ
2628 1814 2762 1866 κατά
2819 1812 3064 1887 φυλακὴν
3124 1811 3436 1886 καθημένῳ.
3482 1816 3546 1872 '0
3589 1813 3646 1869 δὲ

2009 1895 2302 1972 λαμϐάνων
2362 1899 2451 1953 καὶ
2510 1896 2866 1974 διερχόμενος
2926 1904 3007 1973 [Ρ.
3037 1904 3162 1975 259]
3218 1904 3399 1975 ἡμέρα
3426 1924 3542 1964 πως
3571 1903 3647 1966 εἰς

2009 1987 2232 2061 εῗρήνην
2293 1985 2760 2063 συγκατεκλίνετο.
2821 1988 2924 2044 Καί
2980 1991 3027 2062 γ’
3076 1989 3283 2051 ἁπλοῦς
3317 1988 3387 2044 ὢν
3434 1992 3518 2045 καὶ
3554 2012 3645 2068 ιρι-

2010 2073 2261 2146 λαλήθης
2323 2075 2399 2137 εἰς
2459 2076 2594 2130 ἅπαν
2652 2081 2729 2147 τῷ
2787 2077 2880 2148 μὲν
2916 2077 3075 2148 ἀπλῷ
3106 2082 3225 2139 ταῖς
3255 2084 3484 2153 γραφαῖς
3514 2081 3647 2133 καο-

2010 2165 2275 2237 υπήγετο,
2326 2165 2489 2217 ταυτό
2546 2184 2605 2239 γε
2660 2163 2885 2239 πάσχων
2944 2169 3065 2226 τοῖς
3127 2166 3439 2240 ἀποροῦσιν,
3472 2166 3521 2220 εἴ
3555 2188 3646 2239 με-

2008 2251 2172 2327 τρίως
2246 2253 2524 2326 ἀποροῖεν,
2598 2249 3022 2326 ἀπροσδοκήτως
3091 2254 3154 2307 τὸ
3215 2259 3317 2307 πᾶν
3379 2255 3647 2328 οἰομένοις

2008 2470 2285 2543 quodam,
2317 2472 2382 2525 ut
2426 2470 2607 2525 videri
2645 2470 2873 2526 volebat
2905 2488 2919 2526 :
2953 2472 3053 2526 sed
3117 2487 3253 2530 vera
3297 2488 3474 2527 causa
3521 2477 3647 2529 erat

2006 2560 2135 2630 ejus
2162 2575 2332 2614 morae
2359 2558 2737 2615 convictionis
2770 2564 2983 2628 metus,
3007 2559 3372 2632 superciliosi
3398 2562 3638 2617 obtentu

2010 2647 2231 2703 fastidii
2257 2646 2503 2702 velatus.

2057 2753 2142 2808 15.
2178 2753 2240 2810 Ut
2274 2754 2470 2807 Veccus
2496 2768 2719 2809 carcere
2745 2752 3011 2819 detentus,
3048 2757 3098 2808 et
3127 2753 3209 2809 ibi
3235 2755 3600 2812 nihilominus

2247 2823 2595 2892 sollicitatus,
2628 2829 2895 2880 attractus
2924 2824 2986 2879 in
3013 2833 3194 2896 partes
3216 2826 3408 2896 fuerit.

2080 2910 2205 2965 Tali
2237 2910 2616 2967 consiliorum
2663 2929 2938 2968 successu
2989 2913 3260 2985 repulsus
3308 2915 3379 2969 ab
3430 2915 3646 2986 optatis

2012 2998 2330 3071 imperator
2358 3006 2417 3054 et
2447 2999 2546 3070 qui
2571 3016 2703 3055 cum
2734 3017 2801 3056 eo
2831 3001 3183 3067 sentiebant,
3206 3002 3319 3057 alia
3339 3002 3449 3058 sibi
3482 3019 3645 3073 gras-

2013 3087 2264 3141 sandum
2296 3087 2388 3141 via
2418 3090 2771 3155 statuerunt,
2810 3089 2985 3145 Vecco
3016 3089 3142 3160 ipso
3175 3090 3325 3145 intra
3356 3106 3644 3146 carcerem

2015 3176 2315 3229 tentando.
2350 3175 2889 3230 Animadvertentes
2915 3176 3072 3231 enim
3103 3177 3423 3248 hominem,
3455 3178 3646 3249 qualis

2016 3267 2141 3317 erat
2167 3263 2408 3329 Veccus,
2441 3264 2765 3334 sapientem
2816 3281 2881 3318 ac
2930 3266 3166 3319 doctum
3212 3280 3324 3321 non
3375 3266 3488 3321 alia
3525 3282 3649 3321 cer-

2012 3350 2130 3405 tius
2182 3353 2638 3423 expugnandum
2685 3351 2869 3406 videri
2927 3352 3199 3407 machina
3246 3369 3424 3423 quam
3475 3371 3650 3426 argu-

2016 3439 2229 3494 mentis
2268 3444 2325 3493 et
2371 3439 2725 3494 testimoniis
2773 3456 2841 3494 ex
2888 3440 3281 3495 ecclesiastica
3326 3442 3650 3498 eruditione

2016 3527 2235 3599 petitis,
2286 3528 2432 3582 881
2488 3527 2540 3581 ei
2592 3529 2859 3583 custodia
2914 3528 3145 3583 detento
3195 3529 3649 3587 considerandas

2016 3614 2353 3670 obtulerunt
2399 3621 2697 3685 excerptas
2728 3616 2797 3671 ab
2833 3616 2978 3688 ipsis
3011 3633 3310 3671 sacrorum
3364 3616 3646 3674 librorum

2018 3701 2333 3758 sententias
2356 3718 2482 3773 quae
2515 3703 2849 3757 Latinorum
2884 3721 3072 3759 causae
3107 3705 3380 3760 faverent.
3413 3706 3522 3762 Eas
3552 3708 3650 3763 ille

2016 3791 2076 3846 in
2123 3806 2333 3845 manus
2382 3794 2648 3860 sumptas
2696 3794 2912 3845 attente
2960 3792 3262 3863 perlegens
3312 3794 3530 3849 sensim
3580 3797 3651 3851 ad

2019 3896 2220 3949 pacem
2253 3879 2666 3948 inclinabatur,
2702 3879 2931 3935 duabus
2984 3882 3055 3935 ad
3109 3882 3163 3935 id
3198 3882 3250 3936 ei
3280 3882 3655 3953 suifraganti-

2017 3970 2129 4024 bus
2162 3968 2419 4035 dotibus,
2451 3968 2701 4023 candore
2746 3969 2997 4038 quodam
3043 3969 3224 4023 animi
3257 3969 3370 4023 fuci
3405 3971 3653 4041 expertis

2018 4062 2075 4111 et
2106 4057 2305 4111 innato
2347 4072 2542 4111 amore
2572 4056 2851 4111 veritatis.
2883 4059 3139 4120 Quarum
3185 4074 3218 4111 a
3266 4057 3443 4127 priori
3491 4074 3649 4114 asse-

2018 4145 2190 4200 hatur
2234 4150 2322 4212 ut,
2367 4160 2501 4198 cum
2549 4143 2896 4215 simpliciter
2944 4160 3008 4199 ac
3054 4145 3202 4199 citra
3249 4145 3648 4215 przajudicium

2018 4231 2481 4303 suspicionemve
2530 4233 2751 4288 fraudis
2796 4233 2866 4287 ad
2916 4233 3316 4303 cognoscenda
3345 4250 3468 4301 quas
3517 4251 3652 4305 pro-

2019 4322 2383 4392 ponebantur
2412 4321 2733 4388 accederet,
2768 4320 2933 4375 facile
2975 4321 3349 4375 induceretur
3379 4322 3655 4377 similitu-

2019 4409 2155 4465 dine
2197 4408 2353 4478 veri,
2404 4426 2616 4480 passus
2662 4409 2815 4464 idem
2869 4410 3023 4481 quod
3075 4408 3445 4464 mediocriter
3486 4410 3653 4463 dubi-

2018 4502 2210 4552 tantes
2256 4497 2466 4566 solent,
2499 4497 2597 4568 qui
2630 4497 2748 4567 levi
2781 4502 3072 4553 momento
3122 4498 3179 4551 in
3229 4501 3450 4566 partem
3483 4497 3656 4551 incli-

274 4584 435 4640 tibus
465 4584 755 4656 legerunt,
781 4600 1132 4654 unoquoque
1156 4584 1506 4639 admonente
1537 4585 1583 4639 si
1609 4585 1748 4655 quid
1784 4601 1911 4639 mu-
1947 4569 1991 4633 Ῑ)
2024 4590 2239 4640 nantur
2276 4585 2539 4655 alteram,
2563 4589 2619 4639 et
2667 4586 2765 4640 ubi
2815 4586 2901 4640 vel
2958 4585 3265 4656 paululum
3309 4585 3654 4641 imminutae

273 4674 520 4728 tandum
554 4678 656 4728 aut
684 4673 1133 4744 temperandum
1166 4677 1448 4742 censeret,
1481 4672 1538 4725 in
1572 4672 1629 4726 id
1664 4674 1913 4728 maxime

277 4760 571 4817 universis
599 4760 860 4826 intentis,
896 4778 967 4816 ne
996 4760 1318 4832 quidquam
1361 4759 1420 4814 in
1453 4776 1519 4815 eo
1550 4760 1911 4831 relinquere-

272 4854 373 4904 tur
399 4850 724 4904 aculeatum
758 4852 857 4903 aut
886 4849 1123 4918 durum,
1157 4864 1271 4919 quo
1310 4847 1631 4918 imperator
1659 4849 1912 4903 oﬂ‘ende-

273 4942 457 4993 retur.
489 4937 753 5008 Denique
782 4953 931 5007 opus
980 4936 1284 4991 elimatum
1334 4940 1620 5006 quantum
1654 4936 1798 4991 satis
1829 4941 1915 4992 est

270 5025 489 5091 visum,
525 5042 628 5097 per
673 5026 943 5081 eumdem
1004 5024 1312 5081 Arsenium
1374 5024 1445 5079 ad
1501 5023 1913 5095 imperatorem

272 5114 537 5170 mittunt.
570 5116 625 5170 Is
656 5129 722 5169 eo
763 5117 994 5184 accepto
1026 5118 1085 5168 et
1112 5116 1332 5168 attente
1384 5112 1532 5167 lecto
1566 5112 1816 5168 multum
1851 5129 1911 5169 se

269 5201 548 5273 Opinione
578 5200 678 5256 illa
708 5202 922 5257 falsum
964 5202 1217 5272 agnovit,
1251 5217 1367 5271 qua
1398 5202 1692 5272 negotium
1726 5202 1911 5273 scrip-

270 5290 435 5345 tione
464 5306 573 5344 sua
614 5289 713 5345 illa
753 5289 1040 5344 mittenda
1069 5288 1267 5343 statim
1299 5290 1724 5343 conficiendum
1759 5291 1909 5344 exis-

271 5378 601 5433 timaverat.
627 5379 843 5433 Tamen
877 5376 1033 5431 hunc
1064 5376 1259 5447 ipsum
1292 5380 1636 5448 presentem
1669 5393 1908 5432 sensum

272 5465 455 5521 animi
486 5465 903 5534 dissimulavit,
935 5465 1339 5533 erubescendi,
1373 5465 1421 5519 si
1454 5464 1503 5519 is
1532 5468 1908 5534 eootesceret,

269 5554 681 5611 necessitatem
715 5553 798 5607 sic
836 5553 1291 5624 praavertendam
1337 5556 1574 5624 putans.
1605 5551 1907 5610 Publicam

266 5659 404 5700 vero
435 5641 639 5714 scripti
680 5641 857 5698 oblati
900 5641 1206 5698 lectionem
1240 5640 1542 5697 differebat
1571 5645 1908 5713 contemptu

2022 4674 2437 4744 conspicantur
2466 4673 2803 4743 ambigendi
2844 4674 3121 4739 rationes,
3150 4673 3365 4743 quibus
3396 4678 3564 4729 antea
3594 4675 3652 4729 in

2022 4778 2308 4833 suspenso
2355 4761 2726 4827 tenebantur,
2759 4761 3036 4815 continuo
3090 4778 3297 4816 causas
3346 4778 3406 4816 se
3453 4767 3655 4818 nactos

2019 4850 2261 4905 idoneas
2314 4848 2423 4903 rati
2476 4848 2863 4904 dubitationis
2912 4850 3288 4919 deponendae,
3338 4853 3535 4905 tenere
3594 4867 3656 4906 se

2021 4954 2141 4993 rem
2188 4938 2376 5008 ipsam
2425 4940 2481 4991 et
2527 4936 2750 5006 liquere
2790 4938 2914 5007 jam
2965 4936 3077 4992 sibi
3134 4939 3430 5008 negotium
3489 4938 3654 5008 prius

2021 5027 2333 5081 obscurum
2366 5024 2722 5080 existimant.
2758 5030 2829 5078 At
2859 5026 3038 5080 altero
3075 5024 3175 5080 illo
3205 5026 3430 5081 sincero
3462 5027 3653 5082 studio

2022 5114 2357 5185 profitendae
2390 5113 2653 5167 veritatis
2680 5112 3011 5182 prohibitus
3032 5114 3323 5167 affirmare
3352 5113 3505 5183 quod
3538 5130 3654 5168 non

2019 5207 2162 5268 erat,
2198 5218 2329 5256 eum
2371 5202 2630 5255 nondum
2675 5216 2910 5256 omnem
2943 5200 3053 5256 sibi
3096 5202 3415 5256 abstersam
3449 5200 3653 5271 caligi-

2020 5306 2154 5345 nem
2188 5289 2451 5348 sentiret.
2484 5288 2640 5342 haud
2692 5305 2831 5343 sane
2881 5288 3158 5344 simulare
3204 5288 3488 5342 sustinuit
3539 5289 3652 5343 sibi

2020 5378 2190 5450 plane
2222 5394 2349 5432 esse
2381 5381 2747 5448 perspectum
2780 5378 2835 5431 id
2870 5378 3023 5447 quod
3056 5391 3332 5447 apparere
3365 5375 3470 5445 ipsi
3503 5376 3653 5431 dun-

2018 5471 2175 5522 taxat
2206 5471 2262 5521 et
2306 5466 2496 5536 prima
2540 5466 2792 5521 blandiri
2838 5467 3032 5537 specie
3082 5467 3335 5534 cceperat
3387 5477 3399 5514 :
3453 5479 3650 5516 verum

2021 5554 2182 5609 nullo
2214 5554 2477 5608 tardatus
2517 5554 2671 5607 malo
2721 5554 2941 5623 pudore
2974 5554 3223 5623 ingenue
3271 5550 3561 5604 fatebatur
3593 5566 3655 5605 se

2018 5659 2137 5699 non
2178 5640 2366 5698 adhuc
2414 5640 2739 5698 clarissime
2785 5641 2981 5697 videre
3022 5640 3161 5711 quid
3211 5636 3443 5710 penitus
3485 5636 3545 5692 in
3594 5654 3655 5695 re
