4130 6270
523 353 628 407 835
1806 344 2100 400 Gsoaeu
2140 341 2598 395 PACHYMBRE
3736 353 3820 410 333

519 470 686 548 ἔχειν,
748 475 842 544 Τῷ
872 472 934 526 αὖ
966 469 1258 542 φιλαλήθει
1291 468 1390 523 οὐκ
1417 467 1598 537 ἠδόξει
1632 467 1923 542 ὁμολογεῖν
1971 464 2043 536 μὴ
2079 461 2152 517 εἷ·
2184 466 2237 531 Α
2269 460 2441 548 ρότως
2471 455 2642 534 ἔχειν,
2675 458 2748 518 ὡς
2779 460 2842 513 οὗ
2872 457 3132 532 καθυφείη
3172 459 3521 548 πιστεύοντας,
3564 466 3644 519 καὶ
3684 469 3818 536 οὕτως

519 543 657 616 δέναι
695 563 830 634 μήτε
863 559 967 631 μὴν
1004 557 1267 631 ἐντυχεῖν.
1303 557 1398 610 Καὶ
1433 558 1468 625 ἡ
1515 555 1661 609 αῒτία
1711 555 1773 609 τὸ
1818 553 1899 630 ἐφ’
1946 548 2148 620 Ἐλλη-
2257 544 2428 616 ἕλξειν
2457 546 2691 608 ἐκείνους
2725 547 2860 622 πρὸς
2901 548 2962 601 τὸ
3012 543 3406 622 εὐμενέστερον,
3451 549 3576 606 ὥστε
3598 557 3676 607 καὶ
3721 577 3818 632 σχι-

515 633 702 710 νικαῖςγ
737 647 1064 722 σχολάζοντι
1119 647 1193 717 μὴ
1253 644 1418 708 θείαις
1467 648 1699 721 γραφαῖς
1752 640 2049 716 ἐγγενέσθαι
2100 639 2150 691 οἱ
2258 634 2520 722 ζομὲνους
2546 635 2608 688 τὸ
2639 639 2855 710 πρῶτον
2892 633 3162 708 δέχεσθαι.
3197 639 3278 707 [Ρ.
3321 638 3440 709 260]
3489 639 3685 702 Τούτοις
3727 652 3817 708 τοῖς

517 720 904 810 έμμελετῆσαι.
965 734 1145 789 Θέ).ειν
1211 733 1392 805 μέντοι
1442 735 1529 786 καὶ
1587 720 1720 786 ἷδεῖν
1776 731 1870 792 τὰς
1923 723 2147 803 βίϐλους
2257 720 2444 796 λόγοις
2477 723 2504 776 6
2553 723 2819 797 ἱεραρχης
2867 722 3104 786 πεισθεὶς
3154 723 3384 798 ἐγχωρεῖ
3412 726 3461 778 οἱ
3489 724 3717 790 ἐκτιθέναι
3740 733 3815 799 τὴν

515 827 602 881 καὶ
661 828 957 900 ἀναγνῶναι
1020 821 1434 896 ἐπιμελέστερον
1473 865 1486 892 ,
1549 819 1630 896 ἐφ’
1687 820 1731 891 ᾧ
1788 823 1865 887 τῷ
1918 821 1992 888 vii)
2045 820 2150 869 τῶν
2252 811 2500 882 γνώμην,
2544 811 2633 864 καὶ
2665 810 2925 880 ἐξετίθετο
2981 812 3079 879 τὴν
3133 810 3415 884 ταχίστην.
3464 815 3587 888 Πρὶν
3637 813 3685 870 δὲ
3709 839 3818 891 πεμ-

511 918 727 990 γραρῶν
785 913 1087 986 προσέξειν,
1135 911 1225 964 καὶ
1282 908 1454 970 οὕτως
1511 910 1545 978 ἢ
1604 908 1886 960 πεισθέντα
1936 904 2148 970 ἀνάγειν
2254 900 2468 973 φθῆναι,
2515 894 2662 968 ἔδοξε
2690 902 2798 953 τῶν
2835 899 3131 974 ἀρχιερέων
3164 898 3562 972 ἀποπειρᾶσθαι,
3591 904 3655 966 ὡς
3693 907 3819 974 μάθοι

513 984 661 1077 ﬁxa},
716 1001 794 1056 ἐπ’
829 984 1076 1059 ἐκείναις
1128 998 1193 1052 τὸ
1252 996 1450 1072 θάρῥος
1505 995 1593 1049 καὶ
1647 993 1858 1068 παγίως
1904 990 2144 1053 ἵστασθαι
2252 984 2400 1047 εἰεῖς
2428 985 2584 1048 τέλος
2631 986 2956 1062 ἀντίσχοιεν.
3015 987 3396 1062 Συναχθέντων
3452 989 3614 1044 τοίνυν
3665 993 3822 1048 ὑπανε-

511 1075 581 1153 ἐς-
620 1092 649 1146 ’ὀ
704 1112 754 1144 τι
801 1088 889 1144 καὶ
947 1085 1148 1156 κλίνοι,
1205 1085 1242 1154 ἢ
1277 1087 1349 1158 μή
1383 1085 1664 1147 πεισθέντα
1719 1083 1813 1142 τὰς
1843 1081 2017 1141 αἰτίας
2048 1078 2148 1153 sp.-
2250 1075 2543 1148 γινώσκετο
2578 1076 2672 1147 μὲν
2699 1078 2732 1144 ἡ
2771 1078 2964 1149 γνώμη
3024 1080 3121 1130 τοῦ
3178 1076 3531 1151 πατριάρχου,
3575 1079 3819 1147 ἠρωτῶντο

1770 1171 1923 1223 Ταῦτ’
1969 1167 2140 1244 ἔλεγε,
2250 1159 2308 1215 δὲ
2337 1161 2390 1216 εἷ’
2411 1184 2471 1237 γε
2498 1164 2586 1216 καὶ
2620 1163 2772 1217 αὐτοὶ
2805 1163 3054 1236 ἐμμένειν
3104 1161 3281 1238 ἔχοιεν
3336 1167 3466 1219 κατὰ
3511 1167 3706 1235 ταύτην.
3746 1169 3822 1222 Καὶ

2247 1249 2577 1324 ὡμολόγουν
2635 1252 2847 1320 αὐτίκα,
2906 1251 2994 1305 καὶ
3051 1253 3148 1319 τήν
3207 1253 3426 1327 γνώμην
3482 1251 3684 1316 ’ἕκαστος
3734 1254 3822 1326 ἰδίᾳ

2249 1339 2555 1414 ὑπογραφῇ,
2589 1339 2734 1407 πλὴν
2783 1343 2889 1393 τῶν
2938 1338 3362 1413 προνοεστέρων,
3413 1334 3642 1394 ἐϐεϐαίου
3666 1362 3716 1395 τε
3753 1345 3820 1396 καὶ

2243 1425 2697 1502 κατησφαλίζετο.
2747 1428 2836 1489 Ὦς
2881 1431 3009 1501 γοῦν
3058 1426 3308 1503 ἐπέμφθη
3367 1429 3456 1498 μὲν
3485 1430 3517 1495 ἠ
3545 1428 3738 1502 γνώμη,
3780 1428 3819 1482 ἐν

2244 1513 2500 1590 ἀφύκτοις
2530 1513 2576 1568 δ’
2606 1515 2673 1582 ἦν
2702 1517 2729 1569 6
2761 1517 3110 1590 πατριάρχης
3157 1520 3253 1570 τοῦ
3288 1514 3417 1587 μηδ’
3470 1515 3518 1569 εἴ
3542 1536 3589 1569 τι
3632 1518 3710 1568 καὶ
3753 1517 3822 1589 γέ-

507 1185 686 1254 φανεῖς
745 1182 1001 1252 παριστᾷν
1057 1175 1125 1230 δι’
1187 1175 1249 1236 ἃς
1432 1172 1670 1226 πείθοιτο
1709 1215 1720 1226 .

504 1271 594 1322 καὶ
648 1270 674 1322 ὁ
723 1265 974 1342 βασιλεὺς
1027 1265 1318 1330 κατένευεν,
1374 1261 1643 1336 ἐξαγαγών
1674 1280 1730 1312 τε
1761 1265 1860 1327 τῆς
1894 1255 2140 1334 φυλακῆς

503 1358 596 1418 τάς
633 1351 856 1432 βίϐλους
891 1353 964 1414 εἷς
1016 1353 1308 1425 ἀνάγνωσιν
1343 1355 1600 1422 παρεῖχεν
1653 1346 1738 1401 ἐπὶ
1769 1344 1999 1422 σγολῆς.
2047 1348 2140 1415 Τῷ

508 1447 688 1517 μέντοι
738 1465 800 1517 γε
830 1442 1143 1516 πατριάρχῃ
1183 1437 1347 1512 μέλον
1374 1438 1438 1506 ἦν
1475 1438 1556 1513 ἐφ’
1608 1434 1813 1506 ἑκάστῳ
1841 1438 1947 1487 τῶν
2005 1433 2140 1506 πρὸς

507 1531 730 1608 βασιλέα
763 1532 1115 1606 ἀποκρίσεων,
1162 1527 1425 1600 μειζόνως
1473 1523 1582 1595 ἤδη
1637 1524 2004 1595 ἐπιτιθέμενον
2049 1520 2138 1574 καί

499 1624 549 1695 γ’
580 1624 802 1697 ἠρεμεῖν
842 1621 916 1692 μὴ
957 1617 1144 1671 ἐῶντα.

501 1766 586 1827 ις’,
644 1765 827 1821 Ὅπως
900 1762 927 1813 6'
995 1758 1339 1842 πατριάρχης
1382 1774 1769 1842 Λγνωματερων
1843 1753 2132 1827 ἐγγράφως

743 1833 924 1904 ὥμνυε
960 1833 1032 1902 μὴ
1079 1825 1466 1900 καταδέχεσθαι
1504 1827 1602 1893 τὴν
1638 1825 1880 1900 εἷ’ρήνην.

563 1956 724 2012 Ταῦθ’
762 1955 900 2027 ὀρῶν
935 1954 961 2006 ὁ
998 1953 1236 2026 μοναχὸς
1286 1945 1412 2006 Ἰὼϐ
1444 1951 1701 2018 ’1ασίτης,
1753 1948 1841 2002 καὶ
1872 1947 1993 2020 περῖ
2027 1949 2122 2016 τήν

489 2043 712 2119 γνώμην
776 2039 1097 2117 ὁῤῥωδήσας
1145 2043 1240 2093 τοῦ
1298 2036 1666 2112 πατριάρχου,
1728 2038 1803 2108 μὴ
1863 2037 2121 2112 καθυφείη

488 2139 586 2199 τῆς
644 2130 932 2191 ἐνστάσεως
985 2129 1247 2194 ἀπειπὼν,
1312 2125 1624 2199 μηχανᾶταί
1675 2146 1726 2178 τι
1758 2129 2002 2178 τοιοῦτον
2036 2124 2123 2178 ἐπὶ

487 2224 566 2290 τῷ
622 2220 719 2286 τήν
754 2219 980 2292 γνώμην
1012 2220 1107 2270 τοῦ
1146 2214 1488 2290 πατριάρχου
1540 2212 1800 2287 στηρίξαι.
1850 2212 2120 2266 Ὑποτίθε-

485 2329 568 2360 ται
629 2306 730 2381 γάρ
763 2306 990 2379 γνώμην
1034 2303 1252 2378 γράφειν
1303 2303 1388 2355 καὶ
1441 2299 1670 2372 πέμπειν
1716 2305 1830 2362 τοῖς
1882 2299 2120 2370 ὁπουδή-

484 2417 614 2450 ποτε
667 2391 948 2449 εύλαϐέσιν
1020 2390 1270 2465 ἀνδράσιν
1329 2390 1404 2452 εἷς
1472 2387 1853 2465 πληροφορίαν
1909 2387 2066 2457 δῆθεν
2103 2431 2118 2456 ,

482 2483 834 2557 προστιθέντα
862 2480 950 2534 καὶ
982 2479 1140 2555 ὅρκον
1175 2478 1254 2555 ἐφ’
1281 2479 1325 2549 ᾧ
1361 2479 1434 2550 μὴ
1487 2474 1795 2548 κλονοῖντο,
1827 2473 1954 2530 ἀλλ’
1986 2476 2117 2549 ἀρα-

483 2703 656 2765 esset,
691 2696 1050 2768 negabatque
1091 2693 1234 2750 satis
1265 2694 1588 2748 convictam
1622 2693 1731 2748 sibi
1766 2702 2012 2749 mentem
2044 2696 2114 2750 ad

481 2787 757 2843 ultimum
786 2785 1204 2856 expediendum
1239 2783 1308 2838 de
1338 2782 1732 2837 controversia
1761 2786 1926 2836 tanta
1947 2783 2115 2850 judi-

478 2877 656 2931 cium.
690 2875 758 2927 Et
789 2889 1023 2927 causam
1057 2873 1182 2941 ejus
1227 2870 1616 2925 cunctationis
1661 2885 1728 2923 ex
1774 2886 1840 2923 eo
1891 2875 2114 2940 repete-

477 2964 596 3030 bat,
630 2963 781 3033 quod
830 2961 1109 3016 hactenus
1140 2959 1518 3013 saecularibus
1568 2957 1884 3029 plurimum
1921 2956 2114 3011 inten-

478 3055 574 3105 tus
609 3049 819 3103 litteris
864 3049 1060 3102 minus
1108 3046 1206 3100 otii
1259 3046 1555 3114 studiique
1602 3043 1899 3098 tribuisset
1935 3061 2111 3098 sacrm

479 3139 829 3207 scriptorum
883 3135 1079 3187 divina
1127 3131 1505 3186 tractantium
1567 3130 1877 3186 eruditioni
1927 3133 2110 3185 medi-

479 3225 692 3279 tandze.
725 3224 912 3286 Quare
955 3237 1164 3291 cupere
1212 3235 1338 3273 sese
1388 3219 1664 3273 attentius
1707 3219 1819 3272 ista
1866 3235 2110 3290 cognos-

478 3329 628 3377 cere,
680 3310 980 3381 librosque
1029 3309 1190 3379 ipsos
1239 3306 1532 3378 perlegere
1584 3307 1944 3378 diligentius,
1995 3324 2109 3378 quo

2241 1622 2388 1654 νοιτο
2427 1600 2789 1674 μεταϐάλλειν
2822 1607 2958 1675 (τοῖς
2987 1603 3089 1677 γὰρ
3131 1604 3320 1676 ὅρκοις
3359 1602 3707 1676 συνείληπτο),
3742 1602 3822 1671 31'}-

2241 1687 2337 1749 λος
2366 1690 2432 1758 ἧν
2461 1692 2548 1743 καὶ
2580 1691 2718 1762 πρὸς
2773 1690 2997 1764 βασιλέα
3027 1690 3197 1766 λέγων
3253 1693 3329 1754 ὡς
3359 1692 3418 1746 οὔ
3459 1694 3686 1760 ποιήσων
3728 1689 3827 1745 οὐδὲ

2163 1819 2208 1882 Β
2237 1777 2715 1852 καταπραξάμενος
2769 1780 2866 1844 τὴν
2930 1779 3248 1853 ἐγχείρησιν
3284 1823 3298 1835 .
3347 1781 3404 1833 Ὀ
3458 1781 3629 1851 μέντοι
3667 1799 3718 1852 γε
3755 1780 3828 1844 βα-

2293 1865 2313 1882 .
2362 1865 2370 1880 .
2479 1866 2491 1882 ,
2675 1866 2688 1882 ς
2827 1867 2851 1882 ,.
2946 1867 2959 1882 ,
3062 1869 3118 1882 ..η
3272 1875 3298 1882 _
3368 1867 3382 1882 .
3462 1867 3472 1879 .
3784 1865 3795 1882 .

2237 1865 2418 1925 σιλεὺς
2468 1866 2736 1939 ἀπογνοὺς
2794 1867 2908 1919 οἷον
2942 1867 3178 1921 ἐντεῦθεν
3230 1875 3334 1936 τῆς
3365 1867 3565 1922 ἐκείνου
3606 1865 3826 1921 κατανεύ-

2236 1973 2370 2013 σεως
2395 1951 2582 2025 (δεινοὶ
2611 1954 2710 2026 γὰρ
2741 1955 2793 2007 οἱ
2840 1955 2993 2028 ὅρκοι
3035 1954 3294 2025 κωλύειν)
3346 1955 3398 2008 ἐν
3450 1953 3602 2024 δεινῷ
3656 1955 3737 2025 μὲν
3777 1954 3827 2006 τὸ

2235 2037 2444 2111 συμϐὰν
2477 2044 2685 2116 ἡγεῖται
2721 2042 2826 2113 (ἐπ’
2869 2042 2988 2111 ἴσης
3020 2045 3123 2116 γὰρ
3172 2043 3240 2111 ἦν
3294 2043 3442 2114 αὐτῷ
3491 2042 3736 2117 βουλητὸν
3777 2042 3825 2094 τὸ

2231 2123 2497 2201 προϐῆναι
2545 2130 2643 2196 τήν
2694 2133 2884 2200 πρᾶξιν
2935 2130 3010 2190 εἰς
3059 2130 3215 2191 τέλος
3246 2136 3328 2202 τῷ
3376 2133 3508 2202 μετὰ
3533 2130 3623 2184 τοῦ
3664 2149 3825 2203 πατρι-

2231 2217 2406 2289 άρχου
2437 2211 2752 2290 προϐῆναι),
2809 2219 2961 2289 ὅμως
2995 2215 3040 2271 δ’
3071 2218 3462 2290 ἀποκρουσθεὶς
3494 2217 3683 2273 ἐκείνου
3721 2216 3824 2278 τοὺς

2230 2305 2504 2378 ἀρχιερεῖς
2554 2307 2902 2379 προσήρχετο
2961 2301 3398 2381 ἐμϐριθέστερον.
3456 2309 3540 2361 Ἐν
3587 2306 3746 2376 τούτῳ
3783 2303 3828 2357 δὲ

2225 2393 2312 2446 καὶ
2348 2393 2375 2445 6
2407 2393 2607 2454 Βέκκος
2639 2391 2972 2467 ἐνσχολάσας
3019 2399 3136 2455 ταῖς
3191 2391 3433 2469 βίϐλοις,
3481 2394 3567 2449 καὶ
3622 2396 3824 2464 συνορῶν

2226 2477 2444 2548 πολλὴν
2478 2480 2714 2536 ἐντεῦθεν
2761 2479 2846 2536 ἐπὶ
2896 2480 2964 2555 τῇ
2995 2482 3184 2554 πράξει
3219 2483 3499 2558 βοήθειαν,
3557 2481 3628 2544 ὡς
3686 2476 3825 2553 μηδὲν

2227 2696 2518 2752 mendatis
2549 2697 2962 2764 constantiam,
2989 2697 3326 2766 juramento
3369 2698 3560 2770 palam
3606 2697 3828 2766 interpo-

2225 2784 2336 2839 sito
2385 2785 2700 2855 sponderet
2743 2803 3047 2856 nunquam
3080 2802 3142 2841 se
3173 2787 3544 2842 deﬂuxurum
3594 2802 3626 2840 a
3669 2784 3828 2854 rigore

2225 2872 2401 2926 semel
2438 2873 2563 2927 fixas
2602 2874 2929 2941 sententias,
2961 2879 3064 2928 aut
3094 2890 3159 2929 eo
3207 2875 3652 2937 descensurum,
3674 2888 3830 2943 quan-

2223 2961 2438 3014 tumvis
2489 2977 2522 3014 a
2571 2961 2773 3030 quovis
2822 2962 3170 3031 traheretur,
3209 2970 3269 3017 ut
3298 2980 3332 3018 a
3363 2963 3583 3034 quibus
3621 2963 3741 3030 jure
3778 2974 3828 3012 se

2223 3063 2480 3118 suosque
2511 3049 2802 3103 abscissos
2846 3049 3129 3105 hactenus
3161 3055 3450 3120 putasset,
3481 3067 3580 3106 eos
3607 3049 3661 3103 in
3691 3062 3826 3102 com-

2221 3136 2557 3190 munionem
2599 3135 2902 3206 acciperet.
2938 3137 3040 3191 His
3069 3138 3197 3192 Jobi
3231 3138 3704 3210 suggestionibus
3744 3148 3826 3188 ac-

2219 3222 2526 3292 quiescens
2568 3224 2897 3292 patriarcha
2945 3225 2995 3279 ei
3048 3227 3347 3281 commisit
3395 3226 3509 3298 ipsi
3560 3222 3824 3295 negotium

2219 3311 2531 3364 formanda
2570 3311 2627 3364 in
2661 3328 2786 3366 eam
2837 3315 3184 3368 sententiam
3236 3314 3544 3370 circularis
3577 3309 3824 3382 epistolaa.

476 3401 604 3471 ipsa
638 3401 761 3469 jam
813 3398 1048 3468 penitus
1096 3397 1454 3466 introspecta
1505 3395 1789 3449 sententia
1836 3398 2102 3451 oraculo-
2133 3437 2176 3503 Ο
2216 3398 2338 3459 Qua
2382 3399 2576 3452 statim
2619 3400 2960 3468 composita,
2998 3401 3341 3471 priusquam
3379 3403 3732 3456 emitteretur
3754 3395 3826 3449 vi-

722 3492 731 3503 .
815 3489 882 3503 ,.
975 3501 1025 3503 __
1398 3483 1539 3503 4U.
1597 3484 1938 3503 __-__.g-_._
1978 3485 2061 3503 ,μί
2223 3502 2258 3503 η
2307 3502 2334 3503 η
2634 3487 2646 3503 .
2821 3492 2831 3503 .
3060 3487 3072 3500 .
3222 3493 3232 3503 .
3496 3489 3508 3501 .
3607 3490 3620 3503 .

475 3504 607 3542 rum
641 3492 738 3541 aut
771 3489 924 3540 certo
968 3501 1034 3539 eo
1084 3484 1350 3538 stitueret
1398 3483 1541 3536 nihil
1593 3484 1945 3554 exceptionis
1977 3485 2102 3539 ido-

471 3592 591 3630 neae
631 3589 954 3646 superesse,
989 3588 1102 3643 quo
1143 3571 1339 3625 minus
1371 3570 1543 3642 plane
1591 3571 1904 3625 conﬁderet
1951 3572 2098 3627 irre-

464 3661 709 3718 vocabili
745 3660 1212 3732 amplectendum
1249 3675 1490 3713 assensu
1523 3659 1590 3711 ad
1625 3659 1819 3730 ipsum
1851 3660 1909 3713 in
1944 3663 2096 3729 quod

462 3750 729 3804 inclinari
775 3750 897 3817 jam
949 3750 1217 3816 cceperat,
1250 3754 1350 3800 aut
1382 3749 1429 3800 si
1462 3763 1577 3801 non
1626 3748 2096 3817 persuaderetur,

468 3856 677 3893 causas
708 3837 1020 3909 explicaret
1067 3836 1139 3890 ob
1170 3852 1312 3905 quas
1351 3835 1612 3888 haereret.
1647 3836 1785 3888 Eam
1818 3835 1920 3888 viri
1971 3852 2096 3889 ora-

463 3929 675 3982 tionem
720 3927 982 3997 probavit
1028 3925 1364 3995 imperator,
1397 3929 1453 3979 et
1500 3923 1548 3978 ei
1601 3924 1874 3978 continuo
1904 3941 1933 3978 e
1965 3941 2094 3980 cus-

462 4016 622 4071 todia
671 4017 880 4069 educto
927 4015 1105 4068 libros
1139 4029 1237 4084 pe.v
1269 4012 1450 4067 otium
1502 4014 1903 4081 expendendos
1953 4030 2093 4082 prae-

459 4105 607 4159 buit.
663 4103 999 4158 Patriarcha
1035 4101 1266 4156 interim
1301 4101 1358 4154 in
1393 4102 1506 4154 acri
1557 4107 1681 4155 erat
1725 4101 2095 4156 meditatione

465 4192 707 4260 defixus,
743 4191 1070 4260 disquirens
1122 4189 1272 4260 apud
1307 4204 1433 4243 sese
1463 4188 1601 4258 quid
1653 4189 1972 4258 probabilis
2004 4207 2092 4244 re-

461 4280 660 4350 sponsi
715 4282 1030 4350 opponerct
1079 4276 1442 4348 argumentis
1490 4276 1883 4346 imperatoris,
1917 4294 2086 4348 quem

461 4384 563 4439 pro
597 4371 867 4437 suscepta
899 4366 1088 4436 palam
1123 4381 1300 4418 causa
1350 4380 1504 4418 nunc
1544 4365 1667 4432 jam
1719 4365 2092 4419 vehementer

455 4455 771 4510 instantem
799 4455 998 4524 utique
1024 4470 1123 4508 nec
1155 4453 1211 4507 in
1237 4459 1532 4524 posterum
1567 4452 1719 4507 382
1753 4453 2087 4522 quieturum

457 4543 602 4596 satis
633 4541 967 4613 apparebat.

457 4650 542 4702 16.
581 4649 642 4704 Ut
671 4646 1006 4717 patriarcha
1036 4663 1132 4700 sua
1174 4646 1362 4716 palam
1394 4645 1596 4715 scripto
1627 4645 1779 4700 edita
1811 4648 2091 4701 sententia

640 4719 919 4790 jaravcrit
947 4734 1003 4771 se
1033 4720 1088 4769 in
1120 4733 1308 4787 pacem
1339 4733 1443 4770 non
1475 4733 1890 4772 consensurum.

523 4807 586 4860 In
644 4823 708 4861 ea
767 4805 1194 4861 conﬂictantem
1255 4803 1631 4858 meditatione
1693 4804 2087 4874 patriarcham

455 4893 832 4965 conspicatus
866 4893 1190 4948 monachus
1236 4892 1420 4945 Jobus
1470 4892 1665 4954 Iasita,
1703 4895 1759 4945 et
1801 4909 1914 4945 non
1962 4893 2088 4947 sine

454 4999 630 5038 causa
661 4983 880 5036 veritus
912 4986 977 5035 ut
1007 4998 1111 5052 par
1141 4981 1210 5035 ad
1242 4985 1557 5034 extremam
1595 4979 2087 5034 foret'eluctandaa

450 5071 875 5126 contrariarum
918 5071 1209 5123 rationum
1267 5073 1324 5121 et
1372 5067 1740 5121 molitionum
1772 5067 2086 5130 instantiae,

451 5157 565 5212 tale
609 5158 912 5230 quidpiam
963 5155 1334 5211 machinatus
1387 5158 1475 5209 est
1522 5155 1588 5208 ad
1644 5155 1994 5209 ﬁrmandum
2026 5157 2085 5210 in

445 5246 752 5302 resistendi
787 5245 1114 5302 constantia
1165 5243 1505 5314 patriarchae
1549 5243 1832 5297 animum.
1867 5247 2085 5315 Sugge-

445 5333 522 5387 rit
564 5333 649 5386 illi
691 5333 1001 5389 consilium
1053 5331 1372 5386 scribendae
1428 5331 1843 5400 niittendreque
1892 5337 2083 5402 pasto-

448 5421 587 5476 ralis
617 5423 682 5475 ad
720 5424 1020 5476 universos
1069 5437 1220 5474 cura:
1252 5436 1372 5473 suae
1404 5419 1670 5474 subditos
1719 5419 1914 5475 fideles
1963 5421 2084 5492 epi-

449 5508 633 5575 stolze,
665 5526 779 5579 qua
808 5513 864 5564 et
895 5508 1027 5563 illos
1077 5509 1419 5563 admoneret
1466 5508 1604 5577 quid
1655 5509 1973 5563 tenendum
2023 5507 2081 5562 in

445 5596 535 5652 bis
567 5600 739 5667 esset,
772 5602 827 5654 et
857 5614 966 5667 quo
998 5595 1296 5652 efficacius
1330 5597 1400 5652 iis
1428 5599 1804 5669 persuaderet
1829 5600 1885 5652 in
1920 5614 2083 5653 com-

2216 3502 2342 3539 sum
2378 3487 2719 3554 patriarchas
2751 3492 2840 3542 est
2882 3487 3346 3557 experimentum
3379 3489 3720 3558 capiendum
3745 3486 3826 3551 ju-

2212 3573 2346 3626 dicii
2377 3574 2445 3627 de
2477 3574 2570 3630 his
2601 3575 2776 3629 rebus
2805 3575 3236 3646 episcoporum,
3259 3582 3327 3630 ut
3347 3578 3486 3632 inde
3509 3558 3828 3648 perspiceret

2210 3661 2416 3732 ecquid
2444 3662 2528 3716 sic
2559 3663 2795 3717 animati
2829 3669 3194 3733 apparerent,
3219 3668 3284 3717 ut
3308 3671 3466 3720 recte
3487 3665 3688 3721 conﬁdi
3719 3677 3829 3731 pos-

2213 3755 2296 3803 set
2328 3765 2426 3803 eos
2457 3766 2646 3819 usque
2677 3751 2746 3803 ad
2798 3751 2971 3805 finem
3026 3751 3430 3807 inﬂexibiliter
3457 3753 3515 3807 in
3551 3747 3825 3807 recusandi

2210 3837 2539 3891 constantia
2582 3855 2911 3892 mansuros.
2945 3839 3323 3909 Congregatis
3359 3856 3500 3910 ergo
3531 3840 3671 3910 ipsis
3699 3837 3827 3892 lecta

2209 3930 2300 3979 est
2330 3927 2673 3995 prescripta,
2700 3930 2766 3979 ut
2809 3926 2948 3991 dixi,
2974 3927 3172 3981 aJobo
3199 3929 3488 3984 monacho
3511 3925 3821 3999 patriarchae

2209 4013 2515 4066 sententia.
2544 4013 2787 4082 Moxque
2813 4013 3151 4084 interrogati
3175 4015 3396 4086 singuli
3429 4021 3569 4071 sunt
3594 4032 3663 4070 an
3695 4013 3823 4067 idem

2208 4105 2264 4154 et
2293 4102 2403 4171 ipsi
2451 4103 2840 4165 sentirent,et
2879 4119 3020 4156 num
3064 4110 3222 4159 certo
3265 4105 3663 4161 decrevissent
3689 4105 3741 4157 in
3768 4115 3822 4155 eo

2208 4205 2598 4256 perseverare.
2625 4189 2841 4242 Omnes
2873 4191 3070 4244 statim
3099 4199 3508 4258 assenserunt,
3530 4199 3587 4249 et
3614 4195 3824 4247 cuncto-

2209 4293 2337 4329 rum
2363 4282 2573 4346 prmter
2602 4277 3059 4346 providentiores
3093 4295 3310 4349 paucos
3331 4283 3591 4352 propriis
3620 4280 3821 4333 ﬁrmata

2207 4363 2738 4433 subscriptionibus
2759 4365 3004 4432 epistola
3033 4367 3215 4422 missa
3235 4383 3708 4440 quoquoversum
3728 4368 3821 4420 est.

2209 4453 2283 4505 Ea
2295 4452 2986 4523 vulgata,constrictoque
3001 4453 3329 4517 patriarcha
3348 4456 3654 4512 insolubili
3673 4467 3819 4515 nexu,

2204 4555 2276 4592 ne
2307 4540 2366 4592 in
2397 4539 2576 4592 ullam
2610 4539 2763 4594 circa
2794 4539 2914 4595 haac
2949 4541 3326 4597 mutationem
3360 4560 3495 4599 sese
3527 4547 3720 4616 posset
3749 4554 3820 4594 re-

2203 4628 2416 4693 laxare,
2445 4628 2660 4698 quippe
2692 4629 2784 4683 cui
2827 4633 2948 4697 jam
2985 4647 3100 4686 non
3132 4636 3289 4686 esset
3317 4632 3616 4704 integrum
3648 4649 3676 4686 a
3707 4644 3819 4685 sen-

2202 4718 2384 4770 tentia
2408 4721 2523 4770 tam
2547 4715 2778 4786 publica
2799 4719 3159 4788 professione
3177 4719 3476 4777 declarata
3498 4718 3817 4786 resilire,ju-

2197 4805 2516 4874 risjurandi
2543 4805 2766 4873 utique,
2787 4805 3065 4876 religione
3087 4808 3372 4874 devincto,
3401 4810 3455 4864 is
3481 4826 3623 4865 sane
3645 4823 3748 4879 pra:
3767 4818 3818 4858 se

2199 4894 2418 4946 ferebat
2433 4908 2496 4945 se
2513 4898 2718 4961 negatu
2731 4909 2855 4946 rum
2883 4893 3218 4964 imperatori
3237 4896 3388 4951 388
3407 4898 3565 4967 quod
3582 4895 3817 4966 petebat,

2198 4985 2254 5035 et
2283 4994 2585 5050 nunquam
2611 4995 3031 5036 consensurum
3063 4981 3122 5036 in
3156 4985 3533 5039 concordiam
3561 4981 3820 5039 Ecclesia-

2196 5084 2325 5122 rum
2360 5082 2487 5137 quaa
2531 5068 2916 5121 tractabatur.
2941 5071 3128 5133 Quare
3178 5071 3490 5142 desperato
3523 5073 3818 5140 imperator

2197 5171 2440 5210 assensu
2476 5155 2812 5223 patriarchas
2847 5161 3081 5227 propter
3110 5157 3432 5226 juramenti
3465 5155 3816 5214 obstaculum

2196 5241 2594 5306 ineluctabile,
2627 5244 2916 5298 aestuabat
2959 5245 3173 5310 animo,
3209 5246 3510 5301 difﬁcilem
3557 5247 3689 5300 inde
3717 5245 3818 5296 fore

2194 5332 2409 5401 negotii
2441 5332 2659 5384 exitum
2693 5332 3027 5400 providens.
3047 5332 3190 5387 Nam
3229 5340 3551 5403 utrumque
3575 5351 3645 5388 ex
3673 5343 3819 5400 aequo

2193 5421 2510 5489 imperator
2547 5419 2807 5487 optabat,
2838 5424 2893 5472 et
2939 5419 3074 5473 iniri
3119 5421 3493 5476 concordiam
3527 5428 3585 5476 et
3616 5421 3670 5475 in
3704 5432 3816 5472 eam

2193 5505 2521 5561 consentire
2569 5505 2985 5574 patriarcham.
3017 5507 3234 5563 Tamen
3268 5509 3399 5563 inde
3451 5509 3728 5578 repulsus
3753 5503 3816 5559 ad

2193 5595 2486 5666 urgendos
2542 5593 2846 5662 episcopos
2893 5595 3295 5652 vehementius
3342 5596 3635 5652 incubuit.
3679 5597 3818 5648 Inter
