4110 6280
243 307 346 362 837

1323 305 1420 359 ΒΕ
1457 302 1825 357 MICHABLE
1862 300 2284 358 PALEOLOGO
2320 306 2453 361 LIB.
2494 306 2563 358 V.

3522 305 3626 361 838

240 428 403 485 πλέον
442 425 841 500 τολμησάντων
888 429 998 480 τῶν
1046 425 1270 482 Ἰταλῶν
1321 421 1454 487 ἴσως
1500 425 1534 493 ἢ
1572 422 1634 475 τὸ
1683 421 1769 475 ἐπὶ
1799 425 1877 492 τῷ
1905 423 1961 490 Α
1991 422 2124 499 ἀμφ’
2154 422 2310 477 αὐτὸν
2346 422 2548 498 λογίων
2582 420 2900 497 λαμϐάνων.
2942 427 3099 489 Ὃθεν
3147 426 3235 479 καὶ
3278 432 3395 487 τοῖς
3445 427 3631 503 ἀρχιε-

242 512 516 591 Συμϐόλῳ
546 516 880 591 προσθεῖναι,
910 514 996 567 καὶ
1026 513 1123 581 τήν
1174 516 1270 577 τοῦ
1320 514 1629 583 θαυμαστοῦ
1679 508 1880 577 Κορίλ-

240 604 338 660 λου
370 602 511 673 λέξιν
550 608 811 677 παρῆγεν,
869 602 1017 672 ἡμᾶς
1073 620 1131 654 τε
1185 598 1468 659 κάκείνους
1515 599 1652 651 κατά
1696 598 1756 650 τὸ
1787 595 1879 670 ἐγ-

241 696 453 769 χωροῦν
501 685 963 762 συμϐιϐάζουσαν,
1020 690 1119 757 τήν
1164 711 1192 738 ‹‹
1224 688 1298 743 Τὸ
1341 687 1392 756 ἐξ
1445 687 1647 763 ἀμφοῖν
1680 686 1881 739 οὐσιω-

244 784 347 845 δῶς
407 783 671 856 ὑπάρχον,
720 781 991 834 τουτέστιν
1044 778 1101 832 ἐκ
1149 779 1356 852 Πατρὸς
1406 775 1474 830 δι’
1522 778 1690 843 Τὶοῦ,
1731 799 1756 825 ›ι
1807 775 1882 834 ὡς

245 871 457 925 ἐκείνων
493 869 584 941 μὲν
619 868 858 942 ἐχόντων
900 866 999 933 τὴν
1051 866 1129 933 ἐκ,
1177 868 1337 937 ἡμῶν
1386 862 1442 918 δὲ
1487 866 1586 933 τήν
1633 860 1741 930 διὰ,
1792 862 1879 915 καὶ

244 959 440 1035 ἀμφοῖν
482 957 687 1010 τούτων
738 955 941 1009 ἐκεῖνον
1001 948 1373 1025 συμϐιϐαστὴν
1424 952 1685 1026 γίνεσθαι.
1737 954 1882 1006 Ταῦ-

240 1066 301 1100 τα
329 1045 419 1099 καὶ
450 1042 635 1099 πολλὰ
662 1047 768 1096 τῶν
825 1040 1088 1095 τοιούτων
1140 1038 1293 1111 ἰδὼν,
1348 1039 1435 1094 καὶ
1490 1039 1625 1113 πρὸς
1667 1037 1879 1098 τούτοις

239 1133 326 1187 τὸν
361 1131 523 1207 μέγαν
568 1132 820 1202 Μάξιμον
869 1129 1039 1202 εὑρὼν
1100 1132 1493 1203 μαρτυροῦντα,
1548 1126 1598 1180 ἐν
1653 1130 1750 1196 μιᾷ
1774 1130 1880 1179 τῶν

242 1220 539 1275 ἐπιστολῶν
590 1219 724 1291 πρὸς
785 1219 1064 1294 Ῥουφῖνον
1143 1216 1277 1288 μετά
1345 1214 1530 1269 πολλὰ
1591 1213 1731 1268 οὕτω
1792 1212 1883 1267 λέ-

241 1328 421 1384 γοντα”
457 1331 485 1358 ‹‹
517 1309 603 1377 Ἐξ
650 1307 723 1359 ὧν
772 1304 870 1359 ούκ
917 1304 1087 1359 αἰτίαν
1140 1309 1270 1377 σφᾶς
1318 1304 1408 1357 τὸν
1463 1305 1737 1375 Μονογενῆ
1785 1306 1882 1355 τοῦ

242 1396 551 1467 Πνεύματος
582 1391 861 1465 ἀπέδειξαν
893 1390 1089 1466 λέγειν,
1149 1389 1291 1445 ’ἀλλ’
1340 1390 1433 1444 ἵνα
1487 1390 1549 1444 τὸ
1596 1387 1663 1443 δι’
1720 1389 1882 1443 αὐτοῦ

242 1495 487 1558 προϊεναι
514 1480 810 1551 δηλώσωσι
841 1481 931 1533 καὶ
974 1479 1139 1552 ταύτῃ
1184 1478 1246 1533 τὺ
1300 1479 1526 1552 συναφὲς
1572 1477 1661 1531 καὶ
1709 1478 1881 1549 ἀπαρ-

1841 1563 1864 1580 Ν

243 1571 514 1626 ἀλλακτον
570 1575 671 1637 τῆς
733 1569 923 1630 οὐσίας
978 1568 1413 1641 παραστήσωσιν.
1453 1589 1480 1615 ››
1534 1563 1785 1619 ἀδύνατον
1838 1563 1883 1618 δ’

242 1658 502 1713 εἶναικαὶ
555 1661 651 1711 τοῦ
718 1655 959 1731 μεγάλου
1019 1653 1333 1709 Ἀθανασίου
1386 1653 1882 1726 κατήκουεν,ἐντῇ

1984 512 2127 583 ρεῦσι
2162 513 2244 581 [Ρ.
2286 514 2411 582 261]
2472 510 2717 580 πολὺςῆν
2785 510 3078 584 ἐμπίπτων
3129 511 3245 566 xui.
3300 513 3637 586 καταναγκά.

1989 600 2092 662 ζων
2141 598 2240 665 τήν
2291 602 2503 673 πρᾶξιν,
2563 599 2993 674 ἐγχρενιζόντων
3063 600 3151 654 καὶ
3234 598 3445 673 μᾶλλον
3520 605 3627 655 τῶν

1986 680 2258 756 πρέσϐεων
2271 730 2283 743 .

1989 845 2070 911 ιζ’.
2131 844 2260 917 Περὶ
2325 848 2429 896 τῶν
2462 845 2929 935 νάποκρισιαρίων,
2989 850 3086 899 τοῦ
3142 847 3458 969 ⁷βασιλέως,
3536 851 3628 905 καὶ

2264 935 2363 969 της
2393 935 2490 968 του
2531 935 2875 969 πατοιαογου
2906 936 3136 969 απογωο
3167 939 3339 969 .σεως-

2264 920 2363 983 τῆς
2393 919 2490 968 τοῦ
2531 915 2875 989 πατριάρχου
2906 915 3339 991 ἀποχωρήσεως.

2058 1039 2146 1098 Ὠς
2185 1042 2311 1111 γοῦν
2370 1037 2459 1092 καὶ
2520 1035 2597 1092 ἔτι
2656 1040 2958 1114 ἀνὴρτηντο
3011 1040 3077 1094 τὰ
3134 1046 3230 1095 τοῦ
3286 1043 3631 1117 πράγματος,

1985 1124 2073 1179 καὶ
2106 1125 2171 1193 ἦν
2224 1124 2424 1200 ἀνάγκη
2484 1122 2734 1196 πρέσϐείς
2794 1130 3095 1201 πέμπεσθαι
3143 1128 3225 1202 ἐφ’
3255 1130 3300 1203 ᾦ
3331 1137 3453 1204 παρ’
3506 1131 3638 1185 ἐκεί-

1984 1233 2089 1266 νων
2122 1214 2184 1267 τὸ
2216 1213 2451 1290 ἀσφαλὲς
2503 1213 2767 1288 γενέσθαι,
2821 1216 2893 1277 ὡς
2941 1215 3178 1271 ἐντεῦθεν
3230 1219 3305 1289 μή
3365 1217 3637 1272 ὑποπτεύ-

1988 1321 2062 1354 ειν
2117 1303 2208 1354 τόν
2265 1300 2512 1356 κίνδυνον
2573 1303 2928 1377 ὑποταγέντας
2990 1308 3057 1377 τῇ
3125 1310 3232 1359 τῶν
3289 1307 3632 1375 Ἐκκλησιῶν

1986 1389 2262 1463 πρωτίστη
2316 1390 2403 1443 καὶ
2465 1387 2572 1457 ἤδη
2631 1392 2886 1463 γνησίους
2957 1391 3165 1460 ἐκείνης
3216 1393 3635 1465 νομιζομένους,

1987 1474 2299 1550 ἐξελέγοντο
2354 1477 2447 1548 μὲν
2499 1479 2548 1530 οἱ
2598 1472 2867 1552 πρεσϐεις,
2914 1480 2966 1533 οἱ
3020 1477 3066 1533 δ’
3117 1480 3252 1548 ἦσαν
3287 1482 3641 1557 ὁπροπατρι-

1988 1564 2255 1638 αρχεύσας
2311 1565 2583 1637 Γερμανὸς
2651 1567 2737 1619 καὶ
2801 1568 2827 1619 6
2888 1566 3115 1628 Νικαίας
3192 1570 3489 1645 Θεοφάνης,
3547 1570 3638 1624 καὶ

1987 1656 2092 1705 τῶν
2135 1651 2514 1725 συγκλητικῶν
2569 1654 2596 1706 6
2644 1654 2811 1726 μέγας
2864 1653 3165 1729 λογοθέτης
3215 1658 3639 1729 Ἀκροπολίτης,

239 1755 337 1815 τῆς
367 1743 602 1821 Τριάδος
633 1746 776 1817 τάξει
817 1745 879 1798 τὸ
934 1748 1149 1816 Πνεῦμα
1198 1743 1551 1815 γινώσκεσθαι
1606 1744 1680 1814 μή
1714 1762 1880 1813 προο-
1914 1740 2017 1829 B6
2075 1742 2491 1813 πρυκαθήμενος
2548 1746 2645 1795 τοῦ
2711 1742 3020 1815 βεστιαρίου
3080 1745 3399 1813 Πανάρετος,
3458 1747 3546 1801 καὶ
3605 1749 3633 1800 ὁ

242 1833 405 1895 δικῶς
439 1832 465 1887 ὃ
505 1832 566 1887 ἐκ
592 1837 724 1887 Θεοῦ
775 1830 842 1885 δι’
888 1833 1039 1903 Υὶοῦ,
1090 1829 1234 1885 ἀλλά
1280 1834 1605 1901 ποιητικῶς,
1659 1831 1730 1891 ὡς
1786 1829 1879 1884 λέ-

240 1944 416 1997 γουσι.
474 1920 705 1981 Τούτοις
759 1941 817 1974 τε
868 1920 957 1974 καὶ
1010 1925 1126 1981 τοῖς
1178 1918 1453 1979 τοιούτοις
1502 1919 1885 1991 συγκροτηθεῖς

244 2013 355 2065 οἷον
391 2011 418 2063 6
451 2008 650 2071 Βὲκκος
694 2008 773 2084 ἐφ’
825 2006 870 2079 ᾧ
925 2008 1022 2075 τήν
1084 2005 1222 2061 ἰδίαν
1275 2009 1592 2081 θεραπεῦσαι
1638 2004 1883 2073 συνείδη-

244 2120 347 2167 σιν,
384 2095 702 2151 ὑπεκλίνετο
732 2097 868 2169 πρὸς
913 2094 1157 2171 εἰρήνην.
1209 2094 1310 2149 Καὶ
1362 2095 1389 2148 6
1442 2092 1692 2168 βασιλεὺς
1741 2092 1887 2148 πολ-

292 2189 305 2204 ‘
492 2189 518 2199 ~
742 2183 753 2203 Ῐ
1024 2184 1036 2200 ‘
1143 2182 1156 2200 κ
1255 2182 1267 2198 ‘
1677 2179 1719 2198 ΝΚ
1827 2181 1837 2197 1

243 2185 348 2255 λην
376 2185 611 2247 ἐντεῦθεν
661 2178 933 2255 ἐλαμϐανε
979 2203 1078 2249 την
1132 2203 1330 2256 ροπην,
1387 2180 1633 2253 πολέμου
1674 2196 1731 2235 οε
1759 2202 1884 2235 τους

250 2273 552 2351 ἐφεστῶτας
609 2273 699 2325 καὶ
758 2270 959 2343 α’ίματα
1029 2270 1443 2343 ἐκχυθησόμενα
1497 2265 1888 2341 προϐαλλόμε-

248 2383 358 2434 νος,
391 2360 544 2433 ὅμως
573 2358 630 2414 δὲ
670 2358 720 2413 ἐν
773 2358 1006 2436 ἀσφαλεῖ
1056 2359 1229 2430 μένειν
1280 2356 1550 2431 πράξαντα
1596 2358 1740 2431 παρά
1781 2360 1885 2411 τῶν

244 2577 365 2631 haec
377 2576 598 2632 Veccus
614 2574 779 2631 lectis
800 2573 1127 2637 libris,cum
1149 2573 1208 2627 in
1236 2572 1303 2627 iis
1321 2573 1683 2628 observasset
1700 2571 1887 2627 multa

247 2682 371 2737 qua:
403 2664 845 2719 conventionem
880 2661 1259 2717 Ecclesiarum
1294 2662 1478 2716 multo
1503 2676 1678 2733 quam
1713 2663 1885 2732 puta-

248 2758 337 2806 rat
389 2751 803 2822 expeditiorem
864 2750 1260 2815 ostenderent,
1302 2750 1516 2820 quippe
1565 2766 1697 2803 cum
1750 2747 1886 2801 inde

256 2842 543 2893 constaret
579 2854 873 2893 summam
918 2838 1157 2892 demum
1193 2837 1406 2907 peccati
1457 2836 1790 2891 Latinorum
1827 2837 1883 2889 in

256 2927 648 2981 additamento
682 2926 837 2981 verbi
864 2925 1039 2979 unius
1072 2926 1141 2979 ad
1180 2924 1520 2995 Symbolum
1546 2927 1884 2989 consistere,

252 3020 308 3069 et
346 3015 501 3085 quod
552 3016 764 3084 dogma
814 3013 1009 3083 ipsum
1061 3013 1367 3079 attinebat,
1400 3017 1654 3066 exstaret
1702 3011 1885 3066 sancti

250 3102 447 3174 Cyrilli
470 3101 1061 3171 testimonium,quod
1090 3117 1194 3155 nos
1216 3104 1272 3155 et
1292 3099 1422 3155 illos
1444 3100 1502 3154 in
1526 3100 1635 3154 hoc
1653 3101 1886 3169 quidem

252 3190 443 3261 capite
474 3188 841 3253 conciliabat,
877 3188 1019 3242 illud
1063 3188 1342 3242 nimirum
1375 3204 1489 3258 quo
1522 3192 1759 3242 sanctus
1792 3187 1889 3242 ille

253 3278 455 3333 doctor
475 3276 555 3331 ait
573 3275 851 3347 Spiritum
878 3279 1145 3330 sanetum
1171 3292 1237 3330 su
1249 3274 1636 3329 bstantialiter
1654 3292 1721 3330 ex
1742 3277 1887 3331 duo-

254 3328 381 3420 Ba;
397 3328 840 3432 grassata
870 3328 961 3418 ea
987 3328 1079 3418 εἰ
1098 3328 1261 3417 Patre
1294 3380 1395 3433 per
1426 3328 1611 3418 Flium
1632 3379 1643 3418 ;
1664 3328 1888 3433 lutjain
1920 3328 1964 3394 α

249 3457 376 3508 tota
405 3451 799 3507 controversia
825 3450 883 3505 in
907 3450 1482 3522 praepositiunculam
1508 3452 1889 3521 redigeretur,

262 3556 472 3612 nempe
515 3541 800 3595 ambobus
845 3556 1007 3610 aeque
1062 3539 1517 3610 agnoscentibus
1572 3539 1696 3593 Filii
1756 3556 1889 3593 cum

251 3630 423 3685 Patre
452 3628 508 3683 in
542 3628 859 3699 spiratione
891 3628 1272 3694 consortium,
1307 3644 1437 3682 cum
1482 3627 1587 3682 hoc
1619 3628 1741 3682 solo
1773 3628 1890 3682 dis-

251 3717 499 3775 crimine
531 3718 683 3788 quod
722 3716 902 3770 Laiini
935 3733 1002 3770 ex
1026 3715 1377 3784 Filio,Graeci
1409 3731 1508 3786 per
1534 3716 1737 3769 Filium
1766 3733 1892 3786 pro-

251 3807 457 3862 cedere
480 3804 761 3876 Spiritum
786 3804 1073 3870 dicerent;
1098 3821 1225 3875 quas
1244 3820 1419 3874 parva
1441 3807 1563 3857 erat
1589 3808 1644 3857 et
1674 3802 1892 3857 nullius

251 3892 535 3949 momenti
568 3892 917 3956 differentia,
949 3892 1093 3945 nihil
1138 3890 1453 3961 prohibens
1486 3891 1802 3961 quominus
1836 3891 1892 3944 in

251 3998 491 4036 summa
521 3981 811 4052 dogmatis
854 3980 1183 4035 consentire.
1236 3978 1503 4033 Ecclesia:
1536 3980 1892 4033 viderentur.

256 4071 380 4136 llis,
397 4069 663 4139 inquam,
680 4072 737 4124 et
760 4067 1896 4138 multisejusmodiconsideratisVeccus

252 4159 501 4229 insuper
529 4157 749 4211 invenit
797 4157 953 4211 aliud
989 4158 1059 4211 ad
1091 4173 1216 4211 eam
1271 4172 1391 4210 rem
1447 4155 1701 4227 palmare
1731 4155 1896 4209 testi-

254 4246 523 4301 monium
556 4245 741 4300 sancti
770 4245 860 4299 Ma
876 4244 1005 4298 rimi
1033 4244 1087 4297 in
1115 4243 1358 4315 epistola
1382 4244 1451 4298 ad
1479 4244 1777 4306 Rufinum,
1797 4243 1898 4297 ubi

252 4338 389 4404 post
421 4332 602 4387 multa
633 4333 715 4387 sie
749 4331 952 4387 scribit
976 4347 1026 4385 ει
1052 4333 1129 4385 Ex
1153 4333 1368 4403 quibus
1398 4349 1509 4386 non
1544 4331 1896 4403 principium

252 4438 318 4475 se
352 4420 731 4491 Unigenitum
763 4419 1013 4490 Spiritus
1053 4420 1430 4473 ostenderunt
1461 4419 1669 4483 dicere,
1706 4420 1800 4473 sed
1838 4422 1902 4471 ut

250 4524 360 4579 per
388 4508 582 4579 ipsum
618 4508 927 4579 procedere
957 4506 1376 4578 signiﬁcarent,
1400 4512 1457 4561 et
1486 4524 1515 4561 e
1547 4508 1772 4562 ratione
1804 4523 1902 4561 co-

253 4596 577 4651 haesionem
610 4595 1020 4667 inseparabilis
1054 4595 1395 4650 substantiae
1416 4597 1852 4650 constituerent.
1874 4619 1894 4647 ι

1994 1828 2158 1902 μὲγας
2191 1826 2581 1902 διερμηνευτής
2618 1828 3017 1903 Βερροπιώτης.
3047 1829 3113 1887 Ο’ί
3157 1829 3222 1901 δὴ
3254 1832 3344 1887 καὶ
3376 1834 3484 1887 ἀνα
3516 1834 3638 1906 μίαν

1988 1919 2212 1990 τριήρη,
2262 1916 2497 1976 ἐντεῦθεν
2555 1918 2642 1969 λὶν
2698 1919 2748 1971 οἱ
2793 1925 2891 1986 τῆς
2946 1917 3293 1988 Ἐκκλησίας,
3348 1920 3546 1977 ἐκεῖθεν
3580 1922 3637 1978 δὲ

1992 2003 2137 2072 πλὴν
2182 2007 2277 2057 τοῦ
2336 2003 2573 2077 μεγάλου
2636 2004 2929 2079 λογοθὲτου
2978 2009 3029 2060 οἱ
3091 2008 3148 2062 ἐκ
3186 2014 3282 2063 τοῦ
3345 2011 3633 2084 βασιλέως,

1994 2088 2249 2154 λαϐόντες
2278 2092 2565 2164 ἀνήγοντο,
2608 2092 2986 2169 ἐπιφερόμενοι
3044 2095 3132 2148 καὶ
3182 2095 3367 2151 πολλά
3420 2105 3527 2153 τῶν
3559 2102 3635 2155 ἰε-

1997 2185 2102 2254 ρῶν
2160 2177 2349 2254 δώρων
2389 2225 2402 2249 ,
2462 2176 2660 2241 στολὰς
2722 2179 2865 2254 λέγω
2921 2182 3011 2236 καὶ
3070 2183 3383 2257 κατάχρυσοι
3436 2189 3635 2242 εἰκονί-

1998 2288 2176 2340 σματα
2231 2269 2319 2322 καὶ
2382 2268 2602 2332 σύνθετα
2659 2266 2940 2343 πολύτιμα
2999 2276 3335 2344 θυμιάματα,
3388 2278 3522 2350 πρὸς
3581 2275 3640 2332 δὲ

1996 2356 2087 2411 καὶ
2163 2356 2261 2424 τὴν
2330 2362 2427 2423 τῆς
2488 2354 2779 2424 ἐκκλησίας
2847 2355 3069 2427 ἐνδυτὴν
3137 2359 3194 2413 ἐκ
3255 2362 3638 2436 χρυσοπάστου

1995 2570 2076 2639 di,
2120 2570 2340 2625 addens
2392 2570 2613 2626 nullam
2664 2588 2791 2627 esse
2832 2589 3070 2628 causam
3113 2578 3232 2630 tam
3291 2580 3633 2636 necessariae

1995 2660 2406 2731 praacautionis
2437 2662 2792 2729 omittendae,
2812 2679 2941 2716 cum
2968 2664 3118 2733 quod
3145 2665 3213 2718 ad
3243 2670 3639 2736 praevertenda

1994 2752 2159 2803 tanta
2188 2748 2341 2802 mala
2373 2749 2693 2815 petebatur,
2719 2766 2985 2804 securum
3017 2750 3432 2823 innoxiumque
3463 2756 3634 2826 quid-

1994 2834 2129 2888 dam
2163 2839 2317 2889 esset
2338 2835 2563 2903 judicio
2588 2837 2991 2907 praestantium
3026 2838 3451 2910 theologorum,
3477 2847 3534 2897 et
3563 2846 3634 2898 ab

1996 2923 2154 2977 omni
2186 2924 2398 2979 erroris
2441 2929 2541 2978 aut
2588 2924 2769 2996 culpa)
2801 2926 3056 2996 periculo
3102 2933 3413 2984 remotum.
3447 2932 3635 2993 Quare

1997 3010 2219 3065 multus
2251 3016 2373 3065 erat
2404 3013 2460 3065 in
2493 3012 2765 3068 instando
2793 3015 3101 3085 episc0pis,
3135 3016 3323 3086 iisque
3354 3020 3510 3072 omni
3545 3038 3635 3073 cu-

2000 3104 2136 3153 natu
2168 3101 2550 3172 perurgendis
2597 3103 2663 3155 ad
2707 3102 3003 3171 negotium
3053 3105 3502 3171 conﬁciendum,
3535 3125 3631 3162 ex-

2000 3189 2403 3259 spectantibus
2426 3189 2495 3242 ad
2528 3189 2721 3259 ipsum
2754 3191 2853 3260 qui
2877 3192 3120 3245 aderant
3143 3209 3174 3245 a
3202 3192 3462 3249 Romano
3490 3212 3633 3265 pon-

1998 3276 2151 3330 tiﬁce
2195 3277 2419 3347 legatis,
2452 3281 2509 3331 et
2556 3278 2805 3332 reditum
2837 3279 3231 3334 differentium
3264 3298 3365 3352 spe
3395 3284 3631 3338 tandem

2000 3363 2300 3418 obtinendi
2335 3366 2485 3433 quod
2520 3365 2815 3434 petebant.

2070 3452 2154 3505 17.
2189 3452 2260 3505 De
2292 3452 2482 3520 legatis
2514 3452 2855 3521 imperatoris
2884 3458 2935 3507 et
2964 3470 3175 3509 secessu
3202 3456 3560 3525 patriarchae.

2069 3539 2172 3593 Hic
2202 3544 2324 3593 erat
2354 3547 2489 3593 tunc
2517 3545 2708 3595 status
2744 3541 2956 3611 negotii
2989 3544 3315 3613 pendentis.
3350 3546 3470 3608 Quo
3501 3547 3636 3601 arti-

1998 3627 2127 3682 culo
2159 3643 2349 3682 rerum
2374 3628 2493 3696 jam
2528 3632 2823 3683 maturum
2856 3634 3028 3699 atque
3062 3632 3202 3686 adeo
3237 3635 3634 3690 necessarium

1996 3716 2184 3770 visum
2218 3720 2307 3770 est
2353 3714 2575 3786 legatos
2604 3717 2671 3769 ad
2706 3720 2919 3786 Papam
2955 3722 3187 3774 mutuos
3236 3721 3487 3788 mittere,
3523 3738 3637 3792 quo

1999 3803 2269 3859 videlicet
2290 3808 2451 3858 tanto
2474 3803 2737 3858 securius
2762 3805 3072 3859 formidata
3106 3807 3440 3862 Latinorum
3468 3826 3637 3879 expe-

2002 3891 2142 3947 ditio
2193 3892 2667 3962 suspenderetur,
2693 3895 2969 3961 praetextu
3004 3893 3127 3961 jam
3173 3895 3405 3965 dempto
3438 3896 3638 3950 Carolo

2002 3980 2228 4034 Graecos
2251 3979 2624 4050 oppugnandi
2661 3984 2723 4033 ut
2753 3980 3179 4049 schismaticos,
3204 3998 3453 4052 quorum
3487 3990 3641 4038 esset

2003 4068 2058 4121 in
2103 4067 2265 4121 Italia
2315 4066 2523 4137 legatio
2572 4067 2892 4122 Romanam
2953 4068 3264 4123 Ecclesiam
3316 4070 3638 4142 principem

2004 4154 2377 4210 ecclesiarum
2411 4155 2873 4225 agnoscentium,
2897 4162 2954 4211 et
2982 4157 3331 4228 obsequium
3366 4162 3639 4229 profiten-

2003 4244 2172 4311 tium,
2205 4260 2267 4296 ac
2310 4247 2374 4297 ut
2432 4260 2597 4298 suam
2649 4246 2755 4299 rite
2787 4246 3190 4300 venerantium
3240 4247 3535 4303 dominam
3583 4254 3642 4304 et

2006 4336 2272 4387 matrem.
2310 4330 2485 4385 Electi
2517 4348 2652 4401 ergo
2686 4331 2742 4386 in
2782 4331 3001 4403 legatos
3030 4333 3090 4387 hi
3122 4338 3279 4399 sunt,
3314 4334 3639 4392 Germanus

2007 4419 2099 4488 qui
2127 4419 2452 4488 patriarcha
2478 4420 2680 4487 fuerat,
2706 4423 2761 4473 et
2783 4420 3089 4491 episcopus
3110 4421 3309 4475 Nicaeae
3332 4422 3641 4493 Theopha-

2007 4524 2131 4573 nes,
2151 4511 2423 4577 praaterea
2444 4523 2511 4560 ex
2532 4508 2838 4561 senatoriis
2866 4524 3115 4578 magnus
3148 4508 3439 4580 logotheta
3472 4515 3644 4566 Acro-

2009 4594 2207 4666 polita,
2240 4611 2452 4665 praeses
2474 4594 2725 4649 vestiarii
2749 4601 3089 4660 Panaretus,
3113 4601 3167 4651 et
3188 4613 3437 4668 magnus
3470 4598 3643 4654 inter-

252 4685 558 4740 Suadebat
590 4664 1090 4739 idem-auctoritas
1124 4684 1319 4756 magni
1352 4682 1655 4737 Athanasii
1686 4684 1900 4738 diserte
1933 4664 1975 4727 Ῐ)
2010 4664 2140 4752 pres
2170 4664 2522 4735 Berrbcnota.
2548 4682 2649 4735 His
2680 4683 2947 4736 triremes
2997 4684 3067 4737 ab
3117 4664 3468 4755 imperatore
3500 4688 3643 4741 data:

253 4771 611 4828 afﬁrmantis
643 4771 763 4826 ﬁeri
809 4788 922 4826 non
967 4786 1136 4841 posse
1166 4776 1231 4826 ut
1261 4772 1316 4825 in
1354 4771 1651 4825 Trinitatis
1699 4772 1901 4825 ordine

253 4859 514 4930 Spiritus
547 4863 978 4931 agnosceretur,
1004 4859 1157 4914 384
1180 4860 1323 4931 quin
1347 4875 1411 4913 ex
1433 4858 1548 4913 Deo
1573 4875 1673 4928 per
1690 4858 1901 4914 Filium

255 4964 378 5003 non
421 4948 811 5018 progressive,
834 4948 933 5002 sed
967 4947 1303 5013 efficienter,
1328 4952 1391 5001 ut
1428 4946 1769 5018 loquuntur,
1803 4964 1904 5002 ex—

256 5036 517 5091 sisteret.
546 5035 641 5091 llis
698 5036 933 5090 tandem
985 5039 1043 5090 et
1092 5034 1300 5089 horum
1334 5033 1627 5088 similibus
1685 5038 1903 5089 attente

257 5122 570 5194 perpensis
602 5124 817 5179 Veccus
865 5122 1025 5177 omni
1068 5123 1191 5191 jam
1242 5127 1506 5193 exempto
1538 5121 1901 5177 conscientiae

254 5210 562 5282 scrupulo,
592 5215 751 5266 totus
800 5212 869 5265 ad
920 5224 1119 5281 pacem
1175 5210 1589 5281 propendebat.
1625 5211 1758 5272 Quae
1812 5227 1903 5265 res

253 5315 475 5369 magno
524 5299 902 5354 incitamento
954 5298 1291 5369 imperatori
1337 5298 1443 5352 fuit
1485 5299 1551 5352 ad
1604 5298 1901 5369 inceptum

254 5388 614 5459 urgendum.
650 5389 795 5459 Ergo
837 5404 902 5442 eo
940 5388 1061 5457 jam
1096 5386 1371 5441 ﬁdentius
1402 5386 1529 5441 illas
1562 5387 1671 5440 sibi
1703 5386 1904 5442 solitas

253 5476 608 5532 formidines
667 5476 978 5547 allegabat,
1030 5474 1308 5529 bellorum
1344 5475 1631 5541 videlicet,
1655 5475 1737 5529 ni
1765 5491 1901 5529 con-

252 5564 460 5620 cordia
491 5564 759 5632 iniretur,
783 5563 1245 5635 impendentium
1279 5562 1621 5635 cruorisque
1654 5563 1900 5618 funden-

2011 4774 2149 4825 sunt
2181 4771 2304 4823 duae
2333 4786 2345 4822 :
2372 4786 2546 4823 unam
2584 4769 2679 4839 qui
2715 4787 2782 4823 ex
2827 4770 3082 4826 Ecclesia
3111 4778 3275 4827 erant
3301 4774 3475 4828 simul
3508 4791 3643 4831 con-

2009 4858 2381 4921 scenderunt,
2407 4856 2588 4911 altera
2620 4857 2764 4928 regii
2788 4858 3146 4913 vehebantur
3166 4867 3401 4932 excepto
3431 4878 3642 4934 magno

2008 4945 2323 5017 logothcta.
2350 4944 2691 4999 Extulerunt
2722 4951 2915 5000 autem
2968 4963 3163 5002 secum
3209 4948 3394 5004 multa
3424 4955 3479 5004 et
3511 4967 3643 5021 pre-

2010 5036 2158 5089 tiosa
2179 5033 2326 5090 385
2355 5032 2732 5104 supellectilis
2755 5050 2929 5088 sacras
2960 5034 3131 5104 dona,
3155 5036 3351 5106 stolas,
3378 5038 3643 5107 inquam,

2010 5128 2065 5177 et
2083 5138 2288 5177 aureas
2304 5121 2545 5193 effigies,
2563 5126 2686 5176 tum
2710 5123 3036 5193 composita
3055 5139 3123 5177 ex
3142 5124 3317 5178 variis
3340 5126 3645 5196 speciebus

2012 5214 2336 5265 aromatum
2369 5210 2624 5280 ingentis
2674 5211 2841 5280 pretii
2891 5210 3294 5282 thymiamata.
3323 5212 3403 5264 Ad
3441 5211 3561 5266 haze
3591 5216 3648 5265 et

2012 5298 2248 5367 majoris
2282 5296 2535 5351 ecclesiae
2560 5299 2804 5369 endyten
2828 5300 2945 5352 sive
2975 5303 3218 5367 tapetem
3249 5298 3468 5365 altaris,
3495 5300 3645 5352 rosei

2012 5386 2243 5449 coloris,
2267 5402 2404 5439 auro
2437 5384 2700 5452 illusum,
2731 5386 3047 5441 unionibus
3071 5384 3321 5439 insertis.
3353 5386 3516 5439 Hune
3542 5384 3647 5438 im-

2011 5475 2499 5547 perator,quando
2522 5479 2609 5528 est
2628 5474 2996 5530 anathemate
3022 5472 3472 5539 solutus,divino
3497 5476 3645 5527 tem-

2012 5562 2105 5634 plo
2147 5565 2496 5631 sacraverat,
2527 5562 2744 5617 donum
2790 5577 2986 5617 revera
3034 5560 3133 5614 tali
3184 5576 3428 5629 persona
3459 5563 3513 5615 et
3543 5559 3646 5614 tali
