4130 6270
291 319 387 376 841

1347 313 1445 366 DE
1480 309 1848 365 MICHAELE
1885 309 2326 368 PALEOLOGO
2363 315 2498 368 LIB.
2540 317 2607 367 V.

3570 307 3679 362 842

290 453 426 509 σθαι,
459 437 712 513 πρωτείῳ
741 436 991 509 ἐκκλήτῳ
1037 434 1126 491 καί
1178 433 1531 508 μνημοσηᾶνῳ,
1581 428 1652 484 ὧν
1702 427 1924 484 ἕκαστον
1953 437 2007 501 Α
2036 431 2160 506 περὶ
2213 434 2417 488 τούτων
2472 429 2582 490 ἔστι
2633 436 2822 510 καιρὸς
2871 434 3102 498 εὐθετεῖν
3156 433 3246 488 καὶ
3301 430 3678 508 πληροφορεῖν

289 529 336 586 εἶ’
359 551 442 592 τις
485 521 724 601 ἀκριϐῶς
776 525 1030 595 σκοποίη,
1078 525 1230 578 κενὸν
1278 522 1408 575 εἶναι
1461 519 1685 591 ἀνάγκη.
1719 543 1746 569 ‹‹
1795 517 1932 571 Πότε

289 619 386 692 γὰρ
417 616 504 670 καὶ
541 613 902 688 παρουσιάσας
951 614 978 667 ὁ
1029 611 1252 672 πάππας
1309 607 1624 682 προκαθίσει
1671 611 1777 660 τῶν
1832 604 1928 659 ἄλ-

292 705 398 760 λων
428 726 441 773 ;
476 703 612 756 Πότε
644 699 700 755 δέ
729 722 839 754 τισι
883 701 972 754 καὶ
1022 700 1242 762 ἐπέλθοι
1294 696 1446 765 δίκην
1493 693 1683 769 έχουσι
1729 693 1930 747 θάλασο

295 815 381 846 σαν
426 790 692 859 τοσαύτην
743 789 1005 857 ταμέσθαι
1063 786 1152 840 καὶ
1200 786 1358 839 τὸσον
1418 783 1784 856 ἀναμετρῆσαι
1843 782 1930 834 πέ-

293 882 475 954 λαγος,
535 878 614 956 ἐφ’
672 877 716 948 ᾧ
772 881 879 931 τῶν
935 877 1310 947 νομιζομένων
1371 871 1652 944 πρωτείων
1701 875 1932 944 τυχεῖν;

296 970 353 1024 τὸ
413 966 458 1022 δ’
515 965 600 1020 ἐπὶ
633 969 701 1038 τῇ
733 966 973 1039 ἡμετέρᾳ
1001 963 1091 1018 καὶ
1151 963 1290 1035 μόνῃ
1342 958 1624 1029 ἐκκλησίᾳ,
1675 959 1764 1012 καὶ
1811 957 1932 1012 δευ-

293 1056 420 1132 τέρᾳ
448 1055 514 1129 τῇ
560 1055 678 1117 καθ’
728 1054 867 1125 ὑμᾶς
898 1052 986 1106 καὶ
1021 1049 1261 1125 μεγάλῃ,
1300 1047 1392 1103 τὸν
1433 1049 1652 1102 πάππαν
1713 1067 1933 1118 pum-p.0—

295 1146 658 1208 νεύεσθαιτοῦ
702 1139 1049 1215 πατριάρχου
1102 1135 1575 1211 ὶιειτουργοῦντος,
1631 1134 1682 1188 τί
1738 1132 1799 1188 ἂν
1854 1138 1934 1206 τῷ

296 1235 440 1307 ὀρθῷ
497 1229 835 1306 προσσταίη;
909 1229 1100 1288 πόσαις
1167 1225 1507 1297 οῗ’κονομίαις
1576 1224 1626 1276 οἱ
1707 1221 1935 1294 Πατέρες

292 1318 560 1394 πρὸςὸτι
610 1316 855 1391 γενέσθαι
915 1317 1185 1390 συμφέρον
1246 1314 1593 1388 exmia-aveo;
1648 1310 1738 1364 καὶ
1806 1307 1934 1362 αὐτὸ

296 1409 352 1465 δὲ
400 1410 462 1462 τὸ
519 1409 608 1461 τὸν
670 1407 797 1460 Θεὸν
867 1399 1110 1477 γενέσθαι
1188 1401 1472 1475 ἄνθρωπον
1545 1399 1634 1453 καὶ
1708 1398 1932 1468 σταυρὸν

300 1499 586 1569 ὑπομεῖναι
643 1493 731 1548 καὶ
792 1491 1016 1545 θάνατον
1075 1487 1507 1558 καταδέξασθαι,
1567 1485 1753 1547 ἄλλως
1809 1482 1936 1538 ὄντα

293 1589 406 1655 Θεῷ
458 1584 695 1658 ἀπρεπῆ,
757 1579 800 1633 εἰ
859 1581 966 1652 μὴν
1026 1578 1115 1631 καὶ
1147 1582 1260 1648 Θεῷ
1292 1574 1714 1647 συνειλημμένῳ
1747 1575 1933 1646 σώμα-

288 1694 365 1740 τι,
396 1671 525 1725 ἀλλ’
565 1670 654 1722 οὗν
714 1668 831 1722 κατ’
885 1665 1202 1736 οἰκονομίαν
1261 1665 1359 1730 τὴν
1417 1662 1673 1716 ἀνωτάτω
1725 1662 1932 1735 γέγονε,

287 1761 374 1813 καὶ
428 1757 533 1812 τῶν
596 1756 671 1828 μὴ
725 1754 1042 1827 πρεπόντων
1103 1757 1218 1824 Θεῷ
1267 1751 1587 1827 σαρκοφόρῳ
1628 1747 1933 1825 γενομένων
1966 1779 2012 1841 Β

286 1853 430 1900 πᾶαα
477 1849 511 1914 ἡ
572 1841 869 1914 οἰκουμένη
931 1840 1209 1897 σέσωσται.
1261 1839 1417 1896 Οὕτω
1476 1841 1670 1913 χρῆμα
1726 1839 1931 1908 θαυμα-

289 1936 410 1989 στὸν
467 1937 500 2002 ἡ
552 1931 858 2001 οἰκονομία.
911 1929 1006 1983 Καί
1063 1930 1113 2001 γ’
1172 1930 1334 1999 ἡμεῖς
1386 1923 1533 2001 εἷ’περ
1569 1925 1934 1996 οἷκονομικῶς

288 2025 379 2077 τὸν
429 2021 806 2095 ἐπηρτημένον
864 2015 1110 2072 κίνδυνον
1163 2017 1449 2090 φύγοιμεν,
1503 2013 1610 2087 οὐχ
1657 2012 1805 2075 ὅπως
1859 2011 1936 2074 εἰς

295 2109 560 2185 ἁμαρτίαν
619 2107 1045 2182 λογισθήσεται,
1101 2103 1245 2158 ἀλλᾶ
1299 2104 1388 2156 καὶ
1447 2097 1934 2177 προσαποδέξονται

329 2201 342 2216 ο
492 2200 501 2217 ρ
719 2197 732 2210 ε.
785 2196 796 2214 ι
986 2194 999 2210 ν
1071 2188 1123 2215 ορ
1162 2191 1181 2209 \
1327 2193 1383 2210 τι.
1457 2196 1480 2205 -ι
1566 2187 1608 2207 tu
1683 2188 1696 2208 ν
1789 2190 1800 2211 τ
1872 2189 1884 2207 ε

296 2217 348 2254 οι
402 2218 652 2272 γνωσεως
708 2216 930 2268 αριστ-ης
984 2212 1275 2262 επηοοιιιοι.
1347 2199 1507 2262 ιμεις
1563 2208 1641 2257 οε,
1672 2186 1781 2244 αλλ
1857 2209 1930 2249 ως

294 2287 479 2343 ἀκούω
512 2333 526 2357 ,
584 2283 673 2339 καί
731 2284 1006 2359 ἀρχιερεῖς
1063 2282 1138 2341 εἰς
1195 2284 1355 2334 τοῦτο
1417 2277 1934 2352 συγκατανεῦσαντας

293 2375 724 2451 ἀποστρέφεσθε,
791 2371 878 2425 καὶ
953 2371 1052 2438 τήν
1109 2367 1438 2436 Ἐκκλησίαν
1496 2372 1750 2441 πειρᾶσθε
1804 2364 1934 2438 σχί-

298 2470 427 2534 ζειν,
482 2462 570 2516 καὶ
619 2463 778 2532 ἡμῖν,
805 2459 879 2519 ὡς
931 2455 1213 2527 ἤκουσται,
1245 2461 1567 2530 καταρᾶσθε.
1602 2454 1682 2510 Τά
1717 2453 1808 2526 μὲν
1840 2452 1932 2506 οὖν

299 2668 410 2723 diae
441 2683 570 2722 eum
611 2664 870 2720 Ecclesia
914 2663 1177 2718 Romana
1221 2660 1520 2731 negotium
1570 2659 1716 2714 887
1755 2657 1936 2713 conti-

300 2756 452 2824 neri,
478 2748 1766 2826 primatu,appellatione,commemoratione.
1788 2749 1937 2810 Quo-

307 2860 438 2897 rum
487 2840 967 2911 unumquodque,
1014 2836 1061 2891 si
1113 2836 1244 2906 quis
1293 2840 1445 2890 recte
1494 2835 1838 2901 consideret,
1883 2833 1940 2886 in

307 2946 520 2984 vanum
551 2930 845 2984 abiturum
879 2929 1174 2997 appareat.
1201 2925 1440 2987 Quando
1476 2923 1628 2978 enim
1663 2925 1943 2976 venturus

308 3016 870 3088 Constantinopolim
897 3032 1043 3086 papa
1064 3015 1351 3084 primatus
1373 3013 1540 3066 istius
1560 3011 1650 3065 sui
1670 3027 1734 3065 ac
1753 3009 1943 3081 praesi-

312 3108 522 3164 dentia
553 3123 804 3177 prazsens
839 3105 917 3158 sit
949 3103 1378 3174 possessionem
1410 3099 1718 3154 aditurus?
1763 3100 1940 3162 Quem

303 3206 500 3254 autem
529 3200 797 3266 putarent
819 3210 1051 3247 causam
1083 3193 1168 3245 hic
1187 3191 1474 3245 dicentem
1500 3195 1941 3259 provocaturum

303 3292 572 3351 Romam,
605 3287 660 3337 et
708 3286 870 3337 tanto
917 3280 1217 3334 intervallo
1249 3278 1395 3332 vasti
1446 3278 1647 3346 maris,
1679 3276 1776 3330 lite
1808 3275 1944 3331 illuc

305 3374 610 3446 sequenda
630 3372 729 3437 jus
753 3387 818 3424 ex
842 3367 1244 3439 provocatione
1267 3366 1655 3437 cognoscendi
1679 3381 1946 3420 assensu-

309 3480 440 3518 rum
471 3466 726 3515 Romano
752 3457 1050 3513 Pontiﬁei?
1075 3455 1391 3510 Mumorari
1421 3460 1612 3509 autem
1637 3453 1852 3524 Papam
1885 3453 1945 3507 in

311 3557 508 3607 nostro
538 3547 814 3620 primario
860 3551 916 3600 et
967 3544 1339 3616 patriarchali
1386 3542 1626 3614 templo,
1659 3544 1717 3596 in
1769 3541 1947 3597 altero

316 3641 454 3694 item
493 3639 589 3692 illo
622 3640 810 3690 vestro
837 3651 1067 3705 magno,
1092 3633 1274 3687 sacris
1298 3639 1572 3702 operante
1595 3630 1946 3702 patriarcha,

308 3728 449 3800 quid
509 3725 710 3796 utique
761 3741 792 3778 a
841 3729 994 3777 recto
1045 3720 1378 3776 exorbitans
1431 3720 1610 3775 videri
1657 3719 1952 3791 sapienter

310 3815 744 3872 aestimantibus
801 3810 1014 3883 queat?
1059 3811 1145 3864 An
1206 3809 1346 3863 latet
1390 3809 1703 3879 prudentes
1755 3824 1947 3861 rerum

307 3920 488 3985 quam
508 3899 870 3972 obsequiosis
888 3897 1526 3954 accommodationibus
1550 3896 1952 3950 consueverint

311 3983 514 4046 Patres
539 3989 784 4043 libenter
816 3988 1102 4042 redimere
1124 3984 1389 4057 publicas
1414 3983 1948 4038 utilitates?Excm-

311 4081 410 4153 p10
461 4078 662 4148 utique
711 4076 897 4147 ipsius
951 4074 1075 4140 Dei,
1123 4090 1235 4127 non
1291 4072 1595 4143 indignum
1649 4072 1952 4140 majestate

312 4185 423 4222 sua
454 4167 561 4220 rati
596 4163 1035 4219 accommodare
1068 4177 1193 4217 sese
1227 4160 1393 4215 nobis
1435 4175 1619 4231 usque
1649 4160 1717 4212 ad
1753 4176 1953 4213 susce-

314 4256 576 4328 ptionem
613 4253 883 4308 humanae
922 4255 1158 4317 naturae,
1183 4255 1240 4304 et
1272 4250 1328 4303 in
1360 4266 1426 4304 eo
1460 4248 1586 4320 ipso
1619 4253 1952 4303 nostrorum

315 4343 496 4399 simili
529 4344 836 4412 assumpto
890 4355 1127 4410 corpore
1181 4336 1607 4409 perpessionem
1660 4338 1849 4391 crucis
1902 4341 1958 4391 et

318 4431 546 4488 mortis.
603 4430 728 4493 Qua
795 4426 1218 4498 benignissima
1282 4443 1565 4498 supremae
1624 4425 1955 4480 Divinitatis

2037 519 2126 573 καὶ
2179 520 2279 575 ἀνά
2339 522 2500 597 μέρος
2541 521 3030 599 πληροφορεῖσθαι·
3082 519 3204 577 οὕτε
3259 522 3366 596 γὰρ
3425 523 3559 593 ἡμῖν
3594 517 3679 572 es.

2039 610 2237 682 πρεπὲς
2291 612 2493 665 τοιαῦτ’
2525 611 2756 684 ἀκούειν,
2816 608 2930 676 οὗθ’
2989 611 3114 684 ὑμῖν
3173 610 3408 688 ἀσφαλὲς
3457 610 3681 664 τοιαῦτα

2040 695 2212 770 λέγειν
2258 698 2349 753 καὶ
2395 695 2561 774 φόϐον
2590 696 2884 771 ἐμϐάλλειν
2940 698 3175 760 πολλοῖς
3230 699 3306 762 ὡς
3356 697 3418 752 οὗ
3479 694 3680 766 στησό-

2046 795 2180 856 μεθα
2209 789 2370 858 ἡμεῖς
2414 788 2498 842 ἐπὶ
2529 789 2762 858 τούτοις,
2813 787 2956 842 ἀλλά
3006 782 3452 859 προσϐιασόμεθα
3498 785 3578 862 ἐφ’
3633 784 3678 855 ᾦ

2039 876 2127 928 καὶ
2178 873 2286 946 ἤθη
2319 875 2603 932 ἀλλάττειν
2636 878 2724 932 καὶ
2775 877 3067 954 ὁμολογεῖν
3101 879 3176 940 ὡς
3207 876 3402 932 ἐκεῖνοι
3433 875 3678 950 λέγουσι.

2040 964 2221 1018 Ταῦτα
2277 962 2649 1042 πληροφορεῖν
2683 965 2791 1019 ἐστι
2835 967 3042 1040 καιρὸς,
3097 966 3189 1019 καὶ
3245 964 3675 1042 πληροφορήσο-

2045 1070 2160 1122 μεν.
2216 1050 2286 1104 Τὸ
2343 1049 2398 1105 δὲ
2455 1057 2545 1105 νῦν
2594 1053 2682 1107 καὶ
2740 1051 2947 1126 βουλῆς
2974 1060 3072 1122 τῆς
3102 1052 3153 1123 ἐξ
3185 1054 3333 1125 ὑμῶν
3365 1051 3676 1127 χρῄζομεν,

2040 1137 2131 1190 καὶ
2183 1135 2388 1212 λεγέτω
2418 1136 2640 1202 ἕκαστος
2672 1142 2700 1195 '6
2732 1142 2783 1194 οἱ
2838 1139 3049 1211 δοκοίηο
3108 1141 3271 1213 μόνον
3331 1141 3405 1212 μή
3459 1143 3540 1210 τῷ
3593 1137 3680 1192 oi-

2042 1222 2174 1293 κείῳ
2206 1225 2495 1297 στοιχείτω
2550 1224 2819 1298 θελήματι
2875 1224 3210 1300 αὔταρεσκῶν
3245 1222 3520 1298 ἄντικρυς,
3551 1221 3678 1278 ἀλλ’

2042 1309 2492 1379 ἐκκλησιαστικὸς
2545 1311 2618 1367 ὥν
2660 1313 3123 1383 ἐκνλησιαστικῶς
3179 1312 3268 1367 καὶ
3331 1310 3558 1386 λεγέτω.
3610 1309 3681 1365 Τό

2040 1398 2144 1472 γὰρ
2195 1405 2514 1474 κατεπεῖγον
2543 1397 2598 1455 ἓν
2648 1400 2780 1468 ἐστι,
2811 1400 2874 1454 τὸ
2907 1404 3088 1477 φυγεῖν
3120 1397 3364 1454 κίνδυνον
3398 1399 3682 1472 ἀναγκαῖον

2042 1485 2088 1539 εἰ
2121 1490 2288 1539 ταῦτα
2343 1489 2693 1561 πράττοιμεν.
2739 1489 2936 1545 Ὀπὸσν
2993 1486 3051 1542 δὲ
3105 1492 3294 1554 τοῦτο,
3343 1488 3464 1550 καθ’
3521 1486 3680 1541 αὐτὸν

2040 1569 2264 1634 ἕκαστος
2295 1573 2490 1628 ἐννοῶν
2524 1574 2664 1629 οὕτω
2693 1576 3008 1654 προφερέτω
3036 1577 3136 1644 τὴν
3176 1575 3424 1650 γνώμην,
3455 1575 3528 1636 ὡς
3561 1575 3684 1628 ἀνευ

2045 1659 2254 1714 ἐκείνου
2286 1659 2398 1716 οὗθ’
2428 1665 2564 1736 ἡμῖν
2597 1665 2818 1734 κινητέα
2851 1669 3018 1719 ταῦτα
3045 1664 3135 1718 καὶ
3167 1663 3292 1736 ὑμῖν
3323 1664 3386 1718 τὸ
3410 1663 3535 1736 περὶ
3562 1661 3683 1716 τού-

2043 1770 2149 1802 των
2184 1744 2326 1811 ὅλως
2362 1757 2582 1806 σκοπεῖν
2627 1752 2907 1822 ἀνόνητον.
2939 1774 2967 1803 ››
3018 1752 3249 1814 Τούτοις
3293 1751 3382 1806 καὶ
3411 1749 3682 1812 τοιούτοις

2045 1837 2248 1911 ἑτέροις
2293 1843 2387 1891 τοῦ
2442 1839 2709 1912 βασιλέως
2751 1838 3358 1914 καταδημαγωγοῦντος
3402 1840 3529 1901 τοὺς
3583 1845 3682 1908 τῆς

2047 1923 2374 1993 Ἐκκλησίας
2423 1925 2758 2000 προέχοντας
2791 1972 2804 1997 ,
2864 1927 3055 1982 ἐκεῖνοι
3098 1927 3188 1982 καὶ
3245 1928 3482 2000 ἀπρεπὲς
3537 1927 3684 2002 σφίσι

2045 2015 2372 2086 καταρᾶσθαι
2405 2019 2483 2085 τῷ
2512 2015 2727 2089 βασιλεῖ
2754 2017 2843 2070 καὶ
2876 2014 3060 2078 ἄλλως
3084 2013 3409 2077 κινδυνῶδες
3424 2017 3680 2090 ἡγοῦντο,

2045 2099 2133 2152 καὶ
2183 2099 2404 2172 πάμπαν
2466 2100 2514 2172 ἐξ
2573 2100 2739 2170 αὐτῆς
2783 2101 3142 2175 ἀπηρνοῦντο,
3190 2106 3278 2172 [Ρ.
3309 2105 3438 2176 264]
3496 2100 3585 2156 καί
3623 2123 3686 2178 γε

2045 2191 2178 2262 σφᾶς
2234 2188 2370 2260 πρὸς
2426 2189 2691 2262 τιμωρίας
2748 2189 2979 2261 ἑτοίμως
3039 2186 3309 2257 ἐδίδοσαν,
3361 2189 3406 2244 εἷ
3463 2188 3683 2259 ἀληθῶς

2043 2272 2388 2350 ἐλέγχοιντο.
2439 2276 2512 2332 Τὸ
2547 2274 2603 2331 δὲ
2641 2277 2778 2351 πρὸς
2832 2276 2962 2338 τοὺς
3012 2280 3288 2353 ἀρχιερεῖς
3342 2275 3684 2356 διαφέρεσθαι

2049 2363 2124 2434 μὴ
2183 2365 2314 2417 εἶναι
2361 2369 2467 2418 τῶν
2527 2367 2827 2421 ἀπεικότων
2875 2365 3060 2443 ἔλεγον
3097 2384 3110 2399 ·
3165 2364 3539 2440 διισταμένους
3581 2367 3684 2443 γὰρ

2041 2455 2160 2512 ταῖς
2219 2451 2437 2528 πράξεσι
2495 2453 2620 2517 τοὺς
2676 2455 2873 2532 λόγους
2932 2454 3202 2518 ἐναντίους
3249 2461 3520 2520 ποιεῖσθαι
3575 2460 3683 2512 τῶν

2047 2656 2328 2727 plicatum
2361 2659 2568 2715 notitia
2604 2664 2852 2716 constet.
2877 2661 3075 2732 Neque
3104 2661 3256 2718 enim
3295 2661 3433 2718 talia
3463 2663 3550 2719 vel
3582 2681 3686 2720 no-

2048 2745 2138 2799 bis
2187 2745 2387 2801 audire
2418 2748 2691 2803 decorum
2743 2753 2831 2805 est
2879 2750 3030 2805 388
3063 2749 3150 2804 vel
3198 2751 3360 2806 vobis
3411 2768 3685 2809 securum

2050 2832 2228 2902 loqui,
2259 2837 2317 2888 et
2347 2833 2557 2890 falsum
2589 2836 2848 2892 incutere
2879 2837 3092 2908 populo
3127 2839 3551 2910 metum,quasi
3580 2857 3686 2895 nos

2051 2921 2302 2977 ulterius
2331 2940 2508 2994 quam
2543 2924 2927 2994 praeterimus,
2956 2926 3140 2981 simus
3169 2927 3228 2980 in
3261 2926 3371 2982 hoc
3401 2928 3562 2999 pacis
3593 2944 3690 2983 ne-

2053 3011 2208 3082 gotio
2268 3014 2621 3083 processuri,
2654 3018 2710 3068 et
2755 3015 2816 3068 in
2865 3015 3061 3070 animo
3119 3015 3440 3072 habeamus
3497 3034 3688 3074 mores

2054 3102 2228 3155 etiam
2261 3105 2316 3154 et
2346 3102 2495 3156 ritus
2529 3107 2757 3157 nostros
2802 3108 3160 3158 commutare
3189 3121 3324 3160 cum
3373 3105 3594 3162 Latinis
3623 3123 3689 3161 ac

2057 3206 2158 3260 per
2186 3189 2384 3244 omnia
2415 3190 2568 3245 idem
2599 3207 2732 3246 cum
2764 3191 2880 3247 illis
2912 3192 3188 3263 proﬁteri.
3221 3194 3346 3248 Hec
3396 3211 3461 3249 ac
3509 3193 3688 3265 liqui-

2050 3279 2212 3344 dum,
2248 3278 2327 3332 uti
2363 3278 2502 3347 dixi,
2536 3279 2877 3351 explorandi
2919 3297 3074 3336 nunc
3114 3285 3344 3352 tempus
3375 3288 3494 3351 est;
3527 3283 3691 3338 dabi—

2052 3382 2296 3435 musque
2322 3382 2559 3438 operam
2593 3371 2656 3421 ut
2686 3369 2756 3423 de
2786 3368 2858 3424 iis
2883 3369 3054 3440 plane
3077 3374 3320 3425 constet.
3346 3373 3407 3425 In
3434 3387 3688 3442 praisens

2051 3453 2292 3509 consilio
2323 3460 2513 3510 vestro
2554 3472 2828 3528 egemus;
2862 3474 3040 3528 quare
3087 3458 3243 3513 dicat
3283 3459 3690 3530 unusquisque

2053 3542 2206 3613 quod
2235 3541 2282 3595 ei
2317 3541 2622 3597 videbitur.
2656 3545 2906 3600 Tantum
2933 3563 3004 3601 ne
3027 3545 3202 3602 nimis
3231 3547 3533 3618 indulgeat
3565 3564 3692 3619 pro-

2053 3629 2177 3701 prio
2210 3628 2460 3696 ati‘ectui,
2485 3629 2592 3683 sibi
2628 3632 2796 3687 unice
2826 3631 3080 3703 placens,
3105 3634 3204 3688 sed
3237 3649 3371 3689 cum
3403 3635 3481 3690 sit
3508 3633 3688 3691 eccle-

2054 3717 2346 3782 siasticus,
2392 3716 2781 3774 ecclesiastica
2837 3720 3137 3791 loquatur;
3172 3723 3325 3792 quod
3375 3723 3532 3778 enim
3583 3741 3689 3780 nos

2055 3811 2243 3878 urget,
2278 3822 2460 3860 unum
2484 3810 2592 3872 est,
2618 3805 2870 3877 effugere
2898 3809 3242 3878 periculum,
3273 3811 3602 3867 inevitabile
3629 3813 3691 3868 ni

2055 3895 2177 3950 haec
2229 3894 2492 3949 facimus.
2528 3896 2822 3959 Quantum
2872 3901 3062 3951 autem
3107 3897 3164 3951 id
3215 3897 3540 3968 periculum
3591 3901 3690 3968 sit,

2058 3986 2305 4056 quisque
2337 3985 2490 4054 apud
2517 4000 2579 4039 se
2605 3983 2869 4054 cogitans
2891 3985 3138 4041 aestimet
3158 3988 3476 4056 prudenter
3506 3990 3692 4060 prius,

2057 4078 2111 4129 et
2142 4073 2226 4128 sic
2275 4073 2415 4144 quid
2467 4089 2616 4143 opus
2666 4073 2814 4128 facto
2863 4073 3087 4143 judicet
3135 4074 3308 4130 dicat.
3345 4076 3510 4133 Certe
3569 4094 3696 4146 nos,

2058 4162 2280 4230 absque
2320 4161 2431 4216 isto
2485 4159 2739 4232 periculo
2789 4161 2951 4227 teret,
2983 4162 3098 4217 ista
3147 4179 3262 4217 non
3313 4180 3698 4221 moveremus.

2061 4250 2269 4304 Inutile
2301 4254 2494 4305 autem
2545 4248 2719 4304 fuerit
2761 4254 3018 4305 vestrum
3052 4251 3388 4322 quempiam
3437 4256 3559 4308 tota
3589 4254 3702 4309 ista

2060 4340 2131 4393 de
2163 4355 2220 4393 re
2251 4336 2632 4403 deliberandi,
2661 4338 2827 4409 quasi
2852 4338 2978 4409 jam
3013 4338 3258 4409 integra,
3284 4340 3574 4410 judicium
3609 4359 3701 4396 su-

2063 4444 2236 4482 mere.
2266 4427 2364 4482 His
2397 4437 2493 4481 aut
2525 4427 2703 4495 huius
2735 4427 3034 4482 sententia:
3065 4427 3259 4483 verbis
3290 4445 3422 4483 eum
3456 4429 3700 4486 delinire

315 4537 488 4577 carne
517 4519 738 4573 indutae
768 4517 837 4570 ad
873 4520 1102 4570 nostras
1144 4515 1407 4568 miserias
1447 4514 1799 4570 deinissione
1830 4514 1954 4568 orbi
1983 4504 2035 4569 Ι)
2065 4516 2374 4587 sategisset
2421 4515 2737 4586 imperator
2789 4515 3184 4586 przecellentes
3216 4516 3275 4571 in
3305 4515 3584 4584 Ecclesia,
3614 4517 3704 4573 illi

317 4609 590 4666 universo
641 4611 835 4677 parata
885 4604 1043 4659 salus
1075 4608 1181 4658 est.
1214 4603 1390 4658 Nobis
1423 4603 1600 4674 igitur
1648 4603 1789 4657 adeo
1841 4620 1952 4657 non

319 4697 704 4768 imputabitur
750 4695 820 4748 ad
871 4692 1126 4764 culpam,
1160 4692 1204 4745 si
1238 4691 1558 4762 periculum
1613 4691 1956 4762 impendens

322 4785 505 4842 simili
546 4783 1082 4840 accommodatione
1126 4780 1630 4845 declinaverimus,
1656 4789 1718 4835 ut
1768 4781 1956 4850 potius

319 4893 386 4932 eo
421 4873 655 4930 nomine
688 4870 888 4944 peritis
910 4887 1102 4925 rerum
1130 4874 1185 4923 et
1209 4868 1640 4939 perspicacibus
1668 4884 1959 4923 commen-

319 4963 499 5019 dandi
531 4962 739 5017 simus.
768 4959 883 5014 Vos
928 4975 1058 5012 vero
1108 4957 1283 5011 etiam
1332 4957 1655 5027 episcopos,
1690 4957 1791 5027 qui
1840 4962 1958 5011 tam

306 5050 494 5123 justis
526 5047 762 5104 adducti
811 5047 1005 5102 causis
1057 5045 1361 5100 nobiscum
1393 5045 1671 5114 sentiunt,
1726 5061 1957 5100 aversa-

314 5138 484 5205 mini,
518 5143 580 5192 ut
620 5136 813 5201 audio,
847 5140 902 5189 et
933 5132 1251 5188 Ecclesiam
1305 5132 1596 5187 conamini
1647 5133 1909 5187 scindere
1945 5149 1957 5186 :

317 5229 439 5282 imo
473 5226 661 5294 nobis,
696 5229 760 5278 ut
810 5225 1010 5288 fertur,
1047 5220 1195 5275 male
1238 5222 1578 5291 peccamini.
1616 5222 1715 5276 His
1767 5222 1956 5292 provi-

317 5316 496 5372 dendi
531 5333 684 5370 nunc
714 5321 950 5384 tempus
980 5316 1087 5379 est,
1123 5317 1176 5366 et
1221 5316 1353 5366 ante
1398 5313 1594 5367 omnia
1625 5311 1960 5382 explorandi

315 5407 390 5461 ad
427 5404 719 5474 liquidum
754 5403 890 5473 quid
941 5417 1068 5456 vere
1101 5401 1158 5454 in
1192 5417 1251 5455 re
1285 5401 1380 5464 sit,
1411 5404 1474 5454 ut
1521 5404 1577 5455 et
1623 5400 1784 5454 vobis
1819 5401 1961 5470 quid

317 5510 432 5549 nos
462 5491 730 5558 velimus,
765 5497 820 5546 et
872 5489 1038 5545 nobis
1069 5489 1209 5560 quid
1259 5506 1360 5544 vos
1410 5492 1509 5543 aut
1557 5489 1822 5559 cogitetis
1863 5495 1963 5543 aut

316 5579 804 5653 egeritis,mutuo
827 5582 1192 5650 perspectum
1216 5578 1504 5650 plenaque
1526 5576 1828 5650 sigillatim
1862 5595 1958 5634 ex-

651 5699 906 5757 PATROL.
953 5696 1061 5757 GR.
1107 5696 1359 5755 CXLIII.

2063 4609 2195 4659 ante
2227 4605 2424 4659 omnia
2453 4603 2672 4658 crimen
2703 4603 2924 4659 diluere
2955 4608 3235 4659 curarunt
3265 4621 3381 4677 quo
3415 4611 3584 4662 erant
3613 4606 3702 4663 in-

2065 4692 2316 4748 simulati
2351 4691 2721 4747 maledixisse
2753 4693 3003 4764 principi
3036 4710 3049 4748 :
3084 4692 3141 4748 id
3173 4693 3328 4748 enim
3359 4693 3528 4750 valde
3557 4694 3704 4767 ipsis

2063 4781 2424 4848 indecorum,
2447 4796 2549 4836 nec
2573 4779 2766 4835 minus
2789 4779 3024 4836 aliunde
3047 4780 3440 4852 periculosum
3463 4782 3707 4838 arbitra-

2065 4869 2298 4925 bantur.
2332 4868 2518 4931 Quare
2560 4867 2616 4923 id
2649 4869 2957 4925 confestim
2997 4869 3229 4925 infitiati
3261 4874 3420 4937 sunt,
3453 4873 3509 4925 et
3538 4887 3600 4927 se
3636 4873 3708 4928 ad

2067 4957 2284 5030 quaevis
2315 4957 2623 5012 subeunda
2665 4962 2900 5027 paratos
2941 4957 3230 5030 supplicia
3261 4957 3626 5026 obtulerunt,
3659 4961 3710 5016 si

2066 5063 2196 5102 vere
2226 5045 2296 5100 de
2335 5045 2442 5099 hoc
2488 5044 2993 5101 convincerentur.
3026 5046 3324 5102 Dissidere
3355 5051 3553 5104 autem
3588 5065 3712 5105 sese

2069 5135 2139 5190 ab
2179 5132 2488 5204 episcopis,
2523 5131 2623 5203 qui
2655 5133 3005 5188 contrariam
3055 5133 3306 5204 amplexi
3355 5136 3711 5193 sententiam

2068 5225 2286 5288 essent,
2321 5220 2470 5275 ultro
2503 5224 2639 5275 sunt
2684 5221 2822 5276 fassi
2858 5238 2871 5276 :
2906 5223 3004 5276 sed
3039 5221 3095 5275 id
3128 5239 3240 5277 non
3275 5239 3405 5278 esse
3436 5223 3712 5281 inconve-

2070 5311 2234 5365 niens
2264 5310 2552 5377 dixerunt,
2587 5325 2719 5364 cum
2767 5311 2931 5366 valde
2960 5315 3115 5366 esset
3167 5327 3533 5383 consequens
3577 5331 3714 5370 con-
3777 5332 3780 5336 '

2070 5397 2281 5453 trarios
2310 5414 2510 5452 eorum
2558 5413 2686 5454 esse
2735 5415 2946 5454 sensus
2997 5405 3054 5454 et
3103 5415 3428 5469 sermones,
3465 5417 3715 5471 quorum

2070 5490 2267 5543 essent
2316 5487 2465 5541 facta
2520 5487 2831 5543 contraria.
2863 5492 3149 5544 Caeterum
3198 5487 3256 5541 in
3313 5486 3422 5543 hoc
3471 5490 3718 5545 dissidio

2071 5577 2334 5632 versatos
2363 5574 2506 5630 citra
2538 5575 3007 5632 maledicentiam
3039 5575 3099 5631 in
3131 5575 3520 5647 adversarios,
3552 5578 3719 5650 quid-

3315 5696 3392 5754 27
