4130 6270
508 279 614 335 843
1798 267 2100 326 GEORGII
2137 269 2164 321 Ι

2273 269 2599 327 ἨΥΜΕΒΛΕ
3757 272 3846 328 844

3838 344 3848 364 Ι

507 399 627 458 λίαν
662 395 978 460 ἀκολούθων
1038 393 1192 450 εἶναι.
1246 391 1401 461 Πλὴν
1454 391 1514 445 οὐ
1563 387 2022 467 κακολογοῦντας,
2072 388 2147 450 ὡς
2172 397 2221 462 Α
2256 387 2555 454 ἀκινδύνως
2608 392 2699 447 τὸν
2755 388 3002 447 κίνδυνον
3033 388 3221 453 ἄλλως
3249 387 3589 468 ἐκφύγοιμεν,
3633 391 3835 449 Ἦσανδ

507 486 658 543 αὐτοί
718 505 868 560 φασι,
922 483 1011 538 καὶ
1038 484 1138 550 τὴν
1197 479 1509 535 κατάνευσιν
1568 475 1924 547 ὀνειδίζοντας
1982 474 2150 553 σφίσι.
2258 476 2309 531 o'i
2338 480 2429 533 καὶ
2459 486 2728 555 πρωτεῖον
2763 480 2924 553 μόνον
2960 476 3169 534 ἐδίδουν
3216 480 3302 533 καὶ
3355 476 3629 548 ἔκκλητον,
3659 480 3726 541 ὡς
3767 482 3846 536 αὖ.

505 575 742 647 Γνώμης
775 575 878 647 γὰρ
913 569 1052 633 ἰδίας
1079 566 1303 624 ἕκαστον
1335 568 1468 622 εἶναι
1493 566 1700 642 κύριον,
1733 567 1823 620 καὶ
1853 566 1881 620 ’ὀ
1913 567 2153 640 σήμερον
2252 571 2361 621 τῶν
2407 589 2469 642 γε
2522 570 2610 623 καὶ
2675 568 2854 642 μόνων
2924 566 3054 623 σ’ίων
3110 570 3159 621 τ’
3214 562 3382 621 όντων
3443 567 3853 641 ὑποκριθήσεσθαι

504 661 569 718 οὒ
602 661 754 717 δοκεῖ
782 682 907 729 τινι,
939 657 1129 734 αὔριον
1162 656 1293 717 ἴσως
1327 656 1581 728 στέρξειν,
1623 654 1712 709 καὶ
1761 655 2059 728 ἀγαπήσειν
2093 652 2153 706 οὐ
2255 656 2344 710 καὶ
2401 659 2577 732 σχῆμ’
2629 656 2763 727 ἕξειν
2821 657 2906 712 κτῖ
2962 653 3136 728 ὄνομα
3192 652 3339 724 πλὴν
3397 659 3492 709 τοῦ
3545 654 3849 727 πράττεσθαι.

505 747 860 825 παλίμϐολὸν
890 769 1011 804 τινα
1042 745 1170 802 ὄντα
1190 746 1277 801 καὶ
1310 746 1446 800 γατά
1464 745 1526 798 τὸ
1551 744 1719 818 τυχὸν
1740 742 2155 816 ἐκτρεπόμενον,
2262 746 2611 817 μνημόσυνον
2648 743 2704 800 δέ
2741 751 2977 818 μετεῖναι
3024 748 3105 816 τῷ
3152 743 3347 813 πάπποι
3403 739 3645 797 δοκοῦντι
3696 741 3850 822 διαφὲ.

515 840 662 898 ἀλλᾶ
690 838 982 914 λογισμοῖς
1015 834 1365 901 δουλεύοντα,
1406 832 1624 887 ἐκείνων
1680 829 2153 904 μετακλινομένων
2261 845 2464 909 pec-eat,
2526 834 2614 888 ἐπὶ
2669 832 2949 908 Συμϐόλῳ
3001 804 3091 888 καί
3147 835 3312 886 ταῦτα
3364 830 3608 900 πίστεως,
3665 834 3732 903 μὴ
3782 804 3855 887 sui

517 931 569 993 ές
602 929 629 985 ὃ
678 950 731 983 τι
761 929 851 982 καὶ
885 924 1029 996 δόξοι
1064 925 1336 1001 συμφέρον
1369 920 1458 976 καὶ
1490 919 1684 984 αὐτοὺς
1730 916 2007 994 πράττειν.
2057 917 2156 971 Καὶ
2259 926 2364 976 τῶν
2416 922 2531 976 Λίαν
2585 922 2962 997 ἀπειρημένων
3111 921 3173 977 Ὁ
3205 916 3261 973 δὲ
3291 917 3580 992 Ξιφιλῖνος
3612 920 3756 993 μέγας
3788 921 3859 974 οἱ-

521 1024 681 1074 τοῦτο
714 1018 847 1072 εἶναι
876 1017 939 1071 τὸ
1004 1016 1078 1088 μὴ
1128 1014 1274 1087 παρὰ
1321 1010 1643 1083 συνείδησιν,
1692 1011 1764 1071 ὡς
1812 1008 2156 1081 πιστεύομεν.
2260 1010 2497 1083 κονὸμος
2549 1011 2620 1066 ὥν
2653 1015 2731 1081 τῷ
2759 1011 2902 1080 τότε,
2933 1014 3011 1081 τῷ
3066 1011 3215 1083 γήρα
3241 1029 3299 1063 τε
3348 1008 3440 1061 καὶ
3494 1010 3560 1080 τῇ
3612 1007 3734 1081 πρὸς
3782 1009 3859 1062 τὸν

526 1110 604 1165 Τὸ
636 1106 693 1162 δὲ
721 1105 844 1181 περὶ
887 1109 992 1158 τῶν
1025 1102 1396 1178 προκειμένων
1443 1103 1592 1172 ἡμᾶς
1642 1100 1959 1173 ἐρωτᾶσθαι,
2011 1100 2159 1171 πρῶ·
2268 1096 2491 1171 βασιλέα
2519 1098 2772 1169 συνηθείᾳ
2801 1095 3086 1165 πιστεύων,
3137 1095 3226 1150 καὶ
3276 1092 3660 1169 προσελιπάρει
3687 1094 3862 1158 σταθεὶς

530 1219 618 1252 τον
678 1197 770 1268 μὶν
812 1195 884 1255 ὡς
929 1193 989 1247 οὐ
1026 1192 1181 1264 μετὸν
1220 1193 1352 1261 ἡμῖν
1382 1196 1483 1257 τῆς
1514 1187 1636 1263 περὶ
1688 1186 1895 1241 τούτων
1927 1187 2162 1258 σκέψεως
2263 1185 2352 1240 καί
2404 1207 2464 1261 γε
2520 1190 2626 1240 τῶν
2685 1186 2924 1260 γονάτων
2982 1183 3079 1239 τοῖ’)
3141 1181 3413 1257 βασιλέως
3471 1177 3768 1254 ἆπτόμενος,
3801 1185 3861 1254 μὴ

526 1286 586 1340 ἐκ
640 1284 877 1338 κανόνων
916 1323 929 1349 ,
995 1281 1083 1334 ὑπ’
1132 1280 1378 1353 ἀρχιερεῖ
1432 1280 1651 1331 τεΛοῦσι
1709 1274 1797 1330 καὶ
1848 1273 2161 1351 ὀφείλουσιν
2267 1278 2442 1343 ζητῶν
2501 1274 2866 1349 ἀναχαιτίζειν
2926 1271 3219 1347 ἀλλότριον
3279 1272 3547 1343 πόλεμον,
3603 1267 3732 1324 ἴδιον
3766 1271 3865 1324 καθ’

524 1370 763 1440 ἔπεσθαι,
795 1370 846 1424 τί
878 1369 987 1443 χρὴ
1019 1367 1109 1421 καὶ
1142 1365 1315 1442 λέγειν
1345 1387 1359 1435 ;
1417 1362 1564 1434 πλὴν
1620 1361 1747 1418 ἀλλ’
1775 1360 1997 1423 ἕκαστος
2054 1359 2166 1432 ἰδίᾳ
2265 1364 2410 1433 ἡμᾶς
2439 1362 2634 1424 αὐτοὺς
2663 1366 3059 1436 προσεπινοεῖν·
3101 1357 3241 1434 μηδὲ
3269 1359 3373 1434 γὰρ
3420 1357 3725 1435 εἰρηνεόσειν
3753 1357 3863 1412 πάν.

521 1462 641 1516 καθ’
696 1458 852 1514 αὐτὸν
913 1456 1224 1532 έρωτάσοω,
1277 1453 1369 1508 καὶ
1426 1451 1557 1513 ἴσως
1615 1446 1785 1528 φόϐος
1841 1448 2021 1511 οὐδεὶς
2066 1456 2166 1519 τῆς
2264 1471 2376 1517 τας,
2408 1448 2503 1505 κᾶν
2535 1453 2722 1524 ἡμεῖς,
2754 1450 2940 1528 φησὶν,
2973 1448 3400 1524 εἶ’ρηνετξσαιμεν,

522 1556 619 1618 σῆς
655 1544 931 1623 βασιλείας
966 1545 1041 1606 εἰς
1092 1541 1298 1618 βουλῆν
1357 1539 1703 1614 προτιθείσης
1758 1540 1818 1592 τὸ
1868 1537 2165 1613 προκείμε-

522 1659 635 1706 νον,
694 1635 867 1709 λέγειν
903 1635 964 1688 τὸ
1021 1632 1440 1706 παριστάμενον.
1490 1629 1628 1684 Τότε
1669 1625 1844 1681 τοίνυν
1879 1624 2163 1699 ἐρωτωμέ-

522 1747 627 1781 νων
689 1726 715 1778 ὁ
766 1724 857 1796 μὲν
891 1720 1121 1795 ἀπέλεγε
1166 1720 1257 1774 καὶ
1306 1718 1372 1771 τὰ
1418 1716 1560 1790 τρία·
1620 1712 1759 1789 μηδὲ
1802 1714 1902 1789 γὰρ
1953 1710 2159 1766 τούτων
2192 1747 2239 1811 Β

522 1795 845 1869 καταλαϐεῖν
881 1809 1024 1870 ὅλως
1053 1810 1151 1876 τήν
1183 1806 1507 1875 Ἐκκλησίαν
1542 1804 1620 1858 ἑνὶ
1670 1802 2023 1877 χρησαμένην
2073 1795 2239 1855 mni"
2344 1805 2423 1874 [P.
2482 1805 2609 1873 265]
2686 1804 2771 1856 ’Ev
2847 1802 3061 1863 τούτοις
3136 1805 3237 1866 τῆς
3301 1801 3515 1873 ἡμέρας
3571 1795 3871 1866 τελεσθείσης

531 1902 700 1976 μόνω,
752 1902 952 1975 χρῆναι
988 1894 1045 1951 δὲ
1076 1892 1348 1968 διατηρεῖν
1381 1891 1469 1947 καί
1500 1897 1616 1953 τοῖς
1650 1891 1747 1963 ὀψὲ
1777 1891 2165 1964 γενησομένοις
2273 1890 2505 1960 ἐκείνης,
2561 1889 2801 1964 ἐπισχὼν
2861 1889 2941 1966 ἐφ’
2971 1891 3201 1964 ἡμέραις
3232 1891 3258 1943 ὁ
3296 1885 3572 1964 βασιλεὺς,
3603 1885 3686 1941 καὶ
3717 1888 3869 1957 μαθὼν

525 1993 553 2046 ’ὁ
587 1988 652 2059 δή
683 1994 829 2067 σφεῖς
880 1987 939 2042 ἐκ
983 1989 1089 2040 τῶν
1140 1984 1417 2058 προτέρων
1458 1974 1787 2054 παρέλαϐον.
1839 1977 1901 2034 Εἰ
1951 1975 1998 2031 δ’
2045 1976 2162 2031 ἐπι·
2273 1978 2346 2040 ὡς
2406 1978 2455 2031 ἐν
2515 1977 2755 2032 κλύδωνι
2811 1978 2878 2031 τὰ
2930 1985 3032 2047 τῆς
3089 1974 3419 2046 Ἐκκλησίας
3470 1975 3569 2029 εἶσὶ
3599 1974 3682 2029 καὶ
3711 1973 3869 2036 εἴςτὸν

525 2079 720 2135 σείεται
777 2073 1042 2142 κίνδυνος,
1100 2071 1295 2132 αὐτοὺς
1351 2070 1444 2144 μὲν
1508 2070 1582 2142 μὴ
1632 2068 1809 2143 χρεὼν
1865 2064 2160 2143 φροντίζειν
2270 2063 2362 2119 ἕνα
2393 2065 2453 2120 οὐ
2510 2063 2871 2139 παραδέχεται
2922 2066 2949 2119 ὁ
3009 2064 3166 2134 δῆθεν
3227 2061 3512 2125 ἀνένδοτος
3550 2063 3636 2117 τὸν
3678 2059 3872 2116 ὑποκλι-

521 2167 671 2237 πλὴν
734 2166 841 2240 μὴν
896 2160 993 2218 τοῦ
1051 2158 1323 2236 εὔχεσθαι,
1382 2158 1471 2212 τὸν
1533 2154 1590 2211 δέ
1647 2177 1709 2230 γε
1749 2158 2050 2228 κρατοῦντα
2085 2155 2159 2226 μὴ
2273 2154 2445 2221 θέντα,
2477 2156 2691 2227 πρῶτον
2729 2153 2821 2225 μὶν
2857 2150 3144 2226 σχεδιάσας
3172 2151 3345 2223 τόμον
3398 2150 3595 2205 σκοπὸν
3637 2149 3727 2217 τήν
3766 2147 3873 2219 πρὸς

520 2234 743 2312 ἀνιέναι⁷
775 2250 943 2327 μηδὲν
1000 2234 1253 2312 τῶνηεῖς
1314 2248 1578 2322 μέριμναν
1624 2242 1887 2314 ἡκόντων.
1948 2242 2063 2316 Ἐφ’
2115 2242 2160 2312 ᾦ
2276 2239 2501 2314 βασιλέα
2557 2236 2764 2294 εὔνοιαν
2820 2234 3018 2315 ἔχοντα
3073 2239 3315 2294 ἐκέλευεν
3374 2237 3696 2314 ὑπογράφειν
3731 2282 3745 2306 ,
3795 2234 3873 2289 οὐκ

2273 1616 2354 1672 ie’.
2403 1609 2591 1670 Ὅπως
2639 1608 2715 1670 εἷς
2765 1606 3013 1662 δύσνοιαν
3058 1601 3494 1679 διαϐαλλόμενοι
3548 1605 3599 1659 οἱ
3643 1602 3869 1679 κληρικοὶ

2906 1677 3278 1754 ἠνοχλοῦντο.

516 2475 658 2549 quid
690 2472 805 2546 ipsi
837 2470 980 2526 falso
1011 2467 1490 2540 quererentur,et
1511 2463 1656 2518 citra
1684 2459 2154 2531 exprobationem
2270 2457 2624 2529 procederet,
2685 2457 2785 2512 sed
2844 2456 2954 2512 sub
3022 2455 3265 2511 obtentu
3324 2470 3474 2511 vano
3532 2451 3871 2525 subjectionis

519 2538 733 2621 ullam-
771 2538 1046 2616 mutataf
1072 2554 1394 2611 sentcntiae.
1453 2549 1664 2608 Judicii
1719 2549 1875 2603 enim
1942 2546 2161 2619 proprii
2269 2550 2590 2613 ostentatae,
2625 2561 2738 2599 non
2775 2544 3044 2599 exhibita
3089 2543 3302 2613 reipsa,
3335 2544 3626 2613 integram
3657 2556 3750 2595 nec
3776 2538 3870 2593 ullo

520 2666 813 2726 quemque
842 2646 1127 2702 arbitrum
1167 2658 1324 2709 esse;
1359 2644 1415 2696 et
1456 2639 1605 2695 389
1638 2637 1791 2709 quod
1825 2636 1957 2708 quis
1990 2635 2161 2689 hodie
2267 2634 2658 2704 interruptam
2711 2649 2823 2687 usu
2865 2631 3075 2688 Graecis
3125 2635 3384 2686 servaret
3426 2630 3581 2702 juris
3626 2626 3868 2683 hactenus

523 2712 637 2797 non
685 2734 1034 2810 probaverit,
1068 2748 1197 2788 cras
1249 2731 1390 2785 forte
1422 2729 1685 2799 praeferet
1730 2728 1906 2795 atque
1939 2722 2158 2795 ample-
2275 2721 2534 2792 usurpati
2571 2720 3022 2792 possessionem.
3047 2723 3240 2788 Longe
3272 2718 3342 2773 ab
3379 2718 3471 2772 his
3500 2716 3773 2772 diversum
3798 2712 3867 2766 vi-

522 2835 731 2895 ctetur,
764 2842 877 2880 non
927 2818 1321 2878 inconstantia
1349 2816 1435 2872 vel
1485 2814 1725 2871 fortuita
1771 2811 2001 2868 levitate
2032 2827 2159 2865 sese
2268 2811 2388 2865 deri
2421 2811 2574 2865 390
2605 2810 2763 2865 abire
2799 2808 3032 2863 tertium
3058 2808 3129 2862 de
3159 2804 3704 2862 commemoratione
3731 2802 3866 2872 Papa:

521 2931 782 2983 versans,
813 2913 913 2968 sed
946 2912 1244 2966 momenta
1284 2906 1574 2961 rationum
1608 2917 1883 2972 sequens.
1915 2899 2159 2953 Credere
2264 2899 2322 2953 in
2356 2915 2539 2954 sacro.
2572 2898 2676 2952 Per
2699 2896 2754 2951 id
2790 2897 2945 2951 enim
2978 2895 3175 2950 induci
3199 2895 3300 2966 jus
3333 2894 3397 2949 in
3432 2910 3624 2962 usum,
3647 2897 3699 2947 et
3726 2891 3869 2945 verba

520 3019 648 3061 sese
678 3002 806 3056 illos
838 2998 1153 3065 antistites,
1177 2996 1275 3067 qui
1300 2991 1648 3049 sententiam
1684 2990 2033 3055 mutassent,
2057 2986 2157 3040 ali-
2265 2988 2415 3043 facto
2446 2986 2661 3042 sanciri
2695 3002 2708 3040 :
2743 2990 2869 3039 tum
2911 2984 3204 3039 enimvero
3240 2982 3298 3037 id
3331 2980 3571 3038 concedi
3600 2980 3740 3052 quod
3769 2984 3861 3032 tam

448 3114 451 3117 ·
519 3091 657 3165 quid
690 3090 908 3144 vidisse
933 3103 1046 3158 quo
1079 3085 1449 3138 moverentur
1480 3079 1551 3133 ad
1584 3076 2058 3148 propendendum
2095 3074 2150 3127 in
2184 3090 2227 3156 ρ
2266 3074 2493 3130 obnixis
2525 3074 2804 3129 hactenus
2834 3072 3049 3127 studiis
3080 3075 3418 3126 recusatum
3448 3088 3480 3124 a
3510 3068 3713 3124 nostris
3740 3082 3865 3121 sem-

515 3183 742 3251 partem
775 3177 1038 3239 alteram,
1073 3170 1396 3239 fecisseque
1438 3167 1498 3220 in
1550 3181 1616 3221 eo
1665 3164 1825 3236 ipsos
1856 3162 2008 3233 quod
2043 3160 2153 3216 sibi
2200 3154 2225 3156 ν
2268 3180 2369 3236 per
2394 3166 2504 3232 est,
2536 3167 2601 3217 ut
2626 3161 2848 3217 scilicet
2879 3160 3069 3230 palam
3120 3159 3177 3213 in
3225 3163 3491 3214 nostram
3544 3154 3866 3213 communio-

516 3265 787 3338 expedire
816 3261 1207 3335 iudicassent;
1253 3271 1443 3326 neque
1491 3267 1726 3308 censere
1757 3252 1871 3306 ista
1902 3250 1959 3303 in
1993 3265 2052 3304 re
2083 3249 2153 3304 ab
2266 3268 2393 3308 nem
2450 3251 2837 3306 admittantur
2886 3248 2924 3302 ii
2977 3258 3125 3318 ques
3165 3252 3402 3302 constat
3447 3247 3506 3301 in
3554 3244 3861 3316 scripturam

513 3355 658 3429 ipsis
715 3356 918 3407 contra
973 3344 1387 3403 conscientiam
1441 3344 1759 3412 peccatum.
1811 3337 1971 3400 Quod
2021 3354 2154 3393 vero
2266 3342 2583 3413 publicam,
2611 3344 2668 3397 et
2704 3356 2831 3395 eam
2865 3338 3101 3410 quidem
3152 3338 3338 3408 ipsam
3373 3354 3492 3408 qua
3523 3332 3651 3389 fidei
3695 3329 3862 3402 regula

513 3416 831 3514 imperator
858 3439 1117 3508 ipsorum
1164 3434 1233 3487 de
1278 3431 1372 3486 his
1418 3428 1766 3486 sententiam
1800 3430 2048 3498 rogaret,
2081 3426 2148 3480 ad
2264 3429 2533 3497 traditur,
2577 3444 2784 3498 nempe
2840 3426 2897 3480 in
2947 3424 3310 3497 Symbolum,
3358 3441 3507 3479 ausu
3549 3416 3858 3477 intolerabili

514 3532 572 3587 id
606 3530 689 3585 sic
721 3525 1169 3599 responderunt,
1199 3520 1450 3591 primum
1485 3516 1597 3572 sibi
1630 3533 1730 3587 per
1752 3531 1948 3571 SRCPOS
1979 3530 2151 3568 cano-
2263 3534 2552 3589 peccasse.
2584 3519 2656 3571 At
2684 3514 3016 3586 Xiphilinus
3061 3513 3259 3584 magni
3289 3517 3431 3568 tunc
3458 3510 3724 3567 αιτιοι]οωὶ
3753 3506 3859 3561 oili-

517 3636 620 3676 nes
650 3635 765 3674 non
789 3617 959 3672 licere
980 3612 1299 3669 deliberare
1321 3610 1391 3663 de
1412 3606 1651 3670 talibus,
1676 3605 1774 3676 qui
1809 3603 2149 3675 patriarchae
2263 3606 2415 3661 cium
2447 3622 2739 3670 exercens,
2771 3621 2837 3659 ea
2876 3600 3090 3657 ﬁducia
3138 3617 3311 3672 quam
3344 3601 3397 3655 ei
3439 3598 3757 3655 auctoritate
3782 3610 3855 3649 se-

517 3710 850 3774 subessent,
871 3705 1111 3775 ejusque
1133 3694 1610 3770 sequijudicium
1636 3697 1692 3747 et
1724 3690 2023 3763 praeceptis
2053 3692 2151 3745 ob-
2263 3694 2511 3749 nectutis
2568 3699 2625 3748 et
2680 3692 2866 3747 multa
2920 3707 3053 3748 cum
3120 3690 3474 3761 imperatore
3530 3684 3853 3742 familiaritas

517 3803 842 3868 temperare
872 3792 1166 3847 deberent.
1201 3788 1383 3851 Quare
1413 3799 1530 3838 non
1571 3781 1786 3835 habere
1816 3796 1877 3834 se
1905 3780 2053 3849 quod
2088 3779 2146 3834 in
2261 3784 2457 3849 dabat,
2481 3798 2614 3837 eum
2648 3798 2811 3836 orare
2844 3784 3007 3834 stans
3037 3795 3373 3850 aggressus,
3400 3794 3531 3833 mox
3558 3775 3719 3831 etiam
3748 3785 3851 3841 pro-

517 3900 828 3942 commune
850 3882 1130 3936 dicerent.
1151 3877 1326 3931 Posse
1346 3878 1538 3928 autem
1563 3882 1854 3941 quemque
1875 3866 2145 3938 privatim
2260 3871 2401 3926 cidit
2429 3887 2623 3926 coram
2656 3870 2725 3924 ad
2760 3868 2957 3941 pedes,
2980 3873 3034 3921 et
3057 3883 3246 3937 genua
3276 3865 3559 3937 principis
3589 3860 3850 3931 amplexus

511 3971 873 4043 interrogari.
902 3968 995 4024 Sic
1020 3965 1174 4022 enim
1208 3967 1398 4019 metus
1422 3959 1642 4016 scilicet
1671 3955 1866 4011 nullus
1891 3956 2145 4011 tardabit
2260 3960 2351 4014 his
2383 3976 2515 4014 eum
2556 3959 2957 4014 obtestabatur
2989 3974 3001 4011 :
3030 3978 3056 4005 ‹‹
3091 3955 3235 4009 Vide
3278 3954 3459 4009 etiam
3492 3956 3657 4022 atque
3683 3947 3847 4009 etiam,

510 4061 802 4135 sigillatim
851 4058 1233 4126 interrogatos
1283 4068 1315 4105 εὶ
1362 4049 1666 4118 majOState
1714 4062 1843 4110 sua.
1876 4061 1966 4108 De.
1999 4044 2140 4114 quid
2259 4050 2511 4118 domine,
2546 4065 2616 4104 ne
2646 4052 2910 4118 satagens
2952 4045 3127 4099 nimis
3158 4044 3327 4098 anxie
3377 4047 3625 4099 avertere
3652 4056 3683 4093 a
3709 4035 3848 4091 nobis

505 4151 652 4222 ἱρεὶε
682 4151 739 4204 in
787 4148 1040 4219 mentem
1091 4141 1332 4205 venerit,
1365 4137 1659 4208 Ρνοίθνᾶοῒ
1704 4150 1878 4203 super
1907 4132 1981 4187 iis
2015 4149 2138 4203 quae
2258 4143 2559 4192 externum
2582 4135 2799 4191 bellum
2824 4134 3100 4189 intestino
3127 4131 3443 4187 difﬁciliori
3466 4147 3569 4186 nos
3599 4123 3847 4197 implices,

503 4212 919 4311 proponentur.
940 4212 1095 4286 Fecit
1123 4231 1231 4284 hoc
1262 4226 1456 4281 statim
1487 4225 1828 4293 imperator;
1854 4224 1909 4276 et
1934 4237 2135 4275 eorum

2273 4243 2389 4281 :um
2412 4241 2594 4295 eoque
2618 4240 2812 4294 pacem
2848 4222 3061 4293 pariter
3083 4227 3414 4291 utramque,
3436 4212 3843 4275 ecclesiasticam

499 4344 646 4398 quos
674 4325 946 4397 privatim
992 4318 1232 4386 audivit,
1263 4314 1411 4370 alius
1458 4314 1572 4368 tria
1615 4327 1683 4366 ex
1730 4327 1893 4381 aequo
1925 4314 2139 4365 cuncta
2254 4320 2310 4369 ct
2338 4314 2587 4381 civilem,
2622 4312 2849 4382 perdas.
2884 4310 3086 4382 Neque
3121 4310 3274 4365 enim
3307 4308 3392 4364 vel
3428 4309 3474 4363 si
3507 4323 3610 4362 nos
3638 4303 3691 4357 in
3719 4300 3842 4354 hanc

495 4414 749 4487 capit“1a
788 4410 1008 4481 reiecit:
1041 4406 1271 4462 “unum
1303 4420 1501 4459 eorum
1536 4399 1718 4472 aCCiPi
1767 4399 1837 4454 ab
1885 4397 2137 4453 Εθοῖθείᾶ
2170 4469 2210 4487 ἢ
2252 4420 2449 4475 pacem
2497 4400 2962 4467 convenerimus,
2995 4399 3053 4453 in
3102 4414 3241 4469 pace
3287 4397 3371 4452 illi
3423 4394 3638 4451 scilicet
3680 4382 3839 4444 cuncti

496 4520 668 4574 posse
701 4500 1079 4562 contendens,
1107 4512 1232 4566 quae
1264 4492 1364 4548 uni
1398 4506 1670 4562 supremo
1695 4486 1867 4559 capiti
1902 4486 2140 4558 patriar-
2169 4469 2215 4534 D
2246 4491 2609 4565 perstabunt.
2638 4510 2665 4539 η,

492 4593 611 4648 chaa
644 4610 749 4647 suo
792 4605 992 4662 parere
1023 4584 1327 4642 didicisset
1358 4600 1372 4642 :
1407 4584 1672 4652 Oportere
1711 4581 1903 4631 autem
1936 4580 2132 4630 tenere
2279 4598 2363 4652 19.
2401 4598 2462 4653 ω
2485 4593 2822 4651 calumniam
2851 4594 3010 4661 pass,-
3038 4592 3229 4647 clmci
3252 4591 3411 4661 quasi
3436 4602 3629 4661 parum
3653 4579 3810 4652 ﬁdem

490 4686 549 4736 et
578 4679 976 4735 transmittere
1008 4676 1077 4730 ad
1112 4677 1393 4744 posteros,
1426 4669 1577 4742 quod
1613 4684 1646 4723 a
1677 4667 1943 4721 Palribus
1975 4680 2131 4720 acce-
2372 4668 2699 4739 imperatori
2728 4659 2927 4733 essent,
2960 4665 3145 4718 vexati
3172 4677 3231 4716 eo
3260 4659 3487 4715 homine
3512 4659 3725 4729 fuerint.

487 4770 735 4840 pissent.
768 4764 1030 4821 Pericula
1061 4743 1232 4834 porro
1257 4776 1384 4830 quae
1415 4758 1753 4828 impendere
1776 4756 2128 4819 dicerentur,
2311 4758 2370 4811 In
2407 4757 2497 4810 bis
2528 4753 2627 4809 illa
2657 4756 3006 4823 consumpta
3046 4751 3159 4818 die,
3194 4766 3294 4820 per
3322 4747 3544 4819 aliquot
3572 4743 3696 4797 inde
3722 4751 3833 4792 con-

486 4857 577 4912 sui
610 4855 821 4928 privati
853 4852 1113 4908 muneris
1147 4866 1259 4904 non
1294 4862 1421 4902 esse
1451 4845 1563 4900 alio
1588 4845 1758 4899 modo
1786 4848 2127 4914 praavertere
2239 4850 2467 4899 secutas
2503 4842 2649 4897 nihil
2680 4841 2811 4895 novi
2842 4841 3139 4911 Augustus
3171 4838 3368 4893 movit.
3394 4834 3640 4892 Tandem
3661 4826 3832 4883 videns

485 4961 662 5017 quam
695 4941 1058 4999 orationibus
1101 4955 1200 5010 pro
1232 4952 1431 4991 eorum
1476 4932 1815 4988 amolitione
1850 4936 1961 4985 Deo
1996 4932 2124 4985 fun-
2236 4932 2558 4988 tumultum
2614 4931 2673 4984 in
2735 4928 2989 4983 Ecclesia
3037 4926 3464 4982 increbrescere
3518 4913 3828 4977 factionibus

486 5032 713 5088 dendis.
736 5030 1020 5100 Principis
1042 5044 1175 5084 vero
1209 5026 1263 5079 id
1297 5023 1487 5080 solum
1523 5019 1818 5093 postulare
1839 5019 2124 5084 officium,
2234 5012 2588 5088 commissis,
2614 5019 2753 5074 dum
2780 5034 2932 5072 unus
2964 5014 3144 5070 alium
3167 5016 3223 5071 in
3250 5011 3705 5070 communionem
3733 5010 3827 5054 non

479 5127 542 5177 ut
564 5121 613 5177 is
633 5120 777 5176 nihil
803 5096 1048 5192 ροὶὶίὶοω
1072 5115 1410 5184 bellicaeque
1436 5107 1850 5166 sollicitudinis
1868 5107 2122 5173 omittat,
2232 5110 2455 5181 recipit,
2476 5112 2531 5163 et
2561 5107 2657 5179 qui
2688 5107 2836 5161 fixus
2876 5105 2936 5159 in
2981 5104 3223 5176 antiquo
3255 5120 3429 5158 sensu
3462 5096 3685 5172 perstat,
3713 5098 3822 5143 eum

482 5229 608 5284 quae
632 5206 1214 5283 praseavendismalis
1235 5197 1815 5272 etreipublicaaabiis
1839 5196 2119 5251 incolumi
2229 5201 2326 5270 qui
2358 5180 2541 5252 novis
2601 5193 3096 5267 propositionibus
3154 5191 3405 5248 assensit
3446 5193 3507 5244 ut
3552 5180 3822 5255 profanum

489 5264 815 5284 ‘1“"r"""
866 5264 873 5265 ί
1396 5264 1411 5272 ³
2246 5264 2260 5270 -
2604 5264 2613 5266 ⁷
2710 5264 2719 5267 ⁷

477 5301 770 5357 servandae
818 5301 1123 5370 profutura
1168 5294 1452 5346 videatur.
1498 5291 1675 5343 Erant
1724 5286 1985 5340 nonnulli
2017 5286 2113 5357 qui
2228 5290 2545 5349 aversatur,
2594 5283 2861 5355 gliscenti
2912 5282 3140 5336 obviam
3190 5281 3272 5335 ire
3319 5279 3467 5334 malo
3516 5266 3742 5329 decrevit
3772 5264 3818 5312 in

3631 5359 3641 5369 .
3732 5346 3817 5370 ,__!l

478 5346 770 5357 “Nam-..
818 5346 1122 5370 ,ην-νηη-
2036 5346 2048 5357 .
2534 5346 2540 5349 .
2594 5346 2626 5355 υ

472 5391 585 5445 duo
610 5390 802 5461 priora
824 5383 1371 5459 capita,primatum
1395 5376 2113 5449 etprovocationcm,sine
2227 5377 2382 5429 hunc
2424 5374 2683 5427 modum.
2718 5374 2864 5426 Ante
2912 5371 3109 5425 omnia
3164 5371 3445 5440 scriptum
3494 5346 3818 5419 concinnavit

473 5496 682 5549 magno
705 5479 919 5532 damno
951 5471 1193 5530 relaxari
1221 5485 1388 5541 posse
1420 5468 1698 5530 dicerent,
1725 5466 1941 5536 quippe
1967 5481 2109 5535 quo-
2223 5481 2337 5535 quo
2359 5461 2547 5517 solum
2572 5460 2627 5515 id
2653 5477 2822 5530 agere
2842 5460 3141 5513 videbatur
3164 5464 3227 5513 ut
3249 5459 3421 5512 ﬁdem
3441 5441 3815 5549 etobseqlfl‘iu‘l‘Il

474 5525 680 5549 “mg..-
708 5525 914 5532 "ﬂ.--
1223 5525 1239 5541 ι
1690 5525 1697 5530 ,
1740 5525 1759 5536 ,
1834 5525 1887 5536 ..
1982 5525 2000 5535 -
2241 5525 2255 5535 .
2691 5525 2718 5530 υ

467 5586 596 5624 rum
632 5573 904 5624 neutrum
937 5566 1091 5620 ultra
1136 5577 1346 5619 nomen
1380 5564 1436 5615 et
1465 5557 1717 5629 speciem
1768 5557 1840 5611 ad
1890 5557 2106 5611 factum
2219 5549 2564 5622 imperatori
2595 5567 2628 5604 a
2658 5548 2911 5604 subditis
2951 5546 3211 5602 debitum
3254 5546 3365 5601 sibi
3398 5539 3661 5600 ﬁrmaret.
3692 5525 3813 5584 Sub-
