  <div class='ocr_page' id='page_1' title='image "/cluster/home/n/w/nwhite01/storage/ocr_20150623/143/mdp.39015078384784/430.png"; bbox 0 0 4130 6270; ppageno 0'>
   <div class='ocr_carea' id='block_1_1' title="bbox 290 333 399 389">
    <p class='ocr_par' dir='ltr' id='par_1_1' title="bbox 290 333 399 389">
     <span class='ocr_line' id='line_1_1' title="bbox 290 333 399 389; baseline 0.009 -1"><span class='ocrx_word' id='word_1_1' title='bbox 290 333 399 389; x_wconf 78' lang='grc'>845</span> 
     </span>
    </p>
   </div>
   <div class='ocr_carea' id='block_1_2' title="bbox 1360 329 2619 390">
    <p class='ocr_par' dir='ltr' id='par_1_2' title="bbox 1360 329 2619 390">
     <span class='ocr_line' id='line_1_2' title="bbox 1360 329 2619 390; baseline 0.006 -8"><span class='ocrx_word' id='word_1_2' title='bbox 1360 331 1450 384; x_wconf 86' lang='lat' dir='ltr'>DE</span> <span class='ocrx_word' id='word_1_3' title='bbox 1490 329 1862 385; x_wconf 74' lang='lat' dir='ltr'>MICHAELB</span> <span class='ocrx_word' id='word_1_4' title='bbox 1900 330 2342 388; x_wconf 67' lang='lat' dir='ltr'>PALEOLOGO</span> <span class='ocrx_word' id='word_1_5' title='bbox 2380 337 2511 390; x_wconf 87' lang='lat' dir='ltr'>LIB.</span> <span class='ocrx_word' id='word_1_6' title='bbox 2554 337 2619 389; x_wconf 63' lang='grc' dir='ltr'>ν’.</span> 
     </span>
    </p>
   </div>
   <div class='ocr_carea' id='block_1_3' title="bbox 3573 331 3680 387">
    <p class='ocr_par' dir='ltr' id='par_1_3' title="bbox 3573 331 3680 387">
     <span class='ocr_line' id='line_1_3' title="bbox 3573 331 3680 387; baseline 0 -1"><span class='ocrx_word' id='word_1_7' title='bbox 3573 331 3680 387; x_wconf 83' lang='grc'>846</span> 
     </span>
    </p>
   </div>
   <div class='ocr_carea' id='block_1_4' title="bbox 289 448 3680 532">
    <p class='ocr_par' dir='ltr' id='par_1_4' title="bbox 289 448 3680 532">
     <span class='ocr_line' id='line_1_4' title="bbox 289 448 3680 532; baseline -0.001 -21"><span class='ocrx_word' id='word_1_8' title='bbox 289 454 388 511; x_wconf 63' lang='grc' dir='ltr'>οἶδ’</span> <span class='ocrx_word' id='word_1_9' title='bbox 447 455 534 510; x_wconf 80' lang='grc' dir='ltr'>ἐπὶ</span> <span class='ocrx_word' id='word_1_10' title='bbox 585 452 741 508; x_wconf 86' lang='grc' dir='ltr'>ποίαν</span> <span class='ocrx_word' id='word_1_11' title='bbox 803 454 992 527; x_wconf 83' lang='grc' dir='ltr'>χρείαν</span> <span class='ocrx_word' id='word_1_12' title='bbox 1025 450 1172 520; x_wconf 77' lang='grc' dir='ltr'>πλὴν</span> <span class='ocrx_word' id='word_1_13' title='bbox 1200 456 1298 506; x_wconf 76' lang='grc' dir='ltr'>τοῦ</span> <span class='ocrx_word' id='word_1_14' title='bbox 1330 448 1475 522; x_wconf 79' lang='grc' dir='ltr'>δόξαι</span> <span class='ocrx_word' id='word_1_15' title='bbox 1507 455 1660 525; x_wconf 81' lang='grc' dir='ltr'>σχεῖν</span> <span class='ocrx_word' id='word_1_16' title='bbox 1686 454 1793 504; x_wconf 79' lang='grc' dir='ltr'>τῶν</span> <span class='ocrx_word' id='word_1_17' title='bbox 1825 457 1923 519; x_wconf 80' lang='grc' dir='ltr'>τῆς</span> <span class='ocrx_word' id='word_1_18' title='bbox 1957 448 2097 520; x_wconf 62' lang='lat' dir='ltr'>ABE</span> <span class='ocrx_word' id='word_1_19' title='bbox 2151 452 2315 528; x_wconf 82' lang='grc' dir='ltr'>μέχρι</span> <span class='ocrx_word' id='word_1_20' title='bbox 2377 453 2687 532; x_wconf 72' lang='grc' dir='ltr'>Σηλυϐρίας</span> <span class='ocrx_word' id='word_1_21' title='bbox 2743 457 2832 512; x_wconf 83' lang='grc' dir='ltr'>καὶ</span> <span class='ocrx_word' id='word_1_22' title='bbox 2889 455 3215 524; x_wconf 77' lang='grc' dir='ltr'>Ῥαιὸεστοῦ,</span> <span class='ocrx_word' id='word_1_23' title='bbox 3275 455 3422 516; x_wconf 78' lang='grc' dir='ltr'>τινὰς</span> <span class='ocrx_word' id='word_1_24' title='bbox 3476 453 3532 509; x_wconf 74' lang='grc' dir='ltr'>δὲ</span> <span class='ocrx_word' id='word_1_25' title='bbox 3587 455 3680 508; x_wconf 86' lang='grc' dir='ltr'>καὶ</span> 
     </span>
    </p>
   </div>
   <div class='ocr_carea' id='block_1_5' title="bbox 289 537 1930 613">
    <p class='ocr_par' dir='ltr' id='par_1_5' title="bbox 289 537 1930 613">
     <span class='ocr_line' id='line_1_5' title="bbox 289 537 1930 613; baseline -0.005 -14"><span class='ocrx_word' id='word_1_26' title='bbox 289 543 616 612; x_wconf 76' lang='grc' dir='ltr'>Ἑκκλησίας</span> <span class='ocrx_word' id='word_1_27' title='bbox 648 540 1072 613; x_wconf 67' lang='grc' dir='ltr'>ὑποσημοὶνσεις,</span> <span class='ocrx_word' id='word_1_28' title='bbox 1125 538 1219 593; x_wconf 76' lang='grc' dir='ltr'>κᾶν</span> <span class='ocrx_word' id='word_1_29' title='bbox 1251 541 1303 593; x_wconf 73' lang='grc' dir='ltr'>αἱ</span> <span class='ocrx_word' id='word_1_30' title='bbox 1367 541 1644 600; x_wconf 82' lang='grc' dir='ltr'>ὑποθέσεις</span> <span class='ocrx_word' id='word_1_31' title='bbox 1705 540 1766 592; x_wconf 82' lang='grc' dir='ltr'>τὸ</span> <span class='ocrx_word' id='word_1_32' title='bbox 1817 537 1930 592; x_wconf 74' lang='grc' dir='ltr'>διά-</span> 
     </span>
    </p>
   </div>
   <div class='ocr_carea' id='block_1_6' title="bbox 287 626 1934 709">
    <p class='ocr_par' dir='ltr' id='par_1_6' title="bbox 287 626 1934 709">
     <span class='ocr_line' id='line_1_6' title="bbox 287 626 1934 709; baseline -0.004 -22"><span class='ocrx_word' id='word_1_33' title='bbox 287 652 456 709; x_wconf 70' lang='grc' dir='ltr'>φορον</span> <span class='ocrx_word' id='word_1_34' title='bbox 490 630 663 704; x_wconf 76' lang='grc' dir='ltr'>εἶχον.</span> <span class='ocrx_word' id='word_1_35' title='bbox 724 628 972 684; x_wconf 73' lang='grc' dir='ltr'>Ιίᾶκεῖνοι</span> <span class='ocrx_word' id='word_1_36' title='bbox 1033 626 1334 702; x_wconf 71' lang='grc' dir='ltr'>προθύμως</span> <span class='ocrx_word' id='word_1_37' title='bbox 1369 628 1674 701; x_wconf 71' lang='grc' dir='ltr'>ὑπέγραφον</span> <span class='ocrx_word' id='word_1_38' title='bbox 1706 627 1768 681; x_wconf 84' lang='grc' dir='ltr'>τὸ</span> <span class='ocrx_word' id='word_1_39' title='bbox 1799 628 1934 695; x_wconf 77' lang='grc' dir='ltr'>πρὸς</span> 
     </span>
    </p>
   </div>
   <div class='ocr_carea' id='block_1_7' title="bbox 286 713 1933 791">
    <p class='ocr_par' dir='ltr' id='par_1_7' title="bbox 286 713 1933 791">
     <span class='ocr_line' id='line_1_7' title="bbox 325 713 1845 756; baseline 0 -6"><span class='ocrx_word' id='word_1_40' title='bbox 325 714 967 750; x_wconf 66' lang='grc' dir='ltr'>-›ρ⁰“-τ·-τ·</span> <span class='ocrx_word' id='word_1_41' title='bbox 1136 715 1509 756; x_wconf 58' lang='grc' dir='ltr'>ς-’.ῖκφι</span> <span class='ocrx_word' id='word_1_42' title='bbox 1631 713 1845 750; x_wconf 75' lang='lat'>-..“.</span> 
     </span>
     <span class='ocr_line' id='line_1_8' title="bbox 286 715 1933 791; baseline -0.005 -16"><span class='ocrx_word' id='word_1_43' title='bbox 286 743 375 775; x_wconf 86' lang='grc' dir='ltr'>τον</span> <span class='ocrx_word' id='word_1_44' title='bbox 450 727 685 791; x_wconf 78' lang='grc' dir='ltr'>Λορααμ</span> <span class='ocrx_word' id='word_1_45' title='bbox 723 737 809 770; x_wconf 59' lang='grc' dir='ltr'>τοι)</span> <span class='ocrx_word' id='word_1_46' title='bbox 840 723 992 783; x_wconf 70' lang='grc' dir='ltr'>Θεο),</span> <span class='ocrx_word' id='word_1_47' title='bbox 1026 740 1051 765; x_wconf 82' lang='grc' dir='ltr'><strong><em>υ</em></strong></span> <span class='ocrx_word' id='word_1_48' title='bbox 1089 719 1154 770; x_wconf 86' lang='lat'>0.</span> <span class='ocrx_word' id='word_1_49' title='bbox 1190 715 1316 768; x_wconf 76' lang='grc' dir='ltr'>ευλο</span> <span class='ocrx_word' id='word_1_50' title='bbox 1335 736 1542 789; x_wconf 59' lang='lat' dir='ltr'>(eam:</span> <span class='ocrx_word' id='word_1_51' title='bbox 1595 737 1651 768; x_wconf 71' lang='grc' dir='ltr'>σε</span> <span class='ocrx_word' id='word_1_52' title='bbox 1701 729 1933 788; x_wconf 49' lang='lat' dir='ltr'>uitem-</span> 
     </span>
    </p>
   </div>
   <div class='ocr_carea' id='block_1_8' title="bbox 294 804 1932 884">
    <p class='ocr_par' dir='ltr' id='par_1_8' title="bbox 294 804 1932 884">
     <span class='ocr_line' id='line_1_9' title="bbox 294 804 1932 884; baseline -0.005 -19"><span class='ocrx_word' id='word_1_53' title='bbox 294 812 468 884; x_wconf 85' lang='grc' dir='ltr'>μένοι,</span> <span class='ocrx_word' id='word_1_54' title='bbox 500 807 589 861; x_wconf 79' lang='grc' dir='ltr'>καὶ</span> <span class='ocrx_word' id='word_1_55' title='bbox 621 807 672 860; x_wconf 70' lang='grc' dir='ltr'>οἱ</span> <span class='ocrx_word' id='word_1_56' title='bbox 698 804 1077 878; x_wconf 80' lang='grc' dir='ltr'>καταρώμενοί</span> <span class='ocrx_word' id='word_1_57' title='bbox 1109 825 1164 857; x_wconf 89' lang='grc' dir='ltr'>σε</span> <span class='ocrx_word' id='word_1_58' title='bbox 1202 806 1614 877; x_wconf 71' lang='grc' dir='ltr'>κεκατῆρανται.</span> <span class='ocrx_word' id='word_1_59' title='bbox 1651 829 1677 855; x_wconf 67' lang='grc' dir='ltr'><strong>η</strong></span> <span class='ocrx_word' id='word_1_60' title='bbox 1708 806 1932 859; x_wconf 74' lang='grc' dir='ltr'>Ἔπειτα</span> 
     </span>
    </p>
   </div>
   <div class='ocr_carea' id='block_1_9' title="bbox 289 889 1934 971">
    <p class='ocr_par' dir='ltr' id='par_1_9' title="bbox 289 889 1934 971">
     <span class='ocr_line' id='line_1_10' title="bbox 289 889 1934 971; baseline -0.004 -21"><span class='ocrx_word' id='word_1_61' title='bbox 289 899 506 971; x_wconf 72' lang='grc' dir='ltr'>πέμψας</span> <span class='ocrx_word' id='word_1_62' title='bbox 547 895 674 957; x_wconf 61' lang='grc' dir='ltr'>τοὺς</span> <span class='ocrx_word' id='word_1_63' title='bbox 721 891 896 953; x_wconf 76' lang='grc' dir='ltr'>ἰδίους</span> <span class='ocrx_word' id='word_1_64' title='bbox 950 892 1122 951; x_wconf 64' lang='grc' dir='ltr'>οὶκίαν</span> <span class='ocrx_word' id='word_1_65' title='bbox 1182 893 1407 946; x_wconf 69' lang='grc' dir='ltr'>ἑκάστου</span> <span class='ocrx_word' id='word_1_66' title='bbox 1447 889 1825 968; x_wconf 57' lang='grc' dir='ltr'>κατεψηλσὶφα,</span> <span class='ocrx_word' id='word_1_67' title='bbox 1876 892 1934 954; x_wconf 80' lang='grc' dir='ltr'>ὃς</span> 
     </span>
    </p>
   </div>
   <div class='ocr_carea' id='block_1_10' title="bbox 286 979 1927 1056">
    <p class='ocr_par' dir='ltr' id='par_1_10' title="bbox 286 979 1927 1056">
     <span class='ocr_line' id='line_1_11' title="bbox 286 979 1927 1056; baseline -0.006 -16"><span class='ocrx_word' id='word_1_68' title='bbox 286 991 334 1043; x_wconf 87' lang='grc' dir='ltr'>τ’</span> <span class='ocrx_word' id='word_1_69' title='bbox 366 985 538 1045; x_wconf 60' lang='grc' dir='ltr'>αἴτιος</span> <span class='ocrx_word' id='word_1_70' title='bbox 570 982 626 1044; x_wconf 77' lang='grc' dir='ltr'>ὅς</span> <span class='ocrx_word' id='word_1_71' title='bbox 660 1003 716 1035; x_wconf 90' lang='grc' dir='ltr'>τε</span> <span class='ocrx_word' id='word_1_72' title='bbox 759 982 846 1034; x_wconf 75' lang='grc' dir='ltr'>καὶ</span> <span class='ocrx_word' id='word_1_73' title='bbox 881 980 1030 1053; x_wconf 72' lang='grc' dir='ltr'>οὐχί.</span> <span class='ocrx_word' id='word_1_74' title='bbox 1085 980 1180 1033; x_wconf 82' lang='grc' dir='ltr'>Καί</span> <span class='ocrx_word' id='word_1_75' title='bbox 1230 982 1262 1048; x_wconf 82' lang='grc' dir='ltr'>ἡ</span> <span class='ocrx_word' id='word_1_76' title='bbox 1308 981 1596 1056; x_wconf 64' lang='grc' dir='ltr'>πρόφασις,</span> <span class='ocrx_word' id='word_1_77' title='bbox 1649 981 1722 1040; x_wconf 84' lang='grc' dir='ltr'>ὡς</span> <span class='ocrx_word' id='word_1_78' title='bbox 1771 979 1927 1033; x_wconf 72' lang='grc' dir='ltr'>αὐτὸν</span> 
     </span>
    </p>
   </div>
   <div class='ocr_carea' id='block_1_11' title="bbox 292 1067 1930 1145">
    <p class='ocr_par' dir='ltr' id='par_1_11' title="bbox 292 1067 1930 1145">
     <span class='ocr_line' id='line_1_12' title="bbox 292 1067 1930 1145; baseline -0.006 -18"><span class='ocrx_word' id='word_1_79' title='bbox 292 1074 385 1145; x_wconf 67' lang='grc' dir='ltr'>μέν</span> <span class='ocrx_word' id='word_1_80' title='bbox 419 1074 551 1126; x_wconf 67' lang='grc' dir='ltr'>εἶναι</span> <span class='ocrx_word' id='word_1_81' title='bbox 605 1071 697 1123; x_wconf 80' lang='grc' dir='ltr'>τὸν</span> <span class='ocrx_word' id='word_1_82' title='bbox 745 1068 1087 1142; x_wconf 74' lang='grc' dir='ltr'>κατασχόντα</span> <span class='ocrx_word' id='word_1_83' title='bbox 1143 1069 1242 1134; x_wconf 73' lang='grc' dir='ltr'>τήν</span> <span class='ocrx_word' id='word_1_84' title='bbox 1275 1067 1461 1136; x_wconf 74' lang='grc' dir='ltr'>πόλιν,</span> <span class='ocrx_word' id='word_1_85' title='bbox 1511 1069 1597 1120; x_wconf 77' lang='grc' dir='ltr'>καὶ</span> <span class='ocrx_word' id='word_1_86' title='bbox 1650 1068 1784 1141; x_wconf 72' lang='grc' dir='ltr'>πρὸς</span> <span class='ocrx_word' id='word_1_87' title='bbox 1815 1073 1930 1127; x_wconf 82' lang='grc' dir='ltr'>τοῖς</span> 
     </span>
    </p>
   </div>
   <div class='ocr_carea' id='block_1_12' title="bbox 292 1154 1928 1228">
    <p class='ocr_par' dir='ltr' id='par_1_12' title="bbox 292 1154 1928 1228">
     <span class='ocr_line' id='line_1_13' title="bbox 292 1154 1928 1228; baseline -0.004 -13"><span class='ocrx_word' id='word_1_88' title='bbox 292 1159 486 1220; x_wconf 76' lang='grc' dir='ltr'>ἄλλοις</span> <span class='ocrx_word' id='word_1_89' title='bbox 519 1159 684 1212; x_wconf 66' lang='grc' dir='ltr'>αὐτοῦ</span> <span class='ocrx_word' id='word_1_90' title='bbox 713 1155 802 1210; x_wconf 77' lang='grc' dir='ltr'>καὶ</span> <span class='ocrx_word' id='word_1_91' title='bbox 834 1154 1002 1226; x_wconf 68' lang='grc' dir='ltr'>μόνου</span> <span class='ocrx_word' id='word_1_92' title='bbox 1047 1155 1136 1209; x_wconf 81' lang='grc' dir='ltr'>καὶ</span> <span class='ocrx_word' id='word_1_93' title='bbox 1164 1156 1259 1216; x_wconf 73' lang='grc' dir='ltr'>τὰς</span> <span class='ocrx_word' id='word_1_94' title='bbox 1294 1155 1466 1216; x_wconf 80' lang='grc' dir='ltr'>ο’κίας</span> <span class='ocrx_word' id='word_1_95' title='bbox 1501 1156 1653 1221; x_wconf 69' lang='grc' dir='ltr'>εἶναι,</span> <span class='ocrx_word' id='word_1_96' title='bbox 1713 1156 1928 1228; x_wconf 76' lang='grc' dir='ltr'>ἀποχα-</span> 
     </span>
    </p>
   </div>
   <div class='ocr_carea' id='block_1_13' title="bbox 243 1240 1927 1323">
    <p class='ocr_par' dir='ltr' id='par_1_13' title="bbox 243 1240 1927 1323">
     <span class='ocr_line' id='line_1_14' title="bbox 243 1240 1927 1323; baseline -0.005 -21"><span class='ocrx_word' id='word_1_97' title='bbox 243 1249 524 1323; x_wconf 28' lang='grc' dir='ltr'>,ρίζεσθαι</span> <span class='ocrx_word' id='word_1_98' title='bbox 585 1244 642 1298; x_wconf 74' lang='grc' dir='ltr'>δὲ</span> <span class='ocrx_word' id='word_1_99' title='bbox 696 1245 891 1304; x_wconf 70' lang='grc' dir='ltr'>ταύτας</span> <span class='ocrx_word' id='word_1_100' title='bbox 923 1248 1038 1306; x_wconf 87' lang='grc' dir='ltr'>τοῖς</span> <span class='ocrx_word' id='word_1_101' title='bbox 1070 1243 1335 1307; x_wconf 67' lang='grc' dir='ltr'>εὐνοοῦσι,</span> <span class='ocrx_word' id='word_1_102' title='bbox 1393 1249 1512 1305; x_wconf 83' lang='grc' dir='ltr'>τοῖς</span> <span class='ocrx_word' id='word_1_103' title='bbox 1575 1240 1629 1296; x_wconf 72' lang='grc' dir='ltr'>δὲ</span> <span class='ocrx_word' id='word_1_104' title='bbox 1687 1243 1822 1296; x_wconf 79' lang='grc' dir='ltr'>κατά</span> <span class='ocrx_word' id='word_1_105' title='bbox 1877 1263 1927 1295; x_wconf 92' lang='grc' dir='ltr'>τι</span> 
     </span>
    </p>
   </div>
   <div class='ocr_carea' id='block_1_14' title="bbox 289 1327 1928 1414">
    <p class='ocr_par' dir='ltr' id='par_1_14' title="bbox 289 1327 1928 1414">
     <span class='ocr_line' id='line_1_15' title="bbox 289 1327 1928 1414; baseline -0.004 -25"><span class='ocrx_word' id='word_1_106' title='bbox 289 1335 646 1414; x_wconf 68' lang='grc' dir='ltr'>ἀφηνιάζουσι</span> <span class='ocrx_word' id='word_1_107' title='bbox 702 1333 790 1385; x_wconf 85' lang='grc' dir='ltr'>καὶ</span> <span class='ocrx_word' id='word_1_108' title='bbox 848 1332 946 1397; x_wconf 72' lang='grc' dir='ltr'>τήν</span> <span class='ocrx_word' id='word_1_109' title='bbox 1007 1333 1166 1404; x_wconf 81' lang='grc' dir='ltr'>χάριν</span> <span class='ocrx_word' id='word_1_110' title='bbox 1228 1329 1562 1402; x_wconf 73' lang='grc' dir='ltr'>ἀνατρέπειν,</span> <span class='ocrx_word' id='word_1_111' title='bbox 1619 1328 1826 1383; x_wconf 82' lang='grc' dir='ltr'>δίκαιον</span> <span class='ocrx_word' id='word_1_112' title='bbox 1883 1327 1928 1382; x_wconf 82' lang='grc' dir='ltr'>δ’</span> 
     </span>
    </p>
   </div>
   <div class='ocr_carea' id='block_1_15' title="bbox 289 1417 1926 1492">
    <p class='ocr_par' dir='ltr' id='par_1_15' title="bbox 289 1417 1926 1492">
     <span class='ocr_line' id='line_1_16' title="bbox 289 1417 1926 1492; baseline -0.005 -14"><span class='ocrx_word' id='word_1_113' title='bbox 289 1425 421 1478; x_wconf 75' lang='grc' dir='ltr'>εἶναι</span> <span class='ocrx_word' id='word_1_114' title='bbox 479 1422 568 1476; x_wconf 82' lang='grc' dir='ltr'>καὶ</span> <span class='ocrx_word' id='word_1_115' title='bbox 624 1422 692 1475; x_wconf 74' lang='grc' dir='ltr'>τὰ</span> <span class='ocrx_word' id='word_1_116' title='bbox 745 1424 852 1472; x_wconf 84' lang='grc' dir='ltr'>τῶν</span> <span class='ocrx_word' id='word_1_117' title='bbox 914 1418 1130 1480; x_wconf 79' lang='grc' dir='ltr'>ὄπισθεν</span> <span class='ocrx_word' id='word_1_118' title='bbox 1189 1419 1403 1492; x_wconf 84' lang='grc' dir='ltr'>χρόνων</span> <span class='ocrx_word' id='word_1_119' title='bbox 1466 1420 1748 1486; x_wconf 72' lang='grc' dir='ltr'>ἀναζητεῖν</span> <span class='ocrx_word' id='word_1_120' title='bbox 1798 1417 1926 1478; x_wconf 70' lang='grc' dir='ltr'>τοὺς</span> 
     </span>
    </p>
   </div>
   <div class='ocr_carea' id='block_1_16' title="bbox 291 1507 935 1570">
    <p class='ocr_par' dir='ltr' id='par_1_16' title="bbox 291 1507 935 1570">
     <span class='ocr_line' id='line_1_17' title="bbox 291 1507 935 1570; baseline -0.006 -4"><span class='ocrx_word' id='word_1_121' title='bbox 291 1512 632 1570; x_wconf 75' lang='grc' dir='ltr'>ἐνοικοῦντας</span> <span class='ocrx_word' id='word_1_122' title='bbox 702 1507 935 1562; x_wconf 79' lang='grc' dir='ltr'>ἐποίκια.</span> 
     </span>
    </p>
   </div>
   <div class='ocr_carea' id='block_1_17' title="bbox 289 1593 1927 1670">
    <p class='ocr_par' dir='ltr' id='par_1_17' title="bbox 289 1593 1927 1670">
     <span class='ocr_line' id='line_1_18' title="bbox 289 1593 1927 1670; baseline -0.004 -16"><span class='ocrx_word' id='word_1_123' title='bbox 289 1599 494 1670; x_wconf 74' lang='grc' dir='ltr'>κόσμιά</span> <span class='ocrx_word' id='word_1_124' title='bbox 542 1619 601 1650; x_wconf 84' lang='grc' dir='ltr'>τε</span> <span class='ocrx_word' id='word_1_125' title='bbox 653 1601 882 1650; x_wconf 83' lang='grc' dir='ltr'>παντοῖα</span> <span class='ocrx_word' id='word_1_126' title='bbox 936 1595 1025 1649; x_wconf 82' lang='grc' dir='ltr'>καὶ</span> <span class='ocrx_word' id='word_1_127' title='bbox 1055 1593 1259 1649; x_wconf 73' lang='grc' dir='ltr'>ἔπιπλα</span> <span class='ocrx_word' id='word_1_128' title='bbox 1283 1596 1370 1648; x_wconf 85' lang='grc' dir='ltr'>καὶ</span> <span class='ocrx_word' id='word_1_129' title='bbox 1403 1601 1503 1648; x_wconf 80' lang='grc' dir='ltr'>πᾶν</span> <span class='ocrx_word' id='word_1_130' title='bbox 1537 1595 1564 1648; x_wconf 80' lang='grc' dir='ltr'>ὃ</span> <span class='ocrx_word' id='word_1_131' title='bbox 1595 1615 1646 1648; x_wconf 88' lang='grc' dir='ltr'>τι</span> <span class='ocrx_word' id='word_1_132' title='bbox 1674 1615 1758 1656; x_wconf 88' lang='grc' dir='ltr'>τις</span> <span class='ocrx_word' id='word_1_133' title='bbox 1789 1597 1927 1668; x_wconf 81' lang='grc' dir='ltr'>εἶχε,</span> 
     </span>
    </p>
   </div>
   <div class='ocr_carea' id='block_1_18' title="bbox 287 1683 1926 1759">
    <p class='ocr_par' dir='ltr' id='par_1_18' title="bbox 287 1683 1926 1759">
     <span class='ocr_line' id='line_1_19' title="bbox 287 1683 1926 1759; baseline -0.005 -17"><span class='ocrx_word' id='word_1_134' title='bbox 287 1688 377 1742; x_wconf 89' lang='grc' dir='ltr'>καὶ</span> <span class='ocrx_word' id='word_1_135' title='bbox 406 1688 468 1742; x_wconf 87' lang='grc' dir='ltr'>τὸ</span> <span class='ocrx_word' id='word_1_136' title='bbox 503 1690 684 1758; x_wconf 83' lang='grc' dir='ltr'>μεῖζον</span> <span class='ocrx_word' id='word_1_137' title='bbox 713 1684 986 1759; x_wconf 84' lang='grc' dir='ltr'>ἐκρίνοντο</span> <span class='ocrx_word' id='word_1_138' title='bbox 1016 1685 1102 1738; x_wconf 85' lang='grc' dir='ltr'>καὶ</span> <span class='ocrx_word' id='word_1_139' title='bbox 1138 1684 1213 1744; x_wconf 83' lang='grc' dir='ltr'>εἷς</span> <span class='ocrx_word' id='word_1_140' title='bbox 1264 1683 1612 1745; x_wconf 82' lang='grc' dir='ltr'>καθοσίωσιν.</span> <span class='ocrx_word' id='word_1_141' title='bbox 1663 1684 1926 1754; x_wconf 77' lang='grc' dir='ltr'>Ἡτοιμά-</span> 
     </span>
    </p>
   </div>
   <div class='ocr_carea' id='block_1_19' title="bbox 289 1768 1926 1849">
    <p class='ocr_par' dir='ltr' id='par_1_19' title="bbox 289 1768 1926 1849">
     <span class='ocr_line' id='line_1_20' title="bbox 289 1768 1926 1849; baseline -0.005 -19"><span class='ocrx_word' id='word_1_142' title='bbox 289 1782 445 1844; x_wconf 89' lang='grc' dir='ltr'>ζοντο</span> <span class='ocrx_word' id='word_1_143' title='bbox 478 1771 535 1827; x_wconf 78' lang='grc' dir='ltr'>δὲ</span> <span class='ocrx_word' id='word_1_144' title='bbox 581 1773 670 1827; x_wconf 85' lang='grc' dir='ltr'>καὶ</span> <span class='ocrx_word' id='word_1_145' title='bbox 715 1770 962 1849; x_wconf 72' lang='grc' dir='ltr'>φορτίδες</span> <span class='ocrx_word' id='word_1_146' title='bbox 1009 1776 1105 1824; x_wconf 75' lang='grc' dir='ltr'>τοῦ</span> <span class='ocrx_word' id='word_1_147' title='bbox 1137 1770 1464 1845; x_wconf 78' lang='grc' dir='ltr'>ἐξορίζεσθαι</span> <span class='ocrx_word' id='word_1_148' title='bbox 1517 1769 1642 1833; x_wconf 69' lang='grc' dir='ltr'>τοὺς</span> <span class='ocrx_word' id='word_1_149' title='bbox 1671 1768 1778 1839; x_wconf 67' lang='grc' dir='ltr'>’ἤδη</span> <span class='ocrx_word' id='word_1_150' title='bbox 1829 1791 1926 1823; x_wconf 90' lang='grc' dir='ltr'>κα-</span> 
     </span>
    </p>
   </div>
   <div class='ocr_carea' id='block_1_20' title="bbox 283 1856 1922 1936">
    <p class='ocr_par' dir='ltr' id='par_1_20' title="bbox 283 1856 1922 1936">
     <span class='ocr_line' id='line_1_21' title="bbox 283 1856 1922 1936; baseline -0.004 -19"><span class='ocrx_word' id='word_1_151' title='bbox 283 1861 575 1936; x_wconf 84' lang='grc' dir='ltr'>τακρίτους</span> <span class='ocrx_word' id='word_1_152' title='bbox 632 1858 942 1920; x_wconf 78' lang='grc' dir='ltr'>δοκοῦντας.</span> <span class='ocrx_word' id='word_1_153' title='bbox 994 1859 1072 1914; x_wconf 84' lang='grc' dir='ltr'>Οὐ</span> <span class='ocrx_word' id='word_1_154' title='bbox 1126 1859 1230 1930; x_wconf 78' lang='grc' dir='ltr'>μὴν</span> <span class='ocrx_word' id='word_1_155' title='bbox 1291 1856 1347 1912; x_wconf 76' lang='grc' dir='ltr'>δε</span> <span class='ocrx_word' id='word_1_156' title='bbox 1381 1858 1470 1912; x_wconf 81' lang='grc' dir='ltr'>καὶ</span> <span class='ocrx_word' id='word_1_157' title='bbox 1523 1859 1718 1931; x_wconf 88' lang='grc' dir='ltr'>μέχρις</span> <span class='ocrx_word' id='word_1_158' title='bbox 1767 1857 1922 1911; x_wconf 83' lang='grc' dir='ltr'>ἐλπι-</span> 
     </span>
    </p>
   </div>
   <div class='ocr_carea' id='block_1_21' title="bbox 287 1942 1923 2023">
    <p class='ocr_par' dir='ltr' id='par_1_21' title="bbox 287 1942 1923 2023">
     <span class='ocr_line' id='line_1_22' title="bbox 287 1942 1923 2023; baseline -0.006 -17"><span class='ocrx_word' id='word_1_159' title='bbox 287 1955 443 2023; x_wconf 82' lang='grc' dir='ltr'>σμῶν</span> <span class='ocrx_word' id='word_1_160' title='bbox 474 1949 540 2003; x_wconf 75' lang='grc' dir='ltr'>τὰ</span> <span class='ocrx_word' id='word_1_161' title='bbox 571 1947 720 2002; x_wconf 83' lang='grc' dir='ltr'>δεινᾶ</span> <span class='ocrx_word' id='word_1_162' title='bbox 747 1948 903 2016; x_wconf 77' lang='grc' dir='ltr'>ἦσαν,</span> <span class='ocrx_word' id='word_1_163' title='bbox 938 1945 1081 2001; x_wconf 82' lang='grc' dir='ltr'>ἀλλᾶ</span> <span class='ocrx_word' id='word_1_164' title='bbox 1109 1946 1199 2000; x_wconf 84' lang='grc' dir='ltr'>καὶ</span> <span class='ocrx_word' id='word_1_165' title='bbox 1231 1948 1390 2021; x_wconf 76' lang='grc' dir='ltr'>πείρᾳ</span> <span class='ocrx_word' id='word_1_166' title='bbox 1427 1947 1567 2008; x_wconf 77' lang='grc' dir='ltr'>τινὲς</span> <span class='ocrx_word' id='word_1_167' title='bbox 1597 1950 1704 2000; x_wconf 80' lang='grc' dir='ltr'>τῶν</span> <span class='ocrx_word' id='word_1_168' title='bbox 1737 1942 1923 1999; x_wconf 82' lang='grc' dir='ltr'>δεινῶν</span> 
     </span>
    </p>
   </div>
   <div class='ocr_carea' id='block_1_22' title="bbox 291 2031 1925 2111">
    <p class='ocr_par' dir='ltr' id='par_1_22' title="bbox 291 2031 1925 2111">
     <span class='ocr_line' id='line_1_23' title="bbox 291 2031 1925 2111; baseline -0.004 -19"><span class='ocrx_word' id='word_1_169' title='bbox 291 2043 571 2111; x_wconf 78' lang='grc' dir='ltr'>μετεῖχον,</span> <span class='ocrx_word' id='word_1_170' title='bbox 606 2037 679 2097; x_wconf 88' lang='grc' dir='ltr'>ὡς</span> <span class='ocrx_word' id='word_1_171' title='bbox 708 2034 835 2096; x_wconf 76' lang='grc' dir='ltr'>τοὺς</span> <span class='ocrx_word' id='word_1_172' title='bbox 872 2036 964 2106; x_wconf 78' lang='grc' dir='ltr'>μὲν</span> <span class='ocrx_word' id='word_1_173' title='bbox 998 2036 1073 2095; x_wconf 84' lang='grc' dir='ltr'>εἰς</span> <span class='ocrx_word' id='word_1_174' title='bbox 1105 2038 1345 2104; x_wconf 80' lang='grc' dir='ltr'>Λῆμνον,</span> <span class='ocrx_word' id='word_1_175' title='bbox 1377 2033 1505 2097; x_wconf 71' lang='grc' dir='ltr'>τούς</span> <span class='ocrx_word' id='word_1_176' title='bbox 1530 2031 1576 2086; x_wconf 85' lang='grc' dir='ltr'>δ’</span> <span class='ocrx_word' id='word_1_177' title='bbox 1606 2033 1657 2095; x_wconf 80' lang='grc' dir='ltr'>ἐς</span> <span class='ocrx_word' id='word_1_178' title='bbox 1693 2037 1925 2107; x_wconf 75' lang='grc' dir='ltr'>Σκῦρον,</span> 
     </span>
    </p>
   </div>
   <div class='ocr_carea' id='block_1_23' title="bbox 1028 1505 1929 1583">
    <p class='ocr_par' dir='ltr' id='par_1_23' title="bbox 1028 1505 1929 1583">
     <span class='ocr_line' id='line_1_24' title="bbox 1028 1505 1929 1583; baseline -0.004 -21"><span class='ocrx_word' id='word_1_179' title='bbox 1028 1505 1544 1583; x_wconf 66' lang='grc' dir='ltr'>Ἀνεκεφαλαιοῦντο</span> <span class='ocrx_word' id='word_1_180' title='bbox 1627 1505 1929 1579; x_wconf 75' lang='grc' dir='ltr'>παραυτίκα</span> 
     </span>
    </p>
   </div>
   <div class='ocr_carea' id='block_1_24' title="bbox 287 2121 1927 2196">
    <p class='ocr_par' dir='ltr' id='par_1_24' title="bbox 287 2121 1927 2196">
     <span class='ocr_line' id='line_1_25' title="bbox 287 2121 1927 2196; baseline -0.005 -14"><span class='ocrx_word' id='word_1_181' title='bbox 287 2125 493 2186; x_wconf 71' lang='grc' dir='ltr'>ἄλλους</span> <span class='ocrx_word' id='word_1_182' title='bbox 525 2123 571 2178; x_wconf 84' lang='grc' dir='ltr'>δ’</span> <span class='ocrx_word' id='word_1_183' title='bbox 601 2123 652 2186; x_wconf 82' lang='grc' dir='ltr'>ἐς</span> <span class='ocrx_word' id='word_1_184' title='bbox 688 2123 804 2180; x_wconf 83' lang='grc' dir='ltr'>Κέω</span> <span class='ocrx_word' id='word_1_185' title='bbox 835 2125 925 2177; x_wconf 83' lang='grc' dir='ltr'>καὶ</span> <span class='ocrx_word' id='word_1_186' title='bbox 959 2123 1161 2185; x_wconf 73' lang='grc' dir='ltr'>ἄλλους</span> <span class='ocrx_word' id='word_1_187' title='bbox 1182 2122 1233 2183; x_wconf 81' lang='grc' dir='ltr'>ἐς</span> <span class='ocrx_word' id='word_1_188' title='bbox 1255 2123 1480 2184; x_wconf 81' lang='grc' dir='ltr'>Νικαίας</span> <span class='ocrx_word' id='word_1_189' title='bbox 1503 2121 1664 2176; x_wconf 79' lang='grc' dir='ltr'>πόλιν</span> <span class='ocrx_word' id='word_1_190' title='bbox 1684 2121 1927 2196; x_wconf 87' lang='grc' dir='ltr'>περιορί-</span> 
     </span>
    </p>
   </div>
   <div class='ocr_carea' id='block_1_25' title="bbox 804 2210 845 2230">
    <p class='ocr_par' dir='ltr' id='par_1_25' title="bbox 804 2210 845 2230">
     <span class='ocr_line' id='line_1_26' title="bbox 804 2210 845 2230; baseline 0 0"><span class='ocrx_word' id='word_1_191' title='bbox 804 2210 845 2230; x_wconf 50' lang='grc' dir='ltr'>δ’</span> 
     </span>
    </p>
   </div>
   <div class='ocr_carea' id='block_1_26' title="bbox 291 2210 1930 2284">
    <p class='ocr_par' dir='ltr' id='par_1_26' title="bbox 291 2210 1930 2284">
     <span class='ocr_line' id='line_1_27' title="bbox 291 2210 1930 2284; baseline -0.002 -16"><span class='ocrx_word' id='word_1_192' title='bbox 291 2221 496 2284; x_wconf 79' lang='grc' dir='ltr'>ζεσθαι,</span> <span class='ocrx_word' id='word_1_193' title='bbox 546 2210 751 2275; x_wconf 73' lang='grc' dir='ltr'>ἅλλοτς</span> <span class='ocrx_word' id='word_1_194' title='bbox 800 2210 845 2266; x_wconf 82' lang='grc' dir='ltr'>δ’</span> <span class='ocrx_word' id='word_1_195' title='bbox 899 2212 1048 2272; x_wconf 83' lang='grc' dir='ltr'>αὖθις</span> <span class='ocrx_word' id='word_1_196' title='bbox 1097 2215 1194 2274; x_wconf 83' lang='grc' dir='ltr'>τῆς</span> <span class='ocrx_word' id='word_1_197' title='bbox 1227 2210 1440 2271; x_wconf 87' lang='grc' dir='ltr'>πόλεως</span> <span class='ocrx_word' id='word_1_198' title='bbox 1477 2210 1604 2271; x_wconf 83' lang='grc' dir='ltr'>τοὺς</span> <span class='ocrx_word' id='word_1_199' title='bbox 1640 2212 1732 2283; x_wconf 77' lang='grc' dir='ltr'>μὲν</span> <span class='ocrx_word' id='word_1_200' title='bbox 1768 2210 1930 2264; x_wconf 78' lang='grc' dir='ltr'>ἀκου-</span> 
     </span>
    </p>
   </div>
   <div class='ocr_carea' id='block_1_27' title="bbox 286 2297 1926 2374">
    <p class='ocr_par' dir='ltr' id='par_1_27' title="bbox 286 2297 1926 2374">
     <span class='ocr_line' id='line_1_28' title="bbox 286 2297 1926 2374; baseline -0.004 -16"><span class='ocrx_word' id='word_1_201' title='bbox 286 2302 600 2370; x_wconf 75' lang='grc' dir='ltr'>σίτυς,τοί›ς</span> <span class='ocrx_word' id='word_1_202' title='bbox 656 2299 700 2355; x_wconf 82' lang='grc' dir='ltr'>δ’</span> <span class='ocrx_word' id='word_1_203' title='bbox 745 2302 964 2362; x_wconf 75' lang='grc' dir='ltr'>ἑκόντας</span> <span class='ocrx_word' id='word_1_204' title='bbox 1016 2300 1359 2374; x_wconf 80' lang='grc' dir='ltr'>ἐξορίζεσθαι,</span> <span class='ocrx_word' id='word_1_205' title='bbox 1415 2303 1494 2370; x_wconf 85' lang='grc' dir='ltr'>[Ρ.</span> <span class='ocrx_word' id='word_1_206' title='bbox 1545 2301 1671 2364; x_wconf 81' lang='grc'>266]</span> <span class='ocrx_word' id='word_1_207' title='bbox 1720 2297 1926 2360; x_wconf 75' lang='grc' dir='ltr'>ἄλλους</span> 
     </span>
    </p>
   </div>
   <div class='ocr_carea' id='block_1_28' title="bbox 290 2521 1929 2592">
    <p class='ocr_par' dir='ltr' id='par_1_28' title="bbox 290 2521 1929 2592">
     <span class='ocr_line' id='line_1_29' title="bbox 290 2521 1929 2592; baseline -0.001 -14"><span class='ocrx_word' id='word_1_208' title='bbox 290 2525 550 2578; x_wconf 85' lang='lat' dir='ltr'>scribere</span> <span class='ocrx_word' id='word_1_209' title='bbox 581 2521 663 2576; x_wconf 88' lang='lat' dir='ltr'>illi</span> <span class='ocrx_word' id='word_1_210' title='bbox 689 2521 872 2589; x_wconf 82' lang='lat' dir='ltr'>jussit</span> <span class='ocrx_word' id='word_1_211' title='bbox 902 2536 1400 2590; x_wconf 86' lang='lat' dir='ltr'>unumquemque,</span> <span class='ocrx_word' id='word_1_212' title='bbox 1424 2521 1576 2574; x_wconf 89' lang='lat' dir='ltr'>haud</span> <span class='ocrx_word' id='word_1_213' title='bbox 1612 2521 1729 2576; x_wconf 91' lang='lat' dir='ltr'>scio</span> <span class='ocrx_word' id='word_1_214' title='bbox 1760 2537 1929 2592; x_wconf 88' lang='lat' dir='ltr'>quem</span> 
     </span>
    </p>
   </div>
   <div class='ocr_carea' id='block_1_29' title="bbox 288 2609 1933 2679">
    <p class='ocr_par' dir='ltr' id='par_1_29' title="bbox 288 2609 1933 2679">
     <span class='ocr_line' id='line_1_30' title="bbox 288 2609 1933 2679; baseline -0.003 -11"><span class='ocrx_word' id='word_1_215' title='bbox 288 2614 364 2668; x_wconf 89' lang='lat' dir='ltr'>ad</span> <span class='ocrx_word' id='word_1_216' title='bbox 399 2627 596 2679; x_wconf 91' lang='lat' dir='ltr'>usum,</span> <span class='ocrx_word' id='word_1_217' title='bbox 622 2610 732 2664; x_wconf 87' lang='lat' dir='ltr'>nisi</span> <span class='ocrx_word' id='word_1_218' title='bbox 758 2610 903 2663; x_wconf 86' lang='lat' dir='ltr'>forte</span> <span class='ocrx_word' id='word_1_219' title='bbox 931 2614 993 2662; x_wconf 90' lang='lat' dir='ltr'>ut</span> <span class='ocrx_word' id='word_1_220' title='bbox 1023 2609 1483 2678; x_wconf 80' lang='lat' dir='ltr'>subscriptiones</span> <span class='ocrx_word' id='word_1_221' title='bbox 1514 2609 1933 2664; x_wconf 87' lang='lat' dir='ltr'>ecclesiastico-</span> 
     </span>
    </p>
   </div>
   <div class='ocr_carea' id='block_1_30' title="bbox 291 2697 1931 2769">
    <p class='ocr_par' dir='ltr' id='par_1_30' title="bbox 291 2697 1931 2769">
     <span class='ocr_line' id='line_1_31' title="bbox 291 2697 1931 2769; baseline -0.003 -13"><span class='ocrx_word' id='word_1_222' title='bbox 291 2718 426 2756; x_wconf 85' lang='lat' dir='ltr'>rum</span> <span class='ocrx_word' id='word_1_223' title='bbox 441 2697 796 2769; x_wconf 88' lang='lat' dir='ltr'>expressisse</span> <span class='ocrx_word' id='word_1_224' title='bbox 816 2699 1049 2751; x_wconf 81' lang='lat' dir='ltr'>tandem</span> <span class='ocrx_word' id='word_1_225' title='bbox 1080 2699 1271 2768; x_wconf 90' lang='lat' dir='ltr'>ipsum</span> <span class='ocrx_word' id='word_1_226' title='bbox 1290 2697 1931 2767; x_wconf 83' lang='lat' dir='ltr'>l&#39;amavulgante,multi</span> 
     </span>
    </p>
   </div>
   <div class='ocr_carea' id='block_1_31' title="bbox 291 2784 1932 2860">
    <p class='ocr_par' dir='ltr' id='par_1_31' title="bbox 291 2784 1932 2860">
     <span class='ocr_line' id='line_1_32' title="bbox 291 2784 1932 2860; baseline -0.001 -18"><span class='ocrx_word' id='word_1_227' title='bbox 291 2792 564 2860; x_wconf 79' lang='lat' dir='ltr'>putarent</span> <span class='ocrx_word' id='word_1_228' title='bbox 594 2787 750 2856; x_wconf 86' lang='lat' dir='ltr'>ipsos</span> <span class='ocrx_word' id='word_1_229' title='bbox 773 2786 840 2840; x_wconf 90' lang='lat' dir='ltr'>ad</span> <span class='ocrx_word' id='word_1_230' title='bbox 868 2786 1063 2839; x_wconf 84' lang='lat' dir='ltr'>omnia</span> <span class='ocrx_word' id='word_1_231' title='bbox 1086 2785 1490 2856; x_wconf 89' lang='lat' dir='ltr'>assensos,qui</span> <span class='ocrx_word' id='word_1_232' title='bbox 1520 2784 1738 2840; x_wconf 86' lang='lat' dir='ltr'>scilicet</span> <span class='ocrx_word' id='word_1_233' title='bbox 1764 2786 1932 2856; x_wconf 82' lang='lat' dir='ltr'>igno-</span> 
     </span>
    </p>
   </div>
   <div class='ocr_carea' id='block_1_32' title="bbox 295 2872 1928 2942">
    <p class='ocr_par' dir='ltr' id='par_1_32' title="bbox 295 2872 1928 2942">
     <span class='ocr_line' id='line_1_33' title="bbox 295 2872 1928 2942; baseline -0.003 -12"><span class='ocrx_word' id='word_1_234' title='bbox 295 2881 498 2930; x_wconf 88' lang='lat' dir='ltr'>rarent</span> <span class='ocrx_word' id='word_1_235' title='bbox 534 2873 679 2928; x_wconf 88' lang='lat' dir='ltr'>nihil</span> <span class='ocrx_word' id='word_1_236' title='bbox 730 2872 1191 2928; x_wconf 86' lang='lat' dir='ltr'>ecclesiasticum</span> <span class='ocrx_word' id='word_1_237' title='bbox 1242 2889 1308 2927; x_wconf 92' lang='lat' dir='ltr'>eo</span> <span class='ocrx_word' id='word_1_238' title='bbox 1357 2873 1575 2942; x_wconf 89' lang='lat' dir='ltr'>scripto</span> <span class='ocrx_word' id='word_1_239' title='bbox 1625 2872 1928 2927; x_wconf 81' lang='lat' dir='ltr'>contineri.</span> 
     </span>
    </p>
   </div>
   <div class='ocr_carea' id='block_1_33' title="bbox 297 2960 1931 3033">
    <p class='ocr_par' dir='ltr' id='par_1_33' title="bbox 297 2960 1931 3033">
     <span class='ocr_line' id='line_1_34' title="bbox 297 2960 1931 3033; baseline -0.002 -15"><span class='ocrx_word' id='word_1_240' title='bbox 297 2965 600 3033; x_wconf 88' lang='lat' dir='ltr'>Promptos</span> <span class='ocrx_word' id='word_1_241' title='bbox 621 2979 682 3016; x_wconf 90' lang='lat' dir='ltr'>se</span> <span class='ocrx_word' id='word_1_242' title='bbox 705 2961 922 3033; x_wconf 80' lang='lat' dir='ltr'>passim</span> <span class='ocrx_word' id='word_1_243' title='bbox 944 2962 1012 3014; x_wconf 89' lang='lat' dir='ltr'>ad</span> <span class='ocrx_word' id='word_1_244' title='bbox 1039 2961 1133 3014; x_wconf 87' lang='lat' dir='ltr'>isti</span> <span class='ocrx_word' id='word_1_245' title='bbox 1157 2961 1648 3016; x_wconf 73' lang='lat' dir='ltr'>subscribendum</span> <span class='ocrx_word' id='word_1_246' title='bbox 1673 2960 1931 3016; x_wconf 74' lang='lat' dir='ltr'>formula:</span> 
     </span>
    </p>
   </div>
   <div class='ocr_carea' id='block_1_34' title="bbox 295 3049 1932 3120">
    <p class='ocr_par' dir='ltr' id='par_1_34' title="bbox 295 3049 1932 3120">
     <span class='ocr_line' id='line_1_35' title="bbox 295 3049 1932 3120; baseline -0.002 -12"><span class='ocrx_word' id='word_1_247' title='bbox 295 3050 676 3108; x_wconf 91' lang='lat' dir='ltr'>ecclesiastici</span> <span class='ocrx_word' id='word_1_248' title='bbox 729 3050 1088 3120; x_wconf 71' lang='lat' dir='ltr'>praebebant,</span> <span class='ocrx_word' id='word_1_249' title='bbox 1139 3049 1356 3119; x_wconf 86' lang='lat' dir='ltr'>prolixe</span> <span class='ocrx_word' id='word_1_250' title='bbox 1403 3049 1742 3120; x_wconf 83' lang='lat' dir='ltr'>imperatori</span> <span class='ocrx_word' id='word_1_251' title='bbox 1788 3049 1932 3104; x_wconf 89' lang='lat' dir='ltr'>bene</span> 
     </span>
    </p>
   </div>
   <div class='ocr_carea' id='block_1_35' title="bbox 295 3138 1931 3212">
    <p class='ocr_par' dir='ltr' id='par_1_35' title="bbox 295 3138 1931 3212">
     <span class='ocr_line' id='line_1_36' title="bbox 295 3138 1931 3212; baseline -0.001 -18"><span class='ocrx_word' id='word_1_252' title='bbox 295 3146 623 3212; x_wconf 84' lang='lat' dir='ltr'>precantes,</span> <span class='ocrx_word' id='word_1_253' title='bbox 655 3141 851 3194; x_wconf 83' lang='lat' dir='ltr'>verbis</span> <span class='ocrx_word' id='word_1_254' title='bbox 886 3139 997 3192; x_wconf 87' lang='lat' dir='ltr'>illis</span> <span class='ocrx_word' id='word_1_255' title='bbox 1032 3139 1132 3193; x_wconf 89' lang='lat' dir='ltr'>Dei</span> <span class='ocrx_word' id='word_1_256' title='bbox 1181 3139 1251 3192; x_wconf 89' lang='lat' dir='ltr'>ad</span> <span class='ocrx_word' id='word_1_257' title='bbox 1295 3139 1688 3192; x_wconf 81' lang='lat' dir='ltr'>Abrahamum</span> <span class='ocrx_word' id='word_1_258' title='bbox 1725 3154 1735 3191; x_wconf 92' lang='lat'>:</span> <span class='ocrx_word' id='word_1_259' title='bbox 1766 3160 1786 3187; x_wconf 75' lang='grc' dir='ltr'>α</span> <span class='ocrx_word' id='word_1_260' title='bbox 1823 3138 1931 3204; x_wconf 84' lang='lat' dir='ltr'>Qui</span> 
     </span>
    </p>
   </div>
   <div class='ocr_carea' id='block_1_36' title="bbox 289 3227 1930 3297">
    <p class='ocr_par' dir='ltr' id='par_1_36' title="bbox 289 3227 1930 3297">
     <span class='ocr_line' id='line_1_37' title="bbox 289 3227 1930 3297; baseline -0.002 -12"><span class='ocrx_word' id='word_1_261' title='bbox 289 3229 694 3285; x_wconf 88' lang='lat' dir='ltr'>benedixerint</span> <span class='ocrx_word' id='word_1_262' title='bbox 752 3228 881 3295; x_wconf 85' lang='lat' dir='ltr'>tibi,</span> <span class='ocrx_word' id='word_1_263' title='bbox 939 3227 1059 3281; x_wconf 89' lang='lat' dir='ltr'>sint</span> <span class='ocrx_word' id='word_1_264' title='bbox 1114 3227 1225 3297; x_wconf 90' lang='lat' dir='ltr'>ipsi</span> <span class='ocrx_word' id='word_1_265' title='bbox 1282 3227 1610 3281; x_wconf 70' lang='lat' dir='ltr'>benerlicﬁ:</span> <span class='ocrx_word' id='word_1_266' title='bbox 1646 3227 1792 3280; x_wconf 74' lang='lat'>891</span> <span class='ocrx_word' id='word_1_267' title='bbox 1831 3228 1930 3296; x_wconf 90' lang='lat' dir='ltr'>qui</span> 
     </span>
    </p>
   </div>
   <div class='ocr_carea' id='block_1_37' title="bbox 288 3315 1932 3383">
    <p class='ocr_par' dir='ltr' id='par_1_37' title="bbox 288 3315 1932 3383">
     <span class='ocr_line' id='line_1_38' title="bbox 288 3315 1932 3383; baseline -0.002 -12"><span class='ocrx_word' id='word_1_268' title='bbox 288 3316 698 3371; x_wconf 84' lang='lat' dir='ltr'>maledixerint</span> <span class='ocrx_word' id='word_1_269' title='bbox 742 3316 872 3379; x_wconf 92' lang='lat' dir='ltr'>tibi,</span> <span class='ocrx_word' id='word_1_270' title='bbox 905 3315 1296 3370; x_wconf 87' lang='lat' dir='ltr'>maledictioni</span> <span class='ocrx_word' id='word_1_271' title='bbox 1348 3315 1764 3383; x_wconf 75' lang='lat' dir='ltr'>subiaceant.»</span> <span class='ocrx_word' id='word_1_272' title='bbox 1801 3315 1932 3368; x_wconf 82' lang='lat' dir='ltr'>Post</span> 
     </span>
    </p>
   </div>
   <div class='ocr_carea' id='block_1_38' title="bbox 291 3403 1931 3472">
    <p class='ocr_par' dir='ltr' id='par_1_38' title="bbox 291 3403 1931 3472">
     <span class='ocr_line' id='line_1_39' title="bbox 291 3403 1931 3472; baseline -0.002 -13"><span class='ocrx_word' id='word_1_273' title='bbox 291 3405 413 3460; x_wconf 63' lang='lat' dir='ltr'>haec</span> <span class='ocrx_word' id='word_1_274' title='bbox 444 3403 694 3458; x_wconf 87' lang='lat' dir='ltr'>immisit</span> <span class='ocrx_word' id='word_1_275' title='bbox 736 3403 1072 3457; x_wconf 82' lang='lat' dir='ltr'>satellitium</span> <span class='ocrx_word' id='word_1_276' title='bbox 1127 3419 1297 3456; x_wconf 91' lang='lat' dir='ltr'>suum</span> <span class='ocrx_word' id='word_1_277' title='bbox 1352 3404 1566 3472; x_wconf 83' lang='lat' dir='ltr'>passim</span> <span class='ocrx_word' id='word_1_278' title='bbox 1619 3403 1676 3455; x_wconf 91' lang='lat' dir='ltr'>in</span> <span class='ocrx_word' id='word_1_279' title='bbox 1728 3403 1931 3456; x_wconf 92' lang='lat' dir='ltr'>domos</span> 
     </span>
    </p>
   </div>
   <div class='ocr_carea' id='block_1_39' title="bbox 296 3490 1932 3553">
    <p class='ocr_par' dir='ltr' id='par_1_39' title="bbox 296 3490 1932 3553">
     <span class='ocr_line' id='line_1_40' title="bbox 296 3490 1932 3553; baseline -0.002 -7"><span class='ocrx_word' id='word_1_280' title='bbox 296 3496 619 3548; x_wconf 87' lang='lat' dir='ltr'>scrutatum</span> <span class='ocrx_word' id='word_1_281' title='bbox 653 3497 710 3546; x_wconf 90' lang='lat' dir='ltr'>et</span> <span class='ocrx_word' id='word_1_282' title='bbox 741 3494 1155 3546; x_wconf 86' lang='lat' dir='ltr'>contreetatum</span> <span class='ocrx_word' id='word_1_283' title='bbox 1180 3491 1378 3545; x_wconf 88' lang='lat' dir='ltr'>odiose</span> <span class='ocrx_word' id='word_1_284' title='bbox 1409 3490 1637 3553; x_wconf 90' lang='lat' dir='ltr'>intima,</span> <span class='ocrx_word' id='word_1_285' title='bbox 1661 3491 1787 3544; x_wconf 92' lang='lat' dir='ltr'>sine</span> <span class='ocrx_word' id='word_1_286' title='bbox 1818 3490 1932 3543; x_wconf 86' lang='lat' dir='ltr'>dis-</span> 
     </span>
    </p>
   </div>
   <div class='ocr_carea' id='block_1_40' title="bbox 301 3577 1932 3648">
    <p class='ocr_par' dir='ltr' id='par_1_40' title="bbox 301 3577 1932 3648">
     <span class='ocr_line' id='line_1_41' title="bbox 301 3577 1932 3648; baseline -0.001 -14"><span class='ocrx_word' id='word_1_287' title='bbox 301 3581 544 3635; x_wconf 91' lang='lat' dir='ltr'>crimine</span> <span class='ocrx_word' id='word_1_288' title='bbox 574 3579 903 3635; x_wconf 86' lang='lat' dir='ltr'>innocentis</span> <span class='ocrx_word' id='word_1_289' title='bbox 947 3585 1048 3633; x_wconf 90' lang='lat' dir='ltr'>aut</span> <span class='ocrx_word' id='word_1_290' title='bbox 1091 3579 1329 3645; x_wconf 87' lang='lat' dir='ltr'>culpati.</span> <span class='ocrx_word' id='word_1_291' title='bbox 1365 3577 1687 3648; x_wconf 84' lang='lat' dir='ltr'>Allegabat,</span> <span class='ocrx_word' id='word_1_292' title='bbox 1721 3595 1788 3632; x_wconf 85' lang='lat' dir='ltr'>ex</span> <span class='ocrx_word' id='word_1_293' title='bbox 1817 3595 1932 3648; x_wconf 90' lang='lat' dir='ltr'>quo</span> 
     </span>
    </p>
   </div>
   <div class='ocr_carea' id='block_1_41' title="bbox 295 3667 1931 3739">
    <p class='ocr_par' dir='ltr' id='par_1_41' title="bbox 295 3667 1931 3739">
     <span class='ocr_line' id='line_1_42' title="bbox 295 3667 1931 3739; baseline -0.002 -17"><span class='ocrx_word' id='word_1_294' title='bbox 295 3670 422 3739; x_wconf 84' lang='lat' dir='ltr'>ipse</span> <span class='ocrx_word' id='word_1_295' title='bbox 448 3670 649 3723; x_wconf 84' lang='lat' dir='ltr'>urbem</span> <span class='ocrx_word' id='word_1_296' title='bbox 681 3685 748 3723; x_wconf 88' lang='lat' dir='ltr'>ex</span> <span class='ocrx_word' id='word_1_297' title='bbox 767 3669 928 3722; x_wconf 86' lang='lat' dir='ltr'>hoste</span> <span class='ocrx_word' id='word_1_298' title='bbox 951 3668 1190 3736; x_wconf 85' lang='lat' dir='ltr'>ceperit,</span> <span class='ocrx_word' id='word_1_299' title='bbox 1220 3668 1277 3720; x_wconf 90' lang='lat' dir='ltr'>in</span> <span class='ocrx_word' id='word_1_300' title='bbox 1301 3683 1472 3720; x_wconf 89' lang='lat' dir='ltr'>suum</span> <span class='ocrx_word' id='word_1_301' title='bbox 1507 3667 1806 3736; x_wconf 85' lang='lat' dir='ltr'>preprium</span> <span class='ocrx_word' id='word_1_302' title='bbox 1832 3668 1931 3735; x_wconf 87' lang='lat' dir='ltr'>jus</span> 
     </span>
    </p>
   </div>
   <div class='ocr_carea' id='block_1_42' title="bbox 293 3755 1928 3824">
    <p class='ocr_par' dir='ltr' id='par_1_42' title="bbox 293 3755 1928 3824">
     <span class='ocr_line' id='line_1_43' title="bbox 293 3755 1928 3824; baseline -0.003 -13"><span class='ocrx_word' id='word_1_303' title='bbox 293 3757 583 3811; x_wconf 83' lang='lat' dir='ltr'>transisse</span> <span class='ocrx_word' id='word_1_304' title='bbox 605 3757 808 3810; x_wconf 92' lang='lat' dir='ltr'>domos</span> <span class='ocrx_word' id='word_1_305' title='bbox 830 3756 957 3824; x_wconf 87' lang='lat' dir='ltr'>ejus</span> <span class='ocrx_word' id='word_1_306' title='bbox 981 3756 1301 3809; x_wconf 87' lang='lat' dir='ltr'>universas.</span> <span class='ocrx_word' id='word_1_307' title='bbox 1324 3755 1538 3807; x_wconf 84' lang='lat' dir='ltr'>Harum</span> <span class='ocrx_word' id='word_1_308' title='bbox 1567 3771 1734 3824; x_wconf 85' lang='lat' dir='ltr'>porro</span> <span class='ocrx_word' id='word_1_309' title='bbox 1761 3770 1928 3806; x_wconf 84' lang='lat' dir='ltr'>usum</span> 
     </span>
    </p>
   </div>
   <div class='ocr_carea' id='block_1_43' title="bbox 292 3842 1932 3916">
    <p class='ocr_par' dir='ltr' id='par_1_43' title="bbox 292 3842 1932 3916">
     <span class='ocr_line' id='line_1_44' title="bbox 292 3842 1932 3916; baseline -0.002 -17"><span class='ocrx_word' id='word_1_310' title='bbox 292 3847 442 3900; x_wconf 87' lang='lat' dir='ltr'>citra</span> <span class='ocrx_word' id='word_1_311' title='bbox 470 3844 721 3916; x_wconf 85' lang='lat' dir='ltr'>pretium</span> <span class='ocrx_word' id='word_1_312' title='bbox 747 3843 1048 3914; x_wconf 80' lang='lat' dir='ltr'>indulgere</span> <span class='ocrx_word' id='word_1_313' title='bbox 1081 3859 1141 3897; x_wconf 84' lang='lat' dir='ltr'>se</span> <span class='ocrx_word' id='word_1_314' title='bbox 1174 3843 1303 3896; x_wconf 84' lang='lat' dir='ltr'>ﬁdis</span> <span class='ocrx_word' id='word_1_315' title='bbox 1336 3842 1446 3895; x_wconf 92' lang='lat' dir='ltr'>sibi</span> <span class='ocrx_word' id='word_1_316' title='bbox 1474 3859 1485 3896; x_wconf 91' lang='lat'>:</span> <span class='ocrx_word' id='word_1_317' title='bbox 1516 3842 1804 3912; x_wconf 80' lang='lat' dir='ltr'>suspectis</span> <span class='ocrx_word' id='word_1_318' title='bbox 1831 3859 1932 3896; x_wconf 86' lang='lat' dir='ltr'>au-</span> 
     </span>
    </p>
   </div>
   <div class='ocr_carea' id='block_1_44' title="bbox 295 3930 1932 4003">
    <p class='ocr_par' dir='ltr' id='par_1_44' title="bbox 295 3930 1932 4003">
     <span class='ocr_line' id='line_1_45' title="bbox 295 3930 1932 4003; baseline -0.002 -15"><span class='ocrx_word' id='word_1_319' title='bbox 295 3938 415 3988; x_wconf 89' lang='lat' dir='ltr'>tem</span> <span class='ocrx_word' id='word_1_320' title='bbox 451 3938 508 3987; x_wconf 90' lang='lat' dir='ltr'>et</span> <span class='ocrx_word' id='word_1_321' title='bbox 538 3934 788 4003; x_wconf 88' lang='lat' dir='ltr'>quadam</span> <span class='ocrx_word' id='word_1_322' title='bbox 817 3932 872 3986; x_wconf 91' lang='lat' dir='ltr'>in</span> <span class='ocrx_word' id='word_1_323' title='bbox 904 3949 963 3986; x_wconf 92' lang='lat' dir='ltr'>re</span> <span class='ocrx_word' id='word_1_324' title='bbox 985 3933 1093 3986; x_wconf 90' lang='lat' dir='ltr'>sibi</span> <span class='ocrx_word' id='word_1_325' title='bbox 1121 3946 1322 4001; x_wconf 89' lang='lat' dir='ltr'>parere</span> <span class='ocrx_word' id='word_1_326' title='bbox 1343 3930 1738 3984; x_wconf 85' lang='lat' dir='ltr'>abnuentibus</span> <span class='ocrx_word' id='word_1_327' title='bbox 1763 3931 1932 3984; x_wconf 88' lang='lat' dir='ltr'>istam</span> 
     </span>
    </p>
   </div>
   <div class='ocr_carea' id='block_1_45' title="bbox 296 4018 1933 4091">
    <p class='ocr_par' dir='ltr' id='par_1_45' title="bbox 296 4018 1933 4091">
     <span class='ocr_line' id='line_1_46' title="bbox 296 4018 1933 4091; baseline -0.002 -15"><span class='ocrx_word' id='word_1_328' title='bbox 296 4021 452 4076; x_wconf 91' lang='lat' dir='ltr'>nolle</span> <span class='ocrx_word' id='word_1_329' title='bbox 483 4024 727 4091; x_wconf 77' lang='lat' dir='ltr'>gratiam</span> <span class='ocrx_word' id='word_1_330' title='bbox 760 4022 969 4086; x_wconf 90' lang='lat' dir='ltr'>facere,</span> <span class='ocrx_word' id='word_1_331' title='bbox 995 4021 1095 4074; x_wconf 89' lang='lat' dir='ltr'>sed</span> <span class='ocrx_word' id='word_1_332' title='bbox 1124 4024 1180 4072; x_wconf 86' lang='lat' dir='ltr'>et</span> <span class='ocrx_word' id='word_1_333' title='bbox 1211 4035 1279 4071; x_wconf 86' lang='lat' dir='ltr'>ex</span> <span class='ocrx_word' id='word_1_334' title='bbox 1310 4018 1398 4072; x_wconf 89' lang='lat' dir='ltr'>his</span> <span class='ocrx_word' id='word_1_335' title='bbox 1422 4019 1555 4087; x_wconf 90' lang='lat' dir='ltr'>jure</span> <span class='ocrx_word' id='word_1_336' title='bbox 1586 4035 1646 4071; x_wconf 85' lang='lat' dir='ltr'>sc</span> <span class='ocrx_word' id='word_1_337' title='bbox 1679 4022 1933 4072; x_wconf 77' lang='lat' dir='ltr'>utentem</span> 
     </span>
    </p>
   </div>
   <div class='ocr_carea' id='block_1_46' title="bbox 294 4106 1934 4180">
    <p class='ocr_par' dir='ltr' id='par_1_46' title="bbox 294 4106 1934 4180">
     <span class='ocr_line' id='line_1_47' title="bbox 294 4106 1934 4180; baseline -0.004 -14"><span class='ocrx_word' id='word_1_338' title='bbox 294 4127 405 4166; x_wconf 89' lang='lat' dir='ltr'>suo</span> <span class='ocrx_word' id='word_1_339' title='bbox 441 4109 690 4180; x_wconf 88' lang='lat' dir='ltr'>pretium</span> <span class='ocrx_word' id='word_1_340' title='bbox 721 4108 1024 4164; x_wconf 86' lang='lat' dir='ltr'>locationis</span> <span class='ocrx_word' id='word_1_341' title='bbox 1057 4109 1414 4178; x_wconf 86' lang='lat' dir='ltr'>respondens</span> <span class='ocrx_word' id='word_1_342' title='bbox 1455 4123 1740 4160; x_wconf 78' lang='lat' dir='ltr'>concessae</span> <span class='ocrx_word' id='word_1_343' title='bbox 1773 4106 1934 4159; x_wconf 91' lang='lat' dir='ltr'>habi-</span> 
     </span>
    </p>
   </div>
   <div class='ocr_carea' id='block_1_47' title="bbox 295 4196 1933 4264">
    <p class='ocr_par' dir='ltr' id='par_1_47' title="bbox 295 4196 1933 4264">
     <span class='ocr_line' id='line_1_48' title="bbox 295 4196 1933 4264; baseline -0.002 -12"><span class='ocrx_word' id='word_1_344' title='bbox 295 4198 504 4252; x_wconf 88' lang='lat' dir='ltr'>tationi</span> <span class='ocrx_word' id='word_1_345' title='bbox 549 4203 631 4252; x_wconf 92' lang='lat' dir='ltr'>tot</span> <span class='ocrx_word' id='word_1_346' title='bbox 676 4202 828 4251; x_wconf 89' lang='lat' dir='ltr'>retro</span> <span class='ocrx_word' id='word_1_347' title='bbox 875 4212 1158 4250; x_wconf 88' lang='lat' dir='ltr'>annorum</span> <span class='ocrx_word' id='word_1_348' title='bbox 1215 4198 1493 4264; x_wconf 89' lang='lat' dir='ltr'>repetere.</span> <span class='ocrx_word' id='word_1_349' title='bbox 1530 4196 1591 4248; x_wconf 93' lang='lat' dir='ltr'>In</span> <span class='ocrx_word' id='word_1_350' title='bbox 1642 4211 1933 4248; x_wconf 84' lang='lat' dir='ltr'>summam</span> 
     </span>
    </p>
   </div>
   <div class='ocr_carea' id='block_1_48' title="bbox 296 4282 1935 4357">
    <p class='ocr_par' dir='ltr' id='par_1_48' title="bbox 296 4282 1935 4357">
     <span class='ocr_line' id='line_1_49' title="bbox 296 4282 1935 4357; baseline -0.003 -17"><span class='ocrx_word' id='word_1_351' title='bbox 296 4302 438 4357; x_wconf 84' lang='lat' dir='ltr'>ergo</span> <span class='ocrx_word' id='word_1_352' title='bbox 482 4285 886 4340; x_wconf 78' lang='lat' dir='ltr'>conferebatur</span> <span class='ocrx_word' id='word_1_353' title='bbox 919 4284 1160 4354; x_wconf 84' lang='lat' dir='ltr'>pecunia</span> <span class='ocrx_word' id='word_1_354' title='bbox 1208 4283 1402 4337; x_wconf 92' lang='lat' dir='ltr'>debita</span> <span class='ocrx_word' id='word_1_355' title='bbox 1432 4299 1533 4353; x_wconf 90' lang='lat' dir='ltr'>pro</span> <span class='ocrx_word' id='word_1_356' title='bbox 1566 4299 1673 4335; x_wconf 92' lang='lat' dir='ltr'>usu</span> <span class='ocrx_word' id='word_1_357' title='bbox 1725 4282 1935 4335; x_wconf 69' lang='lat' dir='ltr'>aedium</span> 
     </span>
    </p>
   </div>
   <div class='ocr_carea' id='block_1_49' title="bbox 301 4369 1936 4443">
    <p class='ocr_par' dir='ltr' id='par_1_49' title="bbox 301 4369 1936 4443">
     <span class='ocr_line' id='line_1_50' title="bbox 301 4369 1936 4443; baseline -0.002 -15"><span class='ocrx_word' id='word_1_358' title='bbox 301 4376 377 4428; x_wconf 87' lang='lat' dir='ltr'>ab</span> <span class='ocrx_word' id='word_1_359' title='bbox 410 4374 577 4430; x_wconf 86' lang='lat' dir='ltr'>annis</span> <span class='ocrx_word' id='word_1_360' title='bbox 614 4375 736 4443; x_wconf 88' lang='lat' dir='ltr'>jam</span> <span class='ocrx_word' id='word_1_361' title='bbox 771 4377 902 4428; x_wconf 90' lang='lat' dir='ltr'>ante</span> <span class='ocrx_word' id='word_1_362' title='bbox 934 4372 1161 4437; x_wconf 90' lang='lat' dir='ltr'>multis;</span> <span class='ocrx_word' id='word_1_363' title='bbox 1195 4377 1251 4425; x_wconf 88' lang='lat' dir='ltr'>et</span> <span class='ocrx_word' id='word_1_364' title='bbox 1283 4372 1409 4440; x_wconf 87' lang='lat' dir='ltr'>ejus</span> <span class='ocrx_word' id='word_1_365' title='bbox 1444 4388 1694 4440; x_wconf 76' lang='lat' dir='ltr'>praesens</span> <span class='ocrx_word' id='word_1_366' title='bbox 1727 4369 1936 4425; x_wconf 89' lang='lat' dir='ltr'>solutio</span> 
     </span>
    </p>
   </div>
   <div class='ocr_carea' id='block_1_50' title="bbox 301 4459 1935 4532">
    <p class='ocr_par' dir='ltr' id='par_1_50' title="bbox 301 4459 1935 4532">
     <span class='ocr_line' id='line_1_51' title="bbox 301 4459 1935 4532; baseline -0.004 -16"><span class='ocrx_word' id='word_1_367' title='bbox 301 4462 660 4531; x_wconf 82' lang='lat' dir='ltr'>exigebatur,</span> <span class='ocrx_word' id='word_1_368' title='bbox 693 4461 870 4531; x_wconf 88' lang='lat' dir='ltr'>idque</span> <span class='ocrx_word' id='word_1_369' title='bbox 899 4460 1206 4532; x_wconf 85' lang='lat' dir='ltr'>peracerbe</span> <span class='ocrx_word' id='word_1_370' title='bbox 1241 4459 1583 4530; x_wconf 79' lang='lat' dir='ltr'>pignoribus</span> <span class='ocrx_word' id='word_1_371' title='bbox 1615 4459 1811 4512; x_wconf 84' lang='lat' dir='ltr'>statim</span> <span class='ocrx_word' id='word_1_372' title='bbox 1845 4475 1935 4510; x_wconf 86' lang='lat' dir='ltr'>ca-</span> 
     </span>
    </p>
   </div>
   <div class='ocr_carea' id='block_1_51' title="bbox 299 4546 1936 4620">
    <p class='ocr_par' dir='ltr' id='par_1_51' title="bbox 299 4546 1936 4620">
     <span class='ocr_line' id='line_1_52' title="bbox 299 4546 1936 4620; baseline -0.004 -16"><span class='ocrx_word' id='word_1_373' title='bbox 299 4550 417 4620; x_wconf 90' lang='lat' dir='ltr'>ptis</span> <span class='ocrx_word' id='word_1_374' title='bbox 448 4555 502 4604; x_wconf 88' lang='lat' dir='ltr'>et</span> <span class='ocrx_word' id='word_1_375' title='bbox 533 4566 594 4604; x_wconf 92' lang='lat' dir='ltr'>eo</span> <span class='ocrx_word' id='word_1_376' title='bbox 625 4549 859 4603; x_wconf 90' lang='lat' dir='ltr'>nomine</span> <span class='ocrx_word' id='word_1_377' title='bbox 903 4548 1096 4602; x_wconf 89' lang='lat' dir='ltr'>ablata</span> <span class='ocrx_word' id='word_1_378' title='bbox 1128 4547 1396 4602; x_wconf 85' lang='lat' dir='ltr'>familiari</span> <span class='ocrx_word' id='word_1_379' title='bbox 1445 4546 1823 4618; x_wconf 86' lang='lat' dir='ltr'>supellectile.</span> <span class='ocrx_word' id='word_1_380' title='bbox 1856 4547 1936 4599; x_wconf 89' lang='lat' dir='ltr'>Ita</span> 
     </span>
    </p>
   </div>
   <div class='ocr_carea' id='block_1_52' title="bbox 298 4634 1934 4708">
    <p class='ocr_par' dir='ltr' id='par_1_52' title="bbox 298 4634 1934 4708">
     <span class='ocr_line' id='line_1_53' title="bbox 298 4634 1934 4708; baseline -0.004 -15"><span class='ocrx_word' id='word_1_381' title='bbox 298 4638 719 4693; x_wconf 88' lang='lat' dir='ltr'>corradebatur</span> <span class='ocrx_word' id='word_1_382' title='bbox 748 4637 1032 4708; x_wconf 89' lang='lat' dir='ltr'>quidquid</span> <span class='ocrx_word' id='word_1_383' title='bbox 1067 4637 1393 4690; x_wconf 88' lang='lat' dir='ltr'>ornamenti</span> <span class='ocrx_word' id='word_1_384' title='bbox 1428 4641 1527 4690; x_wconf 87' lang='lat' dir='ltr'>aut</span> <span class='ocrx_word' id='word_1_385' title='bbox 1559 4636 1822 4706; x_wconf 76' lang='lat' dir='ltr'>pretiosae</span> <span class='ocrx_word' id='word_1_386' title='bbox 1855 4634 1934 4688; x_wconf 90' lang='lat' dir='ltr'>rei</span> 
     </span>
    </p>
   </div>
   <div class='ocr_carea' id='block_1_53' title="bbox 297 4724 1932 4794">
    <p class='ocr_par' dir='ltr' id='par_1_53' title="bbox 297 4724 1932 4794">
     <span class='ocr_line' id='line_1_54' title="bbox 297 4724 1932 4794; baseline -0.004 -12"><span class='ocrx_word' id='word_1_387' title='bbox 297 4727 460 4782; x_wconf 91' lang='lat' dir='ltr'>cives</span> <span class='ocrx_word' id='word_1_388' title='bbox 485 4727 544 4781; x_wconf 90' lang='lat' dir='ltr'>in</span> <span class='ocrx_word' id='word_1_389' title='bbox 568 4727 791 4781; x_wconf 68' lang='lat' dir='ltr'>aedibus</span> <span class='ocrx_word' id='word_1_390' title='bbox 815 4726 1129 4780; x_wconf 84' lang='lat' dir='ltr'>habebant.</span> <span class='ocrx_word' id='word_1_391' title='bbox 1154 4726 1337 4779; x_wconf 85' lang='lat' dir='ltr'>Naves</span> <span class='ocrx_word' id='word_1_392' title='bbox 1361 4725 1531 4778; x_wconf 87' lang='lat' dir='ltr'>etiam</span> <span class='ocrx_word' id='word_1_393' title='bbox 1561 4724 1932 4794; x_wconf 84' lang='lat' dir='ltr'>parabantur,</span> 
     </span>
    </p>
   </div>
   <div class='ocr_carea' id='block_1_54' title="bbox 300 4811 1938 4887">
    <p class='ocr_par' dir='ltr' id='par_1_54' title="bbox 300 4811 1938 4887">
     <span class='ocr_line' id='line_1_55' title="bbox 300 4811 1938 4887; baseline -0.004 -17"><span class='ocrx_word' id='word_1_394' title='bbox 300 4833 432 4887; x_wconf 67' lang='lat' dir='ltr'>quae</span> <span class='ocrx_word' id='word_1_395' title='bbox 455 4814 708 4885; x_wconf 91' lang='lat' dir='ltr'>illos,qui</span> <span class='ocrx_word' id='word_1_396' title='bbox 726 4815 848 4885; x_wconf 90' lang='lat' dir='ltr'>jam</span> <span class='ocrx_word' id='word_1_397' title='bbox 873 4815 1017 4870; x_wconf 87' lang='lat' dir='ltr'>satis</span> <span class='ocrx_word' id='word_1_398' title='bbox 1039 4814 1166 4883; x_wconf 84' lang='lat' dir='ltr'>ejus</span> <span class='ocrx_word' id='word_1_399' title='bbox 1189 4813 1451 4867; x_wconf 90' lang='lat' dir='ltr'>criminis</span> <span class='ocrx_word' id='word_1_400' title='bbox 1474 4811 1754 4883; x_wconf 91' lang='lat' dir='ltr'>comperti</span> <span class='ocrx_word' id='word_1_401' title='bbox 1777 4813 1938 4865; x_wconf 85' lang='lat' dir='ltr'>dam-</span> 
     </span>
    </p>
   </div>
   <div class='ocr_carea' id='block_1_55' title="bbox 301 4901 1934 4975">
    <p class='ocr_par' dir='ltr' id='par_1_55' title="bbox 301 4901 1934 4975">
     <span class='ocr_line' id='line_1_56' title="bbox 301 4901 1934 4975; baseline -0.003 -17"><span class='ocrx_word' id='word_1_402' title='bbox 301 4903 542 4975; x_wconf 84' lang='lat' dir='ltr'>natique</span> <span class='ocrx_word' id='word_1_403' title='bbox 589 4904 944 4970; x_wconf 79' lang='lat' dir='ltr'>viderentur,</span> <span class='ocrx_word' id='word_1_404' title='bbox 976 4903 1031 4956; x_wconf 91' lang='lat' dir='ltr'>in</span> <span class='ocrx_word' id='word_1_405' title='bbox 1082 4903 1243 4956; x_wconf 87' lang='lat' dir='ltr'>varia</span> <span class='ocrx_word' id='word_1_406' title='bbox 1294 4901 1495 4956; x_wconf 85' lang='lat' dir='ltr'>exsilia</span> <span class='ocrx_word' id='word_1_407' title='bbox 1542 4901 1934 4970; x_wconf 85' lang='lat' dir='ltr'>deportarent.</span> 
     </span>
    </p>
   </div>
   <div class='ocr_carea' id='block_1_56' title="bbox 295 4988 1939 5062">
    <p class='ocr_par' dir='ltr' id='par_1_56' title="bbox 295 4988 1939 5062">
     <span class='ocr_line' id='line_1_57' title="bbox 295 4988 1939 5062; baseline -0.004 -15"><span class='ocrx_word' id='word_1_408' title='bbox 295 4992 414 5047; x_wconf 83' lang='lat' dir='ltr'>Nec</span> <span class='ocrx_word' id='word_1_409' title='bbox 438 4992 562 5062; x_wconf 87' lang='lat' dir='ltr'>jam</span> <span class='ocrx_word' id='word_1_410' title='bbox 585 4992 643 5045; x_wconf 93' lang='lat' dir='ltr'>in</span> <span class='ocrx_word' id='word_1_411' title='bbox 674 4992 853 5046; x_wconf 90' lang='lat' dir='ltr'>minis</span> <span class='ocrx_word' id='word_1_412' title='bbox 874 4997 974 5046; x_wconf 90' lang='lat' dir='ltr'>aut</span> <span class='ocrx_word' id='word_1_413' title='bbox 997 4991 1121 5045; x_wconf 89' lang='lat' dir='ltr'>sola</span> <span class='ocrx_word' id='word_1_414' title='bbox 1142 4989 1570 5060; x_wconf 82' lang='lat' dir='ltr'>exspectatione</span> <span class='ocrx_word' id='word_1_415' title='bbox 1594 4988 1744 5042; x_wconf 89' lang='lat' dir='ltr'>mala</span> <span class='ocrx_word' id='word_1_416' title='bbox 1767 4988 1939 5042; x_wconf 61' lang='grc' dir='ltr'>ᾔδετο-</span> 
     </span>
    </p>
   </div>
   <div class='ocr_carea' id='block_1_57' title="bbox 299 5077 1936 5150">
    <p class='ocr_par' dir='ltr' id='par_1_57' title="bbox 299 5077 1936 5150">
     <span class='ocr_line' id='line_1_58' title="bbox 299 5077 1936 5150; baseline -0.003 -15"><span class='ocrx_word' id='word_1_417' title='bbox 299 5081 463 5147; x_wconf 84' lang='lat' dir='ltr'>bant,</span> <span class='ocrx_word' id='word_1_418' title='bbox 487 5081 586 5134; x_wconf 89' lang='lat' dir='ltr'>sed</span> <span class='ocrx_word' id='word_1_419' title='bbox 618 5081 677 5134; x_wconf 92' lang='lat' dir='ltr'>in</span> <span class='ocrx_word' id='word_1_420' title='bbox 705 5097 960 5150; x_wconf 64' lang='lat' dir='ltr'>praesens</span> <span class='ocrx_word' id='word_1_421' title='bbox 991 5080 1224 5134; x_wconf 91' lang='lat' dir='ltr'>illorum</span> <span class='ocrx_word' id='word_1_422' title='bbox 1251 5079 1709 5148; x_wconf 81' lang='lat' dir='ltr'>experimentum</span> <span class='ocrx_word' id='word_1_423' title='bbox 1740 5077 1936 5131; x_wconf 88' lang='lat' dir='ltr'>miseri</span> 
     </span>
    </p>
   </div>
   <div class='ocr_carea' id='block_1_58' title="bbox 298 5165 1934 5239">
    <p class='ocr_par' dir='ltr' id='par_1_58' title="bbox 298 5165 1934 5239">
     <span class='ocr_line' id='line_1_59' title="bbox 298 5165 1934 5239; baseline -0.002 -17"><span class='ocrx_word' id='word_1_424' title='bbox 298 5168 718 5236; x_wconf 85' lang='lat' dir='ltr'>trahebantur;</span> <span class='ocrx_word' id='word_1_425' title='bbox 769 5184 1015 5239; x_wconf 90' lang='lat' dir='ltr'>quorum</span> <span class='ocrx_word' id='word_1_426' title='bbox 1052 5167 1232 5237; x_wconf 89' lang='lat' dir='ltr'>aliqui</span> <span class='ocrx_word' id='word_1_427' title='bbox 1285 5166 1341 5219; x_wconf 93' lang='lat' dir='ltr'>in</span> <span class='ocrx_word' id='word_1_428' title='bbox 1394 5167 1698 5231; x_wconf 90' lang='lat' dir='ltr'>Lemnum,</span> <span class='ocrx_word' id='word_1_429' title='bbox 1733 5165 1829 5218; x_wconf 87' lang='lat' dir='ltr'>alii</span> <span class='ocrx_word' id='word_1_430' title='bbox 1878 5165 1934 5218; x_wconf 91' lang='lat' dir='ltr'>in</span> 
     </span>
    </p>
   </div>
   <div class='ocr_carea' id='block_1_59' title="bbox 300 5253 1935 5327">
    <p class='ocr_par' dir='ltr' id='par_1_59' title="bbox 300 5253 1935 5327">
     <span class='ocr_line' id='line_1_60' title="bbox 300 5253 1935 5327; baseline -0.001 -17"><span class='ocrx_word' id='word_1_431' title='bbox 300 5261 566 5327; x_wconf 80' lang='lat' dir='ltr'>Scyrum,</span> <span class='ocrx_word' id='word_1_432' title='bbox 602 5256 865 5311; x_wconf 89' lang='lat' dir='ltr'>nonnulli</span> <span class='ocrx_word' id='word_1_433' title='bbox 900 5258 956 5310; x_wconf 90' lang='lat' dir='ltr'>in</span> <span class='ocrx_word' id='word_1_434' title='bbox 989 5258 1188 5320; x_wconf 89' lang='lat' dir='ltr'>Ceum,</span> <span class='ocrx_word' id='word_1_435' title='bbox 1214 5255 1450 5325; x_wconf 88' lang='lat' dir='ltr'>quidam</span> <span class='ocrx_word' id='word_1_436' title='bbox 1481 5255 1728 5324; x_wconf 91' lang='lat' dir='ltr'>denique</span> <span class='ocrx_word' id='word_1_437' title='bbox 1757 5253 1814 5306; x_wconf 91' lang='lat' dir='ltr'>in</span> <span class='ocrx_word' id='word_1_438' title='bbox 1842 5271 1935 5308; x_wconf 84' lang='lat' dir='ltr'>ur-</span> 
     </span>
    </p>
   </div>
   <div class='ocr_carea' id='block_1_60' title="bbox 300 5342 1938 5414">
    <p class='ocr_par' dir='ltr' id='par_1_60' title="bbox 300 5342 1938 5414">
     <span class='ocr_line' id='line_1_61' title="bbox 300 5342 1938 5414; baseline -0.001 -16"><span class='ocrx_word' id='word_1_439' title='bbox 300 5345 428 5398; x_wconf 91' lang='lat' dir='ltr'>bem</span> <span class='ocrx_word' id='word_1_440' title='bbox 465 5343 712 5400; x_wconf 74' lang='lat' dir='ltr'>Nicaeam</span> <span class='ocrx_word' id='word_1_441' title='bbox 764 5345 1184 5414; x_wconf 81' lang='lat' dir='ltr'>relegabantur.</span> <span class='ocrx_word' id='word_1_442' title='bbox 1234 5342 1347 5398; x_wconf 86' lang='lat' dir='ltr'>Alii</span> <span class='ocrx_word' id='word_1_443' title='bbox 1397 5343 1613 5413; x_wconf 86' lang='lat' dir='ltr'>passim</span> <span class='ocrx_word' id='word_1_444' title='bbox 1662 5343 1938 5397; x_wconf 81' lang='lat' dir='ltr'>extermi-</span> 
     </span>
    </p>
   </div>
   <div class='ocr_carea' id='block_1_61' title="bbox 305 5431 1938 5502">
    <p class='ocr_par' dir='ltr' id='par_1_61' title="bbox 305 5431 1938 5502">
     <span class='ocr_line' id='line_1_62' title="bbox 305 5431 1938 5502; baseline -0.001 -16"><span class='ocrx_word' id='word_1_445' title='bbox 305 5433 600 5486; x_wconf 87' lang='lat' dir='ltr'>nabantur</span> <span class='ocrx_word' id='word_1_446' title='bbox 649 5435 810 5499; x_wconf 92' lang='lat' dir='ltr'>urbe,</span> <span class='ocrx_word' id='word_1_447' title='bbox 844 5433 928 5488; x_wconf 86' lang='lat' dir='ltr'>vel</span> <span class='ocrx_word' id='word_1_448' title='bbox 972 5432 1125 5502; x_wconf 89' lang='lat' dir='ltr'>jussi</span> <span class='ocrx_word' id='word_1_449' title='bbox 1157 5432 1427 5486; x_wconf 88' lang='lat' dir='ltr'>excedere</span> <span class='ocrx_word' id='word_1_450' title='bbox 1477 5431 1819 5486; x_wconf 84' lang='lat' dir='ltr'>nominatim</span> <span class='ocrx_word' id='word_1_451' title='bbox 1856 5432 1938 5485; x_wconf 83' lang='lat' dir='ltr'>vel</span> 
     </span>
    </p>
   </div>
   <div class='ocr_carea' id='block_1_62' title="bbox 297 5520 1938 5590">
    <p class='ocr_par' dir='ltr' id='par_1_62' title="bbox 297 5520 1938 5590">
     <span class='ocr_line' id='line_1_63' title="bbox 297 5520 1938 5590; baseline -0.001 -14"><span class='ocrx_word' id='word_1_452' title='bbox 297 5525 508 5590; x_wconf 86' lang='lat' dir='ltr'>sponte</span> <span class='ocrx_word' id='word_1_453' title='bbox 575 5522 985 5575; x_wconf 84' lang='lat' dir='ltr'>necessitatem</span> <span class='ocrx_word' id='word_1_454' title='bbox 1064 5523 1506 5590; x_wconf 65' lang='lat' dir='ltr'>praevertentes,</span> <span class='ocrx_word' id='word_1_455' title='bbox 1561 5520 1938 5590; x_wconf 87' lang='lat' dir='ltr'>quibusdam,</span> 
     </span>
    </p>
   </div>
   <div class='ocr_carea' id='block_1_63' title="bbox 299 5608 1942 5681">
    <p class='ocr_par' dir='ltr' id='par_1_63' title="bbox 299 5608 1942 5681">
     <span class='ocr_line' id='line_1_64' title="bbox 299 5608 1942 5681; baseline -0.001 -17"><span class='ocrx_word' id='word_1_456' title='bbox 299 5609 496 5681; x_wconf 86' lang='lat' dir='ltr'>quoad</span> <span class='ocrx_word' id='word_1_457' title='bbox 530 5609 718 5664; x_wconf 86' lang='lat' dir='ltr'>adhuc</span> <span class='ocrx_word' id='word_1_458' title='bbox 757 5609 1163 5677; x_wconf 88' lang='lat' dir='ltr'>deliberarent,</span> <span class='ocrx_word' id='word_1_459' title='bbox 1197 5623 1382 5677; x_wconf 90' lang='lat' dir='ltr'>usque</span> <span class='ocrx_word' id='word_1_460' title='bbox 1427 5609 1495 5662; x_wconf 89' lang='lat' dir='ltr'>ad</span> <span class='ocrx_word' id='word_1_461' title='bbox 1529 5608 1853 5678; x_wconf 81' lang='lat' dir='ltr'>Selybriam</span> <span class='ocrx_word' id='word_1_462' title='bbox 1886 5614 1942 5662; x_wconf 89' lang='lat' dir='ltr'>et</span> 
     </span>
    </p>
   </div>
   <div class='ocr_carea' id='block_1_64' title="bbox 2043 539 3676 621">
    <p class='ocr_par' dir='ltr' id='par_1_64' title="bbox 2043 539 3676 621">
     <span class='ocr_line' id='line_1_65' title="bbox 2043 539 3676 621; baseline 0.002 -29"><span class='ocrx_word' id='word_1_463' title='bbox 2043 539 2188 602; x_wconf 76' lang='grc' dir='ltr'>ἐντὸς</span> <span class='ocrx_word' id='word_1_464' title='bbox 2217 548 2310 596; x_wconf 83' lang='grc' dir='ltr'>τοῦ</span> <span class='ocrx_word' id='word_1_465' title='bbox 2341 545 2476 598; x_wconf 76' lang='grc' dir='ltr'>κατὰ</span> <span class='ocrx_word' id='word_1_466' title='bbox 2504 545 2593 598; x_wconf 84' lang='grc' dir='ltr'>τὸν</span> <span class='ocrx_word' id='word_1_467' title='bbox 2646 546 2824 618; x_wconf 81' lang='grc' dir='ltr'>Φάρον</span> <span class='ocrx_word' id='word_1_468' title='bbox 2880 545 3102 618; x_wconf 78' lang='grc' dir='ltr'>λιμένος</span> <span class='ocrx_word' id='word_1_469' title='bbox 3147 546 3676 621; x_wconf 76' lang='grc' dir='ltr'>γνωσιμαχήσαντας</span> 
     </span>
    </p>
   </div>
   <div class='ocr_carea' id='block_1_65' title="bbox 2043 629 2934 709">
    <p class='ocr_par' dir='ltr' id='par_1_65' title="bbox 2043 629 2934 709">
     <span class='ocr_line' id='line_1_66' title="bbox 2043 629 2934 709; baseline 0.017 -28"><span class='ocrx_word' id='word_1_470' title='bbox 2043 629 2332 684; x_wconf 77' lang='grc' dir='ltr'>ὑποκλῖναί</span> <span class='ocrx_word' id='word_1_471' title='bbox 2361 653 2418 687; x_wconf 88' lang='grc' dir='ltr'>τε</span> <span class='ocrx_word' id='word_1_472' title='bbox 2461 633 2549 686; x_wconf 81' lang='grc' dir='ltr'>καὶ</span> <span class='ocrx_word' id='word_1_473' title='bbox 2585 634 2934 709; x_wconf 72' lang='grc' dir='ltr'>ὑποστρέψαι-</span> 
     </span>
    </p>
   </div>
   <div class='ocr_carea' id='block_1_66' title="bbox 2038 789 3675 865">
    <p class='ocr_par' dir='ltr' id='par_1_66' title="bbox 2038 789 3675 865">
     <span class='ocr_line' id='line_1_67' title="bbox 2038 789 3675 865; baseline 0.001 -24"><span class='ocrx_word' id='word_1_474' title='bbox 2038 789 2105 846; x_wconf 85' lang='grc' dir='ltr'>κ’.</span> <span class='ocrx_word' id='word_1_475' title='bbox 2139 790 2214 844; x_wconf 85' lang='grc' dir='ltr'>Τὸ</span> <span class='ocrx_word' id='word_1_476' title='bbox 2245 792 2380 844; x_wconf 83' lang='grc' dir='ltr'>κατά</span> <span class='ocrx_word' id='word_1_477' title='bbox 2407 793 2497 844; x_wconf 81' lang='grc' dir='ltr'>τὸν</span> <span class='ocrx_word' id='word_1_478' title='bbox 2536 791 2737 865; x_wconf 57' lang='grc' dir='ltr'>ῥήτορα</span> <span class='ocrx_word' id='word_1_479' title='bbox 2765 795 2862 854; x_wconf 76' lang='grc' dir='ltr'>τῆς</span> <span class='ocrx_word' id='word_1_480' title='bbox 2913 790 3204 860; x_wconf 75' lang='grc' dir='ltr'>ἐκκλησίας</span> <span class='ocrx_word' id='word_1_481' title='bbox 3254 789 3529 865; x_wconf 74' lang='grc' dir='ltr'>διηγημα,</span> <span class='ocrx_word' id='word_1_482' title='bbox 3588 789 3675 844; x_wconf 80' lang='grc' dir='ltr'>καὶ</span> 
     </span>
    </p>
   </div>
   <div class='ocr_carea' id='block_1_67' title="bbox 2425 862 3283 939">
    <p class='ocr_par' dir='ltr' id='par_1_67' title="bbox 2425 862 3283 939">
     <span class='ocr_line' id='line_1_68' title="bbox 2425 862 3283 939; baseline 0.003 -24"><span class='ocrx_word' id='word_1_483' title='bbox 2425 862 2540 916; x_wconf 54' lang='grc' dir='ltr'>τοῦ</span> <span class='ocrx_word' id='word_1_484' title='bbox 2568 862 2910 939; x_wconf 63' lang='grc' dir='ltr'>συγγραφέως</span> <span class='ocrx_word' id='word_1_485' title='bbox 2951 862 3283 936; x_wconf 81' lang='grc' dir='ltr'>σχετλίασις.</span> 
     </span>
    </p>
   </div>
   <div class='ocr_carea' id='block_1_68' title="bbox 2107 979 3674 1058">
    <p class='ocr_par' dir='ltr' id='par_1_68' title="bbox 2107 979 3674 1058">
     <span class='ocr_line' id='line_1_69' title="bbox 2107 979 3674 1058; baseline -0.001 -23"><span class='ocrx_word' id='word_1_486' title='bbox 2107 983 2332 1044; x_wconf 68' lang='grc' dir='ltr'>Τούτοις</span> <span class='ocrx_word' id='word_1_487' title='bbox 2366 986 2699 1055; x_wconf 75' lang='grc' dir='ltr'>προσκείσθω</span> <span class='ocrx_word' id='word_1_488' title='bbox 2730 987 2818 1038; x_wconf 81' lang='grc' dir='ltr'>καὶ</span> <span class='ocrx_word' id='word_1_489' title='bbox 2863 985 2926 1038; x_wconf 86' lang='grc' dir='ltr'>τὸ</span> <span class='ocrx_word' id='word_1_490' title='bbox 2970 985 3103 1038; x_wconf 83' lang='grc' dir='ltr'>κατᾶ</span> <span class='ocrx_word' id='word_1_491' title='bbox 3146 985 3236 1038; x_wconf 82' lang='grc' dir='ltr'>τὸν</span> <span class='ocrx_word' id='word_1_492' title='bbox 3293 984 3496 1058; x_wconf 71' lang='grc' dir='ltr'>ῥήτορα</span> <span class='ocrx_word' id='word_1_493' title='bbox 3553 979 3674 1050; x_wconf 72' lang='grc' dir='ltr'>διήη</span> 
     </span>
    </p>
   </div>
   <div class='ocr_carea' id='block_1_69' title="bbox 2035 1068 3670 1150">
    <p class='ocr_par' dir='ltr' id='par_1_69' title="bbox 2035 1068 3670 1150">
     <span class='ocr_line' id='line_1_70' title="bbox 2035 1068 3670 1150; baseline 0.001 -29"><span class='ocrx_word' id='word_1_494' title='bbox 2035 1093 2212 1145; x_wconf 45' lang='grc' dir='ltr'>γἰιμα,</span> <span class='ocrx_word' id='word_1_495' title='bbox 2264 1068 2490 1146; x_wconf 66' lang='grc' dir='ltr'>φοϐερὸν</span> <span class='ocrx_word' id='word_1_496' title='bbox 2521 1073 2576 1125; x_wconf 77' lang='grc' dir='ltr'>ὃν</span> <span class='ocrx_word' id='word_1_497' title='bbox 2610 1071 2762 1138; x_wconf 78' lang='grc' dir='ltr'>ἰδεῖν,</span> <span class='ocrx_word' id='word_1_498' title='bbox 2798 1069 3024 1150; x_wconf 67' lang='grc' dir='ltr'>φοϐερὸν</span> <span class='ocrx_word' id='word_1_499' title='bbox 3057 1070 3112 1125; x_wconf 73' lang='grc' dir='ltr'>δὲ</span> <span class='ocrx_word' id='word_1_500' title='bbox 3163 1073 3250 1124; x_wconf 84' lang='grc' dir='ltr'>καὶ</span> <span class='ocrx_word' id='word_1_501' title='bbox 3283 1076 3492 1136; x_wconf 78' lang='grc' dir='ltr'>παθεῖν,</span> <span class='ocrx_word' id='word_1_502' title='bbox 3525 1069 3670 1137; x_wconf 70' lang='grc' dir='ltr'>πλῆν</span> 
     </span>
    </p>
   </div>
   <div class='ocr_carea' id='block_1_70' title="bbox 2039 1157 3672 1234">
    <p class='ocr_par' dir='ltr' id='par_1_70' title="bbox 2039 1157 3672 1234">
     <span class='ocr_line' id='line_1_71' title="bbox 2039 1157 3672 1234; baseline 0.002 -23"><span class='ocrx_word' id='word_1_503' title='bbox 2039 1159 2138 1213; x_wconf 76' lang='grc' dir='ltr'>οὐκ</span> <span class='ocrx_word' id='word_1_504' title='bbox 2192 1158 2277 1212; x_wconf 82' lang='grc' dir='ltr'>ἐπὶ</span> <span class='ocrx_word' id='word_1_505' title='bbox 2321 1161 2514 1214; x_wconf 68' lang='grc' dir='ltr'>τούτου</span> <span class='ocrx_word' id='word_1_506' title='bbox 2544 1165 2641 1214; x_wconf 69' lang='grc' dir='ltr'>τοῦ</span> <span class='ocrx_word' id='word_1_507' title='bbox 2683 1165 2872 1234; x_wconf 71' lang='grc' dir='ltr'>καιροῦ</span> <span class='ocrx_word' id='word_1_508' title='bbox 2921 1160 3162 1234; x_wconf 81' lang='grc' dir='ltr'>γεγονὸς,</span> <span class='ocrx_word' id='word_1_509' title='bbox 3197 1157 3342 1213; x_wconf 79' lang='grc' dir='ltr'>ἀλλὰ</span> <span class='ocrx_word' id='word_1_510' title='bbox 3389 1157 3672 1232; x_wconf 80' lang='grc' dir='ltr'>πρότερον.</span> 
     </span>
    </p>
   </div>
   <div class='ocr_carea' id='block_1_71' title="bbox 2040 1244 3675 1318">
    <p class='ocr_par' dir='ltr' id='par_1_71' title="bbox 2040 1244 3675 1318">
     <span class='ocr_line' id='line_1_72' title="bbox 2040 1244 3675 1318; baseline 0 -19"><span class='ocrx_word' id='word_1_511' title='bbox 2040 1244 2388 1318; x_wconf 73' lang='grc' dir='ltr'>Συναπτομεν</span> <span class='ocrx_word' id='word_1_512' title='bbox 2421 1245 2477 1301; x_wconf 74' lang='grc' dir='ltr'>δὲ</span> <span class='ocrx_word' id='word_1_513' title='bbox 2506 1254 2621 1310; x_wconf 82' lang='grc' dir='ltr'>τοῖς</span> <span class='ocrx_word' id='word_1_514' title='bbox 2656 1247 2848 1309; x_wconf 77' lang='grc' dir='ltr'>δεινοῖς</span> <span class='ocrx_word' id='word_1_515' title='bbox 2893 1249 2960 1302; x_wconf 70' lang='grc' dir='ltr'>τὰ</span> <span class='ocrx_word' id='word_1_516' title='bbox 3011 1246 3156 1301; x_wconf 71' lang='grc' dir='ltr'>δεινὰ</span> <span class='ocrx_word' id='word_1_517' title='bbox 3187 1247 3263 1307; x_wconf 79' lang='grc' dir='ltr'>εἷς</span> <span class='ocrx_word' id='word_1_518' title='bbox 3294 1247 3391 1314; x_wconf 70' lang='grc' dir='ltr'>τὴν</span> <span class='ocrx_word' id='word_1_519' title='bbox 3425 1253 3522 1315; x_wconf 77' lang='grc' dir='ltr'>τῆς</span> <span class='ocrx_word' id='word_1_520' title='bbox 3553 1247 3675 1299; x_wconf 86' lang='grc' dir='ltr'>τότε</span> 
     </span>
    </p>
   </div>
   <div class='ocr_carea' id='block_1_72' title="bbox 2041 1332 3676 1408">
    <p class='ocr_par' dir='ltr' id='par_1_72' title="bbox 2041 1332 3676 1408">
     <span class='ocr_line' id='line_1_73' title="bbox 2041 1332 3676 1408; baseline 0.001 -23"><span class='ocrx_word' id='word_1_521' title='bbox 2041 1333 2159 1406; x_wconf 82' lang='grc' dir='ltr'>βίας</span> <span class='ocrx_word' id='word_1_522' title='bbox 2219 1337 2566 1408; x_wconf 74' lang='grc' dir='ltr'>παράστασιν.</span> <span class='ocrx_word' id='word_1_523' title='bbox 2625 1337 2692 1391; x_wconf 75' lang='grc' dir='ltr'><strong>Αἲ</strong></span> <span class='ocrx_word' id='word_1_524' title='bbox 2755 1337 2806 1388; x_wconf 81' lang='grc' dir='ltr'>αἳ</span> <span class='ocrx_word' id='word_1_525' title='bbox 2863 1334 2944 1388; x_wconf 71' lang='grc' dir='ltr'>ὅτι</span> <span class='ocrx_word' id='word_1_526' title='bbox 2988 1335 3076 1389; x_wconf 80' lang='grc' dir='ltr'>καὶ</span> <span class='ocrx_word' id='word_1_527' title='bbox 3133 1338 3364 1387; x_wconf 72' lang='grc' dir='ltr'>τοσαῦτα</span> <span class='ocrx_word' id='word_1_528' title='bbox 3415 1332 3676 1395; x_wconf 73' lang='grc' dir='ltr'>παθόντες</span> 
     </span>
    </p>
   </div>
   <div class='ocr_carea' id='block_1_73' title="bbox 2035 1419 3671 1500">
    <p class='ocr_par' dir='ltr' id='par_1_73' title="bbox 2035 1419 3671 1500">
     <span class='ocr_line' id='line_1_74' title="bbox 2035 1419 3671 1500; baseline 0.001 -27"><span class='ocrx_word' id='word_1_529' title='bbox 2035 1426 2148 1480; x_wconf 83' lang='grc' dir='ltr'>τοῖς</span> <span class='ocrx_word' id='word_1_530' title='bbox 2209 1420 2424 1497; x_wconf 76' lang='grc' dir='ltr'>ὕστερον</span> <span class='ocrx_word' id='word_1_531' title='bbox 2483 1422 2702 1485; x_wconf 70' lang='grc' dir='ltr'>ἐλθοῦσι</span> <span class='ocrx_word' id='word_1_532' title='bbox 2763 1421 2902 1493; x_wconf 73' lang='grc' dir='ltr'>μηδέ</span> <span class='ocrx_word' id='word_1_533' title='bbox 2957 1429 3189 1500; x_wconf 72' lang='grc' dir='ltr'>φανεῖσι,</span> <span class='ocrx_word' id='word_1_534' title='bbox 3227 1423 3300 1493; x_wconf 75' lang='grc' dir='ltr'>μὴ</span> <span class='ocrx_word' id='word_1_535' title='bbox 3362 1419 3562 1493; x_wconf 75' lang='grc' dir='ltr'>λέξασι,</span> <span class='ocrx_word' id='word_1_536' title='bbox 3599 1423 3671 1488; x_wconf 77' lang='grc' dir='ltr'>μή</span> 
     </span>
    </p>
   </div>
   <div class='ocr_carea' id='block_1_74' title="bbox 2034 1505 3672 1586">
    <p class='ocr_par' dir='ltr' id='par_1_74' title="bbox 2034 1505 3672 1586">
     <span class='ocr_line' id='line_1_75' title="bbox 2034 1505 3672 1586; baseline 0.001 -25"><span class='ocrx_word' id='word_1_537' title='bbox 2034 1510 2283 1579; x_wconf 67' lang='grc' dir='ltr'>παθοῦσι,</span> <span class='ocrx_word' id='word_1_538' title='bbox 2348 1511 2509 1580; x_wconf 70' lang='grc' dir='ltr'>μόνον</span> <span class='ocrx_word' id='word_1_539' title='bbox 2571 1509 2616 1564; x_wconf 82' lang='grc' dir='ltr'>δ’</span> <span class='ocrx_word' id='word_1_540' title='bbox 2674 1511 2895 1582; x_wconf 73' lang='grc' dir='ltr'>ἀφανείᾳ</span> <span class='ocrx_word' id='word_1_541' title='bbox 2949 1505 3192 1586; x_wconf 75' lang='grc' dir='ltr'>κρυϐεῖσι</span> <span class='ocrx_word' id='word_1_542' title='bbox 3224 1509 3314 1563; x_wconf 84' lang='grc' dir='ltr'>καὶ</span> <span class='ocrx_word' id='word_1_543' title='bbox 3352 1514 3448 1563; x_wconf 76' lang='grc' dir='ltr'>τοῦ</span> <span class='ocrx_word' id='word_1_544' title='bbox 3501 1507 3672 1581; x_wconf 82' lang='grc' dir='ltr'>μηδε-</span> 
     </span>
    </p>
   </div>
   <div class='ocr_carea' id='block_1_75' title="bbox 2039 1596 3671 1672">
    <p class='ocr_par' dir='ltr' id='par_1_75' title="bbox 2039 1596 3671 1672">
     <span class='ocr_line' id='line_1_76' title="bbox 2039 1596 3671 1672; baseline 0.001 -24"><span class='ocrx_word' id='word_1_545' title='bbox 2039 1601 2163 1668; x_wconf 79' lang='grc' dir='ltr'>μιᾶς</span> <span class='ocrx_word' id='word_1_546' title='bbox 2197 1597 2468 1668; x_wconf 73' lang='grc' dir='ltr'>ἀξιοῦσθαι</span> <span class='ocrx_word' id='word_1_547' title='bbox 2503 1597 2786 1672; x_wconf 75' lang='grc' dir='ltr'>φροντίδος</span> <span class='ocrx_word' id='word_1_548' title='bbox 2821 1599 3004 1672; x_wconf 82' lang='grc' dir='ltr'>χάριν,</span> <span class='ocrx_word' id='word_1_549' title='bbox 3063 1599 3284 1668; x_wconf 82' lang='grc' dir='ltr'>ἀπηνῶς</span> <span class='ocrx_word' id='word_1_550' title='bbox 3329 1596 3671 1672; x_wconf 84' lang='grc' dir='ltr'>ἐκρινόμεθα,</span> 
     </span>
    </p>
   </div>
   <div class='ocr_carea' id='block_1_76' title="bbox 2036 1681 3672 1760">
    <p class='ocr_par' dir='ltr' id='par_1_76' title="bbox 2036 1681 3672 1760">
     <span class='ocr_line' id='line_1_77' title="bbox 2036 1681 3672 1760; baseline 0.002 -25"><span class='ocrx_word' id='word_1_551' title='bbox 2036 1681 2260 1737; x_wconf 76' lang='grc' dir='ltr'>εἷ’πωὸὲ</span> <span class='ocrx_word' id='word_1_552' title='bbox 2288 1685 2376 1738; x_wconf 76' lang='grc' dir='ltr'>καὶ</span> <span class='ocrx_word' id='word_1_553' title='bbox 2436 1687 2746 1760; x_wconf 82' lang='grc' dir='ltr'>κρινόμεθα.</span> <span class='ocrx_word' id='word_1_554' title='bbox 2805 1689 3003 1758; x_wconf 76' lang='grc' dir='ltr'>Ὑμεῖς,</span> <span class='ocrx_word' id='word_1_555' title='bbox 3064 1687 3108 1738; x_wconf 83' lang='grc' dir='ltr'>ὦ</span> <span class='ocrx_word' id='word_1_556' title='bbox 3173 1687 3342 1756; x_wconf 76' lang='grc' dir='ltr'>οὗτοι,</span> <span class='ocrx_word' id='word_1_557' title='bbox 3392 1683 3519 1746; x_wconf 74' lang='grc' dir='ltr'>τοὺς</span> <span class='ocrx_word' id='word_1_558' title='bbox 3571 1691 3672 1752; x_wconf 78' lang='grc' dir='ltr'>τῆς</span> 
     </span>
    </p>
   </div>
   <div class='ocr_carea' id='block_1_77' title="bbox 1956 1770 3669 1870">
    <p class='ocr_par' dir='ltr' id='par_1_77' title="bbox 1956 1770 3669 1870">
     <span class='ocr_line' id='line_1_78' title="bbox 1956 1770 3669 1870; baseline 0.001 -45"><span class='ocrx_word' id='word_1_559' title='bbox 1956 1770 2386 1870; x_wconf 76' lang='grc' dir='ltr'>ΒἘκκλησίας·</span> <span class='ocrx_word' id='word_1_560' title='bbox 2443 1779 2548 1828; x_wconf 80' lang='grc' dir='ltr'>ποῦ</span> <span class='ocrx_word' id='word_1_561' title='bbox 2608 1775 2822 1835; x_wconf 76' lang='grc' dir='ltr'>στάντες</span> <span class='ocrx_word' id='word_1_562' title='bbox 2882 1774 2914 1842; x_wconf 79' lang='grc' dir='ltr'><strong>ἢ</strong></span> <span class='ocrx_word' id='word_1_563' title='bbox 2973 1779 3078 1828; x_wconf 78' lang='grc' dir='ltr'>ποῦ</span> <span class='ocrx_word' id='word_1_564' title='bbox 3139 1773 3324 1847; x_wconf 74' lang='grc' dir='ltr'>βάντες</span> <span class='ocrx_word' id='word_1_565' title='bbox 3381 1773 3415 1842; x_wconf 72' lang='grc' dir='ltr'><strong>ἢ</strong></span> <span class='ocrx_word' id='word_1_566' title='bbox 3472 1772 3523 1827; x_wconf 88' lang='grc' dir='ltr'>τί</span> <span class='ocrx_word' id='word_1_567' title='bbox 3579 1772 3669 1826; x_wconf 80' lang='grc' dir='ltr'>καὶ</span> 
     </span>
    </p>
   </div>
   <div class='ocr_carea' id='block_1_78' title="bbox 2035 1857 3665 1936">
    <p class='ocr_par' dir='ltr' id='par_1_78' title="bbox 2035 1857 3665 1936">
     <span class='ocr_line' id='line_1_79' title="bbox 2035 1857 3665 1936; baseline 0.001 -24"><span class='ocrx_word' id='word_1_568' title='bbox 2035 1862 2335 1933; x_wconf 67' lang='grc' dir='ltr'>χρήσιμιον</span> <span class='ocrx_word' id='word_1_569' title='bbox 2367 1858 2724 1933; x_wconf 74' lang='grc' dir='ltr'>ἐνδειξάμενοι</span> <span class='ocrx_word' id='word_1_570' title='bbox 2759 1881 2773 1931; x_wconf 88' lang='grc'><strong>;</strong></span> <span class='ocrx_word' id='word_1_571' title='bbox 2807 1861 2932 1916; x_wconf 85' lang='grc' dir='ltr'>ἀλλ’</span> <span class='ocrx_word' id='word_1_572' title='bbox 2961 1862 3072 1936; x_wconf 85' lang='grc' dir='ltr'>οὐχ</span> <span class='ocrx_word' id='word_1_573' title='bbox 3103 1862 3252 1932; x_wconf 84' lang='grc' dir='ltr'>ὑμῖν,</span> <span class='ocrx_word' id='word_1_574' title='bbox 3281 1866 3398 1922; x_wconf 89' lang='grc' dir='ltr'>τοῖς</span> <span class='ocrx_word' id='word_1_575' title='bbox 3432 1857 3489 1914; x_wconf 71' lang='grc' dir='ltr'>δὲ</span> <span class='ocrx_word' id='word_1_576' title='bbox 3520 1859 3665 1930; x_wconf 81' lang='grc' dir='ltr'>δεξα-</span> 
     </span>
    </p>
   </div>
   <div class='ocr_carea' id='block_1_79' title="bbox 2039 1947 3678 2022">
    <p class='ocr_par' dir='ltr' id='par_1_79' title="bbox 2039 1947 3678 2022">
     <span class='ocr_line' id='line_1_80' title="bbox 2039 1947 3678 2022; baseline 0.001 -22"><span class='ocrx_word' id='word_1_577' title='bbox 2039 1949 2215 2020; x_wconf 74' lang='grc' dir='ltr'>μένοις</span> <span class='ocrx_word' id='word_1_578' title='bbox 2335 1949 2558 2022; x_wconf 74' lang='grc' dir='ltr'>μέμψις,</span> <span class='ocrx_word' id='word_1_579' title='bbox 2615 1947 2946 2021; x_wconf 74' lang='grc' dir='ltr'>καὶμᾶλλον</span> <span class='ocrx_word' id='word_1_580' title='bbox 2981 1949 3062 2004; x_wconf 82' lang='grc' dir='ltr'>ὅτι</span> <span class='ocrx_word' id='word_1_581' title='bbox 3120 1949 3387 2010; x_wconf 76' lang='grc' dir='ltr'>κάκείνοις</span> <span class='ocrx_word' id='word_1_582' title='bbox 3436 1948 3678 2011; x_wconf 81' lang='grc' dir='ltr'>ἐπιτιθε-</span> 
     </span>
    </p>
   </div>
   <div class='ocr_carea' id='block_1_80' title="bbox 2039 2036 3666 2112">
    <p class='ocr_par' dir='ltr' id='par_1_80' title="bbox 2039 2036 3666 2112">
     <span class='ocr_line' id='line_1_81' title="bbox 2039 2036 3666 2112; baseline 0.001 -22"><span class='ocrx_word' id='word_1_583' title='bbox 2039 2037 2220 2108; x_wconf 80' lang='grc' dir='ltr'>μένοις</span> <span class='ocrx_word' id='word_1_584' title='bbox 2268 2036 2578 2110; x_wconf 80' lang='grc' dir='ltr'>ἐχρώμεθα.</span> <span class='ocrx_word' id='word_1_585' title='bbox 2640 2036 2815 2092; x_wconf 73' lang='grc' dir='ltr'>Ἀλλὰ</span> <span class='ocrx_word' id='word_1_586' title='bbox 2845 2040 2909 2091; x_wconf 77' lang='grc' dir='ltr'>τὰ</span> <span class='ocrx_word' id='word_1_587' title='bbox 2967 2039 3058 2108; x_wconf 73' lang='grc' dir='ltr'>μὲν</span> <span class='ocrx_word' id='word_1_588' title='bbox 3117 2038 3240 2112; x_wconf 81' lang='grc' dir='ltr'>περὶ</span> <span class='ocrx_word' id='word_1_589' title='bbox 3283 2038 3490 2092; x_wconf 77' lang='grc' dir='ltr'>τούτων</span> <span class='ocrx_word' id='word_1_590' title='bbox 3523 2037 3666 2097; x_wconf 78' lang='grc' dir='ltr'>ἅλις.</span> 
     </span>
    </p>
   </div>
   <div class='ocr_carea' id='block_1_81' title="bbox 2035 2123 3674 2202">
    <p class='ocr_par' dir='ltr' id='par_1_81' title="bbox 2035 2123 3674 2202">
     <span class='ocr_line' id='line_1_82' title="bbox 2035 2123 3674 2202; baseline 0.001 -24"><span class='ocrx_word' id='word_1_591' title='bbox 2035 2128 2172 2197; x_wconf 78' lang='grc' dir='ltr'>ἡμῖν</span> <span class='ocrx_word' id='word_1_592' title='bbox 2206 2123 2263 2179; x_wconf 74' lang='grc' dir='ltr'>δὲ</span> <span class='ocrx_word' id='word_1_593' title='bbox 2290 2129 2478 2199; x_wconf 83' lang='grc' dir='ltr'>καιρὸς</span> <span class='ocrx_word' id='word_1_594' title='bbox 2515 2129 2576 2181; x_wconf 84' lang='grc' dir='ltr'>τὸ</span> <span class='ocrx_word' id='word_1_595' title='bbox 2607 2128 2783 2181; x_wconf 84' lang='grc' dir='ltr'>καινὸν</span> <span class='ocrx_word' id='word_1_596' title='bbox 2813 2125 3113 2202; x_wconf 80' lang='grc' dir='ltr'>διηγεῖσθαι</span> <span class='ocrx_word' id='word_1_597' title='bbox 3151 2125 3417 2200; x_wconf 74' lang='grc' dir='ltr'>διήγημα.</span> <span class='ocrx_word' id='word_1_598' title='bbox 3467 2128 3674 2200; x_wconf 80' lang='grc' dir='ltr'>Ἠμὲρα</span> 
     </span>
    </p>
   </div>
   <div class='ocr_carea' id='block_1_82' title="bbox 2035 2213 3676 2290">
    <p class='ocr_par' dir='ltr' id='par_1_82' title="bbox 2035 2213 3676 2290">
     <span class='ocr_line' id='line_1_83' title="bbox 2035 2213 3676 2290; baseline 0.001 -24"><span class='ocrx_word' id='word_1_599' title='bbox 2035 2215 2101 2281; x_wconf 76' lang='grc' dir='ltr'>ἦν</span> <span class='ocrx_word' id='word_1_600' title='bbox 2131 2213 2180 2266; x_wconf 82' lang='grc' dir='ltr'>ἐν</span> <span class='ocrx_word' id='word_1_601' title='bbox 2208 2220 2326 2277; x_wconf 88' lang='grc' dir='ltr'>τοῖς</span> <span class='ocrx_word' id='word_1_602' title='bbox 2356 2217 2522 2290; x_wconf 75' lang='grc' dir='ltr'>ἱεροῖς</span> <span class='ocrx_word' id='word_1_603' title='bbox 2554 2215 2870 2290; x_wconf 79' lang='grc' dir='ltr'>ἀνακτόροις</span> <span class='ocrx_word' id='word_1_604' title='bbox 2904 2218 3184 2287; x_wconf 78' lang='grc' dir='ltr'>συνάξεως,</span> <span class='ocrx_word' id='word_1_605' title='bbox 3235 2213 3322 2268; x_wconf 83' lang='grc' dir='ltr'>καί</span> <span class='ocrx_word' id='word_1_606' title='bbox 3379 2217 3413 2283; x_wconf 75' lang='grc' dir='ltr'><strong>ἡ</strong></span> <span class='ocrx_word' id='word_1_607' title='bbox 3468 2215 3676 2283; x_wconf 77' lang='grc' dir='ltr'>σύναξις</span> 
     </span>
    </p>
   </div>
   <div class='ocr_carea' id='block_1_83' title="bbox 2037 2299 3676 2376">
    <p class='ocr_par' dir='ltr' id='par_1_83' title="bbox 2037 2299 3676 2376">
     <span class='ocr_line' id='line_1_84' title="bbox 2037 2299 3676 2376; baseline 0.002 -24"><span class='ocrx_word' id='word_1_608' title='bbox 2037 2299 2174 2376; x_wconf 63' lang='lat' dir='ltr'>tegi,</span> <span class='ocrx_word' id='word_1_609' title='bbox 2199 2301 2286 2354; x_wconf 85' lang='grc' dir='ltr'>καὶ</span> <span class='ocrx_word' id='word_1_610' title='bbox 2319 2301 2440 2355; x_wconf 80' lang='grc' dir='ltr'>ὅσον</span> <span class='ocrx_word' id='word_1_611' title='bbox 2473 2301 2523 2355; x_wconf 86' lang='grc' dir='ltr'>ἐν</span> <span class='ocrx_word' id='word_1_612' title='bbox 2571 2301 2965 2376; x_wconf 72' lang='grc' dir='ltr'>ἱερομονάχοις</span> <span class='ocrx_word' id='word_1_613' title='bbox 3002 2301 3092 2356; x_wconf 85' lang='grc' dir='ltr'>καὶ</span> <span class='ocrx_word' id='word_1_614' title='bbox 3140 2299 3327 2366; x_wconf 80' lang='grc' dir='ltr'>ἄλλως</span> <span class='ocrx_word' id='word_1_615' title='bbox 3355 2301 3676 2376; x_wconf 76' lang='grc' dir='ltr'>ἱερωμένοις</span> 
     </span>
    </p>
   </div>
   <div class='ocr_carea' id='block_1_84' title="bbox 2040 2522 3676 2595">
    <p class='ocr_par' dir='ltr' id='par_1_84' title="bbox 2040 2522 3676 2595">
     <span class='ocr_line' id='line_1_85' title="bbox 2040 2522 3676 2595; baseline 0.001 -18"><span class='ocrx_word' id='word_1_616' title='bbox 2040 2522 2412 2579; x_wconf 82' lang='lat' dir='ltr'>Rhaedestum</span> <span class='ocrx_word' id='word_1_617' title='bbox 2445 2523 2644 2579; x_wconf 87' lang='lat' dir='ltr'>exsilio</span> <span class='ocrx_word' id='word_1_618' title='bbox 2685 2524 2990 2594; x_wconf 67' lang='lat' dir='ltr'>praefinito,</span> <span class='ocrx_word' id='word_1_619' title='bbox 3024 2523 3322 2579; x_wconf 88' lang='lat' dir='ltr'>nonnullis</span> <span class='ocrx_word' id='word_1_620' title='bbox 3365 2525 3511 2581; x_wconf 90' lang='lat' dir='ltr'>citra</span> <span class='ocrx_word' id='word_1_621' title='bbox 3541 2540 3676 2595; x_wconf 87' lang='lat' dir='ltr'>por-</span> 
     </span>
    </p>
   </div>
   <div class='ocr_carea' id='block_1_85' title="bbox 2043 2612 3675 2682">
    <p class='ocr_par' dir='ltr' id='par_1_85' title="bbox 2043 2612 3675 2682">
     <span class='ocr_line' id='line_1_86' title="bbox 2043 2612 3675 2682; baseline 0.001 -16"><span class='ocrx_word' id='word_1_622' title='bbox 2043 2617 2164 2666; x_wconf 89' lang='lat' dir='ltr'>tum</span> <span class='ocrx_word' id='word_1_623' title='bbox 2197 2613 2296 2682; x_wconf 92' lang='lat' dir='ltr'>qui</span> <span class='ocrx_word' id='word_1_624' title='bbox 2339 2613 2409 2666; x_wconf 89' lang='lat' dir='ltr'>ad</span> <span class='ocrx_word' id='word_1_625' title='bbox 2457 2612 2702 2666; x_wconf 86' lang='lat' dir='ltr'>Pharum</span> <span class='ocrx_word' id='word_1_626' title='bbox 2738 2617 2852 2679; x_wconf 90' lang='lat' dir='ltr'>est;</span> <span class='ocrx_word' id='word_1_627' title='bbox 2905 2628 3154 2682; x_wconf 90' lang='lat' dir='ltr'>quorum</span> <span class='ocrx_word' id='word_1_628' title='bbox 3206 2612 3373 2667; x_wconf 91' lang='lat' dir='ltr'>multi</span> <span class='ocrx_word' id='word_1_629' title='bbox 3423 2612 3576 2667; x_wconf 87' lang='lat' dir='ltr'>malo</span> <span class='ocrx_word' id='word_1_630' title='bbox 3603 2613 3675 2667; x_wconf 87' lang='lat' dir='ltr'>ad</span> 
     </span>
    </p>
   </div>
   <div class='ocr_carea' id='block_1_86' title="bbox 2041 2699 3674 2772">
    <p class='ocr_par' dir='ltr' id='par_1_86' title="bbox 2041 2699 3674 2772">
     <span class='ocr_line' id='line_1_87' title="bbox 2041 2699 3674 2772; baseline 0.001 -18"><span class='ocrx_word' id='word_1_631' title='bbox 2041 2717 2347 2755; x_wconf 86' lang='lat' dir='ltr'>assensum</span> <span class='ocrx_word' id='word_1_632' title='bbox 2379 2699 2569 2768; x_wconf 87' lang='lat' dir='ltr'>tracti,</span> <span class='ocrx_word' id='word_1_633' title='bbox 2619 2699 2975 2770; x_wconf 82' lang='lat' dir='ltr'>professique</span> <span class='ocrx_word' id='word_1_634' title='bbox 3015 2717 3077 2754; x_wconf 91' lang='lat' dir='ltr'>se</span> <span class='ocrx_word' id='word_1_635' title='bbox 3126 2700 3252 2771; x_wconf 90' lang='lat' dir='ltr'>paci</span> <span class='ocrx_word' id='word_1_636' title='bbox 3287 2701 3674 2772; x_wconf 86' lang='lat' dir='ltr'>acquiescere,</span> 
     </span>
    </p>
   </div>
   <div class='ocr_carea' id='block_1_87' title="bbox 2040 2787 3274 2859">
    <p class='ocr_par' dir='ltr' id='par_1_87' title="bbox 2040 2787 3274 2859">
     <span class='ocr_line' id='line_1_88' title="bbox 2040 2787 3274 2859; baseline -0.002 -16"><span class='ocrx_word' id='word_1_637' title='bbox 2040 2787 2398 2859; x_wconf 89' lang='lat' dir='ltr'>postliminio</span> <span class='ocrx_word' id='word_1_638' title='bbox 2431 2789 2681 2843; x_wconf 78' lang='lat' dir='ltr'>revocati</span> <span class='ocrx_word' id='word_1_639' title='bbox 2714 2788 2982 2842; x_wconf 88' lang='lat' dir='ltr'>redibant</span> <span class='ocrx_word' id='word_1_640' title='bbox 3011 2788 3274 2842; x_wconf 92' lang='lat' dir='ltr'>domum.</span> 
     </span>
    </p>
   </div>
   <div class='ocr_carea' id='block_1_88' title="bbox 2036 2929 3677 2998">
    <p class='ocr_par' dir='ltr' id='par_1_88' title="bbox 2036 2929 3677 2998">
     <span class='ocr_line' id='line_1_89' title="bbox 2036 2929 3677 2998; baseline 0.002 -17"><span class='ocrx_word' id='word_1_641' title='bbox 2036 2929 2126 2982; x_wconf 84' lang='lat'>20.</span> <span class='ocrx_word' id='word_1_642' title='bbox 2161 2929 2424 2984; x_wconf 74' lang='lat' dir='ltr'>Narratio</span> <span class='ocrx_word' id='word_1_643' title='bbox 2451 2931 2714 2998; x_wconf 74' lang='lat' dir='ltr'>supplicii</span> <span class='ocrx_word' id='word_1_644' title='bbox 2751 2930 2947 2983; x_wconf 82' lang='lat' dir='ltr'>atrocis</span> <span class='ocrx_word' id='word_1_645' title='bbox 2996 2929 3228 2998; x_wconf 78' lang='lat' dir='ltr'>irrogaii</span> <span class='ocrx_word' id='word_1_646' title='bbox 3272 2930 3499 2996; x_wconf 77' lang='lat' dir='ltr'>rhetori,</span> <span class='ocrx_word' id='word_1_647' title='bbox 3532 2937 3583 2984; x_wconf 82' lang='lat' dir='ltr'>et</span> <span class='ocrx_word' id='word_1_648' title='bbox 3612 2929 3677 2984; x_wconf 75' lang='lat' dir='ltr'>de</span> 
     </span>
    </p>
   </div>
   <div class='ocr_carea' id='block_1_89' title="bbox 2500 3000 3218 3055">
    <p class='ocr_par' dir='ltr' id='par_1_89' title="bbox 2500 3000 3218 3055">
     <span class='ocr_line' id='line_1_90' title="bbox 2500 3000 3218 3055; baseline -0.003 0"><span class='ocrx_word' id='word_1_649' title='bbox 2500 3016 2558 3055; x_wconf 83' lang='lat' dir='ltr'>eo</span> <span class='ocrx_word' id='word_1_650' title='bbox 2593 3000 2914 3055; x_wconf 74' lang='lat' dir='ltr'>lamentatio</span> <span class='ocrx_word' id='word_1_651' title='bbox 2947 3000 3218 3054; x_wconf 71' lang='lat' dir='ltr'>historici.</span> 
     </span>
    </p>
   </div>
   <div class='ocr_carea' id='block_1_90' title="bbox 1962 3138 3673 3226">
    <p class='ocr_par' dir='ltr' id='par_1_90' title="bbox 1962 3138 3673 3226">
     <span class='ocr_line' id='line_1_91' title="bbox 1962 3138 3673 3226; baseline 0.003 -35"><span class='ocrx_word' id='word_1_652' title='bbox 1962 3160 2002 3226; x_wconf 66' lang='grc' dir='ltr'>ρ</span> <span class='ocrx_word' id='word_1_653' title='bbox 2113 3138 2214 3193; x_wconf 89' lang='lat' dir='ltr'>His</span> <span class='ocrx_word' id='word_1_654' title='bbox 2245 3141 2494 3194; x_wconf 90' lang='lat' dir='ltr'>addatur</span> <span class='ocrx_word' id='word_1_655' title='bbox 2532 3141 2786 3196; x_wconf 88' lang='lat' dir='ltr'>narratio</span> <span class='ocrx_word' id='word_1_656' title='bbox 2818 3141 2890 3194; x_wconf 89' lang='lat' dir='ltr'>de</span> <span class='ocrx_word' id='word_1_657' title='bbox 2934 3141 3182 3208; x_wconf 89' lang='lat' dir='ltr'>rhetore,</span> <span class='ocrx_word' id='word_1_658' title='bbox 3215 3143 3378 3195; x_wconf 86' lang='lat' dir='ltr'>atrox</span> <span class='ocrx_word' id='word_1_659' title='bbox 3407 3141 3673 3212; x_wconf 65' lang='lat' dir='ltr'>quedam</span> 
     </span>
    </p>
   </div>
   <div class='ocr_carea' id='block_1_91' title="bbox 2040 3227 3672 3301">
    <p class='ocr_par' dir='ltr' id='par_1_91' title="bbox 2040 3227 3672 3301">
     <span class='ocr_line' id='line_1_92' title="bbox 2040 3227 3672 3301; baseline 0.001 -19"><span class='ocrx_word' id='word_1_660' title='bbox 2040 3233 2096 3282; x_wconf 89' lang='lat' dir='ltr'>et</span> <span class='ocrx_word' id='word_1_661' title='bbox 2143 3228 2420 3283; x_wconf 88' lang='lat' dir='ltr'>terribilis</span> <span class='ocrx_word' id='word_1_662' title='bbox 2467 3230 2641 3283; x_wconf 90' lang='lat' dir='ltr'>etiam</span> <span class='ocrx_word' id='word_1_663' title='bbox 2683 3229 3106 3300; x_wconf 85' lang='lat' dir='ltr'>spectantibus,</span> <span class='ocrx_word' id='word_1_664' title='bbox 3133 3227 3318 3284; x_wconf 87' lang='lat' dir='ltr'>multo</span> <span class='ocrx_word' id='word_1_665' title='bbox 3351 3229 3539 3300; x_wconf 88' lang='lat' dir='ltr'>magis</span> <span class='ocrx_word' id='word_1_666' title='bbox 3570 3247 3672 3301; x_wconf 89' lang='lat' dir='ltr'>pa-</span> 
     </span>
    </p>
   </div>
   <div class='ocr_carea' id='block_1_92' title="bbox 2035 3316 3675 3387">
    <p class='ocr_par' dir='ltr' id='par_1_92' title="bbox 2035 3316 3675 3387">
     <span class='ocr_line' id='line_1_93' title="bbox 2035 3316 3675 3387; baseline 0.002 -19"><span class='ocrx_word' id='word_1_667' title='bbox 2035 3316 2580 3386; x_wconf 87' lang='lat' dir='ltr'>tienti.Quanquam</span> <span class='ocrx_word' id='word_1_668' title='bbox 2607 3317 2726 3370; x_wconf 73' lang='lat' dir='ltr'>hmc</span> <span class='ocrx_word' id='word_1_669' title='bbox 2751 3318 2988 3386; x_wconf 80' lang='lat' dir='ltr'>quidem</span> <span class='ocrx_word' id='word_1_670' title='bbox 3017 3334 3107 3371; x_wconf 92' lang='lat' dir='ltr'>res</span> <span class='ocrx_word' id='word_1_671' title='bbox 3132 3333 3241 3370; x_wconf 90' lang='lat' dir='ltr'>non</span> <span class='ocrx_word' id='word_1_672' title='bbox 3273 3317 3381 3371; x_wconf 86' lang='lat' dir='ltr'>hoc</span> <span class='ocrx_word' id='word_1_673' title='bbox 3415 3322 3675 3387; x_wconf 87' lang='lat' dir='ltr'>tempore</span> 
     </span>
    </p>
   </div>
   <div class='ocr_carea' id='block_1_93' title="bbox 2036 3404 3676 3475">
    <p class='ocr_par' dir='ltr' id='par_1_93' title="bbox 2036 3404 3676 3475">
     <span class='ocr_line' id='line_1_94' title="bbox 2036 3404 3676 3475; baseline 0.002 -19"><span class='ocrx_word' id='word_1_674' title='bbox 2036 3405 2298 3473; x_wconf 75' lang='lat' dir='ltr'>contigit,</span> <span class='ocrx_word' id='word_1_675' title='bbox 2351 3406 2449 3458; x_wconf 87' lang='lat' dir='ltr'>sed</span> <span class='ocrx_word' id='word_1_676' title='bbox 2510 3404 2678 3475; x_wconf 88' lang='lat' dir='ltr'>paulo</span> <span class='ocrx_word' id='word_1_677' title='bbox 2738 3410 2891 3460; x_wconf 86' lang='lat' dir='ltr'>ante.</span> <span class='ocrx_word' id='word_1_678' title='bbox 2927 3405 3267 3459; x_wconf 80' lang='lat' dir='ltr'>Referemus</span> <span class='ocrx_word' id='word_1_679' title='bbox 3313 3409 3504 3460; x_wconf 90' lang='lat' dir='ltr'>autem</span> <span class='ocrx_word' id='word_1_680' title='bbox 3566 3405 3676 3460; x_wconf 91' lang='lat' dir='ltr'>hoc</span> 
     </span>
    </p>
   </div>
   <div class='ocr_carea' id='block_1_94' title="bbox 2037 3491 3676 3562">
    <p class='ocr_par' dir='ltr' id='par_1_94' title="bbox 2037 3491 3676 3562">
     <span class='ocr_line' id='line_1_95' title="bbox 2037 3491 3676 3562; baseline 0.002 -18"><span class='ocrx_word' id='word_1_681' title='bbox 2037 3491 2182 3556; x_wconf 85' lang='lat' dir='ltr'>loco,</span> <span class='ocrx_word' id='word_1_682' title='bbox 2215 3493 2366 3546; x_wconf 69' lang='lat'>392</span> <span class='ocrx_word' id='word_1_683' title='bbox 2399 3493 2819 3562; x_wconf 75' lang='lat' dir='ltr'>conjungentes</span> <span class='ocrx_word' id='word_1_684' title='bbox 2864 3493 3079 3546; x_wconf 85' lang='lat' dir='ltr'>similia</span> <span class='ocrx_word' id='word_1_685' title='bbox 3127 3493 3443 3557; x_wconf 89' lang='lat' dir='ltr'>similibus,</span> <span class='ocrx_word' id='word_1_686' title='bbox 3477 3493 3676 3561; x_wconf 77' lang='lat' dir='ltr'>gravia</span> 
     </span>
    </p>
   </div>
   <div class='ocr_carea' id='block_1_95' title="bbox 2037 3581 3675 3651">
    <p class='ocr_par' dir='ltr' id='par_1_95' title="bbox 2037 3581 3675 3651">
     <span class='ocr_line' id='line_1_96' title="bbox 2037 3581 3675 3651; baseline 0.003 -18"><span class='ocrx_word' id='word_1_687' title='bbox 2037 3581 2332 3651; x_wconf 84' lang='lat' dir='ltr'>gravibus,</span> <span class='ocrx_word' id='word_1_688' title='bbox 2384 3581 2441 3633; x_wconf 89' lang='lat' dir='ltr'>in</span> <span class='ocrx_word' id='word_1_689' title='bbox 2500 3582 2794 3650; x_wconf 73' lang='lat' dir='ltr'>specimen</span> <span class='ocrx_word' id='word_1_690' title='bbox 2852 3581 3114 3634; x_wconf 72' lang='lat' dir='ltr'>exercita:</span> <span class='ocrx_word' id='word_1_691' title='bbox 3174 3586 3313 3634; x_wconf 90' lang='lat' dir='ltr'>tunc</span> <span class='ocrx_word' id='word_1_692' title='bbox 3370 3581 3675 3638; x_wconf 59' lang='lat' dir='ltr'>violentiae.</span> 
     </span>
    </p>
   </div>
   <div class='ocr_carea' id='block_1_96' title="bbox 2037 3668 3675 3740">
    <p class='ocr_par' dir='ltr' id='par_1_96' title="bbox 2037 3668 3675 3740">
     <span class='ocr_line' id='line_1_97' title="bbox 2037 3668 3675 3740; baseline 0.001 -18"><span class='ocrx_word' id='word_1_693' title='bbox 2037 3668 2188 3722; x_wconf 80' lang='lat' dir='ltr'>Heu!</span> <span class='ocrx_word' id='word_1_694' title='bbox 2221 3669 2325 3721; x_wconf 89' lang='lat' dir='ltr'>heu</span> <span class='ocrx_word' id='word_1_695' title='bbox 2363 3668 2604 3721; x_wconf 87' lang='lat' dir='ltr'>miseros</span> <span class='ocrx_word' id='word_1_696' title='bbox 2637 3671 2762 3723; x_wconf 79' lang='lat' dir='ltr'>nos!</span> <span class='ocrx_word' id='word_1_697' title='bbox 2801 3671 2956 3739; x_wconf 88' lang='lat' dir='ltr'>quod</span> <span class='ocrx_word' id='word_1_698' title='bbox 2981 3673 3146 3722; x_wconf 85' lang='lat' dir='ltr'>tanta</span> <span class='ocrx_word' id='word_1_699' title='bbox 3179 3669 3332 3737; x_wconf 79' lang='lat' dir='ltr'>passi</span> <span class='ocrx_word' id='word_1_700' title='bbox 3358 3671 3428 3722; x_wconf 88' lang='lat' dir='ltr'>ab</span> <span class='ocrx_word' id='word_1_701' title='bbox 3452 3669 3541 3723; x_wconf 90' lang='lat' dir='ltr'>his</span> <span class='ocrx_word' id='word_1_702' title='bbox 3575 3669 3675 3740; x_wconf 89' lang='lat' dir='ltr'>qui</span> 
     </span>
    </p>
   </div>
   <div class='ocr_carea' id='block_1_97' title="bbox 2039 3756 3675 3826">
    <p class='ocr_par' dir='ltr' id='par_1_97' title="bbox 2039 3756 3675 3826">
     <span class='ocr_line' id='line_1_98' title="bbox 2039 3756 3675 3826; baseline 0.001 -18"><span class='ocrx_word' id='word_1_703' title='bbox 2039 3756 2328 3826; x_wconf 88' lang='lat' dir='ltr'>posterius</span> <span class='ocrx_word' id='word_1_704' title='bbox 2349 3760 2652 3816; x_wconf 87' lang='lat' dir='ltr'>venerunt,</span> <span class='ocrx_word' id='word_1_705' title='bbox 2680 3772 2928 3825; x_wconf 88' lang='lat' dir='ltr'>quorum</span> <span class='ocrx_word' id='word_1_706' title='bbox 2962 3756 3018 3808; x_wconf 91' lang='lat' dir='ltr'>in</span> <span class='ocrx_word' id='word_1_707' title='bbox 3045 3756 3151 3810; x_wconf 91' lang='lat' dir='ltr'>hoc</span> <span class='ocrx_word' id='word_1_708' title='bbox 3176 3761 3293 3810; x_wconf 89' lang='lat' dir='ltr'>toto</span> <span class='ocrx_word' id='word_1_709' title='bbox 3321 3757 3547 3825; x_wconf 82' lang='lat' dir='ltr'>negotio</span> <span class='ocrx_word' id='word_1_710' title='bbox 3571 3773 3675 3811; x_wconf 89' lang='lat' dir='ltr'>nec</span> 
     </span>
    </p>
   </div>
   <div class='ocr_carea' id='block_1_98' title="bbox 2038 3843 3672 3914">
    <p class='ocr_par' dir='ltr' id='par_1_98' title="bbox 2038 3843 3672 3914">
     <span class='ocr_line' id='line_1_99' title="bbox 2038 3843 3672 3914; baseline 0.001 -17"><span class='ocrx_word' id='word_1_711' title='bbox 2038 3843 2214 3897; x_wconf 86' lang='lat' dir='ltr'>facies</span> <span class='ocrx_word' id='word_1_712' title='bbox 2247 3843 2368 3897; x_wconf 88' lang='lat' dir='ltr'>visa</span> <span class='ocrx_word' id='word_1_713' title='bbox 2391 3859 2495 3897; x_wconf 90' lang='lat' dir='ltr'>nec</span> <span class='ocrx_word' id='word_1_714' title='bbox 2525 3843 2723 3896; x_wconf 87' lang='lat' dir='ltr'>audita</span> <span class='ocrx_word' id='word_1_715' title='bbox 2744 3859 2851 3895; x_wconf 81' lang='lat' dir='ltr'>vox</span> <span class='ocrx_word' id='word_1_716' title='bbox 2877 3846 2990 3908; x_wconf 89' lang='lat' dir='ltr'>est;</span> <span class='ocrx_word' id='word_1_717' title='bbox 3025 3843 3122 3912; x_wconf 87' lang='lat' dir='ltr'>qui</span> <span class='ocrx_word' id='word_1_718' title='bbox 3148 3845 3300 3914; x_wconf 89' lang='lat' dir='ltr'>quod</span> <span class='ocrx_word' id='word_1_719' title='bbox 3336 3843 3481 3897; x_wconf 89' lang='lat' dir='ltr'>nihil</span> <span class='ocrx_word' id='word_1_720' title='bbox 3515 3845 3672 3914; x_wconf 86' lang='lat' dir='ltr'>passi</span> 
     </span>
    </p>
   </div>
   <div class='ocr_carea' id='block_1_99' title="bbox 2039 3930 3675 4001">
    <p class='ocr_par' dir='ltr' id='par_1_99' title="bbox 2039 3930 3675 4001">
     <span class='ocr_line' id='line_1_100' title="bbox 2039 3930 3675 4001; baseline 0.001 -16"><span class='ocrx_word' id='word_1_721' title='bbox 2039 3936 2197 3996; x_wconf 84' lang='lat' dir='ltr'>sunt,</span> <span class='ocrx_word' id='word_1_722' title='bbox 2229 3931 2570 3986; x_wconf 87' lang='lat' dir='ltr'>obscuritati</span> <span class='ocrx_word' id='word_1_723' title='bbox 2605 3948 2719 3984; x_wconf 70' lang='lat' dir='ltr'>suae</span> <span class='ocrx_word' id='word_1_724' title='bbox 2742 3930 3069 3999; x_wconf 88' lang='lat' dir='ltr'>vilitatique</span> <span class='ocrx_word' id='word_1_725' title='bbox 3101 3931 3445 3997; x_wconf 82' lang='lat' dir='ltr'>debuerunt,</span> <span class='ocrx_word' id='word_1_726' title='bbox 3472 3931 3675 4001; x_wconf 89' lang='lat' dir='ltr'>utique</span> 
     </span>
    </p>
   </div>
   <div class='ocr_carea' id='block_1_100' title="bbox 2041 4018 3674 4087">
    <p class='ocr_par' dir='ltr' id='par_1_100' title="bbox 2041 4018 3674 4087">
     <span class='ocr_line' id='line_1_101' title="bbox 2041 4018 3674 4087; baseline 0 -14"><span class='ocrx_word' id='word_1_727' title='bbox 2041 4036 2153 4073; x_wconf 90' lang='lat' dir='ltr'>non</span> <span class='ocrx_word' id='word_1_728' title='bbox 2189 4019 2330 4072; x_wconf 88' lang='lat' dir='ltr'>tanti</span> <span class='ocrx_word' id='word_1_729' title='bbox 2364 4019 2570 4083; x_wconf 87' lang='lat' dir='ltr'>habiti,</span> <span class='ocrx_word' id='word_1_730' title='bbox 2597 4027 2658 4071; x_wconf 84' lang='lat' dir='ltr'>ut</span> <span class='ocrx_word' id='word_1_731' title='bbox 2689 4035 2892 4072; x_wconf 90' lang='lat' dir='ltr'>curare</span> <span class='ocrx_word' id='word_1_732' title='bbox 2913 4018 2981 4071; x_wconf 91' lang='lat' dir='ltr'>dc</span> <span class='ocrx_word' id='word_1_733' title='bbox 3010 4018 3150 4087; x_wconf 88' lang='lat' dir='ltr'>ipsis</span> <span class='ocrx_word' id='word_1_734' title='bbox 3174 4024 3274 4072; x_wconf 87' lang='lat' dir='ltr'>aut</span> <span class='ocrx_word' id='word_1_735' title='bbox 3306 4018 3545 4073; x_wconf 91' lang='lat' dir='ltr'>omnino</span> <span class='ocrx_word' id='word_1_736' title='bbox 3575 4036 3674 4073; x_wconf 89' lang='lat' dir='ltr'>cn-</span> 
     </span>
    </p>
   </div>
   <div class='ocr_carea' id='block_1_101' title="bbox 2040 4105 3669 4177">
    <p class='ocr_par' dir='ltr' id='par_1_101' title="bbox 2040 4105 3669 4177">
     <span class='ocr_line' id='line_1_102' title="bbox 2040 4105 3669 4177; baseline 0 -17"><span class='ocrx_word' id='word_1_737' title='bbox 2040 4107 2222 4176; x_wconf 84' lang='lat' dir='ltr'>gitare</span> <span class='ocrx_word' id='word_1_738' title='bbox 2254 4107 2634 4177; x_wconf 81' lang='lat' dir='ltr'>dignarentur</span> <span class='ocrx_word' id='word_1_739' title='bbox 2664 4105 2762 4176; x_wconf 86' lang='lat' dir='ltr'>qui</span> <span class='ocrx_word' id='word_1_740' title='bbox 2808 4105 2926 4174; x_wconf 63' lang='lat' dir='ltr'>haec</span> <span class='ocrx_word' id='word_1_741' title='bbox 2962 4106 3281 4160; x_wconf 85' lang='lat' dir='ltr'>movebant.</span> <span class='ocrx_word' id='word_1_742' title='bbox 3318 4108 3401 4161; x_wconf 90' lang='lat' dir='ltr'>Ab</span> <span class='ocrx_word' id='word_1_743' title='bbox 3434 4107 3545 4173; x_wconf 89' lang='lat' dir='ltr'>his,</span> <span class='ocrx_word' id='word_1_744' title='bbox 3580 4107 3669 4160; x_wconf 91' lang='lat' dir='ltr'>in-</span> 
     </span>
    </p>
   </div>
   <div class='ocr_carea' id='block_1_102' title="bbox 2041 4193 3672 4264">
    <p class='ocr_par' dir='ltr' id='par_1_102' title="bbox 2041 4193 3672 4264">
     <span class='ocr_line' id='line_1_103' title="bbox 2041 4193 3672 4264; baseline 0.001 -17"><span class='ocrx_word' id='word_1_745' title='bbox 2041 4193 2824 4264; x_wconf 84' lang='lat' dir='ltr'>quam,nonjudicabamur;</span> <span class='ocrx_word' id='word_1_746' title='bbox 2845 4194 3053 4264; x_wconf 86' lang='lat' dir='ltr'>etquid</span> <span class='ocrx_word' id='word_1_747' title='bbox 3081 4194 3672 4264; x_wconf 86' lang='lat' dir='ltr'>rlicojudicabamur?</span> 
     </span>
    </p>
   </div>
   <div class='ocr_carea' id='block_1_103' title="bbox 2043 4282 3676 4353">
    <p class='ocr_par' dir='ltr' id='par_1_103' title="bbox 2043 4282 3676 4353">
     <span class='ocr_line' id='line_1_104' title="bbox 2043 4282 3676 4353; baseline 0.001 -17"><span class='ocrx_word' id='word_1_748' title='bbox 2043 4300 2195 4336; x_wconf 91' lang='lat' dir='ltr'>nunc</span> <span class='ocrx_word' id='word_1_749' title='bbox 2228 4299 2457 4352; x_wconf 88' lang='lat' dir='ltr'>quoque</span> <span class='ocrx_word' id='word_1_750' title='bbox 2481 4283 2836 4350; x_wconf 86' lang='lat' dir='ltr'>judicamur.</span> <span class='ocrx_word' id='word_1_751' title='bbox 2873 4287 2985 4337; x_wconf 83' lang='lat' dir='ltr'>Vos</span> <span class='ocrx_word' id='word_1_752' title='bbox 3020 4282 3302 4353; x_wconf 85' lang='lat' dir='ltr'>alloquor,</span> <span class='ocrx_word' id='word_1_753' title='bbox 3339 4299 3370 4336; x_wconf 91' lang='grc' dir='ltr'>ο</span> <span class='ocrx_word' id='word_1_754' title='bbox 3401 4283 3676 4337; x_wconf 81' lang='lat' dir='ltr'>ecclesia-</span> 
     </span>
    </p>
   </div>
   <div class='ocr_carea' id='block_1_104' title="bbox 2043 4370 3672 4440">
    <p class='ocr_par' dir='ltr' id='par_1_104' title="bbox 2043 4370 3672 4440">
     <span class='ocr_line' id='line_1_105' title="bbox 2043 4370 3672 4440; baseline 0 -15"><span class='ocrx_word' id='word_1_755' title='bbox 2043 4371 2195 4436; x_wconf 87' lang='lat' dir='ltr'>stici,</span> <span class='ocrx_word' id='word_1_756' title='bbox 2228 4371 2325 4423; x_wconf 86' lang='lat' dir='ltr'>ubi</span> <span class='ocrx_word' id='word_1_757' title='bbox 2358 4375 2602 4435; x_wconf 85' lang='lat' dir='ltr'>stantes,</span> <span class='ocrx_word' id='word_1_758' title='bbox 2627 4375 2726 4424; x_wconf 87' lang='lat' dir='ltr'>aut</span> <span class='ocrx_word' id='word_1_759' title='bbox 2756 4387 2869 4440; x_wconf 86' lang='lat' dir='ltr'>quo</span> <span class='ocrx_word' id='word_1_760' title='bbox 2902 4370 3214 4440; x_wconf 79' lang='lat' dir='ltr'>progressi,</span> <span class='ocrx_word' id='word_1_761' title='bbox 3249 4374 3348 4423; x_wconf 86' lang='lat' dir='ltr'>aut</span> <span class='ocrx_word' id='word_1_762' title='bbox 3380 4371 3516 4440; x_wconf 81' lang='lat' dir='ltr'>quid</span> <span class='ocrx_word' id='word_1_763' title='bbox 3547 4388 3672 4425; x_wconf 89' lang='lat' dir='ltr'>om-</span> 
     </span>
    </p>
   </div>
   <div class='ocr_carea' id='block_1_105' title="bbox 2045 4458 3677 4526">
    <p class='ocr_par' dir='ltr' id='par_1_105' title="bbox 2045 4458 3677 4526">
     <span class='ocr_line' id='line_1_106' title="bbox 2045 4458 3677 4526; baseline 0.001 -13"><span class='ocrx_word' id='word_1_764' title='bbox 2045 4459 2180 4513; x_wconf 91' lang='lat' dir='ltr'>nino</span> <span class='ocrx_word' id='word_1_765' title='bbox 2212 4459 2268 4512; x_wconf 90' lang='lat' dir='ltr'>in</span> <span class='ocrx_word' id='word_1_766' title='bbox 2306 4476 2675 4514; x_wconf 85' lang='lat' dir='ltr'>communem</span> <span class='ocrx_word' id='word_1_767' title='bbox 2707 4459 3016 4512; x_wconf 89' lang='lat' dir='ltr'>utilitatem</span> <span class='ocrx_word' id='word_1_768' title='bbox 3067 4458 3324 4526; x_wconf 84' lang='lat' dir='ltr'>operati?</span> <span class='ocrx_word' id='word_1_769' title='bbox 3353 4459 3450 4512; x_wconf 82' lang='lat' dir='ltr'>sed</span> <span class='ocrx_word' id='word_1_770' title='bbox 3485 4464 3677 4514; x_wconf 84' lang='lat' dir='ltr'>vestra</span> 
     </span>
    </p>
   </div>
   <div class='ocr_carea' id='block_1_106' title="bbox 2044 4545 3678 4620">
    <p class='ocr_par' dir='ltr' id='par_1_106' title="bbox 2044 4545 3678 4620">
     <span class='ocr_line' id='line_1_107' title="bbox 2044 4545 3678 4620; baseline -0.001 -18"><span class='ocrx_word' id='word_1_771' title='bbox 2044 4549 2163 4602; x_wconf 73' lang='lat' dir='ltr'>hmo</span> <span class='ocrx_word' id='word_1_772' title='bbox 2195 4547 2365 4620; x_wconf 86' lang='lat' dir='ltr'>culpa</span> <span class='ocrx_word' id='word_1_773' title='bbox 2396 4566 2506 4602; x_wconf 82' lang='lat' dir='ltr'>non</span> <span class='ocrx_word' id='word_1_774' title='bbox 2532 4553 2639 4602; x_wconf 88' lang='lat' dir='ltr'>est.</span> <span class='ocrx_word' id='word_1_775' title='bbox 2668 4547 2752 4602; x_wconf 90' lang='lat' dir='ltr'>Illi</span> <span class='ocrx_word' id='word_1_776' title='bbox 2777 4551 2915 4600; x_wconf 90' lang='lat' dir='ltr'>sunt</span> <span class='ocrx_word' id='word_1_777' title='bbox 2946 4545 3398 4614; x_wconf 85' lang='lat' dir='ltr'>reprehendendi</span> <span class='ocrx_word' id='word_1_778' title='bbox 3431 4546 3527 4616; x_wconf 88' lang='lat' dir='ltr'>qui</span> <span class='ocrx_word' id='word_1_779' title='bbox 3565 4547 3678 4600; x_wconf 85' lang='lat' dir='ltr'>ista</span> 
     </span>
    </p>
   </div>
   <div class='ocr_carea' id='block_1_107' title="bbox 2045 4633 3678 4707">
    <p class='ocr_par' dir='ltr' id='par_1_107' title="bbox 2045 4633 3678 4707">
     <span class='ocr_line' id='line_1_108' title="bbox 2045 4633 3678 4707; baseline 0 -17"><span class='ocrx_word' id='word_1_780' title='bbox 2045 4642 2421 4707; x_wconf 87' lang='lat' dir='ltr'>acceperunt;</span> <span class='ocrx_word' id='word_1_781' title='bbox 2458 4652 2793 4706; x_wconf 87' lang='lat' dir='ltr'>quanquam</span> <span class='ocrx_word' id='word_1_782' title='bbox 2844 4640 2933 4688; x_wconf 90' lang='lat' dir='ltr'>est</span> <span class='ocrx_word' id='word_1_783' title='bbox 2979 4633 3134 4686; x_wconf 87' lang='lat' dir='ltr'>aliud</span> <span class='ocrx_word' id='word_1_784' title='bbox 3177 4635 3368 4704; x_wconf 87' lang='lat' dir='ltr'>majus</span> <span class='ocrx_word' id='word_1_785' title='bbox 3418 4636 3569 4704; x_wconf 89' lang='lat' dir='ltr'>quod</span> <span class='ocrx_word' id='word_1_786' title='bbox 3607 4637 3678 4690; x_wconf 89' lang='lat' dir='ltr'>iis</span> 
     </span>
    </p>
   </div>
   <div class='ocr_carea' id='block_1_108' title="bbox 2045 4721 3676 4794">
    <p class='ocr_par' dir='ltr' id='par_1_108' title="bbox 2045 4721 3676 4794">
     <span class='ocr_line' id='line_1_109' title="bbox 2045 4721 3676 4794; baseline 0 -16"><span class='ocrx_word' id='word_1_787' title='bbox 2045 4741 2512 4778; x_wconf 82' lang='lat' dir='ltr'>succenseamus.</span> <span class='ocrx_word' id='word_1_788' title='bbox 2542 4725 2661 4780; x_wconf 87' lang='lat' dir='ltr'>Non</span> <span class='ocrx_word' id='word_1_789' title='bbox 2705 4723 2858 4778; x_wconf 90' lang='lat' dir='ltr'>enim</span> <span class='ocrx_word' id='word_1_790' title='bbox 2893 4723 3173 4777; x_wconf 89' lang='lat' dir='ltr'>tolerasse</span> <span class='ocrx_word' id='word_1_791' title='bbox 3203 4721 3288 4777; x_wconf 91' lang='lat' dir='ltr'>vel</span> <span class='ocrx_word' id='word_1_792' title='bbox 3320 4723 3676 4794; x_wconf 83' lang='lat' dir='ltr'>approbasse</span> 
     </span>
    </p>
   </div>
   <div class='ocr_carea' id='block_1_109' title="bbox 2045 4809 3676 4881">
    <p class='ocr_par' dir='ltr' id='par_1_109' title="bbox 2045 4809 3676 4881">
     <span class='ocr_line' id='line_1_110' title="bbox 2045 4809 3676 4881; baseline 0.001 -17"><span class='ocrx_word' id='word_1_793' title='bbox 2045 4811 2297 4865; x_wconf 87' lang='lat' dir='ltr'>contenti</span> <span class='ocrx_word' id='word_1_794' title='bbox 2331 4811 2482 4880; x_wconf 89' lang='lat' dir='ltr'>quod</span> <span class='ocrx_word' id='word_1_795' title='bbox 2517 4810 2612 4862; x_wconf 87' lang='lat' dir='ltr'>alii</span> <span class='ocrx_word' id='word_1_796' title='bbox 2655 4811 2926 4878; x_wconf 82' lang='lat' dir='ltr'>agebant,</span> <span class='ocrx_word' id='word_1_797' title='bbox 2960 4809 3015 4862; x_wconf 91' lang='lat' dir='ltr'>in</span> <span class='ocrx_word' id='word_1_798' title='bbox 3051 4814 3270 4880; x_wconf 89' lang='lat' dir='ltr'>partem</span> <span class='ocrx_word' id='word_1_799' title='bbox 3306 4810 3415 4881; x_wconf 85' lang='lat' dir='ltr'>ipsi</span> <span class='ocrx_word' id='word_1_800' title='bbox 3449 4811 3676 4881; x_wconf 81' lang='lat' dir='ltr'>injuriae</span> 
     </span>
    </p>
   </div>
   <div class='ocr_carea' id='block_1_110' title="bbox 2045 4896 3682 4968">
    <p class='ocr_par' dir='ltr' id='par_1_110' title="bbox 2045 4896 3682 4968">
     <span class='ocr_line' id='line_1_111' title="bbox 2045 4896 3682 4968; baseline 0 -16"><span class='ocrx_word' id='word_1_801' title='bbox 2045 4901 2357 4963; x_wconf 89' lang='lat' dir='ltr'>venerunt;</span> <span class='ocrx_word' id='word_1_802' title='bbox 2389 4897 2498 4968; x_wconf 88' lang='lat' dir='ltr'>ipsi</span> <span class='ocrx_word' id='word_1_803' title='bbox 2524 4896 2580 4950; x_wconf 90' lang='lat' dir='ltr'>in</span> <span class='ocrx_word' id='word_1_804' title='bbox 2606 4913 2708 4951; x_wconf 89' lang='lat' dir='ltr'>nos</span> <span class='ocrx_word' id='word_1_805' title='bbox 2731 4897 2928 4951; x_wconf 76' lang='lat' dir='ltr'>infesti</span> <span class='ocrx_word' id='word_1_806' title='bbox 2956 4901 3217 4963; x_wconf 81' lang='lat' dir='ltr'>ruerunt,</span> <span class='ocrx_word' id='word_1_807' title='bbox 3244 4897 3502 4968; x_wconf 89' lang='lat' dir='ltr'>ipsorum</span> <span class='ocrx_word' id='word_1_808' title='bbox 3526 4899 3682 4954; x_wconf 83' lang='lat' dir='ltr'>auxi-</span> 
     </span>
    </p>
   </div>
   <div class='ocr_carea' id='block_1_111' title="bbox 2048 4985 3677 5055">
    <p class='ocr_par' dir='ltr' id='par_1_111' title="bbox 2048 4985 3677 5055">
     <span class='ocr_line' id='line_1_112' title="bbox 2048 4985 3677 5055; baseline 0.003 -18"><span class='ocrx_word' id='word_1_809' title='bbox 2048 4986 2250 5040; x_wconf 86' lang='lat' dir='ltr'>liarem</span> <span class='ocrx_word' id='word_1_810' title='bbox 2300 5001 2529 5055; x_wconf 88' lang='lat' dir='ltr'>cperam</span> <span class='ocrx_word' id='word_1_811' title='bbox 2583 4985 2800 5039; x_wconf 91' lang='lat' dir='ltr'>nostris</span> <span class='ocrx_word' id='word_1_812' title='bbox 2847 4987 3292 5054; x_wconf 80' lang='lat' dir='ltr'>oppressoribue</span> <span class='ocrx_word' id='word_1_813' title='bbox 3343 4988 3677 5042; x_wconf 89' lang='lat' dir='ltr'>navantium</span> 
     </span>
    </p>
   </div>
   <div class='ocr_carea' id='block_1_112' title="bbox 2049 5073 3680 5147">
    <p class='ocr_par' dir='ltr' id='par_1_112' title="bbox 2049 5073 3680 5147">
     <span class='ocr_line' id='line_1_113' title="bbox 2049 5073 3680 5147; baseline 0.001 -17"><span class='ocrx_word' id='word_1_814' title='bbox 2049 5074 2268 5147; x_wconf 85' lang='lat' dir='ltr'>experti</span> <span class='ocrx_word' id='word_1_815' title='bbox 2291 5074 2405 5127; x_wconf 85' lang='lat' dir='ltr'>vim</span> <span class='ocrx_word' id='word_1_816' title='bbox 2430 5091 2657 5127; x_wconf 92' lang='lat' dir='ltr'>sumus.</span> <span class='ocrx_word' id='word_1_817' title='bbox 2681 5074 2789 5128; x_wconf 88' lang='lat' dir='ltr'>Sed</span> <span class='ocrx_word' id='word_1_818' title='bbox 2816 5073 3186 5144; x_wconf 90' lang='lat' dir='ltr'>querelarum</span> <span class='ocrx_word' id='word_1_819' title='bbox 3211 5076 3373 5130; x_wconf 88' lang='lat' dir='ltr'>satis.</span> <span class='ocrx_word' id='word_1_820' title='bbox 3402 5077 3463 5130; x_wconf 94' lang='lat' dir='ltr'>Id</span> <span class='ocrx_word' id='word_1_821' title='bbox 3489 5077 3680 5147; x_wconf 90' lang='lat' dir='ltr'>potius</span> 
     </span>
    </p>
   </div>
   <div class='ocr_carea' id='block_1_113' title="bbox 2050 5162 3681 5236">
    <p class='ocr_par' dir='ltr' id='par_1_113' title="bbox 2050 5162 3681 5236">
     <span class='ocr_line' id='line_1_114' title="bbox 2050 5162 3681 5236; baseline 0 -17"><span class='ocrx_word' id='word_1_822' title='bbox 2050 5165 2199 5236; x_wconf 90' lang='lat' dir='ltr'>quod</span> <span class='ocrx_word' id='word_1_823' title='bbox 2233 5163 2600 5234; x_wconf 80' lang='lat' dir='ltr'>suscepimus</span> <span class='ocrx_word' id='word_1_824' title='bbox 2631 5178 2914 5232; x_wconf 87' lang='lat' dir='ltr'>agamus:</span> <span class='ocrx_word' id='word_1_825' title='bbox 2949 5178 3080 5215; x_wconf 89' lang='lat' dir='ltr'>nam</span> <span class='ocrx_word' id='word_1_826' title='bbox 3115 5162 3194 5216; x_wconf 92' lang='lat' dir='ltr'>rei</span> <span class='ocrx_word' id='word_1_827' title='bbox 3229 5180 3382 5217; x_wconf 73' lang='lat' dir='ltr'>novae</span> <span class='ocrx_word' id='word_1_828' title='bbox 3416 5164 3681 5234; x_wconf 89' lang='lat' dir='ltr'>inopina-</span> 
     </span>
    </p>
   </div>
   <div class='ocr_carea' id='block_1_114' title="bbox 2048 5248 3682 5322">
    <p class='ocr_par' dir='ltr' id='par_1_114' title="bbox 2048 5248 3682 5322">
     <span class='ocr_line' id='line_1_115' title="bbox 2048 5248 3682 5322; baseline 0 -15"><span class='ocrx_word' id='word_1_829' title='bbox 2048 5257 2234 5322; x_wconf 78' lang='lat' dir='ltr'>taeque</span> <span class='ocrx_word' id='word_1_830' title='bbox 2284 5251 2592 5305; x_wconf 68' lang='lat' dir='ltr'>referenda)</span> <span class='ocrx_word' id='word_1_831' title='bbox 2627 5250 2730 5303; x_wconf 89' lang='lat' dir='ltr'>hoc</span> <span class='ocrx_word' id='word_1_832' title='bbox 2763 5254 2993 5319; x_wconf 89' lang='lat' dir='ltr'>tempus</span> <span class='ocrx_word' id='word_1_833' title='bbox 3040 5248 3340 5319; x_wconf 84' lang='lat' dir='ltr'>elegimus.</span> <span class='ocrx_word' id='word_1_834' title='bbox 3375 5252 3509 5306; x_wconf 89' lang='lat' dir='ltr'>Dies</span> <span class='ocrx_word' id='word_1_835' title='bbox 3558 5257 3682 5308; x_wconf 87' lang='lat' dir='ltr'>erat</span> 
     </span>
    </p>
   </div>
   <div class='ocr_carea' id='block_1_115' title="bbox 2048 5337 3680 5407">
    <p class='ocr_par' dir='ltr' id='par_1_115' title="bbox 2048 5337 3680 5407">
     <span class='ocr_line' id='line_1_116' title="bbox 2048 5337 3680 5407; baseline -0.001 -11"><span class='ocrx_word' id='word_1_836' title='bbox 2048 5339 2423 5396; x_wconf 87' lang='lat' dir='ltr'>ecclesiastici</span> <span class='ocrx_word' id='word_1_837' title='bbox 2457 5344 2775 5392; x_wconf 86' lang='lat' dir='ltr'>conventus</span> <span class='ocrx_word' id='word_1_838' title='bbox 2807 5338 2864 5391; x_wconf 94' lang='lat' dir='ltr'>in</span> <span class='ocrx_word' id='word_1_839' title='bbox 2900 5353 3064 5392; x_wconf 90' lang='lat' dir='ltr'>sacro</span> <span class='ocrx_word' id='word_1_840' title='bbox 3094 5337 3326 5407; x_wconf 88' lang='lat' dir='ltr'>palatio.</span> <span class='ocrx_word' id='word_1_841' title='bbox 3355 5341 3413 5392; x_wconf 92' lang='lat' dir='ltr'>In</span> <span class='ocrx_word' id='word_1_842' title='bbox 3448 5356 3680 5394; x_wconf 91' lang='lat' dir='ltr'>sacrum</span> 
     </span>
    </p>
   </div>
   <div class='ocr_carea' id='block_1_116' title="bbox 2048 5426 3679 5494">
    <p class='ocr_par' dir='ltr' id='par_1_116' title="bbox 2048 5426 3679 5494">
     <span class='ocr_line' id='line_1_117' title="bbox 2048 5426 3679 5494; baseline -0.001 -10"><span class='ocrx_word' id='word_1_843' title='bbox 2048 5447 2179 5484; x_wconf 90' lang='lat' dir='ltr'>eum</span> <span class='ocrx_word' id='word_1_844' title='bbox 2208 5433 2417 5481; x_wconf 85' lang='lat' dir='ltr'>coctum</span> <span class='ocrx_word' id='word_1_845' title='bbox 2450 5426 2756 5481; x_wconf 78' lang='lat' dir='ltr'>collectum</span> <span class='ocrx_word' id='word_1_846' title='bbox 2790 5428 2978 5480; x_wconf 87' lang='lat' dir='ltr'>fuerat</span> <span class='ocrx_word' id='word_1_847' title='bbox 3003 5429 3285 5494; x_wconf 86' lang='lat' dir='ltr'>quantum</span> <span class='ocrx_word' id='word_1_848' title='bbox 3321 5431 3443 5480; x_wconf 87' lang='lat' dir='ltr'>erat</span> <span class='ocrx_word' id='word_1_849' title='bbox 3465 5431 3589 5482; x_wconf 91' lang='lat' dir='ltr'>tum</span> <span class='ocrx_word' id='word_1_850' title='bbox 3623 5429 3679 5482; x_wconf 90' lang='lat' dir='ltr'>in</span> 
     </span>
    </p>
   </div>
   <div class='ocr_carea' id='block_1_117' title="bbox 2050 5513 3683 5585">
    <p class='ocr_par' dir='ltr' id='par_1_117' title="bbox 2050 5513 3683 5585">
     <span class='ocr_line' id='line_1_118' title="bbox 2050 5513 3683 5585; baseline -0.001 -14"><span class='ocrx_word' id='word_1_851' title='bbox 2050 5519 2192 5572; x_wconf 88' lang='lat' dir='ltr'>urbe</span> <span class='ocrx_word' id='word_1_852' title='bbox 2215 5517 2576 5570; x_wconf 88' lang='lat' dir='ltr'>sacerdotum</span> <span class='ocrx_word' id='word_1_853' title='bbox 2599 5520 2653 5569; x_wconf 89' lang='lat' dir='ltr'>et</span> <span class='ocrx_word' id='word_1_854' title='bbox 2678 5515 3115 5570; x_wconf 86' lang='lat' dir='ltr'>monachorum.</span> <span class='ocrx_word' id='word_1_855' title='bbox 3142 5513 3350 5568; x_wconf 83' lang='lat' dir='ltr'>Aderat</span> <span class='ocrx_word' id='word_1_856' title='bbox 3367 5520 3422 5569; x_wconf 87' lang='lat' dir='ltr'>et</span> <span class='ocrx_word' id='word_1_857' title='bbox 3444 5517 3683 5585; x_wconf 83' lang='lat' dir='ltr'>patriar-</span> 
     </span>
    </p>
   </div>
   <div class='ocr_carea' id='block_1_118' title="bbox 2051 5600 3683 5675">
    <p class='ocr_par' dir='ltr' id='par_1_118' title="bbox 2051 5600 3683 5675">
     <span class='ocr_line' id='line_1_119' title="bbox 2051 5600 3683 5675; baseline -0.002 -13"><span class='ocrx_word' id='word_1_858' title='bbox 2051 5607 2160 5662; x_wconf 91' lang='lat' dir='ltr'>cha</span> <span class='ocrx_word' id='word_1_859' title='bbox 2211 5621 2342 5658; x_wconf 89' lang='lat' dir='ltr'>cum</span> <span class='ocrx_word' id='word_1_860' title='bbox 2398 5604 2669 5658; x_wconf 89' lang='lat' dir='ltr'>universa</span> <span class='ocrx_word' id='word_1_861' title='bbox 2726 5603 2967 5674; x_wconf 81' lang='lat' dir='ltr'>synodo.</span> <span class='ocrx_word' id='word_1_862' title='bbox 3022 5600 3458 5658; x_wconf 87' lang='lat' dir='ltr'>Deliberationis</span> <span class='ocrx_word' id='word_1_863' title='bbox 3511 5621 3683 5675; x_wconf 84' lang='lat' dir='ltr'>argu-</span> 
     </span>
    </p>
   </div>
  </div>
