4130 6270
479 289 588 345 847

1766 286 2067 345 GEORGII
2101 290 2291 345 PACH
2300 289 2565 344 YMERE

3761 284 3866 339 848

478 410 569 465 καὶ
604 413 872 483 μοναχοῖς
899 405 1209 480 πάνδημος.
1237 412 1421 482 Παρῆν
1453 405 1508 462 δὲ
1527 408 1615 462 καὶ
1639 409 1986 483 πατριάρχης
2018 404 2107 462 καὶ
2139 415 2192 478 Α
2222 407 2493 482 ῥησίαζενο
2540 410 2574 478 ἡ
2631 406 2676 462 δ’
2737 408 2830 478 ἦν,
2889 407 2962 469 ὡς
3023 405 3221 461 ἐκεῖνον
3277 404 3477 479 λέγειν,
3526 407 3560 474 ἡ
3612 405 3746 479 πρὸς
3776 405 3863 459 τὸν

483 500 661 553 ἅπασα
692 495 936 559 σύνοδος.
964 498 1025 553 ἹΙ
1049 494 1106 551 δὲ
1128 498 1312 569 σκέψις
1339 497 1460 570 περὶ
1491 504 1591 565 τῆς
1619 498 1945 569 κινουμένης
1972 498 2121 570 εἷ’ρη‹

482 607 579 656 νης
619 584 850 654 ἐκείνης.
902 585 1040 642 Τότε
1067 590 1194 660 γοῦν
1241 586 1625 652 καθεσθέντων,
1680 584 2018 656 τιμηθέντων
2079 583 2123 638 δ’

485 671 571 727 ἐπὶ
603 669 835 745 καθέδρᾳ
862 670 952 725 καί
982 672 1182 748 ἀμφοῖν
1209 670 1424 724 τούτοιν
1471 672 1545 731 ὡς
1603 669 2121 744 συναγωνιζομένων

483 765 564 833 τῷ
615 759 849 834 βασιλεῖ,
906 764 1003 813 τοῦ
1049 780 1107 813 τε
1155 757 1544 834 ἀρχιδιακόνου
1575 758 1987 828 Μελιτηνιώτου
2035 760 2121 813 καὶ

483 854 580 904 τοῦ
609 847 1173 923 πρωταποστολαρίου
1232 847 1499 922 Κυπρίου.
1555 850 1581 901 ὁ
1641 846 1823 921 ῥήτωρ
1879 843 2126 903 Ὀλὸϐω-

488 937 586 1001 λος
609 936 824 1007 ’ίστατο,
858 934 1180 1011 προσδοκῶν
1212 937 1309 1003 τὴν
1343 936 1448 989 ἀπὸ
1492 935 1761 1008 βασιλέως
1792 935 2127 1009 ἐκχώρησιν.

485 1028 574 1087 Ὠς
608 1023 653 1079 δ’
712 1026 821 1098 οὐχ
869 1023 1094 1099 ὡρίζετο
1125 1024 1211 1077 ἐπὶ
1246 1021 1509 1098 καθέδρας
1559 1027 1648 1077 καὶ
1706 1023 1864 1077 αὐτὸν
1896 1021 2126 1091 ἕζεσθαι,

490 1113 717 1185 ἐξελθὼν
768 1115 1026 1181 καθῆστο.
1078 1112 1227 1167 Ἐπεὶ
1262 1110 1317 1165 δὲ
1369 1110 1549 1186 λόγων
1598 1113 1928 1183 κινουμένων
1982 1114 2070 1165 καὶ
2102 1113 2129 1164 ὁ

493 1203 676 1279 ῥήτωρ
711 1201 952 1270 ἐζητεῖτο
984 1200 1072 1254 καὶ
1123 1203 1398 1274 χρήσιμος
1429 1198 1600 1253 ἐδόκει
1636 1202 1716 1273 [Ρ.
1748 1203 1875 1272 267]
1992 1220 2127 1272 παρ-

490 1289 647 1345 ουσία
703 1288 947 1357 ἐκείνου,
1006 1288 1321 1357 ἀνεζητεῖτό
1380 1288 1469 1341 καὶ
1524 1290 1843 1361 παρίστατο,
1898 1288 1958 1342 οὐ
2022 1291 2128 1360 μὴν

491 1376 547 1433 δὲ
601 1377 737 1431 ὥστε
798 1374 973 1430 δοκεῖν
1032 1375 1261 1447 εὐμενὴς
1293 1377 1359 1430 τὰ
1410 1376 1550 1451 πρὸς
1593 1376 1821 1451 βασιλέα
1851 1373 1939 1429 διὰ
1966 1377 2027 1430 τὸ
2060 1378 2131 1438 ὡς

490 1463 649 1534 δῆθεν
681 1472 780 1534 τῆς
828 1463 1049 1536 ἀτιμίας
1100 1462 1310 1533 ἐκείνης
1361 1463 1613 1538 ὑπόγυον.
1665 1466 1818 1518 Ὅθεν
1858 1463 1946 1517 καὶ
1997 1462 2131 1537 ἐρω-

482 1555 729 1626 τώμενος
779 1552 879 1607 οὐκ
923 1554 1265 1623 ἀπεκρίνετο,
1324 1553 1416 1605 καὶ
1466 1552 1829 1624 ἐλπιζόμενος
1874 1552 1943 1605 τὰ
1994 1553 2128 1623 πρὸς

490 1642 650 1718 χάριν
680 1640 881 1716 λέγειν,
912 1641 1120 1702 ἐκεῖνος
1162 1638 1495 1711 παλινῳδίαν
1552 1642 1665 1693 οἷον
1716 1641 1851 1714 πρὸς
1882 1642 1949 1694 τά
1997 1642 2130 1714 πρό-

1891 1733 1914 1743 ς·
1966 1726 2025 1745 ἣν

484 1750 639 1802 τερον
691 1728 1086 1801 ποιησάμενος,
1141 1729 1238 1794 τὴν
1300 1727 1529 1781 ἐναντίαν
1584 1733 1664 1799 τῷ
1699 1729 1914 1802 βασιλεῖ
1962 1727 2132 1796 δῆλος

593 1816 827 1893 βαδίζων
862 1791 934 1877 ὡς
980 1817 1055 1888 μή
1091 1816 1436 1878 συνοίσοντος
1478 1791 1723 1888 οὐδαμοῖ)
1772 1820 1867 1870 τοῦ
1912 1815 1986 1878 είς
2034 1818 2128 1886 ζή-
2164 1791 2210 1855 Β

486 1928 642 1977 τησιν
675 1905 1061 1981 προκειμένου.
1096 1904 1198 1959 Καὶ
1234 1903 1385 1965 εὐθὺς
1438 1901 1644 1978 αἶ’ρεται
1709 1904 1799 1975 μὲν
1852 1909 1932 1975 τῷ
1977 1906 2130 1977 βασι-

488 1994 574 2050 λεῖ
631 1996 658 2048 ὁ
694 1994 888 2065 θυμὸς,
940 1994 1029 2045 καὶ
1064 1992 1165 2065 βοῆ
1199 1993 1289 2059 ἦν,
1320 1992 1408 2045 καὶ
1441 1993 1514 2053 ὡς
1547 1989 1772 2053 δύσνους
1803 1992 1998 2045 ἀείκαὶ
2054 1993 2131 2062 τῷ

490 2084 801 2158 φρονήματι
835 2079 1318 2153 ἀλλοπρόσαλλος,
1348 2079 1436 2133 καὶ
1478 2080 1558 2133 ὅτι
1592 2081 1652 2132 ού
1684 2086 1807 2153 παρ’
1838 2078 2011 2149 ἄλλην
2048 2080 2135 2132 αἶ’-

491 2172 603 2225 τίαν
628 2168 755 2225 ἀλλ’
776 2169 907 2223 αὐτὸ
931 2173 1092 2223 τοῦτο
1111 2169 1173 2222 τὸ
1196 2168 1275 2221 ἀεὶ
1302 2166 1539 2221 δυσνοεῖν
1563 2168 1653 2221 καὶ
1674 2168 1735 2222 τὸ
1757 2168 1843 2221 ἐπὶ
1864 2176 1963 2235 τῆς
1988 2168 2132 2242 ῥινὸς

490 2260 775 2328 πέπονθεν,
834 2257 1214 2328 αἷνιττομένης
1257 2262 1359 2323 τῆς
1417 2262 1614 2324 ποινῆς
1659 2254 1918 2319 ἐντεῦθεν.
1962 2258 2023 2311 Ὁ
2077 2255 2134 2310 δὲ

491 2349 706 2422 ἀκράτῳ
760 2347 917 2409 πάθει
978 2343 1300 2422 φιλοτιμίας
1359 2345 1449 2398 καὶ
1501 2341 1626 2417 δόξῃ
1680 2346 2133 2418 καταφρονήσεως

492 2438 661 2510 θυμὸν
693 2433 915 2508 ἄκαιρον
979 2433 1132 2506 μίξας
1184 2433 1283 2501 τὴν
1342 2438 1443 2501 τῆς
1490 2438 1686 2501 ποινῆς
1740 2431 1913 2486 αἰτίαν
1965 2431 2132 2507 έπαρ-

488 2657 753 2708 mentum
783 2652 907 2704 erat
950 2646 1335 2718 propositum,
1368 2663 1480 2717 pax
1508 2647 1897 2703 Ecclesiarum
1927 2648 2025 2704 illa
2056 2650 2125 2703 de

487 2757 607 2811 qua
636 2738 912 2794 instituta
956 2735 1224 2791 tractatio
1273 2736 1476 2790 luerat.
1509 2735 1959 2791 Considentibus
2003 2739 2124 2807 jam

488 2828 737 2893 cunctis,
769 2830 825 2880 et
868 2824 1121 2895 dignatis
1178 2823 1396 2878 honore
1442 2823 1730 2879 cathedrae
1778 2842 1811 2878 a
1855 2825 2123 2894 praesenti

485 2920 748 2989 Augusto
780 2914 1011 2969 duobus
1040 2913 1181 2978 illis,
1210 2913 1419 2983 quibus
1450 2914 1521 2968 ad
1552 2914 1611 2967 id
1640 2914 1933 2983 negotium
1962 2915 2125 2984 adju-

488 3006 716 3061 toribus
746 3002 881 3057 fidis
914 3002 1211 3071 utebatur,
1244 3001 1653 3055 archidiacono
1683 3000 2037 3055 Meliteniota
2069 3008 2126 3056 et

2233 493 2400 549 παῖδα
2456 495 2710 565 Ἰωάννην
2767 496 2857 549 καὶ
2910 490 3131 568 βασιλέα
3163 489 3362 563 εὔνοια,
3417 492 3517 547 Καὶ
3578 493 3605 546 ὁ
3656 493 3747 565 μὲν
3799 493 3865 546 εἶ-

2232 605 2350 652 πεν,
2384 585 2434 637 o't
2467 582 2524 637 δὲ
2554 584 2675 651 περί
2702 585 2791 638 τὸν
2854 582 3074 655 βασιλέα
3123 582 3196 644 ὡς
3244 578 3399 648 δῆθεν
3435 580 3741 642 εὐνοοῦντες
3790 580 3863 641 εἷς

2234 672 2392 747 χάριν
2453 672 2623 735 ἄλλος
2681 671 2912 727 ἄλλοθέν
2969 671 3128 733 πόθεν
3185 667 3585 739 ἐκπηδήσαντες
3641 668 3864 739 διασπᾷν

2236 761 2458 835 ὥρμων.
2521 760 2673 817 Ἀλλ’
2725 761 2751 813 ὁ
2786 757 3037 834 βασιλεὺς
3068 759 3139 819 ὡς
3173 756 3329 826 δῆθεν
3364 757 3865 833 φιλανθρωπευόμε-

2234 870 2325 910 νος
2376 848 2659 915 διεκώλυε,
2711 849 2897 919 καιρὸν
2945 846 3018 908 εἷς
3070 844 3342 914 ἐκδίκησιν
3382 844 3509 911 θεὶς,
3562 846 3633 905 ὡς
3681 841 3869 916 ἔδειξεν

2236 937 2474 1013 ὕστερονσ
2507 939 2567 993 Ὀ
2603 938 2696 1009 μέν
2744 934 2836 989 οὖν
2870 937 3053 1010 ῥητωρ
3083 936 3180 1002 τὴν
3210 938 3308 986 τοῦ
3337 937 3662 1002 κρατοῦντος
3696 932 3856 1006 ὀργὴν

2237 1025 2551 1079 ὑποπτεύων
2577 1030 2643 1098 τῇ
2692 1023 2954 1093 ἐκκλησίᾳ
2998 1023 3347 1096 προστρέχει,
3407 1022 3495 1074 καὶ
3526 1024 3649 1095 παρ’
3703 1021 3866 1089 αὐτῆς

2234 1114 2434 1183 ἤλπιζε
2492 1115 2788 1181 σώζεσθαι.
2847 1113 2906 1167 Ὁ
2964 1109 3018 1165 δὲ
3080 1105 3260 1164 λαϐὼν
3314 1108 3511 1172 ἐκεῖθεν
3570 1109 3864 1183 περιορίζει

2240 1204 2316 1263 εἷς
2371 1202 2636 1267 Νίκαιαν,
2703 1201 2778 1261 ὡς
2839 1200 2916 1253 ἐπ’
2980 1198 3225 1271 εὐμενείᾳ
3284 1196 3441 1266 δῆθεν
3489 1197 3564 1258 εἰς
3618 1200 3717 1265 τὴν
3775 1203 3871 1251 τοῦ

2235 1290 2510 1353 Ὑακίνθου
2564 1286 2915 1343 ἀποστέλλων
2979 1289 3149 1358 μονήν
3186 1328 3197 1339 .
3252 1283 3415 1339 Οὔπω
3475 1284 3673 1359 χρόνος
3732 1288 3876 1340 τετέ-

2236 1380 2420 1433 λεσται
2456 1421 2468 1444 ,
2518 1378 2612 1431 καὶ
2670 1377 2999 1447 κινουμένων
3059 1374 3181 1428 τότε
3226 1377 3331 1427 τῶν
3390 1372 3695 1446 ἡμετέρων,
3759 1372 3873 1427 ἐπεὶ

2234 1469 2480 1521 κάκεῖνον
2536 1464 2703 1534 ἤκουε
2756 1470 2862 1518 τῶν
2925 1460 3265 1535 δεδογμένων
3324 1460 3668 1531 ἀποστατεῖν,
3724 1459 3871 1530 δεξά-

2242 1575 2396 1627 μενος
2450 1554 2537 1608 καὶ
2595 1552 2917 1626 κατηγορίας
2964 1552 3037 1623 μή
3100 1549 3475 1624 προσηκούσας
3530 1549 3712 1620 ἐκείνῳ
3746 1547 3877 1620 μηδ’

2241 1645 2514 1711 ὁπωσοῦν,
2573 1641 2803 1697 ἄλλοθεν
2860 1640 3046 1713 καιρὸν
3099 1637 3325 1710 νομίσας
3378 1638 3619 1691 κάκεῖνον
3673 1637 3764 1708 μὶν
3792 1658 3873 1690 τι-

2245 1732 2692 1805 μωρῆσαι,ἡμᾶς
2726 1726 2781 1782 δὲ
2816 1726 3117 1797 δεδίξασθαι
3170 1727 3369 1780 ἐκεῖνον
3418 1727 3547 1780 εἶναι
3604 1725 3696 1779 τὸν
3744 1724 3875 1800 πρέ-

2242 1841 2433 1888 ποντα,
2490 1816 2703 1890 πέμπον
2761 1818 2862 1871 ὑπὸ
2906 1814 3126 1888 δεσμοῖς
3185 1813 3320 1888 ἄγει,
3381 1816 3469 1869 καὶ
3528 1818 3743 1888 πρῶτον
3781 1815 3873 1885 μὲν

2240 1908 2461 1977 ἀπηνῶς
2542 1907 2863 1979 προστάσσει
2943 1905 3032 1958 καὶ
3117 1903 3490 1978 ἀπανθρώπως
3559 1902 3873 1970 αἰκίζεσθαι,

2241 1991 2424 2049 ἔπειτα
2483 1993 2537 2047 δὲ
2566 1996 2654 2048 τὸν
2714 1994 2895 2047 καινὸν
2938 1993 3135 2046 ἐκεῖνον
3179 1986 3442 2064 θρίαμϐον
3499 1991 3874 2063 ἀπεργάζεται,

2244 2083 2458 2157 Γχοίνῳ
2509 2085 2606 2155 γαρ
2672 2087 2849 2155 μακρᾷ
2906 2086 3014 2135 τῶν
3044 2078 3341 2152 τραχήλων
3370 2077 3627 2139 κελεύσας
3657 2076 3879 2145 ἐκδῆσαι

2240 2171 2442 2225 ἐκεῖνόν
2470 2192 2527 2224 τε
2552 2175 2773 2244 πρῶτον
2826 2170 2914 2223 καὶ
2944 2167 3034 2222 τὸν
3085 2168 3316 2236 Ἰασίτην
3375 2164 3578 2221 Μελίαν
3633 2163 3876 2239 δεύτερον

2239 2260 2329 2313 καὶ
2364 2260 2484 2327 ἑξῆς
2514 2256 2706 2324 ἄλλον,
2745 2253 2847 2319 ἕως
2897 2257 2985 2310 καὶ
3034 2255 3085 2317 ές
3145 2253 3272 2308 δέκα
3327 2258 3421 2307 τοῦ
3478 2253 3714 2325 ἀριθμοῦ
3769 2257 3877 2305 τῶν

2240 2345 2447 2421 ἀνδρῶν
2509 2346 2894 2411 ποσωθέντος,
2956 2344 3177 2397 ὕστατον
3249 2339 3306 2395 δὲ
3359 2342 3448 2395 καὶ
3508 2343 3606 2409 τήν
3672 2340 3876 2394 ἐκείνου

2240 2432 2455 2506 ἀνεψιὰν
2513 2433 2586 2493 εἷς
2640 2434 2740 2501 τῆν
2792 2435 2898 2486 τῶν
2947 2434 3182 2505 μαγειῶν
3243 2427 3400 2498 δῆθεν
3450 2426 3695 2498 ἔνδειξιν,
3751 2427 3877 2488 τοὺς

2230 2646 2544 2702 volentiam
2587 2647 2837 2702 debitam
2883 2650 3199 2718 praestaret.
3235 2646 3359 2699 Hac
3403 2660 3536 2699 eum
3577 2643 3862 2710 locutum,

2232 2736 2332 2805 qui
2355 2736 2508 2791 circa
2536 2735 2947 2806 imperatorem
2971 2740 3154 2803 erant,
3176 2733 3271 2788 alii
3298 2732 3533 2787 aliunde
3558 2747 3869 2801 erumpen-

2232 2830 2339 2891 tes,
2365 2826 2517 2893 quod
2551 2824 2635 2878 sic
2664 2825 2713 2878 ei
2762 2823 3077 2893 gratiﬁcari
3126 2839 3188 2877 se
3228 2826 3513 2892 putarent,
3548 2820 3715 2889 quasi
3743 2818 3867 2872 dis-

2233 2913 2484 2982 cerpturi
2518 2912 2824 2982 petierunt.
2858 2911 3073 2966 Verum
3117 2927 3214 2964 eos
3258 2911 3569 2980 imperator
3598 2908 3869 2962 affectata

2233 3000 2647 3054 moderationis
2670 2999 2860 3070 specie
2892 2998 3211 3069 prohibuit,
3235 3013 3465 3067 poenam
3500 3013 3612 3050 non
3648 2996 3864 3050 condo-

487 3090 1007 3165 protoapostolario
1051 3089 1255 3159 Cyprio
1274 3128 1288 3153 ,
1323 3087 1519 3142 rhetor
1566 3087 1883 3142 Holobolus
1931 3091 2122 3144 stabat
2153 3080 2194 3144 C
2234 3105 2401 3151 nans,
2426 3088 2524 3141 sed
2548 3088 2605 3140 in
2631 3088 2781 3141 aliud
2808 3094 3038 3155 tempus
3061 3086 3354 3149 differens,
3378 3091 3442 3137 ut
3466 3089 3665 3153 postea
3686 3100 3865 3154 appa-

484 3184 824 3251 exspectans
848 3183 912 3232 ut
935 3176 1247 3246 imperator
1269 3176 1462 3245 ipsum
1489 3176 1967 3246 quoquejuberet
1987 3178 2129 3231 assi-

486 3271 653 3335 dere;
687 3266 788 3322 sed
822 3280 953 3319 cum
978 3264 1034 3317 id
1058 3263 1157 3317 diu
1184 3262 1401 3317 frustra
1421 3268 1837 3334 exspectasset,
1862 3265 2056 3318 exiens
2080 3266 2129 3320 is

488 3357 547 3411 in
590 3354 851 3425 proximo
900 3350 1185 3406 consedit.
1219 3350 1627 3420 Disputatione
1678 3367 1808 3404 mox
1857 3352 2130 3407 inchoata

488 3441 808 3514 requisitus
838 3445 928 3495 est
958 3439 1175 3507 rhetor,
1202 3439 1373 3508 cujus
1403 3455 1578 3507 Opera
1609 3440 1909 3508 praesentis
1940 3442 2127 3509 profu-

486 3537 619 3586 tura
647 3530 799 3585 393
832 3528 1153 3583 videbatur.
1195 3526 1296 3581 Ille
1337 3527 1558 3581 accitus
1600 3528 1848 3597 adstitit,
1881 3531 1983 3583 sed
2016 3531 2123 3583 im-

485 3620 700 3690 placito
750 3618 809 3671 in
856 3616 1177 3687 principem
1237 3614 1455 3681 animo,
1489 3632 1521 3669 a
1579 3632 1692 3685 quo
1741 3633 1803 3671 se
1861 3622 2121 3687 spretum

484 3708 705 3763 omissa
734 3703 1024 3760 delatione
1069 3702 1349 3758 sessionis
1400 3703 1636 3774 penitus
1684 3704 2119 3775 indignabatur.

479 3797 627 3867 Ergo
652 3794 1045 3864 interrogatus
1078 3791 1263 3863 primo
1296 3802 1500 3862 printer
1550 3791 1882 3861 opinionem
1932 3793 2115 3847 siluit.

482 3884 732 3956 Urgente
778 3898 911 3937 vero
958 3880 1454 3951 imperatore,qui
1503 3896 1636 3934 eum
1688 3881 2031 3952 conﬁdebat,
2061 3884 2119 3936 in

482 3990 676 4039 suam,
694 3976 758 4027 ut
776 3975 964 4035 antea,
991 3969 1341 4025 sententiam
1365 3969 1721 4035 locuturum,
1746 3968 1842 4023 ille
1863 3985 1976 4023 non
2002 3970 2119 4024 dis-

483 4061 767 4118 simulans
807 4058 1085 4130 pcenitere
1116 4072 1176 4111 se
1218 4057 1379 4127 prius
1411 4062 1694 4121 actorum,
1718 4062 1774 4110 et
1802 4059 2119 4114 contrarias

482 4147 820 4221 imperatori
840 4150 1034 4218 partes
1048 4145 1323 4214 deinceps
1338 4150 1673 4199 secuturum
1696 4161 1808 4215 pra:
1831 4162 1892 4199 se
1906 4147 2117 4215 ferens,

482 4236 661 4292 libere
675 4236 987 4291 affirmavit
1003 4236 1302 4303 negotium
1319 4233 1472 4301 quod
1493 4232 2118 4302 proponebaturhaud-

481 4341 776 4396 quaquam
795 4324 916 4378 fore
934 4321 1075 4376 utile
1093 4319 1292 4375 videri.
1317 4319 1626 4374 Perculsus
1646 4320 2115 4390 inopinatissimo

2236 3178 2368 3230 ruit.
2418 3176 2631 3229 Rhetor
2679 3181 2872 3229 autem
2923 3175 3068 3227 iram
3120 3172 3490 3243 imperatoris
3537 3172 3759 3226 veritus
3793 3172 3863 3225 ad

2232 3264 2534 3317 ecclesiam
2567 3264 2842 3331 confugit,
2876 3279 3040 3316 sacro
3072 3278 3132 3317 se
3164 3262 3321 3333 asylo
3343 3263 3412 3316 ad
3436 3261 3683 3315 salutem
3720 3277 3865 3314 usu-

2232 3369 2361 3406 rum
2391 3369 2652 3423 sperans.
2676 3356 2747 3406 At
2776 3352 3091 3422 imperator
3115 3353 3339 3405 blandis
3369 3352 3504 3406 inde
3536 3351 3698 3405 illum
3722 3367 3863 3405 sua-

2231 3442 2493 3498 sionibus
2524 3448 2840 3497 extractum
2882 3444 3133 3512 perpulit
3165 3448 3228 3496 ut
3268 3443 3431 3511 quasi
3465 3442 3643 3495 animi
3677 3441 3867 3512 gratia

2231 3532 2287 3584 in
2314 3532 2729 3586 monasterium
2756 3531 3057 3601 Hyacinthi
3088 3549 3147 3586 se
3169 3532 3864 3599 conterret,commodum

2228 3619 2493 3674 videlicet
2515 3620 2667 3673 394
2689 3619 3109 3678 diversorium;
3132 3635 3247 3689 quo
3271 3620 3417 3672 facto
3437 3617 3733 3673 hominem
3759 3619 3865 3672 hu-

2228 3724 2398 3762 mane
2424 3707 2765 3762 consulendi
2796 3708 2988 3777 specie
3018 3707 3294 3776 relegavit
3322 3706 3711 3769 Nicaeammbi
3737 3712 3866 3762 erat

2225 3796 2280 3849 id
2317 3796 2734 3851 monasterium
2769 3797 2969 3849 situm.
3005 3795 3273 3850 Nondum
3315 3812 3504 3849 annus
3535 3796 3860 3865 efﬂuxerat,

2225 3900 2355 3937 cum
2408 3885 2555 3939 inter
2602 3884 2777 3938 hasce
2826 3888 3053 3937 nostras
3101 3884 3170 3937 de
3219 3884 3526 3937 concordia
3574 3883 3860 3939 Ecclesiao

2227 3988 2356 4025 rum
2413 3979 2600 4026 motas
2653 3972 2954 4025 ardentius
3003 3972 3443 4037 controversias,
3477 3971 3651 4025 certis
3699 3988 3859 4025 com-

2226 4066 2386 4131 perto
2418 4061 2642 4115 nuntiis
2672 4060 2985 4130 imperator
3016 4058 3358 4113 llolobolum
3410 4076 3440 4113 e
3490 4060 3667 4130 priori
3700 4062 3857 4129 quod

2223 4148 2369 4202 alias
2400 4150 2726 4203 ostenderat
2754 4147 2971 4215 judicio
2999 4148 3158 4217 pacis
3189 4148 3360 4201 istius
3383 4147 3693 4202 consilium
3728 4166 3858 4218 pro-

2222 4237 2394 4291 hante
2433 4236 2624 4307 palam
2665 4237 2787 4305 jam
2838 4235 3134 4299 resiliisse,
3166 4237 3507 4306 perindigne
3557 4236 3615 4290 id
3667 4238 3857 4291 ferens

2220 4341 2391 4378 aures
2426 4326 2587 4379 facile
2611 4325 2854 4396 prebuit
2875 4324 3398 4379 calumniatoribus
3430 4325 3673 4395 indigna
3702 4342 3856 4395 quae-

475 4412 628 4469 dicto
685 4413 1001 4483 imperator
1058 4408 1387 4472 excanduit,
1438 4407 1872 4479 increpavitque
1920 4410 2108 4465 homi-
2145 4431 2188 4493 D
2221 4412 2354 4465 dam
2388 4418 2443 4466 et
2473 4431 2504 4466 ιι
2538 4412 2635 4466 tali
2668 4411 2787 4465 viro
2819 4410 3007 4466 aliena
3028 4414 3098 4467 de
3132 4412 3403 4467 Uolobolo
3434 4413 3853 4467 deferentibus.

475 4518 607 4558 nem
640 4501 870 4571 magnis
918 4498 1275 4553 clamoribus
1310 4513 1321 4550 :
1356 4512 1561 4566 nempe
1594 4496 1759 4550 illum
1789 4499 2109 4554 vociferans

474 4592 856 4662 exprobrabat
888 4604 1002 4642 non
1036 4603 1190 4640 nunc
1222 4584 1477 4655 primum
1502 4585 1613 4639 sibi
1646 4584 1961 4655 infensum,
1986 4604 2111 4642 am-

477 4679 719 4748 biguum
745 4675 1101 4747 jamdudum
1124 4679 1182 4728 et
1213 4675 1271 4727 in
1304 4674 1594 4728 contraria
1618 4675 1967 4741 versatilem,
1994 4694 2109 4730 non

472 4767 587 4823 alia
619 4765 805 4836 magis
828 4781 1004 4819 causa
1024 4778 1126 4833 per
1146 4764 1411 4832 opposita
1433 4763 1751 4833 circumagi
1775 4780 1950 4833 quam
1984 4780 2107 4819 ma-

466 4854 649 4911 levola
679 4852 919 4909 libidine
950 4851 1060 4907 sibi
1116 4850 1406 4913 obstandi,
1441 4866 1615 4919 quem
1666 4853 1917 4921 pessime
1946 4854 2106 4908 odis-

467 4948 575 4999 set.
606 4943 771 4997 Ferre
801 4941 965 4995 illum
998 4940 1172 4994 istius
1196 4954 1316 4993 suae
1339 4937 1718 5007 malignitatis
1740 4939 2017 5010 stigmata
2046 4943 2102 4997 in

465 5048 629 5098 naso,
662 5029 747 5085 illi
778 5027 1045 5083 videlicet
1072 5027 1213 5082 olim
1256 5026 1515 5080 abscisso
1546 5024 1605 5079 in
1638 5041 1867 5094 pcenam
1916 5031 2100 5083 aversi

464 5118 648 5176 animi
677 5137 710 5173 a
747 5117 1026 5188 principe.
1061 5121 1144 5171 Ea
1174 5114 1372 5168 rhetor
1411 5113 1656 5167 audiens
1686 5113 1871 5168 elatus
1900 5116 2099 5171 incon-

462 5208 620 5264 sulta
638 5206 744 5273 ira,
765 5222 941 5277 quam
966 5202 1205 5258 ambitio
1229 5202 1522 5271 impotens
1544 5202 1814 5269 opinione
1837 5209 2097 5259 contem-

460 5303 597 5369 ptus
628 5294 852 5349 irritata
882 5292 1031 5348 ultra
1059 5292 1145 5345 fas
1197 5289 1477 5359 propulit,
1507 5305 1702 5341 veram
1754 5290 1924 5345 istius
1970 5309 2098 5363 quae

459 5384 571 5441 sibi
590 5400 744 5438 nunc
765 5381 1211 5451 exprobraretur
1235 5394 1413 5448 pcenaa
1433 5392 1670 5431 causam
1695 5383 1783 5433 est
1800 5378 2096 5437 liberrime

456 5474 777 5545 professus,
809 5470 962 5525 clare
1001 5469 1203 5523 dicens
1234 5482 1312 5543 se
1368 5481 1509 5519 naso
1567 5468 1904 5539 multatum,
1938 5474 2091 5541 quod

452 5561 665 5617 Joanni
696 5574 897 5630 puero,
928 5555 1189 5627 legitimo
1230 5553 1585 5625 imperatori,
1620 5554 1794 5610 fidem
1826 5561 1882 5611 et
1912 5558 2091 5614 bene-

2220 4502 2403 4563 Quare
2434 4500 2797 4556 occasionem
2821 4517 2947 4555 eam
2975 4502 3341 4555 commodam
3375 4507 3535 4555 ratus
3560 4500 3741 4556 simul
3765 4501 3853 4554 in-

2220 4589 2327 4643 visi
2359 4589 2564 4660 capitis
2592 4588 2931 4654 ulciscendi,
2957 4589 3131 4643 simul
3158 4590 3481 4644 deducendi
3506 4606 3612 4644 nos
3635 4590 3707 4644 ab
3732 4590 3853 4661 Opi-

2220 4677 2412 4745 nione,
2440 4695 2612 4747 quam
2645 4679 2715 4732 de
2747 4679 2875 4747 ejus
2907 4683 2971 4731 ut
3009 4678 3112 4730 viri
3150 4678 3475 4747 praestantis
3506 4680 3855 4733 auctoritate

2218 4768 2597 4835 doctrinaque
2648 4769 2983 4837 praeclaram
3034 4766 3416 4831 habebamus,
3458 4767 3668 4820 adduci
3719 4784 3852 4821 eum

2214 4855 2473 4909 vinctum
2506 4856 2565 4909 in
2595 4857 2794 4908 urbem
2822 4855 3009 4922 jubet.
3034 4855 3135 4908 Hie
3160 4855 3412 4924 primum
3445 4854 3612 4908 illum
3646 4857 3852 4908 crude-

2211 4943 2343 4997 liter
2373 4944 2820 5013 immaniterque
2853 4943 3076 4997 concidi
3119 4943 3318 5012 ﬂagris
3348 4943 3615 5011 imperat,
3643 4944 3855 4997 deinde

2212 5033 2341 5086 novi
2372 5032 2551 5099 hujus
2582 5032 2893 5102 spectaculi
2929 5048 3028 5101 per
3049 5030 3260 5085 civium
3294 5048 3395 5085 ora
3425 5048 3697 5101 pompam
3731 5036 3853 5085 tra-

2209 5121 2387 5174 ducit.
2442 5121 2701 5190 Longum
2734 5120 2803 5172 de
2836 5118 2983 5173 collo
3016 5119 3310 5173 trahentes
3364 5121 3554 5173 funem
3593 5122 3847 5187 primum

2208 5208 2545 5274 Holobolus,
2577 5209 2833 5262 secundo
2879 5207 3005 5262 loco
3053 5208 3269 5261 Jasites
3325 5208 3544 5271 Melias,
3573 5212 3700 5261 tum
3752 5206 3850 5261 alii

2205 5300 2483 5351 continua
2513 5296 2660 5351 serie
2692 5296 2944 5349 virorum
2973 5296 3245 5349 decadem
3278 5296 3598 5365 explentes,
3632 5297 3848 5363 adjun—

2203 5391 2297 5439 cta
2353 5385 2659 5439 undecima
2718 5384 2981 5449 muliere,
3031 5384 3290 5439 lloloboli
3340 5386 3603 5453 ejusdem
3656 5390 3847 5454 nepte,

2201 5474 2455 5529 ostentui
2492 5478 2678 5526 tracta
2719 5472 2875 5527 velut
2925 5489 3107 5542 maga.
3142 5489 3243 5541 per
3273 5472 3606 5525 universam
3638 5473 3842 5526 urbem

2198 5567 2256 5617 et
2288 5560 2658 5632 peculiariter
2679 5561 2832 5615 circa
2855 5560 3154 5615 ecclesiam
3188 5562 3333 5615 foedo
3356 5560 3658 5630 triumpho
3682 5560 3841 5615 ducti
