4130 6270
355 292 462 347 849

1422 298 1510 349 DE
1548 296 1915 351 MICHAELE
1956 293 2399 351 PALEOLOGO
2433 293 2566 347 LIB.
2606 294 2675 347 V.

3640 282 3746 340 850

359 416 452 489 μὲν
488 410 585 470 δύο
637 415 766 479 τοὺς
810 418 1059 493 πρώτους
1111 419 1183 480 ὡς
1233 417 1322 473 καὶ
1371 418 1458 473 ἐπὶ
1509 425 1575 488 τῆ
1634 417 1989 489 ὑποθέσειμὴ
2018 426 2074 492 Α
2104 416 2179 481 εἰς
2208 420 2329 471 νοῦν
2368 415 2553 491 βαλεῖν
2608 415 2776 489 μέχοι
2825 414 2915 468 καὶ
2966 411 3019 475 ἐς
3071 409 3286 485 κεραίαν
3337 410 3465 483 μέαν
3495 407 3586 464 καὶ
3610 407 3744 463 ἰῶτα

354 503 751 566 κατανεύοντας
812 506 901 559 καὶ
973 505 1213 579 έγκόίτοις
1290 503 1576 582 προϐάτων
1659 506 1989 581 ἐπιφορτίζει

356 593 447 646 σὺν
499 592 682 655 αὐτοῖς
731 598 844 655 τοῖς
903 594 1113 648 ἐκείνων
1176 593 1588 669 διαχωρήμασι,
1645 596 1737 649 τὸν
1787 595 1991 670 ῥήτορα

357 678 414 734 δὲ
472 679 833 757 διαφερόντως
889 683 977 736 καὶ
1049 682 1217 750 ἥπασι
1285 680 1571 759 προϐάτιον
1630 684 1764 737 κατᾶ
1816 683 1989 755 στόμα

351 768 561 824 κελεύει
606 770 892 824 τύπτεσθαι
942 772 1337 846 συνεχέστερον,
1383 772 1471 826 καὶ
1525 771 1700 832 οὕτως
1749 772 1844 825 ἀνά
1888 773 1985 839 τήν

352 858 513 913 πόλιν
548 861 752 914 ἅπασαν
781 856 1279 933 θριαμϐευομένους
1326 861 1514 933 κύκλῳ
1543 868 1645 930 τῆς
1693 859 1986 930 ἐκκλησίας

348 953 711 1023 περιαγαγεῖν,
763 949 1091 1022 ἀτιμοῦν-τας
1140 950 1309 1004 ἐκεῖσε
1357 949 1523 1005 πλέον
1556 952 1629 1011 εἱς
1678 945 1848 1027 φόϐου
1895 948 1984 1002 καὶ

346 1035 582 1105 ἀπειλῆς
612 1042 728 1098 τοῖς
766 1036 1056 1112 κληρικοῖς
1090 1033 1333 1111 ἔνδειξιν,
1368 1042 1447 1111 [Ρ.
1498 1041 1623 1110 268]
1660 1038 1982 1111 Ἐπράττετο

350 1126 442 1196 μὲν
507 1126 597 1179 οὗν
655 1130 821 1181 ταῦτα
894 1122 1377 1197 Ἐλαφηϐολιῶνος
1450 1124 1576 1200 ἕκτῃ
1653 1128 1821 1199 μηνὸς
1886 1132 1982 1182 τοῦ

344 1214 589 1275 ἐπιόντος
617 1211 793 1282 ἔτους,
833 1218 929 1269 τοῦ
985 1218 1328 1290 πατριάρχου
1389 1216 1665 1291 Ἀρσενίου
1717 1216 1977 1290 πρότερον

343 1305 377 1372 ἢ
428 1307 593 1356 ταῦτα
647 1302 881 1375 γίνεσθαι
938 1306 1158 1376 ἡμερῶν
1198 1302 1251 1376 ἓξ
1281 1305 1415 1358 κστὰ
1468 1306 1568 1372 τήν
1625 1311 1785 1373 νῆσον
1846 1326 1976 1376 μετ-

342 1389 700 1462 αλλάξαντος,
746 1391 842 1446 εἴτ’
891 1391 980 1445 οὖν
1027 1398 1321 1467 τριακοστῇ
1372 1392 1732 1466 Γαμηλιῶνος
1784 1394 1974 1466 μηνός.

341 1482 407 1536 Οἱ
436 1478 493 1533 δὲ
520 1485 616 1534 τοῦ
669 1480 881 1555 κλήρου
938 1481 1029 1535 τὸν
1077 1479 1323 1535 κίνδυνον
1380 1482 1551 1558 σφίσιν
1602 1481 1973 1553 αῗωρούμενον

343 1566 636 1642 βλέποντες
709 1568 1049 1632 καθικέτευον
1105 1571 1196 1624 τὸν
1253 1576 1549 1644 κρατοῦντα
1625 1570 1825 1625 ἀνεῖναι
1879 1571 1976 1624 αὐ-

334 1656 462 1717 τοὺς
485 1664 583 1725 τῆς
614 1659 781 1732 ὀργῆς
832 1656 912 1732 ἐφ’
943 1660 988 1729 ᾧ
1019 1659 1239 1733 ὴςύχως
1294 1666 1578 1729 καθῆσθαι,
1633 1660 1797 1733 μέχρι
1828 1658 1886 1713 ἂν
1920 1660 1971 1713 οἱ

334 1741 587 1819 πρέσϐεις
621 1746 678 1800 ἐκ
733 1747 952 1819 Ῥώμης
1007 1748 1447 1817 ἐπαναζεύξωσιν·
1509 1745 1632 1802 ἀλλ’
1693 1749 1794 1801 οὐκ
1823 1744 1969 1802 ἔπει-

332 1836 422 1888 θον
456 1833 645 1889 πολλὰ
675 1833 1051 1906 λιπαροῦντες,
1100 1833 1225 1888 ἀλλ’
1273 1833 1522 1910 ἄντικρυς
1567 1834 1839 1910 ἐκρίνοντο
1870 1838 1965 1903 τῆς

328 1923 465 1997 πρὸς
524 1920 750 1997 βασιλέα
804 1923 1201 1990 καθοσιώσεως,
1234 1924 1299 1992 ἣν
1337 1925 1411 1994 μή
1452 1943 1512 1997 γε
1561 1923 1626 1976 τὰ
1672 1929 1771 1991 τῆς
1830 1924 1962 1977 ὑπο-

324 2016 540 2085 γραφῆς
568 2008 796 2065 τελοῖεν.
829 2011 917 2073 Ὡς
973 2008 1030 2064 δέ
1085 2032 1225 2071 τινες
1284 2010 1359 2071 εἷς
1413 2006 1578 2087 φόϐον
1635 2012 1958 2086 κατέφευγον

321 2103 419 2153 τοῦ
462 2100 535 2171 μή
585 2119 635 2152 τι
686 2099 775 2152 καὶ
826 2098 989 2153 πλέον
1034 2094 1485 2173 προσϐιασθῆναι,
1520 2099 1546 2152 ὁ
1583 2096 1835 2173 βασιλεὺς
1867 2100 1960 2153 αὐ-

320 2186 445 2240 τίκα
497 2185 865 2259 προστάσσει,
929 2187 1017 2241 καὶ
1078 2188 1238 2261 λόγος
1294 2185 1558 2250 ἐκτίθεται
1615 2182 1962 2261 χρυσοϐούλ-

320 2273 493 2345 λειος,
526 2274 748 2350 πλήρης
783 2276 876 2347 μὲν
919 2273 1361 2353 φρικωδεστάτων
1427 2275 1593 2351 ἀρῶν,
1651 2274 1871 2349 πλήρης
1904 2273 1961 2329 δὲ

317 2363 411 2417 καὶ
469 2363 643 2435 ὅρκων
705 2360 1214 2434 παλαμναιοτάτων,
1248 2362 1283 2429 ἦ
1323 2363 1427 2434 μὴν
1483 2363 1557 2432 μή
1614 2356 1957 2415 ἐκϐιάσασθαι

318 2451 487 2507 πλέον
524 2493 538 2520 ,
602 2452 676 2524 μή
736 2448 1145 2525 διαπράξασθαι,
1205 2452 1281 2523 μὴ
1335 2456 1765 2525 παρεγχειρῆσαι
1829 2447 1957 2523 μηδ’

317 2678 479 2730 sunt.
504 2674 569 2728 Et
590 2674 703 2728 duo
727 2672 961 2742 quidem
996 2671 1235 2741 priores,
1262 2668 1707 2740 quasividelicet
1728 2670 1954 2739 objecta

318 2764 432 2819 sibi
461 2767 517 2817 et
546 2762 689 2817 satis
720 2762 963 2833 probata
984 2760 1229 2815 crimina
1252 2758 1622 2829 pertinaciter
1652 2762 1948 2828 negarent,

320 2850 612 2906 intestinis
642 2850 834 2905 ovium
868 2849 994 2919 ipso
1027 2848 1216 2902 adhuc
1247 2848 1380 2902 fimo
1412 2847 1637 2901 refertis
1681 2845 1950 2917 impliciti

316 2938 629 3009 onustique
659 2938 1068 3011 procedebant,
1087 2937 1286 2990 addito
1311 2936 1368 2990 in
1392 2934 1749 3006 singularem
1784 2935 1950 2989 Holo-

310 3028 431 3084 boli
449 3026 1003 3089 debonestationem,
1018 3029 1083 3079 ut
1097 3040 1197 3095 per
1212 3027 1394 3105 totam
1425 3022 1949 3092 viamjecinoribus

2100 510 2196 560 τοῦ
2227 500 2508 577 συμϐόλου
2540 506 2890 578 παραγαγεῖν,
2956 504 3030 574 μὴ
3070 500 3236 555 πλέον
3292 502 3398 553 τῶν
3446 500 3614 570 τριῶν
3652 516 3745 550 κε-

2103 594 2369 670 φαλαίων,
2429 592 2699 666 πρωτείου
2757 590 2846 645 καὶ
2904 590 3171 659 έκκλήτου
3216 588 3306 642 καὶ
3367 584 3737 660 μνημοσῦνου,

2099 683 2186 736 καὶ
2217 682 2424 737 τούτων
2460 682 2544 735 ἐπὶ
2578 680 2761 753 ψιλοῖς
2794 679 3019 751 ὀνόμασι
3074 678 3191 731 κατ’
3246 674 3586 746 οἷ’κονομίαν,
3641 677 3736 742 ζη-

2098 778 2279 840 τῆσαι,
2313 771 2357 825 εἰ
2392 768 2435 824 δ’
2469 768 2581 840 οὖν,
2624 768 2800 842 ἐξώλη
2847 789 2906 823 τε
2951 768 3041 822 καὶ
3090 763 3320 839 προώλη
3375 759 3733 837 γενέσθαικαὶ

2096 860 2161 913 τὰ
2217 855 2563 936 φοϐερώτερα
2620 859 2919 931 ὑποσχεῖν.
2970 860 3144 909 Ταῦτα
3188 854 3399 928 γράψας
3445 850 3536 905 καὶ
3598 851 3733 905 ὑπο-

2094 950 2325 1023 γράψας,
2365 948 2585 1023 προσέτι
2633 944 2689 1000 δὲ
2745 947 2831 1001 καὶ
2897 942 3110 1020 βούλλῃ
3171 944 3349 1017 χρυσῇ
3396 936 3735 1017 κατασφαλι-

2097 1036 2371 1108 σάμενοις,
2407 1038 2608 1108 πέμπει
2665 1038 2734 1108 τῇ
2788 1030 3093 1103 Ἐκκλησία
3148 1028 3237 1084 διά
3289 1032 3386 1083 τοῦ
3440 1047 3730 1102 πρωταση-

2094 1132 2286 1197 κρῆτις
2326 1123 2817 1197 Νεοκαισαρειώτου
2866 1118 3121 1196 Μιχαήλ.
3171 1120 3238 1195 ’ῼ
3281 1114 3347 1185 δὴ
3379 1116 3469 1171 καὶ
3502 1110 3733 1191 βεϐαιωο

2092 1212 2268 1274 θέντες
2328 1211 2724 1287 ὑπογράφουσιν
2761 1252 2775 1279 ,
2836 1208 2959 1263 ἄνευ
3009 1206 3098 1262 καὶ
3154 1205 3277 1261 τότε
3318 1208 3503 1274 τινῶν,
3556 1202 3609 1257 o't
3659 1199 3725 1271 δὴ

2090 1302 2179 1355 καὶ
2236 1300 2616 1375 ἐξορισθέντες,
2650 1298 2782 1371 μετὰ
2834 1296 3020 1372 καιρὸν
3070 1294 3544 1370 συγκαναθέμενοι,
3595 1312 3728 1345 κατ-

2089 1390 2315 1464 άγονται
2367 1391 2453 1443 καὶ
2518 1390 2757 1443 ένοῦνται
2814 1393 2880 1455 τῆ
2944 1382 3279 1455 Ἐκκλῃσίᾳ,
3340 1379 3561 1442 οὐδενὸς
3616 1384 3726 1436 τῶν

2085 1482 2182 1531 τοῦ
2213 1477 2424 1551 κλήρου
2456 1476 2829 1549 ἐλλείψαντος.

2085 1638 2182 1692 καί.
2251 1638 2391 1697 ⁴’πως
2467 1637 2517 1691 οἱ
2589 1629 2843 1708 πρέσϐεις
2912 1637 3009 1708 τοῦ
3089 1630 3354 1706 βασιλέως
3426 1627 3560 1684 κατὰ
3624 1638 3719 1693 θα-

2588 1703 2784 1762 λασσαν
2825 1705 2932 1760 έκιν
2942 1703 3031 1759 δῦν
3040 1703 3211 1758 ευσαν.

2149 1834 2229 1903 [Ρ.
2260 1834 2381 1900 269]
2453 1831 2631 1889 Ἀλλὰ
2697 1831 2886 1908 ῥητέον
2952 1830 3041 1885 καὶ
3107 1827 3174 1884 τὰ
3235 1831 3346 1883 τῶν
3413 1818 3711 1901 πρέσϐεων.

2073 1922 2301 1975 Ἐκεῖνοι
2347 1922 2448 1996 γάρ
2507 1920 2653 1994 παρὰ
2705 1920 2890 1995 καιρὸν
2945 1917 3272 1978 πλεύσαντες
3322 1913 3571 1991 (Κρονίου
3613 1910 3713 1988 γὰρ

2069 2008 2380 2081 ἀρχόμένου
2443 2010 2612 2081 μηνὸς
2667 2013 2787 2070 ταῖς
2845 2007 3031 2062 ναυσὶν
3096 2001 3356 2078 ἐμϐάντες
3416 2002 3711 2073 ἀπέπλεον)

2068 2098 2201 2170 πρὸς
2236 2095 2379 2167 αὖτῷ
2408 2101 2486 2167 τῷ
2514 2094 2721 2166 Μαλέᾳ,
2778 2096 2834 2149 ὃν
2893 2096 2982 2149 καὶ
3016 2091 3313 2170 ξυλοφάγον
3372 2088 3558 2146 καλεῖν
3588 2088 3710 2143 εἱώ-

2070 2195 2208 2256 θασι,
2266 2182 2531 2260 λήγοντος
2589 2188 2685 2239 τοῦ
2737 2184 2907 2257 μηνὸς
2938 2181 3205 2257 γίνονται,
3238 2181 3329 2235 καὶ
3375 2183 3445 2253 τῇ
3503 2177 3713 2234 ἐνιστα-

2072 2277 2203 2349 μένῃ
2232 2274 2352 2330 τότε
2388 2274 2596 2351 μεγάλῃ
2637 2276 2859 2349 πέμπτῃ
2919 2272 3142 2348 ἑσπέρας
3198 2271 3402 2345 ναυγίῳ
3461 2273 3707 2345 χρῶνται

2068 2360 2248 2435 δεινῶ.
2284 2364 2486 2419 Αὐτίκα
2539 2365 2641 2438 γάρ
2695 2359 2856 2418 ὥδινε
2915 2363 3011 2436 μὶν
3041 2364 3075 2431 ἡ
3110 2363 3371 2428 θάλασσα,
3402 2361 3493 2415 καὶ
3548 2360 3707 2413 κατέ-

2066 2446 2246 2506 ϐαινεν
2290 2450 2724 2523 Ἑλλησποντίας
2781 2449 3055 2527 λαμπρὸς,
3088 2448 3179 2505 σὺν
3230 2448 3287 2504 δὲ
3315 2450 3517 2525 νεφέεσι
3546 2452 3701 2523 γαῖαν

2061 2686 2304 2727 assensu
2336 2676 2682 2729 cunctorum
2714 2674 2773 2729 in
2808 2672 2916 2729 tria
2963 2674 3247 2728 duntaxat
3280 2669 3537 2743 capitula
3576 2670 3700 2742 pri-

2061 2764 2277 2826 matus,
2310 2762 2735 2833 provocationis
2764 2767 2818 2818 et
2850 2760 3446 2825 commemorationis,
3479 2775 3606 2830 quas
3639 2760 3699 2813 et

2058 2848 2186 2919 ipsa
2216 2850 2451 2905 nomine
2481 2850 2671 2905 solum
2702 2856 2895 2917 tenus,
2931 2849 3262 2906 necessaria
3291 2847 3473 2920 quieti
3505 2863 3571 2901 ae
3602 2862 3696 2901 se-

2058 2937 2290 2991 curitati
2323 2938 2567 3009 publica;
2598 2939 3154 3005 accommodatione,
3179 2936 3416 2993 concedi
3439 2938 3695 3007 cuperet.

2059 3025 2123 3079 In
2156 3025 2275 3080 haec
2291 3026 2350 3081 ni
2367 3027 2858 3098 obtemperarent,
2885 3025 3386 3099 perniciosissima
3404 3024 3514 3079 sibi
3539 3039 3696 3094 quaa-

311 3117 652 3173 earumdem
684 3114 876 3169 ovium
908 3131 937 3169 e
966 3118 1161 3168 ventre
1194 3096 1391 3167 recens
1421 3111 1693 3166 extractis
1719 3110 1773 3164 in
1802 3111 1944 3165 faeie
1975 3096 2017 3162 C
2057 3130 2168 3184 que
2200 3131 2265 3169 ac
2295 3132 2535 3185 prorsus
2566 3096 2851 3172 exitialia
2875 3096 3005 3171 mox
3052 3133 3086 3171 a
3116 3132 3177 3171 se
3224 3114 3372 3186 ipsis
3418 3116 3695 3168 eventura

311 3206 679 3261 continenter
695 3205 1025 3258 caederetur.
1051 3202 1186 3264 Quae
1208 3202 1290 3256 sie
1314 3208 1441 3256 aeta
1462 3204 1599 3254 sunt
1624 3217 1736 3255 non
1762 3200 1949 3270 magis

312 3295 386 3350 ad
414 3292 790 3365 ignominiam
816 3291 1061 3347 infelicis
1084 3290 1241 3343 illius
1264 3306 1439 3359 quam
1464 3290 1535 3343 ad
1574 3288 1949 3343 deterrendos

312 3387 646 3454 perstantes
676 3382 865 3436 adhuc
882 3381 940 3434 in
958 3374 1114 3450 pacis
1134 3377 1441 3449 rejectione
1455 3376 1716 3442 clericos,
1733 3376 1948 3447 quibus

317 3471 427 3525 hoc
451 3470 713 3542 exemplo
745 3469 1067 3525 luculenter
1086 3469 1777 3537 ostentabaturquantum
1802 3465 1946 3536 ipsis

316 3559 378 3615 in
436 3559 537 3615 tali
580 3559 874 3633 proposito
920 3556 1317 3628 perstantibus
1373 3555 1735 3626 impenderet
1786 3552 1944 3608 mali.

311 3654 446 3703 Haec
478 3653 641 3719 gesta
664 3652 802 3701 sunt
860 3647 1099 3701 ineunte
1119 3661 1270 3700 anno
1302 3643 1394 3697 die
1445 3648 1605 3697 sexta
1655 3641 1943 3709 Octobris,

312 3736 644 3811 patriarcha
676 3736 916 3791 Arsenio
947 3736 1096 3790 395
1130 3751 1230 3790 sex
1253 3732 1413 3803 prius
1444 3732 1650 3785 diebus
1680 3746 1853 3801 quam
1878 3746 1945 3783 ea

310 3828 516 3882 tierent
547 3826 602 3880 in
637 3825 830 3880 insula
863 3829 1091 3879 mortuo
1121 3840 1133 3877 :
1178 3837 1451 3890 suprema
1498 3820 1652 3874 enim
1702 3818 1787 3873 illi
1820 3818 1943 3872 dies

309 3916 415 3970 fuit
448 3915 740 3970 tricesima
772 3913 990 3968 mensis
1023 3909 1383 3981 septembris.
1419 3909 1588 3963 Porro
1625 3906 1815 3962 clerici
1838 3906 1943 3961 tali

307 4005 464 4061 edito
496 4002 808 4075 specimine
830 4002 926 4056 iraa
952 3996 1576 4071 imperatoris,proprii
1608 3996 1764 4050 haud
1798 4012 1944 4050 vana

305 4095 564 4166 imagine
582 4090 821 4163 periculi
844 4089 1050 4158 territi,
1084 4091 1363 4159 rogarunt
1384 4087 1787 4156 imperatorem
1810 4084 1943 4138 bre-

306 4201 405 4239 ves
438 4180 723 4245 indueias,
756 4183 811 4233 et
842 4194 912 4233 ne
943 4178 1001 4231 in
1036 4177 1190 4247 ipsos
1224 4180 1323 4230 aut
1352 4176 1688 4229 decerneret
1718 4172 1941 4243 aliquid

307 4270 542 4344 gravius
558 4274 658 4324 aut
671 4268 907 4324 omnino
923 4270 1173 4337 urgeret,
1192 4264 1378 4335 quoad
1400 4263 1495 4334 qui
1514 4264 1756 4317 Romam
1777 4260 1943 4316 missi

305 4362 539 4416 fuerant
568 4357 702 4411 inde
732 4354 908 4426 legati
957 4353 1262 4408 redissent.
1315 4352 1426 4407 Sed
1471 4350 1615 4405 nihil
1664 4350 1941 4420 impetra-

2054 3208 2275 3257 certum
2300 3204 2599 3259 haberent.
2615 3206 2764 3269 Quas
2778 3204 2969 3260 minas
2984 3220 3161 3275 quam
3176 3199 3691 3274 exaggeratissime

2052 3296 2225 3361 atque
2255 3294 2794 3348 asseverantissime
2822 3292 3127 3347 inculcans
3148 3290 3478 3345 intentabat
3501 3288 3560 3343 in
3584 3286 3683 3342 illo

2050 3378 2387 3448 diplomate,
2420 3382 2573 3451 quod
2607 3381 2889 3451 scriptum
2911 3386 2968 3435 et
2984 3379 3405 3449 subscriptum,
3432 3380 3491 3432 et
3510 3392 3687 3431 aurea

2050 3472 2327 3538 praeterea
2339 3485 2426 3522 mu
2436 3468 2559 3522 nitu
2570 3487 2622 3523 m
2639 3468 2818 3539 bulla,
2839 3469 3018 3523 mittit
3030 3466 3297 3523 Ecclesiae
3313 3483 3413 3536 per
3424 3463 3680 3537 primum

2048 3573 2080 3610 a
2109 3556 2347 3610 secretis
2378 3557 2897 3613 Neocaesariensem
2930 3555 3291 3612 Micbaelem.
3325 3555 3403 3609 Eo
3422 3552 3683 3624 plerique

2049 3644 2313 3714 persuasi
2344 3644 2649 3714 securique
2664 3645 2850 3699 effecti
2874 3644 3295 3715 subscripsere,
3328 3642 3676 3713 quibusdam

2046 3737 2241 3788 tamen
2274 3732 2464 3787 adhuc
2495 3735 2634 3786 tunc
2666 3748 2899 3802 quoque
2930 3732 2988 3785 id
3021 3732 3208 3786 facere
3231 3729 3676 3795 recusantibus;

2047 3822 2147 3891 qui
2178 3825 2483 3893 propterea
2513 3821 2571 3874 in
2602 3818 2871 3875 exsilium
2904 3819 3093 3886 missi,
3114 3820 3243 3890 post
3262 3816 3495 3886 aliquod
3528 3820 3678 3871 tem-

2045 3926 2156 3979 pus
2188 3910 2617 3980 resipiseentes,
2650 3908 2802 3962 896
2835 3922 3079 3961 assensu
3111 3906 3248 3961 dato
3271 3903 3516 3960 revocati
3542 3906 3682 3957 sunt

2046 4006 2099 4054 et
2126 3999 2391 4053 Ecclesiae
2416 3997 2731 4067 conjuncti,
2752 3996 3208 4065 neminejamex
3236 3992 3390 4050 clero
3423 3991 3678 4060 residuo,

2026 4084 2146 4157 ‘qui
2177 4103 2291 4141 non
2323 4085 2678 4141 consentiret
2705 4085 2763 4140 in
2797 4099 2994 4156 pacem
3028 4082 3423 4138 Ecclesiarum
3462 4080 3532 4135 ad
3579 4095 3677 4135 vo-

2045 4179 2172 4229 tum
2205 4174 2597 4246 imperatoris.

2040 4318 2129 4371 21.
2169 4317 2231 4373 Ut
2257 4318 2419 4387 legati
2448 4317 2801 4388 imperatoris
2830 4316 2891 4370 in
2919 4315 3065 4368 mari
3086 4309 3387 4384 periclitati
3436 4309 3669 4380 fuerint.

305 4454 469 4513 runt,
500 4443 874 4517 quantumvis
906 4443 1175 4496 ardenter
1196 4445 1445 4496 orarent.
1472 4440 1616 4502 Quin
1635 4439 1719 4493 eis
1741 4453 1935 4493 severe
1965 4462 2012 4526 D
2111 4442 2218 4496 Sed
2251 4436 2561 4497 dicendum
2594 4441 2663 4495 de
2692 4439 2920 4510 legatis.
2964 4438 3053 4493 Illi
3083 4436 3239 4492 enim
3270 4434 3457 4491 alieno
3508 4432 3673 4487 navi-

303 4536 717 4592 denuntiatum
747 4538 836 4588 est
880 4529 1316 4586 inexorabiliter
1358 4527 1754 4583 damnandum
1788 4526 1934 4580 laesae

306 4624 652 4695 majestatis,
686 4622 1022 4693 quicunque
1052 4619 1311 4690 ipsorum
1328 4634 1439 4672 non
1464 4616 1659 4671 statim
1685 4614 1935 4669 subscri-

303 4716 466 4769 beret
495 4709 765 4783 capitulis
793 4709 1108 4765 concordiae
1132 4724 1257 4777 qua:
1282 4705 1653 4760 tractabatur.
1678 4705 1932 4768 Quarum

306 4807 491 4857 terror
521 4800 814 4854 minarum
857 4814 989 4853 cum
1034 4795 1320 4866 quosdam
1369 4794 1427 4847 in
1472 4793 1667 4861 fugam
1698 4791 1934 4862 egisset,

302 4891 516 4945 veritos
551 4905 621 4943 ne
653 4888 710 4941 vi
743 4885 949 4957 majori
995 4888 1337 4955 cogerentur
1387 4882 1570 4935 facere
1601 4881 1754 4950 quod
1779 4896 1933 4933 aver-

303 4980 605 5041 sabantur,
630 4976 804 5045 jussu
839 4972 1208 5044 imperatoris
1238 4970 1539 5040 vulgatum
1575 4968 1773 5023 statim
1805 4969 1932 5037 ejus

302 5066 564 5136 diploma
593 5068 701 5127 est,
733 5079 909 5117 aurea
941 5060 1235 5114 munitum
1257 5058 1431 5123 bulla,
1456 5074 1566 5127 quo
1589 5059 1699 5112 sub
1724 5058 1931 5128 impre-

300 5152 630 5210 cationibus
657 5150 968 5205 dirissimis
999 5147 1411 5217 etjuramentis
1434 5146 1720 5201 horrificis
1743 5151 1929 5200 conte-

299 5242 569 5298 stabatur
599 5239 753 5293 haud
785 5239 843 5292 in
877 5238 1071 5292 animo
1093 5236 1201 5291 sibi
1232 5252 1379 5305 esse,
1406 5251 1470 5290 ac
1494 5251 1563 5289 ne
1586 5252 1775 5305 prima
1796 5235 1931 5304 qui-

299 5332 434 5387 dem
467 5326 810 5399 cogitatione
839 5331 1008 5380 tenus
1034 5324 1260 5379 venisse
1291 5323 1350 5377 in
1384 5332 1655 5390 mentem,
1700 5322 1932 5393 adigere

298 5417 548 5477 ulterius
572 5431 927 5487 quemquam
960 5418 1060 5468 aut
1089 5429 1293 5485 urgere
1324 5412 1662 5467 inducereve
1710 5412 1781 5466 ad
1830 5410 1933 5465 ad-

299 5505 649 5564 mittendam
680 5502 768 5558 vel
800 5502 975 5557 unius
997 5502 1113 5557 iota
1136 5500 1543 5556 minutissimas
1572 5498 1756 5569 apicis
1778 5499 1931 5567 adje-

295 5596 595 5654 ctionenm
618 5592 691 5648 ad
722 5588 1071 5663 symbolum.
1088 5589 1433 5646 Contentum
1455 5603 1517 5643 se
1542 5586 1779 5644 omnino
1813 5588 1932 5644 fore

2044 4547 2180 4602 gare
2210 4530 2326 4585 orsi
2353 4535 2636 4601 tempore,
2660 4527 3017 4583 subinitium
3044 4520 3674 4580 videlicetMartiinave

2047 4635 2383 4687 conscensa,
2408 4619 2480 4673 ad
2512 4618 2775 4685 Maleam,
2811 4632 2983 4687 quem
3014 4613 3186 4684 vulgo
3214 4610 3566 4683 llgnivorum
3600 4610 3672 4664 ob

2042 4709 2273 4763 crebras
2306 4706 2423 4761 illic
2447 4706 2682 4761 navium
2706 4704 3142 4761 submersiones
3164 4703 3389 4769 vocant,
3416 4702 3675 4754 extrema

2042 4797 2258 4851 mensis
2310 4796 2435 4864 ejus
2480 4796 2695 4849 decaale
2740 4794 3143 4864 pervenerunt.
3192 4788 3277 4845 Ibi
3326 4787 3535 4858 quinta
3580 4785 3674 4840 die

2041 4882 2279 4953 majoris
2310 4883 2685 4938 hebdomade;
2708 4882 2818 4937 sub
2843 4895 3141 4951 vesperam
3165 4875 3534 4947 naufragium
3559 4872 3673 4927 mi-

2039 4973 2285 5028 serabile
2318 4974 2520 5027 fecere.
2570 4971 2771 5027 Subito
2825 4970 2980 5024 enim
3033 4984 3229 5039 aequor
3276 4964 3579 5029 intumuit,
3611 4967 3670 5016 et

2039 5061 2265 5116 validus
2297 5062 2366 5115 ab
2400 5060 2768 5132 Hellesponto
2799 5062 3010 5114 ventus
3031 5057 3311 5128 ingruens
3329 5058 3541 5109 terram
3566 5067 3666 5122 pa—

2039 5149 2176 5203 riter
2205 5154 2261 5204 et
2292 5154 2533 5222 pontum
2548 5146 3382 5205 aterrimisobduxitnubibus.
3396 5140 3668 5196 Nondum

2040 5239 2271 5308 quidem
2309 5256 2548 5310 prorsus
2578 5238 2816 5293 dondito
2849 5238 2905 5291 in
2931 5251 3200 5291 occasum
3221 5226 3670 5288 solecommissa

2041 5344 2151 5380 nox
2181 5330 2341 5381 erat:
2388 5343 2585 5381 verum
2633 5328 2916 5397 opacabat
2964 5324 3076 5379 late
3124 5324 3335 5375 cuncta
3382 5333 3496 5371 nox
3553 5312 3668 5369 alia

2038 5415 2302 5486 quaedam
2334 5413 2518 5469 nihilo
2552 5418 2698 5469 tetra
2728 5414 2924 5469 minus
2955 5427 3128 5483 quam
3154 5407 3255 5463 illa
3272 5402 3575 5469 naturalia,
3599 5416 3668 5454 ex

2039 5502 2248 5557 umbra
2275 5502 2443 5556 terrei
2472 5500 2625 5573 globi
2656 5500 2829 5557 solita
2862 5499 3084 5565 induci,
3115 5514 3181 5552 eo
3212 5495 3387 5551 etiam
3417 5488 3661 5553 tristior,

2038 5588 2192 5661 quod
2241 5587 2438 5645 nullus
2480 5604 2607 5643 eam
2666 5588 2820 5644 luna
2866 5591 3229 5643 astrorumve
3273 5577 3669 5652 temperabate
