4110 6280
416 265 518 320 851

1713 272 2012 328 GEORGII
2050 271 2510 326 PACHYMBRB

3694 270 3801 326 852

417 388 557 460 ὁμοῦ
587 390 676 443 καὶ
706 390 899 446 πόντον
930 390 1159 467 κάλυψε.
1208 396 1305 449 Καὶ
1361 396 1449 468 νὺξ
1512 397 1605 468 μὲν
1666 395 1764 450 οὐκ
1821 392 2322 469 οὐρανό-Ανύκτα
2346 400 2519 449 πᾶσαν
2570 397 2705 470 πρός
2751 417 2811 451 τε
2864 401 3009 469 κῦμα
3063 396 3198 471 πρός
3246 417 3306 451 τε
3356 394 3627 451 θάλασσαν
3686 392 3793 448 δια·

419 487 504 539 θεν
538 478 760 552 ἀρώρει,
792 478 917 534 ἀλλ’
948 480 1016 548 ἧν
1082 487 1202 545 ταῖς
1260 482 1541 552 ἀληθείαις
1599 485 1687 555 νύξ
1719 487 1753 552 ἡ
1791 484 1915 537 σκιά
1960 490 2062 557 γῆς

417 565 507 618 καὶ
539 568 791 636 συνήθης,
820 566 965 636 πλὴν
999 569 1262 640 ἀσέληνός
1301 592 1359 625 τε
1388 571 1477 626 ni
1514 569 1776 644 ἀλαμπής
1825 572 1872 643 ἐξ
1906 570 2061 625 ἀστέ-

421 673 549 727 ρων.
595 655 658 711 Ἥ
716 652 773 709 δέ
829 661 923 710 τοῦ
983 658 1135 730 ἀέρος
1187 660 1479 714 ἀκαστασία
1534 660 1623 714 καὶ
1684 661 1940 733 σύγχυσις
1997 660 2059 713 τὸ

418 738 589 797 δεινὸν
633 743 895 813 ἐπηύξανε
942 752 1043 813 τῆς
1097 745 1387 816 θαλάσσης,
1447 749 1535 803 καὶ
1595 745 1767 810 δεινὸς
1824 747 2058 823 ἐφῆπται

414 835 532 891 τοῖς
588 828 815 885 πλέουσι
867 830 1135 895 κίνδυνος.
1196 839 1416 909 Πρῶτον
1479 837 1573 907 μὲν
1634 834 1723 890 οὖν
1782 834 1993 911 διέσχεν
2029 837 2057 889 6

414 915 632 972 κλύδων
659 916 754 981 τάς
793 924 918 982 ναῦς
952 922 1040 975 ἀπ’
1093 920 1379 993 ἀλλήλων,
1411 923 1500 978 καὶ
1549 925 1601 978 οἱ
1645 922 1698 978 ἐν
1745 923 1929 985 αὐταῖς
1961 923 2059 978 ούκ

412 1006 560 1079 εἶχον
599 1004 793 1061 εἰδέναι
843 1012 948 1061 ποῦ
1006 1008 1256 1085 προΐασιν
1316 1008 1427 1083 ἅμα
1485 1011 1747 1085 ἑκάτεροι·
1809 1008 2054 1066 ἐνέδοσαν

407 1093 509 1169 γὰρ
534 1099 612 1165 τῷ
651 1094 850 1167 κύματι
909 1094 1159 1175 σφοδρῶς
1202 1096 1633 1175 πλημμυροῦντι
1693 1099 1829 1153 ὅπου
1886 1119 2058 1173 προσ-

409 1182 651 1255 αράσσων
686 1183 887 1255 ἀγρίως
935 1184 1025 1239 καὶ
1079 1186 1252 1262 φέροι.
1307 1188 1465 1250 ’Όθεν
1524 1188 1613 1242 καὶ
1672 1189 1724 1241 οἱ
1782 1186 1905 1263 περὶ
1961 1188 2050 1241 τὸν

408 1270 680 1342 Γερμανὸν
712 1270 801 1325 καὶ
829 1273 918 1326 τὸν
956 1274 1119 1346 μέγαν
1182 1272 1475 1347 λογοΟέτην
1534 1275 1771 1330 ἀνώθουν
1830 1297 1887 1330 τε
1918 1275 2054 1351 πρὸς

409 1356 648 1432 πέλαγος
705 1361 802 1427 τὴν
881 1363 1080 1434 τριήρη
1147 1362 1236 1416 καὶ
1296 1362 1625 1437 ἐξουρίαζον,
1684 1368 1763 1434 τῷ
1817 1363 2048 1438 πελάγει

410 1445 787 1508 πιστεύσαντες
819 1448 1134 1523 οπφώτερον
1165 1451 1200 1519 ἢ
1235 1450 1370 1504 κατὰ
1423 1449 1550 1512 τοὺς
1584 1449 1834 1513 λοιπούς.
1866 1453 2050 1508 Ἐκεῖ-

413 1533 623 1609 νοιγάρ
686 1538 1198 1609 μικροψυχτςσαντες
1253 1535 1341 1591 διὰ
1397 1539 1485 1591 τὸν
1541 1536 1809 1609 κίνδυνον,
1867 1541 1953 1593 καὶ
1985 1542 2050 1612 τῇ

414 1622 549 1691 ξηρᾷ
606 1620 765 1696 ἐγγὺς
826 1620 955 1694 οὔσῃ
1003 1622 1313 1692 ἐλπίζοντες
1370 1627 1702 1695 σωθήσεσθαι
1761 1626 1809 1680 εἲ
1870 1626 2051 1697 λιμένι

2165 488 2596 557 ναυμαχοῦντες,
2628 484 2717 539 καὶ
2772 483 3043 547 πολλάκις
3077 484 3229 560 ἐγγὺς
3277 480 3524 547 ἐλθόντες
3574 486 3673 536 τοῦ
3700 503 3798 536 κα-

2164 567 2380 625 ταδῦναι
2415 617 2429 643 ,
2491 572 2653 643 μόλις
2709 572 2800 627 καὶ
2850 572 2940 627 σὺν
3003 572 3188 646 πολλῇ
3255 572 3344 647 βίᾳ
3395 569 3802 644 ὑπαυγαζούσης

2167 660 2377 733 ἡμέρας
2432 662 2567 734 πρὸς
2621 662 2884 732 Μεθώνην
2938 661 3197 737 γίνονται,
3260 660 3416 734 μόγις
3474 656 3799 732 ἀποδράντες

2164 749 2291 821 παρ’
2348 746 2544 803 ἐλπίδα
2597 755 2768 804 πᾶσαν
2817 750 2909 803 τὸν
2955 748 3229 822 ἐφεστῶτα
3274 746 3540 801 κίνδυνον.
3603 747 3807 801 Έκεῖσε

2167 832 2213 887 δ’
2271 835 2547 899 ἀνέσαντες
2600 839 2811 912 ἡμέρας
2867 836 3092 898 πλείους
3148 835 3306 913 ἐφ’ᾧ
3340 840 3528 908 μαθεῖν
3583 835 3650 889 τὰ
3707 840 3808 902 τῆς

2166 921 2344 994 ἄλλης
2372 927 2640 998 τριήρεως
2685 928 2763 998 [Ρ.
2816 927 2941 997 270]
2973 922 3025 979 εἷ’
3047 945 3151 979 που
3206 928 3302 979 τοῦ
3352 920 3635 983 κλύδωνος
3683 918 3805 975 δια-

2163 1012 2368 1085 γένοιτο
2400 1058 2416 1085 ,
2476 1013 2526 1066 ἐν
2585 1010 2793 1083 εἷ’δήσει
2850 1013 3088 1087 γίνονται
3141 1019 3242 1081 τῆς
3299 1016 3495 1085 πικρᾶς
3551 1008 3804 1086 ἀγγελίας

2168 1101 2283 1173 μετ’
2313 1100 2374 1155 ού
2403 1100 2567 1158 πολύ.
2601 1101 2670 1159 Οἵ
2698 1100 2764 1169 δὴ
2808 1102 2898 1156 καὶ
2952 1095 3107 1173 μόνοι
3159 1098 3485 1177 λειφθέντες,
3545 1098 3660 1154 ἐπεὶ
3704 1099 3805 1152 οὐκ

2162 1191 2226 1257 ἦν
2263 1190 2634 1265 ὑποστρέφειν,
2663 1195 2781 1251 τοῖς
2819 1189 3008 1262 πρόσω
3057 1183 3485 1260 ἐπιϐαλλόμενοι
3535 1187 3674 1261 πρὸς
3704 1187 3805 1253 τήν

2162 1278 2381 1349 Ῥωμην
2414 1276 2704 1334 ἀπέπλεον.
2766 1276 2863 1331 Καὶ
2919 1274 2989 1330 δι’
3046 1276 3245 1350 ὀλίγων
3298 1278 3517 1349 ἡμερῶν
3570 1272 3804 1328 καταλα-

2162 1362 2346 1427 ϐόντες
2402 1367 2494 1420 τὸν
2549 1366 2771 1420 πάππαν
2828 1365 2896 1420 τὰ
2957 1364 3059 1431 τῆς
3138 1359 3425 1435 πρεσϐείας
3480 1360 3756 1435 ἐπλήρουν
3791 1407 3806 1430 ,

2164 1453 2410 1524 ἀσμένως
2475 1452 2875 1524 ὑποδεξαμένου
2931 1457 3027 1506 τοῦ
3096 1454 3293 1506 πάππα
3348 1449 3475 1511 τοὺς
3525 1444 3802 1525 πρέσϐεις,

2161 1539 2300 1595 ὥστε
2339 1541 2430 1595 καὶ
2459 1548 2688 1614 τιμῆσαι
2719 1547 2851 1618 σφᾶς
2910 1542 3120 1616 τιάραις
3177 1560 3236 1594 τε
3291 1537 3380 1594 καὶ
3442 1538 3656 1611 μίτραις
3710 1537 3803 1592 καὶ

2161 1624 2491 1698 δακτυλίοις,
2546 1629 2619 1690 ὡς
2651 1631 2685 1697 ἡ
2737 1628 2953 1683 ἐκείνων
3010 1627 3128 1702 ἔχει
3183 1627 3265 1683 ἐπ’
3295 1627 3607 1702 ἀρχιερεῦσι
3640 1628 3805 1694 συνή-

411 1708 708 1782 ἐντύχοιεν,
742 1712 839 1779 τήν
864 1710 963 1785 γῆν
1001 1713 1093 1783 μὲν
1148 1711 1513 1789 ὸφυλάσσοντο
1556 1716 1646 1768 τὸν
1698 1715 1802 1769 ἀπὸ
1848 1714 2049 1784 ταύτης
2081 1733 2127 1797 Β
2160 1718 2294 1771 θεια.
2330 1717 2461 1790 Ἔαρ
2495 1717 2586 1771 οὖν
2631 1718 2720 1771 καὶ
2774 1716 2928 1791 θέρος
2986 1715 3156 1771 ἐκεῖσε
3213 1713 3576 1790 διαγαγόντες,
3606 1715 3696 1768 καὶ
3736 1713 3804 1767 τὰ

413 1793 650 1858 δεδιότες
681 1794 950 1867 κίνδυνον,
987 1798 1134 1868 πλὴν
1171 1797 1215 1874 δ⁶
1241 1799 1366 1855 ἀλλ’
1398 1798 1522 1856 οὐδέ
1550 1801 1713 1857 πάλιν
1766 1806 1845 1856 τῶ
1875 1805 2048 1857 πελά-

408 1906 491 1960 γει
550 1884 863 1944 ἐπίστευον,
922 1888 1080 1951 ⁶Οθεν
1138 1888 1226 1942 καὶ
1283 1890 1419 1944 κατά
1478 1891 1668 1965 μικρὸν
1725 1898 1823 1959 τῆς
1880 1896 2047 1967 φορᾶς

404 1977 513 2027 τῶν
568 1974 823 2047 κυμάτων
889 1976 1207 2048 ἡττωμένου
1288 1981 1383 2031 τοῦ
1438 1973 1773 2053 κυϐερνήτου
1829 1978 2047 2056 ἀφανῶς

402 2066 522 2125 ταῖς
579 2063 764 2125 ἀκταῖς
805 2064 1193 2136 προσπαίουσι,
1251 2065 1339 2120 καὶ
1391 2065 1561 2128 οὕτως
1612 2066 1844 2138 αὐτόνεῳ
1888 2087 2050 2122 καταο

409 2148 647 2219 δύονται,
681 2147 831 2224 δῶρα
859 2150 1034 2206 ἐκεῖνα
1086 2150 1342 2227 βασιλικὰ
1396 2153 1486 2207 καὶ
1539 2155 1639 2223 τὴν
1694 2155 1795 2223 τῆς
1853 2151 2051 2224 ἐκκλη-

406 2237 523 2301 σίας
561 2237 868 2312 πολύτιμον
923 2237 1147 2309 ἐνδυτήν
1207 2240 1390 2303 αὺτοῖς
1444 2238 1663 2314 ἀνδράσι
1718 2239 2051 2316 συγκαταδύ-

409 2346 614 2397 σαντες,
639 2327 754 2391 ένὸς
783 2327 873 2381 καὶ
927 2328 1096 2401 μόνου
1127 2324 1499 2400 διασωθέντος,
1550 2329 1608 2391 ὃς
1660 2326 1726 2399 δὴ
1757 2329 1847 2384 καὶ
1891 2327 2050 2404 ἄγγε-

416 2414 515 2479 λος
544 2414 777 2490 ἐγεγόνει
805 2423 905 2485 τῆς
943 2422 1244 2494 συμφορᾶς.
1296 2418 1398 2473 Καὶ
1455 2417 1600 2472 οὕτω
1661 2418 1755 2490 μὲν
1803 2418 1854 2471 οἱ
1909 2418 2049 2495 ἀμφὶ

408 2501 540 2566 τοὺς
595 2500 867 2578 ἄρχοντας
894 2501 1303 2574 ἐξαπολωλότες
1347 2503 1708 2579 ἠγγέλλοντο·
1746 2505 1798 2559 οἳ
1830 2502 1887 2559 δὲ
1923 2506 2047 2579 περὶ

404 2590 533 2655 τοὺς
581 2595 680 2657 τῆς
734 2591 1025 2661 ἐκκλησίας
1080 2592 1169 2647 καὶ
1220 2593 1311 2647 τὸν
1374 2594 1537 2669 μέγαν
1598 2592 1888 2668 λογοθέτην
1945 2594 2043 2663 τὴν

408 2810 551 2869 calo
583 2801 879 2883 splendor.
912 2809 1333 2867 Violentissimi
1365 2826 1497 2865 vero
1530 2814 1726 2865 motus
1741 2810 2049 2881 procellosi

411 2901 564 2958 aeris
611 2900 1038 2972 conﬂictusque
1104 2899 1509 2955 collidentium
1560 2914 1687 2953 sese
1741 2902 2047 2954 ventorum

407 2988 676 3045 horribili
709 2989 934 3062 fragore
963 2988 1284 3044 tumultum
1314 2986 1690 3043 vehementer
1717 2985 1903 3057 magis
1941 3003 2049 3042 au-

2158 1803 2339 1859 είκότα
2395 1803 2851 1880 φιλιρρονηθέντες
2929 1803 3076 1877 παρά
3122 1807 3224 1858 τοῦ
3281 1801 3477 1857 πάππα
3511 1845 3526 1872 ,
3584 1801 3653 1855 τὰ
3699 1804 3800 1865 τῆς

2155 1887 2437 1965 πρεσϐείας
2497 1889 2866 1955 διευθετοῦσι.
2923 1889 3020 1945 Καὶ
3094 1891 3441 1967 φθινοπώρου
3524 1888 3797 1963 λήγοντος

2158 1980 2369 2052 σύναμα
2397 1975 2649 2051 πρέσϐεσι
2678 1981 2777 2048 τήν
2809 1977 2973 2033 πόλιν
3003 1973 3523 2051 κατακαμϐάνουσιν.

2155 2139 2260 2213 κβ’.
2347 2138 2535 2201 Ὅπως
2595 2139 2623 2193 ὁ
2687 2138 2869 2199 πάπας
2965 2136 3367 2213 ἐμνημονεύετο
3461 2137 3797 2212 ἀργήσαντος

2719 2213 2815 2264 τοῦ
2861 2210 3229 2284 πατριάρχαυ.

2226 2332 2327 2386 Ἢν
2361 2328 2452 2384 οὖν
2485 2331 2796 2385 ἀπεντεῦθεν
2854 2332 3088 2406 ἀργῆσαι
3151 2331 3244 2403 μὲν
3300 2331 3392 2385 τὸν
3451 2329 3798 2405 πατριάρχην

2157 2420 2294 2473 κατὰ
2345 2419 2413 2473 τὰ
2468 2417 2784 2492 συγκείμενα
2831 2416 3043 2487 τέλεον,
3097 2418 3526 2492 μνημονεύεσθαι
3589 2415 3648 2473 δὲ
3701 2418 3797 2473 τὸν

2156 2510 2402 2578 πάππαν,
2441 2507 2529 2561 καὶ
2600 2507 2693 2561 εἷθ’
2760 2506 2930 2569 οὕτως
2992 2508 3083 2561 καὶ
3147 2508 3238 2562 τὸν
3308 2505 3384 2569 εἷς
3450 2508 3798 2581 πατριάρχην

2156 2594 2437 2668 ἀνάγεσσαι
2516 2591 2793 2665 μέλλοντα
2866 2592 3192 2670 ψηφίζεσθαί
3240 2613 3298 2648 τε
3351 2594 3442 2649 καὶ
3521 2594 3798 2663 καθιστᾷν.

2157 2810 2317 2866 illam
2333 2827 2399 2866 ac
2415 2808 2897 2881 pretiosissimam
2917 2811 3166 2883 endyten
3189 2809 3306 2865 sive
3330 2808 3576 2882 pallium
3596 2808 3800 2864 altaris

2158 2896 2411 2952 ecclesia
2445 2896 2692 2965 Majoris.
2724 2897 2796 2951 At
2826 2897 3084 2968 episcopi
3109 2913 3243 2952 cum
3268 2911 3480 2967 magno
3504 2895 3800 2967 logotheta

2159 2989 2386 3040 noctem
2420 2988 2602 3040 totam
2629 3000 2762 3039 cum
2795 2984 2976 3039 fluctu
3009 2985 3270 3054 marique
3297 2984 3458 3040 omni
3484 2990 3795 3039 nautarum

413 3078 647 3148 gebant,
696 3077 1042 3148 gravissimo
1076 3077 1211 3130 inde
1241 3074 1589 3129 imminente
1641 3073 2051 3146 navigantibus
2082 3103 2126 3171 ρ
2164 3073 2455 3128 industria
2484 3071 2711 3138 luctati,
2747 3090 2813 3128 ac
2843 3073 3062 3145 sapein
3077 3078 3398 3129 extremum
3416 3071 3800 3131 demersionis

413 3164 697 3237 periculo.
737 3170 818 3220 Ac
848 3165 1104 3236 primum
1134 3163 1221 3219 vis
1254 3163 1617 3233 tempestatis
1658 3162 1928 3219 distraxit
1981 3162 2054 3218 ab

418 3253 693 3319 invicem,
722 3256 965 3324 tamque
996 3252 1167 3323 longe
1196 3251 1438 3306 abduxit
1492 3252 1759 3307 triremes
1797 3252 1966 3320 duas,
2000 3256 2066 3307 ut

415 3341 685 3397 neutrius
716 3342 923 3397 harum
955 3345 1214 3397 vectores
1242 3340 1459 3396 scirent
1481 3340 1622 3411 quid
1640 3340 1816 3396 sociis
1839 3346 2058 3410 actum,

420 3446 608 3501 quove
639 3429 812 3485 aliam
846 3446 1049 3485 navem
1105 3429 1193 3485 vis
1250 3427 1377 3485 cali
1435 3427 1657 3500 salique
1696 3429 2061 3502 propelleret,

425 3517 535 3573 hoc
566 3522 799 3574 tantum
831 3533 992 3589 aque
1024 3518 1291 3588 utrisque
1323 3517 1733 3589 sentientibus,
1767 3519 1969 3574 cedere
2000 3535 2063 3574 se

417 3606 745 3663 necessario
775 3606 1139 3662 ineluctabili
1170 3607 1223 3660 vi
1239 3605 2063 3663 astuantisvebemeutissime

421 3692 633 3766 pelagi,
667 3710 772 3750 nec
804 3711 917 3766 quo
947 3694 1174 3766 impetu
1205 3694 1847 3766 tantoimpingerentur
1868 3694 2062 3765 explo-

421 3786 614 3838 ratum
644 3782 1017 3838 habentibus.
1054 3786 1116 3838 In
1148 3782 1257 3838 hoc
1286 3783 1506 3838 incerto
1556 3786 1755 3837 tamen
1809 3786 2062 3838 rectores

424 3869 685 3925 triremis
710 3887 826 3941 qua
855 3871 1182 3926 Germanus
1212 3887 1344 3925 cum
1380 3869 1618 3941 collegis
1645 3875 1702 3925 et
1731 3886 1941 3939 magno
1973 3870 2058 3927 lo-

423 3958 662 4027 gotheta
707 3959 1062 4029 ferebantur,
1085 3959 1416 4031 sapientius
1460 3958 1903 4026 consuluerunt,
1938 3963 2062 4013 tru-

427 4047 632 4101 dentes
663 4047 722 4101 in
754 4047 937 4102 altum
957 4048 1148 4103 navim
1163 4053 1219 4102 et
1249 4046 1387 4102 totis
1408 4045 1915 4116 accipientesvelis
1947 4046 2065 4102 abi~

424 4138 655 4205 gentem
702 4151 735 4190 a
763 4139 918 4191 terra
966 4140 1224 4199 ventum,
1259 4134 1411 4205 quod
1452 4133 1552 4188 tali
1583 4138 1837 4204 tempore
1869 4134 2000 4205 plus
2030 4153 2065 4190 a

427 4221 617 4275 littore
644 4239 817 4292 quam
849 4239 882 4277 a
913 4223 1029 4277 lato
1060 4236 1289 4292 aquore
1320 4221 1700 4276 metuendum
1719 4227 1872 4277 recte
1894 4223 2063 4278 duce-

424 4313 571 4364 rent.
600 4309 663 4363 ln
705 4326 819 4380 quo
850 4309 995 4364 alios
1029 4309 1174 4363 ratio
1208 4307 1412 4362 fefellit
1444 4308 1591 4362 397
1619 4308 1801 4363 stulta
1833 4310 2066 4379 pusilla-

426 4397 699 4453 nimitate
730 4398 970 4469 pelagus
992 4398 1263 4464 vitantes,
1294 4399 1460 4451 terra
1480 4395 1757 4451 viciniam
1792 4398 2064 4452 atl‘ectan-

2165 3160 2385 3216 admoti
2422 3160 2762 3225 discrimen,
2811 3176 2961 3232 agre
3007 3176 3242 3216 summa
3283 3160 3338 3215 vi
3386 3159 3496 3216 sub
3528 3174 3800 3215 auroram

2167 3248 2498 3304 Methonem
2529 3252 2864 3312 tenuerunt,
2898 3247 3082 3318 elapsi
3113 3251 3319 3320 prater
3369 3264 3605 3304 omnem
3637 3262 3799 3319 spem

2167 3335 2423 3407 periculo
2455 3336 2933 3408 praesentissimo.
2967 3337 3053 3392 lbi
3083 3336 3430 3408 quieverunt
3456 3336 3666 3392 diebus
3697 3335 3800 3391 ali-

2167 3429 2742 3496 quot,exspectantes
2771 3424 3058 3481 indicium
3091 3426 3161 3481 de
3193 3440 3260 3481 eo
3289 3425 3444 3497 quod
3482 3424 3800 3480 comitibus

2166 3512 2473 3579 evenisset,
2507 3512 2556 3568 si
2588 3529 2701 3585 quo
2733 3513 2880 3569 forte
2910 3517 3226 3585 tempestas
3257 3512 3531 3569 similiter
3581 3512 3798 3569 salvam

2166 3599 2490 3671 appulisset
2518 3603 2734 3658 sociam
2754 3601 3287 3659 triremim.Verum
3327 3618 3442 3656 non
3467 3600 3649 3657 multo
3673 3604 3805 3673 post

2168 3688 2351 3744 tristis
2379 3704 2479 3745 eos
2519 3690 2647 3760 ejus
2695 3690 2984 3762 naufragii
3032 3690 3278 3745 nuntius
3326 3688 3595 3762 perculit.
3641 3688 3821 3745 Unde'

2167 3775 2456 3832 intellecto
2488 3777 2600 3833 sibi
2624 3777 2748 3848 jam
2780 3778 2922 3834 solis
2960 3777 3113 3833 haud
3147 3776 3402 3849 amplius
3432 3777 3686 3850 collegas
3714 3794 3803 3833 ex-

2167 3865 2539 3934 spectandos,
2575 3881 2680 3922 nec
2710 3882 2949 3921 causam
2982 3882 3110 3921 esse
3139 3882 3244 3920 cur
3269 3882 3329 3921 re
3368 3865 3582 3921 infecta
3614 3881 3803 3921 rever-

2167 3955 2453 4020 terentur,
2480 3968 2684 4009 versus
2707 3954 2950 4009 Romam
2965 3952 3353 4022 solverunt,et
3374 3951 3578 4024 paucis
3601 3952 3805 4008 diebus

2168 4040 2565 4110 pervenientes
2597 4043 2670 4097 ad
2702 4042 2917 4113 Papam
2950 4040 3237 4112 legatione
3277 4039 3461 4096 functi
3505 4024 3610 4096 sua
3646 4044 3802 4106 sunt,

2167 4127 2609 4199 perhumaniter
2638 4130 2789 4185 898
2840 4129 2972 4184 illos
3003 4129 3328 4201 excipiente
3355 4127 3535 4201 Papa,
3566 4128 3710 4184 adeo
3742 4134 3804 4182 ut

2168 4235 2266 4275 eos
2297 4220 2665 4277 honoraverit
2696 4220 2881 4290 tiaris,
2914 4220 3106 4277 mitris
3135 4219 3694 4291 etannulis,quibus
3714 4218 3798 4273 in-

2169 4308 2437 4379 signibus
2466 4308 2769 4381 episcopos
2829 4310 3023 4365 ornari
3057 4326 3184 4365 mos
3216 4308 3336 4363 illic
3365 4308 3608 4364 obtinet.
3656 4310 3801 4362 Vere

2169 4395 2350 4467 igitur
2367 4401 2424 4452 et
2445 4396 2771 4467 insequenti
2798 4402 2995 4453 astate
3014 4397 3097 4453 ibi
3116 4396 3637 4463 exactis,omnibus
3666 4394 3803 4450 culti

424 4487 535 4551 tes,
566 4467 745 4555 quasi
763 4467 898 4557 spes
931 4486 1067 4540 inde
1101 4483 1312 4540 salutis
1343 4486 1767 4551 ostenderetur,
1799 4489 1992 4556 portu,
2016 4486 2065 4541 si
2093 4467 2142 4532 Ι)
2174 4499 2207 4538 a
2235 4488 2391 4556 Papa
2420 4485 2831 4542 benevolentia
2863 4486 3119 4555 indiciis,
3150 4488 3565 4556 transegerunt
3593 4500 3721 4556 qua
3741 4482 3799 4537 in

418 4572 616 4642 legere
647 4589 809 4627 oram
838 4577 1168 4644 pergerent,
1205 4572 1752 4642 facileinveniendo,
1776 4576 2063 4643 quotutus

419 4666 691 4733 receptus
724 4663 884 4717 foret.
920 4666 992 4716 At
1039 4677 1378 4732 quanquam
1426 4661 1659 4717 interim
1711 4661 1792 4716 illi
1825 4662 2062 4733 quidem

422 4747 590 4815 satis,
625 4753 690 4803 ut
719 4749 831 4804 sibi
860 4749 1232 4814 videbantur,
1267 4749 1338 4803 ab
1358 4748 1812 4821 impingendoin
1832 4755 2063 4822 procur-

417 4835 610 4889 rentia
629 4835 826 4891 littora
847 4836 1151 4904 cavebant,
1183 4852 1324 4891 nave
1354 4837 1700 4893 sustinenda
1730 4853 1799 4893 ne
1823 4838 2061 4910 propius

419 4938 585 4993 aquo
615 4927 782 4979 terra
814 4925 1242 4991 admoveretur,
1276 4925 1347 4979 ad
1376 4928 1698 4981 extremum
1721 4929 1913 4982 tamen
1940 4930 2061 4983 arte

417 5011 682 5081 ipsorum
698 5013 857 5068 omni
872 5018 1195 5083 conataque
1210 5012 1398 5081 victis,
1418 5012 1780 5069 validissimo
1799 5014 2057 5084 impulsu

419 5098 719 5155 ruentium
750 5100 809 5156 in
840 5100 1007 5156 littus
1038 5101 1327 5157 ﬂuctuum
1379 5098 1618 5169 impacti
1670 5100 1808 5170 ripa
1853 5117 2059 5157 navem

420 5186 741 5257 fregerunt,
786 5189 1156 5261 demersique
1205 5204 1340 5243 cum
1382 5185 1483 5240 illa
1531 5186 1831 5255 perierunt
1859 5204 2060 5244 omnes

421 5290 540 5330 uno
568 5281 825 5348 excepto,
850 5277 949 5347 qui
983 5277 1229 5332 nuntius
1250 5273 1603 5330 calamitatis
1626 5277 1862 5342 natavit,
1896 5291 1926 5331 e
1945 5293 2060 5347 quo

419 5375 594 5417 casus
624 5363 723 5420 ille
755 5365 941 5421 tristis
969 5369 1034 5420 ut
1062 5362 1319 5419 evenerit
1349 5364 1438 5416 est
1488 5364 1690 5431 postea
1738 5363 2057 5435 cognitum.

416 5448 496 5505 Eo
529 5451 836 5522 naufragio
869 5457 1080 5523 prater
1109 5449 1376 5506 homines
1400 5463 1559 5504 mare
1589 5450 1882 5522 absorpsit
1903 5451 2061 5522 regia

414 5532 540 5606 illa,
572 5538 645 5594 de
674 5539 894 5611 quibus
929 5537 1210 5608 diximus,
1257 5537 1431 5605 dona,
1461 5538 1519 5592 et
1546 5535 1607 5593 in
1644 5536 1737 5595 his
1766 5538 2058 5612 insignem

2175 4573 2463 4628 mandatis
2478 4573 2788 4630 habebant.
2805 4576 2955 4630 Tum
2986 4579 3242 4629 extremo
3259 4578 3543 4629 autumno
3565 4576 3801 4627 mutuos

2171 4658 2315 4730 ipsis
2343 4661 2653 4732 adjunctos
2696 4679 2730 4718 a
2773 4663 2927 4735 Papa
2971 4662 3194 4735 legatos
3241 4657 3804 4732 Constantinopolim

2169 4749 2583 4818 perduxerunt.

2168 4908 2257 4962 22.
2314 4910 2378 4965 Ut
2421 4911 2583 4981 Papa
2643 4912 3090 4992 commemoratio
3141 4911 3301 4992 facta
3375 4908 3438 4963 in
3512 4923 3669 4965 sacro
3716 4908 3810 4975 sit,

2618 4986 2971 5038 exauctorato
2996 4979 3345 5052 patriarcha.

2238 5102 2316 5156 Ex
2349 5102 2457 5159 hoc
2484 5102 2806 5174 legatorum
2839 5105 3310 5175 adventufpacem
3328 5103 3538 5159 factam
3554 5101 3805 5157 referen-

2167 5187 2315 5244 tium
2348 5192 2463 5247 duo
2493 5198 2804 5248 consecuta
2855 5196 3014 5262 sunt,
3056 5192 3109 5247 vi
3159 5192 3320 5264 prius
3368 5192 3804 5253 conventorum,

2167 5280 2560 5336 exauctoratio
2592 5280 2955 5351 patriarcha,
2989 5284 3047 5335 et
3077 5295 3236 5350 papa
3266 5279 3326 5334 in
3359 5293 3524 5333 sacro
3554 5291 3804 5332 comme-

2167 5366 2413 5422 moratio
2445 5367 2679 5438 publica
2703 5386 2717 5437 ;
2742 5369 2882 5439 quin
2906 5367 3081 5423 etiam
3110 5368 3183 5423 ad
3205 5365 3545 5423 electionem
3574 5378 3806 5419 succes-

2166 5452 2288 5508 suri
2320 5453 2379 5509 in
2411 5455 2872 5527 patriarcbatum
2897 5453 3090 5528 palam
3121 5454 3307 5511 vocati
3336 5449 3803 5525 quibusinidjus

2167 5544 2254 5598 est
2283 5539 2566 5614 suffragii.
2596 5543 2677 5600 Ae
2705 5541 2861 5616 quod
2890 5541 3145 5616 primum
3172 5540 3413 5615 quidem
3441 5537 3649 5596 horum
3666 5533 3799 5594 atti-
