4110 6280
298 320 406 375 853

1368 325 1465 376 DE
1503 322 1870 376 MICHAELE
1909 319 2348 376 PALEOLOGO
2383 322 2515 374 LIB.
2555 321 2622 371 V.

3575 309 3682 363 854

303 446 379 501 Τὸ
439 445 531 517 μὲν
593 449 682 498 οὖν
741 445 831 498 τὸν
891 445 1233 518 πατριάρχην
1265 448 1674 518 παρακινεῖσθαι
1705 433 1934 518 ἐργῶδες
1967 445 2021 511 Α
2054 443 2268 518 βασιλεῖ
2296 441 2465 496 ἐκεῖσε
2494 440 2796 516 παρόντων,
2857 440 2884 491 6
2935 435 3237 496 ἀπόστολος
3269 433 3362 488 εἴτ’
3390 434 3479 487 οὗν
3513 435 3546 501 ἡ
3581 452 3678 486 πε-

297 535 385 601 ἧν,
439 532 553 587 ἐπεὶ
610 533 708 586 οὐκ
766 532 984 594 αὐτόθεν
1043 532 1242 592 ἐκεῖνος
1299 538 1590 605 παρῃτεῖτο
1647 534 1744 600 τὴν
1801 552 1938 606 προ-

297 621 548 676 στασίαν.
611 623 697 681 Ὠς
752 625 876 695 γοῦν
938 620 1034 674 οὐκ
1089 621 1154 688 ἧν
1207 622 1600 694 παραιτεῖσθαι,
1665 619 1935 694 μάρτυρας

293 715 402 763 τῶν
457 709 592 784 πρὸς
654 708 877 783 βασιλέα
936 709 1112 781 λόγων
1173 707 1377 762 ἐκείνου
1436 709 1507 768 ὡς
1564 707 1936 783 ἧνπαρασττς-

296 819 481 859 σαντες
516 798 590 869 (οἱ
623 796 664 851 δ’
697 798 829 864 ἦσαν
883 798 935 850 οἱ
983 797 1105 865 περὶ
1158 797 1248 850 τὸν
1309 795 1704 869 δικαιοφύλακα
1763 803 1935 850 Σκου-

291 886 692 960 ταριώτην)ὡς
744 885 1176 959 ὑπισχνουμένου
1227 883 1384 954 δῆθεν
1438 890 1533 938 τοῦ
1590 887 1933 959 πατριάρχου

291 975 391 1042 τήν
426 972 666 1027 ἑκουσίαν
722 972 1032 1047 ἐκχώρησιν
1093 972 1137 1026 εἰ
1196 970 1440 1026 εὖοδοῖτο
1499 972 1562 1026 τὸ
1593 967 1774 1046 ἔργον,
1805 971 1934 1026 ταύ-

291 1082 391 1130 την
449 1062 547 1128 τήν
608 1062 792 1137 φωνὴν
850 1061 922 1122 ὡς
982 1062 1306 1135 παραίτησιν
1361 1060 1593 1129 τελείαν,
1625 1058 1842 1134 προσέτι
1876 1057 1932 1112 δὲ

291 1149 380 1202 καὶ
440 1148 534 1203 τὸν
591 1148 750 1223 ὅρκον
814 1147 1019 1222 ἔκρινον
1083 1150 1132 1202 οἱ
1192 1150 1485 1223 ἀρχιερεῖς,
1543 1150 1640 1215 τήν
1705 1149 1796 1220 μὲν
1857 1149 1931 1208 ὡς

294 1236 616 1312 ὑπόσχεσιν,
669 1239 759 1290 τὸν
822 1234 878 1290 δὲ
937 1237 1012 1300 ὡς
1066 1235 1332 1308 κωλύμην
1393 1236 1659 1307 ἄντικρυς.
1704 1237 1777 1289 Τὸ
1829 1237 1928 1310 γάρ

288 1321 432 1388 ἔνθεν
498 1326 591 1397 μὲν
653 1326 728 1396 μή
785 1322 1175 1398 καταδέχεσθαι
1224 1326 1320 1393 τὴν
1375 1327 1563 1397 πρᾶξιν
1625 1324 1927 1395 ὀμνύοντα,

289 1413 488 1466 ἐκεῖθεν
545 1410 603 1467 δὲ
654 1412 932 1486 γεγονυίας
991 1413 1256 1487 ἐκχωρεῖν
1319 1411 1771 1486 ὑπισχνούμενον,
1832 1408 1926 1480 δη-

290 1501 522 1564 λιοῦντος
578 1503 644 1570 ἦν
693 1503 905 1564 πάντως
963 1503 1364 1578 προχωρούσης
1416 1511 1514 1572 τῆς
1559 1505 1798 1576 πράξεως
1829 1503 1927 1570 τήν

291 1589 433 1644 ἰδίαν
466 1591 810 1665 παραίτησιν·
847 1591 929 1646 ἐπὶ
989 1591 1040 1645 τί
1095 1591 1194 1666 γάρ
1245 1593 1333 1645 καὶ
1388 1590 1473 1644 ἐπὶ
1525 1597 1630 1645 τῶν
1679 1592 1927 1658 τῆςἚκ.

290 1678 528 1750 κλησίας
578 1684 915 1755 πραγμάτων
976 1683 1106 1736 εἶναι
1163 1689 1262 1750 τῆς
1324 1681 1564 1752 πράξεως
1623 1677 1924 1751 ἀποϐάσης,

2044 534 2246 606 ρικοπή
2303 538 2402 600 τῆς
2456 535 2563 584 τῶν
2627 530 2871 604 Ηράξεων
2936 522 3130 600 βίϐλου
3188 526 3414 597 (Πέτρου
3446 523 3545 595 γάρ
3578 524 3674 574 τοῦ

2043 619 2336 697 κορυςσαίου
2367 623 2472 672 τῶν
2524 615 2841 671 ἀποστόλων
2893 615 3057 688 ἤγετο
3108 613 3293 686 ἑορτὴ,
3327 612 3386 678 ἣν
3437 607 3675 684 ἑορτάζει

2111 707 2412 777 Ἐκκλησία
2467 706 2551 758 ἐπὶ
2719 704 3005 766 Καταθέσει
3040 707 3145 755 τῶν
3191 700 3344 754 Οείων
3386 697 3677 769 ἁλύσεων),

2043 797 2459 871 ἀναγινώσκεται
2495 793 2551 848 δὲ
2581 793 2836 854 ὡσαύτως
2883 792 2971 846 καὶ
3020 793 3080 845 τὸ
3136 794 3276 853 θεῖον
3338 786 3678 860 Εὐαγγέλιον

2041 889 2337 954 Γραικικῶς
2369 905 2425 937 τε
2483 885 2622 954 ὁμοῦ
2675 882 2764 936 καὶ
2822 883 3164 952 Ῥωμαϊκῶς,
3199 877 3287 931 καὶ
3347 875 3486 929 οὕτω
3542 875 3677 928 κατά

2037 974 2205 1026 τόπον
2283 972 2369 1026 οἰκ
2402 976 2483 1026 ἴον
2541 971 2630 1024 καὶ
2689 970 2715 1023 6
2773 969 2994 1031 πάπποις
3066 966 3212 1041 παρά
3268 968 3363 1018 τοῦ
3422 961 3673 1016 διακόνου

2038 1060 2460 1133 ἐμνημονεύετο.
2493 1062 2549 1113 Ὁ
2583 1056 2628 1112 δ’
2656 1059 2721 1126 ἦν
2757 1060 2784 1111 ὁ
2819 1057 3118 1130 Γρηγόριος
3169 1052 3333 1128 ἄκρος
3386 1049 3671 1126 ἀρχιερεὺς

2035 1153 2132 1218 τῆς
2166 1147 2532 1217 ἀποστολικῆς
2563 1145 2887 1215 Ἐκκλησίας
2926 1144 3015 1198 καὶ
3048 1140 3422 1214 οἷκουμενικὸς
3450 1141 3672 1199 πάππας

2041 1259 2141 1310 μνη
2154 1237 2535 1311 μονευόμενος.

2099 1381 2202 1453 κγ’.
2236 1380 2365 1454 Περῖ
2397 1384 2491 1434 τοῦ
2525 1398 2829 1452 σχισματος
2857 1373 3097 1439 καθόλου
3126 1380 3225 1443 τῆς
3255 1370 3603 1442 Ἐκκλησίας.

2104 1506 2376 1567 Ἒντεῦθεν
2425 1505 2492 1557 τά
2546 1510 2643 1572 τῆς
2699 1499 3023 1570 Ἐκκλησίας
3069 1499 3263 1563 ἐνόσει,
3306 1497 3396 1552 καὶ
3430 1494 3667 1551 διεστέλ-

2037 1592 2197 1648 λοντο
2229 1593 2318 1646 ἀπ’
2347 1591 2609 1660 ἀλλήλων
2659 1592 2958 1662 ἅνθρωποι,
3013 1589 3102 1642 καὶ
3164 1588 3190 1640 6
3249 1586 3340 1658 μὲν
3395 1583 3667 1638 ἐκοινώνει

2032 1678 2171 1751 τῷδε
2199 1685 2304 1734 τῶν
2337 1681 2493 1744 Οείων
2519 1680 2801 1750 συνάξεων,
2836 1679 2887 1731 οἱ
2920 1675 2976 1730 δέ
3008 1701 3034 1727 (ι
3060 1677 3149 1742 Μὴ
3175 1677 3308 1748 ἅψῖὶν
3344 1675 3418 1745 μή
3453 1671 3606 1748 θίγῃς
3639 1696 3666 1724 ”

287 1769 357 1836 ἧς
417 1771 578 1843 χάριν
637 1769 726 1823 καὶ
785 1769 982 1841 ὅρκους
1041 1768 1199 1832 ἐτίθει
1256 1774 1351 1823 τοῦ
1413 1770 1486 1840 μή
1537 1768 1779 1838 δέξασθαι
1838 1771 2001 1862 καὶΒ
2037 1770 2202 1843 μέχρι
2267 1769 2354 1822 καί
2413 1767 2747 1839 ἐκπωμάτων
2810 1766 2984 1819 αὐτῶν
3035 1765 3122 1819 καὶ
3179 1763 3662 1838 προσφωνημάτων

290 1857 612 1931 ὑποσχέσεις
638 1862 734 1912 τοῦ
794 1858 1058 1932 ἐκχωρεῖν
1115 1857 1305 1912 αὐτίκα
1361 1853 1681 1931 προϐάσης;
1715 1859 1812 1912 Διᾶ
1838 1880 1922 1913 τοι

280 1949 452 1998 ταῦτα
509 1947 596 2000 καὶ
659 1947 844 2021 ἀργίαν
899 1946 1105 1999 ἐκείνου
1169 1947 1672 2022 καταψηφίζονται,
1720 1945 1808 1999 καί
1864 1968 1925 2020 γε

289 2032 466 2104 μηνὸς
521 2030 1002 2105 Ἑκατομϐαιῶνος
1079 2032 1266 2107 ἐννάτῃ
1342 2034 1562 2087 παύεται
1620 2035 1680 2087 τὸ
1730 2035 1924 2088 τούτου

289 2121 664 2193 μνημόσυνον,
697 2125 780 2194 [Ρ.
810 2125 937 2194 271]
989 2123 1077 2176 καὶ
1134 2123 1269 2195 πρὸς
1322 2123 1419 2190 τὴν
1464 2123 1600 2175 κατὰ
1643 2123 1736 2175 τὸν
1771 2123 1924 2177 Ἀνά-

285 2208 459 2264 πλουν
494 2209 706 2281 Ααύραν
756 2209 814 2264 ἐκ
866 2217 966 2278 τῆς
1024 2206 1390 2285 περιϐλέπτου
1451 2215 1763 2287 μεταφοιτᾷ.
1821 2215 1926 2264 Τοῦ

285 2294 333 2351 δ’
395 2299 560 2352 αὐτοῦ
622 2298 793 2370 μηνὸς
850 2295 974 2371 ἕκτῃ
1025 2299 1116 2352 καὶ
1175 2295 1392 2372 δεκάτῃ,
1451 2302 1547 2351 τοῦ
1576 2295 1927 2368 Χαλκηδόνος

287 2385 568 2442 Νικολάου
628 2387 1044 2460 ἱερουργοῦντος
1102 2387 1239 2439 κατά
1295 2386 1360 2438 τά
1417 2385 1703 2459 ἀνάκτορα,
1741 2387 1928 2460 ἀναγι-

284 2473 548 2528 νώσκεται
611 2475 703 2546 μὲν
763 2472 978 2544 διττῶς,
1052 2478 1156 2527 τῶν
1232 2469 1505 2547 πρέσϐεων
1584 2473 1794 2546 σύναμα
1849 2477 1930 2545 τῷ

292 2697 411 2757 net,
444 2689 786 2748 nonnullius
809 2691 1028 2762 negotii
1053 2707 1144 2744 res
1187 2690 1299 2744 fuit
1339 2689 1548 2760 deponi
1581 2706 1610 2744 c
1643 2691 1777 2744 sede
1822 2707 1922 2760 pa-

292 2779 762 2850 triarcham,ipso
785 2779 1128 2849 dignitatem
1147 2794 1269 2832 eam
1289 2777 1438 2831 ultro
1463 2794 1576 2832 non
1601 2779 1925 2844 abdicante,

301 2885 408 2923 nec
429 2867 647 2939 sperari
691 2868 918 2922 sinente
958 2866 1392 2920 abdicaturum.
1429 2865 1790 2936 Interrogare
1822 2883 1924 2920 au-

300 2961 418 3010 tem
453 2973 584 3010 eum
616 2973 687 3010 an
722 2959 960 3026 paratus
1017 2958 1171 3010 esset
1218 2959 1424 3024 sponte
1465 2954 1683 3019 cedere,
1717 2959 1772 3008 et
1805 2969 1922 3007 rem

295 3045 430 3099 aleae
454 3045 810 3099 committere
831 3060 945 3097 non
968 3042 1245 3113 explorati
1271 3041 1717 3112 responsi,haud
1736 3048 1922 3095 tutum

292 3139 382 3188 est
410 3133 620 3188 visum.
679 3132 1015 3203 Expeditius
1069 3131 1398 3200 judicatum
1432 3135 1520 3184 est
1552 3130 1920 3200 interpretari

293 3221 682 3277 voluntariam
718 3223 845 3290 ejus
894 3219 1321 3274 abdicationem
1354 3218 1512 3273 velut
1554 3219 1676 3286 jam
1711 3220 1920 3273 factam

295 3327 362 3365 ex
396 3310 467 3364 iis
526 3326 652 3380 quas
703 3312 906 3380 pactus
930 3324 1063 3363 cum
1114 3308 1462 3377 imperatore
1495 3308 1700 3362 fuerat.
1736 3307 1930 3361 Auditi

293 3413 430 3469 ergo
461 3402 639 3452 testes
671 3401 809 3452 sunt
855 3395 1066 3460 idonei,
1105 3396 1491 3466 princepsque
1532 3395 1586 3449 in
1621 3396 1693 3450 iis
1745 3395 1930 3450 Dicam

296 3485 510 3557 pbylax
543 3484 936 3551 Scutariores;
982 3483 1082 3554 qui
1131 3484 1542 3538 conﬁrmarent
1590 3483 1931 3554 promisisse

299 3573 631 3644 Josephum,
677 3573 723 3628 si
767 3571 944 3644 legati
1005 3572 1198 3627 Romae
1259 3571 1552 3642 negotium
1611 3572 1928 3627 concordiae

297 3663 708 3732 transigerent,
744 3660 1138 3731 patriarchatu
1164 3675 1224 3714 se
1255 3675 1591 3727 cessurum;
1625 3661 1928 3714 eumdem-

296 3751 696 3822 quejuratum
729 3764 1093 3804 asseverasse
1107 3764 1167 3802 se
1181 3763 1599 3802 consensurum
1627 3765 1927 3818 nunquam

293 3839 353 3892 in
387 3840 558 3893 istam
608 3853 830 3909 pacem.
868 3837 967 3892 His
997 3835 1312 3906 compertis
1363 3837 1696 3906 congregati
1753 3852 1931 3906 super

294 3926 401 3980 hoc
456 3925 708 3996 episcopi
767 3923 1150 3980 concordibus
1181 3923 1327 3979 votis
1375 3927 1707 3978 statuerunt
1749 3922 1928 3978 videri

293 4014 405 4069 hoc
438 4013 563 4084 ipso
598 4013 988 4084 patriarchum
1023 4030 1055 4067 a
1080 4012 1330 4082 Josepho
1383 4013 1503 4082 jam
1563 4028 1718 4066 nunc
1777 4010 1927 4066 ultro

293 4103 648 4174 depositum,
673 4103 875 4174 utique
897 4102 1248 4170 conditione,
1281 4118 1348 4155 ex
1379 4118 1494 4172 qua
1527 4100 1621 4155 ille
1653 4117 1820 4155 suam
1854 4099 1926 4153 li-

291 4192 491 4247 beram
508 4192 934 4247 abdicationem
951 4191 1479 4261 suspenderat,jam
1502 4189 1654 4244 clare
1669 4189 1924 4259 impleta,

295 4279 534 4350 ipsoque
561 4280 869 4336 manifeste
891 4279 1165 4348 deinceps
1188 4278 1455 4346 inhabili,
1480 4278 1924 4350 propterjusju-

293 4367 542 4421 randum
569 4382 682 4437 quo
704 4381 764 4421 se
787 4365 1194 4431 obstrinxerat,
1223 4366 1291 4420 ad
1320 4381 1447 4420 eam
1489 4365 1801 4436 gerendam
1835 4366 1925 4419 di-

292 4455 594 4524 gnitatem.
626 4455 740 4511 Nec
771 4454 942 4508 istam
972 4453 1142 4523 longe
1172 4454 1474 4523 quaesitam
1497 4453 1924 4525 interpretatio-

1956 3179 1997 3244 C

2032 1852 2513 1931 ἀπακριϐούμενοι.
2546 1863 2739 1929 ’ᾘρετο
2771 1852 2828 1908 δὲ
2881 1859 3060 1926 μεῖζον
3107 1853 3170 1906 τὸ
3216 1851 3448 1925 σχίσμα,
3492 1851 3578 1904 καὶ
3637 1849 3664 1902 6

2035 1945 2163 2018 χθὲς
2217 1943 2304 1998 ἐπὶ
2352 1943 2495 2016 τῷδε
2544 1943 3069 2020 πληροφορούμενος
3124 1942 3358 2013 σήμερον
3415 1938 3668 2012 ἀπεστρέ-

2034 2055 2181 2107 φετν.
2236 2035 2336 2089 Καὶ
2396 2033 2575 2108 ὥσπερ
2634 2033 2686 2088 εἷ’
2734 2055 2817 2095 τις
2865 2032 3337 2105 κακοσπλάγχνως
3384 2025 3527 2104 ἔχων
3559 2027 3670 2082 ἐπι-

2035 2117 2343 2193 συμῧάντος
2399 2122 2488 2176 καὶ
2547 2123 2720 2176 ἄλλου
2775 2123 3086 2193 νοσήματος
3147 2117 3374 2173 διπλοῦν
3436 2116 3551 2191 ἔχει
3608 2118 3669 2170 τὸ

2037 2209 2224 2284 ἄλγος,
2281 2210 2370 2264 καὶ
2422 2212 2484 2265 τὸ
2536 2210 2794 2285 πρότερον
2828 2207 3036 2282 αὔξεται
3068 2212 3136 2281 τῇ
3166 2212 3261 2262 τοῦ
3289 2206 3672 2281 ἐπιγενομένου

2035 2297 2419 2373 προσ-κρούσει,
2481 2298 2654 2353 ἐκεῖνα
2712 2296 2758 2352 δ’
2804 2297 2957 2360 αὖθις
2986 2297 3121 2369 πρὸς
3166 2295 3389 2365 ἄλληλα
3429 2293 3674 2372 διαφέρε-

2034 2407 2125 2442 τον
2157 2382 2294 2441 ὥστε
2323 2387 2384 2440 τὸ
2418 2387 2493 2450 εἰς
2534 2385 2816 2462 θεραπείαν
2869 2385 3064 2440 τούτου
3119 2385 3208 2439 καὶ
3267 2383 3537 2452 συστολὴν
3597 2381 3673 2444 εἷς

2039 2473 2200 2544 αὸξην
2261 2477 2483 2550 θατέρου
2542 2474 2776 2549 γίνεσθαι
2855 2474 2944 2528 καὶ
3028 2473 3377 2548 ἀπαγορεύειν
3434 2472 3526 2526 τὸν
3581 2491 3678 2524 κα-

2034 2695 2197 2746 sueta
2218 2691 2451 2763 Josephi
2487 2697 2552 2747 ut
2583 2693 2922 2764 patriarchas
2972 2691 3292 2757 mentione;
3345 2694 3401 2745 et
3443 2691 3568 2760 ipse
3598 2690 3669 2744 ad

2035 2783 2277 2834 Lauram
2311 2796 2486 2850 prope
2519 2780 2806 2850 Anapium
2840 2781 3009 2834 sitam
3032 2796 3100 2834 ex
3122 2778 3429 2850 Periblepti
3462 2793 3664 2832 mona-

2034 2867 2208 2921 sterio
2243 2867 2526 2937 migravit.
2577 2868 2854 2936 Ejusdem
2908 2884 3078 2938 porro
3129 2866 3347 2922 mensis
3379 2866 3471 2920 die
3502 2870 3665 2920 sexta

2033 2955 2278 3022 decima,
2311 2955 2547 3011 Nicolao
2587 2955 3036 3010 Chalcedonensi
3088 2956 3269 3010 sacris
3301 2958 3575 3026 operante
3607 2953 3663 3007 in

2034 3043 2233 3112 palatii
2267 3059 2432 3098 sacra
2469 3044 2605 3107 sede,
2631 3043 2849 3114 duplici
2907 3044 3108 3115 lingua
3151 3042 3527 3114 pronuntiata
3555 3045 3662 3110 est,

2034 3148 2206 3200 quam
2240 3135 2466 3196 vocant,
2489 3131 2761 3202 epistola;
2791 3132 2898 3186 fuit
2945 3148 3012 3187 ea
3059 3134 3237 3186 sectio
3268 3149 3335 3186 ex
3361 3131 3510 3186 libro
3543 3131 3664 3184 Ac-

2037 3222 2229 3273 torum
2266 3237 2278 3274 :
2311 3220 2462 3274 Petri
2493 3222 2647 3275 enim
2684 3220 2960 3291 principis
3010 3220 3405 3290 apostolorum
3451 3221 3667 3274 festum

2036 3322 2102 3360 ea
2133 3308 2226 3362 die
2258 3309 2535 3378 agebatur
2568 3308 2733 3372 illud,
2768 3309 2917 3379 quod
2951 3307 3253 3363 consuevit
3285 3306 3538 3362 Ecclesia
3575 3321 3667 3359 ce-

2035 3393 2260 3449 lebrare
2291 3396 2458 3450 titulo
2489 3396 2880 3466 Depositionis
2931 3412 3230 3451 sacrorum
3278 3393 3665 3450 vinculorum.

2033 3486 2274 3536 Sacrum
2303 3500 2532 3554 quoque
2565 3485 2939 3554 Evangelium
2972 3483 3154 3538 simili
3185 3481 3508 3538 differentia
3556 3480 3668 3534 lin-

2034 3586 2281 3640 guarum
2315 3572 2506 3626 Graece
2538 3573 2754 3642 pariter
2782 3577 2837 3628 et
2869 3571 3064 3627 Latine
3104 3572 3407 3627 recitatum
3457 3574 3565 3624 est.
3600 3569 3669 3623 Et

2034 3660 2116 3714 sic
2147 3658 2270 3714 loco
2305 3659 2534 3730 preprio
2564 3661 2725 3731 Papae
2758 3662 2934 3715 etiam
2961 3677 3061 3731 per
3091 3661 3400 3715 diaconum
3449 3658 3663 3714 solem-

2034 3748 2124 3802 nis
2154 3749 2372 3803 mentio
2403 3753 2492 3802 est
2523 3749 2689 3816 facta,
2722 3753 2778 3803 et
2807 3749 3119 3819 Gregorius
3149 3765 3421 3803 summus
3473 3743 3661 3817 ponti-

2034 3837 2122 3890 fex
2154 3836 2481 3907 apostolicae
2515 3835 2778 3892 Ecclesizs
2810 3853 2876 3891 ac
2925 3836 3317 3892 oecumenicus
3351 3851 3499 3906 papa
3529 3849 3660 3903 pro-

2031 3923 2338 3981 clamatus.

2094 4068 2182 4119 23.
2215 4068 2286 4121 De.
2316 4066 2611 4121 schismate
2641 4068 2961 4121 universam
2990 4065 3290 4120 Ecclesium
3319 4063 3599 4117 turbante.

2102 4189 2244 4245 Hinc
2280 4207 2368 4246 res
2398 4190 2666 4246 Ecclesiae
2698 4191 3058 4256 laborabant,
3092 4193 3148 4244 et
3180 4186 3670 4258 disjungebantur

2029 4279 2099 4334 ab
2133 4279 2378 4334 invicem
2404 4280 2691 4348 homines,
2714 4280 2853 4334 dum
2878 4279 3116 4333 alterius
3141 4277 3286 4331 alter
3302 4273 3665 4330 communio-

2033 4383 2164 4421 nem
2223 4367 2501 4432 admittit,
2536 4368 2634 4422 alii
2666 4368 2899 4422 odiosas
2932 4366 3060 4420 illas
3110 4364 3340 4419 divortii
3378 4361 3665 4418 formulas

2032 4461 2316 4525 usurpant
2352 4473 2364 4509 :
2405 4479 2423 4505 ε
2461 4457 2606 4510 Cave
2638 4457 2816 4521 adire,
2852 4471 2986 4509 cave
3016 4459 3272 4524 tangere,
3305 4473 3332 4501 n
3369 4450 3660 4522 supersti-

294 4560 424 4598 nem
451 4543 675 4598 censeri
703 4559 888 4612 posse,
925 4543 1022 4596 sed
1047 4558 1240 4597 veram
1287 4543 1715 4613 expressionem
1760 4545 1925 4596 certae
1958 4523 2004 4588 1)
2038 4542 2243 4598 tiosam
2277 4544 2449 4599 istam
2485 4543 2995 4598 contaminationis
3043 4557 3111 4596 ex
3127 4523 3146 4524 η
3167 4539 3498 4611 promiscuo
3549 4554 3659 4592 usu

289 4631 626 4699 voluntatis,
643 4647 770 4701 quae
791 4647 858 4685 ex
878 4630 1272 4686 conditionata
1287 4631 1342 4684 in
1363 4631 1688 4686 absolutam
1714 4634 1920 4684 eventu

291 4721 418 4790 ipso
449 4719 530 4774 rei
555 4736 654 4790 per
685 4719 1074 4774 conditionem
1114 4735 1398 4790 expressa;
1421 4718 1739 4783 transierit,
1772 4736 1922 4788 prae-

294 4809 496 4863 sertim
527 4824 658 4862 cum
691 4810 790 4878 qui
822 4808 994 4862 ﬁdem
1025 4808 1092 4862 ad
1128 4807 1184 4860 id
1218 4823 1385 4862 suam
1417 4807 1593 4862 etiam
1646 4806 1921 4877 religione

293 4896 652 4951 irrevocabili
702 4896 1021 4967 juramenti
1070 4896 1220 4950 399
1281 4895 1640 4965 obligaverit,
1687 4911 1916 4948 omnem

292 4985 403 5039 sibi
436 4986 507 5039 ad
537 4983 671 5040 inde
703 4985 1082 5040 resiliendum
1114 4982 1678 5051 occluseritexitum,
1706 4999 1808 5037 nec
1830 4982 1918 5036 in-

288 5076 516 5144 tegrum
579 5073 688 5128 sibi
747 5072 998 5140 amplius
1041 5069 1793 5141 reliquerit,conclusajam
1820 5071 1919 5124 Ec-

289 5159 602 5215 clesiarum
636 5159 966 5228 concordia,
995 5158 1055 5212 in
1079 5175 1145 5213 ea
1166 5159 1300 5213 sede
1325 5162 1601 5229 perstare,
1634 5159 1692 5212 in
1724 5176 1838 5226 qua
1859 5174 1919 5213 se

292 5264 406 5302 non
439 5249 839 5318 perstiturum,
890 5246 937 5300 si
995 5247 1064 5312 de
1102 5246 1216 5300 ista
1269 5261 1408 5316 pace
1451 5247 1918 5315 convinerentur,

290 5335 406 5390 Deo
441 5335 628 5406 palam
661 5340 808 5390 teste
842 5333 1132 5405 pollicitus
1164 5334 1260 5389 sit.
1316 5334 1412 5389 [lis
1462 5336 1530 5388 de
1561 5335 1751 5390 causis
1782 5351 1917 5389 con-

291 5425 449 5479 cordi
471 5423 745 5491 sulfragio
774 5423 1011 5477 Patrum
1043 5437 1244 5476 vacare
1292 5423 1459 5477 sedes
1507 5423 1918 5478 Constantino-

293 5510 828 5584 politanajudicata
844 5518 948 5565 est.
977 5512 1177 5580 Itaque
1203 5510 1420 5566 mensis
1440 5511 1703 5566 Januarii
1737 5511 1915 5567 unde-

288 5601 443 5657 cima
471 5599 564 5655 die
593 5598 846 5670 primum
879 5613 1046 5654 sacra
1075 5597 1196 5655 ﬁeri
1228 5602 1411 5671 empta
1451 5603 1592 5655 sunt
1620 5598 1744 5656 sine
1777 5616 1916 5654 con-

2030 4631 2400 4686 formidinem
2437 4648 2621 4700 usque
2653 4632 2720 4685 ad
2773 4631 3070 4684 vitandum
3117 4628 3456 4699 poculorum
3482 4627 3656 4680 etiam

2030 4723 2386 4784 contactum,
2419 4736 2604 4789 usque
2635 4720 2705 4772 ad
2738 4717 3213 4789 compellutiones
3253 4715 3660 4771 allocutiones-

2031 4823 2140 4876 que
2172 4807 2520 4861 omittendas
2559 4809 2712 4861 400
2742 4807 3115 4862 extendentes
3150 4822 3163 4860 :
3197 4803 3660 4875 augescebatque

2031 4894 2089 4948 in
2122 4894 2244 4948 dies
2276 4894 2556 4962 schisma,
2616 4896 2696 4949 ita
2729 4901 2792 4949 ut
2843 4894 2946 4965 qui
3007 4892 3132 4947 heri
3165 4909 3276 4946 non
3338 4891 3662 4945 dubitasset

2030 4983 2447 5037 consuetudine
2467 4983 2549 5036 uti
2571 4983 2922 5053 cujuspiam,
2942 4981 3212 5036 eumdem
3237 4979 3406 5033 hodie
3431 4993 3660 5031 aversa-

2030 5074 2207 5124 retur.
2233 5075 2310 5125 Ac
2343 5071 2516 5125 veluti
2551 5072 2596 5125 si
2632 5072 2858 5138 cuijam
2888 5069 3036 5124 male
3060 5068 3307 5123 interius
3337 5066 3538 5120 alfecto
3565 5080 3662 5117 no-

2029 5175 2134 5213 vus
2167 5159 2400 5214 aliunde
2430 5159 2670 5230 insuper
2702 5159 2939 5214 morbus
2971 5155 3301 5220 accesserit,
3330 5153 3665 5223 duplicatur

2032 5247 2240 5301 misero
2274 5247 2455 5311 dolor,
2481 5254 2537 5301 et
2558 5247 2719 5319 prius
2742 5246 2960 5301 malum
2986 5263 3019 5300 a
3045 5242 3487 5313 superveniente
3531 5239 3663 5292 lan-

2028 5351 2205 5404 guore
2237 5336 2536 5402 gravitatis
2591 5352 2654 5389 ac
2700 5334 2978 5390 molestia:
3011 5335 3391 5401 augmentum
3423 5325 3656 5395 accipit,

2028 5422 2167 5492 quin
2198 5423 2370 5477 etiam
2404 5424 2512 5493 ipsi
2547 5425 2716 5478 ambo
2751 5423 2944 5496 morbi
2968 5423 3230 5490 pugnant
3259 5417 3408 5469 inter
3437 5428 3564 5467 sese
3596 5411 3650 5464 in

2027 5509 2338 5580 Perniciem
2356 5511 2571 5579 agroti,
2594 5512 2762 5580 cujus
2782 5511 2849 5566 ad
2873 5506 3306 5563 incommodum
3332 5499 3652 5556 miseriam-

2026 5613 2137 5668 que
2161 5600 2448 5653 redundat
2471 5600 2624 5669 quod
2648 5615 2772 5670 qua:
2797 5595 3052 5652 remedia
3079 5591 3320 5648 levando
3346 5592 3486 5645 forte
3517 5587 3644 5643 lan-
