4110 6280
403 312 511 370 855

1698 320 1995 375 GEORGII
2034 318 2490 373 PACHYMERE

3677 315 3784 369 856

411 455 630 509 μνοντα,
661 435 753 489 τὸν
796 435 955 491 αὐτὸν
1010 438 1213 509 τρόπον
1263 440 1353 494 καὶ
1382 435 1504 495 τότε
1533 444 1601 514 τῇ
1626 444 1721 495 τοῦ
1753 446 1883 495 Θεοῦ
1915 442 2036 495 Ἐκ·
2070 445 2119 510 Α
2152 438 2387 511 κορὺζης
2421 439 2593 508 ὁπόση
2624 440 2637 494 l
2670 440 2737 495 Ὀ
2765 459 2815 501 τι
2871 435 2916 491 δ’
2975 436 3034 492 ἄν
3092 459 3173 499 τις
3231 436 3430 492 έκεινον
3460 437 3551 490 καὶ
3581 438 3785 493 πείσειε

407 522 612 593 κλησίᾳ
668 520 961 579 συνέϐαινε.
1023 527 1294 597 Προόντος
1351 530 1451 603 γὰρ
1520 530 1892 603 ἀποχρώντως
1951 534 2046 583 τοῦ

407 611 544 665 κατὰ
592 612 683 665 τὸν
761 612 1036 686 Ἀρσένιον
1114 617 1445 688 σχίσματος,
1516 616 1899 689 ἐπισυμπίπτει
1957 617 2045 671 καὶ

408 697 655 772 δεύτερον
697 698 843 771 τόδε,
897 702 1023 755 ὥστ’
1072 703 1203 756 εἶναι
1260 705 1351 774 μὲν
1398 705 1485 758 καὶ
1536 703 1699 780 ἄμφω
1726 705 1791 757 τὰ
1826 706 2049 777 μέγιστοι

410 787 814 863 ἀῤῥωστήματα
868 789 958 843 καὶ
1016 790 1077 843 τὸ
1153 790 1287 866 μέγα
1352 796 1450 860 τῆς
1507 793 1831 862 ἘκκΑησίκς
1891 798 2049 865 σῶμα

407 877 498 929 καὶ
557 876 906 930 ἀστασίαστον
966 877 1054 930 οἷά
1105 900 1162 933 τε
1219 878 1682 951 διαλυμαίνεσθοιι,
1741 883 1858 941 καθ’
1914 881 2050 934 αὑτᾶ

411 960 469 1017 δὲ
498 963 585 1016 καὶ
618 962 737 1019 λίαν
792 960 1091 1037 ἀξύμϐατοι,
1139 967 1335 1028 αὐτοὺς
1381 966 1582 1031 δἀὗθις
1630 968 1756 1031 τοὺς
1796 970 2048 1043 ἑκατέρας

414 1050 635 1125 μερίδος
692 1052 829 1125 πρὸς
902 1052 1186 1123 ἀλλήλους
1256 1053 1564 1132 διαφωνεῖν,
1621 1056 1709 1110 καὶ
1767 1056 1892 1118 τοὺς
1956 1057 2048 1128 μὲν

412 1142 495 1211 [Ρ.
526 1141 652 1211 272]
687 1139 878 1207 οὕτως,
922 1140 1048 1201 τοὺς
1099 1140 1144 1195 8'
1194 1140 1397 1207 ἄλλως¹
1434 1145 1522 1197 καὶ
1552 1143 1680 1204 τοὺς
1716 1146 1806 1215 μέν
1836 1143 2049 1210 ἀπλῶς,

408 1225 536 1287 τοὺς
593 1224 639 1279 δ’
697 1223 1072 1301 ἀκριϐέστερον
1133 1226 1430 1293 διακεῖσθαι
1491 1231 1576 1285 έπὶ
1633 1236 1710 1303 τῷ
1763 1231 2046 1305 σχίσματι.

414 1314 509 1374 Τίς
567 1311 624 1366 ἄν
683 1313 750 1367 τὰ
804 1314 925 1368 τότε
978 1315 1139 1387 ἀξίως
1189 1319 1473 1390 θρηνήσοι,
1534 1318 1669 1373 ὅπου
1716 1341 1775 1394 γε
1819 1320 1907 1373 καὶ
1948 1326 2048 1373 πᾶν

413 1400 640 1454 καὶτῶν
691 1403 1071 1475 ἀπειρημένων
1120 1402 1515 1477 πλημμέλημα
1562 1405 1717 1460 οὐδὲν
1759 1404 1931 1460 ἐδόκει
1962 1408 2048 1461 καὶ

415 1488 491 1548 εἰς
548 1488 877 1562 συγκρίσεως
951 1490 1113 1564 Λόγον
1189 1496 1285 1545 τοῖ’)
1337 1499 1612 1547 κοινωνεῖν
1669 1493 2050 1567 ἀνεκτότερον;

416 1573 669 1650 οὐδὲγὰρ
731 1576 853 1630 ὅσον
912 1578 1001 1630 καὶ
1058 1578 1337 1650 πέπρακτο
1396 1581 1482 1633 ἐπὶ
1522 1587 1635 1642 τοῖς
1664 1580 1763 1649 ἔξω
1795 1580 2057 1657 διεφημί-

420 1668 559 1731 ζετο,
591 1660 736 1717 ἀλλὰ
760 1663 1110 1738 προσετίοουν
1153 1664 1328 1719 πλείω
1375 1668 1463 1720 καὶ
1517 1667 1787 1742 χείριστα.
1836 1666 2059 1724 Ἐπιδα-

2154 526 2351 600 λέγων.
2389 526 2691 599 μετριάζειν
2717 526 2853 599 πρὸς
2882 529 3047 579 ταῦτα
3087 528 3159 586 ὡς
3196 523 3363 595 μηδὲν
3404 523 3575 579 πλέον
3611 522 3787 578 εἰδότα

2158 614 2440 685 μακέλλης
2484 636 2539 668 τε
2587 616 2675 668 καὶ
2728 614 3002 680 σκαπάνης
3053 614 3142 666 καὶ
3196 615 3382 684 βιοτῆς
3416 614 3785 686 ἀπράγμονος,

2153 702 2453 762 Τοιούτους
2484 701 2693 755 πολλοὶ
2732 701 2860 762 τοὺς
2920 698 3163 760 πολλοὺς
3219 701 3462 770 εὑρόντες
3512 697 3657 768 (οὐδὲ
3686 700 3787 771 γὰρ

2153 789 2365 842 πάντων
2400 792 2426 841 ὁ
2459 789 2625 861 λόγος
2656 790 2897 859 ἅπτεται)
2955 790 3036 850 οἷς
3086 785 3149 855 δὴ
3211 787 3301 841 καὶ
3346 784 3508 859 λόγος
3539 793 3638 853 τῆς
3672 783 3789 839 δια-

2155 883 2321 950 φορᾶς
2355 880 2701 951 προειστήκει
2750 875 2837 930 καί
2888 877 3135 947 ἱστορίας·
3187 874 3408 947 μέλημα
3438 875 3502 941 ἦν
3536 874 3623 927 καὶ
3657 894 3789 946 γρα-

2156 971 2277 1038 φαῖς
2310 971 2604 1038 προσεῖχον
2636 967 2721 1017 καὶ
2774 965 2832 1017 τὸ
2887 971 2986 1032 τῆς
3047 962 3330 1022 αἶ’τιάσεως
3364 963 3563 1015 ὁπόσον
3593 960 3657 1034 ᾖν
3686 960 3791 1034 έγί-

2154 1073 2383 1129 νωσκρν,
2416 1053 2506 1106 καὶ
2556 1052 2662 1126 οὐχ
2703 1055 2863 1119 ἦττον
2922 1050 3149 1123 μετρίως
3189 1050 3222 1116 ἢ
3259 1047 3515 1124 ἀσφαλῶς
3548 1047 3788 1122 ἐχρῶντο

2156 1147 2268 1200 τοῖς
2299 1139 2600 1213 πράγμασι,
2640 1145 2821 1211 μεῖζον
2852 1138 3066 1192 ἐποίουν
3098 1136 3132 1204 ἢ
3177 1136 3301 1190 ὅσον
3333 1133 3439 1190 ἔδει
3468 1136 3530 1189 τὸ
3562 1135 3789 1207 σχίσμα.

2158 1229 2363 1302 Ἐχρῆν
2410 1228 2510 1300 γὰρ
2567 1228 2694 1288 ἴσως
2753 1226 2949 1280 ὁπόσον
2983 1225 3048 1293 ἦν
3087 1225 3214 1297 χθὲς
3243 1224 3303 1277 τὸ
3337 1224 3471 1298 πρὸς
3499 1222 3627 1280 τοὺς
3658 1224 3795 1275 Ἱτα-

2157 1316 2286 1375 λοὺς
2316 1316 2541 1378 ἐκείνοις
2572 1313 2850 1391 διάφορον9
2902 1317 3156 1367 τοσοῦτον
3186 1311 3277 1365 καὶ
3309 1312 3444 1386 πρὸς
3474 1310 3597 1370 τοὺς
3629 1308 3795 1369 ἰδίους

2158 1403 2329 1478 ἔχειν,
2357 1405 2492 1457 ὅπου
2522 1403 2582 1477 γέ
2627 1424 2770 1466 τινες
2826 1402 2913 1456 καὶ
2969 1400 3151 1463 αὐτοῖς
3196 1398 3261 1467 δὴ
3294 1399 3413 1453 τότε
3443 1399 3579 1453 κατᾶ
3608 1399 3794 1472 χρείαν

2158 1496 2545 1551 κοινωνοῦντες
2603 1492 2721 1543 καθ’
2777 1492 2805 1543 ὅ
2860 1510 2912 1541 τι
2969 1510 3050 1549 τις
3093 1486 3281 1551 εἶ’πειε,
3312 1492 3415 1540 τῶν
3446 1485 3598 1540 ἰδίων
3636 1484 3794 1540 ἀδελ-

2162 1582 2274 1654 φῶν
2308 1579 2381 1639 ὡς
2414 1578 2771 1653 ἐναγεστοὶτων
2832 1575 3121 1631 διίσταντο.
3177 1573 3352 1631 Ἀλλὰ
3404 1576 3469 1628 τὰ
3526 1576 3619 1646 μὶν
3662 1574 3798 1628 ἐκεί-

2159 1688 2267 1720 νων
2302 1666 2465 1734 οὕτω,
2496 1667 2584 1719 καὶ
2619 1668 2645 1719 ὁ
2690 1666 2853 1740 λόγος
2898 1666 3285 1739 παρενήνεκται
3319 1667 3411 1716 τοῦ
3445 1663 3672 1728 εἰκότος,
3703 1666 3798 1715 τοῦ

420 1748 775 1822 ψιλευὸμενοι
832 1756 945 1812 τοῖς
1013 1753 1309 1817 κακίστοις,
1370 1755 1444 1815 ὡς
1496 1754 1555 1808 ἄν
1614 1756 1934 1830 ὑπαγάγοιεν
1966 1756 2364 1849 καὶΒπάθους
2414 1757 2752 1823 κινήσαντος.
2816 1752 2955 1809 Οὐδὲ
3005 1752 3105 1827 γὰρ
3165 1750 3411 1826 ἐγκαλεῖν
3473 1750 3601 1806 ἀλλ’
3646 1752 3797 1804 ἱστο-

423 1840 517 1893 τὸν
546 1843 728 1900 ποσῶς
758 1840 1121 1913 ἡσυχάζοντα.
1153 1843 1228 1897 Τό
1276 1862 1335 1915 γε
1387 1842 1486 1916 γὰρ
1517 1847 1623 1897 τῶν
1657 1843 1924 1917 λεγόντων
1955 1864 2055 1896 κα-

427 1932 661 2001 κοῦργον
705 1928 789 1981 καὶ
836 1934 944 1982 τῶν
990 1926 1293 1983 ἀκουόντων
1351 1928 1622 1985 ἰδιωτικόν
1662 1952 1720 1985 τε
1749 1932 1836 1984 καὶ
1869 1933 2056 2005 ἀγροῖ-

421 2037 516 2072 κον
549 2017 714 2091 ἐπῆγε
770 2016 949 2070 πίστιν
1002 2022 1119 2078 τοῖς
1180 2016 1517 2092 λεγομένοις,
1581 2023 1806 2096 Σῶφρον
1840 2020 1931 2091 μὲν
1967 2017 2057 2072 οὖν

420 2106 514 2159 τὸν
544 2105 794 2177 ἀγροῖκον
830 2106 905 2177 μὴ
951 2105 1458 2180 πολυπραγμονεῖν,
1518 2106 1643 2162 ἀλλ’
1699 2107 2062 2181 ἀπραγμόνως

419 2193 600 2256 ἐᾶσθαι
662 2192 943 2261 σώζεσθαι.
1003 2195 1101 2249 Ἤν
1162 2192 1218 2248 δέ
1269 2215 1355 2256 τις
1412 2196 1593 2264 κινοίη
1653 2194 1741 2248 καὶ
1800 2192 2059 2268 διεγείροι

415 2283 552 2355 πρὸς
582 2281 644 2335 τὸ
676 2278 833 2349 δῆθεν
883 2281 1267 2358 ἀσφαλίζεσθαι
1318 2284 1385 2337 τὰ
1435 2283 1510 2345 εἰς
1557 2284 1764 2351 πίστιν,
1817 2284 1912 2358 φεῦ
1962 2290 2060 2351 τῆς

415 2422 663 2479 gnorum
681 2407 847 2463 alteri
870 2407 1036 2463 utilla
1057 2407 1670 2475 admoventur,eadem
1696 2408 1872 2462 simul
1890 2406 2052 2462 alteri

410 2497 568 2551 vires
611 2495 1001 2563 accumulant,
1050 2496 1133 2551 sic
1172 2496 1271 2551 Dei
1302 2495 1570 2551 Ecclesiae
1602 2501 1740 2550 tunc
1790 2496 2050 2566 contigit,

409 2584 501 2639 cui
533 2599 663 2639 cum
689 2585 813 2655 jam
847 2588 1013 2639 antea
1038 2583 1268 2638 abunde
1292 2583 1579 2638 malorum
1612 2588 1767 2639 esset
1788 2600 1856 2637 ex
1876 2588 2051 2638 Arse-

415 2671 589 2727 niano
622 2671 960 2738 schismate,
1005 2669 1253 2725 alterum
1304 2670 1411 2725 hoc
1460 2672 1814 2742 supervenit,
1875 2687 2049 2742 grave

414 2766 729 2836 utrumque
760 2775 862 2831 per
905 2775 1033 2815 sese
1061 2758 1296 2825 vulnus,
1330 2759 1429 2813 sed
1473 2760 1718 2829 quodvis
1749 2775 1949 2814 eorum
1981 2775 2048 2813 ex

413 2853 618 2904 mutua
647 2850 920 2904 societate
950 2846 1348 2917 importunius
1371 2863 1435 2901 ac
1454 2848 1679 2913 tetrius,
1710 2863 1921 2917 magno
1940 2847 2045 2900 Ec-

414 2937 601 2993 clesiae
631 2952 871 3008 corpore
902 2941 1337 3007 utcunquetum
1363 2936 1433 2990 ab
1475 2935 1781 2989 haeresium
1808 2934 2041 2988 seditio-

415 3025 588 3081 nibus
619 3025 799 3080 libero
855 3040 955 3095 per
1009 3024 1116 3078 hos
1174 3025 1459 3094 quosdam
1515 3022 1757 3075 infestos
1797 3021 2042 3075 invicem

2168 1848 2275 1916 ρεῖν
2334 1843 2688 1914 προεθέμεθα.
2748 1842 2906 1897 ’Όθεν
2964 1840 3053 1893 καὶ
3112 1839 3139 1891 ὁ
3197 1839 3291 1910 μὲν
3347 1838 3509 1912 λόγος
3556 1837 3692 1911 ψιλὰ
3739 1837 3802 1891 τὰ

2167 1930 2475 2004 πραχθέντα
2529 1930 2762 1999 τίθησιν,
2822 1928 3023 1997 ἐξέσται
3078 1925 3135 1979 δὲ
3190 1925 3391 1999 κρίνειν
3442 1932 3519 1998 τῷ
3599 1926 3799 2000 βουλο-

2172 2020 2339 2091 μένῳ.

2170 2124 2271 2179 κδ’.
2333 2124 2464 2199 Ηερὶ
2524 2131 2622 2192 τῆς
2682 2123 2918 2213 ἐκλογῆς
2976 2120 3071 2175 τοῦ
3131 2119 3553 2197 Χαρτοφόλακος
3609 2122 3810 2176 Βέκκου

2683 2195 2758 2256 εἷς
2790 2195 2851 2247 τὸ
2881 2197 3293 2266 πατριαρχεῖον.

2243 2284 2480 2355 [P.273]
2538 2282 2673 2338 Τότε
2724 2281 2904 2337 τοίνυν
2961 2284 3061 2333 τοῦ
3121 2279 3216 2350 μὲν
3279 2278 3478 2355 Ἰωσήφ
3539 2278 3814 2353 ἀργήσαν-

2166 2408 2250 2461 uti
2284 2407 2402 2474 isti,
2434 2407 2546 2461 hen
2579 2424 2753 2478 quam
2790 2409 3017 2479 putide!
3078 2410 3386 2475 faciebant,
3437 2408 3801 2463 effundenda?

2165 2493 2511 2548 eruditionis
2548 2495 2965 2561 intempestivae
2997 2498 3362 2552 occasionem
3413 2512 3647 2551 sumere
3694 2496 3795 2549 ob-

2165 2583 2401 2636 ruendis
2431 2581 2906 2654 oblimandisque
2938 2601 3052 2639 non
3084 2584 3597 2654 intelligendorum
3634 2582 3793 2653 inge-

2161 2669 2352 2725 stione
2386 2671 2622 2725 rudium
2662 2672 2979 2739 mentibus,
3031 2673 3130 2727 sed
3180 2688 3415 2727 monere
3446 2671 3607 2742 ipsos
3642 2676 3702 2723 ut
3742 2670 3806 2723 in

2162 2757 2561 2812 mediocritate
2620 2758 2712 2812 isti
2776 2761 2954 2813 statui
3003 2762 3377 2814 accomodata
3407 2774 3470 2814 se
3507 2762 3801 2822 tenerent,

2159 2861 2270 2899 neu
2304 2845 2458 2899 ultra
2490 2858 2739 2900 murram
2773 2845 3795 2917 etligonemvitamquetranquillam

2158 2933 2489 2986 atfectarent
2526 2934 2595 2987 de
2640 2934 2729 2987 his
2770 2950 2990 3005 sapere.
3015 2935 3230 2989 Verum
3259 2936 3409 2989 haud
3437 2936 3521 2989 sic
3549 2935 3794 3004 agebant

2153 3021 2249 3091 qui
2273 3020 2437 3074 multi
2458 3021 2673 3075 multos
2699 3022 2841 3076 tales
2863 3028 3220 3093 repererunt.
3248 3024 3372 3078 Non
3394 3023 3547 3077 enim
3589 3038 3794 3076 omnes

412 3114 672 3170 assultus
704 3110 1772 3184 compugnantiumintraejusviscera
1792 3112 2042 3182 pestium
2078 3157 2117 3184 η
2156 3107 2277 3162 haec
2311 3124 2438 3161 mea
2478 3109 2850 3178 reprehendit
2905 3111 3113 3179 oratio,
3167 3112 3263 3165 sed
3328 3110 3482 3165 solos
3540 3126 3637 3163 eos
3688 3109 3786 3179 qui

412 3202 661 3257 duarum
684 3202 838 3257 varie
866 3201 1157 3270 discerpto
1180 3198 1504 3269 misereque
1529 3198 1796 3253 lacerato.
1828 3200 1889 3252 In
1931 3214 2045 3269 quo

410 3288 556 3345 illud
586 3289 762 3343 etiam
795 3287 1167 3358 inopinatum
1201 3286 1761 3356 cernebatur,utqui
1784 3302 1958 3340 unam
1990 3287 2050 3340 in

414 3381 639 3448 partem
690 3373 1093 3430 conscensisse
1142 3373 1509 3440 videbantur,
1560 3390 1764 3427 rursus
1806 3374 1956 3428 inter
1989 3391 2050 3430 se

412 3465 925 3529 contenderent,ea
947 3462 1017 3517 de
1035 3463 1251 3533 quibus
1277 3463 2048 3532 convenerant,quibusdam

414 3550 859 3621 hoc,nonnullis
880 3550 992 3605 alio
1017 3550 1188 3605 modo
1211 3550 1751 3619 interpretantibus,
1768 3550 1860 3605 his
1877 3555 2051 3621 caput

414 3638 817 3695 controversiae
848 3638 1192 3708 simpliciter
1246 3638 1509 3707 accipere
1564 3638 1880 3707 contentis,
1932 3638 2050 3694 illis

414 3726 693 3782 subtilius
723 3724 1341 3781 enucleantibusvelut
1367 3742 1608 3780 arcanos
1640 3728 1769 3796 ejus
1799 3742 2045 3794 sensus;

413 3821 470 3870 et
501 3817 641 3870 dum
674 3815 882 3871 obnixe
910 3815 970 3869 in
1004 3831 1111 3869 sua
1158 3815 1373 3885 quique
1423 3814 1631 3885 placita
1679 3816 2047 3882 incumbunt,

411 3903 728 3959 scissuram
762 3903 1240 3973 propagantibus.
1276 3902 1416 3968 Quis
1450 3902 1566 3956 haec
1611 3918 1714 3971 pro
1764 3902 2047 3974 dignitate

408 3991 837 4062 deploraverit?
864 3992 962 4045 ubi
982 3995 1166 4045 totum
1188 3991 1425 4044 demum
1455 3989 1647 4045 scelus
1666 3991 1938 4045 assentiri
1960 4008 2048 4046 re-

408 4080 743 4145 nuentium,
777 4079 826 4133 si
859 4079 991 4149 quis
1023 4094 1090 4133 ex
1121 4094 1252 4132 vero
1285 4082 1565 4144 censeret,
1599 4078 1746 4132 nihil
1778 4095 1908 4133 esse
1942 4080 2045 4134 de-

408 4167 957 4239 prehenderetur,ac
978 4170 1133 4220 certe
1154 4168 1554 4235 comparatum
1580 4180 1710 4219 cum
1735 4165 2049 4221 incommo-

408 4255 499 4309 dis
530 4270 599 4310 ex
629 4253 965 4325 promiscua
995 4269 1127 4307 cum
1161 4253 1323 4323 prius
1342 4252 1619 4307 absciesis
1637 4254 2047 4309 communione

409 4343 734 4398 orientibus
793 4340 1149 4396 tolerabilius
1198 4340 1564 4411 reperiretur.
1633 4341 1831 4411 Neque
1888 4344 2044 4397 enim

406 4434 687 4499 quantum
718 4431 879 4485 intus
905 4430 963 4484 in
996 4446 1061 4484 eo
1093 4434 1181 4485 est
1212 4433 1427 4496 actum,
1464 4428 1616 4483 fideli
1642 4429 1806 4483 fama;
1829 4430 2044 4485 indicio

2163 3202 2530 3267 perspectum
2568 3203 2623 3249 et
2672 3198 3030 3267 propositum
3076 3200 3261 3253 oculis
3292 3199 3572 3253 habentes
3593 3198 3795 3252 discri-

2157 3283 2332 3338 minis
2351 3283 2658 3339 articulum
2683 3286 3151 3341 etcontroversizn
3176 3291 3314 3341 tunc
3336 3288 3563 3357 agitata:
3583 3302 3782 3340 verum

2155 3376 2395 3437 statum,
2428 3372 2645 3442 quippe
2668 3372 2761 3443 qui
2791 3389 2893 3427 nec
2917 3373 2973 3427 in
2996 3373 3239 3429 historia
3265 3374 3553 3445 peregrini
3577 3378 3791 3440 essent,

2155 3464 2211 3513 et
2236 3459 2548 3530 Scripturis
2570 3461 2957 3529 attenderent,
2982 3465 3038 3517 et
3058 3467 3341 3533 quantum
3377 3462 3435 3515 in
3461 3478 3520 3516 se
3541 3461 3785 3517 invicem

2156 3546 2504 3601 dissidentes
2528 3548 2789 3603 Ecclesiae
2817 3549 3118 3619 culparent
3143 3550 3309 3621 plane
3350 3556 3783 3621 cognoscerent,

2155 3651 2221 3690 eo
2252 3640 2445 3690 tamen
2470 3637 2621 3707 quod
2647 3652 2774 3691 eam
2799 3637 2855 3690 in
2880 3636 2989 3691 hoc
3013 3638 3244 3709 negotio
3278 3638 3431 3692 haud
3472 3637 3787 3693 adhibuere

2156 3721 2638 3788 moderationem,
2674 3739 2800 3793 quae
2832 3725 2900 3777 a'l
2937 3739 3137 3794 pacem
3182 3723 3470 3793 publicam
3507 3724 3784 3778 securita-

2152 3812 2389 3879 temque
2419 3811 2673 3880 optanda
2709 3811 2912 3877 fuerat,
2947 3812 3139 3879 majus
3170 3810 3340 3883 longe
3384 3828 3561 3882 quam
3616 3828 3782 3883 Opor-

2154 3901 2345 3952 tueret
2377 3898 2634 3953 schisma
2683 3900 2963 3953 fecerunt.
3008 3900 3163 3953 Satis
3195 3901 3347 3954 enim
3383 3906 3438 3955 et
3470 3899 3779 3971 plusquam

2152 3986 2315 4051 satis,
2350 3987 2574 4056 opinor,
2596 3987 2909 4041 fueratnon
2954 3988 3261 4043 abhorrere
3285 4004 3390 4043 nos
3418 3989 3776 4045 fastidiosius

2152 4092 2182 4127 a
2213 4074 2429 4129 nostris
2460 4075 2559 4144 qui
2593 4074 2764 4129 modo
2823 4075 3113 4129 conciliati
3167 4076 3391 4132 Latinis
3438 4076 3575 4143 sint,
3609 4094 3781 4148 quam

2149 4161 2329 4215 Graeci
2358 4162 2655 4229 Latinique
2680 4160 2840 4229 prius
2876 4177 2909 4213 a
2932 4177 2992 4214 se
3021 4160 3268 4216 invicem
3295 4162 3741 4217 abhorruisseut
3770 4179 3783 4217 :

2152 4265 2305 4303 nunc
2337 4249 2620 4319 quosdam
2655 4246 2881 4302 Griecos
2900 4248 3178 4318 vidimus,
3212 4251 3310 4321 qui
3343 4266 3477 4306 cum
3509 4256 3681 4306 antea
3708 4268 3779 4306 ne

2151 4337 2308 4408 ipsos
2339 4335 2575 4407 quidem
2599 4335 2680 4390 ita
2736 4341 2931 4391 essent
2978 4338 3214 4394 Latinos
3254 4340 3502 4395 aversati
3552 4343 3617 4394 ut
3669 4356 3781 4394 non

2150 4425 2347 4496 aliqua
2378 4423 2585 4479 saltem
2607 4440 2704 4480 eos
2728 4425 2968 4480 humani
2992 4443 3132 4481 usus
3155 4444 3220 4481 ac
3247 4427 3429 4482 civilis
3451 4428 3785 4483 commercii

405 4494 547 4574 foris
578 4518 822 4574 enotuit.
844 4518 1151 4571 Addebant
1180 4494 1614 4587 scilicetpalam
1631 4518 1881 4571 ostensis
1905 4520 2041 4573 abs-
2077 4494 2120 4557 Π
2152 4494 2561 4568 communione
2583 4513 2980 4585 dignarentur,
3004 4531 3150 4584 quos
3175 4519 3372 4585 postea
3393 4515 3787 4588 intelligerent

402 4610 569 4661 trusa
619 4606 805 4676 plura,
839 4606 1160 4675 eademque
1206 4604 1483 4673 pessima,
1516 4603 1784 4659 liberales
1814 4604 1907 4659 isti
1941 4620 2038 4659 ex-

406 4699 669 4749 trusores
687 4694 966 4748 mercium
992 4692 1624 4762 pestilentissimarum,
1649 4692 1862 4763 quibus
1885 4692 2038 4748 scili-

406 4788 495 4837 cet
512 4781 802 4837 addictius
823 4780 936 4835 sibi
975 4779 1378 4850 adjungerent,
1411 4796 1557 4849 quos
1580 4785 1788 4836 natura
1808 4781 1895 4835 vel
1927 4774 2034 4835 usu

407 4875 553 4928 401
618 4870 982 4926 remissiores
1030 4887 1146 4925 non
1200 4871 1345 4925 satis
1392 4871 1682 4926 habebant
1738 4877 2038 4943 utcunque

400 4960 766 5031 acquiescere
797 4957 997 5023 videri,
1031 4960 1265 5027 quando
1322 4958 1458 5014 hinc
1516 4960 1674 5013 fraus
1724 4961 2036 5016 artificiosa

394 5050 736 5114 dicentium,
767 5046 903 5101 inde
933 5046 1292 5101 audientium
1315 5047 1545 5101 incaute
1577 5047 1825 5116 simplex
1855 5049 2033 5103 rusti-

392 5151 575 5206 ceque
601 5135 836 5190 indocta
866 5132 1235 5203 simplicitas,
1287 5134 1705 5205 conspirabant
1735 5135 1792 5188 in
1838 5136 2031 5190 conci-

393 5224 590 5278 lianda
603 5223 777 5286 dictis
791 5220 1102 5291 fide.Atqui
1125 5221 1329 5276 sobriae
1342 5222 1763 5277 moderationis
1781 5222 2032 5279 ofﬁcium

391 5314 581 5367 fuerat
608 5316 934 5382 temperare
951 5309 1023 5364 ab
1055 5309 1433 5379 inquietando
1457 5308 1706 5364 curiosis
1738 5308 2035 5381 allegatio-

394 5401 570 5455 nibus
600 5415 798 5455 crasso
814 5403 985 5470 captu
1009 5397 1347 5465 idiotarum;
1382 5402 1437 5451 et
1466 5397 1513 5452 si
1559 5397 1697 5467 quid
1718 5397 2029 5469 quisquam

389 5488 655 5558 ipsorum
683 5486 846 5542 dubii
905 5489 1183 5554 moveret,
1216 5501 1281 5541 ac
1339 5489 1619 5555 pris-textu
1678 5485 1898 5541 scilicet
1926 5487 2028 5543 ﬁr-

396 5574 595 5632 mandi
617 5591 680 5631 se
700 5575 759 5630 in
782 5574 895 5630 ﬁde
916 5579 1072 5630 recta
1102 5573 1440 5644 questionis
1463 5573 1877 5645 interponeret,
1909 5591 2026 5631 non

2150 4618 2351 4672 pacem
2409 4602 2799 4657 Ecclesiarum
2858 4602 3177 4672 amplexos,
3228 4605 3435 4659 fratres
3480 4604 3615 4659 licet
3645 4622 3784 4660 suos

2150 4691 2627 4745 abominarentur
2648 4695 2713 4745 ut
2731 4691 3242 4745 detestabiles.Sed
3268 4693 3337 4745 de
3360 4691 3452 4745 his
3474 4692 3779 4747 hactenus:

2141 4779 2265 4849 jam
2298 4778 2452 4832 enim
2502 4777 2688 4833 sentio
2748 4778 2901 4833 exire
2968 4794 3059 4833 me
3099 4778 3257 4833 ﬂuxu
3308 4779 3593 4834 sermonis
3626 4779 3779 4835 ultra

2142 4866 2317 4920 officii
2340 4865 2646 4932 cancellos,
2670 4866 2810 4919 dum
2830 4866 3033 4920 etl‘eror
3065 4866 3293 4934 affectu,
3321 4866 3631 4923 immemor
3663 4885 3775 4923 non

2146 4955 2481 5020 accusandi,
2503 4954 2599 5007 sed
2623 4954 2896 5007 narrandi
2922 4954 3252 5025 suscepisse
3281 4972 3371 5010 me
3398 4955 3777 5026 provinciam.

2143 5047 2330 5109 Quare
2358 5044 2414 5097 in
2448 5043 2598 5098 402
2648 5042 2844 5096 orbem
2887 5043 3010 5112 jam
3039 5059 3189 5097 nunc
3222 5044 3419 5099 redeat
3448 5044 3652 5111 oratio,
3690 5061 3782 5099 res

2142 5133 2297 5187 nude
2319 5135 2573 5201 utgestae
2606 5130 2724 5185 sint
2754 5147 3082 5202 preponens
3107 5131 3458 5201 judicaturis
3491 5149 3593 5203 pro
3624 5132 3785 5187 arbi-

2141 5221 2251 5275 trio
2282 5219 2617 5276 lectoribus.

2138 5320 2226 5373 24.
2263 5321 2333 5373 De
2363 5319 2628 5374 electione
2660 5316 3098 5389 rhartophylacis
3134 5319 3279 5373 Vacci
3325 5317 3383 5373 in
3405 5317 3761 5389 patriarcha-

2720 5389 2827 5442 lem
2848 5388 3198 5458 dignitatem.

2209 5488 2371 5542 Tunc
2402 5485 2601 5557 igitur,
2633 5489 2896 5550 vacante,
2929 5490 2994 5539 ut
3012 5484 3232 5539 dictum
3265 5490 3371 5551 est,
3405 5502 3503 5556 per
3534 5486 3771 5557 deposi-

2137 5574 2355 5631 tionem
2386 5573 2622 5645 Iosephi
2645 5572 3019 5645 patriarchali
3050 5574 3208 5639 sede,
3256 5578 3312 5629 et
3357 5574 3406 5629 ei
3438 5573 3535 5644 qui
3569 5589 3775 5630 succe-
