4110 6280
295 308 408 363 857

1373 313 1470 365 DE
1508 312 1878 367 MICHAELB
1915 311 2355 368 ΡΑωοιοαο
2389 315 2522 366 LIB.
2564 315 2633 366 ν.

3584 307 3690 360 858

289 452 408 500 τον,
452 431 527 494 ὡς
581 430 967 507 προλέλεκται,
1025 440 1125 502 τῆς
1181 431 1228 488 δ’
1288 432 1615 502 Ἐκκλησίας
1676 421 1941 501 ζητούσης
1973 438 2018 502 Α
2054 454 2146 493 κος
2178 431 2419 490 ἐδέδεκτο
2465 435 2754 509 ἀξιώτερος
2809 433 2874 487 τά
2923 454 2981 487 τε
3037 430 3179 488 an:
3207 431 3296 485 καὶ
3329 429 3408 484 ὅτι
3440 428 3626 504 λόγιος
3657 430 3684 483 ὁ

291 523 387 576 τὸν
421 523 893 595 προστησόμενον,
927 522 1133 578 πολλοὶ
1188 523 1520 598 ἑνεκρίνοντο
1567 527 1672 576 τῶν
1711 520 1936 576 δοκούν-

293 631 402 663 των
435 609 538 663 ἆπὸ
568 631 626 663 τε
655 632 760 664 των
800 615 1059 685 μοναχῶν
1105 611 1194 664 καὶ
1242 616 1349 664 τῶν
1389 609 1573 670 ἄλλως
1605 610 1932 682 ἱερωμένων,

293 694 487 771 ἔῤῥεπε
521 695 578 751 δὲ
608 698 774 753 πλέον
807 701 841 766 ἡ
874 703 1054 775 ψῆφος
1099 704 1175 769 τῷ
1224 699 1504 774 Πρίγκιπι,
1555 695 1706 770 ἀνδρὶ
1739 697 1938 770 εὐγενεῖ

299 787 393 855 μὲν
427 806 491 839 τα
541 784 598 847 ἐς
645 788 820 860 γένος,
870 786 928 840 ἐκ
978 786 1290 861 ῐῐριγκίπων
1346 785 1401 839 δὲ
1451 791 1558 839 τῶν
1591 787 1724 839 κατά
1756 784 1935 839 Πελο-

295 874 568 944 πόννησον
602 878 883 948 κατάγοντι
939 877 1001 930 τὸ
1059 876 1326 945 ἀνέκαθεν,
1389 876 1581 937 ὁπόθεν
1634 877 1752 935 νέος
1812 875 1941 944 ξενι-

294 961 490 1024 τεύσας
547 966 663 1017 κατ’
721 963 916 1038 ἀρετῆς
971 962 1167 1037 λόγους
1241 966 1326 1017 καὶ
1387 962 1668 1024 πολιτείας
1722 958 1942 1036 ἀκριϐε-

301 1056 505 1120 στάτης
535 1048 586 1105 ἕν
637 1073 740 1105 τινι
796 1056 899 1105 τῶν
958 1053 1095 1106 κατὰ
1149 1053 1248 1119 τήν
1307 1051 1576 1118 ἀνατολὴν
1641 1056 1818 1120 μονῶν
1847 1055 1942 1103 τοῦ

300 1141 550 1201 Μέλανος
607 1138 791 1215 ὅρους,
843 1140 978 1195 ὅπου
1035 1163 1094 1216 γε
1145 1141 1232 1195 καὶ
1291 1142 1380 1194 τὸν
1433 1142 1536 1194 ἀπὸ
1589 1145 1940 1214 πατριαρχῶν

299 1229 573 1300 Γερμανὸν
635 1229 814 1282 ἀσκεῖν
875 1228 1154 1301 ἐλέγομεν,
1214 1230 1390 1302 φέρων
1450 1228 1633 1281 ἑαυτὸν
1691 1227 1941 1301 ἐγκλείει.

303 1316 540 1378 Ἐκεῖθεν
602 1313 663 1370 δὲ
716 1317 848 1387 μετὰ
906 1316 1138 1389 χρόνους
1193 1320 1272 1387 τῷ
1334 1314 1550 1390 βασιλεῖ
1604 1320 1943 1388 προσχωρεῖ,

301 1404 394 1457 καὶ
425 1405 527 1472 τήν
555 1409 654 1458 τοῦ
713 1405 1142 1478 Παντικράτορος
1203 1406 1372 1474 μονῆν
1429 1403 1752 1470 πιστευθεῖς,
1786 1424 1944 1457 κατα-

319 1492 445 1552 στὰς
477 1491 553 1552 εἰς
585 1489 1039 1566 ἆρχιμανδρίττρω,
1092 1493 1203 1545 εἶτα
1253 1492 1341 1545 καὶ
1383 1492 1451 1544 τὰ
1502 1492 1634 1565 πρὸς
1665 1491 1788 1551 τοὺς
1823 1492 1945 1543 ἀνα-

309 1579 569 1641 τολικοὺς
629 1580 916 1653 Τοχάρους
971 1574 1412 1652 διαπρεσϐεύσεις,
1472 1580 1570 1644 τ-ἦν
1628 1579 1782 1640 νόθον
1831 1580 1951 1633 Μα-

316 1667 433 1740 ρίαν
492 1672 586 1722 τοῦ
649 1666 915 1742 βασιλέῶς
968 1667 1042 1729 εἷς
1101 1667 1316 1744 νύμφην
1378 1667 1591 1742 ἀγαγὼν
1646 1667 1818 1720 ἐκεῖσε

310 1757 542 1830 ’Λπαγᾷ,
595 1758 730 1830 πρός
777 1777 883 1810 τινι
930 1754 1141 1827 κεΛλίῳ
1187 1763 1288 1824 τῆς
1337 1756 1441 1808 τῶν
1495 1752 1737 1828 Ὀδηγῶν
1784 1761 1951 1824 μονῆς
1982 1784 2026 1844 Β

306 1839 618 1903 ἐπανελθὼν
667 1841 960 1914 ἡσύχαζεν.
1012 1843 1263 1915 Ὕστερον
1320 1839 1376 1895 δὲ
1431 1841 1528 1894 κᾶν
1577 1845 1642 1913 τῇ
1691 1848 1790 1908 τῆς
1826 1843 1950 1894 Ἀν-

308 1929 556 2003 τιοχείας
607 1926 873 1999 ἐκκλησίᾳ
922 1928 998 1991 εἰς
1044 1930 1389 2002 πατριάρχην
1443 1929 1773 1991 καθίσταται.
1810 1927 1949 1984 Τότε

307 2017 516 2072 δὲυίΥ
587 2018 662 2036 ’“
760 2013 784 2034 ”
997 2020 1010 2038 ‘
1174 2019 1240 2054 κ’
1578 2023 1606 2047 ⁷
1695 2015 1947 2051 ’έπεκσ-

399 2041 463 2073 Λλ
543 2039 701 2073 aute)
757 2039 868 2072 οντι
923 2040 1013 2073 και
1065 2022 1395 2093 ἡσυχαζοντι
1446 2021 1479 2087 ἡ
1535 2022 1712 2092 ψῆφος
1761 2039 1950 2092 appara

303 2113 412 2162 τῶν
449 2105 657 2161 λοιπῶν
690 2106 854 2161 πλέον
890 2107 964 2168 εἷς
989 2108 1018 2160 ’ὀ
1062 2115 1161 2176 τῆς
1210 2108 1345 2161 κατᾶ
1372 2108 1472 2174 τὴν
1508 2104 1946 2161 Κιυνσταντινού-

305 2193 470 2249 πολιν
507 2192 832 2263 Ἐκκλησίας
879 2197 1296 2269 προστήσεσθαι.
1350 2191 1458 2248 Κὶἶν
1505 2193 1733 2269 ἐγεγόνει
1765 2197 1947 2261 τοῦτο,

305 2281 372 2352 ἤν
411 2285 484 2356 μή
512 2283 570 2357 γέ
597 2303 738 2344 τινες
783 2304 890 2336 των
940 2282 1239 2356 ἀρχιερέα-ι
1294 2280 1545 2336 εύδὸκουν
1587 2281 1672 2335 ἐπὶ
1703 2286 1781 2352 τῷ
1817 2280 1950 2336 Βέκ-

305 2392 410 2442 κῳ,
445 2373 558 2442 ἅμα
591 2371 685 2442 μὲν
747 2370 1124 2446 χαρτοφύλακι
1186 2367 1322 2437 ὄντι,
1373 2368 1484 2442 ἅμα
1519 2367 1574 2423 δὲ
1599 2369 1689 2424 καὶ
1724 2368 1948 2443 μεγάλῳ

307 2457 694 2534 σκευοφύλακι,
743 2458 832 2512 καὶ
876 2458 1034 2519 κλέος
1088 2456 1271 2532 ἔχοντι
1309 2459 1584 2532 μέγιστον.
1639 2457 1949 2520 Ἀνατεθέν-

302 2567 412 2601 των
447 2544 494 2600 δ’
523 2545 611 2600 ἐπὶ
640 2551 721 2618 τῷ
755 2543 969 2621 βασιλεῖ
1023 2550 1130 2600 τῶν
1189 2548 1325 2600 κατά
1359 2546 1452 2608 τὰς
1480 2547 1717 2623 ψήφους,
1753 2546 1780 2599 ὁ
1815 2546 1946 2601 Bsx-

311 2760 472 2814 deret
502 2759 558 2814 in
590 2759 679 2814 sui
707 2775 906 2814 curam
931 2757 1184 2814 Ecclesia
1212 2756 1684 2829 poscente,multi
1708 2758 1947 2828 quidem

323 2847 514 2900 idonei
546 2847 614 2901 ad
648 2847 754 2901 hoc
779 2847 886 2901 visi
940 2845 1414 2917 designabantur,
1466 2862 1580 2915 qua
1629 2861 1695 2900 ex
1744 2861 1949 2898 mona-

318 2935 586 3005 ehis,qua
616 2951 682 2989 ex
712 2935 952 2990 alterius
979 2935 1230 2988 instituti
1260 2933 1945 2988 sacerdotibus.l’lurium

312 3027 511 3076 tamen
564 3023 621 3076 in
655 3022 982 3093 Principem
1017 3022 1296 3092 sulfragia
1328 3022 1782 3091 propendebant.
1822 3024 1951 3073 Erat

315 3111 367 3164 is
388 3126 600 3182 genere
625 3110 1052 3176 nobilissimus,
1072 3126 1102 3164 e
1124 3109 1298 3164 veteri
1324 3110 1594 3179 prosapia
1619 3108 1950 3179 Principum

315 3199 753 3270 Pelopponneso
784 3197 1248 3266 imperitantium
1279 3221 1292 3261 ;
1326 3197 1479 3250 unde
1503 3195 1736 3266 juvenis
1767 3197 1953 3265 profe-

315 3293 447 3342 ctus
478 3286 604 3340 vitae
637 3286 995 3358 perfectioris
1040 3285 1374 3356 proﬁtendae
1427 3283 1613 3355 gratia
1660 3284 1717 3337 in
1773 3284 1958 3354 quod-

321 3377 455 3430 dam
503 3374 812 3430 Orientalis
843 3377 1058 3428 tractus
1091 3372 1507 3427 monasterium
1543 3372 1756 3426 Montis
1789 3371 1959 3442 nigri,

327 3465 424 3518 ubi
446 3470 503 3518 et
524 3462 984 3533 expatriarcham
1009 3465 1364 3517 Germanum
1390 3460 1773 3514 monasticam
1804 3475 1960 3513 exer-

329 3551 519 3606 cuisse
549 3551 727 3605 vitam
760 3550 1037 3613 diximus,
1062 3566 1126 3604 eo
1159 3566 1285 3603 sese
1315 3548 1572 3602 inclusit.
1611 3548 1748 3602 Inde
1780 3547 1964 3602 multo

328 3645 461 3713 post
491 3645 751 3711 tempore
781 3640 850 3694 ad
883 3639 1289 3709 imperatorem
1324 3637 1625 3701 accedens,
1645 3635 1964 3691 commisso

325 3730 437 3784 sibi
462 3727 894 3783 Pantocratoris
927 3725 1281 3781 monasterio
1314 3724 1782 3779 archimandritas
1808 3730 1966 3794 pote-

325 3823 476 3873 state
510 3816 758 3888 przefuit.
793 3815 1010 3869 Deinde
1040 3813 1330 3885 legatione
1365 3813 1598 3866 functus
1645 3812 1715 3866 ad
1769 3813 1962 3867 orien-

323 3905 470 3960 tales
516 3904 828 3970 Tocharos,
875 3907 931 3958 et
976 3901 1158 3957 Maria
1209 3901 1580 3971 imperatoris
1634 3899 1752 3954 lilia
1786 3900 1962 3954 notha

323 3995 384 4049 in
415 4009 692 4064 sponsam
717 4008 782 4047 eo
805 3993 980 4046 ducta
1003 3992 1436 4060 conjunctaque
1458 3991 1962 4060 Apagze,reversus

322 4084 382 4138 in
436 4083 686 4153 quadam
737 4080 950 4135 cellula
999 4077 1337 4134 monasterii
1387 4077 1752 4148 Hodegorum
1803 4081 1967 4130 tran-

331 4171 523 4240 quillae
549 4170 677 4225 vitea
709 4185 774 4224 ac
805 4167 1280 4238 contemplationi
1314 4183 1374 4221 se
1406 4165 1968 4220 reddidit.lnsecutis

328 4258 691 4329 temporibus
733 4257 957 4311 vacanti
1009 4261 1240 4324 pastore
1281 4254 1651 4309 Antiochense
1702 4252 1965 4308 Ecclesiae

324 4347 658 4419 patriarcha
715 4349 802 4400 est
861 4346 1224 4413 praepositus.
1285 4343 1451 4398 Hunc
1509 4348 1634 4397 tum
1691 4342 1842 4413 apud
1903 4358 1965 4396 se

321 4441 587 4507 agentem
604 4433 1033 4504 tranquilleque
1049 4432 1311 4503 religioni
1328 4436 1664 4503 operantem
1683 4430 1961 4502 plurium,

322 4520 756 4589 utdixi,calculi
773 4521 838 4574 ad
857 4519 1511 4589 Constantinopolitanae
1527 4518 1683 4572 sedis
1703 4519 1962 4589 regimen

318 4611 624 4668 vocabant.
656 4608 1156 4678 Pervicissentque
1189 4609 1340 4677 quod
1375 4607 1662 4676 volebant,
1696 4606 1806 4660 nisi
1841 4623 1956 4661 non

321 4717 497 4773 parvo
519 4698 848 4754 antistitum
874 4712 1119 4752 numero
1143 4698 1331 4767 potior
1353 4697 1419 4750 ad
1447 4711 1572 4750 eam
1601 4711 1719 4749 rem
1741 4695 1959 4751 Veccus

323 4791 534 4846 fuisset
565 4789 746 4850 visus,
782 4787 880 4859 qui
914 4791 968 4841 et
999 4787 1057 4842 in
1111 4786 1318 4842 ofﬁciis
1370 4786 1647 4840 momenti
1701 4785 1959 4852 maximi,

319 4874 790 4947 cbartop'oylacis
848 4873 1224 4944 supremique.
1271 4872 1535 4926 custodis
1581 4869 1962 4941 supellectilis

319 4985 514 5036 sacrae,
549 4967 721 5020 ﬁdem
754 4967 927 5034 atque
960 4963 1309 5017 industriam
1346 4977 1500 5015 nunc
1528 4976 1659 5014 cum
1703 4961 1953 5014 maxime

317 5057 610 5129 probaret,
661 5059 718 5108 et
765 5067 1001 5107 summa
1046 5051 1104 5105 in
1152 5048 1588 5105 existimatione
1621 5048 1773 5102 403
1809 5047 1964 5118 apud

317 5160 522 5200 omnes
579 5144 753 5197 esset.
813 5144 895 5194 Ea
961 5137 1370 5208 suffragiorum
1438 5135 1765 5190 diﬁ‘erentia
1821 5152 1955 5190 cum

318 5233 512 5288 delata
578 5230 647 5284 ad
717 5230 1043 5297 Augustum
1121 5231 1276 5279 esset
1340 5229 1396 5279 et
1473 5223 1599 5293 ejus
1669 5223 1934 5277 voluntat

315 5317 742 5391 compromisso
765 5313 1174 5386 permissa,ille
1198 5313 1349 5367 haud
1375 5316 1687 5366 cunctatus
1711 5311 1962 5364 Veccum

315 5407 570 5482 praetulit
595 5420 728 5460 cum
752 5400 883 5457 aliis
909 5405 1276 5472 prastante‘n
1304 5400 1536 5454 dotibus
1561 5403 1683 5453 tum
1709 5397 1960 5452 maxime

322 5496 616 5559 doctrina,
665 5496 959 5563 postremo
1019 5490 1171 5559 quod
1227 5491 1274 5544 is
1320 5489 1407 5542 vir
1459 5492 1578 5542 tam
1631 5486 1804 5557 longo
1857 5497 1975 5540 usu

317 5582 854 5645 ecclesiasticarum
901 5593 1120 5647 rerum,
1149 5580 1316 5633 tanta
1338 5576 1492 5632 fama
1513 5574 1809 5647 sapientiae
1841 5588 1981 5629 auc-

2050 523 2182 596 ἀνὴρ
2214 523 2302 576 καὶ
2354 521 2733 577 καταστέλλειν
2796 517 2911 596 ἔχει
2966 523 3028 574 τὸ
3084 521 3293 595 σχίσμα
3340 522 3408 590 τῇ
3464 517 3549 571 ἐπῖ
3589 524 3687 585 τῆς

2051 611 2372 680 Ἐκκλησίας
2412 609 2767 686 πολυχρονίῳ
2826 610 2986 683 πείρᾳ
3040 610 3126 662 καὶ
3188 607 3495 681 λογιότητι.
3528 607 3683 667 Ὃθεν

2051 700 2139 752 καὶ
2196 702 2519 774 συναχθντες
2607 701 2657 753 οἱ
2743 700 3015 773 ἀρχιερεῖς

2052 789 2196 841 Θείου
2225 790 2314 841 καὶ
2358 787 2600 861 μεγάλου
2658 784 2912 859 τεμένους
2972 782 3060 840 ἕνα
3116 785 3204 839 καὶ
3258 785 3350 838 τὸν
3411 781 3687 837 αὖτὸνκαὶ

3095 696 3148 750 ἐν
3206 701 3384 767 ταυτῷ
3449 693 3535 749 ἐπὶ
3592 698 3687 748 τοῦ

2052 880 2264 947 πρῶτον
2295 877 2382 930 καὶ
2433 874 2675 948 δεύτερον
2733 873 3060 950 ψηφίζονταί
3113 896 3167 927 τε
3214 873 3302 926 καὶ
3348 873 3550 944 τρίτον.
3589 871 3686 926 Καὶ

2056 965 2082 1017 ὁ
2118 963 2310 1024 Βέκκος
2363 963 2578 1034 εἶ’κοστῇ
2642 963 2732 1033 μὲν
2793 963 2880 1016 καὶ
2941 959 3064 1034 ἕκτῃ
3130 964 3480 1031 Πυανεψιῶνος
3517 959 3689 1030 μηνὸς

2053 1052 2186 1105 κατὰ
2213 1054 2310 1119 τήν
2343 1053 2536 1125 ἑορτὴν
2592 1055 2697 1104 τῶν
2754 1051 2918 1123 ἁγίων
2975 1050 3225 1124 Πατέρων
3269 1052 3373 1100 τῶν
3408 1046 3457 1101 ἐν
3491 1045 3690 1116 Νικαίᾳ

2056 1140 2400 1213 πατριάρχης
2443 1133 2837 1211 προϐέϐληται,
2884 1136 3105 1212 δευτέρᾳ
3152 1134 3208 1190 δὲ
3249 1137 3690 1207 Ματμακτηριῶ-

2056 1247 2166 1292 νος,
2225 1230 2292 1299 τῇ
2350 1225 2574 1298 ἐπιούσῃ
2632 1230 2898 1299 Κυριακῇ,
2961 1225 3011 1278 ἐν
3068 1224 3322 1296 ἐπισήμῳ
3379 1221 3559 1294 ἡμέρᾳ
3595 1225 3689 1274 τοῖ’)

2059 1314 2392 1386 Ηνεύματος,
2424 1315 2489 1367 τὰ
2518 1319 2611 1367 τοῦ
2646 1312 2955 1380 Πνεύματος
3001 1309 3217 1386 δέχεται
3261 1311 3348 1365 καὶ
3390 1309 3693 1364 τελιειοῦται

2058 1403 2359 1476 ἀρχιερεύς.
2411 1403 2470 1458 Ὁ
2525 1402 2705 1473 μέντοι
2756 1423 2818 1473 γε
2870 1399 3121 1475 βασιλεὺς
3169 1401 3250 1453 ἐπ’
3281 1398 3468 1470 ἐκείνῳ
3503 1399 3695 1472 μικρὸν

2061 1491 2336 1564 σχολάσας
2381 1491 2471 1543 τὸν
2524 1494 2668 1557 νοῦν,
2730 1490 2802 1550 ὡς
2861 1488 2917 1542 ἂν
2971 1511 3029 1563 γε
3088 1489 3381 1556 κατασταίη
3433 1487 3568 1560 πρὸς
3594 1488 3691 1554 τὴν

2061 1581 2144 1650 [Ρ.
2205 1579 2330 1650 274]
2387 1578 2754 1649 πνευματικὴν
2833 1575 3042 1646 ἐκείνην
3119 1577 3321 1650 ἀρχὴν,
3381 1576 3441 1628 τὸ
3498 1574 3692 1628 λοιπὸν

2059 1671 2346 1737 κοσμικαῖς
2380 1663 2557 1719 ἐδιδου
2590 1665 2883 1740 φροντίσιν,
2917 1663 3072 1725 εἰδὼς
3115 1664 3292 1718 ἰκανὸν
3338 1663 3536 1717 ἐκεῖνον
3570 1659 3696 1716 ὄντα

2059 1754 2121 1807 τὰ
2150 1761 2250 1822 τῆς
2284 1751 2606 1821 Ἐκκλησίας
2638 1753 2836 1815 ἰθύνειν
2892 1754 3006 1824 μετ’
3035 1753 3332 1824 αύτοὶρκους
3390 1752 3576 1824 πείρας
3606 1750 3695 1804 καὶ

2057 1848 2156 1909 τῆς
2214 1841 2336 1915 περὶ
2392 1845 2560 1894 ταῦτα
2614 1840 2955 1912 παμπόλλης
3011 1839 3285 1901 συνέσεως.
3349 1845 3585 1913 Παρεῖχε
3643 1836 3698 1892 ’δέ

2060 1931 2110 1982 οἱ
2144 1928 2360 2000 ἕτοιμον
2394 1929 2576 1982 ἑαυτὸν
2640 1927 3014 2001 συλλήψεσθαι
3073 1927 3123 1988 ἐς
3183 1929 3211 1981 ὅ
3260 1950 3312 1982 τι
3371 1928 3460 1982 καὶ
3499 1926 3693 1993 δέοιτο,

2057 2015 2292 2086 ἐλπίζων
2327 2019 2450 2092 παρ’
2508 2017 2713 2072 ἐκείνου
2762 2017 2850 2071 καὶ
2911 2017 3070 2078 αὐτὸς
3127 2017 3194 2071 τὰ
3251 2018 3417 2088 ὅμοια
3446 2013 3696 2089 πάσχειν.

2061 2104 2272 2160 Ἐδίόου
2307 2103 2362 2158 δέ
2393 2106 2443 2158 οἱ
2473 2106 2562 2158 καὶ
2593 2104 2893 2180 παρρησίας
2945 2105 3131 2177 χώραν
3185 2103 3530 2177 ἐντυγχάνειν
3565 2103 3697 2174 ὑπὲρ

2059 2193 2356 2266 ἀνθρώπων
2388 2193 2453 2245 τὰ
2484 2191 2775 2262 πρέποντα,
2826 2191 2916 2245 καὶ
2964 2213 3026 2265 γε
3077 2190 3308 2258 ἀνύτειν,
3345 2192 3417 2244 ὡς
3463 2191 3523 2244 οὔ
3555 2191 3700 2264 παρὰ

2054 2282 2114 2334 τὸ
2145 2279 2259 2334 δέον
2311 2279 2706 2352 ἐντευξόμενον.
2763 2281 2981 2351 Διένεμε
3026 2280 3126 2352 λὰρ
3177 2278 3363 2333 ἐαυτὸν
3415 2277 3545 2352 δίχα
3580 2283 3698 2340 τοῖς

2054 2390 2112 2422 τε
2158 2367 2438 2440 δεομένοις
2486 2369 2534 2440 ἐξ
2586 2367 2774 2430 ἐλέους
2823 2367 2879 2422 εὗ
2923 2369 3152 2442 πάσχειν
3202 2373 3320 2430 τοῖς
3366 2390 3426 2422 τε
3463 2367 3698 2444 φερομέ-

2054 2477 2168 2518 νοις
2199 2457 2289 2511 καί
2320 2478 2371 2510 τι
2403 2459 2538 2530 πρὸς
2590 2457 2871 2532 ἀποφυγὴν
2921 2461 3026 2510 τῶν
3073 2455 3430 2529 ἐγκλημάτων
3474 2453 3698 2509 δικαίω-

2060 2566 2154 2617 μα.
2185 2546 2279 2599 Καὶ
2309 2550 2426 2607 τοῖς
2461 2545 2555 2617 μὲν
2613 2546 2709 2606 τὰς
2767 2545 2846 2621 ἐφ’
2909 2546 3097 2599 ἑαυτοῦ
3138 2549 3575 2620 προσωποποιῶν
3607 2542 3701 2597 λι-

2058 2755 2404 2826 toritateque
2437 2757 2710 2827 praeditus
2744 2773 2898 2811 unus
2931 2757 3132 2828 utique
3164 2757 3428 2811 omnium
3455 2754 3692 2826 aptissi-

2059 2857 2191 2896 mus
2241 2844 2536 2898 videretur
2561 2845 2630 2898 ad
2663 2845 3167 2916 comprimendum
3201 2845 3478 2912 schisma,
3516 2860 3690 2914 nego-

2057 2931 2324 3000 tiumque
2355 2933 2677 2987 concordiae
2707 2938 2949 2988 eatenus
2983 2940 3316 3005 promotum
3347 2935 3459 2988 ﬁne
3500 2937 3702 3003 optato

2071 3020 2492 3073 coronandum.
2522 3022 2665 3091 Ergo
2695 3023 2804 3075 rite
2844 3023 3174 3092 congregati
3222 3023 3375 3092 apud
3420 3020 3705 3092 templum

1985 3141 2026 3208 Ο
2065 3108 2258 3176 majus
2290 3109 2571 3179 episcopi,
2598 3110 3036 3179 praerogativam
3068 3106 3436 3180 imperatoris
3459 3125 3709 3180 sequen-

2071 3198 2181 3264 tes,
2215 3212 2426 3266 magno
2458 3213 2747 3252 consensu
2798 3198 3111 3267 studioque
3162 3198 3385 3268 primis,
3437 3198 3711 3253 secundis

2073 3282 2380 3354 tertiisque
2410 3284 2704 3354 suﬁragiis
2752 3288 3002 3339 Veccum
3053 3285 3322 3340 eumdem
3374 3302 3559 3340 unum
3604 3303 3706 3356 pa-

2073 3370 2388 3425 triarcham
2449 3371 2836 3427 declararunt.
2896 3372 3117 3427 Veccus
3183 3373 3364 3444 igitur
3430 3379 3593 3427 sexta
3656 3376 3713 3426 et

2073 3456 2349 3512 vicesima
2372 3459 2592 3514 mensis
2616 3460 2772 3528 Maii,
2796 3463 2937 3514 festo
2962 3466 3296 3515 sanctorum
3323 3461 3709 3516 Niczeensium

2077 3544 2336 3611 Patrum,
2356 3547 2690 3616 patriarcha
2712 3553 2940 3602 creatus
2962 3554 3076 3603 est:
3098 3550 3353 3603 secunda
3376 3565 3506 3604 vero
3527 3549 3709 3616 Juuii,

2077 3633 2370 3688 dominica
2395 3635 2654 3704 proxime
2678 3641 2896 3702 secuta,
2921 3636 3134 3690 illustri
3159 3638 3229 3692 de
3252 3638 3503 3706 Spiritus
3527 3637 3712 3691 sancti

2077 3721 2330 3791 Spiritus
2355 3722 2618 3791 ejusdem
2652 3739 2754 3792 per
2785 3740 3009 3778 sacram
3050 3725 3476 3779 ordinationem
3527 3725 3714 3794 parti-

2074 3825 2208 3881 ceps
2242 3811 2450 3880 lactus,
2485 3810 2590 3864 rite
2622 3810 3010 3879 inauguratus
3055 3812 3112 3865 in
3163 3813 3555 3882 patriarcham
3602 3816 3711 3866 est.

2079 3897 2402 3968 Imperator
2433 3898 2540 3952 sub
2572 3898 2691 3952 haec
2726 3897 2890 3951 initia
2920 3915 3021 3968 per
3049 3904 3283 3970 tempus
3317 3916 3430 3953 non
3468 3899 3709 3969 longum

2078 3985 2273 4041 studio
2305 3985 2700 4040 sollicitudine
2727 3985 3076 4041 immoratus
3106 3987 3162 4040 in
3211 3987 3560 4042 stabiliendo
3611 3987 3710 4041 tali

2074 4073 2296 4127 homini
2343 4073 2454 4128 isto
2498 4074 2792 4144 spirituali
2825 4075 3175 4146 principatu,
3207 4091 3469 4130 securam
3504 4075 3712 4130 deinde

2077 4164 2329 4213 mentem
2385 4159 2615 4229 imperii
2663 4161 2913 4231 negotiis
2962 4162 3229 4230 advertit,
3279 4164 3509 4216 solutus
3553 4163 3714 4216 omni

2078 4252 2235 4302 metu
2269 4247 2340 4302 de
2367 4248 2646 4316 Ecclesia,
2681 4249 2884 4319 utique
2926 4251 3095 4319 cujus
3142 4249 3398 4320 regimen
3449 4254 3506 4304 et
3556 4266 3707 4305 com-

2077 4338 2414 4392 mandatum
2484 4337 2678 4401 sciret,
2737 4337 2837 4408 qui
2893 4342 2949 4393 et
3011 4338 3379 4408 experientiae
3447 4339 3592 4393 satis
3658 4344 3714 4393 et

2078 4425 2402 4494 prudentiae
2425 4423 2742 4495 plurimum
2771 4425 2991 4479 habens
3019 4425 3174 4480 nullo
3203 4426 3473 4480 deficeret
3505 4443 3706 4480 eorum

2078 4530 2203 4584 quae
2236 4514 2306 4568 ad
2341 4530 2431 4566 res
2463 4511 2889 4567 ecclesiasticas
2936 4519 3090 4568 recte
3141 4513 3570 4584 salubriterque
3620 4531 3711 4568 rc-

2075 4605 2296 4674 gendas
2320 4607 2558 4674 possent
2578 4602 2916 4656 desiderari.
2954 4603 3226 4656 Exhibuit
3258 4608 3449 4659 autem
3482 4620 3543 4658 se
3569 4620 3712 4657 novo

2074 4691 2422 4763 patriarcha:
2451 4695 2716 4760 paratum
2746 4691 2814 4742 ad
2847 4706 2978 4743 eum
3014 4691 3408 4760 adjuvandum
3442 4707 3708 4760 quacun-

2077 4795 2188 4850 que
2221 4780 2280 4832 in
2313 4795 2373 4832 re
2401 4794 2547 4848 opus
2575 4777 2832 4843 haberet,
2888 4795 3130 4849 sperans
3179 4780 3437 4834 vicissim
3488 4780 3560 4833 ab
3610 4777 3708 4832 illo

2076 4869 2133 4922 in
2159 4866 2460 4920 occasione
2483 4863 2721 4919 similia.
2756 4866 2926 4920 Dedit
2946 4866 3134 4921 eidem
3157 4871 3212 4921 et
3236 4867 3458 4921 ﬁducia:
3492 4865 3708 4936 locum,

2077 4971 2194 5026 quo
2251 4955 2490 5008 auderet
2547 4953 2843 5023 suscipere
2903 4970 3189 5025 agereque
3242 4972 3439 5010 secum
3498 4972 3709 5009 causas

2078 5044 2384 5098 hominum
2417 5041 2715 5113 egentium
2749 5042 2934 5112 gratia
2986 5043 3282 5115 principis,
3330 5061 3442 5098 non
3498 5045 3711 5096 frustra

2079 5149 2140 5187 se
2173 5132 2228 5186 id
2284 5133 2566 5185 facturum
2621 5145 2866 5200 sperans
2918 5149 2929 5185 :
2983 5133 3311 5186 conﬁdebat
3360 5131 3515 5185 enim
3571 5129 3713 5182 nihil

2083 5237 2214 5275 eum
2265 5220 2372 5273 nisi
2406 5219 2558 5289 quod
2596 5218 2679 5270 fas
2711 5223 2864 5271 esset
2894 5220 3127 5274 concedi
3163 5219 3503 5290 petiturum.
3539 5221 3713 5270 Porro

2082 5308 2299 5361 Veccus
2332 5307 2436 5360 bas
2471 5305 2890 5360 iuterveniendi
2924 5323 3026 5377 pro
3077 5305 3306 5359 miseris
3355 5307 3548 5374 partes
3596 5307 3715 5356 toto

2084 5395 2278 5448 animo
2329 5410 2657 5465 capessens,
2717 5394 2958 5463 partitos
2991 5393 3240 5448 habebat
3272 5392 3328 5444 in
3360 5391 3473 5444 duo
3503 5405 3718 5460 genera

2087 5500 2233 5554 quos
2280 5484 2391 5538 isto
2440 5483 2850 5538 misericordias
2883 5481 3360 5550 ofﬁciojuvaret:
3395 5477 3558 5548 prius
3589 5479 3714 5531 erat

2088 5571 2414 5628 carentium
2437 5573 2591 5626 404
2611 5569 2978 5640 necessariis,
3001 5583 3250 5640 quorum
3285 5569 3440 5622 esset
3469 5563 3714 5635 egestati
