4110 6280
435 248 541 304 859

1737 248 2037 304 GEORGII
2071 249 2528 306 PACHYMERE

3748 247 3841 301 860

433 371 530 430 τὰς
573 389 631 423 τε
690 363 883 444 ῥυσσᾶς
934 388 992 422 τε
1046 361 1420 442 παραϐλῶπάς
1478 369 1527 421 τ’
1580 365 1869 444 ὀφθαλμὼ,
1904 366 2073 441 ἐθὴρα
2102 372 2154 437 Α
2187 369 2455 442 βασιλέως
2486 369 2948 446 ἀναχθησόμεναι,
3007 371 3096 425 καὶ
3147 365 3392 438 ἔνδοξος
3446 366 3520 435 ἦν
3573 364 3834 439 ὁτολμῶν

432 457 526 512 τὸν
582 456 641 510 ἐκ
694 460 790 510 τοῦ
847 454 1115 530 βασιλέως
1172 452 1344 523 ἔλεον,
1405 454 1700 530 ὁμολογῶν
1764 456 1860 527 μὲν
1918 454 2079 516 αὐτὸς

440 545 571 618 ὑπὲρ
604 543 813 599 ἐκείνου
865 544 927 598 τὸ
976 549 1239 615 πταῖσμα,
1291 539 1547 617 δεὸμενος
1594 542 1650 598 δὲ
1695 545 1953 620 ἀφεθῆναι
1983 548 2078 598 τοῦ

435 634 899 708 προστιμωμὲνου
958 631 1036 704 τῷ
1089 632 1423 705 πταίσματι·
1478 636 1585 687 τῶν
1643 630 1698 687 δὲ.
1751 632 1839 686 καὶ
1881 632 2079 707 θαρῥα-

433 722 699 797 λεὼτερον
759 722 1092 795 ὑπερμαχῶν
1146 726 1224 792 τῷ
1281 726 1564 796 κρατοῦντι
1600 721 1674 782 ὡς
1705 718 2076 791 ἀδικουμένων

434 809 611 879 ἐζήτει
642 810 739 878 τὴν
771 809 945 865 λύσιν.
987 809 1064 865 Οὐ
1121 810 1221 884 γὰρ
1282 808 1565 882 ἐρμηνὲως
1623 806 1850 885 ἔχρῃζεν
1884 807 1936 870 ἐς
1969 807 1999 862 ὅ
2026 828 2077 862 τι

438 897 595 969 μάθοι
640 898 707 951 τά
761 901 855 952 τοῦ
911 895 1172 969 δεομένου
1231 902 1349 959 πῶς
1409 897 1465 951 ἂν
1525 891 1734 971 ἔχοιεν,
1766 896 1892 951 ἀλλ’
1923 895 2080 958 αὐτὸς

435 985 668 1052 ἀκούων,
702 984 865 1057 μόνον
899 985 1058 1057 ἀξιῶν
1111 986 1392 1051 ἀληθεύειν
1440 985 1530 1039 τὸν
1585 986 1816 1059 λεγοντα
1846 985 1920 1046 ὡς
1953 984 2081 1038 ἀνυ-

436 1072 778 1145 σΟησομὲνων
807 1078 911 1127 τῶν
944 1072 1149 1146 Λόγων,
1198 1077 1275 1143 τῷ
1330 1072 1544 1147 βασιλεῖ
1593 1071 1754 1133 αὐτὸς
1786 1069 2075 1147 διακρίνων

431 1164 526 1223 τάς
560 1159 833 1236 ἀναδοχάς
865 1162 1102 1216 ἐποιεῖτο
1156 1163 1292 1215 κατά
1345 1162 1442 1223 τάς
1497 1160 1719 1236 κρίσεις.
1753 1158 1991 1217 Ε’ίποντο
2022 1157 2081 1215 δὲ

432 1251 523 1304 καὶ
554 1250 604 1304 ot
635 1250 771 1325 πρὸς
801 1251 892 1303 τὸν
939 1253 1236 1324 κρατοῦντα
1285 1244 1439 1322 λὸγοι
1488 1249 1625 1303 κατὰ
1653 1249 1749 1311 τὰς
1780 1245 2075 1322 ἀναδοχᾶς.

440 1339 829 1411 Προῳκονόμει
887 1338 990 1412 γὰρ
1042 1339 1176 1413 πρὸς
1224 1338 1286 1392 τὸ
1345 1340 1622 1412 χρήσιμον
1682 1338 1772 1391 καὶ
1820 1339 1915 1397 τὰς
1954 1337 2077 1410 περὶ

437 1425 659 1481 ἑκάστου
691 1427 985 1501 ἀναφορὰς,
1037 1427 1111 1488 ὡς
1157 1428 1257 1493 τὴν
1309 1427 1403 1498 μὲν
1455 1427 1873 1500 προτάττεσθαι,
1899 1426 1998 1493 τήν
2033 1423 2079 1478 δ’

442 1515 856 1581 ὑποτάττεσθαι,
909 1514 999 1568 καὶ
1043 1514 1143 1582 τήν
1197 1514 1290 1585 μὲν
1323 1511 1918 1588 πρωτολογησομὲνην,
1977 1514 2075 1581 τὴν

439 1599 484 1656 δ’
519 1604 904 1675 ὑστερήσασαν,
966 1600 1105 1654 ὥστε
1154 1602 1244 1654 καὶ
1300 1598 1572 1661 πολλάκις
1625 1599 2076 1676 μετεγγράφεσθαι

2185 455 2377 511 αὐτίκα
2400 460 2523 533 περί
2552 463 2659 513 τῶν
2718 458 2983 533 σφετέρων
3043 455 3285 512 δικαίων
3349 453 3567 528 λέγειν,
3610 454 3683 514 ὡς
3708 452 3836 523 ἀλη-

2183 545 2248 612 Οῆ
2291 542 2446 616 δόξαν
2478 545 2655 620 λέγειν
2684 544 2753 600 δι’
2783 544 2987 601 ἐκείνου
3027 547 3161 619 πρὸς
3227 545 3337 598 τὸν
3397 545 3727 616 κρατοῦντα.
3756 542 3839 598 Οῧο

2180 654 2290 695 τως
2320 633 2385 702 ἦν
2419 634 2555 707 πρὸς
2603 636 2700 697 τὰς
2756 632 3029 709 ἀναδοχὰς
3086 638 3199 687 τῶν
3269 632 3603 705 ἀνθρώπων
3638 631 3666 683 ὁ
3695 631 3840 701 ἀνήρο

2184 718 2581 793 δοκιμώτατος,
2613 721 2750 777 ὣστε
2802 723 2891 777 καὶ
2916 717 3219 797 προλαϐεῖν
3265 719 3337 774 οὗ
3374 718 3579 794 χεῖρόν
3610 738 3728 772 τινα
3749 722 3837 771 τῶν

2181 808 2344 863 αὐτοῦ
2396 809 2472 872 εἷς
2520 808 2696 883 δεῖγμ’
2755 806 3010 885 ἀκριϐοῦς
3068 805 3410 885 παρῥησίας
3459 805 3555 860 καὶ
3599 813 3698 874 τῆς
3736 807 3841 879 περὶ

2178 898 2240 951 τὸ
2270 895 2473 953 δίκαιον
2507 898 2873 971 ἀντιλήψεως.
2923 899 3120 973 Θὲρους
3168 896 3246 966 ἦν
3313 896 3508 967 ἀκμὴ,
3554 892 3645 948 καὶ
3675 895 3704 947 ὁ
3732 913 3841 965 κρα-

2178 989 2286 1039 τῶν
2343 985 2467 1060 περὶ
2522 986 2585 1040 τὸ
2641 993 2739 1056 τῆς
2804 980 3146 1059 μεσημϐρίας
3208 983 3679 1058 σταθερώτατον,
3729 983 3842 1052 μετᾶ

2179 1073 2273 1127 τὸν
2306 1074 2424 1145 ’μετ’
2454 1074 2670 1147 ἄριστον
2723 1073 2913 1141 ὕπνον,
2966 1074 3103 1127 κατὰ
3156 1072 3229 1127 τὰ
3293 1070 3495 1124 (Lai-con
3530 1069 3671 1138 μέσα
3697 1069 3843 1139 καθή-

2185 1181 2345 1232 μενος
2394 1160 2711 1235 ἐναιθρίαζε.
2800 1158 3166 1235 Συνεδριάζων
3261 1157 3316 1214 δ’
3388 1159 3465 1227 ἦν
3530 1156 3718 1228 ἐκείνῳ
3766 1157 3839 1211 καὶ

2181 1252 2527 1325 πατριάρχης
2587 1248 2807 1323 ἐγγύθεν
2860 1247 2918 1304 ἔκ
2989 1252 3089 1314 τῆς
3156 1249 3368 1323 χώρας
3435 1243 3615 1320 ἔχων,
3671 1243 3840 1313 τηνίκα

2180 1337 2268 1391 καὶ
2329 1336 2581 1411 βασιλεὺς
2634 1337 2686 1408 ἐξ
2756 1337 2921 1392 ὕπνου
2994 1336 3317 1411 ἀνέγροιτο,
3386 1333 3454 1389 ἐκ
3511 1330 3616 1388 τοῖ’)
3667 1331 3839 1407 ῥᾴστου

2178 1426 2587 1499 παραγίνεσθαι.
2665 1425 3013 1501 Ἑνετύγχανε
3084 1424 3301 1495 τοίνυν,
3367 1422 3470 1477 καὶ
3542 1424 3580 1489 ἡ
3641 1418 3839 1494 ἐντυχία

2180 1514 2262 1584 [Ρ.
2296 1515 2423 1586 275]
2476 1513 2693 1583 ἀξίωσις
2752 1513 2883 1586 ὑπὲρ
2942 1513 3231 1588 ἀνθρώπου
3298 1513 3378 1579 ἦν
3445 1508 3507 1563 ὅν
3562 1506 3835 1577 ἠδικῆσθαι

2184 1600 2277 1672 μὲν
2311 1601 2338 1654 ὁ
2367 1600 2540 1675 ἱερεὺς
2589 1599 2955 1675 διεγίνωσκεν,
3008 1599 3069 1655 οὐ
3126 1600 3329 1661 καλῶς
3364 1597 3418 1653 δ’
3451 1595 3610 1672 ἔχων
3646 1596 3674 1649 ὁ
3708 1595 3839 1668 βασι-

437 1690 498 1745 τὸ
552 1693 651 1754 τῆς
709 1689 977 1766 ἀναφορᾶς
1028 1688 1375 1763 γραμμάτιον
1432 1683 1788 1761 συμϐεϐήκει,
1834 1688 1909 1750 ὡς
1956 1686 2074 1742 δευ-
2106 1714 2153 1778 Β
2183 1686 2309 1750 λεὺς
2356 1689 2480 1764 περὶ
2529 1686 2731 1744 ἐκεῖνον
2782 1689 2844 1743 οὐ
2894 1689 3144 1744 κατένευε
3200 1687 3522 1756 σώζεσθαι.
3580 1681 3680 1741 Καὶ
3715 1678 3843 1751 ἡέν-

435 1776 594 1851 τὲρου
691 1776 781 1831 καὶ
829 1777 1014 1851 τρίτου
1064 1776 1099 1845 ἢ
1148 1777 1236 1831 καὶ
1290 1776 1518 1831 ὑστάτου
1562 1775 1931 1847 τεθησομένου
1977 1779 2075 1829 τοῦ

436 1866 782 1941 παραξυσμὸν
844 1864 903 1920 ἐκ
930 1887 1036 1920 των
1099 1864 1319 1919 εἷκότων
1374 1872 1593 1934 κινῆσαι
1645 1862 1913 1939 βασιλέως
1945 1864 2076 1925 ὑφο-

435 1952 707 2027 ρωμένου,
738 1958 954 2028 πρῶτον
986 1951 1043 2008 δέ
1066 1974 1125 2029 γε
1151 1958 1248 2007 τοῦ
1303 1954 1339 2023 ἢ
1392 1950 1587 2028 ῥᾳδίως
1635 1951 2073 2025 ἀνυσθησομὲνου

432 2043 468 2112 ἢ
525 2041 614 2096 καὶ
668 2041 744 2103 εἰς
800 2041 1185 2116 χαριεντισμόν
1241 2061 1363 2096 τινα
1420 2038 1694 2111 δόξοντος.
1752 2041 1873 2096 Ἐπ’
1929 2039 2076 2112 αὐτῷ

431 2131 533 2206 γὰρ
563 2131 653 2185 καί
692 2133 800 2185 τῶν
855 2127 1081 2185 πολλῶν
1141 2128 1395 2204 ἐθάρσουν
1454 2128 1509 2182 αἱ
1565 2125 1768 2200 τόλμαι
1799 2126 1873 2189 ὡς
1908 2127 2073 2201 μέχρι

438 2344 749 2418 largitione
768 2344 1218 2410 consulendum,
1235 2342 1481 2399 alterum
1507 2342 1712 2398 delatis
1734 2341 2080 2399 criminibus

437 2433 921 2506 periclitantium,
953 2433 1170 2504 quibus
1199 2430 1289 2488 vel
1321 2432 1393 2488 ad
1433 2429 1839 2502 depulsionem
1883 2430 2077 2500 objec-

438 2524 634 2577 torum
659 2521 803 2577 falso
827 2522 1051 2591 patroni
1076 2520 1330 2574 efficacis
1342 2535 1517 2590 opera
1529 2518 1618 2573 vel
1640 2518 1712 2572 ad
1736 2517 1933 2573 delicti
1947 2533 2080 2573 con-

442 2609 578 2665 victi
588 2609 815 2665 veniam
832 2609 1239 2680 impetrandam
1255 2606 1566 2662 auctoritas
1581 2605 1971 2676 deprecatoris
1986 2621 2079 2675 op-

443 2699 774 2754 taretur.Ac
796 2696 1005 2751 horum
1029 2695 1268 2767 quidem
1294 2711 1360 2750 eo
1383 2694 1574 2750 studio
1597 2710 1803 2748 causas
1826 2691 2084 2764 amplec-

440 2786 675 2841 tebatur
706 2789 770 2840 ut
799 2784 1092 2841 officiosas
1140 2783 1268 2838 illas
1316 2782 1622 2838 hominum
1674 2780 1870 2853 generi
1922 2796 2082 2834 noxae

448 2873 853 2929 medieatrices
874 2873 1207 2942 Litas,quas
1231 2872 1514 2927 Homerus
1537 2869 1798 2935 claudas,
1815 2884 2079 2938 rugosas,

448 2961 714 3017 distortis
745 2961 929 3016 oculis
961 2961 1206 3027 inducit,
1232 2960 1357 3030 ipso
1389 2959 1648 3030 corporis
1679 2957 1881 3011 habitu
1904 2971 2083 3026 agens

446 3052 906 3120 repraesentaret,
957 3047 1058 3103 tali
1117 3051 1359 3118 captans
1409 3045 1601 3115 specie
1644 3043 2078 3098 miserationem
2111 3084 2153 3150 Β

520 3137 532 3149 .
618 3137 691 3149 ..
1003 3136 1038 3150 ..
1206 3134 1216 3145 .
1372 3148 1415 3150 η
1801 3131 2076 3150 ,ηημη

449 3137 730 3209 principis
787 3136 1076 3206 susceptis
1128 3134 1254 3189 suis
1321 3131 1732 3199 necessariam,
1794 3131 2078 3186 confitens

450 3223 686 3294 quidem
746 3224 872 3294 ipse
928 3238 1130 3278 eorum
1183 3219 1415 3275 nomine
1481 3223 1808 3292 peccatum,
1867 3218 2083 3273 remitti

448 3316 641 3368 autem
711 3311 1129 3383 paenitentibus
1194 3324 1426 3380 poenam
1495 3323 1730 3379 rogans.
1800 3307 1906 3362 Pro
1972 3304 2086 3361 alio

449 3401 800 3455 miserorum
833 3415 1043 3471 genere
1074 3397 1246 3469 culpa
1279 3396 1611 3452 vacantium
1664 3394 2088 3450 interveniebat

449 3487 865 3554 confidentius,
934 3487 1140 3542 obnixe
1205 3484 1564 3540 contendens
1634 3488 1692 3538 et
1762 3483 2085 3554 principem

452 3592 692 3646 urgens,
714 3579 779 3631 ut
804 3574 1045 3647 penuria
1068 3572 1474 3629 laborantibus
1496 3572 1813 3642 opemjure
1830 3571 2083 3641 quodam

450 3664 714 3735 ipsorum
738 3663 997 3718 debitam
1019 3678 1090 3717 ne
1112 3660 1416 3731 indulgere
1439 3658 2085 3725 cunctaretur,velocis-

451 3751 639 3808 simus
670 3753 740 3806 ad
790 3750 1201 3821 intelligendas
1249 3748 1626 3803 necessitates
1674 3745 2086 3817 indigentium,

453 3845 517 3895 ut
547 3839 634 3895 eis
669 3839 993 3911 exponendi
1024 3854 1123 3893 eas
1155 3837 1343 3892 fusius
1371 3852 1474 3892 seu
1505 3834 1765 3890 laborem
1798 3848 1897 3888 seu
1931 3849 2086 3889 vere-

455 3930 729 3984 cundiam
753 3927 1149 3991 lucrifaciens,
1173 3924 1617 3998 perspicacitate
1640 3921 1876 3993 benigni
1904 3921 2085 3977 animi

450 4017 656 4072 auditu
691 4017 887 4072 statim
920 4015 1108 4087 primo
1141 4019 1351 4069 cuncta
1381 4009 1947 4083 comprehendentis,
1963 4011 2089 4065 sine

454 4121 617 4159 mora
647 4121 887 4175 operave
917 4101 1311 4175 diligentioris
1342 4098 2088 4170 interpretis.Abundabat-

453 4208 567 4262 que
598 4192 824 4261 patroni
856 4191 1112 4247 charitas
1145 4189 1215 4244 ad
1247 4203 1481 4243 omnem
1513 4185 1639 4240 falsi
1691 4187 2084 4257 suspicionem

455 4278 804 4334 abolendam
834 4279 1189 4351 plenamque
1218 4274 1643 4330 conciliandam
1677 4272 1973 4330 clientulis
2019 4275 2086 4328 ﬁ-

456 4369 610 4434 dem,
644 4369 784 4422 dum
815 4384 952 4423 suas
1000 4364 1305 4436 angustias
1353 4362 1687 4418 narrabant.
1738 4362 2088 4418 Occurrebat

455 4421 801 4526 quin’etiam
828 4421 1176 4510 difﬁdentiae
1208 4451 1560 4524 supplicum,
1593 4455 1649 4506 et
1693 4450 2087 4521 impetrabilia
2119 4421 2162 4484 D

456 4547 651 4616 petere
682 4543 841 4614 ipsos
875 4558 1144 4598 asserens
1177 4540 1329 4596 ultro
1361 4540 1611 4595 addebat
1656 4538 1861 4594 timide
1907 4554 2085 4610 agen-

452 4632 613 4689 tibus
644 4632 873 4687 animos
904 4630 1178 4697 audendi,
1212 4629 1677 4701 suggerebatque
1726 4627 1795 4682 ad
1848 4643 2084 4698 persua-

454 4720 711 4776 dendum
743 4723 1039 4792 aptas,pro
1069 4733 1278 4790 genere
1311 4734 1376 4772 ac
1399 4721 1557 4772 statu
1578 4733 1787 4786 causae,
1811 4714 2088 4788 postulati

454 4809 754 4864 evincendi
788 4808 1075 4874 rationes;
1116 4806 1468 4876 easdemque
1517 4805 1815 4876 digerebat
1860 4821 2077 4862 accom-

456 4895 691 4949 modato
714 4894 785 4948 ad
809 4893 986 4949 ﬁnem
1009 4896 1273 4964 optatum
1296 4892 1517 4957 ordine,
1552 4893 1733 4964 perite
1757 4893 2087 4963 dijudicans

452 4998 584 5053 quae
605 4980 837 5037 illarum
868 4980 1110 5052 proponi
1145 4982 1320 5051 prior,
1345 4997 1474 5053 quae
1501 4980 1713 5049 subjici
1742 4979 1928 5049 alteri,
1959 4997 2085 5051 quas

449 5076 742 5143 postremo
773 5071 1053 5142 subjungi
1075 5070 1198 5125 loco
1230 5070 1484 5127 deberet.
1516 5068 1680 5125 Unde
1708 5069 2083 5140 contingebat

454 5177 606 5232 saepe
635 5161 840 5233 reﬁngi
864 5159 1220 5230 rescribique
1240 5159 1502 5215 libellum
1525 5157 1873 5230 supplicem,
1909 5158 2084 5214 etiam

442 5251 573 5321 jam
595 5249 856 5305 oblatum
888 5247 1351 5321 principi,usque
1379 5247 1673 5303 interdum
1703 5246 1773 5302 ad
1806 5246 2087 5319 principis

454 5340 717 5411 ejusdem
753 5339 901 5396 405
938 5337 1318 5394 offensionem
1367 5335 1459 5391 cui
1508 5340 1566 5391 et
1613 5335 1984 5393 stomachum
2030 5342 2088 5393 et

453 5428 820 5499 suspiciones
842 5442 1266 5498 nonnunquam
1297 5424 1584 5494 movebat,
1605 5425 1757 5496 quod
1788 5424 1999 5481 iterum
2028 5429 2087 5483 et

454 5516 627 5571 tertio
661 5513 1047 5588 interpolatae
1077 5530 1195 5571 una
1220 5512 1291 5571 de
1319 5528 1382 5570 re
1410 5510 1525 5585 ipsi
1553 5510 1788 5570 libellus
1827 5512 2083 5571 inculca-

2184 1796 2367 1837 στασις
2420 1777 2797 1853 ἀμφοτέρωθεν
2861 1777 3019 1845 ἱκανή
3100 1777 3166 1844 ἦν
3229 1769 3567 1850 θορυϐἧσάι
3624 1770 3711 1825 καὶ
3761 1769 3840 1823 τὸν

2182 1863 2469 1920 ἀκούοντα.
2503 1867 2632 1927 Τοῖς
2686 1863 2735 1919 δ’
2790 1864 2889 1920 οὐκ
2944 1861 3136 1939 ἔληγεν
3196 1861 3307 1930 ἔτι,
3354 1860 3519 1918 ἀλλὰ
3548 1864 3630 1931 τῷ
3663 1859 3750 1931 μὲν
3779 1857 3842 1917 ὡς

2185 1952 2315 2025 ὑπὲρ
2348 1950 2561 2008 δικαίου
2611 1950 2822 2027 λέγοντι
2879 1954 2907 2008 ὁ
2966 1951 3135 2022 ζῆλος
3190 1950 3382 2020 ἆνέζει
3417 1948 3519 2003 καὶ
3550 1946 3838 2022 πιιίῖὂιςῖησιιι⁴

2185 2042 2506 2115 στικώτερον
2547 2038 2804 2111 ἔπληττε,
2840 2039 3055 2115 βασιλεῖ
3111 2036 3168 2094 δὲ
3222 2039 3292 2094 τὸ
3355 2037 3454 2093 ἐπὶ
3515 2040 3601 2108 τῷ
3639 2032 3838 2105 διαπρε-

2185 2123 2496 2202 σϐευομένῳ
2549 2124 2712 2204 ἔχθος
2769 2129 2906 2206 πρὸς
2957 2130 3056 2198 τήν
3106 2128 3245 2185 κατά
3298 2131 3412 2182 τοῦ
3460 2119 3839 2200 πρεσϐεύοντος

2190 2348 2368 2414 retur,
2402 2349 2465 2401 ut
2483 2347 2605 2416 jam
2630 2345 2728 2417 qui
2752 2345 3001 2417 primam
3027 2345 3515 2417 propositionem
3547 2338 3829 2411 accepant

2189 2431 2457 2504 placidus
2481 2433 2766 2505 vultuque
2796 2432 3247 2505 benignospem
3276 2434 3543 2495 fecerat,
3574 2429 3647 2484 ad
3679 2424 3830 2481 toties

2190 2520 2460 2577 relicatas
2481 2520 2794 2577 instantiae
2818 2524 3158 2593 corrugaret
3178 2521 3473 2588 frontem,
3495 2520 3831 2573 metuensne

2184 2610 2308 2679 jam
2332 2626 2450 2665 sua;
2474 2609 2739 2665 facilitati
2770 2607 3489 2681 illuderetur,praasertim
3522 2603 3828 2661 increbres-

2190 2702 2355 2753 cente
2384 2698 2738 2754 conﬁdentia
2764 2696 3107 2768 multorum,
3139 2697 3241 2768 qui
3274 2696 3417 2753 freti
3470 2691 3829 2751 conciliatura

2191 2785 2570 2841 admissionis
2601 2790 2656 2841 et
2686 2786 2891 2840 eodem
2939 2784 3403 2856 supplicationis
3456 2781 3828 2851 suffragatore

2191 2873 2540 2945 patriarcha,
2567 2873 2881 2929 audientiis
2923 2873 3050 2929 sine
3092 2873 3209 2927 ﬁne
3254 2869 3581 2944 captandis
3629 2865 3825 2939 produ-

2192 2963 2507 3033 cendisque
2538 2979 2708 3017 aures
2741 2960 3109 3033 imperatoris
3140 2960 3564 3018 obtundebant
3592 2960 3651 3012 et
3690 2953 3827 3008 vide-

2192 3050 2324 3105 licet
2354 3050 2654 3106 irritabilis
2680 3054 2890 3105 natura
2920 3050 3268 3121 fortunaque
3319 3045 3592 3106 hominis
3638 3041 3823 3111 fatiga-

2193 3140 2335 3194 bant
2382 3138 2750 3210 patientiam,
2800 3154 2866 3193 eo
2923 3137 3051 3209 ipso
3105 3136 3360 3209 gratiam
3421 3137 3498 3192 ad
3559 3128 3821 3206 populum

2192 3227 2532 3299 patriarchae
2580 3227 2941 3296 cumulante,
2990 3228 3144 3299 quod
3193 3243 3357 3297 eum,
3412 3230 3482 3281 ut
3511 3216 3820 3280 consuleret

2193 3314 2686 3381 miseris,videret
2706 3332 2778 3372 ne
2808 3315 3021 3372 favoris
3052 3316 3289 3387 quidem
3324 3314 3489 3388 apud
3511 3308 3814 3383 principem

2193 3403 2409 3474 proprii
2433 3419 2634 3458 cavere
2656 3404 3203 3475 dispendium.Tam
3226 3404 3490 3460 effusum
3515 3398 3813 3464 efﬁcaxque

2192 3493 2252 3546 in
2268 3508 2413 3547 novo
2431 3492 3067 3563 patriarchaeminebat
3078 3492 3581 3549 sublevandorum
3594 3487 3815 3555 inopum

2194 3579 2479 3635 studium.
2511 3580 2691 3651 Cujus
2716 3580 2813 3636 hic
2862 3580 3160 3653 singulare
3207 3580 3455 3652 aliquod
3506 3572 3811 3644 exemplum

2192 3665 2349 3722 haud
2373 3667 2578 3724 inutile
2601 3668 2778 3724 fuerit
2797 3669 3030 3739 referre,
3055 3670 3210 3725 unde
3240 3670 3546 3741 specimen
3579 3660 3812 3737 prudens

2192 3753 2375 3811 lector
2410 3755 2604 3827 capiat
2649 3756 2846 3813 liberas
2894 3757 3117 3813 ﬁducia;
3165 3757 3271 3813 viri
3324 3758 3506 3815 istius
3553 3751 3809 3816 fortisqne

2191 3841 2251 3897 in
2293 3844 2530 3915 justitia
2581 3846 3008 3917 propugnanda
3052 3847 3424 3902 constantia.
3468 3845 3657 3899 Bstas
3703 3834 3809 3890 erat

2194 3947 2449 4000 summa,
2480 3936 2538 3989 et
2556 3932 2874 4005 imperator
2893 3934 3182 3990 altissimo
3213 3938 3410 3991 stante
3435 3933 3547 3990 sub
3574 3923 3802 3985 medium

2194 4020 2349 4075 diem
2396 4020 2518 4076 sole
2564 4038 2766 4078 recens
2813 4039 2847 4076 a
2884 4023 3280 4093 pomeridiano
3311 4036 3524 4079 somno
3554 4019 3613 4074 in
3638 4009 3802 4070 medio

2193 4107 2488 4165 caenaculo
2519 4109 2706 4180 frigus
2730 4110 3017 4179 captabat.
3070 4110 3389 4167 Obsidebat
3435 4112 3631 4167 autem
3675 4100 3805 4156 fores

2195 4196 2553 4252 audientiam
2599 4201 2943 4269 exspectans
2975 4199 3307 4270 patriarcha
3336 4217 3370 4257 e
3398 4197 3588 4254 vicino
3616 4191 3679 4248 ad
3710 4187 3802 4241 hoc

2194 4285 2487 4356 profectus
2508 4289 2564 4340 et
2584 4285 2664 4340 ibi
2687 4285 3020 4354 considens,
3053 4292 3120 4343 ut
3141 4289 3212 4344 ad
3235 4288 3488 4359 primam
3519 4284 3589 4341 ab
3619 4289 3797 4349 exper-

2194 4377 2349 4428 recto
2417 4373 2768 4444 imperatore
2834 4379 3073 4446 paratus
3138 4376 3558 4432 admissionem
3620 4363 3795 4422 staret-

2193 4460 2503 4517 Admissus
2532 4462 2770 4518 tandem
2800 4478 3043 4519 causam
3076 4480 3248 4536 agere
3276 4464 3449 4536 erepit
3479 4448 3798 4536 hominis,ut

2193 4548 2247 4605 ei
2267 4553 2627 4621 compertum
2649 4554 2794 4620 erat,
2825 4550 3044 4621 injuste
3065 4534 3346 4608 damnati.
3362 4534 3653 4607 hastarum
3681 4534 3790 4594 0le

2196 4638 2449 4711 quodam
2466 4638 2524 4693 in
2539 4639 2693 4695 hunc
2709 4639 3008 4695 hominem
3028 4645 3470 4711 praeoccupatus
3484 4628 3789 4704 imperator.

2194 4725 2447 4782 salutem
2478 4727 2676 4783 miseri
2708 4745 2885 4800 quam
2919 4730 3150 4799 petebat
3181 4727 3510 4800 patriarcha
3556 4733 3663 4776 non
3702 4724 3787 4766 8η·

2195 4813 2344 4870 nuit.
2392 4815 2539 4871 Hinc
2596 4817 2840 4887 praesule
2897 4817 2970 4872 ad
3019 4815 3339 4872 instantius
3387 4800 3783 4887 deprecandufn

2194 4902 2588 4971 incumbente,
2621 4904 2886 4977 principe
2933 4921 3067 4960 vero
3116 4904 3177 4959 in
3225 4883 3478 4976 negandi
3526 4883 3788 4970 prOPOSiw

2195 4995 2508 5061 perstante,
2559 4998 2852 5049 certamen
2900 4996 3094 5048 ortum
3143 5000 3229 5048 est
3277 4991 3544 5061 utrinque
3586 4980 3663 5037 sic
3695 4987 3780 5030 διο·
3845 5056 3851 5063 ι

2194 5094 2434 5134 censum
2468 5084 2533 5134 ut
2560 5080 2864 5136 audientes
2911 5080 3415 5147 conturbarentur,
3464 5088 3589 5132 cum
3633 5066 3783 5147 ﬁnem

2192 5164 2523 5236 patriarcha
2545 5166 2810 5239 urgendi,
2832 5169 3125 5239 Augustus
3147 5146 3428 5222 renuendi
3450 5176 3558 5218 non
3580 5146 3776 5241 facet‘ﬁl-

2191 5234 2279 5308 Ad
2309 5234 2645 5309 extremum'
2661 5234 3295 5326 conscius—patriarcha
3339 5270 3403 5310 se
3448 5264 3547 5323 pro
3580 5234 3780 5315 justitia

2193 5342 2542 5413 pugnare,in
2563 5341 2754 5399 zelum
2777 5344 3012 5410 exarsit,
3029 5347 3086 5399 et
3105 5341 3476 5399 liberioribus
3503 5328 3773 5403 imperato-

2193 5444 2314 5483 rem
2333 5429 2583 5502 pupugit
2593 5429 2910 5487 verbis.Ille
2923 5429 3122 5486 odium
3140 5446 3254 5502 quo
3270 5420 3772 5501 ﬂagrabatinreum:

2190 5514 2253 5572 in
2285 5514 2463 5573 nimis
2489 5515 2912 5587 vehementem,
2943 5515 3099 5574 400
3128 5520 3194 5574 ut
3237 5514 3494 5589 putabat,
3534 5506 3648 5578 olli!
3685 5508 3767 5569 P“

4002 4729 4008 4933 δ

4001 4958 4007 5119 ³
