4110 6280
357 271 459 324 861

1429 279 1525 330 DE
1562 278 1930 330 MICHAELE
1969 279 2406 334 PALEOLOGO
2442 281 2575 333 LIB.
2617 281 2685 331 ν.

3631 269 3738 326 862

354 394 633 468 βαρύτητα
688 391 955 468 τρέψαντα
1012 391 1284 450 συνέϐαινε
1337 396 1756 471 παροξύνεσθαι,
1807 399 1903 454 Καὶ
1958 400 1984 452 ὁ
2016 407 2068 472 Α
2099 397 2386 462 δοκοῦντος
2418 397 2562 474 ἔχειν
2613 401 2673 454 τὸ
2723 397 2930 453 δίκαιον
2979 397 3060 474 ἐφ’
3093 398 3173 459 οἷς
3205 396 3291 450 καὶ
3328 393 3595 470 βασιλέως
3629 393 3736 448 δέε-

820 481 865 503 ἢ)

356 483 449 554 μὲν
486 480 683 550 ἐδέετο,
731 483 758 535 6
817 481 865 536 δ’
922 484 1177 540 ἀνένευεν.
1238 487 1297 541 Ὁ
1359 487 1452 557 μὲν
1510 487 1597 540 καὶ
1636 484 1994 559 δραστικώτε-

351 590 446 644 ρον
475 565 778 639 ἠντιϐόλει,
832 573 859 625 ὁ
908 569 954 625 8⁸
1009 572 1276 646 ἠγρίαινε.
1338 572 1508 635 Τέλος
1538 573 1661 629 ἀλλ’
1697 572 1990 637 ἀδικεῖσθαι

348 659 440 712 τὸν
504 657 784 731 ἄνθρωπον
843 657 1045 734 ἔλεγεν,
1102 663 1128 714 ὁ
1188 659 1233 714 δ’
1293 660 1392 714 οὐκ
1448 661 1774 736 ἐφρόντιζεν.
1809 664 1895 724 Ὡς
1939 661 1996 717 δὲ

353 747 441 800 καὶ
499 745 669 814 δῆλος
725 750 788 814 ἦν
849 749 1062 819 πράξων
1139 745 1618 824 παραϐολώτερον,
1678 750 1742 818 ἢν
1809 754 1880 823 μή
1943 754 1992 825 γ’

349 833 562 903 ἀκούοι,
597 836 622 888 6
657 833 704 888 δ’
735 834 858 890 ἀλλ’
894 835 992 890 οὐκ
1050 834 1230 890 ἐδίδου
1285 838 1345 892 τὸ
1404 841 1650 912 παράπαν
1681 841 1780 907 τὴν
1815 837 1990 909 λύσιν,

348 925 446 976 κᾶν
477 923 507 977 ὅ
536 944 588 977 τι
613 923 703 977 καὶ
737 924 949 998 πράξοι.
1004 925 1099 978 Καὶ
1159 925 1312 986 εὐθὺς
1347 925 1514 994 ζῆλος
1547 925 1720 981 εῗσέδυ
1769 928 1858 981 τὸν
1913 930 1986 981 ἰε-

922 484 1177 540 ἀνένευεν.

350 1013 465 1084 ρέα,
498 1010 609 1080 καί,
650 1035 670 1062 ι
707 1011 774 1067 Τί
805 1011 883 1080 δὲ,
920 1036 946 1063 ››
997 1014 1151 1087 φησὶ,
1204 1039 1231 1065 ‹‹
1263 1017 1350 1068 καὶ
1393 1015 1496 1069 ἀπὸ
1525 1015 1686 1069 τίνων
1721 1018 1994 1090 ἀρχιερεῖς

351 1104 489 1152 εῖναι
521 1099 662 1168 ἄξιον
795 1101 1085 1174 μαγείρους
1134 1104 1222 1156 καὶ
1274 1110 1606 1176 στρατωρας,
1641 1104 1728 1165 οῦς
1762 1103 1960 1158 ὑποκλί

346 1208 465 1241 νευν
527 1188 732 1261 ἀνάγκη
792 1187 886 1242 κᾶν
949 1191 978 1242 ὅ
1036 1211 1086 1243 τι
1146 1190 1392 1252 θέλοιτεε
1429 1216 1456 1243 ››
1516 1194 1698 1247 Ταῦτά
1735 1214 1791 1246 τε
1823 1193 1990 1246 εἰπεῖν

348 1276 438 1328 καὶ
470 1275 662 1349 ἀθρόον
706 1277 768 1330 τὸ
822 1284 917 1344 τῆς
974 1280 1344 1353 πατριαρχίας
1403 1277 1678 1350 σύμϐολον
1711 1281 1860 1354 ῥίψαι
1893 1283 1988 1349 την

354 1363 672 1438 βακτηρίαν,
733 1366 832 1433 τὴν
887 1364 933 1418 δ’
990 1366 1364 1441 ἐπιρῥοιζῆσαι
1425 1368 1530 1442 πρὸ
1578 1365 1758 1421 ποδῶν
1795 1372 1870 1437 τῷ
1905 1370 1991 1442 βα-

350 1447 495 1502 σιλεῖ
524 1455 806 1521 πεσοῦσαν,
837 1453 927 1506 τὸν
964 1450 1008 1506 δ’
1047 1451 1138 1524 ἅμ’
1192 1454 1510 1520 ἀναστάντα,
1538 1456 1574 1524 ᾖ
1605 1453 1783 1508 ποδῶν
1820 1461 1988 1530 εῖχεν,

346 1535 448 1605 ἔξω
481 1544 704 1612 χωρεῖν.
739 1540 840 1594 Καὶ
868 1540 957 1593 τὸν
1017 1543 1110 1611 μὲν
1173 1542 1398 1616 βασιλέα
1427 1542 1478 1596 έν
1509 1542 1739 1616 αἰσχύνῃ
1769 1548 1990 1596 ποιοῦν-

347 1646 416 1679 τα
445 1627 504 1680 τὸ
533 1633 756 1703 πρᾶγμα
796 1627 938 1682 ἐνεὸν
995 1630 1325 1699 ἀνίστασθαι,
1385 1631 1584 1684 έκεῖτον
1645 1629 1721 1696 δὲ,
1761 1630 1986 1685 πολλῶν

2098 510 2205 542 ται.
2242 488 2413 544 Ἀλλᾶ
2463 489 2733 550 πολλάκις
2784 489 2946 542 εἰπὼν
2997 488 3098 542 οὐκ
3144 487 3411 556 ἠκούσθη,
3453 487 3540 538 καὶ
3575 485 3736 557 ὑπερ-

2102 580 2309 650 ήμερος
2345 577 2588 654 έφαίτετο
2628 581 2671 646 ’ἡ
2729 579 2974 652 βοήθεια.
3026 578 3313 650 Δράττεται
3342 573 3518 627 τοίνυν
3554 575 3579 627 6
3607 593 3733 646 πρε-

2099 660 2301 719 σϐεύων
2349 670 2560 738 καιροῦ,
2611 667 2700 719 καὶ
2759 668 2786 719 6
2839 666 3023 739 καιρὸς
3079 665 3238 735 ἑορτὴ
3288 664 3351 730 ἦν
3384 666 3482 715 τοῦ
3517 661 3566 714 ἐν
3602 663 3736 734 μαρ-

2098 774 2217 806 τυσι
2274 760 2598 830 περιφανοῦς
2661 755 2928 828 Γεωργίου
2981 753 3070 807 καὶ
3124 752 3332 822 σύναξις
3387 748 3592 824 ἀνδρῶν
3641 748 3738 803 οὐκ

2099 839 2300 914 ὀλίγων
2353 841 2452 894 ἀνὰ
2501 843 2599 910 τὴν
2653 846 2760 896 τῶν
2823 840 3118 915 Μαγγανων
3182 841 3374 910 μονήν.
3435 840 3532 890 Καὶ
3580 838 3606 890 6
3639 838 3732 908 μὲν

2097 928 2270 1000 ἱερεὺς
2328 931 2426 996 τὴν
2484 930 2809 1001 ἀναίμακτον
2871 928 3038 982 ἐτέλει
3097 926 3300 994 Θυσίαν,
3337 927 3362 978 ὁ
3396 923 3451 978 δὲ
3483 924 3734 999 βασιλεὺς

2097 1018 2387 1089 ἱστάμενος
2435 1017 2689 1073 ἐτελεῖτο.
2752 1017 2897 1072 Ἑπεῖ
2960 1014 3006 1069 δ’
3061 1013 3371 1083 ἐτελεύτα
3403 1018 3510 1068 τῶν
3545 1011 3733 1086 δώρων

2099 1107 2338 1179 ἀναφορᾶ
2392 1107 2480 1160 καὶ
2541 1105 2645 1160 ἔδει
2699 1107 2787 1160 τὸν
2853 1104 3077 1179 βασιλέα
3131 1105 3428 1176 νιψάμενον
3460 1101 3737 1176 προεισελ-

2099 1199 2205 1256 θεῖν
2267 1193 2345 1270 ἐφ’
2402 1196 2447 1266 ᾧ
2501 1215 2559 1248 τε
2620 1198 2906 1268 μετασχεῖν
2969 1191 3266 1265 ἀντιδώρου
3336 1189 3424 1245 καὶ
3480 1191 3732 1265 εὐλογίαν

2096 1280 2240 1353 παρὰ
2268 1285 2363 1334 τοῦ
2424 1280 2911 1354 λειτουργήσαντος
2972 1278 3238 1349 δέξασθαι,
3297 1276 3733 1351 ἀνοίγνυνταιτα

2094 1368 2322 1438 πρόσθεν
2381 1372 2485 1421 τῶν
2545 1367 2751 1422 ἀδύτων
2815 1369 2991 1440 θύρια,
3047 1366 3391 1440 ἐμφανίζεται
3437 1368 3463 1419 6
3510 1368 3607 1432 τὴν
3645 1365 3732 1419 εὐ-

2094 1457 2200 1528 χὴν
2231 1454 2464 1509 τελέσων
2515 1461 2594 1527 τῷ
2657 1455 2890 1529 βασιλεῖ,
2950 1455 3196 1530 πρόσεισι
3232 1453 3488 1530 βασιλεῦς
3520 1453 3736 1507 ἐκτείνει

2093 1544 2186 1603 τὰς
2219 1549 2406 1617 χεῖρας
2450 1548 2546 1598 τοῦ
2607 1545 2752 1606 θείου
2804 1542 2966 1617 ἂρτου
3025 1542 3364 1616 ληψόμενος,
3419 1541 3601 1615 ἐπέχει
3631 1544 3727 1609 τῆν

2094 1629 2263 1700 δεξιὰν
2295 1632 2320 1684 ὁ
2348 1631 2520 1704 ἱερεὺς
2567 1635 2627 1685 τὸ
2675 1637 2770 1685 τοῦ
2816 1634 2966 1707 ἱεροῦ
3017 1631 3180 1705 ἄρτου
3219 1630 3436 1703 κλάσμα
3467 1631 3727 1703 κατέχου-

346 1713 657 1787 ἐπεχόντων
684 1718 770 1770 καὶ
827 1737 887 1791 γε
935 1721 1041 1771 τῶν
1103 1717 1163 1772 ἐκ
1221 1717 1493 1788 βασιλέως
1525 1727 1739 1792 συχνῶν
1774 1739 1986 1791 πεμπο-
2017 1754 2063 1818 Β
2096 1741 2209 1774 σαν.
2247 1723 2325 1791 [Ρ.
2358 1723 2484 1791 276]
2543 1721 2643 1776 Καὶ
2693 1720 2834 1774 οὕτω
2886 1725 2992 1774 τῶν
3058 1723 3150 1792 μὲν
3209 1724 3408 1795 χειρῶν
3445 1718 3728 1790 ἐκτεταμέ-

399 1802 408 1818 .
626 1804 720 1818 ,ρ
913 1808 956 1818 ,.
1303 1805 1398 1818 ..
1605 1805 1865 1818 ..μ
2269 1808 2367 1818 ,Α
2467 1805 3390 1818 .__....-_._._.
3587 1806 3598 1818 ,

347 1802 523 1873 μένων
551 1805 642 1856 καὶ
702 1804 1027 1878 ὑποστρέψαι
1086 1805 1541 1881 παρακαλούντων
1589 1809 1661 1867 ὡς
1694 1807 1768 1868 εἷς
1803 1805 1980 1874 λύπην

342 1895 424 1961 τῷ
489 1891 702 1964 βασιλεῖ
753 1895 1124 1966 γενησομένης
1174 1902 1273 1962 τῆς
1339 1895 1726 1968 ἐκχωρήσεως,
1781 1897 1868 1949 τὸν
1929 1893 1985 1950 δὲ

351 1976 484 2050 μηδ’
515 1978 661 2040 ὅλως
694 1980 936 2047 ἀκοῦσαι,
989 1980 1133 2036 ἀλλὰ
1179 1982 1314 2055 πεζῇ
1366 1981 1594 2045 διελθεῖν
1628 1984 1713 2036 καὶ
1747 1984 1845 2050 τὴν
1883 2004 1982 2054 μο·

341 2068 442 2135 νὴν
490 2070 587 2135 τῆς
637 2069 829 2142 χώρας
870 2066 1219 2136 καταλαϐεῖν,
1271 2067 1415 2144 ἔργῳ
1461 2070 1698 2140 ὃειξαντα
1744 2074 1841 2140 την
1886 2075 1981 2124 τοῦ

348 2156 524 2224 ζήλου
556 2155 711 2232 φύσιν
745 2157 925 2227 ὁποία,
956 2159 1045 2212 καὶ
1077 2159 1151 2221 ὡς
1205 2157 1264 2211 οὐ
1297 2153 1563 2229 λαμϐάνει
1592 2159 1882 2234 πρόσωπον
1917 2156 1981 2212 ἆυ

340 2243 479 2296 κατὰ
535 2244 662 2298 θεὸν
719 2243 952 2320 γίνηται.
1011 2244 1247 2300 Ι’Λλλοτε
1305 2243 1370 2314 δὴ
1429 2246 1593 2301 πάλιν
1664 2247 1978 2321 (προτρέχει

341 2332 447 2406 γὰρ
505 2331 594 2386 καὶ
649 2337 811 2388 τοῦτο
873 2333 1130 2409 ῥηθῆναι)
1189 2334 1319 2409 ὑπὲρ
1377 2334 1667 2410 ἀνθρώπου
1695 2333 1877 2404 δέησις
1909 2337 1975 2403 ἦν

345 2551 584 2602 tronum
616 2550 867 2614 vertens,
891 2549 1160 2620 asperius
1189 2555 1245 2604 et
1267 2551 1390 2620 ipse
1423 2537 1818 2621 responsavit;
1843 2551 1976 2606 Pro-

344 2641 602 2690 cesserat
626 2653 770 2708 pene
790 2636 849 2691 in
873 2638 1141 2708 jurgium
1163 2637 1536 2708 lis,poscente
1558 2640 1987 2706 hoc,abnuente

346 2722 474 2788 illo,
507 2723 796 2779 efficacius
831 2725 939 2780 hoc
961 2725 1330 2796 deprecante,
1363 2730 1563 2782 contra
1622 2727 1724 2781 illo
1779 2744 1986 2782 excan-

356 2812 644 2867 descente.
680 2814 940 2868 Tandem
985 2818 1345 2870 contestante
1403 2815 1652 2886 praesule
1704 2815 1982 2886 injuriam

359 2899 574 2954 homini
604 2901 747 2967 fieri,
781 2901 1040 2972 principe
1089 2903 1235 2957 nihil
1296 2903 1354 2957 id
1416 2921 1478 2958 se
1531 2919 1734 2958 curare
1794 2909 1987 2959 osten-

359 2989 548 3055 dente,
583 2990 825 3061 praesule
856 3006 918 3046 se
949 2991 1140 3046 adhuc
1173 2992 1380 3046 fortius
1405 2997 1691 3059 acturum,
1727 2992 1784 3047 ni
1819 2993 1986 3046 audi-

2091 1828 2196 1860 νων
2229 1812 2306 1876 τῷ
2341 1806 2573 1880 βασιλεῖ,
2605 1812 2704 1872 τῆς
2755 1805 2811 1862 δὲ
2861 1805 3034 1878 δεξιᾶς
3078 1813 3155 1878 τῷ
3201 1809 3338 1880 ἱερεῖ
3366 1806 3726 1880 ἀτρεμούσης,

2092 1899 2126 1964 ἡ
2153 1897 2372 1968 γλῶσσα
2403 1897 2542 1968 θέρει
2571 1899 2670 1965 τήν
2706 1896 2905 1950 ἱκεσίαν
2955 1897 3043 1950 καὶ
3090 1900 3169 1967 τῷ
3218 1893 3546 1967 λυπουμένῳ
3579 1901 3729 1965 ζητεῖ

2089 1984 2186 2050 τὴν
2222 1982 2397 2038 λύσιν.
2425 1981 2578 2045 Εἶδες
2610 1982 2668 2037 ἂν
2717 1986 2839 2039 τότε
2886 1990 3127 2058 γενναῖον
3159 1984 3488 2058 παράστημα
3518 1987 3724 2057 ψυχῆς,

2087 2075 2183 2124 τοῦ
2243 2071 2336 2142 μὲν
2396 2071 2696 2132 ἱκτεύοντος
2757 2069 2934 2126 δοῦναι
2993 2073 3090 2139 τὴν
3148 2071 3322 2138 λύσιν,
3371 2071 3459 2125 καὶ
3502 2075 3597 2125 τοῦ
3633 2072 3731 2143 μέν

2089 2158 2164 2219 εἰς
2196 2160 2382 2234 καιρὸν
2415 2161 2753 2234 ἀναρτῶντος
2811 2161 2884 2221 ὡς
2946 2162 3020 2231 μὴ
3076 2156 3230 2221 ὄντος
3279 2158 3483 2214 ἐκείνου
3530 2163 3727 2234 καιροῦ

2091 2248 2317 2317 λύσεως,
2345 2253 2440 2302 τοῦ
2472 2246 2528 2302 δὲ
2555 2250 2642 2303 καὶ
2679 2249 2890 2322 μᾶλλον
2941 2251 3014 2310 ὡς
3064 2245 3218 2310 ὄντος
3271 2248 3718 2322 έξανακράζοντος

2090 2337 2201 2408 ἅμα
2235 2337 2328 2409 μὲν
2377 2337 2648 2411 ἀγιασμοῦ
2709 2337 2768 2391 ἐκ
2825 2342 2983 2406 Θεοῦ,
3033 2339 3144 2410 ἅμα
3188 2334 3246 2391 δὲ
3275 2336 3364 2390 καὶ
3397 2336 3730 2409 συμπαθείας

2164 2551 2198 2604 Α
2210 2551 2285 2605 rri
2297 2552 2377 2622 pit
2390 2552 2962 2622 agituroccasionem
2977 2553 3533 2624 intercessor,quam
3553 2569 3586 2608 a
3601 2551 3706 2607 reli
3720 2563 3741 2574 ⁸

2093 2638 2262 2710 gione
2295 2640 2414 2694 fore
2444 2641 2671 2719 putavit
2693 2642 3008 2698 efﬁcacem.
3036 2643 3267 2697 Festum
3291 2642 3573 2712 agebatur
3606 2656 3732 2710 per-

2095 2727 2346 2782 illustris
2378 2727 2532 2783 inter
2557 2734 2842 2801 martyres
2865 2730 3116 2802 Georgii,
3149 2739 3203 2786 et
3245 2735 3562 2786 Conventus
3603 2731 3727 2784 erat

2097 2831 2212 2870 non
2237 2816 2476 2871 modicae
2509 2817 2912 2873 multitudinis
2947 2820 3099 2889 apud
3125 2820 3304 2874 aedem
3338 2835 3566 2873 sacram
3602 2833 3726 2871 mo-

2096 2904 2332 2958 nasterii
2368 2905 2815 2977 Manganorum,
2848 2906 3323 2962 incruentumibi
3382 2905 3733 2962 sacrificium

2098 2992 2374 3047 offerente
2429 2995 2749 3064 patiarcha.
2814 2995 3138 3066 Imperator
3219 2995 3402 3050 sacris
3485 2992 3732 3048 astabat.

355 3083 535 3146 retur,
559 3095 671 3148 prae
693 3095 755 3133 se
786 3079 1022 3144 ferente,
1053 3079 1311 3151 principe
1370 3086 1571 3135 contra
1629 3085 1979 3148 ostentante,
2017 3078 2058 3143 C
2097 3079 2204 3135 Ubi
2235 3096 2367 3136 vero
2400 3081 2651 3152 perfecta
2673 3082 2966 3138 oblatione
2987 3084 3274 3138 donorum
3292 3093 3526 3152 tempus
3546 3081 3730 3136 adfuit

356 3166 643 3236 quidquid
677 3168 888 3221 faceret
911 3174 1009 3221 aut
1039 3167 1276 3231 diceret,
1309 3167 1455 3222 nihil
1507 3169 1988 3238 impetraturum,

349 3271 421 3308 ne
452 3258 578 3308 tum
633 3255 868 3325 quidem
928 3255 1257 3326 patriarcha
1299 3256 1490 3311 victus
1547 3256 1833 3313 abscessit
1891 3260 1992 3311 aut

351 3347 696 3412 susceptum
755 3358 927 3397 suum
1002 3343 1266 3399 deserere
1323 3343 1625 3408 sustinuit,
1686 3345 1785 3399 sed
1843 3349 1988 3399 aestu

353 3431 542 3486 elatus
573 3431 1002 3486 effervescentis
1035 3432 1194 3487 intus
1223 3432 1329 3486 zeli
1356 3449 1368 3486 :
1395 3453 1423 3480 ‹‹
1446 3432 1593 3496 Quid
1627 3431 1807 3502 igitur
1840 3434 1863 3485 Ρ
1905 3431 1992 3486 in-

355 3519 514 3590 quit;
549 3536 621 3574 an
654 3535 857 3575 censes
887 3537 1118 3592 aquum
1147 3520 1452 3591 episcopos
1483 3521 1637 3591 apud
1663 3536 1765 3574 vos
1808 3520 1991 3574 nihilo

356 3609 540 3680 pluris
571 3626 700 3665 esse
757 3626 934 3681 quam
985 3627 1203 3682 coquos
1264 3614 1364 3665 aut
1421 3615 1721 3676 stratores,
1776 3610 1991 3680 quibus

353 3698 553 3753 omnia
582 3698 744 3752 vobis
771 3699 1015 3770 obsequi
1049 3703 1107 3754 et
1138 3700 1207 3753 ad
1233 3704 1442 3753 nutum
1480 3699 1698 3753 servire
1757 3715 1992 3754 necesse

351 3791 443 3841 est
472 3786 499 3840 ?
531 3808 559 3835 »
591 3786 778 3841 Simul
811 3787 931 3842 haec
955 3786 1155 3841 dicens
1187 3785 1536 3857 pastoralem
1570 3784 1866 3856 baculum,
1892 3803 1990 3857 pa-

355 3873 684 3929 triarchalis
745 3874 977 3945 insigne
1041 3873 1368 3944 dignitatis,
1429 3877 1563 3928 ante
1621 3873 1991 3943 imperatoris

352 3963 526 4033 pedes
551 3962 752 4032 abjicit
782 3980 794 4018 :
831 3963 952 4034 ipse
991 3961 1212 4032 impetu
1254 3977 1572 4032 exsurgens
1620 3961 1992 4016 velocissimo

357 4067 536 4121 passu
569 4067 631 4106 se
661 4051 816 4106 foras
847 4050 1026 4120 ejicit.
1072 4051 1131 4105 Id
1190 4050 1393 4106 videns
1444 4051 1763 4119 imperator
1805 4055 1861 4105 et
1919 4050 1990 4104 ad

357 4137 740 4209 ignominiam
776 4138 1064 4209 pertinere
1113 4156 1278 4193 suam
1341 4142 1642 4208 reputans,
1693 4137 1984 4193 sollicitus

357 4226 638 4296 assurgit,
673 4224 878 4280 multis
910 4225 1330 4297 digredientem
1359 4230 1556 4279 tenere
1587 4224 1979 4295 patriarcham

352 4314 722 4380 conantibus,
752 4318 808 4368 et
839 4313 968 4368 aliis
992 4330 1168 4384 super
1198 4313 1344 4368 alios
1376 4313 1446 4368 ab
1473 4313 1823 4383 imperatore
1853 4313 1990 4366 mis-

2101 3185 2216 3240 quo
2247 3185 2317 3224 ex
2338 3185 2496 3224 more
2526 3172 2682 3225 lotus
2714 3171 3031 3241 imperator
3060 3173 3329 3226 accedere
3360 3170 3608 3225 debebat
3665 3170 3737 3224 ad

2101 3256 2529 3328 perceptionem
2584 3259 2754 3329 panis
2800 3258 3112 3324 benedicti,
3172 3274 3346 3330 quem
3397 3256 3735 3311 antidorum

2097 3350 2326 3412 vocant,
2351 3351 2407 3400 et
2428 3345 2722 3417 eulogiam
2755 3365 2789 3402 a
2818 3346 3147 3402 celebrante
3206 3346 3490 3416 accipere,
3549 3343 3730 3399 reclu-

2099 3433 2323 3485 duntur
2344 3435 2667 3490 anteriores
2700 3436 3007 3506 adytorum
3043 3436 3218 3502 foros,
3265 3438 3321 3488 et
3392 3433 3583 3503 prodit
3638 3431 3736 3502 qui

2097 3519 2245 3573 bene
2303 3526 2642 3590 precaturus
2702 3523 3042 3593 imperatori
3083 3523 3254 3593 juxta
3309 3537 3530 3576 morem
3589 3524 3730 3574 erat.

2099 3607 2313 3662 Praesto
2345 3613 2433 3663 est
2459 3611 2757 3680 Augustus
2793 3627 2806 3664 :
2840 3616 2896 3667 et
2928 3628 3138 3666 manus
3198 3609 3445 3682 porrigit
3489 3625 3724 3665 sacrum

2099 3702 2443 3766 sumpturus
2495 3714 2726 3766 panem.
2796 3699 3040 3753 Cohibet
3089 3700 3386 3753 dexteram
3437 3698 3728 3766 sacerdos,

2099 3801 2214 3854 qua
2248 3785 2638 3854 fragmentum
2667 3787 2815 3840 sacri
2851 3786 3020 3856 panis
3044 3785 3296 3848 tenebat,
3321 3786 3388 3840 Et
3419 3786 3501 3840 sic
3534 3790 3732 3839 exten-

2097 3872 2178 3926 sis
2224 3873 2597 3942 imperatoris
2644 3873 2879 3944 palmis,
2951 3890 3124 3927 manu
3207 3891 3339 3928 vero
3424 3873 3732 3943 patiarchaa

2099 3959 2285 4029 rigide
2317 3976 2628 4030 suspensa,
2660 3959 2862 4031 lingua
2889 3960 3017 4028 ejus
3049 3961 3222 4014 toties
3255 3964 3424 4014 antea
3456 3961 3728 4030 rejectam

2098 4046 2585 4118 supplicationem
2620 4047 2868 4116 iteravit,
2902 4053 2959 4102 et
3009 4048 3233 4103 homini
3286 4065 3432 4118 aegre
3475 4047 3734 4113 habenti,

2097 4141 2162 4189 ut
2191 4136 2261 4189 ab
2296 4135 2644 4206 imperatore
2669 4136 2822 4206 quod
2847 4137 3102 4207 optabat,
3119 4136 3479 4204 contingeret
3499 4139 3732 4206 precata

2097 4227 2205 4277 est.
2238 4222 2477 4276 Videres
2519 4222 2615 4276 hic
2665 4223 2936 4293 utrinque
2989 4223 3263 4277 obnixam
3322 4223 3379 4276 in
3435 4223 3731 4292 proposito

2098 4310 2488 4366 constantiam
2540 4312 2788 4367 duorum
2835 4312 3034 4365 invicti
3094 4312 3303 4382 rigoris
3376 4311 3726 4365 animorum.

352 4402 435 4456 sis
466 4403 594 4471 ejus
625 4401 860 4456 nomine
884 4401 1226 4472 rogantibus
1243 4406 1308 4456 ut
1338 4402 1550 4457 rediret
1581 4402 1653 4456 ad
1684 4405 1984 4456 vocantem
2022 4419 2065 4484 D
2097 4399 2253 4454 Nihil
2285 4401 2437 4455 enim
2471 4400 2542 4454 de
2568 4401 2863 4455 sententia
2894 4400 3149 4454 dimotus
3212 4401 3530 4470 imperator
3586 4401 3732 4469 frag.

351 4489 684 4559 Augustum
712 4492 768 4544 et
799 4489 1123 4544 discessum
1168 4489 1324 4544 hunc
1382 4490 1510 4558 ejus
1570 4487 1988 4544 molestissime

353 4578 650 4632 ferentem.
696 4577 795 4633 Ille
852 4578 922 4632 ad
973 4579 1170 4633 omnia
1220 4579 1435 4633 surdus
1483 4595 1720 4633 cursum
1772 4578 1983 4646 tenuit,

354 4667 541 4735 quoad
570 4666 626 4720 in
649 4666 929 4734 vicinum,
963 4668 1064 4723 ubi
1095 4667 1520 4734 diversabatur,
1567 4667 1984 4722 monasterium

355 4754 530 4824 pedes
561 4754 842 4824 pervenit,
876 4755 1069 4824 reipsa
1090 4756 1403 4810 ostendens
1435 4771 1562 4823 quas
1599 4753 1822 4808 indoles
1879 4752 1984 4808 zeli

351 4841 449 4903 sit,
511 4857 806 4912 quamque
855 4841 973 4909 ille,
1015 4859 1146 4897 cum
1201 4843 1385 4896 Deum
1445 4841 1619 4896 habet
1667 4849 1983 4909 auctorem,

351 4929 672 4984 reverentia
703 4930 1025 5000 quantaevis
1056 4930 1230 4984 etiam
1253 4929 1556 4999 praesentis
1579 4945 1836 4999 persona;
1869 4945 1984 4982 non

349 5017 763 5071 retardaretur.
813 5018 971 5073 Alias
1017 5034 1222 5073 rursus
1281 5017 1441 5089 (nam
1491 5021 1546 5071 et
1589 5016 1703 5071 huc
1761 5017 1984 5087 impetu

347 5103 526 5159 semel
575 5105 942 5176 digrediendi
1003 5111 1172 5177 capto
1223 5122 1403 5176 prono
1462 5105 1632 5175 lapsu
1682 5107 1985 5175 procurrat

349 5192 560 5262 oratio)
593 5192 760 5258 alias,
796 5191 1042 5263 inquam
1076 5209 1285 5247 rursus
1311 5193 1513 5247 orabat
1545 5191 1845 5263 patiarcha
1883 5208 1984 5262 pro

347 5280 606 5348 homine,
640 5281 733 5335 cui
786 5281 1008 5350 justum
1071 5283 1346 5337 censebat
1398 5281 1471 5335 ab
1525 5281 1875 5352 imperatore
1925 5280 1982 5334 id

349 5365 640 5438 indulgeri
675 5383 790 5437 quo
824 5368 1050 5438 egebat,
1099 5369 1200 5422 sed
1256 5367 1531 5438 replicata
1569 5367 1781 5436 saepius
1840 5365 1984 5420 nihil

351 5454 692 5524 proficiebat
724 5455 908 5510 oratio
935 5475 949 5524 ;
975 5459 1031 5512 et
1055 5457 1200 5511 401
1232 5455 1352 5525 jam
1374 5454 1549 5526 longa
1577 5453 1984 5525 adeoqueinfi-

353 5536 476 5596 nlta
504 5539 814 5597 videbatur
847 5558 997 5614 saepe
1027 5543 1247 5600 frustra
1297 5542 1485 5617 rogati
1544 5539 1744 5599 auxilii
1798 5557 1980 5598 mora.

2099 4492 2356 4543 mentum
2382 4488 2637 4558 petebat,
2665 4487 3268 4558 patriarchavicissim
3292 4487 3518 4542 veniam
3537 4488 3739 4542 orabat

2096 4576 2362 4648 pauperi.
2396 4581 2586 4645 Atque
2618 4576 2955 4646 imperatori
2987 4576 3292 4630 excusanti
3326 4593 3440 4630 non
3496 4591 3624 4629 esse
3680 4575 3736 4627 id

2100 4668 2301 4735 aptum
2331 4664 2511 4718 veniae
2546 4663 2640 4717 isti
2675 4664 3054 4718 concedenda":
3108 4668 3363 4733 tempus,
3415 4668 3471 4717 et
3519 4661 3736 4716 differri

2097 4751 2394 4821 negotium
2451 4751 2737 4820 poscenti,
2791 4751 3123 4822 patriarcha
3157 4755 3358 4805 contra
3427 4750 3740 4820 reponebat

2097 4839 2312 4908 optime
2348 4838 2624 4908 conjungi
2650 4855 2781 4893 cum
2813 4839 3184 4909 perceptione
3237 4839 3436 4909 gratiae
3495 4854 3562 4892 ex
3619 4838 3734 4892 Deo

2096 4925 2525 4996 indulgentiam
2550 4926 2608 4980 in
2640 4926 2939 4981 homiuem
2971 4927 3187 4994 veniae;
3212 4930 3337 4980 tum
3371 4927 3738 4980 asseverabat

2093 5031 2391 5083 nunquam
2426 5030 2487 5069 se
2516 5014 2870 5069 tributurum
2901 5031 3134 5069 sacrum
3171 5031 3402 5085 panem,
3457 5013 3566 5067 nisi
3619 5029 3735 5082 quo

2093 5104 2400 5173 petebatur
2467 5102 2780 5172 largiretur
2820 5103 3154 5174 imperator.
3198 5103 3396 5156 Finem
3443 5109 3734 5156 certamen

2094 5208 2210 5245 non
2236 5191 2710 5259 habebat,quoad
2733 5192 2962 5246 tandem
2981 5190 3279 5246 intentiori
3302 5187 3731 5259 supplicatione

2095 5279 2312 5334 institit
2340 5282 2633 5348 Augustus
2668 5283 2731 5334 ut
2761 5280 2873 5334 sibi
2908 5280 3076 5350 panis
3103 5279 3356 5341 daretur,
3378 5292 3490 5330 non
3525 5281 3644 5330 tam
3668 5276 3738 5329 ad

2096 5385 2269 5423 usum
2306 5369 2651 5432 fractumve,
2677 5374 2742 5422 ut
2795 5369 3003 5436 aiebat,
3066 5366 3366 5438 proprium
3427 5379 3604 5434 quam
3663 5363 3737 5415 ad

2092 5455 2469 5511 offensionem
2490 5455 2812 5526 spectantis
2834 5454 3032 5527 populi
3049 5454 3371 5520 vitandam,
3389 5450 3541 5522 apud
3561 5465 3733 5520 quem

2094 5539 2543 5599 existimationis
2574 5542 2874 5614 jacturam
2907 5540 3151 5609 subiret,
3184 5539 3232 5597 si
3269 5553 3485 5596 vacuus
3514 5540 3572 5592 et
3589 5535 3736 5593 sacri
