4130 6270
411 270 516 324 863

1706 267 2006 326 GEORGII
2044 259 2502 317 PACHYMERB

3681 257 3787 314 864

413 390 548 464 πρὸς
582 389 880 464 ἄνθρωπον.
909 390 1074 453 Τέλος
1125 388 1403 447 ἀντιϐολεῖ
1453 389 1704 465 βασιλεὺς
1735 390 1794 443 τὸ
1824 386 2046 460 κλάσμα
2075 388 2127 452 Α
2159 381 2291 452 πρὸς
2324 379 2564 450 ἕκαστον,
2624 377 2713 434 διὰ
2766 380 2826 434 τὸ
2881 378 3094 454 ἀξίωμα
3150 381 3462 453 ἀγανακτεῖν
3490 380 3579 434 καὶ
3611 376 3792 435 δυσκο-

414 475 734 550 λαμϐάνειν,
794 481 854 534 οὐ
902 481 1038 534 κατᾶ
1101 481 1286 554 χρείαν
1351 480 1583 552 μᾶλλον,
1643 480 1715 540 ὡς
1762 474 2041 548 ἔδειξεν,ᾒ

411 564 517 639 εἶίίε
543 568 694 627 κενὸς
741 567 1070 641 ἀποστρέψει
1115 569 1205 623 τὸν
1253 569 1381 622 λαὸν
1432 566 1845 642 αἶ’σχυνόμενος.
1876 567 1962 625 Ὡς
1996 563 2040 618 δ’

412 654 508 707 οὐκ
539 652 736 725 ἐδίδου,
796 655 869 716 εἰς
929 663 1098 728 κρῖμα
1154 656 1322 730 λέγων
1383 651 1703 727 λαμϐάνειν,
1734 655 1777 707 εἷ
1815 655 1887 725 μὴ
1923 651 2038 706 λῦει

409 747 486 811 τῷ
545 737 791 812 διακενῆς
847 744 1174 816 λυπουμένῳ
1220 746 1318 811 τὴν
1371 744 1572 812 λύπην,
1629 738 1950 814 μεταϐαλεῖν
1982 762 2040 795 τε

403 833 494 884 τὸν
531 831 754 904 βασιλέα
798 834 858 886 τὸ
916 832 1106 906 ἱλαρὸν
1169 833 1244 894 εἷς
1303 831 1490 906 ὀργῆν,
1548 833 1634 885 καὶ
1672 829 1838 903 μηδὲν
1869 850 2040 904 προσ-

408 919 561 980 θέντα
585 925 706 991 τοῦ,
747 947 764 970 u
802 921 1076 994 Ἀνέορτα>
1111 945 1138 971 ››
1171 921 1362 992 εἰπεῖν,
1400 946 1425 971 ‹‹
1461 922 1827 992 ἕωιρτάσαμεν,
1862 944 1889 970 ››
1921 939 2037 994 χω-

405 1009 562 1078 ρῆσαι
594 1008 726 1081 πρὸς
757 1010 816 1063 τὸ
847 1008 1130 1063 παλάτιον.

403 1167 475 1218 κε’
531 1169 721 1228 ’Όπως
759 1237 767 1243 _
804 1169 878 1238 μὴ
950 1169 1131 1243 ,φέρων
1191 1169 1217 1220 δ
1279 1165 1531 1243 βασίλερδῗ
1589 1167 1686 1243 τίῇν
1743 1168 1885 1238 παρά
1940 1169 2035 1218 τοῦ

575 1233 917 1312 πατριάρχου
946 1233 1239 1312 ἐνόχλησιν
1265 1233 1362 1305 τὴν
1394 1238 1581 1312 τρίτην
1613 1233 1848 1292 ἔταττεν.

472 1363 551 1432 [Ρ.
585 1364 708 1433 277]
741 1362 863 1417 Ἐπὶ
893 1363 1104 1423 τοῦτοις
1153 1365 1180 1416 ὁ
1234 1360 1486 1435 βασιλεὺς
1532 1358 1792 1422 αἰδεσθεὶς
1822 1360 1911 1414 τὸν
1944 1356 2034 1411 ἀν-

403 1443 520 1518 δρα,
555 1446 783 1520 ὠρέγετο
840 1449 934 1520 μὲν
992 1445 1211 1503 ἔκποθεν
1271 1447 1441 1501 αἰτίαν
1503 1444 1889 1520 σχεδιασθῆναι
1937 1450 2033 1499 τοῦ

401 1535 549 1596 ’ὁπως
580 1537 937 1604 ταπεινωθείη
987 1539 1049 1590 τὸ
1101 1541 1195 1590 τοῦ
1248 1533 1438 1607 ἀνδρὸς
1489 1534 1925 1602 ἀκατάπληκτον,
1955 1537 2033 1604 τῷ

402 1619 459 1674 δὲ
489 1643 545 1696 γε
575 1622 709 1686 τέως
739 1629 851 1684 τοῖς
883 1623 1003 1698 περέ
1034 1623 1190 1677 αὐτὸν
1224 1622 1668 1695 ἀπολογούμενος
1711 1620 1857 1681 ὅπως
1889 1619 2027 1674 πολ-

2152 466 2352 522 λαίνειν
2380 469 2514 541 πρὸς
2566 469 2665 536 τὴν
2723 469 3059 535 κατάνευσιν,
3116 467 3340 523 πολλῶν
3402 466 3784 542 ἐπεισρεόντων

2151 553 2380 618 ἄλλοθεν
2413 556 2598 610 ἄλλων
2639 558 2726 610 καὶ
2782 556 3152 628 μεθελκόντων
3208 556 3432 611 ἑκάστου
3461 557 3599 630 πρὸς
3630 557 3785 610 ἑαυτὸ

2147 643 2236 697 τὸν
2265 649 2392 696 νοῦν
2421 645 2511 698 τὸν
2547 644 2843 719 βασίλειον.
2901 645 3001 700 Καὶ
3054 646 3144 699 τὸν
3193 646 3378 717 μαθεῖν
3427 645 3516 697 καὶ
3554 649 3782 712 ζητῆσαι

2147 732 2333 806 καιρὸν
2396 731 2644 806 ἐντυχίας
2705 730 2861 801 ἴδιον,
2925 738 3050 804 μιᾶς
3110 734 3319 808 ἡμέρας
3379 732 3455 793 εἷς
3485 735 3643 785 τοῦτο
3673 735 3780 784 τῶν

2149 820 2280 873 ἐτττά
2313 821 2645 894 ἐκλεγείσης.
2707 821 2802 874 Καὶ
2859 820 3144 896 ἐκλεγῆναι
3201 822 3300 888 τὴν
3353 821 3563 895 τρίτην,
3596 822 3670 882 ὡς
3700 821 3783 874 εἶ’-

2146 928 2230 960 ναι
2269 908 2439 979 μόνην
2469 909 2668 978 ταύτην
2721 916 2826 978 τῆσ
2881 905 3185 981 ἑϐδομάδος
3243 909 3455 978 ἀπάσης
3481 908 3666 982 καιρὸν
3701 906 3785 962 ἐν·

2144 995 2337 1068 τυχίας
2369 996 2501 1069 ὑπὲρ
2559 997 2858 1069 ἀνθρώπων
2914 1001 3010 1051 τοῦ
3066 998 3408 1072 πατριάρχου
3451 996 3586 1070 πρὸς
3631 996 3787 1063 βασι-

2145 1080 2262 1150 λέα,
2295 1085 2563 1156 ταχθῆναί
2616 1105 2675 1138 τε
2727 1084 2818 1138 καὶ
2876 1085 3252 1160 γραμματικὸν
3314 1081 3450 1137 ἴδιον
3496 1084 3584 1136 τὸν
3616 1088 3781 1158 Ξιφι-

2146 1169 2296 1225 λῖνον
2365 1171 2618 1245 Μιχαὴλ,
2678 1172 2758 1248 ἐφ’
2813 1175 2858 1245 ᾧ
2921 1174 3015 1234 τὰς
3083 1171 3264 1235 λύσεις
3325 1176 3432 1226 τῶν
3496 1172 3792 1248 ἀναφορῶν

2142 1257 2540 1334 ἀναδεχόμενον
2598 1262 2841 1338 γράφειν.
2902 1261 3089 1324 Οὕτως
3131 1261 3197 1329 ἦν
3258 1263 3292 1330 ἡ
3352 1259 3507 1336 τρίτη
3568 1261 3776 1336 ἀφωρι-

2144 1349 2313 1418 σμένη
2385 1353 2500 1419 Θεῷ
2525 1347 2708 1412 ἐλέους
2767 1351 2859 1404 καὶ
2916 1348 3333 1425 παρακλήσεως.
3391 1350 3478 1410 Ὠς
3521 1349 3579 1403 ἂν
3612 1346 3669 1402 δὲ
3699 1349 3779 1420 μὴ

2142 1434 2427 1510 ἀφαιροῖτο
2457 1439 2491 1505 ἡ
2523 1439 2702 1510 ἡμέρα
2742 1442 2839 1491 τοῦ
2891 1437 3215 1512 προνομίου,
3265 1434 3670 1511 ἀσχοληθέντος
3698 1435 3780 1490 ἐπ’

2142 1520 2337 1586 ἄλλοις
2389 1526 2505 1579 κατ’
2561 1526 2795 1600 ἀνάγκην
2849 1530 2945 1579 τοῦ
3003 1523 3252 1592 ἄνακτος,
3310 1525 3479 1586 τόπος
3540 1524 3778 1578 ἀναπαύ-

2141 1631 2276 1673 σεως
2304 1619 2420 1674 τοῖς
2447 1613 2568 1687 περὶ
2599 1615 2688 1667 τὸν
2738 1613 3082 1688 πατριάρχην
3137 1616 3172 1682 ἡ
3225 1619 3323 1681 τῆς
3353 1614 3539 1687 χώρας
3567 1612 3771 1686 ἐτάχθη

401 1708 557 1771 λάκις
616 1707 902 1765 ἀντιϐαίνει
952 1713 1039 1766 καὶ
1096 1711 1154 1765 οὐ
1212 1711 1448 1774 πείθεται
1513 1708 1902 1781 μεσιτεύοντος,
1931 1709 2029 1775 τὴν
2062 1737 2108 1801 Β
2144 1701 2308 1771 μονὴ,
2341 1699 2417 1761 εἷς
2446 1698 2510 1768 ἤν
2560 1703 2649 1754 καὶ
2701 1702 3048 1778 ὑποστρέφων
3101 1700 3290 1770 ἐνίοτε,
3332 1700 3399 1768 ἢν
3425 1700 3777 1772 τίπρωῗαθεν

398 1806 598 1872 συνεχῆ
660 1797 985 1873 προσεδρίαν
1041 1799 1232 1873 ᾐτιᾶτο
1307 1806 1404 1868 τῆς
1464 1797 1754 1865 ἀπειθείας,
1812 1796 1898 1851 καὶ
1953 1798 2028 1858 ὡς

402 1893 644 1961 συνεχῶς
672 1887 1076 1962 ἐνοχλούμενος
1132 1888 1323 1942 ταυτόν
1362 1909 1412 1941 τι
1463 1888 1662 1960 πάσχει
1692 1891 1811 1949 τοῖς
1840 1885 2034 1958 ἁψικο-

400 1996 516 2048 ροις
549 1974 774 2030 πολλῶν
826 1977 1264 2048 παρατιθεμένων
1329 1975 1667 2050 βρωμάτωνο
1731 1974 2035 2048 ὀργίζεσθαι

397 2063 498 2135 γάρ
533 2061 780 2133 ἐκείνους,
839 2061 903 2129 ἤν
970 2065 1042 2135 μή
1100 2085 1182 2124 τις
1235 2064 1664 2130 ἀποσκευάζηται
1703 2063 1770 2115 τὰ
1796 2062 2032 2129 τεθέντα,

396 2149 482 2202 καὶ
515 2151 675 2204 αὐτὸν
709 2149 934 2205 πολλῶν
993 2153 1105 2205 καθ’
1161 2153 1388 2219 ἑκάστην
1446 2149 1892 2221 ἐπαντλουμένων
1930 2153 2037 2202 τῶν

404 2238 729 2310 ὑποθέσεων,
787 2239 876 2292 καὶ
923 2240 1071 2293 ταῦτ’
1125 2239 1228 2292 οὐκ
1283 2238 1341 2292 ἐκ
1401 2235 1751 2310 μηνυμάτων,
1788 2234 2035 2290 ἀλλάὐ-

394 2328 790 2400 τοπροσώπως,
851 2329 1014 2382 ὁπότε
1065 2327 1156 2382 καὶ
1229 2329 1264 2394 ἡ
1337 2325 1618 2399 ἀντιλογία
1673 2325 1859 2399 κάιρὸν
1919 2321 2034 2398 ἔχει

395 2533 546 2588 408
582 2549 784 2604 expers
819 2533 1019 2588 ferculi
1050 2535 1119 2588 ab
1153 2551 1254 2588 ara
1285 2535 1686 2587 reverteretur.
1714 2531 1927 2586 Verum
1957 2545 2026 2584 ex

393 2621 636 2676 adverso
661 2621 962 2692 patiarcha
993 2621 1182 2692 magis
1216 2621 1542 2676 timendum
1584 2619 2022 2689 cavendamque

393 2708 716 2766 studiosius
743 2709 1008 2765 indicans
1043 2711 1135 2764 Dei
1157 2709 1535 2764 offensionem
1569 2725 1582 2761 :
1617 2707 1921 2778 Acciperes
1963 2706 2021 2760 in

385 2797 699 2866 judicium,
733 2804 1014 2870 Auguste,
1049 2799 1262 2869 inquit,
1325 2797 1477 2852 hunc
1529 2812 1759 2852 sacrum
1801 2795 2019 2862 cibum,

390 2887 578 2954 quoad
609 2893 830 2942 certum
863 2889 1160 2958 fixumque
1199 2888 1304 2943 tibi
1365 2888 1473 2942 erit
1527 2886 1752 2940 homini
1805 2885 2021 2952 injuste

387 2978 587 3028 vexato
637 2975 909 3030 solatium
969 2993 1195 3047 negare.
1241 2999 1268 3025 »
1320 2980 1479 3029 Tunc
1551 2991 1681 3028 vero
1751 2977 2020 3042 caperota

2141 1789 2216 1859 μή
2271 1786 2502 1841 ἀνύσειεν
2571 1788 2620 1860 ἐξ
2677 1787 2966 1863 ἀναγκαίας
3030 1787 3297 1851 ἀσχολίας
3351 1787 3776 1855 ἐπεισπεσούσης

2143 1879 2218 1944 τῷ
2253 1875 2488 1948 βασιλεῖ,
2520 1878 2553 1944 ἡ
2589 1873 2742 1946 δείλη
2803 1876 2931 1949 ὀψία
2991 1875 3156 1951 μέχρι
3211 1876 3301 1930 καὶ
3342 1875 3394 1937 ἐς
3429 1875 3525 1948 ὀψὲ
3553 1880 3659 1930 τῶν
3692 1897 3781 1928 νυ-

2143 1966 2284 2015 κτῶν
2319 1962 2631 2035 ἀνεπλήρου
2686 1964 2748 2018 τὸ
2803 1963 3102 2038 ἐλλειφθὲν.
3159 1963 3255 2018 Καὶ
3313 1961 3542 2018 πολλῶν
3597 1962 3781 2018 καλῶν

2145 2049 2202 2103 ἐκ
2256 2057 2354 2119 τῆς
2412 2051 2533 2126 περὶ
2586 2056 2752 2106 ταῦτα
2807 2057 2904 2106 τοῦ
2961 2051 3304 2126 πατριάρχου
3357 2047 3597 2118 σπουδῆς
3628 2051 3784 2104 ἀπώ-

2142 2159 2299 2192 ναντο
2335 2137 2633 2211 ἅνθρωποι.
2666 2138 2841 2193 Ἀλλὰ
2868 2144 3032 2195 ταῦτα
3083 2139 3178 2211 μὶν
3228 2138 3278 2200 ἐς
3323 2142 3600 2210 τοσοῦτον,
3633 2135 3664 2191 ἅ
3708 2136 3774 2205 δὴ

2141 2227 2230 2282 καὶ
2260 2229 2377 2282 καθ’
2409 2227 2598 2302 εἱρμὸν
2628 2223 2956 2302 προσλαϐὼν
2991 2229 3019 2284 ὁ
3049 2227 3216 2303 λόγος
3245 2227 3567 2300 ὑπέμνησεν.

2137 2530 2328 2586 sentia
2350 2531 2666 2587 incussam.
2701 2531 2762 2586 Id
2795 2547 2896 2602 per
2923 2547 2984 2587 se
3015 2530 3457 2586 incommodum
3488 2529 3762 2585 intolera-

2136 2618 2314 2674 bilius
2349 2619 2510 2674 reddi
2561 2636 2848 2676 concursu
2903 2624 2960 2675 et
3012 2620 3297 2691 gravitate
3353 2617 3767 2689 principalium

2127 2724 2401 2763 curarum
2431 2714 2487 2763 et
2522 2708 2996 2779 occupationum,
3051 2709 3439 2776 undecunque
3496 2707 3779 2778 ingruen-

2129 2795 2281 2850 tium
2300 2797 2582 2867 principis
2604 2798 2662 2851 in
2689 2797 2920 2851 diversa
2936 2795 3432 2850 trahentium.His
3457 2798 3520 2849 ut
3537 2795 3778 2850 modum

2131 2884 2460 2951 adhiberet,
2512 2884 2814 2940 constituit
2856 2889 3074 2939 certam
3135 2884 3620 2955 praescribendam
3681 2901 3778 2953 pa-

2131 2971 2393 3027 triarchas
2426 2973 2838 3042 congressibus
2870 2973 3021 3027 409
3055 2971 3228 3037 diem,
3254 2988 3433 3026 unam
3466 2988 3496 3026 e
3541 2976 3767 3042 septem

391 3061 936 3133 fronteimperator,
988 3068 1044 3118 et
1087 3063 1263 3134 priori
1316 3061 1648 3132 placiditate
1705 3060 1898 3115 vultus
1958 3061 2016 3114 in
2047 3059 2088 3125 C
2135 3060 2334 3114 orbem
2368 3059 2885 3115 heddamodarium
2921 3060 3332 3127 conﬂantibus,
3383 3065 3544 3115 extra
3591 3076 3771 3130 quam

391 3149 702 3204 manifesta
731 3151 825 3204 irae
860 3151 1073 3206 indicia
1105 3155 1350 3216 mutata,
1383 3165 1515 3204 cum
1547 3165 1791 3220 surgens
1841 3149 2019 3202 dixis-

391 3241 507 3291 set:
544 3259 571 3286 ‹‹
605 3238 751 3309 Ergo
777 3240 987 3293 festum
1011 3238 1290 3292 infestum
1319 3237 1567 3307 egimus,
1601 3257 1625 3288 υ
1673 3236 1833 3291 nullo
1874 3254 2021 3307 prae-

387 3327 474 3377 ter
502 3341 569 3379 ea
596 3326 773 3380 verba
803 3326 1000 3381 addito
1033 3327 1092 3380 in
1122 3325 1403 3396 palatium
1436 3325 1696 3380 recessit.

385 3475 548 3530 25.Ut
579 3492 684 3530 non
707 3480 888 3546 ferens
918 3477 1216 3546 imperator
1247 3478 1747 3546 molestiamquam
1775 3478 1827 3530 ei
1853 3478 2023 3532 nimis

455 3547 656 3601 crebrae
676 3549 979 3617 patiam-hae
998 3565 1090 3615 pro
1108 3550 1388 3615 egentibus
1402 3547 1826 3617 supplicationes
1843 3562 2021 3617 [aces-

459 3619 675 3699 sebaiit,
704 3620 925 3674 tertiam
977 3619 1088 3690 ipsi
1116 3623 1318 3690 feriam
1348 3620 1417 3674 ad
1448 3619 1846 3675 admissionem
1883 3619 2021 3672 assi-

457 3698 666 3756 gnavzt.

461 3835 560 3891 His
599 3839 1007 3910 experimentis
1039 3841 1257 3898 veritus
1299 3841 1618 3912 imperator
1665 3842 1784 3892 tam
1827 3854 2019 3892 acrem

389 3921 448 3976 in
508 3928 768 3996 urgendo
819 3928 1045 3996 virum,
1094 3929 1365 4000 cupiebat
1437 3927 1704 3983 alicunde
1760 3926 2019 3996 aliquam

387 4014 642 4081 expediri
675 4017 958 4074 rationem
989 4019 1356 4073 commodam
1417 4016 1719 4087 intrepidae
1778 4016 1908 4084 ejus
1966 4020 2022 4070 et

390 4099 719 4157 inﬂexibilis
753 4108 1124 4160 retundendaa
1157 4104 1552 4161 vehementia).
1587 4105 1666 4158 De
1715 4120 1831 4174 qua
1887 4120 2020 4157 cum

390 4189 540 4256 apud
562 4207 698 4245 suos
723 4192 1040 4249 familiares
1080 4210 1206 4248 sese
1226 4209 1483 4264 purgans
1506 4195 1720 4262 ageret,
1746 4207 2021 4247 accusare

392 4279 755 4334 contumacis
778 4281 1106 4351 pertinacia;
1135 4281 1358 4336 solebat
1390 4279 1822 4335 irrevocabilem
1857 4278 2020 4333 illam

393 4364 702 4434 patiarchm
737 4372 1222 4439 perseverantiam
1257 4371 1313 4424 in
1358 4386 1544 4440 usque
1580 4373 1637 4424 et
1698 4384 1882 4438 usque
1937 4369 2017 4420 in-

396 4455 603 4509 stando
635 4458 703 4511 ad
734 4457 1167 4528 impetrandum
1199 4459 1256 4513 id
1286 4459 1438 4529 quod
1472 4458 1780 4525 iterum,et
1810 4457 2020 4525 Saepius

397 4541 666 4611 petitum,
696 4545 921 4602 idoneis
955 4548 1149 4603 causis
1183 4553 1454 4616 negatum
1495 4546 1720 4601 fuisset.
1761 4545 2024 4599 Addebat

395 4630 697 4701 fatigatum
732 4651 792 4690 se
825 4636 1082 4691 molestis
1113 4637 1273 4691 hisce
1316 4634 1755 4690 obtrusionibus
1788 4631 2019 4703 petitio-

396 4737 534 4777 num
571 4725 904 4796 frequenter
924 4729 1293 4798 rejectarum,
1328 4729 1481 4782 idem
1517 4727 1634 4797 pati
1669 4726 1823 4797 quod
1871 4741 2021 4778 nau-

392 4817 621 4869 seantes
653 4815 840 4870 solent
862 4817 1104 4887 ingestis
1137 4817 1282 4871 cibis
1318 4833 1530 4885 magna
1561 4815 1751 4886 c0pia,
1805 4813 2023 4884 quibus

394 4900 537 4955 iram
571 4913 890 4958 commovet
923 4905 1337 4975 importunitas
1370 4919 1648 4974 reponere
1698 4920 1813 4957 non
1863 4900 2020 4956 desi-

391 4989 667 5044 stentium
705 4992 1021 5048 fastiditam
1053 4995 1348 5049 cramben.
1386 4992 1567 5046 Multa
1589 4992 1847 5061 quoditie
1907 4989 2020 5043 sibi

391 5078 620 5148 negotia
641 5080 768 5148 ejus
790 5082 1019 5152 generis
1053 5082 1236 5154 ingeri
1270 5081 1612 5135 assiduitate
1643 5077 2016 5133 insatisabili.

391 5181 577 5235 neque
608 5167 662 5220 id
699 5184 798 5236 per
826 5169 1050 5225 litteras
1082 5174 1184 5224 aut
1243 5169 1498 5237 nuntios,
1547 5169 1647 5222 sed
1707 5182 1898 5220 coram
1946 5165 2016 5219 ab

391 5251 518 5322 ipso
552 5258 776 5310 astante
828 5273 927 5323 per
977 5273 1151 5326 seque
1207 5259 1412 5326 agente
1462 5253 1831 5324 patriarcha;
1864 5252 2018 5307 unde

391 5342 554 5398 ﬁeret
585 5347 647 5398 ut
676 5345 903 5414 quoties
933 5345 1085 5416 quod
1119 5343 1355 5399 concedi
1389 5359 1500 5398 non
1534 5342 1828 5413 expediret
1868 5343 2018 5412 pete-

389 5434 566 5498 retur,
616 5448 787 5504 grave
817 5433 928 5487 sibi
989 5437 1046 5488 et
1103 5428 1518 5502 permolestum
1567 5435 1721 5486 esset
1773 5442 2016 5485 renuere

393 5527 626 5592 propter
654 5519 1059 5578 verecundiam
1086 5518 1197 5573 viri
1250 5520 1426 5573 tantae
1475 5516 1838 5575 auctoritatis
1869 5531 2014 5587 prae.-

2129 3147 2200 3200 ab
2257 3147 2547 3202 audiendo
2581 3148 2928 3219 patriarcha,
2985 3147 3304 3218 patrocinio
3357 3164 3586 3204 reorum
3668 3153 3773 3204 aut

2125 3235 2423 3305 egentium
2459 3235 2755 3306 fungente,
2783 3235 3005 3290 vacatio
3039 3235 3289 3306 principi
3328 3241 3484 3290 certa
3532 3240 3769 3290 consta-

2129 3327 2232 3376 ret.
2264 3324 2472 3378 Idonea
2505 3325 2572 3378 ad
2607 3324 2665 3378 id
2695 3325 2819 3379 visa
2868 3323 3012 3378 feria
3041 3326 3213 3379 tertia
3265 3323 3607 3395 patriarchae
3663 3326 3768 3378 ad-

2130 3411 2394 3468 missioni
2426 3414 2572 3469 tales
2603 3431 2810 3470 causas
2843 3414 3026 3469 acturi
3059 3414 3359 3486 assignata
3389 3415 3624 3485 propria
3654 3421 3764 3483 est;

2128 3501 2549 3572 ordinatosque
2581 3504 2839 3558 notarius
2869 3501 2929 3556 in
2966 3503 3018 3556 id
3046 3502 3199 3557 olicii
3258 3502 3527 3573 proprius
3557 3501 3765 3574 Xiphi-

2127 3586 2283 3642 linus
2315 3589 2578 3660 Michael,
2611 3591 2709 3662 qui
2743 3595 2800 3645 et
2821 3606 3029 3644 causas
3051 3589 3150 3644 tali
3207 3589 3504 3646 audientia
3547 3589 3761 3647 relatas

2127 3679 2184 3729 et
2210 3693 2490 3747 responsa
2513 3677 2880 3747 imperatoris
2913 3678 2982 3731 ad
3016 3677 3283 3748 singulas
3313 3677 3372 3732 in
3404 3682 3761 3732 commenta-

2128 3763 2278 3817 rium
2314 3763 2572 3819 referret.
2597 3764 2690 3819 Sic
2709 3764 2821 3819 Deo
2845 3769 2900 3818 et
2923 3763 3146 3820 solaliis
3167 3765 3522 3820 afﬂictarum
3550 3781 3753 3820 conse-

2127 3857 2283 3906 crata
2316 3853 2440 3908 dies
2471 3852 2855 3908 hebdomadis
2879 3853 3050 3907 tertia
3076 3853 3280 3908 est.Ne
3302 3869 3437 3907 vero
3460 3853 3760 3908 interverti

2127 3940 2260 3996 talis
2290 3941 2348 3995 in
2383 3942 2437 3996 id
2471 3942 2748 4013 temporis
2797 3958 3060 4010 usuram,
3121 3942 3566 4012 superveniente
3616 3942 3760 3998 forte

2127 4029 2374 4100 principi
2399 4031 2511 4086 alio
2529 4029 2888 4086 neccessario
2905 4029 3154 4099 negotio,
3179 4047 3438 4101 unquam
3467 4030 3760 4100 continge-

2129 4120 2234 4184 ret,
2265 4118 2644 4174 diversorium
2679 4118 2736 4172 in
2768 4133 2894 4172 eam
2926 4118 3080 4172 diem
3113 4118 3422 4188 patiarcbaa
3453 4117 3753 4190 provisum

2127 4211 2215 4262 est
2255 4206 2312 4261 in
2366 4208 2718 4262 monasterio
2770 4206 3034 4273 viciniae;
3071 4207 3129 4261 in
3191 4208 3345 4278 quod
3405 4207 3455 4263 is
3508 4207 3757 4262 subinde

2127 4297 2422 4364 recedens,
2449 4297 2494 4351 si
2529 4313 2644 4367 qua
2676 4294 2989 4350 inevitabili
3025 4296 3358 4351 avocatione
3388 4295 3758 4367 imperatoris

2130 4390 2484 4440 averteretur
2513 4385 2774 4452 attentio,
2836 4384 3170 4439 immineret
3225 4399 3255 4438 e
3313 4385 3641 4455 propinquo
3694 4383 3754 4438 in

2130 4473 2492 4528 occasionem
2541 4473 2901 4528 resumendae
2957 4476 3285 4542 opportune
3365 4472 3755 4538 tractationis,

2131 4560 2208 4614 ita
2241 4566 2305 4616 ut
2335 4563 2486 4631 quod
2510 4578 2679 4616 mane
2702 4561 2896 4631 perfici
2919 4576 3034 4614 non
3057 4559 3342 4630 potuisset
3363 4559 3720 4616 absolveretu
3736 4575 3760 4614 r

2125 4649 2373 4719 vesperi,
2403 4654 2739 4704 excurrente
2764 4664 3178 4718 nonnunquam
3213 4647 3272 4701 in
3315 4646 3538 4718 aliquot
3585 4663 3749 4702 com-

2129 4737 2318 4791 missae
2343 4737 2467 4805 jam
2501 4737 2683 4791 noctis
2715 4737 2887 4791 horas
2919 4741 2974 4790 et
3005 4735 3284 4790 antistitis
3341 4735 3644 4806 diligentia
3703 4739 3761 4789 et

2130 4826 2408 4893 patientia
2440 4824 2828 4896 imperatoris.
2860 4823 2984 4878 Non
3044 4822 3212 4877 facile
3269 4823 3515 4877 dixerim
3577 4839 3752 4893 quam

2130 4911 2314 4967 multa
2343 4914 2648 4968 commoda
2679 4930 2745 4968 ex
2775 4912 2882 4966 hoc
2906 4916 3022 4964 tam
3074 4910 3310 4966 assiduo
3359 4909 3753 4980 benevoloque

2129 4999 2472 5069 patriarchae
2494 4999 2688 5055 studio
2721 5000 2778 5054 in
2810 4999 3074 5053 homines
3103 4997 3309 5052 solatio
3365 5002 3601 5068 egentes
3659 5013 3754 5051 re-

2129 5087 2388 5142 dundare
2428 5087 2761 5158 contigerit.
2826 5088 2934 5141 Sed
2996 5086 3066 5140 de
3122 5084 3214 5139 his
3263 5085 3564 5150 hactenus,
3627 5101 3750 5155 quae

2126 5174 2299 5228 variis
2330 5178 2622 5229 transacta
2652 5173 3013 5244 temporibus
3041 5187 3213 5226 unam
3248 5171 3305 5226 in
3338 5172 3571 5235 seriem,
3603 5171 3753 5226 ordi-

2127 5262 2218 5318 nis
2238 5266 2294 5318 et
2315 5264 2604 5319 mcmoriaa
2635 5261 3002 5335 compendio,
3021 5261 3206 5316 oratio
3231 5266 3434 5316 nostra
3455 5259 3751 5332 complexa

2124 5357 2230 5408 est.
