4130 6270
347 333 454 389 865

1007 517 1350 575 ἐστέλλοντο.

426 636 508 702 [Ρ.
556 633 682 702 278]
738 631 794 682 Ὁ
858 628 1037 700 μέντοι
1091 645 1156 697 γε
1217 620 1468 695 βασιλεὺς
1496 613 1713 692 πρὲϐεις
1745 615 1994 690 εὐτρεπι-

351 741 444 781 σας
501 715 826 773 ἀποστέλλει
885 717 1020 790 πρὸς
1082 713 1326 777 πάππαν,
1376 706 1486 778 ἅμα
1520 708 1612 778 μὲν
1647 704 1997 774 δηλώσοντας

349 811 444 864 τὸν
499 813 600 875 τῆς
653 805 896 879 πράξεως
956 799 1336 872 ἐπιτελεσμὸν,
1398 796 1508 868 ἃμα
1562 793 1618 847 δέ
1646 794 1832 848 καὶτὰ
1861 793 1996 846 κατὰ

349 897 442 951 τὸν
488 891 768 968 Κάρουλον
825 888 1240 963 μαθησείοντας,
1292 886 1337 940 εἰ
1379 889 1657 958 κάθυφῆκε
1685 889 1784 949 τῆς
1815 883 1993 968 ὁρμῆς

350 967 702 1052 ἐκείνηςῗκαὶ
760 981 894 1053 πρὸς
951 979 1013 1032 τὸ
1069 975 1446 1048 ταπεινότερον
1507 969 1795 1038 ὑπεκλίθη.
1841 971 1906 1026 Οἱ
1939 967 1994 1023 δέ

351 1069 874 1146 παραγενόμενοιτᾶ
927 1067 1019 1140 μῗεν
1065 1069 1164 1129 τῆς
1213 1062 1438 1136 εἰρήνης
1485 1057 1829 1128 δηλώσαντες
1859 1057 1992 1110 ἀπε-

354 1144 643 1233 δέχθησαν,
703 1152 1180 1228 καταλαμϐάνουσι
1239 1149 1283 1204 δ’
1344 1150 1512 1203 ἐκεῖσε
1567 1148 1656 1201 τὸν
1716 1144 1990 1220 Κάρουλον

355 1251 529 1319 θυμοῦ
587 1247 816 1298 πνέοντα
869 1243 959 1297 καὶ
1017 1241 1263 1315 λιπαρῶς
1318 1242 1397 1309 τῷ
1453 1238 1645 1306 πάππα
1670 1233 1992 1308 προσκείμε-

353 1356 442 1390 νον
489 1334 577 1388 καὶ
621 1330 1102 1406 προσλιπαροῦντα
1156 1329 1357 1401 ἐφεῖναι
1411 1325 1590 1395 τούτῳ
1635 1325 1734 1390 τὴν
1780 1322 1866 1376 ἐπὶ
1894 1323 1992 1391 τὴν

352 1423 517 1478 πόλιν
562 1420 863 1476 ἐπέλευσιν.
913 1419 1132 1491 Ἑώρων
1180 1414 1270 1470 οὖν
1321 1415 1523 1468 ἐκεῖνον
1575 1411 1841 1485 ὁσημέραι
1886 1414 1991 1463 τῶν

352 1509 541 1565 ποδῶν
571 1514 670 1563 τοῦ
701 1510 896 1562 πάππα
945 1501 1503 1580 προκυλινδούμενον,
1533 1500 1622 1555 καὶ
1653 1499 1705 1561 ἐς
1737 1502 1990 1552 τοσοῦτον

349 1605 471 1661 ταῖς
521 1597 733 1670 μανίαις
788 1595 1190 1669 συνισχημένον
1239 1591 1377 1645 ὥστε
1425 1590 1511 1644 καὶ
1563 1589 1622 1642 τὸ
1671 1588 1768 1641 ἀνὰ
1807 1592 1996 1661 χεῖρας

353 1694 652 1761 σκῆπτρον,
686 1687 716 1740 ὅ
756 1684 980 1754 σύνηθες
1032 1686 1247 1757 κρατεῖν
1302 1683 1419 1739 τοῖς
1469 1681 1575 1731 τῶν
1637 1674 1858 1731 Ἰταλῶν
1899 1695 1992 1746 με-

1412 320 1506 374 DE
1550 317 1916 374 MICHAELE
1952 316 2391 374 PALBOLOGO
2430 320 2562 373 LIB.
2606 320 2675 373 V.

349 457 664 520 κς’.“¹οπως
724 453 813 508 καὶ
880 449 1031 514 αὖθις
1098 466 1235 520 προς
1298 444 1389 499 τὸν
1457 440 1678 497 πάππαν
1735 435 1986 516 πρέσϐεις
2015 442 2195 510 Ακζ“.
2271 442 2461 504 Ὅπως
2537 442 2767 520 Ἰκάριος

3623 323 3732 377 866

3362 445 3441 518 τῷ
3519 446 3733 522 βασιλεῖ

2856 446 3261 519 πρρσχωρὴεςις

2527 514 2834 567 καθίσταται
2866 515 2949 568 ἐπὶ
2983 514 3307 570 τόὖστόλου

2167 618 2350 680 Οὕτως
2384 618 2873 693 ἀναχαιτιζομένου
2923 625 3018 676 τοῦ
3071 621 3370 693 [iugo-5.7.0:),
3407 624 3434 677 ὁ
3470 624 3728 698 βασιλεὺς

2095 710 2199 759 τῶν
2253 707 2300 778 ἐξ
2351 706 2554 761 ἐκείνου
2586 707 2885 784 φροντίδων
2918 709 3209 773 ἀπολυθεὶς
3244 707 3578 767 ἐπεϐάλλετο
3609 719 3726 775 τοῖς

2098 793 2254 867 ἐγγὺς
2319 797 2721 871 κραταιότερον.
2790 798 2892 854 Καὶ
2963 799 3190 873 Ἰκάριον
3260 804 3731 877 προσχωρήσαντα

2098 879 2333 955 δέχεται,
2395 881 2560 955 ἄνδρα
2617 884 2834 953 πολλὴν
2899 887 2990 956 μὲν
3049 889 3146 956 τὴν
3208 888 3258 948 ἐς
3321 889 3498 963 μάχας
3541 896 3726 961 π.ῖραν

2097 965 2314 1044 ἔχοντα,
2347 971 2691 1044 κατάρχοντα
2737 971 2792 1026 δὲ
2839 974 2927 1027 καὶ
2972 977 3138 1044 νήσου
3171 976 3447 1052 μεγίστης,
3481 983 3564 1048 [Ρ.
3606 983 3730 1052 279]

2098 1059 2156 1125 ἢν
2190 1059 2567 1130 Ἀνεμοπύλας
2601 1059 2720 1124 ἔθος
2771 1067 2890 1123 τοῖς
2939 1062 3051 1116 ἐκεῖ
3097 1061 3296 1138 λέγειν,
3330 1061 3640 1138 συμϐάματι
3677 1066 3733 1122 δὲ

2095 1145 2272 1220 τύχης
2303 1146 2501 1210 ἐκεῖθεν
2560 1145 2808 1225 φυγόντα.
2869 1152 2976 1218 Τὴν
3035 1156 3166 1226 γοῦν
3224 1160 3387 1221 νῆσον
3438 1162 3738 1230 προσκυροῖ

2103 1235 2338 1310 βασιλεῖ,
2395 1235 2485 1290 καί
2535 1238 2691 1298 αὐτός
2745 1244 2858 1299 τοῖς
2910 1244 3006 1292 τοῦ
3059 1241 3324 1313 βασιλέως
3385 1241 3604 1304 οἶκείοις
3645 1245 3732 1318 ἐγ-

2098 1323 2377 1400 γράφεται.
2433 1325 2694 1386 Βασιλεὺς
2753 1323 2797 1379 δ’
2861 1321 3153 1381 ἀποϐαλὼν
3214 1329 3306 1400 μὲν
3373 1331 3476 1403 πρὸ
3544 1330 3733 1406 ὀλίγου

2098 1406 2584 1487 σεϐαστοκράτορα,
2649 1409 2939 1468 ἀποϐαλὼν
3004 1412 3059 1468 δὲ
3115 1416 3204 1469 καὶ
3263 1413 3550 1489 δεσπότην,
3606 1420 3732 1483 τοὺς

2099 1496 2492 1575 αὐταδέλφους,
2539 1499 2615 1554 ἔτι
2665 1499 2719 1555 δὲ
2761 1503 2868 1575 πρὸ
2919 1501 3124 1556 τούτων
3157 1503 3244 1558 καὶ
3278 1503 3447 1560 ἄλλον
3478 1502 3736 1563 σεϐαστο-

2098 1586 2334 1662 κράτορα
2389 1589 2479 1641 καὶ
2539 1588 2773 1662 Καίσαρα
2828 1591 2916 1644 καὶ
2966 1587 3458 1668 πρωτοϐεστιάριον
3513 1596 3601 1649 καὶ
3641 1596 3732 1668 μὲ-

2098 1695 2196 1748 γαν
2231 1672 2397 1728 δοῦκα
2425 1676 2512 1729 καὶ
2566 1676 2753 1739 ἁπλῶς
2807 1678 2935 1740 τοὺς
2986 1679 3038 1732 ἐν
3098 1687 3211 1741 τοῖς
3265 1684 3542 1755 μεγίστοις
3574 1685 3735 1755 ἀξιώ-

349 1782 616 1849 γιστᾶσιν,
669 1771 882 1828 ὀδοῦσιν
943 1770 1002 1824 ἐκ
1057 1769 1247 1842 μανίας
1303 1770 1652 1842 καταφαγεῖν,
1685 1761 1870 1830 ἐπειδὴ
1906 1761 1994 1816 λι-
2026 1803 2070 1865 Β
2105 1783 2285 1834 μασιν,
2318 1760 2521 1824 ἄλλους
2565 1765 2801 1838 ἀνάγκην
2855 1768 2998 1840 εἶχεν
3046 1767 3272 1824 ἱστάναι.
3310 1771 3411 1825 Καὶ
3445 1770 3510 1840 δὴ
3540 1779 3728 1830 τοῦτον

504 1863 509 1865 _
726 1862 850 1865 __
1035 1857 1168 1865 _.
1433 1850 1646 1865 ..ηδ
1858 1847 1946 1865 ρκ
3363 1860 3390 1865 μ

353 1863 593 1917 τανεόων
653 1863 740 1916 καὶ
797 1862 897 1928 τὴν
953 1861 1088 1933 πρὸς
1145 1855 1482 1930 ἀπαρτισμὸν
1530 1850 1709 1922 ἔξοδον
1741 1847 1990 1926 προϐαλ-

355 1952 592 2024 Λόμενος
656 1950 746 2003 καὶ
804 1947 1097 2021 προτείνων
1155 1945 1221 1999 τὰ
1276 1944 1442 1997 αὐτοῦ
1500 1939 1677 1995 δίκαια
1707 1937 1820 1993 οὐδ’
1850 1936 1994 1998 ὅλως

351 2040 443 2092 τὸν
476 2039 698 2092 πάππαν
760 2031 963 2090 ἔπειθεν
1025 2031 1306 2099 ἀπολύειν,
1366 2029 1490 2084 ἀλλ’
1538 2030 1603 2096 ἦν
1652 2028 1798 2102 παρὰ
1828 2031 1995 2102 κωφῷ

356 2125 554 2201 λέγων.
611 2127 910 2197 Ἀντεπῆγε
963 2123 1064 2198 γὰρ
1118 2121 1208 2175 καὶ
1264 2121 1290 2174 ὁ
1342 2118 1562 2178 πάππας
1607 2117 1674 2170 τὰ
1723 2116 1853 2188 ὑπὲρ
1885 2119 1990 2169 τῶν

355 2217 598 2288 Γραικῶν
659 2209 859 2280 δίκαια,
919 2212 993 2272 ὡς
1068 2209 1279 2264 ἐκείνων
1341 2204 1469 2260 οὖσα
1520 2208 1554 2274 ἠ
1621 2203 1994 2278 μεγαλόπολις

355 2300 584 2361 ἐκείνοις
641 2298 804 2353 πάλιν
867 2297 955 2354 καὶ
1016 2297 1390 2371 προσεγένετο,
1437 2291 1526 2346 καὶ
1579 2290 1662 2345 ὅτι
1711 2290 1878 2362 νόμος
1910 2291 1995 2344 ἀν-

351 2389 600 2464 θρώποις
653 2391 840 2457 ταῦτα,
901 2386 990 2440 καὶ
1050 2383 1197 2458 δῶρα
1252 2381 1503 2448 πολέμου
1559 2379 1647 2434 καὶ
1687 2377 1876 2442 πόλεις
1904 2379 1992 2433 καὶ

346 2477 637 2550 χρήματα,
688 2475 750 2528 τὸ
795 2471 852 2526 δὲ
897 2477 1080 2544 μεῖζον
1121 2478 1218 2538 τῆς
1248 2468 1572 2533 Ἐκκλησίας
1606 2467 1713 2520 υἱοὶ
1742 2467 1829 2520 καὶ
1862 2468 1995 2538 Χρι-

347 2564 582 2618 στιανοί.
645 2565 998 2637 Χριστιανοῖς
1057 2556 1115 2612 δὲ
1187 2557 1324 2612 κατὰ
1379 2558 1709 2630 Χριστιανῶν
1766 2551 1992 2628 ἐφεῖναι,

355 2651 434 2723 μὴ
467 2649 556 2704 καὶ
587 2650 663 2712 εἰς
693 2648 1068 2724 παροργισμὸν
1099 2647 1195 2700 τοῦ
1227 2646 1384 2699 Θείου
1413 2645 1763 2717 πράττοιμεν.

532 2869 618 2922 26.
653 2870 717 2925 Ut
746 2868 946 2923 iterum
977 2866 1046 2921 ad
1073 2869 1282 2929 Papam
1311 2865 1480 2935 legati
1506 2864 1617 2918 sint
1645 2863 1823 2918 missi.

432 2957 712 3012 Caeterum
764 2957 1083 3027 imperator
1113 2953 1410 3025 expeditos
1451 2953 1885 3022 instructosque
1913 2949 1993 3006 le-

351 3049 524 3116 gatos
556 3045 735 3099 mittit
765 3045 836 3098 ad
867 3044 1108 3114 Papam,
1132 3042 1308 3098 simul
1340 3040 1768 3112 signiﬁcaturos
1788 3055 1992 3110 perpe-

2107 1850 2198 1920 μὲν
2231 1851 2320 1904 τὸν
2377 1851 2602 1923 Ἰκάριον
2658 1853 2745 1905 καὶ
2804 1851 2878 1906 ἔτι
2935 1855 2988 1907 ἐν
3052 1853 3290 1926 ίδιῴταις
3340 1860 3588 1934 εἷχε,καὶ
3621 1861 3732 1935 ἅμα

2105 1935 2356 2009 δυνάμεσι
2431 1941 2672 2008 πεζικαῖς
2747 1937 3044 2011 ἐμϐιϐάσας
3121 1947 3304 2000 ναυσὶν
3373 1946 3576 2004 ἐκεῖνον
3652 1951 3735 2006 ἐπ’

2104 2025 2342 2100 Εὐρίπου
2372 2027 2572 2081 πέμπει
2629 2033 2707 2099 τῷ
2764 2030 2985 2102 μεγάλῳ
3039 2034 3214 2104 κυρίῳ
3273 2035 3490 2109 Ἰωάννῃ
3533 2042 3734 2112 συμμί-

2103 2114 2277 2183 ξοντα.
2312 2116 2412 2169 Καὶ
2447 2112 2512 2182 δὴ
2564 2116 2677 2170 ἐπεὶ
2731 2119 2952 2189 στρατὸς
3006 2124 3113 2173 τῶν
3168 2125 3297 2175 νεῶν
3332 2119 3585 2180 ἀπέϐαινε
3614 2129 3737 2204 περί

2101 2223 2206 2256 που
2236 2202 2363 2264 τοὺς
2397 2203 2668 2277 Σωρεοὺς,
2704 2207 2730 2257 ὁ
2761 2203 3012 2276 Ἰωάννης
3051 2209 3358 2280 πυθόμενος
3388 2213 3485 2280 τὴν
3519 2202 3732 2270 ἐκείνων

2103 2284 2388 2359 ἀπόϐασιν,
2449 2289 2534 2344 καὶ
2592 2293 2644 2364 γ’
2702 2293 2775 2353 ὡς
2834 2292 2951 2367 εἶχε
3007 2292 3284 2369 ποδαλγὸς
3335 2296 3408 2352 ὢν
3461 2307 3560 2370 τῆς
3602 2305 3738 2376 πρὸς

2102 2375 2334 2440 ἐκείνους
2365 2378 2465 2432 οὐκ
2513 2379 2782 2453 ἀπέσχετο
2835 2381 3043 2456 μάχης,
3105 2381 3229 2437 ἀλλ⁹
3285 2385 3504 2450 αὐτόθεν
3555 2375 3738 2447 συντα-

2103 2465 2326 2536 ξάμενος
2393 2467 2479 2520 καὶ
2556 2468 2617 2521 τὸ
2684 2471 2966 2523 Λατινικὸν
3044 2471 3356 2544 εὐτρεπίσας
3431 2476 3553 2531 εὐθὺ
3627 2485 3733 2534 τῶν

2103 2553 2467 2616 ἀκουσθέντων
2526 2554 2634 2623 ἤϊε.
2709 2557 2808 2612 Καὶ
2879 2558 3063 2632 μάχην
3131 2564 3390 2636 κρατερὰν
3467 2568 3737 2639 συμμίξας

2103 2643 2435 2705 ἀκοντισθεὶς
2493 2644 2717 2699 πίπτει·
2775 2647 2838 2701 τὸ
2894 2648 2996 2722 γὰρ
3038 2653 3143 2704 τῶν
3194 2649 3375 2706 ποδῶν
3425 2651 3647 2729 ἄλγημα
3676 2659 3736 2713 οὗ

2103 2863 2191 2917 27.
2230 2862 2295 2919 Dt
2320 2866 2532 2920 Icarias
2583 2867 2652 2921 ad
2705 2869 3084 2951 imperatorem
3143 2877 3520 2951 transfugiens
3569 2881 3740 2938 classi

2646 2945 2978 3009 praepositus
3003 2945 3192 3012 fuerit.

2173 3039 2264 3092 Sic
2297 3056 2558 3110 represso
2592 3041 2809 3112 impetu
2844 3045 3047 3112 Caroli,
3098 3047 3415 3120 imperator
3456 3053 3567 3109 ista
3597 3074 3737 3114 cura

351 3136 573 3186 tratum
618 3132 744 3202 jam
795 3132 1095 3202 negotium
1159 3136 1219 3192 et
1285 3128 1640 3182 exsecutioni
1704 3131 1987 3181 conventa
2017 3135 2059 3199 ρ
2098 3126 2319 3181 levatus
2350 3145 2415 3182 eo
2450 3129 2774 3186 animosius
2821 3133 3088 3188 incubuit
3131 3136 3188 3189 in
3241 3154 3332 3192 res
3381 3157 3520 3195 suas
3559 3158 3736 3213 quam

345 3220 652 3284 mandata,
699 3219 876 3274 simul
950 3218 1096 3273 clam
1146 3219 1548 3272 sciscitaturos
1610 3216 1751 3284 quid
1799 3231 1992 3269 rerum

345 3307 661 3363 moliretur
724 3307 988 3372 Carolus,
1041 3310 1099 3360 et
1147 3305 1355 3375 ecquid
1415 3304 1606 3358 adhuc
1660 3303 1995 3357 demisisset

349 3397 646 3459 animum,
679 3394 799 3450 fero
830 3394 930 3449 illo
962 3410 1076 3465 quo
1103 3394 1161 3448 in
1192 3398 1419 3447 Graecos
1449 3397 1619 3446 antea
1642 3391 1996 3446 incitabatur

353 3487 512 3540 410
545 3485 767 3555 impetu
799 3483 1066 3538 remisso.
1119 3482 1317 3552 Legati
1366 3480 1597 3552 appulsi
1648 3481 1996 3534 nuntiarunt

352 3575 828 3627 consummatam
863 3587 1082 3641 pacem,
1118 3569 1407 3640 etexcepti
1435 3568 1811 3639 perbenevole
1835 3573 1992 3622 sunt.

347 3663 709 3718 Invenerunt
748 3666 942 3715 autem
988 3661 1064 3715 ibi
1115 3659 1380 3714 Carolum
1429 3658 1618 3712 minas
1649 3659 1992 3728 spirantem,

350 3755 416 3804 et
447 3749 608 3804 omni
639 3749 1012 3803 contentione
1045 3764 1279 3816 precum
1310 3746 1745 3799 incumbentem
1769 3747 1840 3799 ad
1863 3761 1994 3800 exo-

351 3837 612 3892 randum
643 3837 859 3907 Papam
894 3840 960 3889 ut
981 3835 1090 3890 sibi
1115 3835 1471 3904 permitteret
1492 3833 1912 3904 expeditionem
1937 3835 1994 3886 in

347 3925 563 3980 urbem
595 3922 1177 3993 Constantinopolim.
1208 3921 1496 3975 Videbant
1525 3921 1705 3991 igitur
1735 3922 1996 3992 quotidie

347 4011 758 4070 advolventem
810 4027 872 4066 se
939 4011 1104 4081 Papae
1177 4010 1443 4080 pedibus,
1513 4015 1569 4064 et
1619 4026 1684 4064 eo
1747 4009 1995 4064 subinde

348 4101 573 4158 furoris
605 4100 1022 4172 inquietissimi
1056 4105 1558 4170 prorumpentem,
1591 4104 1654 4153 ut
1683 4100 1837 4170 quod
1873 4116 1993 4153 ma-

353 4191 533 4245 nibus
584 4205 742 4244 more
792 4188 1125 4243 Italicorum
1177 4186 1509 4258 principum
1559 4187 1823 4259 gestabat
1872 4203 1994 4241 sce-

351 4285 582 4350 ptrum,
628 4277 1056 4332 commorderet
1121 4276 1348 4330 rabiosa
1399 4275 1650 4330 admotis
1702 4275 1995 4345 dentibus,

353 4365 679 4436 indignans
712 4364 822 4420 sibi
858 4364 1077 4435 negari,
1101 4379 1277 4434 quam
1302 4363 1728 4419 instantissime
1747 4365 1997 4434 petebat,

2100 3216 2314 3285 optime
2343 3218 2780 3274 constituendas
2811 3237 2880 3275 ex
2910 3224 3178 3292 praesenti
3226 3242 3357 3293 usu,
3400 3231 3629 3297 quando
3662 3233 3733 3286 ad

2101 3321 2163 3359 se
2195 3307 2626 3376 contugientem
2669 3309 2918 3382 benigne
2963 3313 3208 3368 Icarium
3266 3316 3494 3386 excipit,
3546 3319 3734 3378 virum

2102 3394 2288 3448 multa
2320 3397 2649 3465 praeliorum
2682 3401 3036 3469 experientia
3086 3403 3397 3459 militarem
3431 3408 3733 3463 scientiam

2101 3483 2398 3550 adeptum.
2433 3485 2706 3556 Princeps
2740 3487 2786 3541 is
2820 3489 3229 3545 fueratinsulaa
3255 3494 3731 3566 maximaa,quam

2101 3571 2201 3640 qui
2220 3569 2569 3642 illicdegunt
2591 3577 3001 3646 Ancmopylas,
3025 3578 3134 3633 hoc
3155 3586 3243 3634 est
3267 3586 3573 3638 ventorum
3610 3603 3732 3655 por-

2101 3661 2211 3722 tas,
2244 3660 2390 3711 411
2425 3676 2625 3714 vocare
2665 3672 3109 3720 consueverunt.
3163 3668 3300 3722 Inde
3349 3674 3542 3725 autem
3592 3689 3731 3728 casu

2102 3751 2164 3798 ut
2195 3745 2571 3800 conversione
2613 3750 2865 3816 quadam
2897 3753 3073 3806 sortis
3103 3754 3173 3807 ad
3204 3754 3612 3824 imperatorem
3645 3762 3734 3813 fu-

2102 3847 2236 3902 gere
2267 3834 2728 3904 compulsusjus
2760 3836 2815 3889 in
2837 3839 3234 3894 eaminsulam
3267 3859 3440 3896 suum
3465 3845 3515 3899 ei
3539 3847 3734 3912 cessit,

2101 3920 2312 3988 ipsein
2345 3923 2801 3978 domesticorum
2849 3928 3098 3996 Augusti
3143 3945 3380 3984 censum
3422 3933 3733 4002 ascriptus.

2102 4008 2424 4079 Imperator
2469 4017 2663 4064 autem
2714 4012 2930 4067 amisso
2971 4014 3143 4084 paulo
3193 4022 3323 4070 ante
3375 4019 3735 4076 sebastocra-

2099 4099 2243 4161 tore,
2276 4099 2493 4150 amisso
2525 4098 2662 4152 item
2696 4099 2939 4170 despota
2985 4103 3261 4157 fratribus
3310 4105 3454 4172 suis,
3505 4114 3562 4162 et
3606 4113 3738 4164 ante

2102 4183 2210 4238 hos
2267 4190 2452 4239 morte
2511 4187 2727 4256 pariter
2780 4189 3027 4244 sublatis
3086 4191 3198 4246 alio
3255 4194 3733 4266 sebastocratore,

2104 4277 2379 4342 praeterea
2416 4279 2660 4345 Caesare,
2719 4283 2843 4331 tum
2903 4281 3343 4348 protovestiario
3400 4301 3466 4338 ac
3523 4302 3736 4356 magno

2105 4362 2272 4427 duce,
2305 4367 2361 4417 et
2393 4368 2455 4417 ut
2483 4364 2657 4418 verbo
2690 4365 3041 4435 complectar
3072 4384 3208 4434 uno,
3263 4371 3557 4442 plerisque
3606 4375 3736 4430 illo-

353 4453 696 4509 facultatem
735 4451 1089 4522 exsequendi
1111 4453 1259 4522 quod
1295 4452 1697 4520 constituerat,
1729 4457 1995 4522 paratum
2029 4491 2072 4553 D
2107 4466 2235 4503 rum
2267 4450 2365 4520 qui
2398 4450 2752 4521 dignitatum
2782 4454 3174 4510 maximarum
3211 4456 3411 4514 titulos
3439 4463 3737 4531 gerebant,

352 4541 577 4598 scilicet
592 4541 910 4596 exercitum
940 4541 1217 4595 adversus
1241 4541 1648 4611 imperatorem
1672 4542 1951 4595 educendi
1979 4558 1991 4594 :

341 4633 588 4704 juribus
624 4632 695 4686 ad
749 4631 804 4685 id
859 4632 1076 4686 frustra
1121 4631 1593 4686 commemoratis
1642 4632 1787 4694 suis,
1837 4631 1994 4685 haud

354 4737 640 4793 persuaso
701 4725 762 4775 ul
809 4720 865 4773 id
922 4718 1140 4773 bellum
1209 4721 1556 4789 approbaret
1602 4724 1658 4774 et
1701 4720 1877 4774 surdo
1922 4721 1994 4774 ad

355 4825 558 4880 preces
595 4823 798 4862 omnes
833 4806 977 4861 tales
1009 4807 1353 4877 persistente
1384 4811 1560 4877 Papa.
1596 4807 1704 4873 Qui
1735 4807 1993 4862 vicissim

354 4897 654 4966 allegabat
676 4895 880 4950 Carolo
902 4895 1230 4950 Graecorum
1246 4897 1400 4965 jura,
1433 4895 1654 4966 placide
1677 4897 1996 4950 admonens

351 5001 690 5056 possessam
723 4985 793 5038 ab
810 4983 924 5038 illis
944 4984 1167 5037 dudum
1184 4982 1767 5054 Constantinopolim,
1785 4985 1996 5039 iterum

354 5072 430 5125 ad
462 5072 740 5143 antiquos
771 5072 1042 5126 dominos
1077 5073 1309 5125 fortuna
1349 5072 1691 5126 revolutam.
1726 5073 1836 5126 Eas
1870 5088 1996 5127 esse

357 5175 555 5214 rerum
589 5159 981 5214 humanarum
1013 5159 1189 5225 vices,
1223 5163 1278 5214 et
1311 5160 1484 5215 urbes
1514 5166 1570 5214 et
1593 5178 1732 5232 opes
1759 5161 1994 5215 demum

355 5253 600 5302 caeteras
627 5248 864 5319 praemia
913 5262 1042 5301 esse
1093 5245 1252 5312 belli,
1293 5247 1459 5316 eique
1509 5249 1621 5318 legi
1655 5248 1995 5319 acquiscen-

355 5335 525 5401 dum,
583 5334 902 5406 praesertim
935 5351 1067 5388 cum
1100 5335 1279 5389 Graeci
1311 5351 1544 5405 quoque
1587 5335 1850 5392 Ecclesiae
1891 5335 1995 5389 ﬁlii

349 5421 787 5493 Cbrislianique
813 5427 1042 5477 essent:
1079 5445 1107 5472 «
1146 5427 1365 5493 Neque,
1419 5423 1628 5486 aiebat,
1682 5441 1995 5494 possumus

348 5511 718 5566 Christianos
751 5526 885 5565 cum
913 5509 1255 5566 Christianis
1287 5512 1677 5583 committere,
1729 5530 1798 5568 ne
1848 5514 1994 5568 iram

352 5599 422 5654 in
454 5615 561 5657 nos
590 5599 691 5656 Dei
722 5614 1122 5670 provocemus.
1157 5620 1186 5648 ››

2105 4555 2235 4593 cum
2269 4539 2502 4594 deberet
2533 4541 2799 4595 sufficere
2830 4541 2974 4597 alios
3025 4546 3082 4598 in
3135 4562 3333 4601 eorum
3388 4549 3530 4614 loca,
3582 4550 3738 4607 hunc

2104 4629 2337 4698 quidem
2370 4631 2618 4682 Icarium
2649 4630 2913 4684 adbucin
2932 4632 3288 4702 privatorum
3304 4638 3735 4694 ordinetenuit:

2103 4722 2372 4769 cmterum
2407 4717 2672 4770 eumdem
2708 4733 2838 4770 cum
2869 4721 3240 4788 pedestribus
3279 4723 3461 4794 copiis
3499 4725 3740 4797 imposi-

2104 4810 2230 4859 tum
2263 4805 2508 4857 navibus
2530 4805 2584 4857 in
2599 4805 2876 4877 Euripum
2898 4808 3095 4869 mittit,
3119 4827 3251 4864 cum
3278 4829 3488 4884 magno
3503 4816 3738 4873 domino

2101 4893 2328 4948 Joanne
2371 4891 2808 4948 dimicaturum.
2872 4895 3160 4966 Expositis
3216 4899 3376 4956 hisce
3408 4903 3466 4956 in
3522 4909 3736 4960 terram

2105 4979 2289 5049 00piis
2319 4983 2374 5033 et
2424 4995 2608 5048 usque
2669 4980 2823 5035 circa
2879 4983 3085 5040 Soreos
3140 4991 3486 5058 progressis,
3541 4993 3738 5047 audito

2105 5085 2306 5122 earum
2336 5083 2585 5121 excensu
2615 5066 2891 5137 Joannes,
2925 5076 2980 5125 et
3008 5071 3056 5125 si
3090 5089 3240 5142 aeger
3272 5076 3546 5148 podagra,
3597 5096 3737 5147 pree-

2108 5157 2251 5210 lium
2287 5172 2400 5209 non
2427 5156 2787 5222 detrectavit,
2823 5158 2924 5212 sed
2956 5160 3151 5215 subito
3203 5162 3554 5219 instructam
3587 5167 3740 5222 Lati-

2106 5261 2312 5299 norum
2345 5245 2526 5299 aciem
2560 5261 2624 5298 eo
2659 5250 2813 5300 recta
2861 5248 3082 5301 ducens
3129 5249 3229 5303 ubi
3279 5254 3494 5308 versari
3546 5255 3764 5310 hostes-

2104 5333 2387 5395 audierat,
2436 5332 2550 5386 acri
2575 5335 2895 5388 commissa
2925 5351 3121 5405 pugna
3143 5336 3252 5391 telo
3285 5337 3436 5395 ictus
3468 5343 3739 5398 concidit.

2103 5421 2322 5473 Pedum
2355 5419 2511 5474 enim
2552 5421 2715 5475 dolor
2760 5421 2915 5476 haud
2966 5439 3173 5492 passus
3231 5442 3363 5480 eum
3421 5429 3632 5484 librare
3681 5448 3743 5485 se

2104 5508 2350 5562 ﬁrmiter
2403 5508 2460 5561 in
2518 5525 2664 5578 equo
2721 5515 2776 5563 et
2834 5509 3006 5564 scalis
3061 5515 3435 5580 equestribus
3467 5518 3741 5590 utrinque

2104 5595 2493 5668 pendentibus
2524 5597 2762 5651 robuste
2805 5597 3097 5668 insistere,
3131 5598 3246 5656 vim
3294 5603 3516 5662 ademit
3562 5607 3740 5663 susti-
