4110 6280
447 343 554 398 867

1741 351 2043 410 GEORGII
2080 355 2542 413 PACHYMERB

3724 360 3824 416 868

451 475 680 546 παρεῖχε
734 470 969 548 στερρῶς
1025 468 1345 529 ἀντιϐαίνειν
1403 481 1521 535 τοῖς
1580 474 1659 550 ἐφ’
1717 475 1942 548 ἑκάτερα
1981 480 2160 545 τῆςΑ
2194 474 2249 531 δὲ
2277 478 2401 554 περὶ
2429 479 2522 533 τὸν
2579 480 2835 549 Ἰωάννην
2888 477 3080 549 ἀνὲδην
3135 482 3205 550 ἦν
3263 478 3483 537 κτείνειν
3532 483 3625 538 τὸν
3658 503 3820 558 προσ-

451 556 758 633 ἐφεστρίδος
787 558 1065 633 κλίμαξιν,
1106 560 1231 616 ἀλλ’
1274 564 1366 633 ἅμ’
1415 561 1727 632 ἠκοντίζετο
1757 562 1846 617 καὶ
1878 583 2078 637 παρευ-

451 646 543 710 θὺς
571 642 759 702 ἔπιπτε
814 649 903 702 καὶ
951 648 1227 718 ἡλίσκετο.
1295 651 1392 705 Καὶ
1451 651 1541 704 σὺν
1601 651 1749 721 αὐτῷ
1806 647 1966 705 ἄλλοι
2019 671 2075 706 τε

448 733 653 790 πολλοὶ
686 736 1127 808 συμποδίζονται,
1160 739 1246 792 καὶ
1291 736 1357 807 δὴ
1409 739 1498 793 καὶ
1531 740 1558 793 6
1585 742 1683 791 τοῦ
1714 739 1946 811 Ἰκαρίου
1980 739 2073 792 αὖ·

438 822 726 901 τάδελφος.
796 827 882 881 Ἐν
949 825 1127 898 τούτῳ
1195 823 1253 880 δὲ
1317 828 1403 881 καὶ
1472 827 1694 898 στρατὸς
1750 826 1855 880 ἀπὸ
1912 827 2075 901 ξηρᾶς

439 912 742 987 εἰσβάλλει,
793 911 883 974 οὕς
930 914 1064 987 ἦγεν
1096 916 1122 967 6
1158 914 1326 988 μέγας
1378 912 1856 990 στρατοπεδάρχης
1905 921 2075 968 Συνα-

439 997 598 1070 δηνὸς
650 1001 904 1069 Ἰωάννης
949 1001 1039 1055 καὶ
1094 1002 1122 1055 6
1185 1004 1346 1075 μὲγας
1404 1003 1765 1063 κονοσταῦλως
1796 1004 1823 1056 6
1864 998 2072 1059 Καϐαλ-

435 1087 620 1163 λάριος
683 1087 936 1161 Μιχαῆλ.
999 1089 1095 1142 Καὶ
1154 1086 1219 1156 δὴ
1281 1091 1617 1162 ὁρμήσαντες
1674 1087 1761 1143 ἐπὶ
1811 1089 2071 1163 Φάρσαλα

431 1176 711 1252 φρούριον,
746 1174 775 1229 δ
807 1176 973 1240 Φθίαν
1007 1179 1035 1231 ὁ
1065 1177 1297 1238 παλαιὸς
1332 1172 1447 1252 ἔχει
1483 1177 1667 1252 λόγος,
1702 1178 1782 1254 ἐφ’
1815 1179 1860 1248 ᾤ
1892 1199 2069 1250 σιταρο

432 1269 576 1318 κοῖεν
616 1263 744 1327 τοὺς
798 1262 850 1317 ἐν
906 1269 984 1334 τῷ
1032 1265 1297 1339 φρουρίῳ,
1357 1276 1757 1337 προσπίπτουσι
1786 1271 1863 1337 τῷ
1890 1265 1947 1319 ἐκ
1972 1287 2067 1320 νο-

438 1352 578 1416 θείας
631 1353 870 1425 Ἰωάννῃ,
931 1352 988 1414 ὅς
1047 1351 1113 1421 δὴ
1170 1354 1256 1408 καὶ
1318 1353 1464 1430 σφίσι
1523 1354 1783 1430 συρράξας
1821 1354 2063 1427 πόλεμον

433 1446 674 1514 γενναῖον
701 1446 791 1495 καί
836 1438 1085 1516 ἀνδρικὸν
1144 1442 1289 1516 αἱρεῖ
1349 1443 1441 1514 μὲν
1499 1444 1589 1497 καὶ
1630 1444 1720 1497 τὸν
1756 1442 2062 1513 Συναδηνὸν

428 1527 516 1582 καὶ
551 1529 713 1602 μέγαν
747 1525 1252 1603 στρατοπεδάρχην,
1299 1529 1393 1583 τὸν
1446 1531 1627 1601 μέντοι
1676 1550 1736 1603 γε
1772 1532 1937 1604 μεγαν
1969 1552 2066 1585 κο-

428 1617 721 1673 νοσταῦλον
772 1618 800 1671 6
850 1616 934 1670 ὑπ’
986 1616 1176 1688 ἐκείνῳ
1225 1618 1356 1678 Λαὸς
1408 1615 1618 1679 Ἰταλὸς
1660 1615 1869 1672 διώκων
1902 1640 2061 1674 κατα-

432 1704 616 1762 λαϐεῖν
652 1707 749 1763 οὐκ
778 1706 1020 1782 ἴσχυσεν,
1064 1704 1191 1760 ἀλλ’
1238 1706 1394 1768 ’ὀλαις
1440 1708 1618 1775 ἡνίαις
1648 1706 1849 1770 ἐκεῖνος
1881 1707 2063 1772 ἐνδοὺς

2189 564 2428 640 τυχόντα
2490 566 2579 621 καὶ
2645 565 2895 639 πολέμου
2968 569 3101 644 γέρα
3174 568 3472 626 σκυλεύειν.
3548 572 3817 646 Ἔγνωσαν

2192 651 2249 707 δὲ
2305 654 2393 708 καὶ
2447 656 2571 709 τότε
2623 656 2886 727 Ῥωμαῖοι
2942 653 3244 733 λειφθέντες
3294 658 3446 732 μάχῃ
3490 662 3591 713 τοῦ
3642 661 3817 717 Ἰωάν-

2188 761 2320 795 νου’
2391 742 2452 796 οὖ
2519 744 2622 817 γὰρ
2687 743 2742 813 ἒξ
2810 742 3079 820 ἐμφανοῦς
3142 744 3301 819 ὥρμα
3357 747 3817 821 παραταξάμενος,

2186 828 2312 883 ἀλλ’
2360 829 2421 884 ἐκ
2472 829 2647 905 λόχου
2694 825 3043 904 προσϐαλὼν,
3094 834 3209 895 οἷος
3254 831 3457 895 ἐκεῖνος
3485 836 3818 904 τὰτοιαῦτα,

2184 917 2487 988 κατέπληξε
2541 919 2771 987 Θεαθεὶς,
2829 920 2916 973 καὶ
2974 919 3104 974 λαὸν
3166 920 3408 994 ἔκκριτον
3448 922 3540 976 καὶ
3572 923 3817 987 ἐπιεικῶς

2187 1010 2378 1081 μαχῶν
2432 1007 2685 1080 ἔμπειρον
2745 1010 2824 1076 τῷ
2875 1008 3001 1081 παρ’
3056 1005 3253 1062 ἐλπίδα
3309 1008 3608 1081 πταίσματι
3639 1009 3814 1086 ἄιδρι-

2181 1099 2293 1156 κῶς
2367 1095 2870 1167 καταγωνισάμενος
2942 1092 3095 1165 δόξαν
3169 1094 3415 1159 εὐκλείας
3491 1098 3811 1176 ἀποφέρεται

2181 1189 2283 1249 τῆς
2317 1183 2593 1257 μεγίστης.
2627 1184 2701 1239 Τὸ
2733 1181 2790 1237 δέ
2839 1204 2897 1257 γε
2948 1183 3190 1238 ναυτικὸν
3240 1184 3331 1238 καὶ
3382 1186 3507 1240 ὅσον
3540 1184 3593 1240 ἐν
3631 1188 3811 1250 αὐταῖς

2177 1270 2358 1324 ναυσὶν
2392 1271 2458 1339 ἦν
2499 1270 2727 1343 ἀζήμιοι
2786 1268 3222 1342 διατηρηθέντες,
3255 1273 3288 1342 ἢ
3320 1272 3539 1343 μᾶλλον
3565 1275 3659 1328 καὶ
3689 1277 3815 1349 γέρα

2183 1358 2369 1431 μάχης
2420 1357 2837 1432 ἐπενεγκάμενοι
2893 1358 3019 1420 τοὸς
3073 1359 3199 1433 περὶ
3255 1360 3346 1414 τὸν
3411 1362 3575 1435 μέγαν
3633 1361 3809 1435 κύριον

2175 1447 2446 1516 Ἰωάννην,
2512 1445 2731 1519 εὐθύμῳ
2793 1443 2989 1521 καρδίᾳ
3045 1448 3182 1512 πρὸς
3243 1448 3335 1502 τὸν
3392 1453 3697 1522 κρατοῦντα
3731 1449 3813 1524 γί-

2174 1555 2378 1589 νονται.
2410 1533 2515 1590 Καὶ
2565 1535 2617 1589 οἱ
2672 1534 2768 1606 μὲν
2825 1535 2963 1611 ἀμφὶ
3021 1536 3113 1588 τὸν
3174 1536 3335 1608 μέγαν
3368 1535 3559 1609 κῦριον
3597 1537 3701 1591 ὑπὸ
3728 1536 3808 1593 δε-

2174 1628 2335 1695 σμοῖς
2380 1627 2588 1699 φρουρᾷ
2636 1620 2893 1690 δίδονται,
2951 1616 3173 1695 τιμᾶται
3226 1621 3284 1677 δὲ
3323 1625 3351 1678 6
3400 1623 3635 1698 Ἰκάριος
3669 1625 3811 1681 ἀντί-

2171 1712 2335 1765 ποινά
2386 1715 2493 1764 τῶν
2548 1710 2768 1784 ἀγώνων
2825 1715 2905 1783 τῷ
2969 1716 3065 1765 τοῦ
3136 1710 3380 1786 μεγάλου
3444 1713 3808 1769 κονοσταύλου

430 1797 504 1857 εἷς
537 1798 714 1873 φυγὴν
742 1793 965 1863 ἤλαυνε,
994 1794 1083 1848 καὶ
1130 1794 1257 1856 τοὺς
1308 1795 1402 1866 μὲν
1453 1792 1715 1858 διώοντας
1745 1796 1888 1851 πολῦ
1919 1818 2055 1870 προ-
2089 1827 2137 1892 Β
2171 1798 2457 1871 ἀξιώματι.
2508 1799 2572 1855 Ὀ
2624 1799 2808 1870 μέντοι
2856 1820 2919 1872 γε
2968 1804 3075 1853 τῶν
3129 1795 3324 1869 Θηϐῶν
3366 1800 3500 1862 λαὸς
3525 1802 3620 1856 τὸν
3653 1799 3811 1856 ἀδελ-

427 1887 558 1938 θὲων
592 1884 831 1956 ἐξήλυξε,
861 1883 922 1937 τὸ
967 1880 1024 1937 δέ
1070 1903 1132 1957 γε
1182 1880 1451 1955 μοιρίδιον
1484 1884 1672 1954 ἀλύξαι
1705 1883 1801 1938 οὐκ
1828 1886 1893 1954 ἦν
1922 1885 2055 1941 ἐκεί-

426 1994 526 2043 νῳ,
575 1970 668 2026 κᾶν
726 1970 880 2025 πάντ’
942 1964 1217 2043 ἔπραττεν.
1276 1966 1659 2046 ’Λτακτότερον
1689 1972 1790 2046 γὰρ
1820 1971 2059 2027 ἐλαύνων

423 2062 513 2114 τὸν
540 2058 733 2126 ἵππον,
785 2058 911 2120 τοὺς
970 2054 1186 2112 ὄπισθεν
1249 2057 1501 2131 οἰόμενος
1559 2061 1773 2136 φθάνειν
1805 2060 2061 2135 καὶπρὸς

424 2148 649 2211 ἐκείνοις
681 2148 866 2218 μόνοις
904 2144 1047 2220 ἔχων
1102 2148 1191 2201 τὸν
1248 2147 1370 2201 νοῦν
1431 2148 1579 2209 ὅπως
1612 2146 1853 2224 ἐκφύγοι,
1886 2170 2056 2224 προσ·-

425 2234 600 2289 πταίει
632 2231 836 2307 δένδρῳ
888 2235 1003 2304 μεθ’
1053 2231 1192 2303 ὅλης
1237 2239 1338 2301 τῆς
1384 2237 1479 2286 τοῦ
1528 2231 1696 2287 ἵππου
1746 2240 1934 2311 φορᾶς,
1967 2234 2056 2290 καί

422 2324 558 2378 κατά
612 2324 804 2391 στῆθος
862 2321 1171 2378 συνθλᾶται.
1232 2319 1410 2382 Μόλις
1465 2320 1521 2375 δέ
1566 2342 1707 2383 τινες
1748 2323 1839 2377 τὸν
1882 2322 2052 2379 ’ίππον

422 2414 708 2482 στήσαντες
741 2409 822 2481 (οὗ
852 2411 952 2484 γὰρ
997 2410 1064 2478 ἦν
1114 2408 1303 2482 ἐκείνῳ
1355 2408 1521 2481 μὲλον
1562 2415 1659 2464 τοῦ
1682 2408 1878 2482 ἵππου,
1910 2411 2056 2466 ἆλλά

420 2522 483 2575 γε
510 2508 611 2570 τῆς
640 2499 859 2574 πληγῆς
890 2518 948 2553 τε
992 2498 1083 2552 καὶ
1140 2502 1241 2552 τοῦ
1300 2495 1547 2569 θανάτου)
1577 2500 1858 2570 ἡμιθνῆτα
1887 2519 2052 2553 κατα-

422 2585 724 2658 ϐιϐάζουσι,
782 2586 873 2642 καὶ
932 2588 1006 2649 ὡς
1065 2588 1212 2662 εἶχον
1265 2587 1402 2661 πρὸς
1456 2586 1852 2656 Θεσσαλονίκην
1912 2587 2053 2641 ἀπα·-

416 2676 665 2752 γαγόντες
715 2674 825 2730 ἐκεῖ
874 2673 1129 2739 θάπτουσι
1177 2670 1593 2743 τελευτήσαντα.
1627 2676 1705 2747 [Ρ.
1739 2676 1864 2748 280]
1921 2677 2051 2739 Τοῖς

425 2898 600 2954 nendi
625 2913 685 2952 se
716 2900 847 2969 post
878 2897 1078 2961 ictum,
1109 2894 1415 2965 effecitque
1446 2894 1714 2965 utprimo
1739 2894 1935 2949 statim
1960 2893 2057 2949 teli

424 3005 534 3059 qua
567 3001 880 3058 percussus
911 2988 999 3038 est
1028 2982 1284 3054 impulsu
1320 2981 1756 3037 sellaexcussus
1778 2981 2056 3036 corruerit

421 3081 742 3145 captusque
768 3072 960 3128 subito
993 3072 1189 3136 fuerit,
1222 3075 1278 3126 et
1307 3086 1438 3125 cum
1473 3085 1538 3124 eo
1579 3070 1676 3123 alii
1713 3069 1882 3123 multi
1915 3086 2050 3124 casu

419 3164 619 3219 eodem
670 3160 976 3231 implicati,
1028 3160 1245 3229 quippe
1302 3158 1624 3213 necessaria
1670 3159 2050 3213 subveniendi
2083 3187 2122 3249 Ο

418 3251 549 3305 duci
581 3248 868 3304 laboranti
919 3263 1058 3301 cura
1089 3263 1122 3299 a
1173 3247 1309 3314 fuga
1357 3247 1704 3301 maturanda
1748 3246 2045 3317 prohibiti,

415 3336 821 3410 comprehensi
854 3335 1066 3407 pariter
1095 3335 1154 3388 iu
1190 3333 1512 3390 custodiam
1542 3334 1659 3388 sint
1687 3334 1829 3388 dati.
1861 3335 1922 3389 In
1956 3335 2047 3390 his

421 3429 529 3484 fuit
555 3427 740 3496 ipsius
772 3424 939 3479 Icarii
978 3424 1169 3477 frater.
1204 3423 1437 3477 Interim
1472 3424 2048 3479 etexercitusaterra

415 3515 644 3587 irrupit,
698 3528 872 3585 quem
918 3512 1193 3565 ductabat
1262 3527 1509 3580 magnus
1573 3511 2048 3583 stratopedarcha

411 3603 755 3676 Synadenus
785 3601 1039 3656 Joannes
1071 3603 1128 3654 et
1149 3614 1399 3669 magnus
1426 3599 1798 3653 conostaulus
1843 3598 2044 3653 Cabal-

412 3692 595 3746 larius
627 3688 893 3745 Michael.
929 3688 995 3742 Hi
1030 3704 1162 3741 cum
1194 3689 1346 3742 412
1407 3687 1684 3741 Pharsale
1743 3688 2046 3741 tenderent

410 3783 534 3853 (arx
554 3797 621 3835 ea
650 3782 757 3846 est,
791 3777 879 3832 cui
916 3793 1145 3831 nomem
1162 3776 2043 3847 antiquumPhthiafuit)animo

408 3870 840 3923 commeantum
859 3864 1210 3935 importandi
1229 3862 2043 3935 praesidiojnciduntinJoan-

408 3973 538 4011 nem
568 3956 835 4022 nothum,
868 3953 967 4024 qui
1017 3953 1214 4008 statim
1267 3969 1364 4007 eos
1410 3953 1525 4005 arri
1575 3951 1770 4023 prtelio
1801 3952 2043 4006 adortus

408 4063 519 4100 non
552 4045 748 4101 minus
777 4044 998 4097 fortiter
1028 4058 1203 4112 quam
1238 4041 1482 4095 feliciter
1503 4057 1621 4095 rem
1647 4041 1828 4111 gessit
1858 4039 2041 4110 captis

407 4150 540 4188 cum
592 4134 722 4187 aliis
774 4131 1061 4201 plurimis,
1117 4135 1241 4183 tum
1291 4130 1418 4200 ipso
1465 4129 1772 4199 Synadeno
1828 4144 2040 4197 magno

405 4219 898 4290 stratopedarcha.
933 4221 1202 4286 Magnum
1231 4215 1634 4271 conostuulum
1667 4214 1790 4269 Itali
1828 4216 2039 4269 milites

403 4308 645 4365 Joannis
671 4309 768 4362 diu
804 4306 1088 4377 persecuti
1120 4303 1693 4374 assequinequivere.
1714 4303 2039 4374 Illequippe

405 4398 537 4454 totis
604 4395 847 4451 habenis
902 4395 1124 4449 effusus
1196 4393 1254 4447 in
1320 4394 1512 4462 fugam
1578 4391 1814 4460 longum
1885 4392 2036 4446 inse-

401 4484 718 4556 quentibus
772 4487 1121 4554 praeceperat
1170 4480 1452 4551 spatium,
1500 4485 1562 4534 ut
1602 4480 1727 4549 jam
1780 4478 2035 4548 periculo

2167 1887 2264 1962 φὸν
2324 1887 2575 1942 Ἰωάννου
2636 1884 2978 1960 Γουλίελμον
3050 1888 3214 1962 μὲγαν
3282 1888 3468 1961 κῦριον
3538 1890 3808 1952 ἀντικαθι-

2166 1979 2367 2027 στᾶσιν.
2427 1975 2661 2029 Ἐκεῖνον
2721 1971 2768 2028 δ’
2825 1976 3032 2049 ἆγήΛας
3083 1976 3112 2030 ὁ
3166 1974 3420 2051 βασιλεὺς
3447 1976 3536 2030 καὶ
3568 1975 3805 2049 δοκιμά-

2162 2082 2256 2123 σας
2310 2056 2609 2133 Λαμϐάνειν
2652 2057 2900 2137 γαμϐρὸν
2960 2063 3050 2137 ὑφ’
3105 2064 3291 2136 ὅρκοις
3345 2063 3637 2140 ἀσφαλέσιν
3678 2064 3803 2119 ἀπέ-

2164 2146 2281 2206 λυε.
2314 2150 2595 2218 Μετέωροι
2629 2146 2674 2203 δ’
2703 2150 2837 2216 ἦσαν
2892 2150 2948 2203 οἱ
2993 2150 3171 2223 γάμοι
3213 2152 3330 2205 καθ’
3366 2151 3686 2225 ὑποσχέσεις
3715 2153 3803 2207 καὶ

2165 2235 2352 2309 μόνας.
2387 2235 2540 2292 Ἀλλ’
2572 2235 2774 2298 ἐκεῖνος
2824 2234 2919 2309 ἃμ’
2968 2236 3157 2298 ἐπιοᾶς
3205 2244 3305 2306 τῆς
3350 2236 3635 2312 πατρίδος,
3662 2240 3800 2310 νόσῳ

2160 2323 2461 2400 περιπεσὼν
2501 2322 2745 2394 τελευτᾷ.
2799 2321 3124 2398 Λιαδέχεται
3178 2322 3237 2380 δὲ
3290 2327 3319 2381 6
3377 2324 3615 2405 ἀδελφὸς
3661 2326 3804 2382 ἐκεί-

2158 2432 2254 2466 νου
2304 2410 2672 2485 Γουλίελμος,
2731 2410 2788 2467 ὅν
2840 2416 2928 2467 καί
2985 2408 3232 2488 γαμϐρὸν
3290 2415 3539 2469 Ἰωάννου
3579 2417 3608 2470 6
3640 2415 3803 2490 λόγος

2157 2499 2410 2569 παρίστα,
2468 2497 2748 2559 ὁλοτελῶς
2795 2500 2894 2567 τήν
2952 2504 3048 2555 τοῦ
3100 2501 3430 2571 τεθνηκότος
3476 2503 3799 2577 κυριότητα.

2159 2588 2259 2644 Καὶ
2316 2588 2383 2656 ἦν
2438 2588 2575 2662 πρὸς
2626 2587 2932 2659 Ῥωμαίους
2990 2585 3433 2666 ἆντιφερόμενος,
3480 2590 3527 2645 εἰ
3566 2591 3654 2645 καὶ
3687 2592 3801 2645 κατ’

2159 2673 2277 2740 ἔτος
2331 2677 2360 2730 ὁ
2414 2675 2611 2741 στόλος
2664 2677 2834 2733 ἐκεῖσε
2888 2673 3258 2755 προσϐάλλων
3316 2677 3511 2735 ἐκάκου
3550 2679 3799 2735 τάκείνου

2166 2896 2340 2962 caede,
2362 2895 2546 2967 spolia
2563 2895 2817 2967 plurima
2831 2895 3533 2967 pretiosamquepraedam
3551 2896 3807 2953 victoria;

2166 2982 2469 3051 prtemiurn
2504 2981 2785 3036 tulerunt.
2801 2981 2919 3036 Hoc
2941 2981 3256 3051 alterojam
3274 2987 3483 3037 eventu
3508 2982 3805 3038 Romanos

2163 3069 2346 3124 tristis
2378 3068 2733 3135 experientia
2762 3069 3106 3140 docuitquis
3124 3073 3452 3140 etquantus
3475 3070 3630 3126 bello
3653 3079 3809 3126 esset

2159 3157 2413 3213 Joannes
2441 3157 2535 3211 hic
2567 3158 2804 3223 nothus,
2836 3157 2924 3212 vir
2953 3157 3219 3212 omnium
3278 3157 3701 3214 callidissimus
3731 3160 3804 3214 ad

2156 3245 2401 3302 insidias
2430 3247 2763 3311 struendae,
2794 3250 2921 3300 tum
2953 3245 3053 3301 ubi
3109 3261 3178 3300 ex
3227 3246 3300 3300 iis
3346 3247 3404 3301 in
3436 3247 3637 3317 plures
3667 3264 3799 3303 cum

2156 3334 2359 3404 paucis
2391 3339 2743 3405 erumperet,
2773 3334 3147 3404 imperterriti
3176 3335 3294 3389 dux
3330 3334 3513 3389 animi
3544 3336 3802 3390 roboris-

2152 3436 2265 3490 que
2297 3420 2630 3492 perrupturi
2662 3419 2892 3490 quidvis
2925 3419 3283 3491 oppositum.
3332 3426 3483 3492 Ergo
3542 3421 3596 3476 is
3643 3439 3800 3477 nunc

2151 3524 2380 3579 quoque
2413 3526 2526 3563 non
2560 3508 2755 3579 palam
2795 3524 3108 3563 occurrens
3163 3523 3231 3562 ex
3279 3509 3546 3574 adverso,
3577 3511 3680 3564 sed
3727 3526 3794 3565 ex

2151 3595 2410 3650 latibulis
2464 3595 2779 3666 improviso
2846 3597 3101 3661 irruens,
3151 3594 3657 3667 inOpinatissimat
3682 3598 3786 3653 illa

2149 3684 2343 3753 specie
2370 3683 2568 3752 copias
2615 3682 2834 3753 alioqui
2892 3683 3074 3737 bonas
3127 3688 3183 3738 et
3229 3683 3374 3739 satis
3443 3685 3792 3741 exercitatas

2151 3775 2303 3827 413
2334 3772 2520 3843 primo
2554 3773 2818 3841 perculit,
2854 3789 2986 3828 mox
3033 3772 3417 3843 impressione
3457 3775 3787 3831 vehementi

2152 3860 2383 3931 disjecit
2413 3861 2757 3931 stravitque,
2790 3860 3032 3931 gloriam
3082 3863 3444 3917 suonomini
3476 3864 3786 3919 maximam

2148 3949 2251 4003 tali
2285 3949 2534 4003 facinore
2565 3950 2831 4019 adeptus.
2863 3951 2935 4003 At
2966 3949 3190 4005 navalis
3227 3951 3515 4008 exercitus
3557 3955 3790 4008 univer-

2152 4053 2256 4090 sus
2285 4035 2619 4101 incolumis,
2664 4039 2880 4106 quippe
2926 4036 3233 4093 incruenta
3276 4039 3516 4095 victoria
3546 4043 3785 4111 potitus,

2146 4124 2390 4194 insuper
2439 4124 2644 4194 spoliis
2694 4125 2877 4188 dives,
2933 4124 3218 4181 Joannem
3269 4143 3402 4181 cum
3452 4129 3582 4183 suis
3632 4131 3780 4186 bello

2147 4217 2383 4282 captum
2418 4213 2656 4277 ducens,
2688 4212 2902 4281 gaudio
2934 4217 2991 4266 et
3029 4213 3416 4283 gratulatione
3460 4215 3682 4288 ingenti
3712 4221 3781 4273 ad

2143 4299 2550 4370 imperatorem
2580 4299 2768 4354 rediit.
2794 4301 2866 4353 At
2894 4299 3150 4357 Joannes
3180 4304 3413 4373 quidem
3446 4320 3579 4360 cum
3605 4307 3783 4362 sociis

2140 4388 2318 4441 vincti
2367 4386 2643 4442 custodia;
2708 4389 3066 4444 traduntur:
3140 4390 3323 4446 Icario
3369 4408 3504 4448 vero
3556 4410 3780 4451 merces

2142 4491 2326 4544 operae
2359 4473 2508 4529 bello
2543 4473 2786 4529 feliciter
2814 4480 3035 4531 navatae
3049 4482 3461 4549 repraesentata
3479 4483 3777 4552 estmagni

401 4553 711 4629 defunctus
743 4553 1056 4625 videretur.
1103 4569 1213 4624 Sed
1268 4568 1503 4622 fatalem
1552 4566 1754 4621 horam
1808 4582 1881 4620 ne
1927 4567 2038 4621 ista
2072 4553 2113 4615 Ο
2146 4560 2471 4617 conostauli
2502 4562 2787 4618 attributa
2833 4564 3131 4634 dignitate.
3181 4567 3298 4621 Sub
3356 4566 3479 4623 haec
3526 4570 3782 4641 populus

400 4662 637 4731 quidem
671 4659 1036 4714 contentione
1058 4661 1383 4726 conataque
1408 4653 2035 4709 summofrustrariaut

398 4747 626 4802 differre
657 4744 856 4799 infelix
878 4744 1100 4816 potuit:
1135 4744 1273 4798 dum
1306 4742 1460 4796 enim
1492 4741 1784 4795 incautius
1814 4757 2029 4818 equum

400 4835 649 4906 impellit
690 4849 932 4888 securus
981 4831 1362 4894 anteriorum,
1419 4847 1452 4883 a
1507 4834 1667 4901 tergo
1715 4828 1904 4883 solum
1938 4827 2030 4882 in-

398 4940 604 4995 gruere
632 4920 954 4989 periculum
986 4919 1331 4974 existimans
1362 4933 1546 4987 eoque
1577 4917 1821 4972 sollicite
1844 4932 2034 4988 respe-

397 5015 586 5078 ctans,
637 5010 698 5064 in
744 5008 971 5063 obviam
1039 5007 1301 5061 arborem
1376 5010 1497 5060 toto
1560 5004 1689 5073 equi
1740 5004 2028 5059 currentis

394 5099 613 5169 impetu
658 5100 947 5168 impactus
996 5095 1230 5165 dirupto
1288 5101 1515 5164 pectore
1563 5092 1830 5155 concidit,
1882 5108 2026 5161 equo

392 5186 575 5242 libero
606 5188 893 5243 abeunte:
948 5198 1136 5253 neque
1186 5182 1342 5236 enim
1388 5180 1590 5251 equiti,
1652 5179 1776 5233 diro
1807 5195 1945 5233 casu
1971 5184 2028 5234 et

391 5275 548 5329 letali
580 5275 817 5329 vulnere
848 5271 1086 5337 afﬂicto,
1130 5271 1376 5325 vacabat
1424 5269 1495 5323 de
1541 5284 1689 5338 eque
1748 5267 2021 5337 cogitare.

394 5364 556 5419 Hunc
610 5369 1001 5432 tamen'aegre
1051 5358 1228 5428 aliqui
1278 5358 1511 5425 morati,
1580 5356 1927 5411 seminecem
1973 5357 2024 5412 ei

390 5452 769 5507 caballarium
789 5449 1131 5520 impositum
1153 5444 1628 5501 Thessalonicam
1655 5462 1787 5501 cum
1813 5445 2019 5517 depor-

387 5543 632 5605 tassent,
684 5554 817 5594 mox
863 5537 943 5591 ibi
998 5540 1294 5591 mortuum
1340 5533 1713 5604 sepelierunt.
1761 5535 2019 5590 Joannes

388 5627 618 5681 interim
648 5642 779 5681 cum
813 5626 938 5681 suis
969 5623 1155 5679 multa
1190 5623 1432 5695 impune
1483 5624 1632 5679 facta
1683 5628 2013 5679 nostrorum

2140 4651 2467 4705 Thebarum
2519 4652 2755 4705 fratrem
2802 4651 3043 4707 Joannis
3105 4653 3456 4710 Gulielmum
3497 4673 3781 4725 magnum

2141 4739 2445 4794 dominum
2478 4755 2579 4809 pro
2597 4755 2663 4793 eo
2694 4740 3018 4795 constituit.
3037 4740 3249 4797 Verum
3273 4746 3554 4799 Joannem
3578 4746 3779 4816 ipsum

2142 4828 2461 4899 imperator
2492 4828 2811 4883 honorifice
2840 4832 3179 4895 tractatum,
3214 4833 3447 4902 propria
3476 4835 3526 4887 ei
3568 4834 3687 4889 ﬁlia
3720 4837 3778 4889 in

2139 4918 2444 4987 conjugem
2462 4916 2772 4986 promissa,
2806 4918 3244 4987 postﬁrmatum
3266 4921 3656 4991 jurejurando
3680 4924 3784 4978 foe-

2140 5002 2249 5057 dus
2278 5003 2528 5058 liberum
2561 5003 2804 5074 dimisit,
2836 5009 3077 5059 nutante
3108 5006 3301 5063 adhuc
3344 5009 3601 5081 conjugii
3647 5027 3776 5081 spe,

2138 5092 2353 5164 quippe
2407 5107 2522 5146 non
2570 5091 2723 5145 ultra
2781 5098 2950 5162 pacta
2995 5096 3053 5148 et
3112 5094 3412 5164 sponsalia
3449 5101 3771 5168 progressi.

2136 5184 2413 5236 Caeterum
2441 5180 2770 5234 destinatus
2800 5197 3054 5252 sponsus
3080 5182 3256 5236 simul
3291 5184 3537 5255 patriam
3554 5187 3769 5258 attigit,

2135 5270 2335 5324 morbo
2381 5273 2681 5338 correptus
2730 5269 2895 5335 obiit,
2956 5285 3354 5327 successorem
3403 5273 3771 5344 principatus

2132 5357 2190 5411 in
2248 5356 2498 5411 solidum
2552 5357 2802 5412 universi
2853 5357 3190 5429 relinquens
3240 5358 3595 5415 Gulielmum
3649 5363 3766 5417 fra-

2129 5450 2277 5500 trem
2310 5461 2480 5514 quem
2506 5445 2778 5516 superius
2809 5446 3065 5501 diximus
3105 5448 3350 5503 Joannis
3394 5449 3555 5504 nothi
3586 5450 3763 5505 ﬁliam

2129 5534 2388 5600 duxisse,
2419 5533 2637 5603 quique
2667 5533 2797 5589 ideo
2826 5535 3013 5590 soceri
3057 5535 3323 5606 partibus
3370 5536 3643 5592 addictus
3669 5538 3764 5592 in-

2131 5625 2329 5680 fensus
2386 5623 2664 5680 Romanis
2721 5625 2984 5681 mansit:
3043 5641 3225 5696 quare
3278 5625 3486 5683 classis
3543 5628 3603 5684 in
3631 5629 3762 5698 ejus
