  <div class='ocr_page' id='page_1' title='image "/cluster/home/n/w/nwhite01/storage/ocr_20150623/143/mdp.39015078384784/442.png"; bbox 0 0 4110 6280; ppageno 0'>
   <div class='ocr_carea' id='block_1_1' title="bbox 297 322 405 378">
    <p class='ocr_par' dir='ltr' id='par_1_1' title="bbox 297 322 405 378">
     <span class='ocr_line' id='line_1_1' title="bbox 297 322 405 378; baseline 0 0"><span class='ocrx_word' id='word_1_1' title='bbox 297 322 405 378; x_wconf 86' lang='grc'>869</span> 
     </span>
    </p>
   </div>
   <div class='ocr_carea' id='block_1_2' title="bbox 1360 321 2619 381">
    <p class='ocr_par' dir='ltr' id='par_1_2' title="bbox 1360 321 2619 381">
     <span class='ocr_line' id='line_1_2' title="bbox 1360 321 2619 381; baseline 0.001 -3"><span class='ocrx_word' id='word_1_2' title='bbox 1360 325 1456 378; x_wconf 84' lang='lat' dir='ltr'>DE</span> <span class='ocrx_word' id='word_1_3' title='bbox 1492 323 1864 379; x_wconf 78' lang='lat' dir='ltr'>MICHAELE</span> <span class='ocrx_word' id='word_1_4' title='bbox 1901 321 2342 380; x_wconf 64' lang='lat' dir='ltr'>PALJEOLOGO</span> <span class='ocrx_word' id='word_1_5' title='bbox 2377 327 2510 381; x_wconf 82' lang='lat' dir='ltr'>LIB.</span> <span class='ocrx_word' id='word_1_6' title='bbox 2551 327 2619 379; x_wconf 65' lang='grc' dir='ltr'>ν.</span> 
     </span>
    </p>
   </div>
   <div class='ocr_carea' id='block_1_3' title="bbox 3585 335 3691 390">
    <p class='ocr_par' dir='ltr' id='par_1_3' title="bbox 3585 335 3691 390">
     <span class='ocr_line' id='line_1_3' title="bbox 3585 335 3691 390; baseline 0 0"><span class='ocrx_word' id='word_1_7' title='bbox 3585 335 3691 390; x_wconf 88' lang='grc'>870</span> 
     </span>
    </p>
   </div>
   <div class='ocr_carea' id='block_1_4' title="bbox 299 441 3690 531">
    <p class='ocr_par' dir='ltr' id='par_1_4' title="bbox 299 441 3690 531">
     <span class='ocr_line' id='line_1_4' title="bbox 299 441 3690 531; baseline 0.003 -30"><span class='ocrx_word' id='word_1_8' title='bbox 299 445 391 501; x_wconf 82' lang='grc' dir='ltr'>καὶ</span> <span class='ocrx_word' id='word_1_9' title='bbox 423 441 584 498; x_wconf 76' lang='grc' dir='ltr'>οὐδὲν</span> <span class='ocrx_word' id='word_1_10' title='bbox 619 449 703 499; x_wconf 84' lang='grc' dir='ltr'>εἴα</span> <span class='ocrx_word' id='word_1_11' title='bbox 733 443 929 513; x_wconf 80' lang='grc' dir='ltr'>ἀνύειν,</span> <span class='ocrx_word' id='word_1_12' title='bbox 988 445 1432 520; x_wconf 83' lang='grc' dir='ltr'>περιζωσαμένου</span> <span class='ocrx_word' id='word_1_13' title='bbox 1486 443 1583 511; x_wconf 75' lang='grc' dir='ltr'>τὴν</span> <span class='ocrx_word' id='word_1_14' title='bbox 1631 445 1728 498; x_wconf 77' lang='grc' dir='ltr'>τοῦ</span> <span class='ocrx_word' id='word_1_15' title='bbox 1781 442 1942 516; x_wconf 83' lang='grc' dir='ltr'>μεγά-</span> <span class='ocrx_word' id='word_1_16' title='bbox 1972 447 2026 513; x_wconf 82' lang='grc' dir='ltr'><strong>Α</strong></span> <span class='ocrx_word' id='word_1_17' title='bbox 2061 441 2244 506; x_wconf 79' lang='grc' dir='ltr'>ἂλλως</span> <span class='ocrx_word' id='word_1_18' title='bbox 2278 442 2461 520; x_wconf 82' lang='grc' dir='ltr'>λόγιον</span> <span class='ocrx_word' id='word_1_19' title='bbox 2489 447 2578 500; x_wconf 79' lang='grc' dir='ltr'>καὶ</span> <span class='ocrx_word' id='word_1_20' title='bbox 2627 447 2714 501; x_wconf 71' lang='grc' dir='ltr'>ἐπὶ</span> <span class='ocrx_word' id='word_1_21' title='bbox 2770 453 2884 510; x_wconf 85' lang='grc' dir='ltr'>τοῖς</span> <span class='ocrx_word' id='word_1_22' title='bbox 2940 449 3242 524; x_wconf 67' lang='grc' dir='ltr'>πράγμασι,</span> <span class='ocrx_word' id='word_1_23' title='bbox 3265 448 3548 528; x_wconf 68' lang='grc' dir='ltr'>τρίϐωνα,)</span> <span class='ocrx_word' id='word_1_24' title='bbox 3578 455 3690 531; x_wconf 79' lang='grc' dir='ltr'>ἃμα</span> 
     </span>
    </p>
   </div>
   <div class='ocr_carea' id='block_1_5' title="bbox 959 536 985 548">
    <p class='ocr_par' dir='ltr' id='par_1_5' title="bbox 959 536 985 548">
     <span class='ocr_line' id='line_1_5' title="bbox 959 536 985 548; baseline 0 0"><span class='ocrx_word' id='word_1_25' title='bbox 959 536 985 548; x_wconf 58' lang='grc' dir='ltr'><strong>ν</strong></span> 
     </span>
    </p>
   </div>
   <div class='ocr_carea' id='block_1_6' title="bbox 300 529 1943 605">
    <p class='ocr_par' dir='ltr' id='par_1_6' title="bbox 300 529 1943 605">
     <span class='ocr_line' id='line_1_6' title="bbox 300 529 1943 605; baseline -0.004 -17"><span class='ocrx_word' id='word_1_26' title='bbox 300 534 402 589; x_wconf 90' lang='grc' dir='ltr'>λου</span> <span class='ocrx_word' id='word_1_27' title='bbox 437 529 629 594; x_wconf 81' lang='grc' dir='ltr'>δουκὸς</span> <span class='ocrx_word' id='word_1_28' title='bbox 690 531 834 602; x_wconf 79' lang='grc' dir='ltr'>ἀξίαν</span> <span class='ocrx_word' id='word_1_29' title='bbox 893 536 988 587; x_wconf 73' lang='grc' dir='ltr'>τοῦ</span> <span class='ocrx_word' id='word_1_30' title='bbox 1044 530 1279 603; x_wconf 73' lang='grc' dir='ltr'>Ἰκαρίου</span> <span class='ocrx_word' id='word_1_31' title='bbox 1318 533 1404 587; x_wconf 79' lang='grc' dir='ltr'>καὶ</span> <span class='ocrx_word' id='word_1_32' title='bbox 1437 533 1526 586; x_wconf 84' lang='grc' dir='ltr'>τὸν</span> <span class='ocrx_word' id='word_1_33' title='bbox 1562 529 1754 586; x_wconf 88' lang='grc' dir='ltr'>στόλον</span> <span class='ocrx_word' id='word_1_34' title='bbox 1785 529 1943 605; x_wconf 76' lang='grc' dir='ltr'>ἂγον-</span> 
     </span>
    </p>
   </div>
   <div class='ocr_carea' id='block_1_7' title="bbox 296 643 414 684">
    <p class='ocr_par' dir='ltr' id='par_1_7' title="bbox 296 643 414 684">
     <span class='ocr_line' id='line_1_7' title="bbox 296 643 414 684; baseline 0 -7"><span class='ocrx_word' id='word_1_35' title='bbox 296 643 414 684; x_wconf 90' lang='grc' dir='ltr'>τος.</span> 
     </span>
    </p>
   </div>
   <div class='ocr_carea' id='block_1_8' title="bbox 294 777 1939 853">
    <p class='ocr_par' dir='ltr' id='par_1_8' title="bbox 294 777 1939 853">
     <span class='ocr_line' id='line_1_8' title="bbox 294 777 1939 853; baseline -0.004 -17"><span class='ocrx_word' id='word_1_36' title='bbox 294 783 404 851; x_wconf 79' lang='grc' dir='ltr'>κη’.</span> <span class='ocrx_word' id='word_1_37' title='bbox 474 783 589 834; x_wconf 83' lang='grc' dir='ltr'>Ἔτι</span> <span class='ocrx_word' id='word_1_38' title='bbox 654 779 722 834; x_wconf 77' lang='grc' dir='ltr'>τὰ</span> <span class='ocrx_word' id='word_1_39' title='bbox 781 778 949 853; x_wconf 64' lang='grc' dir='ltr'>κατὰΔ</span> <span class='ocrx_word' id='word_1_40' title='bbox 988 779 1080 853; x_wconf 84' lang='grc' dir='ltr'>τὸν</span> <span class='ocrx_word' id='word_1_41' title='bbox 1160 778 1666 853; x_wconf 74' lang='grc' dir='ltr'>πατριαρχεύσαντα</span> <span class='ocrx_word' id='word_1_42' title='bbox 1742 777 1939 853; x_wconf 69' lang='grc' dir='ltr'>Ἰωσὴφ</span> 
     </span>
    </p>
   </div>
   <div class='ocr_carea' id='block_1_9' title="bbox 866 848 1372 905">
    <p class='ocr_par' dir='ltr' id='par_1_9' title="bbox 866 848 1372 905">
     <span class='ocr_line' id='line_1_9' title="bbox 866 848 1372 905; baseline 0.002 -2"><span class='ocrx_word' id='word_1_43' title='bbox 866 848 956 903; x_wconf 83' lang='grc' dir='ltr'>καὶ</span> <span class='ocrx_word' id='word_1_44' title='bbox 1014 851 1104 904; x_wconf 90' lang='grc' dir='ltr'>τὸν</span> <span class='ocrx_word' id='word_1_45' title='bbox 1149 848 1372 905; x_wconf 60' lang='grc' dir='ltr'>Βέκῑὶονξ</span> 
     </span>
    </p>
   </div>
   <div class='ocr_carea' id='block_1_10' title="bbox 362 970 1938 1050">
    <p class='ocr_par' dir='ltr' id='par_1_10' title="bbox 362 970 1938 1050">
     <span class='ocr_line' id='line_1_10' title="bbox 362 970 1938 1050; baseline -0.002 -23"><span class='ocrx_word' id='word_1_46' title='bbox 362 978 468 1028; x_wconf 75' lang='grc' dir='ltr'>Τοῦ</span> <span class='ocrx_word' id='word_1_47' title='bbox 502 973 701 1050; x_wconf 68' lang='grc' dir='ltr'>Ἰωσήφ</span> <span class='ocrx_word' id='word_1_48' title='bbox 754 970 810 1026; x_wconf 72' lang='grc' dir='ltr'>δὲ</span> <span class='ocrx_word' id='word_1_49' title='bbox 868 973 1176 1044; x_wconf 71' lang='grc' dir='ltr'>καθημένου</span> <span class='ocrx_word' id='word_1_50' title='bbox 1236 973 1288 1026; x_wconf 80' lang='grc' dir='ltr'>ἐν</span> <span class='ocrx_word' id='word_1_51' title='bbox 1341 976 1409 1044; x_wconf 77' lang='grc' dir='ltr'>τῇ</span> <span class='ocrx_word' id='word_1_52' title='bbox 1467 972 1604 1025; x_wconf 79' lang='grc' dir='ltr'>κατὰ</span> <span class='ocrx_word' id='word_1_53' title='bbox 1657 971 1746 1025; x_wconf 63' lang='grc' dir='ltr'>τὶν</span> <span class='ocrx_word' id='word_1_54' title='bbox 1781 971 1938 1025; x_wconf 83' lang='grc' dir='ltr'>Ἀνά-</span> 
     </span>
    </p>
   </div>
   <div class='ocr_carea' id='block_1_11' title="bbox 290 1059 1936 1132">
    <p class='ocr_par' dir='ltr' id='par_1_11' title="bbox 290 1059 1936 1132">
     <span class='ocr_line' id='line_1_11' title="bbox 290 1059 1936 1132; baseline -0.002 -18"><span class='ocrx_word' id='word_1_55' title='bbox 290 1059 466 1115; x_wconf 88' lang='grc' dir='ltr'>πλουν</span> <span class='ocrx_word' id='word_1_56' title='bbox 506 1063 668 1132; x_wconf 77' lang='grc' dir='ltr'>μονῇ,</span> <span class='ocrx_word' id='word_1_57' title='bbox 711 1059 868 1121; x_wconf 83' lang='grc' dir='ltr'>νόσος</span> <span class='ocrx_word' id='word_1_58' title='bbox 920 1059 1254 1113; x_wconf 78' lang='grc' dir='ltr'>ἐπεισπίπτει</span> <span class='ocrx_word' id='word_1_59' title='bbox 1301 1063 1379 1129; x_wconf 75' lang='grc' dir='ltr'>τῷ</span> <span class='ocrx_word' id='word_1_60' title='bbox 1423 1059 1641 1131; x_wconf 75' lang='grc' dir='ltr'>Ἰωάννῃ</span> <span class='ocrx_word' id='word_1_61' title='bbox 1673 1078 1936 1131; x_wconf 77' lang='grc' dir='ltr'>πατριάρ-</span> 
     </span>
    </p>
   </div>
   <div class='ocr_carea' id='block_1_12' title="bbox 290 1145 1938 1224">
    <p class='ocr_par' dir='ltr' id='par_1_12' title="bbox 290 1145 1938 1224">
     <span class='ocr_line' id='line_1_12' title="bbox 290 1145 1938 1224; baseline -0.002 -22"><span class='ocrx_word' id='word_1_62' title='bbox 290 1153 484 1224; x_wconf 71' lang='grc' dir='ltr'>χοῦντι</span> <span class='ocrx_word' id='word_1_63' title='bbox 517 1146 664 1216; x_wconf 77' lang='grc' dir='ltr'>δεινή</span> <span class='ocrx_word' id='word_1_64' title='bbox 689 1167 702 1180; x_wconf 75' lang='grc' dir='ltr'><strong>ο</strong></span> <span class='ocrx_word' id='word_1_65' title='bbox 735 1148 801 1215; x_wconf 76' lang='grc' dir='ltr'>ἦν</span> <span class='ocrx_word' id='word_1_66' title='bbox 863 1145 908 1200; x_wconf 82' lang='grc' dir='ltr'>δ’</span> <span class='ocrx_word' id='word_1_67' title='bbox 967 1146 1124 1209; x_wconf 72' lang='grc' dir='ltr'>αὐτὸς</span> <span class='ocrx_word' id='word_1_68' title='bbox 1183 1149 1209 1200; x_wconf 98' lang='lat'>6</span> <span class='ocrx_word' id='word_1_69' title='bbox 1272 1147 1472 1207; x_wconf 80' lang='grc' dir='ltr'>Βέκκος</span> <span class='ocrx_word' id='word_1_70' title='bbox 1501 1146 1647 1214; x_wconf 26' lang='grc' dir='ltr'>ὁικαὶ</span> <span class='ocrx_word' id='word_1_71' title='bbox 1672 1147 1938 1218; x_wconf 73' lang='grc' dir='ltr'>προτερον</span> 
     </span>
    </p>
   </div>
   <div class='ocr_carea' id='block_1_13' title="bbox 290 1232 1937 1313">
    <p class='ocr_par' dir='ltr' id='par_1_13' title="bbox 290 1232 1937 1313">
     <span class='ocr_line' id='line_1_13' title="bbox 290 1232 1937 1313; baseline -0.002 -24"><span class='ocrx_word' id='word_1_72' title='bbox 290 1233 662 1313; x_wconf 67' lang='grc' dir='ltr'>χαρτοιρῦλαξ.</span> <span class='ocrx_word' id='word_1_73' title='bbox 717 1235 820 1290; x_wconf 79' lang='grc' dir='ltr'>Καὶ</span> <span class='ocrx_word' id='word_1_74' title='bbox 881 1232 944 1303; x_wconf 73' lang='grc' dir='ltr'>δὴ</span> <span class='ocrx_word' id='word_1_75' title='bbox 1005 1233 1188 1289; x_wconf 83' lang='grc' dir='ltr'>πολλά</span> <span class='ocrx_word' id='word_1_76' title='bbox 1245 1235 1428 1297; x_wconf 86' lang='grc' dir='ltr'>παθὼν</span> <span class='ocrx_word' id='word_1_77' title='bbox 1463 1233 1550 1288; x_wconf 81' lang='grc' dir='ltr'>καὶ</span> <span class='ocrx_word' id='word_1_78' title='bbox 1585 1233 1937 1308; x_wconf 62' lang='grc' dir='ltr'>ῥα³ισας,τοῖς</span> 
     </span>
    </p>
   </div>
   <div class='ocr_carea' id='block_1_14' title="bbox 292 1320 1936 1398">
    <p class='ocr_par' dir='ltr' id='par_1_14' title="bbox 292 1320 1936 1398">
     <span class='ocr_line' id='line_1_14' title="bbox 292 1320 1936 1398; baseline -0.002 -21"><span class='ocrx_word' id='word_1_79' title='bbox 292 1324 500 1398; x_wconf 76' lang='grc' dir='ltr'>ἰατροῖς</span> <span class='ocrx_word' id='word_1_80' title='bbox 532 1320 685 1392; x_wconf 82' lang='grc' dir='ltr'>δόξαν</span> <span class='ocrx_word' id='word_1_81' title='bbox 745 1323 795 1375; x_wconf 79' lang='grc' dir='ltr'>ἐν</span> <span class='ocrx_word' id='word_1_82' title='bbox 853 1321 1066 1396; x_wconf 77' lang='grc' dir='ltr'>σχολῆς</span> <span class='ocrx_word' id='word_1_83' title='bbox 1117 1322 1271 1393; x_wconf 85' lang='grc' dir='ltr'>τόπῳ</span> <span class='ocrx_word' id='word_1_84' title='bbox 1329 1320 1678 1394; x_wconf 70' lang='grc' dir='ltr'>μετατεθέντα</span> <span class='ocrx_word' id='word_1_85' title='bbox 1715 1320 1806 1374; x_wconf 85' lang='grc' dir='ltr'>τὸν</span> <span class='ocrx_word' id='word_1_86' title='bbox 1838 1320 1936 1395; x_wconf 75' lang='grc' dir='ltr'>ἆῤ-</span> 
     </span>
    </p>
   </div>
   <div class='ocr_carea' id='block_1_15' title="bbox 290 1407 1934 1485">
    <p class='ocr_par' dir='ltr' id='par_1_15' title="bbox 290 1407 1934 1485">
     <span class='ocr_line' id='line_1_15' title="bbox 290 1407 1934 1485; baseline -0.002 -21"><span class='ocrx_word' id='word_1_87' title='bbox 290 1411 604 1485; x_wconf 75' lang='grc' dir='ltr'>ῥωστοῦντά</span> <span class='ocrx_word' id='word_1_88' title='bbox 649 1410 766 1463; x_wconf 81' lang='grc' dir='ltr'>κατ’</span> <span class='ocrx_word' id='word_1_89' title='bbox 816 1407 958 1463; x_wconf 77' lang='grc' dir='ltr'>ἰδίαν</span> <span class='ocrx_word' id='word_1_90' title='bbox 1009 1408 1415 1482; x_wconf 72' lang='grc' dir='ltr'>θεραπεόεσθαι,</span> <span class='ocrx_word' id='word_1_91' title='bbox 1471 1409 1544 1480; x_wconf 79' lang='grc' dir='ltr'>μὴ</span> <span class='ocrx_word' id='word_1_92' title='bbox 1575 1409 1661 1462; x_wconf 78' lang='grc' dir='ltr'>καὶ</span> <span class='ocrx_word' id='word_1_93' title='bbox 1763 1407 1934 1481; x_wconf 80' lang='grc' dir='ltr'>ἀσχο-</span> 
     </span>
    </p>
   </div>
   <div class='ocr_carea' id='block_1_16' title="bbox 272 1494 1933 1572">
    <p class='ocr_par' dir='ltr' id='par_1_16' title="bbox 272 1494 1933 1572">
     <span class='ocr_line' id='line_1_16' title="bbox 272 1494 1933 1572; baseline -0.004 -18"><span class='ocrx_word' id='word_1_94' title='bbox 272 1499 387 1555; x_wconf 79' lang='grc' dir='ltr'>-λίοί</span> <span class='ocrx_word' id='word_1_95' title='bbox 414 1494 604 1572; x_wconf 73' lang='grc' dir='ltr'>τριϐην</span> <span class='ocrx_word' id='word_1_96' title='bbox 662 1498 866 1571; x_wconf 78' lang='grc' dir='ltr'>ἐμποιῇ</span> <span class='ocrx_word' id='word_1_97' title='bbox 923 1502 990 1570; x_wconf 80' lang='grc' dir='ltr'>τῇ</span> <span class='ocrx_word' id='word_1_98' title='bbox 1050 1499 1213 1568; x_wconf 86' lang='grc' dir='ltr'>νόσῳ,</span> <span class='ocrx_word' id='word_1_99' title='bbox 1273 1497 1387 1551; x_wconf 79' lang='grc' dir='ltr'>ἐπεὶ</span> <span class='ocrx_word' id='word_1_100' title='bbox 1444 1497 1534 1550; x_wconf 82' lang='grc' dir='ltr'>καὶ</span> <span class='ocrx_word' id='word_1_101' title='bbox 1585 1495 1768 1570; x_wconf 69' lang='grc' dir='ltr'>ῥαΐσας</span> <span class='ocrx_word' id='word_1_102' title='bbox 1799 1497 1933 1570; x_wconf 79' lang='grc' dir='ltr'>πρὸς</span> 
     </span>
    </p>
   </div>
   <div class='ocr_carea' id='block_1_17' title="bbox 286 1586 1927 1660">
    <p class='ocr_par' dir='ltr' id='par_1_17' title="bbox 286 1586 1927 1660">
     <span class='ocr_line' id='line_1_17' title="bbox 286 1586 1927 1660; baseline -0.004 -18"><span class='ocrx_word' id='word_1_103' title='bbox 286 1593 368 1658; x_wconf 79' lang='grc' dir='ltr'>τῷ</span> <span class='ocrx_word' id='word_1_104' title='bbox 402 1588 489 1641; x_wconf 82' lang='grc' dir='ltr'>καὶ</span> <span class='ocrx_word' id='word_1_105' title='bbox 520 1586 673 1659; x_wconf 79' lang='grc' dir='ltr'>πόμα</span> <span class='ocrx_word' id='word_1_106' title='bbox 723 1590 804 1660; x_wconf 79' lang='grc' dir='ltr'>[Ρ.</span> <span class='ocrx_word' id='word_1_107' title='bbox 854 1589 982 1658; x_wconf 81' lang='grc'>281]</span> <span class='ocrx_word' id='word_1_108' title='bbox 1039 1586 1360 1660; x_wconf 83' lang='grc' dir='ltr'>καθαρτικὸν</span> <span class='ocrx_word' id='word_1_109' title='bbox 1416 1586 1808 1660; x_wconf 66' lang='grc' dir='ltr'>προσφέρεσθαι</span> <span class='ocrx_word' id='word_1_110' title='bbox 1841 1586 1927 1652; x_wconf 76' lang='grc' dir='ltr'>ἦν,</span> 
     </span>
    </p>
   </div>
   <div class='ocr_carea' id='block_1_18' title="bbox 290 1672 1929 1748">
    <p class='ocr_par' dir='ltr' id='par_1_18' title="bbox 290 1672 1929 1748">
     <span class='ocr_line' id='line_1_18' title="bbox 290 1672 1929 1748; baseline 0.014 -19"><span class='ocrx_word' id='word_1_111' title='bbox 290 1677 319 1729; x_wconf 82' lang='grc' dir='ltr'>ὁ</span> <span class='ocrx_word' id='word_1_112' title='bbox 352 1682 453 1743; x_wconf 78' lang='grc' dir='ltr'>τῆς</span> <span class='ocrx_word' id='word_1_113' title='bbox 485 1674 697 1748; x_wconf 63' lang='lat' dir='ltr'>Accipe;</span> <span class='ocrx_word' id='word_1_114' title='bbox 747 1674 883 1748; x_wconf 76' lang='grc' dir='ltr'>πρὸς</span> <span class='ocrx_word' id='word_1_115' title='bbox 930 1678 1095 1728; x_wconf 72' lang='grc' dir='ltr'>ταῦτα</span> <span class='ocrx_word' id='word_1_116' title='bbox 1141 1675 1306 1734; x_wconf 67' lang='grc' dir='ltr'>τόπος</span> <span class='ocrx_word' id='word_1_117' title='bbox 1350 1672 1586 1742; x_wconf 65' lang='grc' dir='ltr'>ἐκρίνετο</span> <span class='ocrx_word' id='word_1_118' title='bbox 1635 1675 1929 1747; x_wconf 68' lang='grc' dir='ltr'>χρήσιμος·</span> 
     </span>
    </p>
   </div>
   <div class='ocr_carea' id='block_1_19' title="bbox 291 1760 1933 1834">
    <p class='ocr_par' dir='ltr' id='par_1_19' title="bbox 291 1760 1933 1834">
     <span class='ocr_line' id='line_1_19' title="bbox 382 1760 1829 1792; baseline -0.006 -10"><span class='ocrx_word' id='word_1_119' title='bbox 382 1764 394 1782; x_wconf 59' lang='grc' dir='ltr'>π</span> <span class='ocrx_word' id='word_1_120' title='bbox 891 1760 903 1780; x_wconf 80' lang='lat'><strong><em>\</em></strong></span> <span class='ocrx_word' id='word_1_121' title='bbox 1010 1760 1032 1778; x_wconf 58' lang='grc' dir='ltr'>α</span> <span class='ocrx_word' id='word_1_122' title='bbox 1069 1762 1083 1778; x_wconf 77' lang='lat'><strong><em>\</em></strong></span> <span class='ocrx_word' id='word_1_123' title='bbox 1217 1767 1242 1776; x_wconf 69' lang='grc'>.-</span> <span class='ocrx_word' id='word_1_124' title='bbox 1538 1768 1583 1792; x_wconf 43' lang='grc' dir='ltr'>μ..</span> <span class='ocrx_word' id='word_1_125' title='bbox 1734 1763 1746 1774; x_wconf 72' lang='grc' dir='ltr'>ι</span> <span class='ocrx_word' id='word_1_126' title='bbox 1820 1763 1829 1783; x_wconf 67' lang='lat'>,</span> 
     </span>
     <span class='ocr_line' id='line_1_20' title="bbox 291 1761 1933 1834; baseline -0.002 -16"><span class='ocrx_word' id='word_1_127' title='bbox 291 1766 397 1819; x_wconf 88' lang='grc' dir='ltr'>Και</span> <span class='ocrx_word' id='word_1_128' title='bbox 452 1764 480 1815; x_wconf 91' lang='lat'>6</span> <span class='ocrx_word' id='word_1_129' title='bbox 543 1763 635 1833; x_wconf 78' lang='grc' dir='ltr'>μὲν</span> <span class='ocrx_word' id='word_1_130' title='bbox 695 1761 948 1834; x_wconf 84' lang='grc' dir='ltr'>βασιλευς</span> <span class='ocrx_word' id='word_1_131' title='bbox 1007 1781 1093 1815; x_wconf 90' lang='grc' dir='ltr'>οια</span> <span class='ocrx_word' id='word_1_132' title='bbox 1149 1782 1313 1816; x_wconf 86' lang='grc' dir='ltr'>ταυτα</span> <span class='ocrx_word' id='word_1_133' title='bbox 1367 1763 1666 1833; x_wconf 72' lang='grc' dir='ltr'>μεταθιιναι</span> <span class='ocrx_word' id='word_1_134' title='bbox 1696 1783 1787 1815; x_wconf 88' lang='grc' dir='ltr'>τον</span> <span class='ocrx_word' id='word_1_135' title='bbox 1838 1763 1933 1815; x_wconf 75' lang='lat' dir='ltr'>1w-</span> 
     </span>
    </p>
   </div>
   <div class='ocr_carea' id='block_1_20' title="bbox 290 1845 1932 1928">
    <p class='ocr_par' dir='ltr' id='par_1_20' title="bbox 290 1845 1932 1928">
     <span class='ocr_line' id='line_1_21' title="bbox 290 1845 1932 1928; baseline -0.002 -24"><span class='ocrx_word' id='word_1_136' title='bbox 290 1852 400 1928; x_wconf 70' lang='grc' dir='ltr'>σὴφ</span> <span class='ocrx_word' id='word_1_137' title='bbox 458 1846 737 1917; x_wconf 73' lang='grc' dir='ltr'>ἐϐούλετο,</span> <span class='ocrx_word' id='word_1_138' title='bbox 799 1849 874 1910; x_wconf 87' lang='grc' dir='ltr'>ὡς</span> <span class='ocrx_word' id='word_1_139' title='bbox 933 1851 1034 1903; x_wconf 77' lang='grc' dir='ltr'>οὐκ</span> <span class='ocrx_word' id='word_1_140' title='bbox 1092 1849 1351 1923; x_wconf 73' lang='grc' dir='ltr'>εὐπρεπές</span> <span class='ocrx_word' id='word_1_141' title='bbox 1404 1849 1592 1911; x_wconf 73' lang='grc' dir='ltr'>άλλως</span> <span class='ocrx_word' id='word_1_142' title='bbox 1643 1845 1699 1902; x_wconf 77' lang='grc' dir='ltr'>ὅν</span> <span class='ocrx_word' id='word_1_143' title='bbox 1751 1847 1802 1902; x_wconf 82' lang='grc' dir='ltr'>ἐν</span> <span class='ocrx_word' id='word_1_144' title='bbox 1836 1853 1932 1920; x_wconf 79' lang='grc' dir='ltr'>μιᾷ</span> 
     </span>
    </p>
   </div>
   <div class='ocr_carea' id='block_1_21' title="bbox 292 1931 1931 2011">
    <p class='ocr_par' dir='ltr' id='par_1_21' title="bbox 292 1931 1931 2011">
     <span class='ocr_line' id='line_1_22' title="bbox 292 1931 1931 2011; baseline -0.002 -19"><span class='ocrx_word' id='word_1_145' title='bbox 292 1942 434 2010; x_wconf 81' lang='grc' dir='ltr'>μονῇ</span> <span class='ocrx_word' id='word_1_146' title='bbox 491 1931 783 2010; x_wconf 76' lang='grc' dir='ltr'>διατρίϐειν</span> <span class='ocrx_word' id='word_1_147' title='bbox 841 1938 933 1991; x_wconf 88' lang='grc' dir='ltr'>τόν</span> <span class='ocrx_word' id='word_1_148' title='bbox 983 1958 1041 1991; x_wconf 89' lang='grc' dir='ltr'>τε</span> <span class='ocrx_word' id='word_1_149' title='bbox 1099 1938 1261 2011; x_wconf 83' lang='grc' dir='ltr'>ἀργὸν</span> <span class='ocrx_word' id='word_1_150' title='bbox 1318 1936 1377 1990; x_wconf 83' lang='grc' dir='ltr'>ἐκ</span> <span class='ocrx_word' id='word_1_151' title='bbox 1423 1934 1788 2011; x_wconf 79' lang='grc' dir='ltr'>πατριαρχῖας</span> <span class='ocrx_word' id='word_1_152' title='bbox 1843 1935 1931 1989; x_wconf 79' lang='grc' dir='ltr'>καὶ</span> 
     </span>
    </p>
   </div>
   <div class='ocr_carea' id='block_1_22' title="bbox 288 2023 1929 2098">
    <p class='ocr_par' dir='ltr' id='par_1_22' title="bbox 288 2023 1929 2098">
     <span class='ocr_line' id='line_1_23' title="bbox 288 2023 1929 2098; baseline -0.002 -18"><span class='ocrx_word' id='word_1_153' title='bbox 288 2029 384 2081; x_wconf 85' lang='grc' dir='ltr'>τὸν</span> <span class='ocrx_word' id='word_1_154' title='bbox 411 2024 517 2096; x_wconf 74' lang='grc' dir='ltr'>ἤδη</span> <span class='ocrx_word' id='word_1_155' title='bbox 561 2025 1046 2098; x_wconf 73' lang='grc' dir='ltr'>πατριαρχεῦοντα.</span> <span class='ocrx_word' id='word_1_156' title='bbox 1109 2023 1262 2080; x_wconf 82' lang='grc' dir='ltr'>Ἀλλ’</span> <span class='ocrx_word' id='word_1_157' title='bbox 1323 2026 1350 2078; x_wconf 89' lang='lat'>6</span> <span class='ocrx_word' id='word_1_158' title='bbox 1404 2024 1650 2092; x_wconf 78' lang='grc' dir='ltr'>Ἰωάννης</span> <span class='ocrx_word' id='word_1_159' title='bbox 1695 2027 1804 2096; x_wconf 77' lang='grc' dir='ltr'>ἅμα</span> <span class='ocrx_word' id='word_1_160' title='bbox 1839 2024 1929 2096; x_wconf 68' lang='grc' dir='ltr'>μέν</span> 
     </span>
    </p>
   </div>
   <div class='ocr_carea' id='block_1_23' title="bbox 291 2109 1934 2189">
    <p class='ocr_par' dir='ltr' id='par_1_23' title="bbox 291 2109 1934 2189">
     <span class='ocr_line' id='line_1_24' title="bbox 291 2109 1934 2189; baseline -0.001 -22"><span class='ocrx_word' id='word_1_161' title='bbox 291 2113 451 2176; x_wconf 66' lang='grc' dir='ltr'>εῗδὼς</span> <span class='ocrx_word' id='word_1_162' title='bbox 479 2114 542 2168; x_wconf 85' lang='grc' dir='ltr'>τὸ</span> <span class='ocrx_word' id='word_1_163' title='bbox 594 2118 690 2168; x_wconf 74' lang='grc' dir='ltr'>τοῦ</span> <span class='ocrx_word' id='word_1_164' title='bbox 746 2115 943 2189; x_wconf 75' lang='grc' dir='ltr'>Ἰωσὴφ</span> <span class='ocrx_word' id='word_1_165' title='bbox 1003 2111 1215 2187; x_wconf 75' lang='grc' dir='ltr'>ἱλαρὸν,</span> <span class='ocrx_word' id='word_1_166' title='bbox 1269 2113 1357 2166; x_wconf 80' lang='grc' dir='ltr'>καὶ</span> <span class='ocrx_word' id='word_1_167' title='bbox 1399 2114 1471 2174; x_wconf 83' lang='grc' dir='ltr'>ὡς</span> <span class='ocrx_word' id='word_1_168' title='bbox 1531 2112 1692 2166; x_wconf 75' lang='grc' dir='ltr'>αὐτοῦ</span> <span class='ocrx_word' id='word_1_169' title='bbox 1740 2109 1934 2186; x_wconf 85' lang='grc' dir='ltr'>σχεδὸν</span> 
     </span>
    </p>
   </div>
   <div class='ocr_carea' id='block_1_24' title="bbox 289 2198 1934 2278">
    <p class='ocr_par' dir='ltr' id='par_1_24' title="bbox 289 2198 1934 2278">
     <span class='ocr_line' id='line_1_25' title="bbox 289 2198 1934 2278; baseline -0.002 -23"><span class='ocrx_word' id='word_1_170' title='bbox 289 2201 672 2278; x_wconf 70' lang='grc' dir='ltr'>ψηφισαμένου</span> <span class='ocrx_word' id='word_1_171' title='bbox 739 2199 940 2261; x_wconf 77' lang='grc' dir='ltr'>ἐκεῖνος</span> <span class='ocrx_word' id='word_1_172' title='bbox 1002 2201 1068 2254; x_wconf 80' lang='grc' dir='ltr'>τά</span> <span class='ocrx_word' id='word_1_173' title='bbox 1133 2198 1381 2270; x_wconf 80' lang='grc' dir='ltr'>πηδάλια</span> <span class='ocrx_word' id='word_1_174' title='bbox 1440 2207 1541 2268; x_wconf 81' lang='grc' dir='ltr'>τῆς</span> <span class='ocrx_word' id='word_1_175' title='bbox 1607 2199 1934 2269; x_wconf 77' lang='grc' dir='ltr'>Ἐκκλησίας</span> 
     </span>
    </p>
   </div>
   <div class='ocr_carea' id='block_1_25' title="bbox 290 2285 1934 2362">
    <p class='ocr_par' dir='ltr' id='par_1_25' title="bbox 290 2285 1934 2362">
     <span class='ocr_line' id='line_1_26' title="bbox 290 2285 1934 2362; baseline -0.003 -19"><span class='ocrx_word' id='word_1_176' title='bbox 290 2285 566 2361; x_wconf 76' lang='grc' dir='ltr'>ἐλάμϐανε</span> <span class='ocrx_word' id='word_1_177' title='bbox 595 2287 707 2358; x_wconf 80' lang='grc' dir='ltr'>(καὶ</span> <span class='ocrx_word' id='word_1_178' title='bbox 739 2289 844 2362; x_wconf 78' lang='grc' dir='ltr'>γάρ</span> <span class='ocrx_word' id='word_1_179' title='bbox 899 2289 997 2356; x_wconf 72' lang='grc' dir='ltr'>τὴν</span> <span class='ocrx_word' id='word_1_180' title='bbox 1058 2288 1149 2342; x_wconf 87' lang='grc' dir='ltr'>ἀπ’</span> <span class='ocrx_word' id='word_1_181' title='bbox 1206 2288 1412 2342; x_wconf 74' lang='grc' dir='ltr'>ἐκείνου</span> <span class='ocrx_word' id='word_1_182' title='bbox 1464 2286 1667 2362; x_wconf 75' lang='grc' dir='ltr'>βουλὴν</span> <span class='ocrx_word' id='word_1_183' title='bbox 1705 2285 1875 2349; x_wconf 89' lang='grc' dir='ltr'>θέλων</span> <span class='ocrx_word' id='word_1_184' title='bbox 1907 2287 1934 2339; x_wconf 85' lang='grc' dir='ltr'><strong>ὁ</strong></span> 
     </span>
    </p>
   </div>
   <div class='ocr_carea' id='block_1_26' title="bbox 289 2371 1934 2450">
    <p class='ocr_par' dir='ltr' id='par_1_26' title="bbox 289 2371 1934 2450">
     <span class='ocr_line' id='line_1_27' title="bbox 289 2371 1934 2450; baseline -0.002 -18"><span class='ocrx_word' id='word_1_185' title='bbox 289 2381 501 2450; x_wconf 80' lang='grc' dir='ltr'>κρατῶν</span> <span class='ocrx_word' id='word_1_186' title='bbox 592 2371 890 2447; x_wconf 78' lang='grc' dir='ltr'>λαμϐάνειν</span> <span class='ocrx_word' id='word_1_187' title='bbox 971 2376 1094 2450; x_wconf 70' lang='grc' dir='ltr'>περὶ</span> <span class='ocrx_word' id='word_1_188' title='bbox 1169 2377 1466 2450; x_wconf 79' lang='grc' dir='ltr'>προσώπου</span> <span class='ocrx_word' id='word_1_189' title='bbox 1535 2373 1934 2443; x_wconf 80' lang='grc' dir='ltr'>διεπυνθάνετο,</span> 
     </span>
    </p>
   </div>
   <div class='ocr_carea' id='block_1_27' title="bbox 288 2461 1936 2539">
    <p class='ocr_par' dir='ltr' id='par_1_27' title="bbox 288 2461 1936 2539">
     <span class='ocr_line' id='line_1_28' title="bbox 288 2461 1936 2539; baseline -0.004 -18"><span class='ocrx_word' id='word_1_190' title='bbox 288 2467 533 2526; x_wconf 75' lang='grc' dir='ltr'>κάκεῖνος</span> <span class='ocrx_word' id='word_1_191' title='bbox 588 2469 778 2518; x_wconf 70' lang='grc' dir='ltr'>τοῦτον</span> <span class='ocrx_word' id='word_1_192' title='bbox 835 2465 980 2538; x_wconf 79' lang='grc' dir='ltr'>παρά</span> <span class='ocrx_word' id='word_1_193' title='bbox 1037 2463 1164 2526; x_wconf 76' lang='grc' dir='ltr'>τοὺς</span> <span class='ocrx_word' id='word_1_194' title='bbox 1219 2463 1464 2524; x_wconf 74' lang='grc' dir='ltr'>πολλοὺς</span> <span class='ocrx_word' id='word_1_195' title='bbox 1524 2461 1798 2539; x_wconf 77' lang='grc' dir='ltr'>ἐξελέγετο</span> <span class='ocrx_word' id='word_1_196' title='bbox 1859 2463 1936 2524; x_wconf 86' lang='grc' dir='ltr'>ὡς</span> 
     </span>
    </p>
   </div>
   <div class='ocr_carea' id='block_1_28' title="bbox 288 2675 1939 2749">
    <p class='ocr_par' dir='ltr' id='par_1_28' title="bbox 288 2675 1939 2749">
     <span class='ocr_line' id='line_1_29' title="bbox 288 2675 1939 2749; baseline -0.003 -14"><span class='ocrx_word' id='word_1_197' title='bbox 288 2686 503 2736; x_wconf 88' lang='lat' dir='ltr'>terram</span> <span class='ocrx_word' id='word_1_198' title='bbox 563 2677 881 2749; x_wconf 82' lang='lat' dir='ltr'>quotannis</span> <span class='ocrx_word' id='word_1_199' title='bbox 929 2677 1156 2732; x_wconf 89' lang='lat' dir='ltr'>invecta</span> <span class='ocrx_word' id='word_1_200' title='bbox 1203 2694 1333 2732; x_wconf 89' lang='lat' dir='ltr'>eam</span> <span class='ocrx_word' id='word_1_201' title='bbox 1377 2677 1663 2745; x_wconf 80' lang='lat' dir='ltr'>vastabat,</span> <span class='ocrx_word' id='word_1_202' title='bbox 1709 2675 1939 2730; x_wconf 83' lang='lat' dir='ltr'>damnis</span> 
     </span>
    </p>
   </div>
   <div class='ocr_carea' id='block_1_29' title="bbox 295 2765 1928 2838">
    <p class='ocr_par' dir='ltr' id='par_1_29' title="bbox 295 2765 1928 2838">
     <span class='ocr_line' id='line_1_30' title="bbox 295 2765 1928 2838; baseline -0.004 -14"><span class='ocrx_word' id='word_1_203' title='bbox 295 2767 558 2824; x_wconf 81' lang='lat' dir='ltr'>afﬁciens</span> <span class='ocrx_word' id='word_1_204' title='bbox 607 2766 986 2838; x_wconf 84' lang='lat' dir='ltr'>ingentibus;</span> <span class='ocrx_word' id='word_1_205' title='bbox 1037 2765 1470 2822; x_wconf 77' lang='lat' dir='ltr'>nec,Gulielmo</span> <span class='ocrx_word' id='word_1_206' title='bbox 1503 2766 1758 2836; x_wconf 82' lang='lat' dir='ltr'>spatium</span> <span class='ocrx_word' id='word_1_207' title='bbox 1792 2781 1928 2834; x_wconf 89' lang='lat' dir='ltr'>pro-</span> 
     </span>
    </p>
   </div>
   <div class='ocr_carea' id='block_1_30' title="bbox 297 2853 1926 2927">
    <p class='ocr_par' dir='ltr' id='par_1_30' title="bbox 297 2853 1926 2927">
     <span class='ocr_line' id='line_1_31' title="bbox 297 2853 1926 2927; baseline -0.003 -16"><span class='ocrx_word' id='word_1_208' title='bbox 297 2872 464 2927; x_wconf 89' lang='lat' dir='ltr'>spere</span> <span class='ocrx_word' id='word_1_209' title='bbox 495 2855 810 2926; x_wconf 81' lang='lat' dir='ltr'>quidquam</span> <span class='ocrx_word' id='word_1_210' title='bbox 843 2854 1050 2926; x_wconf 85' lang='lat' dir='ltr'>agendi</span> <span class='ocrx_word' id='word_1_211' title='bbox 1103 2870 1168 2908; x_wconf 91' lang='lat' dir='ltr'>ac</span> <span class='ocrx_word' id='word_1_212' title='bbox 1217 2871 1288 2909; x_wconf 88' lang='lat' dir='ltr'>ne</span> <span class='ocrx_word' id='word_1_213' title='bbox 1338 2854 1660 2924; x_wconf 82' lang='lat' dir='ltr'>respirandi</span> <span class='ocrx_word' id='word_1_214' title='bbox 1694 2853 1926 2923; x_wconf 80' lang='lat' dir='ltr'>quldem</span> 
     </span>
    </p>
   </div>
   <div class='ocr_carea' id='block_1_31' title="bbox 298 2940 1927 3012">
    <p class='ocr_par' dir='ltr' id='par_1_31' title="bbox 298 2940 1927 3012">
     <span class='ocr_line' id='line_1_32' title="bbox 298 2940 1927 3012; baseline -0.002 -14"><span class='ocrx_word' id='word_1_215' title='bbox 298 2943 474 2998; x_wconf 80' lang='lat' dir='ltr'>dabat</span> <span class='ocrx_word' id='word_1_216' title='bbox 516 2941 696 2996; x_wconf 88' lang='lat' dir='ltr'>hostis</span> <span class='ocrx_word' id='word_1_217' title='bbox 729 2942 781 2996; x_wconf 92' lang='lat' dir='ltr'>ei</span> <span class='ocrx_word' id='word_1_218' title='bbox 810 2943 1116 3012; x_wconf 84' lang='lat' dir='ltr'>oppositus</span> <span class='ocrx_word' id='word_1_219' title='bbox 1161 2941 1411 3012; x_wconf 81' lang='lat' dir='ltr'>impiger</span> <span class='ocrx_word' id='word_1_220' title='bbox 1463 2941 1699 3006; x_wconf 88' lang='lat' dir='ltr'>lcarius,</span> <span class='ocrx_word' id='word_1_221' title='bbox 1729 2940 1927 3010; x_wconf 84' lang='lat' dir='ltr'>magni</span> 
     </span>
    </p>
   </div>
   <div class='ocr_carea' id='block_1_32' title="bbox 295 3029 1500 3101">
    <p class='ocr_par' dir='ltr' id='par_1_32' title="bbox 295 3029 1500 3101">
     <span class='ocr_line' id='line_1_33' title="bbox 295 3029 1500 3101; baseline -0.002 -16"><span class='ocrx_word' id='word_1_222' title='bbox 295 3032 414 3101; x_wconf 78' lang='lat' dir='ltr'>iam</span> <span class='ocrx_word' id='word_1_223' title='bbox 447 3030 610 3085; x_wconf 88' lang='lat' dir='ltr'>ducis</span> <span class='ocrx_word' id='word_1_224' title='bbox 641 3033 922 3100; x_wconf 79' lang='lat' dir='ltr'>potestate</span> <span class='ocrx_word' id='word_1_225' title='bbox 953 3029 1199 3084; x_wconf 82' lang='lat' dir='ltr'>classem</span> <span class='ocrx_word' id='word_1_226' title='bbox 1234 3033 1500 3084; x_wconf 89' lang='lat' dir='ltr'>ductans.</span> 
     </span>
    </p>
   </div>
   <div class='ocr_carea' id='block_1_33' title="bbox 358 3170 1855 3242">
    <p class='ocr_par' dir='ltr' id='par_1_33' title="bbox 358 3170 1855 3242">
     <span class='ocr_line' id='line_1_34' title="bbox 358 3170 1855 3242; baseline 0 -16"><span class='ocrx_word' id='word_1_227' title='bbox 358 3173 448 3227; x_wconf 89' lang='lat'>28.</span> <span class='ocrx_word' id='word_1_228' title='bbox 481 3175 686 3228; x_wconf 82' lang='lat' dir='ltr'>Rursus</span> <span class='ocrx_word' id='word_1_229' title='bbox 713 3171 778 3225; x_wconf 80' lang='lat' dir='ltr'>de</span> <span class='ocrx_word' id='word_1_230' title='bbox 805 3172 1198 3242; x_wconf 75' lang='lat' dir='ltr'>expatn&#39;archa</span> <span class='ocrx_word' id='word_1_231' title='bbox 1233 3170 1458 3241; x_wconf 84' lang='lat' dir='ltr'>Josepho</span> <span class='ocrx_word' id='word_1_232' title='bbox 1488 3177 1538 3225; x_wconf 79' lang='lat' dir='ltr'>et</span> <span class='ocrx_word' id='word_1_233' title='bbox 1570 3171 1635 3225; x_wconf 82' lang='lat' dir='ltr'>de</span> <span class='ocrx_word' id='word_1_234' title='bbox 1669 3175 1855 3226; x_wconf 72' lang='lat' dir='ltr'>Vacca.</span> 
     </span>
    </p>
   </div>
   <div class='ocr_carea' id='block_1_34' title="bbox 354 3293 1931 3366">
    <p class='ocr_par' dir='ltr' id='par_1_34' title="bbox 354 3293 1931 3366">
     <span class='ocr_line' id='line_1_35' title="bbox 354 3293 1931 3366; baseline -0.003 -14"><span class='ocrx_word' id='word_1_235' title='bbox 354 3295 694 3352; x_wconf 87' lang='lat' dir='ltr'>Diversante</span> <span class='ocrx_word' id='word_1_236' title='bbox 726 3312 912 3366; x_wconf 85' lang='lat' dir='ltr'>porro,</span> <span class='ocrx_word' id='word_1_237' title='bbox 943 3300 1009 3350; x_wconf 93' lang='lat' dir='ltr'>ut</span> <span class='ocrx_word' id='word_1_238' title='bbox 1040 3295 1259 3349; x_wconf 89' lang='lat' dir='ltr'>dictum</span> <span class='ocrx_word' id='word_1_239' title='bbox 1293 3299 1398 3364; x_wconf 89' lang='lat' dir='ltr'>est,</span> <span class='ocrx_word' id='word_1_240' title='bbox 1431 3295 1683 3365; x_wconf 89' lang='lat' dir='ltr'>Josepho</span> <span class='ocrx_word' id='word_1_241' title='bbox 1718 3293 1772 3348; x_wconf 90' lang='lat' dir='ltr'>in</span> <span class='ocrx_word' id='word_1_242' title='bbox 1804 3311 1931 3348; x_wconf 92' lang='lat' dir='ltr'>mo-</span> 
     </span>
    </p>
   </div>
   <div class='ocr_carea' id='block_1_35' title="bbox 288 3383 1926 3453">
    <p class='ocr_par' dir='ltr' id='par_1_35' title="bbox 288 3383 1926 3453">
     <span class='ocr_line' id='line_1_36' title="bbox 288 3383 1926 3453; baseline -0.002 -14"><span class='ocrx_word' id='word_1_243' title='bbox 288 3383 545 3439; x_wconf 87' lang='lat' dir='ltr'>nasterio</span> <span class='ocrx_word' id='word_1_244' title='bbox 579 3384 650 3437; x_wconf 90' lang='lat' dir='ltr'>ad</span> <span class='ocrx_word' id='word_1_245' title='bbox 681 3383 972 3453; x_wconf 87' lang='lat' dir='ltr'>Anaplum</span> <span class='ocrx_word' id='word_1_246' title='bbox 1023 3384 1159 3448; x_wconf 80' lang='lat' dir='ltr'>sito,</span> <span class='ocrx_word' id='word_1_247' title='bbox 1194 3385 1393 3436; x_wconf 87' lang='lat' dir='ltr'>morbo</span> <span class='ocrx_word' id='word_1_248' title='bbox 1425 3383 1739 3453; x_wconf 80' lang='lat' dir='ltr'>corripitur</span> <span class='ocrx_word' id='word_1_249' title='bbox 1769 3383 1926 3453; x_wconf 84' lang='lat' dir='ltr'>gravi</span> 
     </span>
    </p>
   </div>
   <div class='ocr_carea' id='block_1_36' title="bbox 287 3471 1928 3541">
    <p class='ocr_par' dir='ltr' id='par_1_36' title="bbox 287 3471 1928 3541">
     <span class='ocr_line' id='line_1_37' title="bbox 287 3471 1928 3541; baseline -0.001 -15"><span class='ocrx_word' id='word_1_250' title='bbox 287 3473 542 3526; x_wconf 86' lang='lat' dir='ltr'>Joannes</span> <span class='ocrx_word' id='word_1_251' title='bbox 600 3471 951 3541; x_wconf 86' lang='lat' dir='ltr'>patriarcha,</span> <span class='ocrx_word' id='word_1_252' title='bbox 993 3471 1214 3524; x_wconf 85' lang='lat' dir='ltr'>Veccus</span> <span class='ocrx_word' id='word_1_253' title='bbox 1269 3471 1571 3539; x_wconf 87' lang='lat' dir='ltr'>nimirum,</span> <span class='ocrx_word' id='word_1_254' title='bbox 1622 3471 1775 3524; x_wconf 93' lang='lat' dir='ltr'>idem</span> <span class='ocrx_word' id='word_1_255' title='bbox 1827 3472 1928 3541; x_wconf 86' lang='lat' dir='ltr'>qui</span> 
     </span>
    </p>
   </div>
   <div class='ocr_carea' id='block_1_37' title="bbox 293 3559 1925 3631">
    <p class='ocr_par' dir='ltr' id='par_1_37' title="bbox 293 3559 1925 3631">
     <span class='ocr_line' id='line_1_38' title="bbox 293 3559 1925 3631; baseline -0.001 -17"><span class='ocrx_word' id='word_1_256' title='bbox 293 3559 707 3631; x_wconf 80' lang='lat' dir='ltr'>chartophylax</span> <span class='ocrx_word' id='word_1_257' title='bbox 734 3560 895 3630; x_wconf 92' lang='lat' dir='ltr'>prius</span> <span class='ocrx_word' id='word_1_258' title='bbox 920 3560 1121 3613; x_wconf 81' lang='lat' dir='ltr'>fuerat.</span> <span class='ocrx_word' id='word_1_259' title='bbox 1149 3560 1252 3613; x_wconf 91' lang='lat' dir='ltr'>Per</span> <span class='ocrx_word' id='word_1_260' title='bbox 1273 3575 1401 3613; x_wconf 90' lang='lat' dir='ltr'>eum</span> <span class='ocrx_word' id='word_1_261' title='bbox 1427 3559 1767 3629; x_wconf 86' lang='lat' dir='ltr'>languorem</span> <span class='ocrx_word' id='word_1_262' title='bbox 1794 3576 1925 3613; x_wconf 90' lang='lat' dir='ltr'>cum</span> 
     </span>
    </p>
   </div>
   <div class='ocr_carea' id='block_1_38' title="bbox 292 3647 1928 3717">
    <p class='ocr_par' dir='ltr' id='par_1_38' title="bbox 292 3647 1928 3717">
     <span class='ocr_line' id='line_1_39' title="bbox 292 3647 1928 3717; baseline -0.001 -13"><span class='ocrx_word' id='word_1_263' title='bbox 292 3648 477 3704; x_wconf 88' lang='lat' dir='ltr'>multa</span> <span class='ocrx_word' id='word_1_264' title='bbox 505 3647 596 3702; x_wconf 88' lang='lat' dir='ltr'>vel</span> <span class='ocrx_word' id='word_1_265' title='bbox 629 3649 787 3702; x_wconf 77' lang='grc'>414</span> <span class='ocrx_word' id='word_1_266' title='bbox 815 3665 846 3701; x_wconf 92' lang='lat' dir='ltr'>a</span> <span class='ocrx_word' id='word_1_267' title='bbox 877 3647 1030 3702; x_wconf 91' lang='lat' dir='ltr'>malo</span> <span class='ocrx_word' id='word_1_268' title='bbox 1062 3648 1188 3717; x_wconf 88' lang='lat' dir='ltr'>ipso</span> <span class='ocrx_word' id='word_1_269' title='bbox 1218 3648 1306 3700; x_wconf 87' lang='lat' dir='ltr'>vel</span> <span class='ocrx_word' id='word_1_270' title='bbox 1339 3664 1371 3700; x_wconf 91' lang='lat' dir='ltr'>a</span> <span class='ocrx_word' id='word_1_271' title='bbox 1402 3648 1673 3700; x_wconf 86' lang='lat' dir='ltr'>remediis</span> <span class='ocrx_word' id='word_1_272' title='bbox 1719 3665 1928 3717; x_wconf 89' lang='lat' dir='ltr'>passus</span> 
     </span>
    </p>
   </div>
   <div class='ocr_carea' id='block_1_39' title="bbox 293 3737 1926 3806">
    <p class='ocr_par' dir='ltr' id='par_1_39' title="bbox 293 3737 1926 3806">
     <span class='ocr_line' id='line_1_40' title="bbox 293 3737 1926 3806; baseline -0.001 -14"><span class='ocrx_word' id='word_1_273' title='bbox 293 3737 639 3792; x_wconf 86' lang='lat' dir='ltr'>meliuscule</span> <span class='ocrx_word' id='word_1_274' title='bbox 680 3738 804 3806; x_wconf 91' lang='lat' dir='ltr'>jam</span> <span class='ocrx_word' id='word_1_275' title='bbox 861 3737 1072 3790; x_wconf 87' lang='lat' dir='ltr'>habere</span> <span class='ocrx_word' id='word_1_276' title='bbox 1120 3737 1431 3804; x_wconf 85' lang='lat' dir='ltr'>videretur,</span> <span class='ocrx_word' id='word_1_277' title='bbox 1467 3737 1707 3791; x_wconf 90' lang='lat' dir='ltr'>medicis</span> <span class='ocrx_word' id='word_1_278' title='bbox 1737 3737 1926 3791; x_wconf 87' lang='lat' dir='ltr'>visum</span> 
     </span>
    </p>
   </div>
   <div class='ocr_carea' id='block_1_40' title="bbox 292 3825 1926 3896">
    <p class='ocr_par' dir='ltr' id='par_1_40' title="bbox 292 3825 1926 3896">
     <span class='ocr_line' id='line_1_41' title="bbox 292 3825 1926 3896; baseline -0.001 -15"><span class='ocrx_word' id='word_1_279' title='bbox 292 3826 594 3882; x_wconf 82' lang='lat' dir='ltr'>transferri</span> <span class='ocrx_word' id='word_1_280' title='bbox 625 3842 842 3896; x_wconf 67' lang='lat' dir='ltr'>aegrum</span> <span class='ocrx_word' id='word_1_281' title='bbox 876 3830 1138 3895; x_wconf 81' lang='lat' dir='ltr'>oportere</span> <span class='ocrx_word' id='word_1_282' title='bbox 1169 3825 1224 3877; x_wconf 90' lang='lat' dir='ltr'>in</span> <span class='ocrx_word' id='word_1_283' title='bbox 1251 3826 1552 3878; x_wconf 83' lang='lat' dir='ltr'>seductum</span> <span class='ocrx_word' id='word_1_284' title='bbox 1580 3841 1612 3878; x_wconf 89' lang='lat' dir='ltr'>a</span> <span class='ocrx_word' id='word_1_285' title='bbox 1633 3827 1807 3880; x_wconf 82' lang='lat' dir='ltr'>turba</span> <span class='ocrx_word' id='word_1_286' title='bbox 1829 3843 1926 3880; x_wconf 87' lang='lat' dir='ltr'>ne-</span> 
     </span>
    </p>
   </div>
   <div class='ocr_carea' id='block_1_41' title="bbox 291 3913 1928 3984">
    <p class='ocr_par' dir='ltr' id='par_1_41' title="bbox 291 3913 1928 3984">
     <span class='ocr_line' id='line_1_42' title="bbox 291 3913 1928 3984; baseline -0.001 -16"><span class='ocrx_word' id='word_1_287' title='bbox 291 3915 580 3984; x_wconf 86' lang='lat' dir='ltr'>gotiorum</span> <span class='ocrx_word' id='word_1_288' title='bbox 607 3913 820 3979; x_wconf 90' lang='lat' dir='ltr'>locum,</span> <span class='ocrx_word' id='word_1_289' title='bbox 847 3913 946 3966; x_wconf 89' lang='lat' dir='ltr'>ubi</span> <span class='ocrx_word' id='word_1_290' title='bbox 979 3913 1165 3967; x_wconf 88' lang='lat' dir='ltr'>curari</span> <span class='ocrx_word' id='word_1_291' title='bbox 1201 3929 1301 3982; x_wconf 91' lang='lat' dir='ltr'>per</span> <span class='ocrx_word' id='word_1_292' title='bbox 1331 3913 1512 3966; x_wconf 85' lang='lat' dir='ltr'>otium</span> <span class='ocrx_word' id='word_1_293' title='bbox 1546 3913 1928 3982; x_wconf 82' lang='lat' dir='ltr'>posset,nulla</span> 
     </span>
    </p>
   </div>
   <div class='ocr_carea' id='block_1_42' title="bbox 288 4000 1928 4072">
    <p class='ocr_par' dir='ltr' id='par_1_42' title="bbox 288 4000 1928 4072">
     <span class='ocr_line' id='line_1_43' title="bbox 288 4000 1928 4072; baseline -0.002 -15"><span class='ocrx_word' id='word_1_294' title='bbox 288 4001 697 4072; x_wconf 87' lang='lat' dir='ltr'>interpellante</span> <span class='ocrx_word' id='word_1_295' title='bbox 754 4000 1022 4055; x_wconf 80' lang='lat' dir='ltr'>molestia</span> <span class='ocrx_word' id='word_1_296' title='bbox 1079 4001 1549 4072; x_wconf 91' lang='lat' dir='ltr'>quotidianarum</span> <span class='ocrx_word' id='word_1_297' title='bbox 1603 4003 1928 4071; x_wconf 88' lang='lat' dir='ltr'>occupatio-</span> 
     </span>
    </p>
   </div>
   <div class='ocr_carea' id='block_1_43' title="bbox 293 4088 1926 4158">
    <p class='ocr_par' dir='ltr' id='par_1_43' title="bbox 293 4088 1926 4158">
     <span class='ocr_line' id='line_1_44' title="bbox 293 4088 1926 4158; baseline -0.002 -13"><span class='ocrx_word' id='word_1_298' title='bbox 293 4106 452 4145; x_wconf 91' lang='lat' dir='ltr'>num.</span> <span class='ocrx_word' id='word_1_299' title='bbox 477 4093 858 4143; x_wconf 86' lang='lat' dir='ltr'>Decreverant</span> <span class='ocrx_word' id='word_1_300' title='bbox 887 4093 1082 4142; x_wconf 89' lang='lat' dir='ltr'>autem</span> <span class='ocrx_word' id='word_1_301' title='bbox 1109 4089 1165 4142; x_wconf 90' lang='lat' dir='ltr'>in</span> <span class='ocrx_word' id='word_1_302' title='bbox 1189 4089 1301 4142; x_wconf 88' lang='lat' dir='ltr'>ista</span> <span class='ocrx_word' id='word_1_303' title='bbox 1321 4088 1370 4142; x_wconf 88' lang='lat' dir='ltr'>ei</span> <span class='ocrx_word' id='word_1_304' title='bbox 1395 4089 1586 4158; x_wconf 84' lang='lat' dir='ltr'>quiete</span> <span class='ocrx_word' id='word_1_305' title='bbox 1618 4089 1926 4158; x_wconf 90' lang='lat' dir='ltr'>propinare</span> 
     </span>
    </p>
   </div>
   <div class='ocr_carea' id='block_1_44' title="bbox 290 4176 1927 4250">
    <p class='ocr_par' dir='ltr' id='par_1_44' title="bbox 290 4176 1927 4250">
     <span class='ocr_line' id='line_1_45' title="bbox 290 4176 1927 4250; baseline -0.002 -17"><span class='ocrx_word' id='word_1_306' title='bbox 290 4177 601 4250; x_wconf 87' lang='lat' dir='ltr'>purgantia</span> <span class='ocrx_word' id='word_1_307' title='bbox 631 4177 900 4247; x_wconf 80' lang='lat' dir='ltr'>quaedam</span> <span class='ocrx_word' id='word_1_308' title='bbox 933 4177 1267 4246; x_wconf 72' lang='lat' dir='ltr'>pharmace,</span> <span class='ocrx_word' id='word_1_309' title='bbox 1295 4177 1484 4231; x_wconf 89' lang='lat' dir='ltr'>morbi</span> <span class='ocrx_word' id='word_1_310' title='bbox 1513 4177 1780 4230; x_wconf 82' lang='lat' dir='ltr'>videlicet</span> <span class='ocrx_word' id='word_1_311' title='bbox 1801 4176 1927 4231; x_wconf 88' lang='lat' dir='ltr'>reli-</span> 
     </span>
    </p>
   </div>
   <div class='ocr_carea' id='block_1_45' title="bbox 288 4264 1922 4338">
    <p class='ocr_par' dir='ltr' id='par_1_45' title="bbox 288 4264 1922 4338">
     <span class='ocr_line' id='line_1_46' title="bbox 288 4264 1922 4338; baseline -0.002 -17"><span class='ocrx_word' id='word_1_312' title='bbox 288 4267 456 4338; x_wconf 88' lang='lat' dir='ltr'>quias</span> <span class='ocrx_word' id='word_1_313' title='bbox 490 4270 546 4320; x_wconf 91' lang='lat' dir='ltr'>et</span> <span class='ocrx_word' id='word_1_314' title='bbox 574 4265 777 4320; x_wconf 84' lang='lat' dir='ltr'>noxios</span> <span class='ocrx_word' id='word_1_315' title='bbox 825 4264 1103 4318; x_wconf 87' lang='lat' dir='ltr'>humores</span> <span class='ocrx_word' id='word_1_316' title='bbox 1133 4265 1260 4334; x_wconf 86' lang='lat' dir='ltr'>ejus</span> <span class='ocrx_word' id='word_1_317' title='bbox 1292 4281 1498 4319; x_wconf 84' lang='lat' dir='ltr'>causas</span> <span class='ocrx_word' id='word_1_318' title='bbox 1532 4265 1797 4319; x_wconf 83' lang='lat' dir='ltr'>funditus</span> <span class='ocrx_word' id='word_1_319' title='bbox 1827 4281 1922 4318; x_wconf 84' lang='lat' dir='ltr'>ex-</span> 
     </span>
    </p>
   </div>
   <div class='ocr_carea' id='block_1_46' title="bbox 285 4354 1923 4423">
    <p class='ocr_par' dir='ltr' id='par_1_46' title="bbox 285 4354 1923 4423">
     <span class='ocr_line' id='line_1_47' title="bbox 285 4354 1923 4423; baseline -0.001 -15"><span class='ocrx_word' id='word_1_320' title='bbox 285 4355 588 4411; x_wconf 87' lang='lat' dir='ltr'>haustura.</span> <span class='ocrx_word' id='word_1_321' title='bbox 624 4356 898 4408; x_wconf 84' lang='lat' dir='ltr'>Secessus</span> <span class='ocrx_word' id='word_1_322' title='bbox 931 4370 1099 4422; x_wconf 89' lang='lat' dir='ltr'>porro</span> <span class='ocrx_word' id='word_1_323' title='bbox 1132 4354 1202 4406; x_wconf 92' lang='lat' dir='ltr'>ad</span> <span class='ocrx_word' id='word_1_324' title='bbox 1231 4370 1356 4407; x_wconf 89' lang='lat' dir='ltr'>eam</span> <span class='ocrx_word' id='word_1_325' title='bbox 1405 4370 1523 4407; x_wconf 91' lang='lat' dir='ltr'>rem</span> <span class='ocrx_word' id='word_1_326' title='bbox 1580 4354 1923 4423; x_wconf 83' lang='lat' dir='ltr'>aptissimus</span> 
     </span>
    </p>
   </div>
   <div class='ocr_carea' id='block_1_47' title="bbox 284 4439 1923 4513">
    <p class='ocr_par' dir='ltr' id='par_1_47' title="bbox 284 4439 1923 4513">
     <span class='ocr_line' id='line_1_48' title="bbox 284 4439 1923 4513; baseline -0.001 -16"><span class='ocrx_word' id='word_1_327' title='bbox 284 4443 475 4497; x_wconf 89' lang='lat' dir='ltr'>Laura</span> <span class='ocrx_word' id='word_1_328' title='bbox 495 4443 813 4513; x_wconf 86' lang='lat' dir='ltr'>putabatur</span> <span class='ocrx_word' id='word_1_329' title='bbox 829 4442 1030 4496; x_wconf 87' lang='lat' dir='ltr'>eadem</span> <span class='ocrx_word' id='word_1_330' title='bbox 1055 4439 1154 4493; x_wconf 88' lang='lat' dir='ltr'>illa</span> <span class='ocrx_word' id='word_1_331' title='bbox 1176 4441 1271 4493; x_wconf 92' lang='lat' dir='ltr'>ubi</span> <span class='ocrx_word' id='word_1_332' title='bbox 1297 4441 1546 4512; x_wconf 85' lang='lat' dir='ltr'>degebat</span> <span class='ocrx_word' id='word_1_333' title='bbox 1568 4443 1662 4510; x_wconf 88' lang='lat' dir='ltr'>qui</span> <span class='ocrx_word' id='word_1_334' title='bbox 1687 4443 1923 4512; x_wconf 84' lang='lat' dir='ltr'>patriar-</span> 
     </span>
    </p>
   </div>
   <div class='ocr_carea' id='block_1_48' title="bbox 281 4513 1994 4599">
    <p class='ocr_par' dir='ltr' id='par_1_48' title="bbox 281 4513 1994 4599">
     <span class='ocr_line' id='line_1_49' title="bbox 281 4513 1994 4599; baseline -0.005 -13"><span class='ocrx_word' id='word_1_335' title='bbox 281 4531 392 4586; x_wconf 87' lang='lat' dir='ltr'>cha</span> <span class='ocrx_word' id='word_1_336' title='bbox 449 4530 637 4585; x_wconf 84' lang='lat' dir='ltr'>fuerat</span> <span class='ocrx_word' id='word_1_337' title='bbox 683 4529 990 4599; x_wconf 85' lang='lat' dir='ltr'>Josephus,</span> <span class='ocrx_word' id='word_1_338' title='bbox 1024 4544 1196 4598; x_wconf 88' lang='lat' dir='ltr'>quem</span> <span class='ocrx_word' id='word_1_339' title='bbox 1246 4528 1374 4582; x_wconf 92' lang='lat' dir='ltr'>ideo</span> <span class='ocrx_word' id='word_1_340' title='bbox 1425 4529 1738 4598; x_wconf 87' lang='lat' dir='ltr'>imperator</span> <span class='ocrx_word' id='word_1_341' title='bbox 1781 4529 1918 4584; x_wconf 87' lang='lat' dir='ltr'>alibi</span> <span class='ocrx_word' id='word_1_342' title='bbox 1952 4513 1994 4578; x_wconf 75' lang='grc' dir='ltr'>Ι)</span> 
     </span>
    </p>
   </div>
   <div class='ocr_carea' id='block_1_49' title="bbox 281 4617 1914 4680">
    <p class='ocr_par' dir='ltr' id='par_1_49' title="bbox 281 4617 1914 4680">
     <span class='ocr_line' id='line_1_50' title="bbox 281 4617 1914 4680; baseline -0.001 -7"><span class='ocrx_word' id='word_1_343' title='bbox 281 4619 565 4674; x_wconf 90' lang='lat' dir='ltr'>collocare</span> <span class='ocrx_word' id='word_1_344' title='bbox 594 4617 1061 4680; x_wconf 84' lang='lat' dir='ltr'>statuerat,haud</span> <span class='ocrx_word' id='word_1_345' title='bbox 1085 4621 1538 4671; x_wconf 87' lang='lat' dir='ltr'>consentaneum</span> <span class='ocrx_word' id='word_1_346' title='bbox 1573 4618 1914 4672; x_wconf 80' lang='lat' dir='ltr'>existimans</span> 
     </span>
    </p>
   </div>
   <div class='ocr_carea' id='block_1_50' title="bbox 280 4704 1913 4776">
    <p class='ocr_par' dir='ltr' id='par_1_50' title="bbox 280 4704 1913 4776">
     <span class='ocr_line' id='line_1_51' title="bbox 280 4704 1913 4776; baseline -0.001 -14"><span class='ocrx_word' id='word_1_347' title='bbox 280 4709 484 4762; x_wconf 90' lang='lat' dir='ltr'>eodem</span> <span class='ocrx_word' id='word_1_348' title='bbox 545 4705 825 4776; x_wconf 87' lang='lat' dir='ltr'>hospitari</span> <span class='ocrx_word' id='word_1_349' title='bbox 883 4704 1176 4758; x_wconf 89' lang='lat' dir='ltr'>domicilio</span> <span class='ocrx_word' id='word_1_350' title='bbox 1224 4706 1581 4759; x_wconf 86' lang='lat' dir='ltr'>decessorem</span> <span class='ocrx_word' id='word_1_351' title='bbox 1617 4720 1913 4760; x_wconf 87' lang='lat' dir='ltr'>successo-</span> 
     </span>
    </p>
   </div>
   <div class='ocr_carea' id='block_1_51' title="bbox 281 4792 1917 4864">
    <p class='ocr_par' dir='ltr' id='par_1_51' title="bbox 281 4792 1917 4864">
     <span class='ocr_line' id='line_1_52' title="bbox 281 4792 1917 4864; baseline -0.002 -15"><span class='ocrx_word' id='word_1_352' title='bbox 281 4810 521 4864; x_wconf 89' lang='lat' dir='ltr'>remque</span> <span class='ocrx_word' id='word_1_353' title='bbox 551 4793 1000 4864; x_wconf 87' lang='lat' dir='ltr'>patriarchatus.</span> <span class='ocrx_word' id='word_1_354' title='bbox 1030 4794 1236 4848; x_wconf 87' lang='lat' dir='ltr'>Verum</span> <span class='ocrx_word' id='word_1_355' title='bbox 1269 4792 1522 4846; x_wconf 83' lang='lat' dir='ltr'>Joannes</span> <span class='ocrx_word' id='word_1_356' title='bbox 1557 4792 1732 4846; x_wconf 88' lang='lat' dir='ltr'>simul</span> <span class='ocrx_word' id='word_1_357' title='bbox 1766 4809 1917 4847; x_wconf 91' lang='lat' dir='ltr'>com-</span> 
     </span>
    </p>
   </div>
   <div class='ocr_carea' id='block_1_52' title="bbox 278 4880 1914 4953">
    <p class='ocr_par' dir='ltr' id='par_1_52' title="bbox 278 4880 1914 4953">
     <span class='ocr_line' id='line_1_53' title="bbox 278 4880 1914 4953; baseline -0.001 -16"><span class='ocrx_word' id='word_1_358' title='bbox 278 4887 503 4953; x_wconf 89' lang='lat' dir='ltr'>pertam</span> <span class='ocrx_word' id='word_1_359' title='bbox 535 4881 757 4936; x_wconf 87' lang='lat' dir='ltr'>habens</span> <span class='ocrx_word' id='word_1_360' title='bbox 789 4896 1010 4936; x_wconf 90' lang='lat' dir='ltr'>comem</span> <span class='ocrx_word' id='word_1_361' title='bbox 1051 4880 1415 4950; x_wconf 89' lang='lat' dir='ltr'>hilaremque</span> <span class='ocrx_word' id='word_1_362' title='bbox 1461 4881 1692 4950; x_wconf 86' lang='lat' dir='ltr'>Josephi</span> <span class='ocrx_word' id='word_1_363' title='bbox 1745 4881 1914 4935; x_wconf 89' lang='lat' dir='ltr'>indo-</span> 
     </span>
    </p>
   </div>
   <div class='ocr_carea' id='block_1_53' title="bbox 277 4967 1914 5040">
    <p class='ocr_par' dir='ltr' id='par_1_53' title="bbox 277 4967 1914 5040">
     <span class='ocr_line' id='line_1_54' title="bbox 277 4967 1914 5040; baseline -0.001 -14"><span class='ocrx_word' id='word_1_364' title='bbox 277 4969 599 5036; x_wconf 89' lang='lat' dir='ltr'>lem,simul</span> <span class='ocrx_word' id='word_1_365' title='bbox 622 4969 890 5025; x_wconf 88' lang='lat' dir='ltr'>conscius</span> <span class='ocrx_word' id='word_1_366' title='bbox 913 4969 1041 5039; x_wconf 91' lang='lat' dir='ltr'>ipso</span> <span class='ocrx_word' id='word_1_367' title='bbox 1063 4973 1287 5022; x_wconf 90' lang='lat' dir='ltr'>tantum</span> <span class='ocrx_word' id='word_1_368' title='bbox 1314 4985 1426 5022; x_wconf 89' lang='lat' dir='ltr'>non</span> <span class='ocrx_word' id='word_1_369' title='bbox 1443 4967 1593 5022; x_wconf 88' lang='lat' dir='ltr'>clare</span> <span class='ocrx_word' id='word_1_370' title='bbox 1609 4969 1914 5040; x_wconf 88' lang='lat' dir='ltr'>palamque</span> 
     </span>
    </p>
   </div>
   <div class='ocr_carea' id='block_1_54' title="bbox 277 5055 1914 5130">
    <p class='ocr_par' dir='ltr' id='par_1_54' title="bbox 277 5055 1914 5130">
     <span class='ocr_line' id='line_1_55' title="bbox 277 5055 1914 5130; baseline -0.001 -17"><span class='ocrx_word' id='word_1_371' title='bbox 277 5060 633 5130; x_wconf 74' lang='lat' dir='ltr'>suffragante</span> <span class='ocrx_word' id='word_1_372' title='bbox 665 5074 792 5112; x_wconf 89' lang='lat' dir='ltr'>sese</span> <span class='ocrx_word' id='word_1_373' title='bbox 821 5073 1005 5126; x_wconf 89' lang='lat' dir='ltr'>nuper</span> <span class='ocrx_word' id='word_1_374' title='bbox 1028 5057 1097 5110; x_wconf 88' lang='lat' dir='ltr'>ad</span> <span class='ocrx_word' id='word_1_375' title='bbox 1121 5055 1390 5110; x_wconf 73' lang='lat' dir='ltr'>Ecclesiae</span> <span class='ocrx_word' id='word_1_376' title='bbox 1422 5057 1601 5109; x_wconf 77' lang='lat' dir='ltr'>fuisse</span> <span class='ocrx_word' id='word_1_377' title='bbox 1632 5057 1914 5127; x_wconf 87' lang='lat' dir='ltr'>guberna-</span> 
     </span>
    </p>
   </div>
   <div class='ocr_carea' id='block_1_55' title="bbox 275 5143 1911 5217">
    <p class='ocr_par' dir='ltr' id='par_1_55' title="bbox 275 5143 1911 5217">
     <span class='ocr_line' id='line_1_56' title="bbox 275 5143 1911 5217; baseline -0.001 -16"><span class='ocrx_word' id='word_1_378' title='bbox 275 5147 407 5201; x_wconf 89' lang='lat' dir='ltr'>cula</span> <span class='ocrx_word' id='word_1_379' title='bbox 437 5150 767 5217; x_wconf 84' lang='lat' dir='ltr'>promotum</span> <span class='ocrx_word' id='word_1_380' title='bbox 787 5144 1027 5213; x_wconf 90' lang='lat' dir='ltr'>(etenim</span> <span class='ocrx_word' id='word_1_381' title='bbox 1058 5144 1295 5214; x_wconf 89' lang='lat' dir='ltr'>Josephi</span> <span class='ocrx_word' id='word_1_382' title='bbox 1331 5143 1672 5199; x_wconf 88' lang='lat' dir='ltr'>sententiam</span> <span class='ocrx_word' id='word_1_383' title='bbox 1695 5146 1763 5197; x_wconf 89' lang='lat' dir='ltr'>de</span> <span class='ocrx_word' id='word_1_384' title='bbox 1781 5162 1911 5199; x_wconf 88' lang='lat' dir='ltr'>suc-</span> 
     </span>
    </p>
   </div>
   <div class='ocr_carea' id='block_1_56' title="bbox 274 5232 1913 5302">
    <p class='ocr_par' dir='ltr' id='par_1_56' title="bbox 274 5232 1913 5302">
     <span class='ocr_line' id='line_1_57' title="bbox 274 5232 1913 5302; baseline -0.003 -12"><span class='ocrx_word' id='word_1_385' title='bbox 274 5251 503 5290; x_wconf 89' lang='lat' dir='ltr'>cessore</span> <span class='ocrx_word' id='word_1_386' title='bbox 560 5233 760 5288; x_wconf 89' lang='lat' dir='ltr'>volens</span> <span class='ocrx_word' id='word_1_387' title='bbox 820 5233 1136 5302; x_wconf 87' lang='lat' dir='ltr'>imperator</span> <span class='ocrx_word' id='word_1_388' title='bbox 1188 5232 1506 5302; x_wconf 85' lang='lat' dir='ltr'>explorare,</span> <span class='ocrx_word' id='word_1_389' title='bbox 1539 5232 1913 5286; x_wconf 86' lang='lat' dir='ltr'>consuluerat</span> 
     </span>
    </p>
   </div>
   <div class='ocr_carea' id='block_1_57' title="bbox 271 5319 1905 5393">
    <p class='ocr_par' dir='ltr' id='par_1_57' title="bbox 271 5319 1905 5393">
     <span class='ocr_line' id='line_1_58' title="bbox 271 5319 1905 5393; baseline -0.002 -15"><span class='ocrx_word' id='word_1_390' title='bbox 271 5341 405 5379; x_wconf 87' lang='lat' dir='ltr'>eum</span> <span class='ocrx_word' id='word_1_391' title='bbox 439 5326 508 5377; x_wconf 92' lang='lat' dir='ltr'>de</span> <span class='ocrx_word' id='word_1_392' title='bbox 543 5337 790 5393; x_wconf 89' lang='lat' dir='ltr'>persona</span> <span class='ocrx_word' id='word_1_393' title='bbox 821 5337 994 5390; x_wconf 76' lang='lat' dir='ltr'>quam</span> <span class='ocrx_word' id='word_1_394' title='bbox 1030 5319 1080 5373; x_wconf 92' lang='lat' dir='ltr'>ei</span> <span class='ocrx_word' id='word_1_395' title='bbox 1115 5320 1338 5374; x_wconf 88' lang='lat' dir='ltr'>muneri</span> <span class='ocrx_word' id='word_1_396' title='bbox 1375 5325 1569 5390; x_wconf 85' lang='lat' dir='ltr'>aptam</span> <span class='ocrx_word' id='word_1_397' title='bbox 1594 5321 1905 5390; x_wconf 80' lang='lat' dir='ltr'>judicaret;</span> 
     </span>
    </p>
   </div>
   <div class='ocr_carea' id='block_1_58' title="bbox 269 5408 1909 5482">
    <p class='ocr_par' dir='ltr' id='par_1_58' title="bbox 269 5408 1909 5482">
     <span class='ocr_line' id='line_1_59' title="bbox 269 5408 1909 5482; baseline -0.004 -13"><span class='ocrx_word' id='word_1_398' title='bbox 269 5419 323 5470; x_wconf 89' lang='lat' dir='ltr'>et</span> <span class='ocrx_word' id='word_1_399' title='bbox 354 5411 650 5482; x_wconf 89' lang='lat' dir='ltr'>Josephus</span> <span class='ocrx_word' id='word_1_400' title='bbox 679 5408 930 5463; x_wconf 83' lang='lat' dir='ltr'>Veccum</span> <span class='ocrx_word' id='word_1_401' title='bbox 981 5426 1095 5478; x_wconf 71' lang='lat' dir='ltr'>pra:</span> <span class='ocrx_word' id='word_1_402' title='bbox 1146 5409 1342 5462; x_wconf 85' lang='lat' dir='ltr'>multis</span> <span class='ocrx_word' id='word_1_403' title='bbox 1373 5411 1441 5463; x_wconf 90' lang='lat' dir='ltr'>ad</span> <span class='ocrx_word' id='word_1_404' title='bbox 1479 5410 1531 5462; x_wconf 95' lang='lat' dir='ltr'>id</span> <span class='ocrx_word' id='word_1_405' title='bbox 1568 5410 1818 5481; x_wconf 82' lang='lat' dir='ltr'>elegerat</span> <span class='ocrx_word' id='word_1_406' title='bbox 1848 5423 1909 5463; x_wconf 85' lang='lat' dir='ltr'>ut</span> 
     </span>
    </p>
   </div>
   <div class='ocr_carea' id='block_1_59' title="bbox 267 5497 1904 5570">
    <p class='ocr_par' dir='ltr' id='par_1_59' title="bbox 267 5497 1904 5570">
     <span class='ocr_line' id='line_1_60' title="bbox 267 5497 1904 5570; baseline -0.002 -14"><span class='ocrx_word' id='word_1_407' title='bbox 267 5507 326 5556; x_wconf 89' lang='lat' dir='ltr'>et</span> <span class='ocrx_word' id='word_1_408' title='bbox 351 5499 571 5570; x_wconf 91' lang='lat' dir='ltr'>alioqui</span> <span class='ocrx_word' id='word_1_409' title='bbox 595 5499 880 5552; x_wconf 86' lang='lat' dir='ltr'>disertum</span> <span class='ocrx_word' id='word_1_410' title='bbox 900 5514 964 5552; x_wconf 89' lang='lat' dir='ltr'>ac</span> <span class='ocrx_word' id='word_1_411' title='bbox 983 5497 1519 5569; x_wconf 71' lang='lat' dir='ltr'>doctum,prreterea</span> <span class='ocrx_word' id='word_1_412' title='bbox 1543 5499 1904 5568; x_wconf 83' lang='lat' dir='ltr'>negotiorum</span> 
     </span>
    </p>
   </div>
   <div class='ocr_carea' id='block_1_60' title="bbox 267 5586 1902 5657">
    <p class='ocr_par' dir='ltr' id='par_1_60' title="bbox 267 5586 1902 5657">
     <span class='ocr_line' id='line_1_61' title="bbox 267 5586 1902 5657; baseline -0.002 -12"><span class='ocrx_word' id='word_1_413' title='bbox 267 5586 774 5645; x_wconf 87' lang='lat' dir='ltr'>administratione</span> <span class='ocrx_word' id='word_1_414' title='bbox 831 5586 1053 5655; x_wconf 90' lang='lat' dir='ltr'>tritum,</span> <span class='ocrx_word' id='word_1_415' title='bbox 1107 5586 1358 5657; x_wconf 88' lang='lat' dir='ltr'>denique</span> <span class='ocrx_word' id='word_1_416' title='bbox 1419 5592 1625 5657; x_wconf 68' lang='lat' dir='ltr'>praeter</span> <span class='ocrx_word' id='word_1_417' title='bbox 1679 5593 1902 5654; x_wconf 70' lang='lat' dir='ltr'>caetera,</span> 
     </span>
    </p>
   </div>
   <div class='ocr_carea' id='block_1_61' title="bbox 2059 529 3690 620">
    <p class='ocr_par' dir='ltr' id='par_1_61' title="bbox 2059 529 3690 620">
     <span class='ocr_line' id='line_1_62' title="bbox 2059 529 3690 620; baseline 0.01 -38"><span class='ocrx_word' id='word_1_418' title='bbox 2059 530 2150 602; x_wconf 71' lang='grc' dir='ltr'>μὲν</span> <span class='ocrx_word' id='word_1_419' title='bbox 2212 529 2305 584; x_wconf 79' lang='grc' dir='ltr'>οὖν</span> <span class='ocrx_word' id='word_1_420' title='bbox 2363 532 2451 586; x_wconf 77' lang='grc' dir='ltr'>διὰ</span> <span class='ocrx_word' id='word_1_421' title='bbox 2496 538 2680 606; x_wconf 78' lang='grc' dir='ltr'>ταῦτα,</span> <span class='ocrx_word' id='word_1_422' title='bbox 2743 534 2853 608; x_wconf 77' lang='grc' dir='ltr'>ἅμα</span> <span class='ocrx_word' id='word_1_423' title='bbox 2913 534 2968 591; x_wconf 74' lang='grc' dir='ltr'>δὲ</span> <span class='ocrx_word' id='word_1_424' title='bbox 3024 541 3112 592; x_wconf 80' lang='grc' dir='ltr'>καὶ</span> <span class='ocrx_word' id='word_1_425' title='bbox 3161 545 3240 611; x_wconf 78' lang='grc' dir='ltr'>τῷ</span> <span class='ocrx_word' id='word_1_426' title='bbox 3295 541 3393 608; x_wconf 74' lang='grc' dir='ltr'>τῆς</span> <span class='ocrx_word' id='word_1_427' title='bbox 3435 545 3690 620; x_wconf 73' lang='grc' dir='ltr'>σφετέρας</span> 
     </span>
    </p>
   </div>
   <div class='ocr_carea' id='block_1_62' title="bbox 2049 619 3690 701">
    <p class='ocr_par' dir='ltr' id='par_1_62' title="bbox 2049 619 3690 701">
     <span class='ocr_line' id='line_1_63' title="bbox 2049 619 3690 701; baseline 0.01 -32"><span class='ocrx_word' id='word_1_428' title='bbox 2049 619 2277 693; x_wconf 83' lang='grc' dir='ltr'>γνώμης</span> <span class='ocrx_word' id='word_1_429' title='bbox 2318 620 2584 676; x_wconf 76' lang='grc' dir='ltr'>πιστεύων</span> <span class='ocrx_word' id='word_1_430' title='bbox 2637 622 2915 698; x_wconf 65' lang='grc' dir='ltr'>εἴρηνικῷ,</span> <span class='ocrx_word' id='word_1_431' title='bbox 2981 624 3275 682; x_wconf 75' lang='grc' dir='ltr'>διεκώλυσε</span> <span class='ocrx_word' id='word_1_432' title='bbox 3326 630 3418 701; x_wconf 74' lang='grc' dir='ltr'>μὲν</span> <span class='ocrx_word' id='word_1_433' title='bbox 3451 631 3540 685; x_wconf 87' lang='grc' dir='ltr'>τὸν</span> <span class='ocrx_word' id='word_1_434' title='bbox 3575 634 3690 688; x_wconf 84' lang='grc' dir='ltr'>Ἰω-</span> 
     </span>
    </p>
   </div>
   <div class='ocr_carea' id='block_1_63' title="bbox 2049 708 3695 781">
    <p class='ocr_par' dir='ltr' id='par_1_63' title="bbox 2049 708 3695 781">
     <span class='ocr_line' id='line_1_64' title="bbox 2049 708 3695 781; baseline 0.01 -22"><span class='ocrx_word' id='word_1_435' title='bbox 2049 708 2158 781; x_wconf 73' lang='grc' dir='ltr'>σήφ</span> <span class='ocrx_word' id='word_1_436' title='bbox 2221 709 2622 780; x_wconf 66' lang='grc' dir='ltr'>μετατίθεσθαι,</span> <span class='ocrx_word' id='word_1_437' title='bbox 2681 711 2822 765; x_wconf 73' lang='grc' dir='ltr'>οὕτω</span> <span class='ocrx_word' id='word_1_438' title='bbox 2882 710 2927 766; x_wconf 81' lang='grc' dir='ltr'>δ’</span> <span class='ocrx_word' id='word_1_439' title='bbox 2980 711 3132 776; x_wconf 81' lang='grc' dir='ltr'>ὄντος</span> <span class='ocrx_word' id='word_1_440' title='bbox 3190 716 3361 771; x_wconf 80' lang='grc' dir='ltr'>ἐκεῖσε</span> <span class='ocrx_word' id='word_1_441' title='bbox 3409 718 3695 781; x_wconf 78' lang='grc' dir='ltr'>καίαὖτὸς</span> 
     </span>
    </p>
   </div>
   <div class='ocr_carea' id='block_1_64' title="bbox 2047 794 3693 881">
    <p class='ocr_par' dir='ltr' id='par_1_64' title="bbox 2047 794 3693 881">
     <span class='ocr_line' id='line_1_65' title="bbox 2047 794 3693 881; baseline 0.011 -35"><span class='ocrx_word' id='word_1_442' title='bbox 2047 797 2114 866; x_wconf 81' lang='grc' dir='ltr'>τῇ</span> <span class='ocrx_word' id='word_1_443' title='bbox 2152 799 2290 869; x_wconf 79' lang='grc' dir='ltr'>μονῇ</span> <span class='ocrx_word' id='word_1_444' title='bbox 2325 794 2570 868; x_wconf 65' lang='grc' dir='ltr'>ἐειδημεῖ,</span> <span class='ocrx_word' id='word_1_445' title='bbox 2603 800 2691 852; x_wconf 81' lang='grc' dir='ltr'>καὶ</span> <span class='ocrx_word' id='word_1_446' title='bbox 2721 801 2787 868; x_wconf 77' lang='grc' dir='ltr'>ἦν</span> <span class='ocrx_word' id='word_1_447' title='bbox 2846 802 2907 855; x_wconf 89' lang='grc' dir='ltr'>τὸ</span> <span class='ocrx_word' id='word_1_448' title='bbox 2951 803 3054 857; x_wconf 82' lang='grc' dir='ltr'>ἀπὸ</span> <span class='ocrx_word' id='word_1_449' title='bbox 3102 803 3259 858; x_wconf 70' lang='grc' dir='ltr'>τοῦδε</span> <span class='ocrx_word' id='word_1_450' title='bbox 3287 806 3376 859; x_wconf 82' lang='grc' dir='ltr'>καὶ</span> <span class='ocrx_word' id='word_1_451' title='bbox 3409 828 3693 881; x_wconf 85' lang='grc' dir='ltr'>προσαπο-</span> 
     </span>
    </p>
   </div>
   <div class='ocr_carea' id='block_1_65' title="bbox 2051 881 3690 972">
    <p class='ocr_par' dir='ltr' id='par_1_65' title="bbox 2051 881 3690 972">
     <span class='ocr_line' id='line_1_66' title="bbox 2051 881 3690 972; baseline 0.02 -53"><span class='ocrx_word' id='word_1_452' title='bbox 2051 881 2290 937; x_wconf 69' lang='grc' dir='ltr'>στέλλων</span> <span class='ocrx_word' id='word_1_453' title='bbox 2323 887 2458 954; x_wconf 68' lang='grc' dir='ltr'>πρὸς</span> <span class='ocrx_word' id='word_1_454' title='bbox 2511 888 2730 964; x_wconf 70' lang='grc' dir='ltr'>Ἰωσὴφ,</span> <span class='ocrx_word' id='word_1_455' title='bbox 2790 889 2878 942; x_wconf 76' lang='grc' dir='ltr'>καὶ</span> <span class='ocrx_word' id='word_1_456' title='bbox 2936 892 3029 952; x_wconf 75' lang='grc' dir='ltr'>τὰς</span> <span class='ocrx_word' id='word_1_457' title='bbox 3090 893 3179 946; x_wconf 80' lang='grc' dir='ltr'>ἀπ’</span> <span class='ocrx_word' id='word_1_458' title='bbox 3229 893 3431 948; x_wconf 79' lang='grc' dir='ltr'>ἐκείνου</span> <span class='ocrx_word' id='word_1_459' title='bbox 3461 898 3690 972; x_wconf 81' lang='grc' dir='ltr'>ἀποκρί-</span> 
     </span>
    </p>
   </div>
   <div class='ocr_carea' id='block_1_66' title="bbox 2050 970 3695 1061">
    <p class='ocr_par' dir='ltr' id='par_1_66' title="bbox 2050 970 3695 1061">
     <span class='ocr_line' id='line_1_67' title="bbox 2050 970 3695 1061; baseline 0.018 -39"><span class='ocrx_word' id='word_1_460' title='bbox 2050 991 2157 1031; x_wconf 88' lang='grc' dir='ltr'>σεις</span> <span class='ocrx_word' id='word_1_461' title='bbox 2207 970 2555 1048; x_wconf 63' lang='grc' dir='ltr'>φιλοφρόνως</span> <span class='ocrx_word' id='word_1_462' title='bbox 2609 977 2697 1028; x_wconf 80' lang='grc' dir='ltr'>καὶ</span> <span class='ocrx_word' id='word_1_463' title='bbox 2755 979 2888 1049; x_wconf 81' lang='grc' dir='ltr'>μετά</span> <span class='ocrx_word' id='word_1_464' title='bbox 2944 982 3271 1053; x_wconf 75' lang='grc' dir='ltr'>προσηνείας</span> <span class='ocrx_word' id='word_1_465' title='bbox 3319 984 3496 1054; x_wconf 73' lang='grc' dir='ltr'>πάσης</span> <span class='ocrx_word' id='word_1_466' title='bbox 3531 983 3695 1061; x_wconf 76' lang='grc' dir='ltr'>δεχό-</span> 
     </span>
    </p>
   </div>
   <div class='ocr_carea' id='block_1_67' title="bbox 2051 1063 3693 1141">
    <p class='ocr_par' dir='ltr' id='par_1_67' title="bbox 2051 1063 3693 1141">
     <span class='ocr_line' id='line_1_68' title="bbox 2051 1063 3693 1141; baseline 0.011 -31"><span class='ocrx_word' id='word_1_467' title='bbox 2051 1079 2228 1130; x_wconf 88' lang='grc' dir='ltr'>μενος.</span> <span class='ocrx_word' id='word_1_468' title='bbox 2298 1063 2394 1116; x_wconf 80' lang='grc' dir='ltr'>Ἦν</span> <span class='ocrx_word' id='word_1_469' title='bbox 2454 1063 2549 1136; x_wconf 81' lang='grc' dir='ltr'>γὸρ</span> <span class='ocrx_word' id='word_1_470' title='bbox 2611 1064 2637 1116; x_wconf 88' lang='lat'>6</span> <span class='ocrx_word' id='word_1_471' title='bbox 2706 1065 2841 1139; x_wconf 69' lang='grc' dir='ltr'>ἀνὴρ</span> <span class='ocrx_word' id='word_1_472' title='bbox 2900 1065 3102 1130; x_wconf 81' lang='grc' dir='ltr'>ἐκεῖνος</span> <span class='ocrx_word' id='word_1_473' title='bbox 3159 1069 3431 1141; x_wconf 70' lang='grc' dir='ltr'>εἶρῆνικός</span> <span class='ocrx_word' id='word_1_474' title='bbox 3485 1094 3543 1127; x_wconf 85' lang='grc' dir='ltr'>τε</span> <span class='ocrx_word' id='word_1_475' title='bbox 3600 1073 3693 1128; x_wconf 68' lang='grc' dir='ltr'>καὶ</span> 
     </span>
    </p>
   </div>
   <div class='ocr_carea' id='block_1_68' title="bbox 2046 1144 3686 1236">
    <p class='ocr_par' dir='ltr' id='par_1_68' title="bbox 2046 1144 3686 1236">
     <span class='ocr_line' id='line_1_69' title="bbox 2046 1144 3686 1236; baseline -0.002 -38"><span class='ocrx_word' id='word_1_476' title='bbox 2046 1144 2258 1218; x_wconf 72' lang='grc' dir='ltr'>ἱλαρὸς,</span> <span class='ocrx_word' id='word_1_477' title='bbox 2325 1149 2414 1202; x_wconf 77' lang='grc' dir='ltr'>καὶ</span> <span class='ocrx_word' id='word_1_478' title='bbox 2471 1156 2727 1204; x_wconf 73' lang='grc' dir='ltr'>τοσοῦτον</span> <span class='ocrx_word' id='word_1_479' title='bbox 2795 1157 2863 1226; x_wconf 83' lang='grc' dir='ltr'>τῇ</span> <span class='ocrx_word' id='word_1_480' title='bbox 2929 1162 3029 1223; x_wconf 74' lang='grc' dir='ltr'>τῆς</span> <span class='ocrx_word' id='word_1_481' title='bbox 3099 1158 3424 1228; x_wconf 71' lang='grc' dir='ltr'>Ἐκκλησίας</span> <span class='ocrx_word' id='word_1_482' title='bbox 3499 1162 3686 1236; x_wconf 60' lang='grc' dir='ltr'>πράξει</span> 
     </span>
    </p>
   </div>
   <div class='ocr_carea' id='block_1_69' title="bbox 2046 1234 3688 1319">
    <p class='ocr_par' dir='ltr' id='par_1_69' title="bbox 2046 1234 3688 1319">
     <span class='ocr_line' id='line_1_70' title="bbox 2046 1234 3688 1319; baseline 0.011 -33"><span class='ocrx_word' id='word_1_483' title='bbox 2046 1234 2325 1308; x_wconf 72' lang='grc' dir='ltr'>ἀπήχθετο</span> <span class='ocrx_word' id='word_1_484' title='bbox 2358 1236 2494 1290; x_wconf 81' lang='grc' dir='ltr'>ὥστε</span> <span class='ocrx_word' id='word_1_485' title='bbox 2529 1237 2655 1309; x_wconf 74' lang='grc' dir='ltr'>μηδ’</span> <span class='ocrx_word' id='word_1_486' title='bbox 2705 1240 3050 1314; x_wconf 68' lang='grc' dir='ltr'>αἰσχύνεσθαι</span> <span class='ocrx_word' id='word_1_487' title='bbox 3097 1243 3367 1308; x_wconf 76' lang='grc' dir='ltr'>πολλάκις</span> <span class='ocrx_word' id='word_1_488' title='bbox 3400 1234 3688 1319; x_wconf 31' lang='grc' dir='ltr'>ὁμολ-ονεῖν</span> 
     </span>
    </p>
   </div>
   <div class='ocr_carea' id='block_1_70' title="bbox 2042 1321 3681 1400">
    <p class='ocr_par' dir='ltr' id='par_1_70' title="bbox 2042 1321 3681 1400">
     <span class='ocr_line' id='line_1_71' title="bbox 2042 1321 3681 1400; baseline 0.01 -26"><span class='ocrx_word' id='word_1_489' title='bbox 2042 1321 2132 1375; x_wconf 87' lang='grc' dir='ltr'>τὸν</span> <span class='ocrx_word' id='word_1_490' title='bbox 2171 1322 2328 1396; x_wconf 74' lang='grc' dir='ltr'>ὅρκον</span> <span class='ocrx_word' id='word_1_491' title='bbox 2357 1325 2595 1399; x_wconf 85' lang='grc' dir='ltr'>γενέσθαι</span> <span class='ocrx_word' id='word_1_492' title='bbox 2627 1325 2894 1399; x_wconf 80' lang='grc' dir='ltr'>κωλύμην</span> <span class='ocrx_word' id='word_1_493' title='bbox 2949 1335 3044 1384; x_wconf 78' lang='grc' dir='ltr'>τοῦ</span> <span class='ocrx_word' id='word_1_494' title='bbox 3075 1332 3164 1385; x_wconf 81' lang='grc' dir='ltr'>καὶ</span> <span class='ocrx_word' id='word_1_495' title='bbox 3196 1333 3353 1388; x_wconf 72' lang='grc' dir='ltr'>αὐτὸν</span> <span class='ocrx_word' id='word_1_496' title='bbox 3389 1334 3438 1388; x_wconf 84' lang='grc' dir='ltr'>ἐν</span> <span class='ocrx_word' id='word_1_497' title='bbox 3466 1337 3681 1400; x_wconf 63' lang='grc' dir='ltr'>τούτοις</span> 
     </span>
    </p>
   </div>
   <div class='ocr_carea' id='block_1_71' title="bbox 2045 1411 3684 1498">
    <p class='ocr_par' dir='ltr' id='par_1_71' title="bbox 2045 1411 3684 1498">
     <span class='ocr_line' id='line_1_72' title="bbox 2045 1411 3684 1498; baseline 0.011 -36"><span class='ocrx_word' id='word_1_498' title='bbox 2045 1411 2199 1476; x_wconf 75' lang='grc' dir='ltr'>εἶναι,</span> <span class='ocrx_word' id='word_1_499' title='bbox 2232 1411 2344 1465; x_wconf 71' lang='grc' dir='ltr'>ἐπεῖ</span> <span class='ocrx_word' id='word_1_500' title='bbox 2402 1411 2568 1467; x_wconf 86' lang='grc' dir='ltr'>πλέον</span> <span class='ocrx_word' id='word_1_501' title='bbox 2626 1415 2722 1469; x_wconf 82' lang='grc' dir='ltr'>οὐκ</span> <span class='ocrx_word' id='word_1_502' title='bbox 2772 1418 2838 1486; x_wconf 76' lang='grc' dir='ltr'>ἦν</span> <span class='ocrx_word' id='word_1_503' title='bbox 2893 1419 3136 1492; x_wconf 78' lang='grc' dir='ltr'>γενέσθαι</span> <span class='ocrx_word' id='word_1_504' title='bbox 3166 1426 3272 1475; x_wconf 79' lang='grc' dir='ltr'>τῶν</span> <span class='ocrx_word' id='word_1_505' title='bbox 3307 1424 3684 1498; x_wconf 69' lang='grc' dir='ltr'>πραχθέντων,</span> 
     </span>
    </p>
   </div>
   <div class='ocr_carea' id='block_1_72' title="bbox 2045 1496 3684 1583">
    <p class='ocr_par' dir='ltr' id='par_1_72' title="bbox 2045 1496 3684 1583">
     <span class='ocr_line' id='line_1_73' title="bbox 2045 1496 3684 1583; baseline 0.01 -33"><span class='ocrx_word' id='word_1_506' title='bbox 2045 1497 2117 1556; x_wconf 83' lang='grc' dir='ltr'>ὡς</span> <span class='ocrx_word' id='word_1_507' title='bbox 2177 1496 2570 1572; x_wconf 79' lang='grc' dir='ltr'>ὑπελάμϐανεν.</span> <span class='ocrx_word' id='word_1_508' title='bbox 2629 1504 2716 1558; x_wconf 81' lang='grc' dir='ltr'>Ἐν</span> <span class='ocrx_word' id='word_1_509' title='bbox 2793 1505 3010 1567; x_wconf 70' lang='grc' dir='ltr'>τούτοις</span> <span class='ocrx_word' id='word_1_510' title='bbox 3080 1505 3280 1583; x_wconf 76' lang='grc' dir='ltr'>διοίγων</span> <span class='ocrx_word' id='word_1_511' title='bbox 3344 1513 3371 1566; x_wconf 90' lang='grc' dir='ltr'>ὁ</span> <span class='ocrx_word' id='word_1_512' title='bbox 3423 1496 3684 1582; x_wconf 30' lang='grc' dir='ltr'>-Ἲωάννης</span> 
     </span>
    </p>
   </div>
   <div class='ocr_carea' id='block_1_73' title="bbox 2044 1583 3682 1672">
    <p class='ocr_par' dir='ltr' id='par_1_73' title="bbox 2044 1583 3682 1672">
     <span class='ocr_line' id='line_1_74' title="bbox 2044 1583 3682 1672; baseline 0.011 -34"><span class='ocrx_word' id='word_1_513' title='bbox 2044 1583 2352 1658; x_wconf 75' lang='grc' dir='ltr'>πολλὰμὲν</span> <span class='ocrx_word' id='word_1_514' title='bbox 2392 1590 2707 1663; x_wconf 82' lang='grc' dir='ltr'>γραμμάτια</span> <span class='ocrx_word' id='word_1_515' title='bbox 2761 1593 2836 1655; x_wconf 81' lang='grc' dir='ltr'>εἷς</span> <span class='ocrx_word' id='word_1_516' title='bbox 2890 1594 3079 1669; x_wconf 65' lang='grc' dir='ltr'>χεῖρας</span> <span class='ocrx_word' id='word_1_517' title='bbox 3132 1597 3246 1670; x_wconf 78' lang='grc' dir='ltr'>εἶχε</span> <span class='ocrx_word' id='word_1_518' title='bbox 3300 1596 3616 1672; x_wconf 75' lang='grc' dir='ltr'>λαμϐάνων,</span> <span class='ocrx_word' id='word_1_519' title='bbox 3652 1602 3682 1656; x_wconf 82' lang='grc' dir='ltr'>ἂ</span> 
     </span>
    </p>
   </div>
   <div class='ocr_carea' id='block_1_74' title="bbox 2047 1671 3688 1765">
    <p class='ocr_par' dir='ltr' id='par_1_74' title="bbox 2047 1671 3688 1765">
     <span class='ocr_line' id='line_1_75' title="bbox 2047 1671 3688 1765; baseline 0.012 -40"><span class='ocrx_word' id='word_1_520' title='bbox 2047 1671 2111 1742; x_wconf 74' lang='grc' dir='ltr'>δὴ</span> <span class='ocrx_word' id='word_1_521' title='bbox 2145 1675 2233 1727; x_wconf 82' lang='grc' dir='ltr'>καὶ</span> <span class='ocrx_word' id='word_1_522' title='bbox 2266 1677 2317 1728; x_wconf 73' lang='grc' dir='ltr'>οἱ</span> <span class='ocrx_word' id='word_1_523' title='bbox 2373 1678 2691 1751; x_wconf 71' lang='grc' dir='ltr'>σχιζόμενοι</span> <span class='ocrx_word' id='word_1_524' title='bbox 2747 1679 3034 1754; x_wconf 78' lang='grc' dir='ltr'>ἐξετίθουν,</span> <span class='ocrx_word' id='word_1_525' title='bbox 3094 1682 3394 1748; x_wconf 77' lang='grc' dir='ltr'>δεικνύντες</span> <span class='ocrx_word' id='word_1_526' title='bbox 3423 1691 3520 1758; x_wconf 75' lang='grc' dir='ltr'>τὴν</span> <span class='ocrx_word' id='word_1_527' title='bbox 3553 1695 3688 1765; x_wconf 84' lang='grc' dir='ltr'>πρᾶ-</span> 
     </span>
    </p>
   </div>
   <div class='ocr_carea' id='block_1_75' title="bbox 2045 1761 3682 1849">
    <p class='ocr_par' dir='ltr' id='par_1_75' title="bbox 2045 1761 3682 1849">
     <span class='ocr_line' id='line_1_76' title="bbox 2045 1761 3682 1849; baseline 0.012 -36"><span class='ocrx_word' id='word_1_528' title='bbox 2045 1761 2118 1830; x_wconf 79' lang='grc' dir='ltr'>ξιν</span> <span class='ocrx_word' id='word_1_529' title='bbox 2170 1762 2244 1823; x_wconf 81' lang='grc' dir='ltr'>ὡς</span> <span class='ocrx_word' id='word_1_530' title='bbox 2299 1762 2564 1838; x_wconf 59' lang='grc' dir='ltr'>σφαλερὰν</span> <span class='ocrx_word' id='word_1_531' title='bbox 2620 1766 2706 1820; x_wconf 74' lang='grc' dir='ltr'>καὶ</span> <span class='ocrx_word' id='word_1_532' title='bbox 2766 1773 2896 1822; x_wconf 73' lang='grc' dir='ltr'>Θεοῦ</span> <span class='ocrx_word' id='word_1_533' title='bbox 2952 1770 3138 1846; x_wconf 61' lang='grc' dir='ltr'>πόρρω</span> <span class='ocrx_word' id='word_1_534' title='bbox 3202 1773 3533 1847; x_wconf 85' lang='grc' dir='ltr'>βάλλουσαν,</span> <span class='ocrx_word' id='word_1_535' title='bbox 3570 1779 3682 1849; x_wconf 77' lang='grc' dir='ltr'>ἅμα</span> 
     </span>
    </p>
   </div>
   <div class='ocr_carea' id='block_1_76' title="bbox 2042 1847 3681 1933">
    <p class='ocr_par' dir='ltr' id='par_1_76' title="bbox 2042 1847 3681 1933">
     <span class='ocr_line' id='line_1_77' title="bbox 2042 1847 3681 1933; baseline 0.012 -32"><span class='ocrx_word' id='word_1_536' title='bbox 2042 1847 2213 1902; x_wconf 76' lang='grc' dir='ltr'>δὲκαὶ</span> <span class='ocrx_word' id='word_1_537' title='bbox 2243 1850 2369 1912; x_wconf 71' lang='grc' dir='ltr'>τοὺς</span> <span class='ocrx_word' id='word_1_538' title='bbox 2405 1852 2644 1915; x_wconf 65' lang='grc' dir='ltr'>Ἰταλοὺς</span> <span class='ocrx_word' id='word_1_539' title='bbox 2697 1856 2922 1931; x_wconf 73' lang='grc' dir='ltr'>ἐνόχους</span> <span class='ocrx_word' id='word_1_540' title='bbox 2972 1859 3235 1933; x_wconf 68' lang='grc' dir='ltr'>αἱρέσεσιν</span> <span class='ocrx_word' id='word_1_541' title='bbox 3290 1864 3352 1917; x_wconf 80' lang='grc' dir='ltr'>οὐ</span> <span class='ocrx_word' id='word_1_542' title='bbox 3406 1887 3681 1919; x_wconf 77' lang='grc' dir='ltr'>συνεσκιαο</span> 
     </span>
    </p>
   </div>
   <div class='ocr_carea' id='block_1_77' title="bbox 2043 1937 3683 2028">
    <p class='ocr_par' dir='ltr' id='par_1_77' title="bbox 2043 1937 3683 2028">
     <span class='ocr_line' id='line_1_78' title="bbox 2043 1937 3683 2028; baseline 0.011 -38"><span class='ocrx_word' id='word_1_543' title='bbox 2043 1937 2262 2008; x_wconf 86' lang='grc' dir='ltr'>σμέναις</span> <span class='ocrx_word' id='word_1_544' title='bbox 2321 1939 2505 2001; x_wconf 73' lang='grc' dir='ltr'>άλλως</span> <span class='ocrx_word' id='word_1_545' title='bbox 2551 1943 2649 1994; x_wconf 63' lang='grc' dir='ltr'>καὶ</span> <span class='ocrx_word' id='word_1_546' title='bbox 2704 1940 3058 2019; x_wconf 66' lang='grc' dir='ltr'>ἀμφιϐόλοις,</span> <span class='ocrx_word' id='word_1_547' title='bbox 3119 1948 3244 2003; x_wconf 84' lang='grc' dir='ltr'>ἀλλ’</span> <span class='ocrx_word' id='word_1_548' title='bbox 3301 1952 3554 2028; x_wconf 71' lang='grc' dir='ltr'>ἐμφανέσι</span> <span class='ocrx_word' id='word_1_549' title='bbox 3593 1953 3683 2008; x_wconf 80' lang='grc' dir='ltr'>καὶ</span> 
     </span>
    </p>
   </div>
   <div class='ocr_carea' id='block_1_78' title="bbox 2044 2022 3680 2112">
    <p class='ocr_par' dir='ltr' id='par_1_78' title="bbox 2044 2022 3680 2112">
     <span class='ocr_line' id='line_1_79' title="bbox 2044 2022 3680 2112; baseline 0.012 -35"><span class='ocrx_word' id='word_1_550' title='bbox 2044 2022 2346 2099; x_wconf 79' lang='grc' dir='ltr'>λαμπραῖς.</span> <span class='ocrx_word' id='word_1_551' title='bbox 2381 2029 2549 2102; x_wconf 71' lang='grc' dir='ltr'>Εἶχον</span> <span class='ocrx_word' id='word_1_552' title='bbox 2610 2027 2666 2083; x_wconf 79' lang='grc' dir='ltr'>δὲ</span> <span class='ocrx_word' id='word_1_553' title='bbox 2721 2032 2810 2084; x_wconf 77' lang='grc' dir='ltr'>καὶ</span> <span class='ocrx_word' id='word_1_554' title='bbox 2864 2033 2969 2088; x_wconf 85' lang='grc' dir='ltr'>ἀπὸ</span> <span class='ocrx_word' id='word_1_555' title='bbox 3019 2041 3242 2112; x_wconf 65' lang='grc' dir='ltr'>Γραφῶν</span> <span class='ocrx_word' id='word_1_556' title='bbox 3295 2041 3366 2101; x_wconf 84' lang='grc' dir='ltr'>ὡς</span> <span class='ocrx_word' id='word_1_557' title='bbox 3401 2039 3558 2108; x_wconf 71' lang='grc' dir='ltr'>δῆθεν</span> <span class='ocrx_word' id='word_1_558' title='bbox 3593 2041 3680 2103; x_wconf 72' lang='grc' dir='ltr'>τὰς</span> 
     </span>
    </p>
   </div>
   <div class='ocr_carea' id='block_1_79' title="bbox 2045 2110 3682 2201">
    <p class='ocr_par' dir='ltr' id='par_1_79' title="bbox 2045 2110 3682 2201">
     <span class='ocr_line' id='line_1_80' title="bbox 2045 2110 3682 2201; baseline 0.009 -36"><span class='ocrx_word' id='word_1_559' title='bbox 2045 2110 2358 2185; x_wconf 70' lang='grc' dir='ltr'>ὑποδείξεις,</span> <span class='ocrx_word' id='word_1_560' title='bbox 2393 2117 2451 2178; x_wconf 78' lang='grc' dir='ltr'>ἅς</span> <span class='ocrx_word' id='word_1_561' title='bbox 2500 2119 2585 2170; x_wconf 80' lang='grc' dir='ltr'>καὶ</span> <span class='ocrx_word' id='word_1_562' title='bbox 2645 2121 3076 2194; x_wconf 74' lang='grc' dir='ltr'>κατεστρώννυον</span> <span class='ocrx_word' id='word_1_563' title='bbox 3136 2127 3537 2201; x_wconf 74' lang='grc' dir='ltr'>συνεχέστερον,</span> <span class='ocrx_word' id='word_1_564' title='bbox 3588 2131 3682 2182; x_wconf 71' lang='grc' dir='ltr'>κᾶν</span> 
     </span>
    </p>
   </div>
   <div class='ocr_carea' id='block_1_80' title="bbox 2043 2200 3680 2283">
    <p class='ocr_par' dir='ltr' id='par_1_80' title="bbox 2043 2200 3680 2283">
     <span class='ocr_line' id='line_1_81' title="bbox 2043 2200 3680 2283; baseline 0.012 -31"><span class='ocrx_word' id='word_1_565' title='bbox 2043 2200 2147 2253; x_wconf 64' lang='grc' dir='ltr'>πού</span> <span class='ocrx_word' id='word_1_566' title='bbox 2205 2223 2257 2254; x_wconf 86' lang='grc' dir='ltr'>τι</span> <span class='ocrx_word' id='word_1_567' title='bbox 2308 2204 2396 2255; x_wconf 82' lang='grc' dir='ltr'>καὶ</span> <span class='ocrx_word' id='word_1_568' title='bbox 2456 2205 2627 2279; x_wconf 79' lang='grc' dir='ltr'>ἁγίοις</span> <span class='ocrx_word' id='word_1_569' title='bbox 2689 2205 2891 2281; x_wconf 66' lang='grc' dir='ltr'>ἐρρήθη</span> <span class='ocrx_word' id='word_1_570' title='bbox 2946 2208 3337 2283; x_wconf 81' lang='grc' dir='ltr'>θεληματικὸν,</span> <span class='ocrx_word' id='word_1_571' title='bbox 3389 2214 3530 2269; x_wconf 63' lang='grc' dir='ltr'>εἴποι</span> <span class='ocrx_word' id='word_1_572' title='bbox 3577 2238 3680 2280; x_wconf 86' lang='grc' dir='ltr'>τις,</span> 
     </span>
    </p>
   </div>
   <div class='ocr_carea' id='block_1_81' title="bbox 2043 2288 3678 2378">
    <p class='ocr_par' dir='ltr' id='par_1_81' title="bbox 2043 2288 3678 2378">
     <span class='ocr_line' id='line_1_82' title="bbox 2043 2288 3678 2378; baseline 0.029 -39"><span class='ocrx_word' id='word_1_573' title='bbox 2043 2288 2224 2342; x_wconf 81' lang='grc' dir='ltr'>καὶτὸ</span> <span class='ocrx_word' id='word_1_574' title='bbox 2257 2290 2391 2343; x_wconf 77' lang='grc' dir='ltr'>κατά</span> <span class='ocrx_word' id='word_1_575' title='bbox 2447 2298 2580 2365; x_wconf 79' lang='grc' dir='ltr'>σφᾶς</span> <span class='ocrx_word' id='word_1_576' title='bbox 2635 2297 2894 2370; x_wconf 62' lang='grc' dir='ltr'>παρίστάν</span> <span class='ocrx_word' id='word_1_577' title='bbox 2957 2296 3134 2370; x_wconf 41' lang='lat' dir='ltr'>iam“,</span> <span class='ocrx_word' id='word_1_578' title='bbox 3183 2302 3255 2362; x_wconf 68' lang='grc' dir='ltr'>ὡς</span> <span class='ocrx_word' id='word_1_579' title='bbox 3301 2302 3425 2377; x_wconf 68' lang='grc' dir='ltr'>περῖ</span> <span class='ocrx_word' id='word_1_580' title='bbox 3456 2304 3678 2378; x_wconf 58' lang='grc' dir='ltr'>εἰρήνης</span> 
     </span>
    </p>
   </div>
   <div class='ocr_carea' id='block_1_82' title="bbox 2047 2377 3679 2462">
    <p class='ocr_par' dir='ltr' id='par_1_82' title="bbox 2047 2377 3679 2462">
     <span class='ocr_line' id='line_1_83' title="bbox 2047 2377 3679 2462; baseline 0.011 -34"><span class='ocrx_word' id='word_1_581' title='bbox 2047 2378 2159 2429; x_wconf 86' lang='grc' dir='ltr'>οἷον</span> <span class='ocrx_word' id='word_1_582' title='bbox 2196 2377 2269 2434; x_wconf 82' lang='grc' dir='ltr'>ὡς</span> <span class='ocrx_word' id='word_1_583' title='bbox 2298 2377 2629 2453; x_wconf 82' lang='grc' dir='ltr'>εἶρηνευτέον</span> <span class='ocrx_word' id='word_1_584' title='bbox 2695 2383 2786 2455; x_wconf 71' lang='grc' dir='ltr'>μὲν</span> <span class='ocrx_word' id='word_1_585' title='bbox 2850 2383 2986 2439; x_wconf 84' lang='grc' dir='ltr'>δπου</span> <span class='ocrx_word' id='word_1_586' title='bbox 3048 2388 3122 2458; x_wconf 73' lang='grc' dir='ltr'>μὴ</span> <span class='ocrx_word' id='word_1_587' title='bbox 3155 2390 3281 2442; x_wconf 81' lang='grc' dir='ltr'>Θεὸν</span> <span class='ocrx_word' id='word_1_588' title='bbox 3315 2391 3679 2462; x_wconf 78' lang='grc' dir='ltr'>ζημιούμῑθα,</span> 
     </span>
    </p>
   </div>
   <div class='ocr_carea' id='block_1_83' title="bbox 2045 2464 3686 2548">
    <p class='ocr_par' dir='ltr' id='par_1_83' title="bbox 2045 2464 3686 2548">
     <span class='ocr_line' id='line_1_84' title="bbox 2045 2464 3686 2548; baseline 0.012 -32"><span class='ocrx_word' id='word_1_589' title='bbox 2045 2465 2134 2517; x_wconf 82' lang='grc' dir='ltr'>καὶ</span> <span class='ocrx_word' id='word_1_590' title='bbox 2167 2464 2511 2537; x_wconf 71' lang='grc' dir='ltr'>πολεμητέον</span> <span class='ocrx_word' id='word_1_591' title='bbox 2571 2471 2722 2534; x_wconf 77' lang='grc' dir='ltr'>αὖθις</span> <span class='ocrx_word' id='word_1_592' title='bbox 2779 2472 2914 2528; x_wconf 77' lang='grc' dir='ltr'>ὅπου</span> <span class='ocrx_word' id='word_1_593' title='bbox 2976 2479 3300 2548; x_wconf 79' lang='grc' dir='ltr'>ζημιοῦσθαι</span> <span class='ocrx_word' id='word_1_594' title='bbox 3334 2479 3461 2534; x_wconf 74' lang='grc' dir='ltr'>Θεὸν</span> <span class='ocrx_word' id='word_1_595' title='bbox 3494 2478 3686 2535; x_wconf 85' lang='grc' dir='ltr'>κινδυ-</span> 
     </span>
    </p>
   </div>
   <div class='ocr_carea' id='block_1_84' title="bbox 2049 2677 3682 2765">
    <p class='ocr_par' dir='ltr' id='par_1_84' title="bbox 2049 2677 3682 2765">
     <span class='ocr_line' id='line_1_85' title="bbox 2049 2677 3682 2765; baseline 0.014 -36"><span class='ocrx_word' id='word_1_596' title='bbox 2049 2677 2204 2745; x_wconf 91' lang='lat' dir='ltr'>quod</span> <span class='ocrx_word' id='word_1_597' title='bbox 2237 2679 2363 2749; x_wconf 89' lang='lat' dir='ltr'>ejus</span> <span class='ocrx_word' id='word_1_598' title='bbox 2387 2683 2698 2753; x_wconf 85' lang='lat' dir='ltr'>tranquillo</span> <span class='ocrx_word' id='word_1_599' title='bbox 2720 2690 2776 2740; x_wconf 89' lang='lat' dir='ltr'>et</span> <span class='ocrx_word' id='word_1_600' title='bbox 2797 2688 3059 2744; x_wconf 88' lang='lat' dir='ltr'>studioso</span> <span class='ocrx_word' id='word_1_601' title='bbox 3082 2693 3242 2761; x_wconf 87' lang='lat' dir='ltr'>pacis</span> <span class='ocrx_word' id='word_1_602' title='bbox 3272 2694 3504 2765; x_wconf 87' lang='lat' dir='ltr'>ingenio</span> <span class='ocrx_word' id='word_1_603' title='bbox 3536 2713 3682 2751; x_wconf 74' lang='lat' dir='ltr'>con~</span> 
     </span>
    </p>
   </div>
   <div class='ocr_carea' id='block_1_85' title="bbox 2038 2765 3674 2853">
    <p class='ocr_par' dir='ltr' id='par_1_85' title="bbox 2038 2765 3674 2853">
     <span class='ocr_line' id='line_1_86' title="bbox 2038 2765 3674 2853; baseline 0.014 -37"><span class='ocrx_word' id='word_1_604' title='bbox 2038 2765 2433 2853; x_wconf 73' lang='lat' dir='ltr'>ﬁderet),hmc,</span> <span class='ocrx_word' id='word_1_605' title='bbox 2451 2771 2711 2842; x_wconf 84' lang='lat' dir='ltr'>inquam,</span> <span class='ocrx_word' id='word_1_606' title='bbox 2726 2775 2981 2831; x_wconf 89' lang='lat' dir='ltr'>Joannes</span> <span class='ocrx_word' id='word_1_607' title='bbox 2996 2782 3275 2848; x_wconf 88' lang='lat' dir='ltr'>reputans</span> <span class='ocrx_word' id='word_1_608' title='bbox 3289 2782 3643 2853; x_wconf 87' lang='lat' dir='ltr'>obstititquo</span> <span class='ocrx_word' id='word_1_609' title='bbox 3660 2812 3674 2824; x_wconf 85' lang='lat'><strong>-</strong></span> 
     </span>
    </p>
   </div>
   <div class='ocr_carea' id='block_1_86' title="bbox 2039 2851 3678 2940">
    <p class='ocr_par' dir='ltr' id='par_1_86' title="bbox 2039 2851 3678 2940">
     <span class='ocr_line' id='line_1_87' title="bbox 2039 2851 3678 2940; baseline 0.015 -36"><span class='ocrx_word' id='word_1_610' title='bbox 2039 2851 2234 2908; x_wconf 89' lang='lat' dir='ltr'>minus</span> <span class='ocrx_word' id='word_1_611' title='bbox 2265 2855 2397 2911; x_wconf 92' lang='lat' dir='ltr'>inde</span> <span class='ocrx_word' id='word_1_612' title='bbox 2427 2857 2718 2930; x_wconf 86' lang='lat' dir='ltr'>Josephus</span> <span class='ocrx_word' id='word_1_613' title='bbox 2737 2867 3440 2940; x_wconf 71' lang='lat' dir='ltr'>anwV&#39;eretur.Illoigitur</span> <span class='ocrx_word' id='word_1_614' title='bbox 3460 2851 3678 2928; x_wconf 86' lang='lat' dir='ltr'>ibidem</span> 
     </span>
    </p>
   </div>
   <div class='ocr_carea' id='block_1_87' title="bbox 2039 2949 3672 3026">
    <p class='ocr_par' dir='ltr' id='par_1_87' title="bbox 2039 2949 3672 3026">
     <span class='ocr_line' id='line_1_88' title="bbox 2039 2949 3672 3026; baseline 0.015 -34"><span class='ocrx_word' id='word_1_615' title='bbox 2039 2950 2436 3016; x_wconf 90' lang='lat' dir='ltr'>permanente,</span> <span class='ocrx_word' id='word_1_616' title='bbox 2497 2949 2696 3003; x_wconf 89' lang='lat' dir='ltr'>eodem</span> <span class='ocrx_word' id='word_1_617' title='bbox 2767 2956 2823 3005; x_wconf 90' lang='lat' dir='ltr'>et</span> <span class='ocrx_word' id='word_1_618' title='bbox 2877 2952 2999 3023; x_wconf 87' lang='lat' dir='ltr'>ipse</span> <span class='ocrx_word' id='word_1_619' title='bbox 3057 2956 3308 3026; x_wconf 89' lang='lat' dir='ltr'>divertit,</span> <span class='ocrx_word' id='word_1_620' title='bbox 3368 2960 3672 3016; x_wconf 87' lang='lat' dir='ltr'>missitans</span> 
     </span>
    </p>
   </div>
   <div class='ocr_carea' id='block_1_88' title="bbox 2038 3029 3677 3112">
    <p class='ocr_par' dir='ltr' id='par_1_88' title="bbox 2038 3029 3677 3112">
     <span class='ocr_line' id='line_1_89' title="bbox 2038 3029 3677 3112; baseline 0.013 -31"><span class='ocrx_word' id='word_1_621' title='bbox 2038 3029 2286 3085; x_wconf 89' lang='lat' dir='ltr'>subinde</span> <span class='ocrx_word' id='word_1_622' title='bbox 2316 3033 2606 3089; x_wconf 77' lang='lat' dir='ltr'>ofﬁciosas</span> <span class='ocrx_word' id='word_1_623' title='bbox 2641 3038 2709 3090; x_wconf 91' lang='lat' dir='ltr'>ad</span> <span class='ocrx_word' id='word_1_624' title='bbox 2745 3055 2876 3092; x_wconf 92' lang='lat' dir='ltr'>eum</span> <span class='ocrx_word' id='word_1_625' title='bbox 2919 3041 3320 3112; x_wconf 89' lang='lat' dir='ltr'>salutationes,</span> <span class='ocrx_word' id='word_1_626' title='bbox 3353 3050 3409 3100; x_wconf 91' lang='lat' dir='ltr'>et</span> <span class='ocrx_word' id='word_1_627' title='bbox 3439 3053 3677 3102; x_wconf 90' lang='lat' dir='ltr'>mutuas</span> 
     </span>
    </p>
   </div>
   <div class='ocr_carea' id='block_1_89' title="bbox 2042 3117 3677 3200">
    <p class='ocr_par' dir='ltr' id='par_1_89' title="bbox 2042 3117 3677 3200">
     <span class='ocr_line' id='line_1_90' title="bbox 2042 3117 3677 3200; baseline 0.013 -31"><span class='ocrx_word' id='word_1_628' title='bbox 2042 3117 2113 3170; x_wconf 89' lang='lat' dir='ltr'>ab</span> <span class='ocrx_word' id='word_1_629' title='bbox 2133 3117 2258 3188; x_wconf 90' lang='lat' dir='ltr'>ipso</span> <span class='ocrx_word' id='word_1_630' title='bbox 2282 3121 2569 3176; x_wconf 88' lang='lat' dir='ltr'>comitatis</span> <span class='ocrx_word' id='word_1_631' title='bbox 2597 3124 3034 3182; x_wconf 68' lang='lat' dir='ltr'>humanissimas</span> <span class='ocrx_word' id='word_1_632' title='bbox 3059 3131 3516 3200; x_wconf 80' lang='lat' dir='ltr'>significationes</span> <span class='ocrx_word' id='word_1_633' title='bbox 3533 3137 3677 3190; x_wconf 89' lang='lat' dir='ltr'>reci-</span> 
     </span>
    </p>
   </div>
   <div class='ocr_carea' id='block_1_90' title="bbox 2045 3204 3678 3294">
    <p class='ocr_par' dir='ltr' id='par_1_90' title="bbox 2045 3204 3678 3294">
     <span class='ocr_line' id='line_1_91' title="bbox 2045 3204 3678 3294; baseline 0.014 -38"><span class='ocrx_word' id='word_1_634' title='bbox 2045 3204 2371 3273; x_wconf 84' lang='lat' dir='ltr'>piens.Erat</span> <span class='ocrx_word' id='word_1_635' title='bbox 2391 3209 2544 3263; x_wconf 92' lang='lat' dir='ltr'>enim</span> <span class='ocrx_word' id='word_1_636' title='bbox 2569 3211 2860 3283; x_wconf 89' lang='lat' dir='ltr'>Josephus</span> <span class='ocrx_word' id='word_1_637' title='bbox 2884 3216 3023 3270; x_wconf 87' lang='lat' dir='ltr'>adeo</span> <span class='ocrx_word' id='word_1_638' title='bbox 3049 3219 3301 3287; x_wconf 66' lang='lat' dir='ltr'>pacifica:</span> <span class='ocrx_word' id='word_1_639' title='bbox 3321 3222 3678 3294; x_wconf 71' lang='lat' dir='ltr'>placidaeque</span> 
     </span>
    </p>
   </div>
   <div class='ocr_carea' id='block_1_91' title="bbox 2043 3296 3673 3379">
    <p class='ocr_par' dir='ltr' id='par_1_91' title="bbox 2043 3296 3673 3379">
     <span class='ocr_line' id='line_1_92' title="bbox 2043 3296 3673 3379; baseline 0.014 -35"><span class='ocrx_word' id='word_1_640' title='bbox 2043 3296 2280 3357; x_wconf 57' lang='lat' dir='ltr'>naturae,</span> <span class='ocrx_word' id='word_1_641' title='bbox 2316 3301 2379 3349; x_wconf 92' lang='lat' dir='ltr'>ut</span> <span class='ocrx_word' id='word_1_642' title='bbox 2407 3313 2472 3351; x_wconf 93' lang='lat' dir='ltr'>eo</span> <span class='ocrx_word' id='word_1_643' title='bbox 2512 3300 2664 3368; x_wconf 89' lang='lat' dir='ltr'>quod</span> <span class='ocrx_word' id='word_1_644' title='bbox 2714 3301 2994 3359; x_wconf 88' lang='lat' dir='ltr'>hactenus</span> <span class='ocrx_word' id='word_1_645' title='bbox 3049 3305 3304 3361; x_wconf 89' lang='lat' dir='ltr'>Ecclesia</span> <span class='ocrx_word' id='word_1_646' title='bbox 3351 3319 3545 3379; x_wconf 87' lang='lat' dir='ltr'>egerat</span> <span class='ocrx_word' id='word_1_647' title='bbox 3601 3314 3673 3366; x_wconf 89' lang='lat' dir='ltr'>ad</span> 
     </span>
    </p>
   </div>
   <div class='ocr_carea' id='block_1_92' title="bbox 2041 3384 3675 3467">
    <p class='ocr_par' dir='ltr' id='par_1_92' title="bbox 2041 3384 3675 3467">
     <span class='ocr_line' id='line_1_93' title="bbox 2041 3384 3675 3467; baseline 0.014 -36"><span class='ocrx_word' id='word_1_648' title='bbox 2041 3397 2233 3449; x_wconf 87' lang='lat' dir='ltr'>pacem</span> <span class='ocrx_word' id='word_1_649' title='bbox 2297 3384 2544 3440; x_wconf 89' lang='lat' dir='ltr'>oblatam</span> <span class='ocrx_word' id='word_1_650' title='bbox 2607 3387 3048 3446; x_wconf 86' lang='lat' dir='ltr'>disturbandam</span> <span class='ocrx_word' id='word_1_651' title='bbox 3107 3394 3516 3467; x_wconf 68' lang='lat' dir='ltr'>offenderetur,</span> <span class='ocrx_word' id='word_1_652' title='bbox 3570 3416 3675 3454; x_wconf 89' lang='lat' dir='ltr'>nec</span> 
     </span>
    </p>
   </div>
   <div class='ocr_carea' id='block_1_93' title="bbox 2038 3470 3674 3556">
    <p class='ocr_par' dir='ltr' id='par_1_93' title="bbox 2038 3470 3674 3556">
     <span class='ocr_line' id='line_1_94' title="bbox 2038 3470 3674 3556; baseline 0.013 -36"><span class='ocrx_word' id='word_1_653' title='bbox 2038 3470 2257 3524; x_wconf 89' lang='lat' dir='ltr'>veritus</span> <span class='ocrx_word' id='word_1_654' title='bbox 2291 3472 2496 3526; x_wconf 81' lang='lat' dir='ltr'>fuisset</span> <span class='ocrx_word' id='word_1_655' title='bbox 2528 3476 2691 3529; x_wconf 81' lang='lat' dir='ltr'>fateri</span> <span class='ocrx_word' id='word_1_656' title='bbox 2724 3479 2936 3548; x_wconf 75' lang='lat' dir='ltr'>smpius</span> <span class='ocrx_word' id='word_1_657' title='bbox 2970 3496 3050 3546; x_wconf 86' lang='lat' dir='ltr'>se,</span> <span class='ocrx_word' id='word_1_658' title='bbox 3088 3481 3197 3535; x_wconf 82' lang='lat' dir='ltr'>nisi</span> <span class='ocrx_word' id='word_1_659' title='bbox 3234 3492 3674 3556; x_wconf 63' lang='lat' dir='ltr'>praeoccupatus</span> 
     </span>
    </p>
   </div>
   <div class='ocr_carea' id='block_1_94' title="bbox 2033 3557 3666 3642">
    <p class='ocr_par' dir='ltr' id='par_1_94' title="bbox 2033 3557 3666 3642">
     <span class='ocr_line' id='line_1_95' title="bbox 2033 3557 3666 3642; baseline 0.013 -34"><span class='ocrx_word' id='word_1_660' title='bbox 2033 3557 2350 3626; x_wconf 87' lang='lat' dir='ltr'>juramenti</span> <span class='ocrx_word' id='word_1_661' title='bbox 2382 3577 2414 3612; x_wconf 92' lang='lat' dir='ltr'>a</span> <span class='ocrx_word' id='word_1_662' title='bbox 2445 3577 2505 3614; x_wconf 89' lang='lat' dir='ltr'>se</span> <span class='ocrx_word' id='word_1_663' title='bbox 2553 3563 2743 3631; x_wconf 85' lang='lat' dir='ltr'>palam</span> <span class='ocrx_word' id='word_1_664' title='bbox 2805 3567 2941 3619; x_wconf 84' lang='lat' dir='ltr'>editi</span> <span class='ocrx_word' id='word_1_665' title='bbox 3000 3569 3279 3640; x_wconf 86' lang='lat' dir='ltr'>religione</span> <span class='ocrx_word' id='word_1_666' title='bbox 3336 3573 3562 3642; x_wconf 85' lang='lat' dir='ltr'>fuisset,</span> <span class='ocrx_word' id='word_1_667' title='bbox 3597 3577 3666 3629; x_wconf 89' lang='lat' dir='ltr'>ad</span> 
     </span>
    </p>
   </div>
   <div class='ocr_carea' id='block_1_95' title="bbox 2038 3645 3667 3732">
    <p class='ocr_par' dir='ltr' id='par_1_95' title="bbox 2038 3645 3667 3732">
     <span class='ocr_line' id='line_1_96' title="bbox 2038 3645 3667 3732; baseline 0.014 -36"><span class='ocrx_word' id='word_1_668' title='bbox 2038 3645 2234 3699; x_wconf 89' lang='lat' dir='ltr'>omnia</span> <span class='ocrx_word' id='word_1_669' title='bbox 2293 3647 2469 3701; x_wconf 82' lang='lat' dir='ltr'>fuisse</span> <span class='ocrx_word' id='word_1_670' title='bbox 2527 3667 2952 3708; x_wconf 69' lang='lat' dir='ltr'>assensurum:</span> <span class='ocrx_word' id='word_1_671' title='bbox 2987 3672 3090 3710; x_wconf 92' lang='lat' dir='ltr'>nec</span> <span class='ocrx_word' id='word_1_672' title='bbox 3148 3659 3302 3712; x_wconf 90' lang='lat' dir='ltr'>enim</span> <span class='ocrx_word' id='word_1_673' title='bbox 3354 3663 3502 3718; x_wconf 75' lang='lat'>415</span> <span class='ocrx_word' id='word_1_674' title='bbox 3547 3663 3667 3732; x_wconf 92' lang='lat' dir='ltr'>jam</span> 
     </span>
    </p>
   </div>
   <div class='ocr_carea' id='block_1_96' title="bbox 2038 3733 3672 3811">
    <p class='ocr_par' dir='ltr' id='par_1_96' title="bbox 2038 3733 3672 3811">
     <span class='ocr_line' id='line_1_97' title="bbox 2038 3733 3672 3811; baseline 0.012 -25"><span class='ocrx_word' id='word_1_675' title='bbox 2038 3733 2449 3804; x_wconf 87' lang='lat' dir='ltr'>suspicabatur</span> <span class='ocrx_word' id='word_1_676' title='bbox 2506 3739 2660 3806; x_wconf 84' lang='lat' dir='ltr'>quod</span> <span class='ocrx_word' id='word_1_677' title='bbox 2718 3745 2885 3794; x_wconf 84' lang='lat' dir='ltr'>antea</span> <span class='ocrx_word' id='word_1_678' title='bbox 2938 3743 3236 3811; x_wconf 89' lang='lat' dir='ltr'>timuerat,</span> <span class='ocrx_word' id='word_1_679' title='bbox 3272 3763 3389 3801; x_wconf 90' lang='lat' dir='ltr'>rem</span> <span class='ocrx_word' id='word_1_680' title='bbox 3427 3749 3672 3805; x_wconf 86' lang='lat' dir='ltr'>ulterius</span> 
     </span>
    </p>
   </div>
   <div class='ocr_carea' id='block_1_97' title="bbox 2039 3831 3672 3906">
    <p class='ocr_par' dir='ltr' id='par_1_97' title="bbox 2039 3831 3672 3906">
     <span class='ocr_line' id='line_1_98' title="bbox 2039 3831 3672 3906; baseline 0.012 -32"><span class='ocrx_word' id='word_1_681' title='bbox 2039 3839 2440 3891; x_wconf 84' lang='lat' dir='ltr'>processuram</span> <span class='ocrx_word' id='word_1_682' title='bbox 2495 3841 2666 3894; x_wconf 87' lang='lat' dir='ltr'>quam</span> <span class='ocrx_word' id='word_1_683' title='bbox 2719 3845 2833 3896; x_wconf 92' lang='lat' dir='ltr'>quo</span> <span class='ocrx_word' id='word_1_684' title='bbox 2878 3836 3032 3883; x_wconf 82' lang='lat' dir='ltr'>esset</span> <span class='ocrx_word' id='word_1_685' title='bbox 3076 3831 3355 3889; x_wconf 88' lang='lat' dir='ltr'>hactenus</span> <span class='ocrx_word' id='word_1_686' title='bbox 3384 3845 3672 3906; x_wconf 86' lang='lat' dir='ltr'>promota.</span> 
     </span>
    </p>
   </div>
   <div class='ocr_carea' id='block_1_98' title="bbox 2035 3911 3670 3983">
    <p class='ocr_par' dir='ltr' id='par_1_98' title="bbox 2035 3911 3670 3983">
     <span class='ocr_line' id='line_1_99' title="bbox 2035 3911 3670 3983; baseline 0.011 -20"><span class='ocrx_word' id='word_1_687' title='bbox 2035 3911 2113 3963; x_wconf 89' lang='lat' dir='ltr'>Eo</span> <span class='ocrx_word' id='word_1_688' title='bbox 2137 3911 2315 3981; x_wconf 89' lang='lat' dir='ltr'>igitur</span> <span class='ocrx_word' id='word_1_689' title='bbox 2347 3912 2596 3982; x_wconf 88' lang='lat' dir='ltr'>hospitio</span> <span class='ocrx_word' id='word_1_690' title='bbox 2625 3915 2877 3970; x_wconf 89' lang='lat' dir='ltr'>Joannes</span> <span class='ocrx_word' id='word_1_691' title='bbox 2910 3924 3100 3983; x_wconf 84' lang='lat' dir='ltr'>utens,</span> <span class='ocrx_word' id='word_1_692' title='bbox 3126 3921 3340 3975; x_wconf 90' lang='lat' dir='ltr'>multos</span> <span class='ocrx_word' id='word_1_693' title='bbox 3372 3925 3426 3977; x_wconf 95' lang='lat' dir='ltr'>in</span> <span class='ocrx_word' id='word_1_694' title='bbox 3459 3943 3670 3982; x_wconf 88' lang='lat' dir='ltr'>manus</span> 
     </span>
    </p>
   </div>
   <div class='ocr_carea' id='block_1_99' title="bbox 2035 3999 3672 4084">
    <p class='ocr_par' dir='ltr' id='par_1_99' title="bbox 2035 3999 3672 4084">
     <span class='ocr_line' id='line_1_100' title="bbox 2035 3999 3672 4084; baseline 0.01 -32"><span class='ocrx_word' id='word_1_695' title='bbox 2035 4000 2287 4068; x_wconf 86' lang='lat' dir='ltr'>sumpsit</span> <span class='ocrx_word' id='word_1_696' title='bbox 2316 3999 2572 4070; x_wconf 88' lang='lat' dir='ltr'>legitque</span> <span class='ocrx_word' id='word_1_697' title='bbox 2600 4003 2822 4058; x_wconf 87' lang='lat' dir='ltr'>libellos</span> <span class='ocrx_word' id='word_1_698' title='bbox 2850 4006 2919 4059; x_wconf 88' lang='lat' dir='ltr'>ab</span> <span class='ocrx_word' id='word_1_699' title='bbox 2947 4005 3016 4059; x_wconf 90' lang='lat' dir='ltr'>iis</span> <span class='ocrx_word' id='word_1_700' title='bbox 3043 4010 3397 4078; x_wconf 76' lang='lat' dir='ltr'>compositos</span> <span class='ocrx_word' id='word_1_701' title='bbox 3420 4015 3517 4081; x_wconf 90' lang='lat' dir='ltr'>qui</span> <span class='ocrx_word' id='word_1_702' title='bbox 3543 4031 3672 4084; x_wconf 88' lang='lat' dir='ltr'>per-</span> 
     </span>
    </p>
   </div>
   <div class='ocr_carea' id='block_1_100' title="bbox 2037 4087 3670 4171">
    <p class='ocr_par' dir='ltr' id='par_1_100' title="bbox 2037 4087 3670 4171">
     <span class='ocr_line' id='line_1_101' title="bbox 2037 4087 3670 4171; baseline 0.013 -33"><span class='ocrx_word' id='word_1_703' title='bbox 2037 4087 2374 4141; x_wconf 85' lang='lat' dir='ltr'>severabant</span> <span class='ocrx_word' id='word_1_704' title='bbox 2404 4088 2463 4141; x_wconf 88' lang='lat' dir='ltr'>in</span> <span class='ocrx_word' id='word_1_705' title='bbox 2496 4090 2847 4156; x_wconf 84' lang='lat' dir='ltr'>schismate;</span> <span class='ocrx_word' id='word_1_706' title='bbox 2895 4110 3145 4169; x_wconf 86' lang='lat' dir='ltr'>quorum</span> <span class='ocrx_word' id='word_1_707' title='bbox 3179 4107 3296 4152; x_wconf 87' lang='lat' dir='ltr'>erat</span> <span class='ocrx_word' id='word_1_708' title='bbox 3329 4115 3540 4171; x_wconf 88' lang='lat' dir='ltr'>scopus</span> <span class='ocrx_word' id='word_1_709' title='bbox 3573 4121 3670 4158; x_wconf 88' lang='lat' dir='ltr'>os-</span> 
     </span>
    </p>
   </div>
   <div class='ocr_carea' id='block_1_101' title="bbox 2035 4177 3670 4260">
    <p class='ocr_par' dir='ltr' id='par_1_101' title="bbox 2035 4177 3670 4260">
     <span class='ocr_line' id='line_1_102' title="bbox 2035 4177 3670 4260; baseline 0.012 -32"><span class='ocrx_word' id='word_1_710' title='bbox 2035 4177 2264 4231; x_wconf 83' lang='lat' dir='ltr'>tendere</span> <span class='ocrx_word' id='word_1_711' title='bbox 2297 4185 2634 4250; x_wconf 90' lang='lat' dir='ltr'>suspectum</span> <span class='ocrx_word' id='word_1_712' title='bbox 2669 4182 2773 4235; x_wconf 91' lang='lat' dir='ltr'>hoc</span> <span class='ocrx_word' id='word_1_713' title='bbox 2807 4188 2988 4238; x_wconf 82' lang='lat' dir='ltr'>totum</span> <span class='ocrx_word' id='word_1_714' title='bbox 3018 4186 3174 4254; x_wconf 89' lang='lat' dir='ltr'>pacis</span> <span class='ocrx_word' id='word_1_715' title='bbox 3199 4189 3492 4256; x_wconf 79' lang='lat' dir='ltr'>negotium</span> <span class='ocrx_word' id='word_1_716' title='bbox 3520 4209 3670 4260; x_wconf 89' lang='lat' dir='ltr'>esse,</span> 
     </span>
    </p>
   </div>
   <div class='ocr_carea' id='block_1_102' title="bbox 2036 4264 3668 4347">
    <p class='ocr_par' dir='ltr' id='par_1_102' title="bbox 2036 4264 3668 4347">
     <span class='ocr_line' id='line_1_103' title="bbox 2036 4264 3668 4347; baseline 0.012 -30"><span class='ocrx_word' id='word_1_717' title='bbox 2036 4264 2313 4335; x_wconf 89' lang='lat' dir='ltr'>longeque</span> <span class='ocrx_word' id='word_1_718' title='bbox 2344 4284 2374 4319; x_wconf 90' lang='lat' dir='ltr'>a</span> <span class='ocrx_word' id='word_1_719' title='bbox 2409 4273 2518 4322; x_wconf 89' lang='lat' dir='ltr'>Deo</span> <span class='ocrx_word' id='word_1_720' title='bbox 2571 4286 2636 4324; x_wconf 89' lang='lat' dir='ltr'>ac</span> <span class='ocrx_word' id='word_1_721' title='bbox 2668 4287 2799 4325; x_wconf 87' lang='lat' dir='ltr'>vera</span> <span class='ocrx_word' id='word_1_722' title='bbox 2854 4273 3126 4341; x_wconf 74' lang='lat' dir='ltr'>religione</span> <span class='ocrx_word' id='word_1_723' title='bbox 3176 4293 3279 4330; x_wconf 90' lang='lat' dir='ltr'>nos</span> <span class='ocrx_word' id='word_1_724' title='bbox 3327 4278 3668 4347; x_wconf 88' lang='lat' dir='ltr'>abducens;</span> 
     </span>
    </p>
   </div>
   <div class='ocr_carea' id='block_1_103' title="bbox 2033 4355 3667 4438">
    <p class='ocr_par' dir='ltr' id='par_1_103' title="bbox 2033 4355 3667 4438">
     <span class='ocr_line' id='line_1_104' title="bbox 2033 4355 3667 4438; baseline 0.012 -33"><span class='ocrx_word' id='word_1_725' title='bbox 2033 4358 2307 4421; x_wconf 74' lang='lat' dir='ltr'>praeterea</span> <span class='ocrx_word' id='word_1_726' title='bbox 2357 4355 2528 4410; x_wconf 88' lang='lat' dir='ltr'>Italos</span> <span class='ocrx_word' id='word_1_727' title='bbox 2575 4357 2864 4414; x_wconf 72' lang='lat' dir='ltr'>hzereseon</span> <span class='ocrx_word' id='word_1_728' title='bbox 2919 4363 3102 4416; x_wconf 89' lang='lat' dir='ltr'>teneri</span> <span class='ocrx_word' id='word_1_729' title='bbox 3154 4380 3304 4432; x_wconf 89' lang='lat' dir='ltr'>reos,</span> <span class='ocrx_word' id='word_1_730' title='bbox 3347 4383 3667 4438; x_wconf 89' lang='lat' dir='ltr'>earumque</span> 
     </span>
    </p>
   </div>
   <div class='ocr_carea' id='block_1_104' title="bbox 2030 4443 3666 4520">
    <p class='ocr_par' dir='ltr' id='par_1_104' title="bbox 2030 4443 3666 4520">
     <span class='ocr_line' id='line_1_105' title="bbox 2030 4443 3666 4520; baseline 0.01 -26"><span class='ocrx_word' id='word_1_731' title='bbox 2030 4458 2145 4495; x_wconf 89' lang='lat' dir='ltr'>non</span> <span class='ocrx_word' id='word_1_732' title='bbox 2177 4443 2529 4498; x_wconf 88' lang='lat' dir='ltr'>occultarum</span> <span class='ocrx_word' id='word_1_733' title='bbox 2566 4451 2665 4499; x_wconf 88' lang='lat' dir='ltr'>aut</span> <span class='ocrx_word' id='word_1_734' title='bbox 2695 4447 2813 4500; x_wconf 92' lang='lat' dir='ltr'>ullo</span> <span class='ocrx_word' id='word_1_735' title='bbox 2843 4450 3012 4504; x_wconf 93' lang='lat' dir='ltr'>modo</span> <span class='ocrx_word' id='word_1_736' title='bbox 3045 4451 3381 4520; x_wconf 87' lang='lat' dir='ltr'>dubiarum,</span> <span class='ocrx_word' id='word_1_737' title='bbox 3413 4458 3510 4510; x_wconf 89' lang='lat' dir='ltr'>sed</span> <span class='ocrx_word' id='word_1_738' title='bbox 3544 4457 3666 4510; x_wconf 86' lang='lat' dir='ltr'>evi-</span> 
     </span>
    </p>
   </div>
   <div class='ocr_carea' id='block_1_105' title="bbox 2029 4530 3666 4610">
    <p class='ocr_par' dir='ltr' id='par_1_105' title="bbox 2029 4530 3666 4610">
     <span class='ocr_line' id='line_1_106' title="bbox 2029 4530 3666 4610; baseline 0.01 -27"><span class='ocrx_word' id='word_1_739' title='bbox 2029 4530 2290 4585; x_wconf 88' lang='lat' dir='ltr'>dentium</span> <span class='ocrx_word' id='word_1_740' title='bbox 2323 4537 2379 4585; x_wconf 92' lang='lat' dir='ltr'>et</span> <span class='ocrx_word' id='word_1_741' title='bbox 2410 4533 2730 4588; x_wconf 89' lang='lat' dir='ltr'>meridiana</span> <span class='ocrx_word' id='word_1_742' title='bbox 2761 4535 3019 4591; x_wconf 87' lang='lat' dir='ltr'>claritate</span> <span class='ocrx_word' id='word_1_743' title='bbox 3068 4545 3516 4610; x_wconf 90' lang='lat' dir='ltr'>compertarum.</span> <span class='ocrx_word' id='word_1_744' title='bbox 3551 4547 3666 4599; x_wconf 89' lang='lat' dir='ltr'>Ta-</span> 
     </span>
    </p>
   </div>
   <div class='ocr_carea' id='block_1_106' title="bbox 2025 4617 3666 4687">
    <p class='ocr_par' dir='ltr' id='par_1_106' title="bbox 2025 4617 3666 4687">
     <span class='ocr_line' id='line_1_107' title="bbox 2025 4617 3666 4687; baseline 0.011 -17"><span class='ocrx_word' id='word_1_745' title='bbox 2025 4617 2165 4672; x_wconf 89' lang='lat' dir='ltr'>lium</span> <span class='ocrx_word' id='word_1_746' title='bbox 2191 4624 2548 4675; x_wconf 89' lang='lat' dir='ltr'>assertorum</span> <span class='ocrx_word' id='word_1_747' title='bbox 2582 4623 2931 4679; x_wconf 81' lang='lat' dir='ltr'>documenta</span> <span class='ocrx_word' id='word_1_748' title='bbox 2962 4643 3022 4680; x_wconf 90' lang='lat' dir='ltr'>se</span> <span class='ocrx_word' id='word_1_749' title='bbox 3054 4627 3263 4683; x_wconf 87' lang='lat' dir='ltr'>habere</span> <span class='ocrx_word' id='word_1_750' title='bbox 3295 4631 3516 4687; x_wconf 91' lang='lat' dir='ltr'>scilicet</span> <span class='ocrx_word' id='word_1_751' title='bbox 3547 4635 3666 4687; x_wconf 81' lang='lat' dir='ltr'>aie-</span> 
     </span>
    </p>
   </div>
   <div class='ocr_carea' id='block_1_107' title="bbox 2023 4707 3664 4782">
    <p class='ocr_par' dir='ltr' id='par_1_107' title="bbox 2023 4707 3664 4782">
     <span class='ocr_line' id='line_1_108' title="bbox 2023 4707 3664 4782; baseline 0.009 -22"><span class='ocrx_word' id='word_1_752' title='bbox 2023 4707 2165 4761; x_wconf 88' lang='lat' dir='ltr'>bant</span> <span class='ocrx_word' id='word_1_753' title='bbox 2223 4709 2533 4763; x_wconf 87' lang='lat' dir='ltr'>manifesta</span> <span class='ocrx_word' id='word_1_754' title='bbox 2581 4710 2862 4782; x_wconf 88' lang='lat' dir='ltr'>planeque</span> <span class='ocrx_word' id='word_1_755' title='bbox 2893 4716 3294 4772; x_wconf 88' lang='lat' dir='ltr'>convincentia</span> <span class='ocrx_word' id='word_1_756' title='bbox 3329 4720 3664 4775; x_wconf 85' lang='lat' dir='ltr'>testimonia</span> 
     </span>
    </p>
   </div>
   <div class='ocr_carea' id='block_1_108' title="bbox 2025 4796 3662 4872">
    <p class='ocr_par' dir='ltr' id='par_1_108' title="bbox 2025 4796 3662 4872">
     <span class='ocr_line' id='line_1_109' title="bbox 2025 4796 3662 4872; baseline 0.008 -22"><span class='ocrx_word' id='word_1_757' title='bbox 2025 4796 2375 4865; x_wconf 88' lang='lat' dir='ltr'>scriptorum</span> <span class='ocrx_word' id='word_1_758' title='bbox 2410 4797 2904 4866; x_wconf 88' lang='lat' dir='ltr'>authenticorum,</span> <span class='ocrx_word' id='word_1_759' title='bbox 2939 4819 3067 4872; x_wconf 57' lang='lat' dir='ltr'>quas</span> <span class='ocrx_word' id='word_1_760' title='bbox 3096 4807 3151 4856; x_wconf 88' lang='lat' dir='ltr'>et</span> <span class='ocrx_word' id='word_1_761' title='bbox 3178 4806 3490 4861; x_wconf 87' lang='lat' dir='ltr'>ambitiose</span> <span class='ocrx_word' id='word_1_762' title='bbox 3521 4825 3662 4863; x_wconf 87' lang='lat' dir='ltr'>con-</span> 
     </span>
    </p>
   </div>
   <div class='ocr_carea' id='block_1_109' title="bbox 2025 4885 3664 4959">
    <p class='ocr_par' dir='ltr' id='par_1_109' title="bbox 2025 4885 3664 4959">
     <span class='ocr_line' id='line_1_110' title="bbox 2025 4885 3664 4959; baseline 0.007 -21"><span class='ocrx_word' id='word_1_763' title='bbox 2025 4887 2279 4938; x_wconf 75' lang='lat' dir='ltr'>texentes</span> <span class='ocrx_word' id='word_1_764' title='bbox 2313 4885 2697 4953; x_wconf 83' lang='lat' dir='ltr'>proferebant.</span> <span class='ocrx_word' id='word_1_765' title='bbox 2724 4889 2800 4942; x_wconf 89' lang='lat' dir='ltr'>Ac</span> <span class='ocrx_word' id='word_1_766' title='bbox 2833 4890 2881 4942; x_wconf 87' lang='lat' dir='ltr'>si</span> <span class='ocrx_word' id='word_1_767' title='bbox 2912 4891 3066 4959; x_wconf 90' lang='lat' dir='ltr'>quod</span> <span class='ocrx_word' id='word_1_768' title='bbox 3103 4896 3436 4949; x_wconf 88' lang='lat' dir='ltr'>sanctorum</span> <span class='ocrx_word' id='word_1_769' title='bbox 3470 4913 3664 4951; x_wconf 86' lang='lat' dir='ltr'>asser-</span> 
     </span>
    </p>
   </div>
   <div class='ocr_carea' id='block_1_110' title="bbox 2024 4971 3660 5054">
    <p class='ocr_par' dir='ltr' id='par_1_110' title="bbox 2024 4971 3660 5054">
     <span class='ocr_line' id='line_1_111' title="bbox 2024 4971 3660 5054; baseline 0.009 -30"><span class='ocrx_word' id='word_1_770' title='bbox 2024 4975 2149 5025; x_wconf 92' lang='lat' dir='ltr'>tum</span> <span class='ocrx_word' id='word_1_771' title='bbox 2183 4971 2242 5025; x_wconf 88' lang='lat' dir='ltr'>in</span> <span class='ocrx_word' id='word_1_772' title='bbox 2276 4974 2630 5028; x_wconf 88' lang='lat' dir='ltr'>contrarium</span> <span class='ocrx_word' id='word_1_773' title='bbox 2680 4983 3089 5046; x_wconf 88' lang='lat' dir='ltr'>opponeretur,</span> <span class='ocrx_word' id='word_1_774' title='bbox 3124 4979 3378 5050; x_wconf 87' lang='lat' dir='ltr'>primum</span> <span class='ocrx_word' id='word_1_775' title='bbox 3412 4985 3660 5054; x_wconf 79' lang='lat' dir='ltr'>excipie-</span> 
     </span>
    </p>
   </div>
   <div class='ocr_carea' id='block_1_111' title="bbox 2022 5060 3659 5134">
    <p class='ocr_par' dir='ltr' id='par_1_111' title="bbox 2022 5060 3659 5134">
     <span class='ocr_line' id='line_1_112' title="bbox 2022 5060 3659 5134; baseline 0.009 -22"><span class='ocrx_word' id='word_1_776' title='bbox 2022 5060 2163 5113; x_wconf 90' lang='lat' dir='ltr'>bant</span> <span class='ocrx_word' id='word_1_777' title='bbox 2192 5060 2586 5128; x_wconf 84' lang='lat' dir='ltr'>arbitrarium,</span> <span class='ocrx_word' id='word_1_778' title='bbox 2617 5067 2680 5116; x_wconf 89' lang='lat' dir='ltr'>ut</span> <span class='ocrx_word' id='word_1_779' title='bbox 2730 5064 2861 5134; x_wconf 81' lang='lat' dir='ltr'>quis</span> <span class='ocrx_word' id='word_1_780' title='bbox 2893 5065 3124 5131; x_wconf 86' lang='lat' dir='ltr'>dixerit,</span> <span class='ocrx_word' id='word_1_781' title='bbox 3157 5068 3214 5122; x_wconf 91' lang='lat' dir='ltr'>id</span> <span class='ocrx_word' id='word_1_782' title='bbox 3251 5087 3400 5134; x_wconf 89' lang='lat' dir='ltr'>esse,</span> <span class='ocrx_word' id='word_1_783' title='bbox 3432 5071 3540 5126; x_wconf 90' lang='lat' dir='ltr'>hoc</span> <span class='ocrx_word' id='word_1_784' title='bbox 3571 5077 3659 5126; x_wconf 86' lang='lat' dir='ltr'>est</span> 
     </span>
    </p>
   </div>
   <div class='ocr_carea' id='block_1_112' title="bbox 2024 5148 3657 5221">
    <p class='ocr_par' dir='ltr' id='par_1_112' title="bbox 2024 5148 3657 5221">
     <span class='ocr_line' id='line_1_113' title="bbox 2024 5148 3657 5221; baseline 0.007 -21"><span class='ocrx_word' id='word_1_785' title='bbox 2024 5164 2125 5218; x_wconf 87' lang='lat' dir='ltr'>pro</span> <span class='ocrx_word' id='word_1_786' title='bbox 2158 5148 2281 5202; x_wconf 89' lang='lat' dir='ltr'>sola</span> <span class='ocrx_word' id='word_1_787' title='bbox 2323 5148 2618 5204; x_wconf 84' lang='lat' dir='ltr'>voluntate</span> <span class='ocrx_word' id='word_1_788' title='bbox 2668 5151 2795 5221; x_wconf 88' lang='lat' dir='ltr'>paci</span> <span class='ocrx_word' id='word_1_789' title='bbox 2841 5154 3203 5208; x_wconf 90' lang='lat' dir='ltr'>studentium</span> <span class='ocrx_word' id='word_1_790' title='bbox 3234 5158 3303 5210; x_wconf 90' lang='lat' dir='ltr'>ad</span> <span class='ocrx_word' id='word_1_791' title='bbox 3339 5159 3657 5213; x_wconf 83' lang='lat' dir='ltr'>concordiae</span> 
     </span>
    </p>
   </div>
   <div class='ocr_carea' id='block_1_113' title="bbox 2022 5237 3661 5307">
    <p class='ocr_par' dir='ltr' id='par_1_113' title="bbox 2022 5237 3661 5307">
     <span class='ocr_line' id='line_1_114' title="bbox 2022 5237 3661 5307; baseline 0.005 -17"><span class='ocrx_word' id='word_1_792' title='bbox 2022 5237 2224 5290; x_wconf 62' lang='lat' dir='ltr'>oblatae</span> <span class='ocrx_word' id='word_1_793' title='bbox 2257 5239 2789 5307; x_wconf 72' lang='lat' dir='ltr'>comprobationem</span> <span class='ocrx_word' id='word_1_794' title='bbox 2822 5243 3269 5296; x_wconf 82' lang='lat' dir='ltr'>accommodari.</span> <span class='ocrx_word' id='word_1_795' title='bbox 3291 5245 3507 5299; x_wconf 89' lang='lat' dir='ltr'>Deinde</span> <span class='ocrx_word' id='word_1_796' title='bbox 3525 5261 3661 5299; x_wconf 92' lang='lat' dir='ltr'>con-</span> 
     </span>
    </p>
   </div>
   <div class='ocr_carea' id='block_1_114' title="bbox 2020 5324 3655 5396">
    <p class='ocr_par' dir='ltr' id='par_1_114' title="bbox 2020 5324 3655 5396">
     <span class='ocr_line' id='line_1_115' title="bbox 2020 5324 3655 5396; baseline 0.003 -18"><span class='ocrx_word' id='word_1_797' title='bbox 2020 5325 2302 5378; x_wconf 86' lang='lat' dir='ltr'>cedebant</span> <span class='ocrx_word' id='word_1_798' title='bbox 2359 5324 2682 5379; x_wconf 82' lang='lat' dir='ltr'>faciendam</span> <span class='ocrx_word' id='word_1_799' title='bbox 2719 5343 2878 5380; x_wconf 56' lang='lat' dir='ltr'>‘sane</span> <span class='ocrx_word' id='word_1_800' title='bbox 2938 5343 3153 5396; x_wconf 87' lang='lat' dir='ltr'>pacem,</span> <span class='ocrx_word' id='word_1_801' title='bbox 3187 5331 3284 5382; x_wconf 87' lang='lat' dir='ltr'>sed</span> <span class='ocrx_word' id='word_1_802' title='bbox 3338 5335 3655 5383; x_wconf 84' lang='lat' dir='ltr'>tunc-tan-</span> 
     </span>
    </p>
   </div>
   <div class='ocr_carea' id='block_1_115' title="bbox 2017 5413 3656 5484">
    <p class='ocr_par' dir='ltr' id='par_1_115' title="bbox 2017 5413 3656 5484">
     <span class='ocr_line' id='line_1_116' title="bbox 2017 5413 3656 5484; baseline 0.003 -19"><span class='ocrx_word' id='word_1_803' title='bbox 2017 5418 2168 5477; x_wconf 88' lang='lat' dir='ltr'>tum,</span> <span class='ocrx_word' id='word_1_804' title='bbox 2202 5413 2431 5479; x_wconf 83' lang='lat' dir='ltr'>quando</span> <span class='ocrx_word' id='word_1_805' title='bbox 2465 5431 2579 5467; x_wconf 89' lang='lat' dir='ltr'>non</span> <span class='ocrx_word' id='word_1_806' title='bbox 2613 5414 2936 5478; x_wconf 69' lang='lat' dir='ltr'>exigeretur</span> <span class='ocrx_word' id='word_1_807' title='bbox 2965 5431 3289 5470; x_wconf 87' lang='lat' dir='ltr'>consensus</span> <span class='ocrx_word' id='word_1_808' title='bbox 3325 5418 3381 5469; x_wconf 91' lang='lat' dir='ltr'>in</span> <span class='ocrx_word' id='word_1_809' title='bbox 3433 5417 3489 5469; x_wconf 87' lang='lat' dir='ltr'>id</span> <span class='ocrx_word' id='word_1_810' title='bbox 3541 5434 3656 5484; x_wconf 85' lang='lat' dir='ltr'>quo</span> 
     </span>
    </p>
   </div>
   <div class='ocr_carea' id='block_1_116' title="bbox 2020 5500 3655 5572">
    <p class='ocr_par' dir='ltr' id='par_1_116' title="bbox 2020 5500 3655 5572">
     <span class='ocr_line' id='line_1_117' title="bbox 2020 5500 3655 5572; baseline 0.002 -18"><span class='ocrx_word' id='word_1_811' title='bbox 2020 5503 2198 5554; x_wconf 86' lang='lat' dir='ltr'>Deum</span> <span class='ocrx_word' id='word_1_812' title='bbox 2231 5500 2440 5554; x_wconf 79' lang='lat' dir='ltr'>offendi</span> <span class='ocrx_word' id='word_1_813' title='bbox 2473 5507 2764 5557; x_wconf 88' lang='lat' dir='ltr'>constaret</span> <span class='ocrx_word' id='word_1_814' title='bbox 2795 5517 2809 5557; x_wconf 86' lang='lat'><strong>:</strong></span> <span class='ocrx_word' id='word_1_815' title='bbox 2842 5519 3027 5572; x_wconf 88' lang='lat' dir='ltr'>neque</span> <span class='ocrx_word' id='word_1_816' title='bbox 3077 5503 3231 5556; x_wconf 90' lang='lat' dir='ltr'>enim</span> <span class='ocrx_word' id='word_1_817' title='bbox 3291 5505 3383 5558; x_wconf 85' lang='lat' dir='ltr'>Dei</span> <span class='ocrx_word' id='word_1_818' title='bbox 3426 5506 3655 5572; x_wconf 87' lang='lat' dir='ltr'>jactura</span> 
     </span>
    </p>
   </div>
   <div class='ocr_carea' id='block_1_117' title="bbox 2015 5589 3655 5659">
    <p class='ocr_par' dir='ltr' id='par_1_117' title="bbox 2015 5589 3655 5659">
     <span class='ocr_line' id='line_1_118' title="bbox 2015 5589 3655 5659; baseline 0.002 -16"><span class='ocrx_word' id='word_1_819' title='bbox 2015 5591 2162 5644; x_wconf 89' lang='lat' dir='ltr'>bene</span> <span class='ocrx_word' id='word_1_820' title='bbox 2193 5589 2678 5657; x_wconf 84' lang='lat' dir='ltr'>tranquillitatem</span> <span class='ocrx_word' id='word_1_821' title='bbox 2725 5591 2882 5656; x_wconf 89' lang='lat' dir='ltr'>emi;</span> <span class='ocrx_word' id='word_1_822' title='bbox 2945 5591 3247 5659; x_wconf 84' lang='lat' dir='ltr'>satiusque</span> <span class='ocrx_word' id='word_1_823' title='bbox 3290 5591 3475 5646; x_wconf 90' lang='lat' dir='ltr'>multo</span> <span class='ocrx_word' id='word_1_824' title='bbox 3527 5607 3655 5646; x_wconf 90' lang='lat' dir='ltr'>esse</span> 
     </span>
    </p>
   </div>
  </div>
