4130 6270
438 298 542 353 871

1732 280 2030 339 GEORGII
2068 279 2527 338 PACHYMERE

3715 271 3826 326 872

438 417 1088 494 vs'Sousv,-:1i5'c’}xsivov.
1116 413 1253 491 πρὸς
1311 412 1373 467 τὸ
1422 406 1860 480 καθολικώτερον
1897 423 2067 476 μετα-
2100 408 2273 478 Αγεν
2330 404 2534 466 ἐκεῖνος
2583 403 2728 475 τότε,
2790 402 2885 465 τὰς
2939 405 3048 458 τῶν
3118 396 3456 476 σχιζομένων
3524 389 3824 468 λαμϐάνων

441 513 712 588 φέροντες,
769 486 895 562 καὶο
916 504 1063 560 ἄλλα
1117 501 1346 557 πλεῖστα
1399 502 1626 555 τοιαῦτα
1677 492 2078 569 παρενείροντες

438 604 557 660 ταῖς
616 601 762 674 σφῶν
843 597 1197 671 σιργγραφαῖς,
1259 588 1531 662 παρίστων
1586 585 1685 653 τήν
1743 583 1931 659 πρᾶξιν
2000 581 2073 641 ὡς

441 686 730 762 σφαλερὰν.
784 687 883 741 Ἦν
943 682 998 736 δὲ
1047 683 1109 735 τὸ
1168 680 1432 752 ἑπόμενον
1488 674 1537 748 ἐξ
1588 674 1826 747 ἀνάγκης
1854 669 2074 746 γράφειν

438 777 683 831 κάκεῖνον
736 774 825 828 καὶ
880 772 1269 845 ἀπολογεῖσθαι
1325 766 1405 843 ἐφ’
1460 763 1667 834 ἑκάστῳ
1697 765 1800 816 τῶν
1843 758 2077 832 λεγομέ-

437 887 565 920 νων.
597 861 750 919 Ἀλλ’
786 859 945 920 εἰδὼς
978 843 1235 932 αἰρόμεναι
1265 851 1537 908 σκάνδαλα
1570 851 1641 910 ὡς
1682 845 1863 921 λόγων
1893 843 2079 920 λόγοις

442 953 797 1028 μαχομένων,
828 947 879 1018 ἐξ
922 948 993 1001 ὧν
1047 944 1145 1000 οὐκ
1194 938 1304 997 ἔστι
1349 937 1748 1011 διαδιδράσκειν
1780 935 1813 1003 ἢ
1850 932 2007 987 οὖσαν
2040 932 2075 1000 ἣ

438 1040 700 1096 δοκοῦσαν
734 1034 1067 1111 κατηγορίαν
1109 1032 1197 1086 ἐπὶ
1228 1024 1526 1104 παραϐάσει
1557 1030 1663 1079 τῶν
1697 1022 1958 1096 μειζόνων
1988 1022 2079 1075 τὸν

436 1132 727 1208 γράφοντα,
760 1126 941 1200 ἔμενεν
970 1127 1212 1200 ἡρεμων.
1245 1120 1349 1178 Καὶ
1396 1140 1459 1193 γε
1488 1122 1564 1188 τῷ
1595 1113 1889 1191 Ξιφιλίνῳ,
1922 1109 2077 1186 ἀνδρὶ

441 1196 658 1296 γἐραρῖρ
687 1196 773 1272 καὶ
793 1196 1032 1288 ’μεγάλω
1062 1211 1337 1280 οἰκονόμῳ
1355 1214 1454 1276 τῆς
1482 1201 1808 1272 Ἐκγλησίας
1831 1196 1966 1267 ὄντι,
1993 1200 2075 1268 [Ρ.

437 1285 564 1379 έ82]
596 1306 1017 1376 καθυπισχνεῖτο
1054 1299 1128 1371 μὴ
1160 1296 1220 1350 ἂν
1262 1295 1352 1350 καὶ
1401 1293 1601 1367 γράψαι
1633 1289 1764 1344 ποτέ
1795 1286 1868 1349 ε”ς
1899 1285 2079 1362 ἀντίρ-

444 1375 601 1471 ῥησῖν
635 1375 905 1462 δηθενία
958 1390 1049 1455 Μὴ
1111 1384 1373 1456 δόξωμεν,
1435 1380 1590 1457 φησὶ,
1647 1383 1762 1438 τοῖς
1809 1375 2082 1448 κειμένοις

444 1484 935 1559 παρεγχειροῦντες
986 1473 1082 1530 κᾶν
1143 1475 1171 1528 ὅ
1224 1494 1275 1526 τι
1333 1470 1605 1545 λέγοιμεν.
1673 1464 1936 1522 Ἐκείνοις
1989 1463 2082 1534 μὲν

444 1570 661 1626 δοκοῦσι
712 1568 1062 1637 νεωτερισμῷ
1116 1583 1221 1615 τινι
1283 1560 1369 1613 ἐπὶ
1434 1562 1549 1617 τοῖς
1615 1550 2084 1621 ἐκκλησιαστικοῖς

444 1659 614 1731 ὁμόσε
638 1660 841 1731 χωρεῖν
875 1653 963 1707 καὶ
1021 1649 1231 1724 ἀνέχειν
1282 1647 1583 1715 πειρᾶσθαι,
1628 1642 1724 1695 κᾶν
1755 1638 1807 1693 εἷ’
1828 1660 1879 1693 τι
1907 1643 2081 1716 φαῖεν,

444 1746 809 1823 κᾶνορανερῶς
866 1741 956 1795 καὶ
1012 1743 1127 1799 τοῖς
1180 1734 1450 1807 κειμένοις
1507 1728 1896 1805 προσκρούοιεν
1953 1723 2079 1800 δόγ-

447 1856 627 1909 μασιν,
690 1831 960 1904 αὐτάρκης
1014 1826 1266 1899 ἀποφυγή
1322 1823 1384 1877 τὸ
1444 1821 1575 1893 ὑπὲρ
1625 1812 2080 1886 τῆςἘκκλησίας

444 1923 601 1992 δῆθεν
626 1919 896 1985 ἵστασθαι,
945 1915 1037 1970 καὶ
1084 1915 1183 1981 τήν
1232 1919 1330 1979 τῆς
1382 1903 1703 1984 ἐργολαϐίας
1736 1909 1920 1976 πεῖραν
1953 1901 2078 1978 ῥᾷον

443 2010 742 2067 ἐκκλίνοιεν
784 2006 866 2061 ἂν·
918 2008 1052 2077 ἡμῖν
1088 2000 1165 2068 δὲ,
1221 2002 1315 2053 κᾶν
1375 1997 1442 2051 τὰ
1500 1995 1767 2073 φανότατα
1797 1989 2078 2066 λέγοιμεν,

445 2101 722 2176 ἀγαπητὸν
784 2096 832 2150 εἶ’
893 2096 967 2167 μή
1020 2089 1427 2167 προσεήοίμεθα
1488 2085 1676 2158 μόνον,
1708 2080 1851 2137 ἀλλὰ
1885 2082 1959 2153 μὴ
1993 2078 2081 2133 καὶ

448 2191 571 2265 περί
603 2190 811 2262 τροπῆς
867 2186 974 2237 τῶν
1031 2179 1290 2251 κειμένων
1338 2174 1649 2253 φεύγοιμεν.
1700 2194 1727 2222 ››
1779 2165 2081 2223 Ταῦτ’ἒλε-

449 2410 768 2467 decertare,
794 2399 891 2455 nbi
923 2416 993 2454 ne
1022 2415 1056 2451 a
1085 2398 1202 2451 Deo
1232 2408 1482 2463 veraque
1520 2387 1800 2459 religione
1857 2386 2090 2441 excida-

448 2513 581 2550 mus
632 2506 885 2563 praesens
934 2486 1256 2558 periculum
1305 2481 1399 2536 sit.
1432 2478 1597 2534 Talia
1626 2476 1709 2530 illi
1744 2476 1802 2530 in
1834 2474 2085 2530 maxime

447 2561 796 2640 catholicam
854 2576 1285 2631 conformantes
1316 2567 1568 2639 speciem
1601 2564 1936 2619 scribebant
1965 2561 2084 2616 dis-

447 2673 852 2738 serebantque,
881 2662 1065 2717 multa
1085 2661 1145 2714 in
1166 2675 1294 2712 eam
1318 2654 1665 2711 sententiam
1690 2650 1973 2706 accuratis
1996 2648 2082 2704 lu-

449 2755 891 2818 cubrationibus
950 2746 1341 2823 plausibiliter
1416 2745 1817 2814 congerentes,
1869 2739 2085 2808 quibus

451 2848 755 2919 appareret
803 2855 1015 2910 anceps
1064 2835 1220 2891 istud
1254 2837 1439 2888 totum
1476 2847 1542 2886 ac
1574 2827 1813 2900 periculi
1845 2825 2082 2897 plenum

447 2914 627 2990 videri
661 2932 870 2987 debere
900 2925 1219 2997 negotium.
1258 2923 1335 2977 Ea
1364 2919 1461 2975 ille
1516 2918 1735 2988 legens,
1769 2914 2084 2968 necessita-

446 3029 563 3079 tem
596 3021 795 3076 subire
816 3016 1121 3071 videbatur
1152 3009 1519 3066 manifestam
1550 3003 1782 3074 scriptis
1814 3001 1925 3055 ista
1950 3015 2084 3054 con-

445 3111 644 3166 trariis
668 3104 966 3163 refellendi
999 3096 1533 3171 respondenditque
1556 3090 1857 3163 sigillatim
1883 3090 1950 3143 ad
1975 3087 2085 3142 sin-

449 3199 606 3272 gula.
658 3196 767 3251 Sed
825 3193 979 3246 idem
1040 3186 1350 3259 providens
1405 3198 1474 3237 ex
1531 3181 1642 3234 isto
1702 3178 1979 3233 aientium
2031 3181 2088 3229 et

452 3263 789 3357 negantium
812 3277 1085 3335 conflictu
1116 3273 1468 3343 scriptorum
1489 3273 1765 3339 eruptura
1792 3263 2086 3331 scandala,

452 3351 603 3432 raris
632 3369 943 3427 lectoribus
973 3381 1040 3417 ea
1071 3362 1198 3416 luce
1235 3359 1411 3414 animi
1444 3355 1799 3428 vigentibus,
1829 3362 1885 3407 ut
1919 3351 2088 3407 blan—

455 3464 708 3518 dientem
730 3457 1005 3524 utrinque
1026 3452 1085 3506 in
1109 3447 1439 3503 commissis
1458 3445 1701 3500 invicem
1726 3440 2090 3514 argumentis

455 3545 865 3604 altercantium
879 3535 1418 3595 verisimilitudinis
1436 3533 1683 3605 speciem
1711 3547 1854 3586 sano
1875 3528 2089 3601 judicio

455 3635 873 3698 discernerent,
905 3645 1009 3683 nec
1052 3626 1216 3681 facile
1273 3623 1537 3695 scriptori
1597 3620 1864 3692 quamvis
1923 3623 2091 3672 cauto

455 3727 574 3782 fore
588 3739 715 3780 eam
741 3721 797 3774 in
818 3717 918 3772 tali
939 3716 1241 3771 tractando
1266 3715 1610 3783 argumento
1635 3706 2092 3763 moderationem

455 3820 670 3879 tenere,
704 3814 768 3865 ut
798 3808 941 3863 satis
971 3821 1094 3862 sese
1127 3801 1497 3857 subtraheret
1546 3797 1955 3869 plerorumque
2000 3808 2090 3846 re-

456 3897 969 3976 prehensionibus,
1002 3893 1154 3948 416
1186 3906 1383 3945 verum
1417 3887 1468 3943 ei
1498 3891 1597 3941 aut
1628 3899 1914 3956 apparens
1946 3897 2089 3952 prae-

458 3969 824 4046 varicationis
854 3986 912 4039 in
943 3983 1116 4037 rebus
1149 3976 1422 4034 maximis
1454 3975 1672 4030 crimen
1726 3969 2092 4042 impacturis,

457 4077 786 4135 sustinebat
825 4089 886 4127 se
933 4089 961 4125 ο
1015 4067 1322 4124 scribendo
1376 4064 1723 4135 quietusque
1778 4058 2093 4131 perstabat.

454 4167 601 4231 Quin
634 4168 691 4219 et
720 4159 1012 4232 Xiphilino
1034 4158 1158 4211 viro
1181 4153 1363 4226 gravi,
1390 4167 1601 4221 magno
1633 4154 1773 4204 tunc
1799 4161 2096 4202 oeconomo

456 4253 734 4319 ecclesiae,
756 4245 1125 4305 confirmavit
1152 4260 1213 4297 se
1235 4242 1389 4296 haud
1419 4254 1715 4309 quaquam
1740 4238 2097 4291 commenta-

456 4343 563 4399 riis
614 4341 743 4410 ejus
797 4334 1028 4409 generis
1080 4329 1494 4385 elucubrandis
1551 4342 1782 4397 operam
1841 4339 2095 4393 unquam

456 4434 733 4488 daturum
757 4443 770 4480 :
794 4430 876 4479 Ne
896 4422 1217 4485 videamur,
1241 4415 1563 4488 inquiebat,
1584 4412 1759 4469 semel
1782 4411 2101 4467 constituta

2179 491 2279 546 ἀνὰ
2333 498 2521 569 χεῖρας
2577 493 2812 570 γραφὰς,
2869 494 2954 553 αἷς
3013 487 3157 545 πολὺ
3214 487 3276 542 τὸ
3331 485 3522 560 ςαθρὸν
3564 483 3820 559 ἐχούσαις

2180 578 2264 635 ἐπὶ
2299 579 2442 636 πολὺ
2475 583 2558 642 οἷς
2612 579 2801 654 ἔλεγον
2860 577 3119 634 ἐϐούλετο
3177 577 3269 649 μὶν
3324 573 3641 648 ἀντιλέγειν,
3673 572 3819 627 ἐπεί-

2252 691 2278 702 -
2550 666 2578 687 Ἰ
2687 668 2707 710 ἐ
2911 668 2925 687 ε
3064 672 3112 699 ὐ
3282 662 3296 682 9
3340 661 3362 679 Ν
3424 661 3475 695 λ’
3600 657 3625 681 Ἰ
3748 659 3803 677 Ἇι

2183 688 2313 744 χειο
2406 702 2449 740 ε,
2506 690 2601 723 καν
2652 666 2812 732 τυλος
2865 689 2964 736 την
3021 686 3209 739 πειραν
3244 685 3304 718 ου
3337 662 3538 736 οιέορα,
3597 673 3713 723 οθεν
3746 680 3812 729 οη

2179 757 2267 812 καὶ
2322 757 2560 818 πολλοῖς
2617 756 3043 829 περιπεπιτώκει
3095 757 3212 813 τοῖς
3269 749 3558 826 χαλεποῖς.
3611 754 3744 802 Τοτε
3773 745 3821 801 δ’

2185 844 2264 921 ἐφ’
2295 845 2528 919 ἡμέραις
2576 847 2645 917 τῇ
2700 842 2886 917 Λαόρᾳ
2931 846 3412 917 προσ-καρτερήσας
3441 836 3530 891 καὶ
3576 838 3823 908 καθαρῶς

2184 934 2402 1008 ὑγιάνας
2478 932 2552 994 εἷς
2638 929 3209 986 Κωνσταντινοόπολιν
3283 927 3659 1001 ἐπανέστρεφε,
3744 928 3825 995 τῷ

2181 1024 2385 1095 Ἰωσὴφ
2420 1021 2536 1093 μεθ’
2565 1019 2891 1095 ἱλαρότητος
2919 1017 3331 1090 συνταξάμενος.

2359 1165 2455 1218 xtl‘.
2488 1165 2607 1219 ’Έτι
2633 1164 2699 1217 τὰ
2726 1162 2862 1216 κατὰ
2901 1161 2995 1216 τὸν
3046 1161 3391 1236 πατριάρχην
3424 1158 3646 1234 Ἰωσηφ.

2251 1286 2367 1341 Οὐκ
2394 1282 2522 1354 ἧνδέ
2550 1306 2697 1347 τινας
2744 1285 2971 1358 ἠρεμεῖν
3019 1282 3278 1353 ἐντεῦοεν,
3311 1280 3449 1335 ὥστε
3475 1280 3566 1333 καὶ
3591 1279 3682 1333 τὸν
3714 1280 3831 1334 Ἰωο

2184 1375 2293 1450 σήφ
2340 1371 2510 1427 ἐκεῖσε
2564 1374 2873 1444 καθήμενον
2931 1371 3317 1439 ἀναπαύεσθαι,
3372 1366 3499 1423 ἀλλ’
3559 1369 3829 1439 ὁσημέραι

2183 1465 2620 1538 προσεοιτῶντες
2649 1459 2940 1535 ἠνώχλουν
2994 1458 3086 1513 τὸν
3138 1455 3306 1532 ἂνδρα
3352 1456 3442 1511 καὶ
3474 1460 3700 1529 συχναῖς
3732 1474 3828 1508 περ

2186 1545 2475 1623 ριέϐαλλον
2510 1547 2824 1623 ἀσχολίαις,
2870 1546 2960 1601 τὸν
3013 1547 3179 1602 αὐτοῦ
3230 1544 3396 1614 ζῆλον
3436 1544 3679 1618 (καὶγὰρ
3708 1543 3830 1596 κατ’

2187 1638 2371 1713 ὀλίγον
2404 1637 2703 1710 κατέψυκτο
2736 1641 2803 1710 τῇ
2834 1640 2940 1691 τῶν
2971 1656 3188 1707 τροπων
3221 1632 3515 1705 ἁπλότητι)
3546 1631 3827 1699 ἀναζωπυ-

2193 1731 2407 1803 ροῦντες
2441 1727 2556 1779 οἷον
2586 1725 2676 1779 καὶ
2726 1725 2860 1799 πρὸς
2912 1727 2992 1797 [Ρ.
3042 1725 3167 1795 283]
3215 1723 3308 1777 τὸν
3357 1722 3681 1796 θερμότερον
3715 1717 3833 1772 διε-

2187 1814 2476 1892 γείροντες.
2508 1815 2609 1869 Ἦν
2636 1812 2736 1887 γάρ
2790 1814 2817 1866 ὁ
2876 1813 3011 1886 ἀνὴρ
3078 1810 3164 1865 ἐπὶ
3219 1813 3476 1864 τοσοῦτον
3523 1807 3712 1874 ἱλαρὸς
3742 1806 3834 1860 καὶ

2195 1903 2438 1977 μέτριος,
2499 1899 2636 1955 ὥστε
2691 1900 2780 1955 καὶ
2839 1898 2987 1973 εἷ’περ
3046 1899 3205 1973 χρεία
3258 1899 3465 1972 γεγόνει
3521 1897 3671 1957 τινὰς
3724 1899 3836 1949 τῶν

2186 1995 2257 2065 τῇ
2312 1989 2613 2060 Ἐκκλησία
2666 1988 3073 2043 κοινωνούντων
3132 1990 3464 2063 προσφοιτᾷν
3521 1985 3731 2055 ἐκείνῳ,
3784 1985 3838 2037 οἱ

2192 2077 2237 2134 δ’
2296 2078 2493 2146 ἤθελον
2546 2077 2912 2151 εὐλογεῖσθαι,
2974 2077 3136 2148 μόνον
3190 2076 3255 2144 ἦν
3314 2073 3547 2135 ἐκείνους
3590 2073 3836 2146 προσπί-

2192 2188 2342 2223 πτειν
2370 2167 2459 2221 καὶ
2489 2168 2588 2235 τήν
2639 2164 2886 2242 εὐλογίαν
2946 2165 3241 2235 ἐπιζητεῖν,
3298 2162 3387 2218 καὶ
3445 2161 3600 2217 αὐτὸν
3640 2161 3836 2223 εὐθέως

2196 2384 2522 2455 captatione
2577 2383 2940 2450 declinanda,
2974 2398 3089 2453 qua
3127 2386 3427 2451 utcunque
3483 2396 3585 2450 pro
3632 2384 3835 2434 nostra

2197 2481 2361 2545 parte
2382 2472 2711 2527 clarissima
2731 2474 3077 2541 argumenta
3098 2469 3581 2540 proferamus,vix
3600 2484 3837 2540 sperare

2198 2577 2515 2633 possumus
2545 2563 2916 2614 assecuturos
2966 2574 3073 2612 nos
3117 2561 3181 2612 ut
3227 2573 3357 2627 quae
3386 2556 3833 2626 allegaverimus

2196 2653 2416 2705 attente
2469 2651 2934 2719 cognoscantur;
2969 2644 3154 2701 multo
3211 2650 3405 2700 autem
3456 2645 3837 2702 verisimilius

2197 2738 2405 2793 timere
2435 2751 2753 2807 possumus
2780 2751 2851 2790 ne
2879 2733 3045 2789 nobis
3072 2734 3394 2805 imputetur
3420 2734 3641 2790 reﬁctio
3671 2751 3838 2791 revo-

2199 2825 2463 2896 catioque
2487 2824 2544 2877 in
2571 2823 2815 2877 dubium
2847 2821 3028 2877 semel
3057 2821 3216 2876 omni
3248 2821 3521 2878 ﬁrmitate
3550 2823 3839 2879 constitu-

2195 2918 2390 2968 torum
2423 2913 2765 2981 dogmatum
2798 2927 2812 2977 ;
2846 2909 3001 2980 quod
3035 2910 3296 2965 odiosius
3320 2915 3376 2964 et
3408 2911 3578 2967 nobis
3610 2912 3839 2983 fugien-

2194 3002 2334 3055 dum
2368 2998 2455 3055 vel
2490 2997 2737 3053 maxime
2789 2997 3009 3053 crimen
3041 3005 3145 3053 est.
3183 2997 3257 3052 Ea
3289 3002 3425 3053 tunc
3457 2997 3555 3054 ille
3587 3000 3835 3067 dicebat,

2200 3088 2429 3161 quoties
2467 3086 2525 3142 in
2560 3103 2771 3141 manus
2802 3089 3059 3141 sumeret
3088 3085 3430 3142 haerentium
3462 3086 3654 3142 adhuc
3683 3088 3836 3144 schi-

2201 3176 2375 3231 smati
2407 3175 2858 3230 commentarios
2889 3178 3234 3241 auctorum;
3267 3190 3414 3244 quos
3457 3180 3652 3232 tamen
3700 3193 3834 3232 cum

2202 3261 3132 3334 deindelegeret,animadvertens
3157 3262 3398 3317 multam
3420 3279 3621 3319 eorum
3649 3265 3837 3321 labem

2202 3350 2904 3421 fraudemque,impetum
2923 3349 3216 3405 interdum
3248 3351 3514 3422 capiebat
3542 3353 3835 3409 refutandi

2203 3440 2505 3510 splendide
2523 3456 2650 3511 quae
2669 3438 3025 3494 mendaciter
3052 3438 3517 3505 afﬁrmabantur,
3539 3448 3597 3497 et
3626 3443 3835 3499 fucatis

2204 3527 2740 3585 ratiocinationibus
2761 3525 3101 3581 detrahendi
3120 3526 3359 3583 larvam.
3377 3529 3484 3585 Sed
3509 3531 3835 3597 tenebatur,

2204 3634 2277 3673 ne
2310 3617 2364 3671 id
2399 3616 2627 3684 faceret,
2661 3631 2729 3670 ea
2773 3630 2950 3685 quam
2997 3614 3116 3669 dixi
3164 3616 3427 3685 ratione;
3478 3635 3597 3690 qua
3643 3624 3837 3676 tamen

2204 3721 2485 3762 excussus
2518 3704 2587 3759 ad
2614 3708 2939 3759 extremum
2972 3709 3081 3772 est,
3110 3703 3306 3760 venire
3337 3721 3574 3762 coactus
3621 3709 3694 3763 ad
3742 3726 3839 3765 ex-

2208 3793 2592 3864 perimentum
2645 3790 2863 3861 scripto
2912 3790 3249 3862 disputandi
3305 3796 3584 3851 adversus
3638 3802 3841 3853 contra

2206 3880 2558 3947 sentientes;
2593 3880 2744 3935 unde
2775 3879 2833 3933 in
2864 3878 3079 3935 multas
3107 3885 3165 3935 et
3193 3897 3396 3951 graves
3429 3884 3674 3955 contigit
3702 3901 3836 3940 eum

2206 3968 2512 4040 angustias
2545 3967 2814 4023 incidere.
2850 3969 3011 4022 Tunc
3059 3974 3252 4024 autem
3285 3975 3378 4026 sat
3405 3971 3604 4028 multis
3632 3972 3839 4029 diebus

2207 4058 2535 4112 diversatus
2584 4056 2739 4125 apud
2786 4059 3059 4124 Luuram,
3085 4062 3143 4111 et
3167 4057 3288 4126 jam
3321 4058 3488 4129 plene
3535 4061 3839 4117 restitutus

2207 4144 2545 4209 valetudini,
2577 4143 3143 4214 Constantinopolim
3192 4147 3444 4213 revertit,
3477 4147 3733 4205 salutato
3780 4150 3838 4204 in

2206 4233 2470 4305 digressu
2495 4230 2920 4287 humanissime
2946 4231 3224 4305 Josepho.

2360 4372 2449 4425 29.
2482 4371 2662 4426 Adhuc
2689 4371 2755 4425 de
2780 4372 3012 4444 Josepho
3043 4375 3316 4445 quondam
3344 4379 3688 4445 patriarcha.

705 4518 763 4570 in
815 4513 1063 4567 dubium
1114 4483 1341 4572 vocare,
1371 4505 1539 4577 quasi
1588 4520 1714 4575 quae
1764 4501 1943 4556 semel
1987 4501 2101 4554 lixa
2132 4483 2175 4547 D
2277 4497 2424 4551 417
2477 4500 2556 4550 De
2606 4493 2831 4565 reliquo
2858 4495 3012 4551 haud
3048 4501 3314 4568 poterant
3342 4501 3584 4570 quidam
3613 4505 3702 4560 vel
3730 4505 3844 4576 ipsi

458 4616 654 4666 tenere
686 4601 1070 4666 decrevimus,
1094 4614 1159 4652 eo
1184 4597 1309 4666 ipso
1341 4595 1397 4648 in
1431 4590 1878 4647 concertationis
1909 4588 2094 4643 aleam

462 4698 532 4751 de
580 4711 725 4749 novo
777 4689 1090 4761 jaciamus,
1134 4684 1285 4755 quod
1346 4698 1479 4737 cum
1530 4681 1600 4735 iis
1647 4678 1750 4752 qui
1809 4676 2098 4733 contraria

463 4785 655 4857 palam
707 4778 968 4835 sentiunt
998 4790 1261 4847 quosque
1292 4789 1395 4842 pro
1427 4769 1803 4824 novatoribus
1832 4767 1891 4822 in
1925 4766 2098 4821 rebus

462 4856 871 4930 ecclesiasticis
901 4865 1209 4927 habemus,
1246 4862 1398 4916 ultro
1429 4858 1853 4914 descendemus
1891 4856 1946 4909 in
1980 4870 2100 4909 cer-

465 4966 658 5016 tamen
711 4957 913 5011 audire
960 4964 1425 5023 cognoscereque
1457 4947 1815 5001 sustinentes
1843 4943 1985 5013 quid
2017 4940 2100 4996 illi

462 5066 568 5123 pro
618 5065 680 5103 se
728 5045 999 5115 allegent.
1034 5041 1179 5095 Cum
1238 5038 1392 5093 enim
1454 5034 1829 5090 manifestum
1881 5032 1957 5085 sit
2004 5047 2102 5086 eos

466 5118 647 5194 semel
705 5137 924 5191 statuta
980 5135 1223 5199 rataque
1279 5125 1475 5179 habita
1531 5120 1724 5176 conari
1784 5118 2104 5173 convellere

467 5226 763 5295 dogmata,
788 5236 969 5276 unum
1004 5217 1171 5272 nobis
1203 5216 1475 5284 idemque
1510 5209 1809 5265 sufﬁciens
1830 5208 2103 5262 adversus

467 5312 781 5368 instantiae
804 5323 1003 5363 eorum
1024 5320 1248 5370 omnes,
1272 5301 1333 5355 in
1356 5298 1644 5355 contrario
1676 5296 1981 5368 palamque
2004 5311 2104 5366 pro

469 5400 637 5457 nobis
686 5401 874 5453 stante
929 5393 1189 5449 Ecclesiae
1236 5402 1543 5454 consensu,
1596 5388 1755 5457 patet
1801 5383 2103 5456 effugium,

468 5507 584 5561 quo
616 5487 846 5543 abunde
868 5480 1115 5546 securis,
1140 5477 1299 5533 nullo
1320 5476 1431 5530 fine
1460 5473 1889 5528 miscendarum
1915 5472 2107 5527 litium

472 5594 538 5635 ac
562 5575 916 5648 jurgiorum,
960 5571 1093 5626 licet
1122 5567 1291 5624 nobis
1322 5563 1735 5636 compendium
1767 5562 1952 5618 facere
1982 5561 2108 5617 dis-

2204 4585 2498 4657 quiescere
2520 4582 2606 4638 vel
2627 4583 2927 4654 quiescere
2948 4584 3138 4641 sinere
3161 4587 3449 4644 fruentem
3473 4591 3585 4646 isto
3605 4608 3840 4649 secessu

2203 4672 2654 4745 Josephum,sed
2678 4671 3040 4743 quotidianis
3060 4673 3359 4731 hominem
3380 4679 3699 4735 turbabant
3714 4698 3844 4736 con-

2207 4762 2530 4836 gressibus,
2554 4759 2801 4815 multum
2832 4762 2882 4815 ei
2916 4763 3132 4833 negotii
3155 4764 3533 4833 facessentes,
3552 4768 3695 4824 dum
3719 4772 3846 4840 ejus

2209 4850 2706 4921 languescentem,
2733 4853 2795 4903 ut
2813 4851 3229 4921 querebantur,
3257 4852 3433 4910 nimis
3457 4871 3691 4912 morum
3712 4859 3848 4913 sim-

2213 4939 2466 5010 plicitate
2494 4935 2684 4992 zelum
2716 4937 2967 4993 excitare
2998 4955 3064 4993 ac
3094 4939 3265 5011 quasi
3307 4942 3590 5014 subjectis
3621 4946 3845 5001 facibus

2211 5027 2527 5083 accendere
2549 5026 2869 5081 tentabant.
2896 5027 3028 5081 Erat
3048 5032 3244 5083 autem
3269 5030 3315 5085 is
3340 5037 3458 5086 tam
3492 5033 3750 5089 remisse
3779 5051 3844 5090 ac

2211 5115 2394 5171 comis
2426 5118 2645 5169 natura;
2678 5114 2785 5180 vir,
2810 5120 2875 5169 ut
2913 5115 2963 5169 si
2994 5115 3087 5171 cui
3120 5132 3321 5172 eorum
3356 5118 3455 5189 qui
3483 5135 3619 5174 cum
3656 5121 3841 5177 Eccle-

2214 5206 2302 5260 sia
2331 5201 2839 5258 communicabant
2867 5220 3045 5259 causa
3074 5203 3379 5260 incidisset
3410 5208 3664 5262 adeundi
3696 5211 3843 5277 ejus,

2214 5296 2271 5348 et
2296 5290 2395 5363 qui
2420 5290 2745 5360 accedebat,
2777 5290 2946 5346 vellet
2994 5292 3415 5349 benedictionis
3446 5294 3634 5365 ipsius
3667 5298 3847 5367 parti-

2214 5397 2349 5452 ceps
2374 5379 2516 5445 fieri,
2540 5396 2654 5435 non
2676 5396 2822 5450 opus
2851 5380 2961 5435 alio
2994 5380 3231 5437 haberet
3263 5398 3436 5452 quam
3471 5383 3770 5453 procidere
3791 5391 3848 5440 et

2214 5468 2671 5524 benedictionem
2730 5473 2927 5539 petere
2960 5485 2973 5522 :
3007 5470 3204 5524 statim
3249 5470 3406 5526 enim
3437 5487 3847 5545 quemcunque

2218 5559 2290 5616 ad
2322 5556 2793 5614 communionem
2840 5558 3169 5615 admissum
3211 5558 3428 5631 prolixe
3475 5559 3849 5633 impertiebat
