4110 6280
265 313 378 369 873

1338 311 1435 367 DE
1470 307 1837 364 MICHAELE
1876 306 2319 364 PALEOLOGO
2354 308 2485 362 LIB.
2528 307 2599 361 ν.

3552 309 3657 364 874

263 438 550 491 κοινωνεῖν
599 432 823 494 ἐκείνοις
869 437 975 488 τῶν
1026 431 1381 507 χαρισμὲτων
1431 428 1528 486 τοῖ’)
1567 431 1903 501 ΙΙνευματος·
1938 432 1987 495 Α
2016 449 2147 497 των,
2186 429 2259 499 μὴ
2294 427 2377 482 ὅτι
2406 449 2465 502 γε
2494 432 2599 482 τῶν
2647 428 2935 503 γνωρίμων
2992 430 3227 503 συχνοὺς
3259 431 3333 492 εἷς
3364 430 3657 505 παράλλη-

262 523 295 579 ὅ
326 523 415 577 καὶ
444 526 561 585 τοῖς
590 522 713 592 περὶ
746 521 947 575 ἐκεῖνον
980 520 1067 574 καὶ
1117 517 1336 580 λοιποῖς
1382 516 1573 579 ἃλλοις
1606 518 1703 571 οὐκ
1733 516 1909 571 οἰστὸν

264 613 360 680 ἦν.
412 612 517 664 Διὰ
562 613 722 663 τοῦτο
771 609 862 662 καὶ
910 609 1179 680 ὁσημέραι
1208 611 1649 680 προσφοιτῶντες
1691 605 1913 679 ἀνεθαρ-

271 699 427 774 ῥυνον
462 697 629 751 πλέον
680 696 815 770 πρὸς
857 696 917 749 τὸ
962 694 1163 757 τελέως
1212 692 1511 767 σχίζεσθαι.
1564 694 1722 749 Τοῦτ’
1754 692 1914 745 ἀκου-

268 787 393 850 σθὲν
425 790 505 857 τῷ
533 788 839 859 κρατοῦντι,
892 784 918 836 ὁ
968 779 1026 835 δὲ
1074 781 1452 857 πληροφορίαν
1502 782 1602 848 τήν
1653 779 1727 840 είς
1777 778 1917 832 ἐκεῖ-

269 897 366 928 νον
400 873 605 941 ἐκείνην
640 871 810 945 ἀφεὶς,
840 872 928 925 καὶ
975 871 1036 924 τὸ
1087 868 1169 923 ἐπὶ
1223 869 1458 929 πολλοῖς
1489 867 1915 942 συγκεχωρηκὸς

269 962 332 1017 ἐκ
363 959 666 1035 προθέσεως
725 959 786 1013 οὐ
843 957 981 1011 πάνυ
1044 958 1287 1029 μετρίας,
1349 957 1422 1017 ὡς
1484 956 1547 1009 οὐ
1598 954 1781 1009 δίκαια
1808 958 1913 1007 πα-

272 1070 424 1125 σχων
476 1048 871 1123 κατεμέμφετο,
928 1045 975 1099 εἴ
1032 1046 1189 1107 αὐτὸς
1250 1046 1341 1115 μὲν
1406 1042 1767 1113 συνήδεταίοὶ
1797 1047 1913 1102 ταῖς

270 1136 625 1194 ἀλθαπούσεσιν
682 1137 738 1197 ὗς
792 1135 932 1195 εἰκὸς
980 1132 1561 1208 προσαποδεχόμενος,
1622 1131 1825 1194 ἐκεῖνος
1869 1129 1911 1184 δ’

272 1226 497 1303 ἀνδράσι
570 1228 929 1301 προσφέρεται
1004 1225 1245 1296 εὐμενῶς
1322 1223 1413 1277 καὶ
1491 1223 1704 1282 οἰκείως
1777 1222 1914 1274 πάνυ

268 1316 413 1371 πολὺ
446 1316 505 1369 τὸ
537 1315 671 1389 πρὸς
734 1312 891 1367 αὐτὸν
950 1311 1228 1378 διεστηκὸς
1284 1310 1528 1385 ἔχουσιν,
1570 1309 1704 1363 ὥστε
1734 1310 1820 1362 καὶ
1854 1309 1915 1362 τὸ

270 1410 430 1476 σῶμα
474 1386 822 1474 κατατέμνειν
877 1404 976 1465 τῆς
1032 1400 1386 1468 Ἐκκλησίας,
1448 1402 1658 1473 Χρῆναι
1690 1396 1735 1451 δ’
1777 1396 1915 1451 ἐκεί-

265 1514 394 1555 νους
424 1492 592 1563 αὐτῷ,
652 1490 741 1544 καὶ
800 1492 873 1562 μὴ
936 1490 1097 1543 αὐτὸν
1153 1488 1329 1565 σφίσιν
1390 1482 1626 1557 ἕπεσθαι,
1689 1486 1909 1559 ἐχθροῖς

268 1579 553 1655 ἀριὸήλως
584 1576 699 1633 οὖσι
732 1580 820 1631 καὶ
870 1576 957 1631 ἐπὶ
1007 1582 1123 1637 τοῖς
1176 1576 1447 1649 μεγίστοις
1481 1573 1910 1650 διαφερομένοις.

268 1665 605 1739 Προῧπεμπε
659 1666 839 1719 τοίνυν
916 1663 1043 1726 τοὺς
1126 1663 1456 1737 ἀπεροῦντας
1516 1663 1590 1734 μὴ
1662 1659 1907 1735 δέχεσθαι

269 1762 429 1830 σφᾶς,
461 1753 528 1823 ἤν
564 1753 720 1827 μέλοι
780 1753 829 1806 οἱ
876 1751 973 1806 τοῦ
1028 1753 1144 1805 καθ’
1202 1752 1436 1824 ἡσυχίαν
1478 1758 1765 1818 καθῆσθαι.
1797 1752 1910 1805 Ἰω-
1941 1783 1988 1846 Β

270 1847 382 1922 σὴφ
442 1844 488 1898 δ’
545 1843 888 1918 ἀπεκρίνατο,
947 1844 1013 1909 ἢν
1068 1836 1223 1894 αὐτόν
1282 1862 1340 1894 τε
1388 1840 1711 1913 περιορίζειν
1762 1838 1908 1901 θέλοι

269 1934 361 1987 καὶ
418 1932 546 1993 τοὺς
604 1932 737 2007 ἀμφ’
815 1931 997 1999 αὐτὸν,
1058 1927 1198 1982 οὓτω
1263 1929 1352 1982 καὶ
1432 1928 1731 2002 ἀναγκαίως
1785 1926 1911 1987 τοὺς

270 2022 595 2096 προσιόντας
632 2020 707 2092 μὴ
761 2016 1032 2092 δέχεσθαι,
1084 2016 1344 2091 πρότερον
1380 2015 1427 2069 δ’
1455 2015 1520 2069 οὐ
1551 2014 1731 2076 καλῶς
1764 2010 1908 2089 ἔχειν

266 2110 708 2185 κατηγορεῖσθαι,
774 2103 841 2174 ἤν
912 2126 1060 2166 τινας
1125 2106 1449 2177 προσιόντας
1511 2108 1600 2157 καί
1669 2100 1907 2177 δέχοιτο·

268 2197 503 2272 ἀνάγκην
535 2198 634 2270 γὰρ
668 2196 799 2250 εἶναι
856 2198 1188 2267 προσφοιτᾷν
1249 2194 1395 2269 σφίσι
1454 2193 1541 2246 καὶ
1591 2195 1705 2245 -τῶν
1740 2190 1911 2266 ἀγνώ-

271 2415 462 2487 gratia
493 2412 676 2467 sancti
704 2412 951 2482 Spiritus
978 2430 992 2479 ;
1026 2410 1179 2481 quod
1213 2414 1267 2463 et
1298 2408 1371 2463 iis
1404 2409 1502 2478 qui
1537 2408 1690 2463 circa
1717 2408 1912 2479 ipsum

272 2507 439 2558 erant
470 2507 524 2556 et
556 2499 797 2571 reliquis
831 2499 961 2554 aliis
995 2499 1303 2551 videbatur
1334 2496 1913 2562 intolerabile.Quare

270 2592 468 2662 ipsum
484 2606 514 2660 q
526 2589 743 2643 uotidie
757 2589 1029 2642 adeuntes
1046 2586 1223 2640 etiam
1241 2590 1414 2655 atque
1428 2585 1597 2639 etiam
1612 2585 1913 2653 urgebant,

277 2684 340 2735 ut
371 2679 538 2749 plane
569 2694 630 2731 se
664 2693 729 2731 ac
758 2676 948 2747 palam
982 2675 1353 2728 abscinderet
1376 2674 1445 2727 ab
1474 2673 1632 2727 omni
1666 2689 1916 2727 consue-

278 2767 482 2821 tudine
512 2768 735 2835 partem
769 2760 1113 2816 contrariam
1140 2759 1513 2814 sectantium.
1552 2758 1611 2812 Id
1645 2774 1779 2812 vero
1805 2756 1916 2811 sibi

281 2854 614 2907 nuntiatum
649 2853 959 2919 imperator
1016 2848 1249 2919 gravius
1308 2848 1529 2917 accepit
1586 2863 1761 2917 quam
1814 2862 1914 2917 pro

281 2946 484 2996 caetera
513 2957 616 2994 sua
648 2940 705 2993 in
733 2954 864 2994 eum
899 2937 1185 2991 hactenus
1234 2938 1631 2989 demonstrata
1678 2937 1917 2988 benevo-

273 3030 455 3085 lentia
486 3036 541 3085 et
574 3028 968 3096 fid‘e,culpans
1002 3029 1059 3079 in
1090 3043 1154 3080 eo
1186 3025 1338 3095 quod
1374 3025 1549 3077 nimis
1580 3040 1640 3078 se
1691 3023 1914 3077 facilem

272 3119 551 3190 praeberet
572 3116 805 3172 studiiis
833 3114 1229 3179 factiosorum;
1247 3113 1301 3165 in
1332 3129 1445 3182 quo
1468 3114 1595 3181 eius
1619 3129 1747 3165 cum
1774 3128 1914 3181 pru-

270 3206 523 3263 dentiam
557 3203 1066 3271 constantiamque
1098 3201 1443 3271 requirebat,
1478 3205 1603 3254 tum
1637 3205 1910 3269 praeterea

272 3296 623 3368 querebatur
656 3293 871 3361 injuste
890 3291 961 3345 ab
980 3307 1044 3344 eo
1068 3306 1266 3344 secum
1296 3290 1408 3359 agi,
1435 3289 1595 3359 quiei
1622 3294 1739 3341 tam
1768 3288 1909 3341 libe-

270 3401 395 3439 ram
428 3378 1107 3451 tranquillamque,quod
1140 3394 1207 3431 ea
1236 3377 1429 3449 ipsum
1462 3378 1715 3447 gaudere
1757 3377 1913 3430 arbi-

274 3470 809 3541 traretur,quietem
842 3485 907 3521 ac
929 3466 1333 3520 securritatem
1360 3465 1685 3534 daret:ipse
1718 3471 1911 3519 autem

281 3578 393 3615 non
425 3560 718 3614 dubitaret
750 3572 852 3610 nec
874 3562 1124 3609 cessaret
1156 3555 1209 3607 in
1244 3554 1513 3608 intimam
1537 3554 1709 3607 etiam
1739 3554 1910 3607 fami-

280 3649 586 3703 liaritatem
612 3645 920 3701 admittere
952 3643 1239 3709 homines,
1272 3660 1304 3697 a
1335 3642 1549 3713 quibus
1600 3641 1770 3713 longe
1802 3642 1915 3696 alia

281 3736 667 3793 sentientibus
708 3738 765 3787 et
794 3732 852 3787 in
886 3732 1236 3786 contrariam
1268 3736 1386 3784 toto
1420 3730 1552 3784 nisu
1607 3732 1912 3785 factionem

280 3821 757 3879 incumbentibus
814 3836 1025 3889 corpus
1056 3818 1321 3872 Ecclesia:
1368 3818 1737 3887 laceraretur,
1780 3834 1913 3872 cum

280 3912 475 3983 potius
506 3910 862 3980 Oportuisset
892 3909 1086 3978 ipsum
1121 3923 1223 3977 pro
1258 3908 1603 3959 auctoritate
1636 3923 1742 3960 sua
1777 3907 1915 3960 dare

280 4015 515 4071 Operam
549 3998 714 4052 utilli
744 4013 871 4052 sese
917 3995 1029 4067 ipsi
1088 3996 1599 4049 accommodarent
1647 3996 1913 4065 acquies-

277 4090 459 4144 cendo
494 4088 720 4157 publice
749 4084 995 4139 decretis
1026 4089 1083 4138 et
1122 4082 1435 4153 tranquille
1483 4083 1747 4150 vivendo,
1798 4099 1913 4137 non

278 4184 476 4232 autem
492 4176 847 4231 committere
862 4179 927 4227 ut
948 4172 1211 4242 exemplo
1226 4188 1427 4226 eorum
1445 4172 1914 4242 turbulentisque

277 4264 537 4321 consiliis
553 4264 739 4333 abripi
771 4264 959 4333 ipsum
977 4268 1035 4316 et
1056 4260 1412 4331 partes418
1431 4259 1616 4331 palam
1632 4261 1793 4329 sequi
1809 4260 1910 4315 ho-

279 4356 452 4409 stium
489 4351 1021 4419 manifestorum,in
1058 4351 1229 4403 rebus
1263 4350 1533 4403 maximis
1555 4350 1624 4404 ab
1658 4350 1914 4405 Ecclesia

277 4460 454 4514 reque
485 4441 717 4512 publica
745 4438 1198 4493 irrevocabiliter
1228 4438 1910 4510 dissidentium,appare-

277 4529 548 4585 ret.Misit
568 4544 702 4599 ergo
735 4528 802 4581 ad
834 4526 1156 4597 Josephum
1211 4526 1524 4595 imperator
1567 4531 1753 4581 certos
1809 4529 1910 4582 ho-

276 4616 594 4687 mines,qui
623 4632 728 4671 suo
753 4614 987 4669 nomine
1019 4618 1279 4668 vetarent
1304 4629 1372 4667 ne
1398 4613 1599 4667 talium
1637 4614 1907 4684 deinceps

276 4706 581 4760 hominum
613 4702 939 4759 convictum
973 4717 1469 4771 congressumque
1501 4701 1909 4767 admitteret,si

275 4794 510 4864 quietis,
544 4809 660 4863 qua
681 4792 979 4862 gauderet,
1012 4795 1228 4843 certam
1270 4788 1379 4843 sibi
1430 4787 1597 4843 vellet
1648 4795 1912 4844 constare

274 4882 726 4954 possessionem.
748 4879 1071 4951 Respondit
1099 4876 1392 4949 Josephus
1424 4894 1598 4931 unam
1624 4878 1703 4931 rei
1736 4894 1911 4948 quam

266 4972 500 5043 juberet
520 4969 902 5040 exsequendas
937 4968 1220 5022 rationem
1251 4982 1398 5031 esse,
1426 4966 1470 5020 si
1496 4983 1557 5020 se
1590 4983 1654 5021 ac
1683 4983 1780 5022 eos
1813 4968 1913 5038 qui

275 5077 471 5115 secum
502 5064 697 5113 essent
718 5057 774 5109 in
808 5056 1076 5110 exsilium
1104 5055 1445 5108 amendaret
1477 5055 1917 5125 imperatorzre-

277 5148 481 5219 legatis
512 5148 667 5201 enim
702 5145 1037 5198 facultatem
1071 5144 1266 5196 defore
1300 5143 1437 5196 istos
1463 5159 1709 5213 quorum
1747 5144 1915 5197 fami-

279 5234 530 5290 liaritate
548 5233 990 5288 interdiceretur
1022 5230 1376 5299 alloquendi.
1399 5230 1664 5295 Quandiu
1690 5248 1820 5284 vero
1844 5249 1909 5286 eo

274 5324 399 5379 loco
433 5326 685 5393 degeret,
739 5321 891 5375 haud
927 5336 986 5373 se
1010 5320 1144 5388 jure
1179 5318 1402 5388 culpari
1434 5321 1587 5389 quod
1634 5322 1881 5374 adeunte
1904 5339 1931 5375 s

273 5413 343 5468 ad
377 5429 439 5467 se
469 5413 697 5481 aliquos
736 5426 849 5463 non
900 5407 1230 5462 excluderet
1265 5424 1275 5460 :
1315 5424 1448 5460 nam
1505 5408 1617 5461 nisi
1667 5409 1927 5462 humano

272 5501 481 5555 8olatio
513 5515 707 5555 carere
739 5497 892 5551 omni
926 5497 983 5550 in
1018 5496 1127 5550 isto
1160 5512 1391 5549 secessu
1433 5494 1623 5560 vellet,
1674 5512 1913 5551 necesse

271 5588 385 5645 8ibi
413 5604 542 5645 esse
568 5586 759 5643 ofﬁcia
790 5602 905 5641 non
955 5583 1255 5656 aspernari
1310 5582 1461 5638 ultro
1509 5585 1579 5638 ad
1630 5602 1690 5639 se
1722 5586 1913 5640 venti-

587 5704 853 5765 ΡΑτιοι..
901 5701 1011 5763 Ga.
1058 5699 1311 5761 CXLIII.

2025 536 2125 568 σιν.
2162 517 2227 567 Ἦ
2268 520 2395 589 γοῦν
2446 516 2794 589 περιορίζειν,
2846 516 2891 569 εἰ
2946 516 3119 583 θέλοι⁹
3148 518 3182 586 ἢ
3217 517 3401 572 ἄνετον
3461 520 3659 595 ἀφέντα

2021 603 2395 657 ἀκαταιτίατον
2475 606 2550 675 μή
2632 606 2955 677 μέμφεσθαι.
3033 607 3207 660 Ταῦτα
3285 607 3378 679 μὲν
3456 609 3656 681 Ἰωσὴφ

2022 692 2361 764 ἀπεκρίνατο,
2396 693 2458 745 οὐ
2508 698 2586 763 τῷ
2647 691 2812 746 πλέον
2865 693 2940 754 εἷς
2995 696 3291 768 κακουχίαν
3321 700 3428 750 τῶν
3460 696 3659 771 παρόν-

2020 802 2124 835 των
2160 780 2384 847 ἐθέλειν,
2446 780 2589 853 ἀγλᾶ
2638 781 2901 835 πιστεύων
2963 787 3030 855 τῇ
3092 780 3342 852 διαθέσει,
3396 787 3505 857 ἅμα
3534 806 3657 860 κιρ-

2019 870 2112 930 νὰς
2138 875 2254 929 τοῖς
2284 867 2470 942 λόγοις
2503 868 2591 922 καὶ
2623 876 2721 937 τῆς
2774 869 3078 945 βαρύτητος
3115 871 3212 926 οὐκ
3241 871 3450 945 ὀλίγον,
3482 873 3526 927 εἶ
3556 881 3656 943 τῆς

2018 965 2187 1029 τιμῆς
2249 958 2620 1031 έξοστρακίσας
2679 964 2857 1011 ποιεῖν
2920 958 3091 1013 ἐθέλει
3147 961 3365 1027 καὶτῆς
3420 962 3524 1016 ἀπὸ
3550 967 3657 1016 τῶν

2020 1046 2319 1120 ἀνθρώπων
2393 1044 2787 1118 παρακλήσεως
2862 1043 3089 1118 ἔρημον.
3166 1049 3226 1104 Ὁ
3294 1047 3351 1103 δὲ
3403 1050 3655 1125 βασιλεὺς

2021 1136 2133 1187 οἷον
2165 1133 2355 1187 ἐκτῶν
2418 1132 2593 1207 λόγων
2657 1130 2838 1187 λαϐὼν
2897 1135 2959 1187 τό
3019 1138 3069 1188 οἱ
3127 1143 3395 1205 συνοῖσον,
3445 1140 3532 1193 καὶ
3571 1137 3652 1194 ὅτι

2018 1222 2687 1296 κατῆρξενὸπεισόμεθος
2745 1220 2914 1295 λέγων
2976 1224 3035 1276 οὗ
3095 1225 3253 1286 αὐτὸς
3312 1226 3652 1300 βουλόμενος

2018 1309 2146 1371 ἴσως
2205 1316 2381 1363 ποιεῖν
2439 1310 2573 1363 κατά
2628 1311 2727 1377 τὴν
2785 1311 2918 1382 πρὸς
2972 1311 3171 1365 ἐκεῖνον
3223 1310 3490 1369 δυσωπίαν
3525 1318 3656 1371 ἀπέ-

2021 1419 2203 1472 σχετο,
2260 1398 2611 1471 εὐπροσωπον
2670 1399 2782 1452 οἷον
2843 1398 3082 1463 ἐντεῦθεν
3137 1401 3229 1455 τὸν
3298 1406 3652 1477 περιορισμὸν

2021 1488 2222 1541 ἐκείνου
2255 1486 2474 1557 θέμενος
2508 1486 2580 1548 ὡς
2610 1486 2813 1539 ἐκείνου
2862 1487 3093 1561 πρώτως
3131 1493 3484 1561 μνησθέντος,
3511 1494 3652 1565 πέμ-

2018 1576 2118 1646 ψας
2152 1573 2319 1647 ἐξάγει
2350 1594 2407 1627 τε
2429 1577 2527 1636 τῆς
2560 1574 2796 1648 Λαύρας,
2848 1576 2943 1628 κὰν
3002 1580 3068 1648 τῇ
3102 1577 3260 1651 Χηλῇ
3294 1579 3575 1655 (φρούριον
3609 1579 3654 1636 δ’

2018 1662 2151 1729 αὕτη
2186 1659 2515 1730 ἐπινησίδιον
2548 1662 2683 1733 πρὸς
2712 1668 2825 1723 τοῖς
2849 1664 3034 1733 ἄκροις
3052 1671 3151 1733 τῆς
3176 1665 3429 1736 Εὐξείνου
3460 1668 3654 1731 θαλάσ-

2018 1750 2488 1823 σης)περιορίζὲι,
2542 1750 2760 1824 εὐχερεῖ
2814 1751 2908 1822 μὲν
2964 1751 3265 1827 ἐνεαρίζειν,
3314 1752 3567 1829 δυσχερεῖ
3596 1755 3654 1811 δὶ

2019 1838 2242 1909 πάμπαν
2304 1836 2699 1912 διαχειμάζειν,
2758 1840 2831 1901 ὡς
2884 1840 3018 1895 κατά
3084 1842 3241 1915 στόμ’
3308 1845 3649 1907 ἀπαντῶντος

2019 1929 2085 1998 τῇ
2138 1928 2287 1997 νήσῳ
2348 1926 2540 2000 βορέου
2597 1927 2685 1981 καὶ
2741 1929 2841 1995 τήν
2910 1931 3124 2003 πικρίαν
3181 1932 3496 1995 ἐκπνέοντος
3550 1943 3650 2005 τῆς

2020 2014 2389 2087 ψυχρότητος.
2416 2016 2575 2075 Τινάς
2628 2013 2684 2069 δὲ
2740 2018 2827 2070 καὶ
2886 2018 2993 2071 τῶν
3056 2024 3336 2094 μοναχῶν,
3370 2020 3519 2091 οἳδή
3551 2023 3649 2077 κιῖι⁴

2019 2102 2182 2173 κείνῳ
2212 2104 2579 2176 προσέκειντο,
2631 2103 2711 2177 [Ρ.
2763 2107 2889 2175 284]
2940 2103 3109 2160 ἄλλον
3163 2108 3257 2179 μὲν
3286 2106 3539 2184 ἀλλαχοῦ
3572 2110 3651 2183 ἐξ·

2022 2192 2303 2260 ορίζεικαὶ
2334 2196 2521 2262 νήσοις
2571 2198 2686 2255 τοῖς
2742 2196 2856 2247 κατ’
2914 2195 3141 2270 Αἰγαῖον
3196 2200 3513 2275 περιορίζει,
3561 2203 3651 2257 τὸν

2022 2408 2271 2461 tantium
2304 2407 2477 2462 etiam
2511 2408 2865 2479 ignotorum,
2900 2410 3083 2467 multo
3116 2417 3307 2469 autem
3342 2416 3528 2487 magis
3552 2420 3653 2473 ad-

2025 2496 2252 2551 mittere
2281 2496 2619 2550 notissimos
2639 2497 2747 2551 sibi
2773 2497 2908 2553 olim
2924 2505 2979 2554 et
3008 2501 3324 2557 familiares
3348 2504 3654 2574 plurimos.

2024 2586 2132 2638 Aut
2163 2584 2342 2654 igitur
2367 2584 2568 2639 exsilio
2603 2600 2693 2639 me
2729 2586 2939 2641 multat
2970 2588 3303 2660 imperator,
3337 2597 3435 2648 aut
3477 2594 3655 2650 libere

2024 2688 2116 2725 me
2140 2673 2251 2726 frui
2275 2674 2427 2726 sinat
2449 2673 2554 2727 hoc
2578 2674 2727 2743 quod
2754 2674 3018 2745 indulget
3045 2679 3297 2745 otio;nec
3327 2682 3655 2753 colloquiis,

2025 2760 2149 2815 sine
2180 2761 2395 2831 quibus
2426 2760 2544 2815 vita
2576 2761 2669 2815 hic
2696 2763 2931 2832 quidem
2964 2764 3157 2821 vitalis
3190 2784 3303 2822 non
3335 2770 3429 2837 sit,
3462 2773 3657 2827 crimi-

2025 2850 2116 2903 nis
2148 2866 2260 2919 quo
2282 2854 2480 2903 carent
2510 2856 2706 2905 notam
2741 2853 3037 2922 appingat.
3063 2857 3193 2908 Haac
3218 2857 3325 2910 fuit
3349 2860 3417 2913 ad
3449 2861 3662 2918 missos

2026 2938 2095 2991 ab
2128 2937 2477 3007 imperatore
2526 2938 2709 2992 oratio
2754 2940 2993 3010 Josephi
3041 2957 3153 2996 non
3206 2944 3364 2999 illius
3425 2949 3659 3019 quidem

2026 3026 2154 3095 ejici
2188 3026 2455 3092 volentis,
2474 3032 2575 3081 aut
2604 3046 2636 3082 a
2662 3029 2985 3084 suburbani
3019 3046 3306 3101 secessus,
3333 3054 3444 3104 quo
3471 3037 3660 3094 liben-

2027 3119 2113 3168 ter
2133 3115 2424 3181 utebatur,
2453 3115 2644 3183 quiete
2669 3116 2987 3183 divelli,sed
3038 3136 3387 3194 magnopere
3429 3126 3663 3183 fidentis

2022 3201 2159 3255 olim
2194 3204 2252 3255 in
2304 3219 2365 3256 se
2418 3208 2723 3273 prospecto
2782 3205 2989 3260 aﬂ‘ectu
3041 3207 3448 3279 imperatoris;
3486 3232 3659 3286 quem

2022 3307 2323 3361 nunquam
2356 3308 2421 3345 eo
2452 3297 2764 3346 venturum
2793 3310 3033 3363 sperans
3057 3301 3119 3349 ut
3140 3302 3257 3353 tam
3280 3301 3521 3358 charum
3546 3305 3658 3360 sibi

2021 3383 2189 3447 caput
2220 3380 2533 3433 amandare
2556 3382 2894 3448 sustineret,
2922 3384 2991 3438 de
3016 3384 3305 3443 industria
3332 3390 3659 3464 ineaquam

2021 3467 2156 3520 fecit
2186 3467 2371 3521 exsilii
2418 3468 2710 3523 mentione
2768 3472 2955 3526 verbis
3012 3478 3099 3528 est
3158 3492 3298 3531 usus
3331 3482 3663 3539 acerbitatis

2023 3570 2136 3607 non
2172 3570 2375 3623 parum
2410 3570 2551 3608 Bono
2578 3558 2704 3627 ipso
2739 3560 3195 3633 praeferentibus,
3222 3580 3355 3620 cum
3384 3568 3651 3641 sicexag-

2021 3658 2231 3712 gerans
2263 3642 2498 3698 diceret:
2521 3644 2869 3700 Exterminet
2901 3666 3040 3703 sane
3070 3659 3517 3725 nos,postquam
3550 3658 3656 3713 h0-

2021 3748 2159 3787 nore
2190 3732 2434 3801 dejecit;
2469 3737 2524 3785 et
2555 3733 2604 3786 si
2635 3735 2792 3787 omni
2844 3736 3100 3793 humano
3149 3741 3401 3810 privatos
3450 3746 3658 3803 solatio

2020 3822 2162 3883 vult,
2195 3820 2251 3873 in
2284 3822 2460 3873 feram
2494 3820 2750 3889 aliquam
2776 3823 2971 3891 ejiciat
2994 3826 3502 3897 solitudinem,tali
3537 3835 3658 3889 sci-

2020 3909 2153 3964 licet
2182 3910 2737 3965 commemoratione
2768 3913 3067 3969 conﬁdcns
3098 3924 3531 3977 commoturum
3593 3941 3655 3980 se

2023 3997 2277 4068 aliquam
2313 3998 2371 4051 in
2404 3999 2597 4053 animo
2630 4001 2907 4071 principis
2944 4004 3054 4057 sibi
3101 4006 3521 4065 devinctissimi
3557 4019 3660 4068 aut

2024 4086 2483 4141 misericordiam
2508 4105 2576 4141 au
2614 4092 3022 4146 verecundiam
3052 4094 3165 4149 sui.
3200 4100 3276 4151 At
3322 4098 3489 4170 longe
3530 4102 3656 4174 opi—

2020 4176 2193 4230 nione
2228 4175 2408 4231 falsus
2439 4182 2527 4232 est
2559 4194 2699 4246 sua;
2741 4181 2953 4252 quippe
2988 4182 3321 4252 imperator,
3373 4190 3542 4259 cujus
3599 4191 3656 4246 in

2021 4264 2215 4318 animo
2248 4270 2409 4319 tener
2432 4265 2526 4319 ille
2551 4272 2715 4320 vetus
2746 4284 2809 4321 ac
2836 4269 3029 4325 tilialis
3062 4272 3117 4326 in
3150 4275 3467 4344 Josephum
3497 4296 3660 4335 amor

2022 4353 2322 4409 refrixerat
2355 4371 2465 4409 non
2501 4357 2844 4423 parum,hoc
2878 4358 3034 4414 illius
3062 4377 3339 4432 responso
3375 4365 3659 4436 plausibi—

2019 4441 2130 4496 lem
2159 4459 2259 4496 nec
2291 4443 2819 4513 sibinegzligendam
2837 4448 3026 4501 offerri
3042 4452 3473 4508 excusationem
3504 4460 3656 4526 apud

2024 4529 2194 4601 vulgu
2220 4531 2495 4584 scredidit
2526 4533 2816 4586 sententiae
2842 4534 3393 4608 durioris,magnam
3425 4543 3653 4600 invidiaa

2023 4625 2246 4689 partem
2283 4619 2606 4673 detractum
2640 4620 2706 4673 iri
2743 4626 2895 4676 recte
2927 4629 3086 4679 ratus
3117 4626 3348 4684 decreto
3399 4630 3457 4685 in
3498 4633 3656 4689 Jose-

2021 4708 2203 4778 phum
2236 4706 2459 4773 exsilio,
2484 4707 2554 4774 si,
2579 4710 2731 4777 quod
2766 4711 2903 4780 egit,
2934 4713 3195 4769 studiose
3226 4717 3549 4790 divulgaret
3599 4724 3656 4779 id

2025 4795 2176 4850 ultro
2209 4796 2319 4849 sibi
2342 4796 2694 4851 conscivisse
2718 4800 3383 4875 poposcissequeipsum
3422 4826 3434 4874 ;
3487 4827 3547 4864 se
3597 4812 3655 4868 in

2026 4901 2090 4939 eo
2126 4889 2351 4937 tantum
2388 4884 2665 4939 voluntati
2702 4888 2828 4955 ejus
2869 4892 3084 4958 apertis
3141 4894 3335 4948 verbis
3392 4898 3661 4957 indicata:

2029 4973 2179 5028 2‘19
2198 4972 2650 5044 annuisseErgo
2680 4973 2843 5029 illum
2871 4978 3065 5033 educit
3089 4980 3356 5048 Laura,et
3375 4987 3664 5055 deportari

2031 5061 2465 5114 curatChelam.
2492 5062 3069 5121 Arxeaestinsularis
3091 5068 3147 5121 in
3167 5077 3421 5127 extremo
3449 5074 3662 5131 Euxino

2034 5150 2201 5215 mari,
2258 5148 2538 5204 habitatio
2584 5152 2848 5220 jucunda
2910 5170 3082 5209 verno
3146 5162 3422 5230 tempore,
3484 5164 3673 5219 hieme

2033 5254 2239 5306 aspera
2259 5254 2359 5291 nec
2376 5239 2489 5291 fere
2512 5239 3075 5313 tolerabilis,quippe
3094 5244 3253 5300 illam
3283 5248 3675 5319 Septentrioni

2034 5327 2337 5380 obversam
2370 5325 2620 5380 insulam
2678 5345 2825 5382 saevo
2869 5332 3006 5384 totis
3040 5334 3307 5389 faucibus
3343 5338 3515 5391 Borea
3548 5357 3673 5408 pcr-

2039 5415 2212 5467 flante
2243 5419 2297 5465 et
2330 5414 2513 5481 frigus
2560 5414 2859 5470 inhalante
2894 5419 3341 5487 rigidissimum.
3377 5427 3671 5488 Quosdam

2037 5517 2169 5554 vero
2196 5501 2633 5566 monachorum,
2668 5504 2764 5571 qui
2790 5505 2839 5556 ei
2872 5506 3267 5570 adhaerebant,
3322 5511 3501 5564 alium
3562 5515 3674 5567 alio

2041 5588 2367 5644 exsulatum
2404 5588 2581 5656 misit,
2614 5590 2773 5645 varie
2806 5590 2861 5643 in
2894 5592 3065 5661 ΛΞεωὶ
3115 5593 3381 5664 relegans
3435 5599 3585 5653 insul
3612 5611 3659 5646 ~s

3279 5714 3355 5771 28
