4130 6270
523 290 629 345 875

1819 298 2118 354 GEORGII
2157 300 2615 363 PACHYMEBJE

3782 319 3884 377 876

634 433 696 509 γε
756 413 999 509 μοναχὸν
1059 416 1289 509 Ἱασίτην
1330 415 1465 509 ΔἸὼϐ
1520 418 1571 509 ἐν
1630 413 1837 491 Καϐαίᾳ
1880 421 2161 498 (φρούριον
2194 424 2671 501 Απραγματείας,
2731 425 2877 483 ἀλλᾶ
2932 431 3019 484 καὶ
3079 436 3187 486 τῶν
3248 434 3539 488 Βενετικῶν
3602 436 3803 509 πλούτῳ
3835 462 3884 495 τε

525 502 575 555 ὄ⁹
631 499 765 571 αὓτη
826 503 964 575 πρὸς
1017 508 1097 574 τῷ
1155 505 1427 579 Σαγγάρει
1486 507 1736 579 κείμενον
1788 512 2043 581 ποταμῷ)
2077 510 2163 564 ὑπ’

526 590 559 643 ἆ
589 588 869 668 σφαλείαις
899 595 1115 666 πεμψας
1139 593 1454 668 περιορίζει,

524 738 592 795 λ’.

1066 815 1254 868 πείνου
1283 816 1309 869 6
1344 815 1615 891 βασιλεύς.

589 940 719 998 Τότε
781 944 874 1017 μὲν
943 941 1035 999 οὗν
1088 944 1178 999 καὶ
1238 946 1265 999 6
1327 947 1580 1021 βασιλεὺς
1645 947 2011 1023 ἐκστρατεύειν
2081 949 2161 1004 ἐπ’

520 1030 861 1107 Ὀρεστιάδος
920 1034 1491 1107 παρασκευαζόμενος,
1544 1036 1669 1096 τοὺς
1726 1036 2002 1100 Γενουΐτας
2060 1060 2161 1093 πα-

518 1119 941 1195 ρακινουμένους
976 1121 1027 1190 ἐξ
1061 1119 1330 1184 ἀναιδείας
1379 1128 1664 1178 ταπεινοῦν
1697 1120 1975 1180 ἐϐούλετο.
2019 1127 2163 1201 Πρό-

515 1230 669 1284 τερον
708 1210 801 1281 μέν
834 1210 935 1283 γὰρ
990 1210 1190 1282 πολλῷ
1247 1218 1513 1287 προεῖχον
1571 1219 1717 1291 σφῶν
1778 1215 2044 1270 Βενετικοῖ
2071 1218 2160 1270 καὶ

515 1300 575 1354 τὸ
607 1299 741 1353 κατὰ
792 1305 925 1375 σιρᾶς
983 1298 1256 1375 συνέδριον
1307 1301 1532 1375 πλούτῳ
1570 1324 1627 1357 τε
1685 1304 1775 1357 καὶ
1834 1304 2029 1379 ἅρμασι
2072 1308 2160 1360 καὶ

517 1393 875 1460 παρασκευαῖς
933 1388 1183 1456 ἁπάσαις,
1242 1386 1334 1444 ἅτε
1389 1392 1475 1445 καὶ
1552 1396 1621 1464 τῇ
1690 1391 1932 1467 θαλάσσῃ
1992 1415 2157 1468 προσ-

520 1477 836 1550 χρωμένους
886 1473 1051 1529 πλέον
1113 1474 1355 1546 ἐκείνων,

515 1650 679 1728 κέρδη
756 1648 1061 1708 συνέϐαινεν
1138 1656 1210 1707 ὧν
1291 1656 1343 1708 οἱ
1432 1661 1705 1710 Γενουῖται
1780 1664 2157 1733 προσεκτῶντο

516 1747 900 1817 πραγματειῶν
961 1743 1345 1815 μετακομίσεσι
1404 1744 1493 1798 καὶ
1552 1748 1843 1815 κινήσεσιν.
1896 1749 1978 1818 Ἐξ
2029 1750 2155 1801 ὅτου

520 1827 578 1883 δὲ
632 1833 728 1883 τοῦ
784 1830 1034 1902 Εὐξείνου
1090 1828 1354 1905 πεκάγους
1422 1830 1696 1905 ἐγκρατεῖς
1754 1832 2001 1907 ἐγένοντο
2058 1841 2155 1888 Γε-

521 1923 727 1973 νουῖται
792 1916 1059 1993 βασιλέως
1119 1916 1362 1980 διδόντος
1425 1920 1512 1973 καὶ
1572 1920 1623 1973 ἐν
1683 1919 1959 1996 ἐλευθερία
2013 1925 2157 1996 πάσῃ

522 2006 612 2061 καὶ
643 2005 875 2078 ἀτελείᾳ,
923 2008 1011 2060 καὶ
1071 2003 1423 2079 κατετόλμων
1480 2010 1647 2062 αὐτοῦ
1705 2008 1792 2063 καὶ
1848 2010 2009 2082 μέσου
2041 2030 2158 2084 χει-

527 2099 707 2168 μῶνος
764 2094 815 2148 ἐν
874 2092 1328 2167 συστελλομέναις
1402 2102 1537 2150 κατᾶ
1611 2104 1785 2170 μῆκος
1839 2098 2041 2168 ναυσὶν,
2101 2099 2159 2160 ’ἀς

525 2182 724 2238 ἐκεῖνοι
776 2183 992 2256 ταρίτας
1050 2182 1295 2257 λέγουσι,
1352 2182 1631 2251 πλέοντες,
1681 2187 1755 2256 μὴ
1813 2187 1977 2257 μόνον
2025 2188 2160 2239 Ῥω-

525 2271 708 2345 μαίοις
738 2271 1055 2327 ἀπέκλεισαν
1112 2272 1207 2334 τὰς
1262 2274 1399 2327 κατὰ
1458 2271 1725 2327 θάλασσαν
1753 2274 2041 2336 κελεύθους
2070 2276 2160 2327 καὶ

513 2492 588 2543 At
620 2488 1208 2544 monachumJasiten
1229 2488 1444 2543 Jobum
1462 2488 1789 2556 Chabaeam,
1808 2506 1933 2560 quae
1958 2506 2058 2544 arx
2071 2494 2159 2544 est

512 2578 581 2633 ad
614 2582 929 2647 Sangarem
959 2592 1192 2631 amnem
1226 2576 1360 2647 sita,
1393 2577 1511 2631 {ida
1552 2577 1631 2632 ibi
1653 2577 1917 2632 custodia
1949 2584 2155 2631 tenen-

517 2667 656 2721 dum
686 2664 869 2720 misit.

507 2826 678 2881 30.Ut
712 2826 1078 2881 Genuensium
1120 2826 1177 2879 in
1228 2826 1455 2894 propria
1504 2826 1749 2895 ipsorum
1800 2825 1934 2879 urbe
1957 2825 2151 2895 degen-

794 2898 933 2951 tium
962 2898 1170 2967 fastum
1194 2896 1522 2967 depresserit
1542 2896 1864 2959 imperator.

578 3021 743 3075 Circa
772 3020 884 3076 hoc
913 3025 1144 3091 tempus
1169 3020 1487 3090 imperator
1505 3018 1924 3090 expeditionem
1942 3018 1996 3071 in
2014 3018 2151 3073 Ore-

668 742 852 803 Ὅπως
926 740 1053 804 τοὺς
1125 744 1260 797 κατᾶ
1318 745 1414 811 τὴν
1473 743 1635 799 πόλιν
1703 745 1983 809 Γενουΐτας
2044 747 2163 803 ἐτα-

1439 1478 1529 1532 καὶ
1593 1484 1823 1553 μακραῖς
1874 1482 2027 1534 ναυσὶ
2093 1485 2160 1536 τὰ

516 1563 724 1637 πελάγη
776 1562 1321 1641 διαπιραιουμένους,
1364 1568 1455 1620 καὶ
1514 1573 1881 1641 προσκτᾶσθαι
1934 1569 2159 1624 πλείονα

2185 1795 2233 1859 Β

2272 512 2359 567 καὶ
2431 521 2791 587 παρασκευαῖς
2868 518 3186 593 ὑπερέσχον.
3264 521 3359 574 Διᾶ
3412 526 3572 576 τοῦτο
3638 521 3880 594 ξυνέϐαινε

2274 600 2417 677 σφίσι
2468 604 2553 656 καὶ
2612 603 3133 673 καταλαζονεύεσθαι
3195 611 3270 681 μή
3335 610 3497 682 μόνον
3552 614 3658 665 τῶν
3688 618 3776 665 τοῦ
3804 618 3879 689 γέ-

2270 710 2394 751 νους
2454 690 2687 761 ἐκείνων,
2737 691 2882 748 ἀλλᾶ
2935 694 3023 748 καῖ
3084 697 3373 769 Ῥωμαίων
3422 699 3622 755 αὐτῶν,
3662 706 3881 775 Προσπε-

2273 776 2632 853 φιλοτίμηται
2688 781 2779 852 μὶν
2834 781 2923 835 οὖν
2982 783 3233 855 βασιλεὺς
3284 784 3432 849 ἰδίως
3459 788 3547 839 καὶ
3578 808 3677 841 τινι
3709 790 3885 863 εὐγενεῖ

2270 867 2553 941 Γενουῖτῃ,
2585 869 2850 938 Μανουὴλ
2904 870 3182 947 λεγομένῳ
3237 878 3331 927 τοῦ
3384 875 3673 949 Ζαχαρίου,
3716 877 3774 929 τὰ
3794 881 3879 946 τῆς

2269 956 2383 1005 κατ’
2416 954 2683 1023 ἀνατολὴν
2741 960 2995 1020 Φωκαίας
3058 962 3140 1031 [Ρ.
3190 963 3315 1033 285]
3375 963 3574 1035 ὀρεινὰ,
3635 963 3875 1035 μέταλλον

2271 1042 2513 1115 στύψεως
2563 1041 2783 1117 ἔχοντα,
2841 1045 2918 1120 ἐφ’
2976 1048 3046 1100 ὧν
3114 1046 3178 1116 δὴ
3232 1044 3557 1120 κατοικήσας
3587 1052 3791 1124 πύναμα
3814 1059 3879 1124 τῷ

2272 1127 2394 1201 ἰδίῳ
2426 1130 2543 1202 λαῷ
2585 1132 2882 1207 εἰργάζετο.
2946 1135 3047 1190 Καὶ
3108 1135 3291 1191 πολλὰ
3346 1145 3446 1205 τῆς
3499 1137 3739 1213 ἐργασίας
3768 1142 3881 1195 ἀπο-

2284 1216 2510 1287 νάμενος
2539 1218 2625 1271 καί
2656 1218 2819 1274 πλέον
2852 1220 3044 1288 ἤθελεν
3081 1221 3225 1297 ἔχειν
3280 1225 3337 1277 ἐκ
3385 1232 3485 1293 τῆς
3538 1230 3630 1279 τοῦ
3654 1234 3885 1301 κρατοῦν-

2266 1324 2357 1365 τος
2412 1306 2546 1378 πρὸς
2603 1305 2802 1361 ἐκεῖνον
2863 1308 3137 1381 εὐμενείας
3208 1311 3296 1364 καὶ
3356 1310 3666 1375 διαθέσεως.
3724 1315 3881 1385 Ἡξίου

2266 1397 2391 1465 γοῦν
2429 1395 2505 1465 μὴ
2538 1394 2773 1448 ἀνεῖσθαι
2825 1396 3124 1460 Γενουίταις
3185 1401 3242 1453 ἐκ
3299 1405 3406 1453 τῶν
3453 1402 3563 1454 ἄνω
3615 1408 3776 1477 μερῶν
3808 1401 3881 1457 διὰ

2268 1480 2541 1553 θαλάσσης
2594 1484 2847 1553 Εὐξείνου
2906 1486 3154 1561 κατάγειν
3226 1490 3561 1564 στυπτηρίας
3614 1489 3879 1562 μέταλλον,

2268 1570 2381 1623 ἐπεὶ
2414 1570 2603 1643 πολλῇ
2633 1593 2738 1625 τινι
2773 1579 3011 1647 χρῶνται
3056 1576 3219 1648 ταύτῃ
3257 1578 3323 1631 τὰ
3350 1576 3401 1647 ἐξ
3436 1577 3594 1649 ἐρίων
3625 1580 3879 1654 ὑνράσματα

2271 1660 2569 1731 μιαίνοντες
2602 1663 2857 1735 χρώμασι
2910 1659 3213 1738 διαφόροις,
3265 1665 3338 1725 ὡς
3392 1665 3521 1739 ὁρᾷν
3574 1660 3752 1737 ἔξεστι.
3796 1667 3881 1722 Καὶ

2267 1748 2293 1799 6
2328 1746 2578 1821 βασιλεὺς
2636 1748 2932 1803 κατανεύων
2991 1749 3290 1806 ἐπέταττεν.
3352 1752 3420 1807 Οἱ
3485 1753 3578 1824 μὲν
3622 1754 3706 1806 οὗν
3751 1754 3879 1826 ἰντῇ

2263 1834 2422 1888 πόλει
2466 1842 2737 1890 Γενουῖται
2773 1838 2884 1908 ἅμα
2940 1838 3033 1909 μὲν
3091 1838 3405 1911 αἰδούμενοι
3459 1841 3561 1908 τήν
3620 1839 3875 1914 βασιλικὴν

2267 1924 2573 1995 πρόσταξιν,
2610 1925 2720 1996 ἅμα
2778 1922 2834 1978 δὲ
2892 1925 2977 1979 καὶ
3042 1927 3116 1988 ὡς
3166 1928 3262 1995 τήν
3324 1926 3493 1981 πόλιν
3542 1930 3638 1997 τὴν
3672 1928 3877 2002 ἐσχάτην

2267 2007 2529 2065 ἀπόϐασιν
2590 2008 2831 2086 ἔχοντες,
2892 2011 3079 2083 ἔμενον
3140 2014 3226 2068 ἐπὶ
3283 2014 3495 2089 τρόπου
3551 2021 3646 2069 τοῦ
3691 2016 3752 2069 τὰ
3776 2015 3875 2070 ἐπε-

2268 2097 2541 2172 σταλμένα
2581 2100 2854 2175 πληροῦν.
2906 2101 3106 2157 Ἄλλοι
3156 2101 3213 2157 δέ
3259 2124 3403 2164 τινες
3438 2103 3497 2158 ἐκ
3528 2104 3745 2165 Γενούας
3774 2106 3878 2177 παρ’

2270 2186 2418 2241 οὐδὲν
2450 2189 2550 2255 τὴν
2592 2186 2877 2261 πρόσταξιν
2931 2189 3168 2261 θέμενοι,
3217 2192 3704 2265 ναυπηγησάμενοι
3738 2192 3876 2264 μείζω

2270 2272 2496 2351 φορτίδα
2527 2274 2871 2350 στρογγύλην
2925 2280 3031 2329 τῶν
3097 2278 3626 2354 βαρυφορτηγουσῶν
3660 2276 3873 2349 ἐξέπλεον

2276 2490 2648 2557 insolescere,
2683 2508 2797 2544 non
2830 2490 2958 2545 aliis
2989 2492 3162 2547 modo
3211 2492 3434 2549 Latinis
3486 2512 3599 2565 prae
3642 2511 3699 2550 se
3743 2510 3873 2564 sper-

2266 2577 2495 2641 nendis,
2540 2578 2639 2631 sed
2674 2578 2954 2632 Romanis
2990 2579 3161 2633 etiam
3198 2580 3254 2633 in
3287 2580 3523 2636 Oriente
3556 2581 3870 2636 dominanti-

2262 2665 2762 2722 bus.Attribuerat
2776 2671 2967 2722 autem
3002 2666 3227 2721 liberali
3254 2668 3560 2741 privilegio
3590 2671 3871 2741 imperator

2261 2753 2493 2807 cuidam
2527 2752 2817 2808 Genuensi
2859 2754 3061 2823 nobili,
3098 2756 3190 2809 cui
3221 2757 3476 2812 Manueli
3510 2775 3714 2812 nomen
3745 2762 3866 2823 erat,

2258 2840 2542 2896 Zacharias
2601 2841 2738 2909 ﬁlio,
2810 2842 3053 2896 Phocasze
3122 2852 3353 2899 monata
3432 2863 3558 2916 quas
3607 2846 3864 2901 Orientem

2260 2931 2764 2999 spectant,quibus
2798 2930 3001 2985 insunt
3061 2931 3339 2987 aluminis
3386 2935 3617 2989 fodinaa.
3675 2935 3747 2989 lbi
3792 2932 3869 2986 ille

2258 3016 2533 3072 habitans
2566 3036 2698 3073 cum
2734 3019 2841 3073 sibi
2873 3019 3137 3090 subjecta
3157 3038 3475 3092 operarum
3521 3022 3859 3077 multitudine

512 3110 760 3166 stiadem
818 3110 1133 3173 adornans,
1188 3107 1584 3162 Genuensium
1646 3123 1773 3161 sese
1835 3106 2151 3161 insolenter
2181 3124 2223 3189 ρ
2258 3107 2545 3161 indefessa
2580 3107 2882 3162 laborabat
2925 3110 3179 3163 eruenda
3237 3109 3725 3180 distrahendaque
3772 3110 3861 3162 ista

509 3197 873 3255 efferentium
898 3197 1113 3250 fastum
1146 3194 1472 3264 deprimere
1491 3194 1817 3250 constituit.
1852 3196 1952 3249 His
1978 3200 2149 3249 antea

508 3286 741 3357 quidem
767 3284 962 3340 Veneti
986 3283 1139 3337 haud
1165 3282 1338 3338 dubie
1362 3283 1800 3354 praecelluerant
1817 3284 2023 3354 opibus
2040 3301 2143 3339 cas-

506 3378 745 3445 teroque
776 3371 1105 3443 splendore,
1138 3371 1218 3425 ita
1277 3375 1341 3425 ut
1397 3371 1605 3425 horum
1655 3387 1942 3441 proceres,
1992 3374 2147 3427 unde

506 3461 819 3517 concilium
852 3460 1154 3531 publicum
1188 3464 1243 3514 et
1266 3460 1455 3529 gentis
1486 3464 1725 3514 senatus
1756 3459 2145 3528 constat,divi-

509 3550 630 3615 tiis,
664 3549 843 3605 armis
874 3553 930 3603 et
962 3548 1180 3617 reliquo
1210 3553 1492 3618 apparatu
1527 3547 1719 3603 omnis
1766 3549 1995 3618 generis
2027 3549 2142 3603 Ge-

506 3637 1018 3708 nuensibuslonge
1049 3636 1402 3708 copiosiores
1432 3640 1991 3708 apparerent.Causa
2020 3643 2143 3692 erat

503 3727 859 3797 differentiae,
890 3727 1040 3797 quod
1092 3725 1297 3781 Veneti
1350 3725 1482 3797 plus
1516 3725 1659 3780 mari
1720 3730 2039 3793 uterentur,
2086 3731 2141 3780 et

506 3816 753 3873 navibus
782 3815 974 3887 longis
1006 3815 1246 3870 assidue
1278 3814 1429 3869 ultro
1451 3814 1715 3884 citroque
1746 3817 2137 3868 commeantes

506 3902 1026 3977 quastuosissimis
1056 3901 1425 3958 commerciis
1454 3902 1574 3957 vim
1593 3900 1849 3972 pecuniae
1869 3916 2139 3972 congere-

504 3994 811 4060 rent,haud
846 3992 1017 4063 paulo
1049 3992 1329 4061 majorem
1364 4007 1537 4061 quam
1591 3995 1871 4061 quantam
1924 3990 2135 4044 lucrari

504 4082 865 4154 contingeret
887 4080 1297 4136 Genuensibus
1329 4079 1482 4133 intra
1505 4079 1649 4134 ﬁnes
1681 4079 2048 4150 angustiores
2079 4083 2136 4133 et

502 4171 671 4243 quasi
694 4170 963 4225 timidius
986 4168 1525 4240 negotiantibus.Ex
1555 4183 1669 4237 quo
1700 4173 1893 4221 autem
1926 4168 2132 4221 Euxini

496 4264 763 4333 potentes
794 4260 995 4327 maris,
1027 4258 1377 4313 concedente
1422 4257 1789 4327 imperatore,
1824 4256 1983 4311 fuere
2025 4261 2129 4313 Ge-

496 4365 749 4406 nuenses
782 4365 915 4403 cum
932 4346 1570 4418 plenalibertateatque
1600 4344 1973 4400 immunitate
1998 4363 2131 4416 por-

492 4438 775 4494 toriorum
806 4442 863 4491 et
885 4434 1255 4505 vectigalium
1289 4432 1825 4504 quorumvis,tanta
1856 4441 1909 4487 et
1941 4439 2124 4489 atten-

490 4526 650 4581 tione
680 4529 738 4579 et
759 4522 1105 4579 assiduitate
1137 4522 1195 4575 in
1229 4538 1350 4576 rem
1384 4520 1801 4591 incubuere,ut
1834 4537 1903 4575 ne
1938 4522 2128 4577 media

489 4613 726 4684 quidem
751 4612 940 4667 hieme
954 4612 1107 4667 420
1121 4610 1448 4665 dubitarem
1462 4611 1711 4664 Pontum
1733 4610 2124 4681 transfretare,

490 4705 717 4757 utentes
750 4702 819 4756 ad
853 4701 910 4755 id
944 4718 1057 4755 non
1087 4699 1319 4772 penitus
1352 4698 1640 4768 rotundis,
1684 4700 1781 4754 sed
1818 4702 2125 4754 contractae

488 4790 872 4863 longitudinis
904 4789 1333 4859 navibus,quas
1364 4788 1475 4859 ipsi
1498 4788 1727 4842 Taritas
1760 4792 1983 4843 vocant.
2009 4788 2123 4843 Hac

487 4880 570 4936 illi
598 4879 942 4935 strenuitate
960 4895 1026 4933 ac
1047 4877 1354 4949 diligentia
1374 4892 1487 4931 non
1513 4876 1683 4929 modo
1702 4875 1977 4930 Romanis
1999 4892 2120 4931 ma-

484 4969 691 5024 ritimas
730 4966 1141 5038 negotiationis
1173 4966 1296 5022 vias
1328 4980 1531 5019 omnes
1565 4963 1962 5033 interclusere,
2000 4966 2120 5019 fru-

481 5062 759 5128 ctumque
808 5072 873 5111 ac
895 5055 1122 5111 lucrum
1156 5056 1226 5109 ad
1261 5070 1321 5108 se
1353 5058 1577 5107 traxere
1608 5051 1829 5105 navalis
1862 5054 2117 5106 universi

478 5146 859 5204 commercii:
894 5161 1093 5201 verum
1148 5142 1320 5197 etiam
1382 5142 1437 5195 id
1491 5140 1783 5195 consecuti
1844 5146 2003 5205 sunt,
2052 5147 2116 5197 ut

472 5253 717 5293 numero
749 5236 1034 5307 pecuniae,
1067 5242 1120 5288 et
1154 5232 1308 5303 quod
1364 5232 1499 5285 inde
1541 5229 1885 5301 plerumque
1917 5246 2114 5285 conse-

470 5328 693 5399 quitur,
716 5323 876 5379 cultu
904 5341 969 5378 ac
1002 5322 1137 5377 luxu
1172 5324 1415 5375 ornatus
1448 5318 1588 5373 varii
1635 5335 1968 5389 pompaque
2000 5321 2111 5374 do-

467 5415 709 5472 mestica
733 5413 1007 5484 speciosis
1040 5410 1422 5482 pretioseeque
1448 5406 1830 5478 supellectilis
1868 5411 2112 5464 Venetos

456 5505 583 5574 jam
613 5504 773 5574 ipsos
805 5505 936 5570 post
965 5516 1027 5555 se
1058 5498 1475 5568 relinquerent.
1508 5496 1656 5551 Hinc
1690 5513 1850 5551 more
1887 5498 2107 5568 ingenii

462 5591 708 5648 humani
738 5589 980 5661 contigit
1011 5588 1154 5661 ipsis
1194 5587 1397 5645 efferre
1445 5604 1571 5645 sese
1624 5588 1995 5659 arrogantius
2051 5593 2107 5642 et

2259 3211 2447 3248 merce
2477 3213 2488 3260 ;
2533 3212 2597 3249 ac
2621 3211 2750 3249 cum
2783 3196 2913 3249 inde
2943 3196 3263 3265 plurimum
3298 3199 3691 3268 congessisset
3720 3194 3862 3255 lucri,

2254 3288 2449 3353 gustu,
2486 3288 2548 3337 ut
2581 3284 2666 3349 ﬁt,
2700 3288 2958 3353 quaestus
2990 3284 3045 3338 in
3078 3285 3331 3357 amplius
3378 3286 3695 3342 ditescendi
3720 3284 3857 3339 sitim

2253 3388 2532 3425 accensus
2564 3372 2676 3426 voti
2707 3389 2765 3425 se
2799 3372 2974 3442 hujus
3008 3374 3124 3427 fore
3155 3378 3488 3443 compotem
3522 3373 3774 3446 speravit,
3819 3370 3857 3423 si

2252 3460 2606 3529 benignitate
2638 3460 3026 3531 imperatoris,
3076 3479 3246 3532 quem
3283 3463 3394 3517 sibi
3453 3466 3723 3519 faventem
3753 3464 3853 3516 erat

2250 3553 2541 3618 expertus,
2575 3548 2822 3604 ulterius
2883 3550 2963 3603 uti
3018 3555 3298 3620 pergeret.
3343 3555 3486 3607 Cum
3518 3552 3687 3623 igitur
3712 3566 3852 3620 expo-

2249 3638 2461 3691 suisset
2494 3654 2672 3707 prono
2692 3638 2761 3691 ad
2793 3638 2872 3690 illi
2909 3638 3853 3713 gratiﬁcandumAugustonccom-

2249 3726 2499 3780 modatis
2529 3726 2745 3779 simum
2780 3726 2848 3780 ad
2883 3727 2969 3781 sui
3006 3728 3331 3797 compendii
3358 3731 3615 3784 rationes
3647 3730 3768 3792 fore,
3809 3724 3847 3778 si

2248 3818 2483 3884 negaret
2512 3814 2783 3884 deinceps
2806 3813 2934 3868 aliis
2958 3814 3368 3871 Genuensibus
3415 3817 3727 3872 facultatem
3758 3814 3845 3866 im-

2244 3902 2513 3973 portandi
2546 3901 2779 3956 alumen
2814 3919 2845 3957 a
2876 3903 3277 3974 superioribus
3308 3923 3415 3975 per
3444 3908 3681 3961 Pontum
3705 3899 3842 3956 Euxi-

2243 4008 2382 4045 num
2419 3990 2700 4061 partibus,
2728 3991 2861 4045 inde
2892 3992 3181 4062 siquidem
3227 3993 3339 4046 vim
3365 3994 3578 4048 inferre
3608 4004 3840 4061 magnam

2241 4078 2324 4133 illi
2356 4084 2773 4134 consueverant
2805 4080 2978 4134 istius
3010 4080 3221 4135 mercis
3240 4081 3552 4136 vendibilis
3576 4084 3628 4135 in
3652 4076 3837 4151 primis,

2241 4168 2515 4239 quoniam
2554 4165 2863 4237 plurimus,
2899 4173 3067 4236 prout
3124 4168 3415 4239 hodieque
3445 4169 3707 4232 cernitur,
3736 4164 3834 4233 ejus

2240 4272 2382 4310 usus
2412 4259 2499 4308 est
2530 4254 2585 4306 in
2620 4252 3190 4324 pannisclanatexta
3205 4256 3393 4310 colore
3408 4257 3563 4310 vario
3587 4249 3830 4310 fucandis,

2237 4342 2567 4415 impetravit
2597 4342 2749 4411 quod
2786 4341 2996 4409 voluit;
3031 4348 3085 4396 et
3117 4344 3302 4397 edicto
3343 4344 3591 4415 Augusti
3636 4341 3728 4395 rite
3764 4336 3826 4391 si-

2234 4440 2405 4505 gnato
2427 4433 2801 4487 interdictum
2836 4448 2901 4485 ea
2926 4431 3313 4502 negotiatione
3335 4432 3727 4488 Genuensibus
3745 4431 3823 4479 est.

2236 4523 2335 4578 Isti
2370 4524 2620 4587 decreto,
2655 4520 2752 4575 ubi
2786 4521 3029 4589 enotuit,
3074 4537 3139 4573 ea
3184 4521 3419 4591 quidem
3472 4516 3821 4575 Genuensium

2237 4629 2393 4683 pars,
2429 4628 2554 4680 quae
2587 4608 2949 4663 domicilium
2999 4609 3502 4680 Constantinopoli
3534 4606 3759 4662 habebat
3782 4602 3821 4651 et

2235 4702 2369 4755 sede
2404 4701 2768 4754 fortunarum
2790 4698 2913 4766 jam
2964 4696 3079 4750 illic
3131 4698 3451 4752 constituta
3508 4713 3612 4751 non
3671 4691 3816 4747 alium

2233 4788 2367 4843 alibi
2405 4787 2628 4857 uspiam
2655 4791 2946 4854 receptum
2971 4801 3031 4838 se
3050 4783 3260 4838 habere
3279 4771 3816 4851 sentiebat,refragari

2232 4875 2567 4931 auctoritati
2600 4873 2903 4944 principis,
2940 4872 2995 4924 in
3029 4873 3197 4941 cujus
3230 4872 3479 4927 dictione
3500 4872 3812 4929 viveret,non

2229 4964 2523 5031 ausa,lalis
2546 4962 2817 5032 deinceps
2836 4960 3156 5014 invectione
3180 4960 3537 5015 mercimonii
3558 4958 3688 5013 421
3706 4951 3811 5006 abs-

2226 5053 2403 5107 tinuit
2461 5051 2720 5119 obnoxie,
2782 5049 3077 5103 mandatis
3136 5050 3503 5119 imperatoris
3554 5047 3808 5108 obtempe-

2225 5158 2379 5195 rans.
2402 5140 2614 5194 Verum
2652 5137 2750 5193 alii
2772 5137 3013 5208 quidam
3038 5154 3102 5191 ex
3134 5153 3198 5191 ea
3224 5144 3393 5207 gente
3426 5132 3694 5190 domicilia
3721 5126 3807 5180 Gc-

2225 5248 2353 5284 nua:
2378 5226 3021 5297 habentos,praescripto
3056 5226 3420 5296 imperatoris
3439 5224 3590 5277 nihili
3622 5217 3803 5275 habito,

2221 5318 2482 5373 fabricati
2499 5334 2699 5371 navem
2717 5317 3007 5385 ingentem
3029 5316 3287 5368 rotundae
3305 5317 3489 5369 forma
3505 5305 3801 5393 onerariam:

2219 5425 2249 5462 e
2302 5407 2532 5477 proprio
2566 5405 2853 5459 solventes
2913 5408 3077 5473 portu
3108 5408 3164 5455 et
3198 5403 3251 5455 in
3311 5402 3609 5457 Thracium
3655 5395 3800 5447 evecti

2217 5497 2534 5566 Bosporum
2572 5511 2672 5565 per
2695 5494 2855 5547 Ponti
2912 5494 3105 5546 tauces
3156 5492 3213 5543 in
3268 5492 3539 5545 Euxinum
3572 5485 3797 5566 penetra-

2216 5564 2372 5655 runt,
2408 5564 2735 5638 nullaicura
2767 5586 2866 5636 aut
2898 5581 3117 5635 ratione
3148 5579 3347 5635 habita
3367 5578 3449 5636 vel
3475 5564 3793 5646 imperatoris
