4110 6280
222 336 338 393 877

1297 329 1390 382 DE
1425 325 1798 384 MICHABLE
1839 326 2285 386 PALJEOLOGO
2320 332 2453 385 LIB.
2485 332 2554 385 ν.

3514 326 3621 381 878

222 462 325 526 τῆς
381 453 661 532 σφετέρας,
717 449 809 506 καὶ
867 446 933 520 δὴ
988 452 1066 521 τῷ
1124 450 1374 523 Θρᾳκικῷ
1412 443 1871 522 προσοκείλαντες
1898 443 2089 515 Αλῆς
2117 448 2503 525 κατεφαίνοντο
2557 452 2682 524 ὃρη,
2738 450 2828 505 καὶ
2883 451 2950 518 ἦν
3013 450 3105 522 μὲν
3165 449 3351 510 αὐτοῖς
3408 449 3542 503 ποτὶ
3571 448 3621 521 ἐξ

230 542 497 617 Βοσπόρῳ
531 538 782 596 διέπλεον
812 539 879 593 τὰ
905 538 1060 592 στενά
1099 540 1195 591 τοῦ
1244 536 1476 606 Ηόντου,
1510 534 1876 609 ἀφροντίστως

229 633 450 707 ἔχοντες
484 629 573 685 καὶ
610 625 878 705 βασιλέως
933 627 1022 680 xui
1078 629 1174 679 τοῦ
1232 624 1366 678 κατὰ
1410 628 1541 701 σφᾶς
1573 624 1833 701 συν-ήθὸυς
1859 640 1871 652 ·

239 719 379 795 μηδὲ
435 720 540 794 γὰρ
599 718 730 772 εἶναι
784 717 873 770 τὸν
934 714 1304 790 προσίσχοντα
1355 718 1471 773 τοῖς
1526 711 1773 773 ἐνταυθοῖ
1820 710 1879 763 ἐκ

236 809 487 877 Γενοόας,
540 805 664 879 πρὶν
725 803 785 858 ἄν
840 802 977 878 πρὸς
1033 808 1153 863 ταῖς
1212 801 1551 875 Βλαχέρναις
1591 801 1881 875 γενόμενον

240 894 469 973 βασιλέα
498 915 555 948 τε
587 892 851 969 εὐφημεῖν
911 891 977 945 τὰ
1035 890 1216 945 εἰκότα
1261 889 1350 942 καὶ
1397 892 1740 962 προσκυνεῖν,
1775 887 1882 939 ἐτὲ-

239 986 373 1059 ρωθι
405 981 710 1056 τρέπεσθαι.
759 980 895 1037 Τότε
941 977 1121 1034 τοίνυν
1172 977 1368 1032 ἐκεῖνοι
1415 974 1505 1031 καῖ
1554 975 1724 1030 αὐτῶν
1759 996 1882 1028 συν-

240 1075 431 1137 θεσιῶν
493 1073 598 1124 τῶν
650 1068 785 1121 κατά
835 1072 968 1144 σφᾶς
1019 1068 1414 1139 ἀμελήσαντες,
1466 1064 1633 1137 οὐρίῳ
1674 1062 1883 1137 χρησά-

248 1181 395 1234 μενοι
444 1163 523 1229 τῶ
569 1156 628 1210 ἐκ
668 1155 829 1210 νότου
877 1154 1139 1226 πνεύματι
1189 1154 1455 1229 ἀνήγοντο
1497 1150 1882 1227 ἀφροντίστως,

248 1247 340 1301 καὶ
388 1245 449 1299 τὸ
498 1239 670 1315 στόμα
718 1236 1022 1300 διεκὸἀντες
1070 1244 1165 1294 τοῦ
1216 1240 1427 1295 Πόντου
1473 1240 1608 1310 πρὸς
1638 1243 1754 1299 τοῖς
1790 1239 1883 1313 βα-

246 1333 414 1407 ρείοις
440 1338 540 1399 τῆς
570 1328 842 1399 θαλάσσης
897 1328 1110 1401 λιμέσιν
1162 1328 1443 1402 ἐνὼρμων.
1492 1328 1745 1383 Κάκεῖνοι
1790 1327 1881 1399 μὶν

242 1422 309 1474 τὰ
340 1418 523 1474 πολλά
550 1417 637 1472 ἐπὶ
672 1417 869 1492 χρόνον
910 1416 1318 1491 πειρατεύοντες
1372 1413 1665 1470 διετέλουν.
1698 1417 1884 1468 Ὕστε-

244 1529 336 1583 ρον
395 1507 483 1561 καὶ
545 1511 1006 1583 φορταγωγοῦσαν
1068 1504 1391 1577 ληϊσάμενοι
1446 1507 1595 1571 ναῦν,
1631 1504 1731 1556 οὐκ
1761 1500 1883 1557 ὀλί-

240 1617 336 1670 γον
373 1595 537 1670 μὲρος
592 1598 690 1648 τοῦ
749 1595 951 1671 φόρτου
1004 1595 1093 1648 καὶ
1150 1592 1477 1665 στυπτηρίαν
1535 1589 1785 1665 ἔχουσαν,
1831 1589 1882 1645 ἐν

239 1683 410 1755 ταύτῃ
465 1683 531 1737 τὰ
587 1681 751 1737 πάντα
811 1682 1148 1753 νηησάμενοι
1207 1682 1322 1735 κατ’
1401 1680 1693 1757 ἀσφάλειαν
1754 1681 1884 1753 θαρ-

1986 535 2187 608 οὖρίων
2220 537 2428 610 πλέειν,
2461 539 2591 593 ποτέ
2622 536 2680 592 δὲ
2728 540 2817 593 καὶ
2866 536 3124 613 λιχρίους
3172 537 3308 611 πρὸς
3336 537 3427 591 τὸν
3457 535 3625 609 ἐμπί-

1986 646 2186 679 πτοντα
2214 624 2430 700 ἄνεμον,
2485 627 2633 690 ὅπως
2683 624 2741 682 ἄν
2802 628 2949 705 σφίσι
3010 627 3163 703 ῥέποι
3212 626 3274 680 τὸ
3304 630 3537 698 πνεῦμα,
3570 623 3621 679 ἐν

1986 711 2178 775 ἃλλοις
2216 717 2309 787 μὲν
2341 715 2596 790 αὔταρκες
2656 716 2725 785 ἦν
2780 718 2841 769 τὸ
2896 721 3143 771 τοιοῦτον
3188 715 3277 769 καὶ
3311 713 3456 791 σφίσι
3490 712 3624 768 ἀπο·

1990 801 2252 876 χρώντως
2286 803 2400 877 εἶχε
2456 806 2590 878 πρὸς
2647 801 2929 871 εὔπλοιαν,
2989 807 3055 877 τῇ
3111 802 3278 877 Φάρῳ
3329 799 3385 856 δὲ
3432 800 3627 877 προσί-

1988 909 2211 963 σχουσιν
2243 890 2294 945 ἕν
2326 892 2415 946 καὶ
2451 894 2610 965 μόνον
2655 892 3008 965 ἐδοκιμάζετο
3058 897 3272 963 πνεῦμα
3317 896 3628 966 χρησιμεῦ-

1990 998 2081 1031 σον
2108 978 2170 1031 τὸ
2197 984 2293 1032 τοῦ
2328 980 2520 1056 βοῤῥᾶ,
2579 986 2663 1051 [Ρ.
2712 983 2839 1053 286]
2897 980 3040 1048 πλὴν
3102 980 3201 1034 οὐκ
3228 979 3505 1052 ἀνειμένον
3538 981 3629 1034 καὶ

1988 1065 2561 1143 καταρῥᾳθυμημένως
2612 1072 2708 1123 ἀον
2769 1070 2841 1130 ὡς
2898 1070 2987 1123 καὶ
3044 1068 3119 1131 είς
3167 1067 3421 1141 νηνεμίαν
3469 1071 3633 1147 ἀμφι-

1991 1150 2285 1218 ϐάλλεσθαι
2316 1158 2378 1210 τὸ
2409 1161 2503 1211 τοῦ
2535 1156 2689 1231 ἀὲρος
2747 1159 3069 1228 κατάστημα
3126 1157 3185 1211 ἐκ
3234 1161 3328 1210 τοῦ
3356 1158 3422 1211 τὰ
3452 1156 3619 1235 λαίφη

1990 1244 2077 1297 xui
2114 1243 2274 1316 μόνον
2304 1244 2537 1321 ψαίρειν,
2573 1243 2698 1299 ἀλλ’
2742 1244 2798 1299 ὃν
2850 1243 2952 1320 ἄρα
2994 1246 3082 1300 καὶ
3126 1246 3394 1315 Ταναῗτην
3430 1245 3632 1319 ὀνομά-

1992 1333 2107 1386 σετὲ
2135 1353 2217 1393 τις
2247 1338 2351 1386 τῶν
2396 1337 2658 1387 ναυτικῶν
2687 1352 2699 1365 ·
2758 1332 2941 1404 τούτῳ
2997 1336 3096 1408 γὰρ
3154 1332 3244 1386 καὶ
3295 1334 3446 1405 μόνῳ
3478 1333 3629 1408 εἶχον

1993 1420 2384 1495 ἰσχυρίζεσθαι,
2421 1421 2792 1491 ἀπηλπικότες
2836 1426 2941 1476 τῶν
2995 1420 3199 1489 ἄλλων,
3232 1422 3368 1496 πρὸς
3396 1422 3487 1476 τὸν
3521 1420 3626 1476 ἀπὸ

1989 1514 2085 1563 τοῦ
2121 1509 2387 1584 βασιλέως
2421 1509 2592 1583 λόχον
2626 1516 2744 1571 ταῖς
2789 1511 3035 1584 πορείαις
3080 1509 3255 1564 αὐτῶν
3290 1510 3626 1583 ἐφιζάνοντα.

1993 1599 2096 1653 Καὶ
2152 1600 2203 1672 γ’
2258 1597 2337 1674 ἐφ’
2395 1600 2627 1671 ἡμέραις
2684 1596 3066 1672 προσδοκῶσιν
3134 1597 3391 1671 ἀσμένοις
3448 1598 3627 1674 σφίσιν

1993 1686 2185 1756 ἐπέστη
2217 1687 2305 1740 xui
2339 1685 2592 1762 λαμπρὸς
2626 1683 2794 1753 ἔπνει,
2844 1687 2930 1741 καὶ
2984 1686 3036 1755 ἐξ
3086 1687 3283 1761 οὐρίων
3326 1687 3387 1741 τὸ
3418 1691 3633 1759 πνεῦμα

248 1772 464 1847 ῥοῦντες
491 1768 810 1826 κατέπλεον.
865 1768 1128 1831 Βασιλεὺς
1180 1767 1236 1823 δὲ
1282 1768 1588 1839 πυθόμενος
1638 1768 1739 1834 τήν
1771 1764 1885 1820 8ιά-
1917 1772 2174 1869 Βοίστατο
2204 1778 2271 1847 τῇ
2301 1777 2409 1843 νηῒ.
2444 1780 2510 1853 ᾪ
2563 1773 2626 1842 δὴ
2681 1773 3043 1849 θαρῥήσαντες
3092 1776 3187 1836 τὰς
3234 1772 3445 1845 τόλμας
3474 1774 3636 1849 ἐθάρ-

248 1855 486 1914 6ασινέν
540 1856 697 1929 δεινῶ
755 1859 853 1925 τήν
906 1858 1302 1933 καταφρόνησιν
1364 1856 1620 1926 ἐποιεῖτο,
1677 1854 1765 1909 xui
1799 1853 1886 1909 ἐπὶ

250 1946 539 2023 λογισμῶν
640 1942 860 2022 ἔστρεφε
934 1950 1050 2005 πῶς
1124 1942 1185 1999 ἄν
1261 1944 1528 2018 ἐγγένοιτο
1604 1943 1653 1997 ἐν
1729 1943 1887 2017 χερσὶ

250 2036 377 2097 τοὺς
409 2036 919 2111 καταφρονήσαντας
950 2039 1255 2108 περισχεῖν.
1290 2032 1449 2089 Ἀλλ’
1498 2029 1610 2086 οὐδ’
1664 2031 1889 2093 ἐκείνοις

249 2125 495 2199 ἠγνόητο
524 2125 585 2178 τὸ
625 2122 873 2197 παράπαν
906 2126 939 2192 ἡ
971 2127 1071 2177 τοῦ
1123 2123 1392 2197 βασιλέως
1436 2120 1679 2191 θὲλησις.
1726 2122 1891 2193 Ἀμέ-

250 2213 334 2270 λει
361 2234 447 2266 τοι
477 2213 566 2266 καὶ
603 2209 690 2265 διὰ
741 2210 1021 2288 φροντίδος
1070 2211 1354 2265 ἐποιοῦντο
1390 2216 1490 2279 τῆς
1525 2210 1586 2263 οὐ
1615 2209 1892 2284 τυχούσης

244 2302 336 2354 τὸν
367 2299 540 2354 πλοῦν
603 2298 858 2368 εὐοδῆσαι
911 2300 1057 2376 σφίσι
1110 2301 1199 2353 xui
1252 2298 1444 2361 αὐτοὺς
1493 2296 1772 2373 διαδρᾶναι
1801 2298 1890 2352 τὸν

244 2386 517 2457 κίνδυνον,
573 2387 630 2443 ὅν
695 2386 1051 2451 ἐπυνθάνοντο
1110 2389 1444 2462 ἐπηρτῆςθαι
1499 2387 1715 2449 τούτοις
1748 2386 1893 2459 παρά

257 2475 546 2550 βασιλέως.
580 2476 668 2537 Ὡς
726 2479 854 2550 γοῦν
915 2474 1113 2539 ἐκεῖθεν
1160 2474 1383 2530 πλέουσι
1431 2476 1497 2529 τὰ
1540 2480 1640 2543 τῆς
1694 2475 1893 2527 ἀνατο-

258 2706 344 2760 vel
380 2708 632 2778 antiqua
654 2706 1103 2762 consuetudinis
1128 2706 1535 2777 ipsorum,qua
1560 2704 1716 2761 soliti
1744 2708 1897 2759 eate-

260 2812 373 2848 nus
400 2796 757 2864 fuerant,ubi
782 2797 1038 2865 primum
1072 2797 1487 2867 comparebant
1508 2796 1569 2850 in
1601 2795 1693 2850 his
1720 2794 1897 2865 parti-

264 2882 401 2944 bus,
434 2881 593 2936 adire
621 2889 768 2937 recta
801 2883 1079 2954 palatium
1114 2884 1702 2948 Blachernarum,nec
1725 2883 1897 2953 quid-

267 2984 441 3039 quam
474 2975 635 3023 antea
666 2987 859 3025 rerum
892 2987 1089 3041 gerere
1140 2977 1237 3027 aut
1268 2987 1563 3043 quoquam
1598 2972 1897 3037 divertere,

270 3072 444 3126 quam
476 3056 552 3111 ibi
585 3075 755 3113 suum
786 3059 1135 3130 obsequium
1168 3060 1504 3131 imperatori
1540 3060 1784 3130 professi
1812 3075 1899 3113 so-

264 3144 439 3199 lemni
474 3145 890 3202 acclamatione
922 3164 986 3202 ac
1017 3150 1384 3203 veneratione
1436 3148 1700 3203 fuissent.
1734 3150 1897 3202 Tunc

259 3232 442 3304 igitur
471 3234 541 3288 iis
568 3234 843 3289 omnibus
886 3236 1254 3306 contemptis,
1316 3253 1382 3291 ac
1439 3236 1665 3291 cunctis
1723 3235 1898 3290 ofﬁcii

269 3322 685 3393 modestiaque
719 3324 1043 3378 rationibus
1070 3341 1289 3395 susque
1320 3326 1509 3395 deque
1542 3325 1896 3393 habitis,au-

265 3414 386 3466 stro
416 3410 660 3465 intrante
691 3411 815 3465 vela
844 3411 1032 3467 valido
1066 3429 1266 3467 secure
1294 3414 1645 3483 trajecerunt
1665 3430 1767 3483 per
1795 3430 1897 3467 an-

261 3497 487 3569 gustias
520 3499 788 3570 Bospori,
821 3505 877 3554 et
906 3500 962 3553 in
995 3502 1483 3571 Septentrionales
1512 3502 1675 3556 Ponti
1699 3506 1900 3572 portus

274 3586 481 3640 invecti
514 3603 627 3641 non
661 3604 767 3641 sua
797 3589 988 3642 solum
1020 3588 1139 3643 illic
1169 3605 1270 3660 per
1298 3589 1482 3645 otium
1513 3590 1742 3661 negotia
1782 3594 1902 3643 tra-

266 3678 520 3741 ctarunt,
573 3676 672 3729 sed
708 3675 915 3746 pradis
946 3676 1186 3746 agendis
1215 3681 1271 3731 et
1328 3678 1572 3746 piratica
1628 3681 1750 3733 toto
1807 3677 1902 3732 illo

272 3761 413 3815 mari
449 3762 715 3817 facienda
741 3780 854 3817 non
891 3780 1094 3834 parum
1130 3765 1407 3835 temporis
1439 3766 1904 3821 triverunt.Tan-

269 3850 397 3903 dem
428 3850 484 3903 in
507 3850 832 3905 onerariam
859 3851 1224 3906 incurrentes
1254 3868 1525 3922 magnam
1553 3858 1607 3908 et
1635 3854 1905 3924 pretiosis

269 3954 503 4008 gravem
541 3938 851 4005 mercibus,
888 3956 1139 4010 quarum
1175 3957 1308 4011 pars
1361 3947 1484 3996 erat
1537 3958 1648 3996 non
1700 3943 1908 4013 exigua

269 4026 502 4097 pondus
534 4026 739 4097 ingens
771 4026 1072 4096 aluminis,
1107 4045 1173 4082 ea
1224 4033 1554 4100 expugnata
1601 4032 1909 4101 pradaque

272 4112 543 4168 universa
572 4114 629 4167 in
663 4132 830 4169 suam
861 4133 1063 4171 navem
1096 4117 1328 4172 condita
1375 4122 1525 4173 retro
1574 4135 1805 4189 proram
1850 4120 1907 4175 in

272 4202 522 4271 patriam
554 4208 871 4271 verterunt,
922 4205 1231 4260 transituri
1291 4208 1481 4261 denuo
1539 4208 1908 4264 securissime

270 4293 477 4359 prater
508 4291 709 4345 urbem
740 4308 804 4345 ac
826 4299 1056 4363 portum
1082 4293 1768 4367 Constantinopolis,sine
1793 4297 1908 4353 ullo

273 4378 619 4448 cujusquam
658 4387 834 4447 metu,
872 4398 970 4451 per
995 4399 1290 4437 summum
1326 4384 1593 4439 Romana
1644 4386 1908 4456 potentia

1998 1863 2150 1940 ῥυνον
2182 1864 2275 1925 τάς
2333 1861 2492 1931 ἰδίας,
2552 1865 2639 1918 καὶ
2694 1863 2820 1927 τοὺς
2881 1864 3175 1940 φώσσωνας
3231 1861 3420 1917 αὐτίκα
3451 1860 3635 1917 διαπι-

1995 1952 2245 2014 τάσαντες
2277 1955 2440 2015 ὅλους
2474 1954 2606 2008 κατά
2660 1953 2784 2028 ῥοῦν
2834 1952 3111 2030 ἐφέροντο,
3168 1953 3382 2007 πίσυνοι
3420 1953 3514 2024 μὲν
3546 1952 3637 2006 xui

1997 2047 2065 2115 τῇ
2095 2047 2191 2096 τοῦ
2248 2042 2553 2115 πνεύματος
2611 2040 2927 2119 σφοδότητι,
2987 2039 3047 2094 οὐ
3112 2043 3217 2113 μην
3270 2037 3326 2094 δὲ
3374 2038 3640 2095 ἀλλὰκαὶ

1998 2133 2065 2187 τὰ
2092 2131 2300 2207 πλευρά
2326 2140 2426 2201 τῆς
2458 2132 2590 2201 νηὸς
2647 2131 2798 2206 βόαις
2852 2128 3004 2191 αὕαις
3039 2130 3292 2204 ἐξήρτυον
3320 2131 3406 2183 xui
3441 2129 3637 2191 ὅπλοις

2000 2226 2457 2293 κατεκοσμοῦντο,
2545 2221 2619 2283 ὡς
2702 2221 3073 2295 ἀποχρώντως
3159 2217 3481 2289 ἀνθεξούσης
3543 2218 3636 2290 μὲν

2001 2310 2134 2383 πρὸς
2166 2314 2270 2381 πῦρ
2310 2309 2398 2363 xui
2437 2314 2539 2363 πᾶν
2587 2309 2649 2363 τὸ
2702 2307 3043 2382 βαλλόμενον
3074 2310 3171 2376 τῆς
3204 2308 3360 2379 νεὼς,
3391 2305 3643 2378 πολεμη-

2002 2399 2201 2453 σόντων
2236 2395 2293 2452 δὲ
2320 2398 2410 2451 καὶ
2444 2398 2639 2465 αὐτῶν,
2691 2395 2744 2451 εἷ’
2773 2417 2912 2458 τινες
2944 2395 3003 2450 ἐκ
3036 2394 3306 2472 βασιλέως
3344 2394 3634 2459 ἐπίθοιντο.

2003 2488 2084 2545 Τὰ
2116 2488 2211 2559 μὲν
2241 2485 2330 2541 οῦν
2371 2485 2494 2560 περὶ
2522 2486 2728 2540 τούτων
2776 2486 2804 2540 ὁ
2858 2483 3113 2559 βασιλεὺς
3157 2484 3465 2556 πυθόμενος
3496 2482 3637 2538 ἀπο-

2008 2702 2115 2757 cile
2148 2703 2239 2757 usi
2269 2704 2539 2772 sunt,ope
2572 2699 2713 2755 artis
2744 2697 3643 2769 nautica,vento,qualiscunque

2008 2795 2148 2845 tunc
2180 2789 2458 2860 spirabat,
2480 2804 2593 2843 non
2620 2787 2788 2859 plane
2818 2786 3117 2853 adversus,
3152 2784 3319 2840 illum
3366 2801 3521 2839 nunc
3554 2801 3645 2839 re-

2010 2861 2100 2934 cta
2133 2877 2410 2949 oppansis
2440 2876 2769 2940 velis,nunc
2800 2874 3118 2943 obliquatis
3150 2873 3647 2945 capientes,prout

2010 2984 2156 3038 opus
2196 2971 2317 3021 erat
2362 2966 2431 3020 ad
2465 2964 2745 3019 ﬂectenda
2773 2962 3269 3034 promontoriazad
3297 2963 3449 3033 quod
3477 2961 3641 3016 sufﬁ-

2009 3057 2195 3111 ciebat
2224 3072 2365 3109 aura
2387 3053 2636 3108 modica.
2666 3053 2809 3123 Ergo
2837 3052 2919 3107 sic
2956 3050 3249 3122 progressi
3271 3051 3642 3105 continenter

1927 3129 1971 3192 Ο
2012 3150 2151 3199 sunt
2181 3144 2249 3198 ad
2282 3143 2535 3197 Pharum
2568 3157 2772 3211 usque,
2822 3140 2920 3194 ubi
2967 3138 3273 3194 subductis
3320 3138 3643 3195 rationibus

2001 3232 2251 3287 instituti
2284 3248 2493 3286 cursus
2525 3234 2583 3285 et
2616 3227 2939 3301 periculum
2983 3226 3469 3298 impendentium,
3516 3231 3638 3281 sta-

2002 3326 2241 3377 tuerunt
2271 3322 2544 3391 deinceps
2578 3336 2693 3375 non
2725 3334 3135 3388 quemcunque
3167 3317 3276 3371 sibi
3330 3332 3362 3371 a
3412 3319 3643 3387 Septen-

2003 3411 2192 3465 trione
2222 3414 2456 3464 ventum
2481 3410 2624 3463 satis
2658 3408 2798 3475 fore;
2824 3408 2925 3476 qui
2955 3407 3109 3462 enim
3142 3411 3281 3461 tunc
3304 3404 3648 3461 ﬂabatlenis

2003 3504 2147 3564 erat,
2183 3497 2433 3552 molliter
2464 3496 2649 3551 solum
2678 3497 2993 3566 stringens,
3030 3512 3143 3549 non
3195 3493 3366 3565 pleno
3416 3495 3639 3565 impetu

2005 3586 2311 3658 impellens
2343 3584 2485 3651 vela,
2520 3589 2581 3638 ut
2613 3584 2868 3638 malacia
2896 3582 3161 3654 proprior
3179 3581 3306 3637 cali
3340 3586 3529 3638 status
3552 3583 3640 3637 vi-

2008 3678 2443 3745 deretur.Egere
2477 3690 2537 3727 se
2567 3676 2761 3727 autem
2795 3673 2866 3726 ad
2898 3672 3244 3727 eluctandos
3276 3688 3425 3742 quos
3456 3672 3644 3742 provi-

2008 3766 2223 3820 debant
2254 3777 2597 3818 occursuros
2626 3761 2817 3815 obices
2841 3760 3171 3815 vehementi
3200 3764 3416 3827 Borea;
3452 3760 3644 3829 qualis

2008 3861 2097 3911 est
2124 3854 2219 3909 ille
2244 3870 2413 3925 quem
2439 3850 2740 3906 Tanaitem
2766 3856 2953 3904 nauta
2977 3849 3643 3920 vocant.Huic,inquam,

2010 3946 2297 3999 confidere
2329 3942 2428 3997 uni
2461 3957 2522 3995 se
2553 3942 2885 3994 statuerunt
2916 3954 3106 4007 posse;
3140 3938 3239 4007 qui
3276 3936 3387 3991 nisi
3419 3938 3644 3991 contin-

2011 4038 2189 4104 geret,
2218 4033 2387 4101 plane
2418 4030 2807 4100 desperabant
2833 4026 3083 4081 insidias
3132 4042 3195 4081 se
3245 4029 3641 4080 Romanarum

2012 4136 2180 4193 posse
2208 4121 2438 4175 navium
2474 4120 2745 4189 elfugere.
2780 4119 2922 4172 Ecce
2951 4120 3144 4172 autem
3176 4120 3488 4187 postquam
3540 4114 3650 4169 ali-

2014 4216 2155 4282 quot
2183 4210 2261 4265 ibi
2285 4210 2409 4265 dies
2431 4209 2768 4273 substitere,
2801 4205 3173 4261 commodum
3208 4203 3304 4258 ille
3336 4203 3461 4272 ipse
3484 4208 3650 4276 opta-

2013 4307 2110 4356 tus
2141 4302 2347 4353 ventus
2380 4298 2601 4368 spirare
2633 4297 2703 4352 ab
2735 4301 2892 4351 arcto
2925 4294 3238 4349 vehemens
3298 4292 3489 4363 capit;
3547 4308 3653 4347 nec

2014 4387 2264 4443 cunctati
2295 4385 2561 4441 videlicet
2594 4384 2677 4438 illi
2711 4389 2851 4439 sunt
2908 4387 3062 4437 totos
3122 4380 3204 4435 illi
3263 4379 3652 4436 libentissime

276 4470 694 4538 contemptum.
719 4469 857 4537 Ejus
887 4471 1138 4525 audacia
1170 4474 1569 4545 superbiaque
1591 4475 1799 4531 certior
1829 4476 1908 4529 fa-
1944 4481 1989 4545 Π
2024 4475 2602 4548 penderelinteorum
2629 4475 2816 4538 sinus,
2849 4472 3242 4539 audacterque
3284 4469 3494 4523 invecti
3552 4485 3655 4540 spe

276 4558 373 4609 tus
404 4555 719 4627 imperator
748 4557 1178 4629 indignissime,
1212 4565 1275 4614 ut
1306 4578 1409 4631 par
1438 4568 1582 4629 erat,
1624 4563 1901 4632 injuriam

276 4641 433 4711 tulit;
465 4643 835 4713 decrevitque
868 4664 978 4701 non
1039 4648 1407 4703 committere
1441 4655 1504 4704 ut
1554 4667 1614 4705 se
1671 4651 1909 4722 impune

276 4733 504 4785 tantum
538 4749 713 4789 ausos
736 4733 969 4804 gloriari
995 4735 1403 4792 Genuensibus
1432 4737 1648 4794 liceret.
1676 4740 1911 4811 Disqui-

276 4818 442 4872 rebat
473 4824 663 4875 autem
699 4822 938 4877 modum
970 4840 1085 4894 quo
1110 4824 1219 4880 isto
1243 4826 1352 4879 sub
1372 4842 1611 4881 manum
1634 4844 1698 4882 ac
1722 4834 1910 4898 potes-

280 4907 457 4958 tatem
485 4922 650 4962 suam
675 4910 933 4981 redigere
954 4916 1381 4984 contemptores
1405 4919 1617 4983 posset.
1634 4916 1706 4971 At
1728 4932 1915 4988 neque

284 4991 373 5046 his
389 4991 646 5064 ignotum
663 5003 787 5053 erat
800 5004 991 5055 votum
1008 5002 1389 5071 studiumque
1405 5002 1792 5072 imperatoris.
1808 5005 1916 5061 Ita-

274 5096 387 5151 que
410 5098 610 5138 curam
634 5102 698 5139 ac
720 5086 1082 5157 diligentiam
1108 5106 1220 5143 non
1244 5089 1527 5160 vulgarem
1564 5092 1916 5150 adhibebant

279 5168 336 5221 in
371 5170 725 5237 expediendo
757 5190 929 5227 cursu
964 5176 1421 5247 explicandaque
1452 5194 1579 5234 sese
1598 5180 1667 5234 ab
1688 5180 1915 5237 insidiis

276 5257 431 5311 4‘22
457 5261 845 5315 Romanarum
882 5264 1391 5335 navium,quarum
1425 5269 1749 5324 rectoribus
1772 5272 1917 5326 scie-

276 5346 418 5399 bant
448 5346 519 5400 ab
547 5347 897 5417 imperatore
930 5353 1270 5407 mandatum
1310 5358 1371 5407 ut
1403 5355 1711 5411 observare
1761 5359 1918 5428 ipsos

275 5432 332 5486 in
367 5435 617 5488 transitu
652 5452 716 5490 ac
748 5439 906 5492 omni
940 5440 1162 5495 ratione
1214 5442 1706 5512 comprehendere
1750 5463 1947 5501 conaw

283 5526 506 5575 rentur.
544 5522 612 5577 Ut
645 5524 824 5595 igitur
857 5527 1002 5597 ipsis
1032 5545 1061 5581 e
1091 5528 1270 5583 Ponto
1293 5530 1540 5600 patriam
1568 5548 1765 5588 versus
1789 5550 1915 5588 cur-

285 5625 417 5668 sum
447 5612 788 5671 tenentibus
818 5621 1043 5673 montes
1074 5616 1327 5674 Orientis
1359 5627 1777 5692 apparuerunt,
1827 5623 1913 5677 fa-

2013 4566 2234 4637 optima
2262 4560 2954 4626 ferebantur,evolaturos
2987 4575 3113 4613 sese
3144 4556 3252 4611 rati
3275 4555 3327 4610 vi
3348 4573 3500 4611 aura
3532 4560 3651 4612 tam

2024 4669 2309 4725 prospera
2342 4656 2502 4706 trans
2520 4649 2844 4721 quamlibet
2865 4648 3109 4701 infestos
3128 4644 3535 4700 insidiantium
3558 4661 3655 4702 co-

2025 4747 2214 4797 natus.
2252 4739 2425 4793 Navis
2456 4737 2638 4793 latera
2672 4735 2810 4807 quin
2842 4735 3014 4789 etiam
3050 4733 3220 4788 siccis
3252 4733 3427 4788 boum
3483 4734 3657 4789 coriis

2027 4830 2384 4893 munierunt,
2422 4834 2486 4881 ut
2518 4826 2588 4881 ab
2622 4826 2753 4896 igne
2774 4824 2923 4879 forte
2948 4823 3160 4892 injecto
3193 4825 3294 4876 aut
3321 4821 3435 4875 alia
3452 4824 3656 4893 quavis

2027 4921 2098 4974 ab
2130 4917 2402 4972 hostibus
2434 4913 2723 4986 ejaculata
2755 4916 2913 4982 peste
2944 4916 3070 4966 tuta
3104 4910 3308 4964 forent.
3346 4917 3521 4965 Arma
3548 4910 3660 4981 ipsi

2028 5005 2430 5077 expedierunt,
2460 5003 2573 5056 vim
2640 5000 2915 5072 repellere
2948 4997 3135 5070 parati
3183 5013 3543 5069 quacunque
3589 4999 3661 5053 ab

2027 5093 2396 5167 imperatoris
2431 5092 2761 5147 inferretur.
2814 5088 2917 5143 His
2972 5087 3288 5156 imperator
3346 5086 3660 5157 compertis

2032 5180 2485 5253 423imperavit
2506 5177 2912 5234 Genuensibus
2935 5181 3136 5230 Peraa
3162 5173 3509 5245 degentibus
3528 5174 3661 5227 mit-

2031 5279 2150 5328 tere
2165 5272 2262 5343 qui
2283 5268 2669 5325 sisterenthos
2695 5264 3001 5338 populares
3026 5266 3247 5329 suos,et
3267 5262 3339 5315 iis
3355 5261 3667 5316 suaderent

2030 5379 2145 5416 non
2176 5361 2259 5415 sic
2291 5359 2607 5413 insalutato
2640 5358 2989 5426 imperatore
3022 5348 3332 5422 praeterire.
3388 5350 3669 5403 Fecerunt

2030 5450 2083 5503 id
2121 5448 2205 5501 illi
2238 5448 2517 5513 studiose;
2551 5446 2652 5499 sed
2680 5443 2827 5499 nihil
2861 5442 3246 5513 profecerunt,
3274 5435 3670 5507 perstantibus

2033 5538 2164 5592 aliis
2194 5536 2250 5589 in
2287 5534 2577 5605 preposito
2610 5537 2666 5587 et
2699 5530 2919 5586 monita
2952 5524 3209 5582 convicio
3232 5522 3667 5593 repellentibus.

2033 5627 2222 5689 Quare
2246 5622 2351 5689 illi,
2386 5639 2457 5679 ne
2486 5622 2599 5679 sibi
2631 5619 2823 5676 fraudi
2858 5620 3014 5674 esset
3043 5613 3234 5669 aliena
3284 5608 3671 5680 contumacia,
