4130 6270
489 300 596 357 879
1788 303 2091 364 GEORGII
2127 303 2587 365 uomens:
3734 320 3823 380 330

492 419 736 477 στὲλλων
795 422 1125 497 προσέταττε
1177 428 1296 490 τοῖς
1352 425 1488 482 κατὰ
1543 426 1767 502 περαίαν
1819 422 2127 485 Γενουΐταις
2157 426 2212 493 Α
2242 425 2539 502 φώσσωνας
2591 429 2682 484 καὶ
2763 427 3081 494 πολυοποῦς
3159 430 3454 488 ποιούντων
3519 437 3578 493 τὸ
3630 439 3819 518 υτερῤὸν

491 510 723 582 πέμπειν
757 510 883 573 τοὺς
913 509 1281 583 κωλύσοντας,
1329 513 1381 570 ο⁹ί
1427 517 1514 571 καὶ
1549 515 1782 592 συχνοὺς
1821 512 2129 588 πέμποντες
2234 510 2382 567 ἐνίκα
2410 518 2506 569 τοῦ
2554 518 2879 590 πνεύματος,
2934 518 3022 573 καὶ
3081 522 3416 595 προσεχώρει
3473 509 3822 597 μεῖζον

487 598 617 659 τοὺς
676 599 1004 672 ἀπεροῦντας
1067 602 1143 672 μὴ
1202 599 1362 657 πλεῖν
1434 604 1765 680 προσωτέρω
1823 601 1922 657 οὐκ
1978 602 2124 676 εἶχον
2234 599 2587 676 ἐπισχεθῆναι
2642 610 2758 667 τοῖς
2814 609 2893 678 [Ρ.
2925 609 3052 680 287]
3104 608 3337 671 κάτωθεν
3370 608 3719 681 ἐμποδίζουσι,
3746 618 3821 671 καὶ

490 687 692 744 πείθεν.
747 688 813 744 Οἱ
871 685 918 741 δ’
976 689 1303 765 ἀπεστύγουν
1379 693 1473 766 μὲν
1524 694 1658 769 πρὸς
1713 694 1812 762 τήν
1868 689 2125 757 ἔνστασιν,
2233 691 2349 743 κατ’
2389 688 2576 765 ὀλίγον
2629 690 3069 757 διολισθαίνουσα
3114 692 3427 773 διεφύγγανε
3469 698 3590 761 τοὺς
3624 700 3822 758 ἐπιτιθε-

495 776 648 849 δμως
704 776 767 830 τὸ
819 774 901 854 ἐφ’
956 777 1160 833 ἑαυτῶν
1213 782 1597 856 προορώμενοι
1658 781 1817 855 μόνον
1878 778 1952 841 εἵς
1982 800 2040 833 τε
2066 779 2127 833 τὸ
2238 780 2427 850 μένους
2481 780 2690 853 κύκλῳ,
2749 781 2994 845 πολλοὺς
3049 784 3184 858 πρὸς
3243 784 3462 860 ὀλίγους
3508 784 3755 851 ὅντας.“0
3780 789 3825 847 δὲ

490 866 627 941 πρὸς
685 864 951 940 βασιλέως
1007 863 1191 921 εὔνουν
1240 869 1330 923 καὶ
1390 868 1466 933 εἷς
1519 870 1618 938 τήν
1676 870 1812 945 πρὸς
1867 868 1928 922 τὸ
1974 867 2127 942 γένος
2238 866 2493 941 βασιλεὺς
2523 867 2622 940 ἔξω
2680 892 2784 925 που
2835 874 3142 945 καθήμενος
3197 870 3387 951 ἔσφυζε
3440 875 3531 936 τὰς
3571 877 3729 950 ὁρμὰς
3753 878 3824 933 ἐν-

486 955 834 1029 ἐπιστροφὴν,
880 952 1075 1031 ἠφίουν
1123 955 1185 1009 τὸ
1238 962 1342 1011 πᾶν
1392 956 1475 1011 ἐπ’
1523 958 1730 1029 ἐκείνῳ.
1762 959 1823 1012 Ὁ
1855 957 2129 1029 μέντοιγε
2235 960 2377 1029 ορῶν
2408 957 2503 1019 τὰς
2562 958 2868 1037 ἀποφυγὰς,
2924 960 3012 1015 καὶ
3071 959 3302 1035 συχνοὺς
3360 959 3609 1035 ἔπεμπεν,
3651 965 3827 1030 ἂλλους

491 1041 744 1117 βασιλεὺς
802 1041 1038 1118 ἐσχάτην
1083 1045 1471 1119 περιφρόνησιν
1535 1046 1900 1120 ἡγησάμενος,
1949 1044 2038 1098 καὶ
2079 1045 2129 1119 γ’
2235 1042 2611 1120 ἐπεθάρῥυνεν,
2674 1045 2880 1110 ἄλλους
2940 1047 3176 1103 κελεύων
3233 1049 3322 1103 καὶ
3386 1051 3826 1126 προσαπειλούμε-

487 1131 563 1193 είς
589 1130 807 1204 ἀτιμίας
858 1131 1104 1205 μείζονος
1158 1132 1343 1208 λόγον,
1396 1135 1443 1189 εἴ
1492 1134 1875 1212 καθυφεικότος
1907 1131 2129 1187 ἐκπλεύ-
2233 1151 2339 1191 νος.
2376 1132 2443 1186 Αἱ
2476 1131 2707 1189 σπουδαὶ
2742 1133 2789 1189 δ’
2817 1136 2954 1204 ἦσαν
2999 1135 3271 1206 ἀνόνητοι,
3328 1139 3418 1192 καὶ
3473 1143 3578 1193 τῶν
3609 1140 3831 1197 σπευδόν-

488 1241 652 1287 σειαν,
710 1218 976 1295 ἐπαγείρει
1037 1221 1129 1294 μὲν
1188 1224 1282 1285 τὰς
1336 1224 1473 1279 κατὰ
1526 1226 1625 1294 τὴν
1687 1222 1848 1279 πόλιν
1902 1221 2129 1296 εὐρεθεί·
2232 1239 2338 1272 των
2395 1220 2488 1281 τὰς
2548 1227 2738 1298 χεῖρας
2791 1227 2870 1294 τῷ
2928 1223 3100 1300 οὐρίῳ
3150 1230 3245 1279 τοῦ
3304 1226 3605 1300 πνεύματνς
3648 1232 3680 1297 ἡ
3724 1235 3828 1292 ναῦς

491 1329 583 1371 σας
619 1305 878 1381 ὁλκάδας,
909 1310 1253 1384 περισυνᾶγει
1313 1309 1370 1366 δὲ
1426 1311 1515 1366 καὶ
1571 1313 1747 1373 καθώς
1778 1333 1857 1373 τις
1888 1309 2127 1384 ἐπακτήρ
2232 1306 2638 1383 ἀπεδίδρασκεν.
2672 1313 2756 1373 Ὡς
2805 1315 2934 1386 γοῦν
2994 1310 3187 1368 ἐκεῖνοι
3246 1314 3340 1386 μὲν
3373 1313 3425 1369 ἐν
3460 1311 3675 1390 ἀπύροις
3698 1318 3829 1388 ἦσαν,

489 1396 653 1459 κύνας
710 1397 771 1451 τὸ
830 1396 928 1451 ἀνὰ
980 1398 1078 1465 τήν
1140 1397 1303 1454 πόλιν
1366 1399 1770 1473 Γασμουλικὸν,
1827 1399 2015 1476 ἐφιστᾷ
2072 1396 2129 1452 δὲ
2234 1396 2261 1449 ὁ
2297 1395 2547 1472 βασιλεὺς
2579 1396 2625 1452 δ’
2681 1399 2731 1453 ἐν
2793 1401 2995 1473 ἀθυμίᾳ
3048 1399 3214 1475 δεινῇ,
3275 1401 3485 1477 χλεύην
3536 1404 3597 1458 τὸ
3637 1410 3830 1480 πρᾶγμα

490 1484 704 1549 τούτοις
729 1485 821 1540 τὸν
885 1485 1186 1562 βεστιάριον
1244 1486 1488 1558 Ἀλέξιον
1546 1490 1637 1543 τὸν
1697 1486 1984 1558 ’Λλυάτην.
2027 1486 2128 1539 Κὰ-
2234 1485 2484 1557 οἰόμενος
2533 1486 2622 1541 καὶ
2667 1485 2915 1564 ἄντικρυς
2956 1488 3189 1565 γέλωτα,
3241 1490 3445 1565 εῗσάγει
3486 1513 3568 1556 τις
3592 1496 3692 1547 τῶν
3718 1492 3831 1569 ἀμφ’

489 1578 666 1636 κεῖνος
697 1572 810 1646 ἅμα
848 1578 964 1635 τοῖς
1022 1574 1146 1650 περὶ
1204 1573 1360 1630 αὐτὸν
1417 1576 1508 1630 τὸν
1568 1576 1848 1651 Βόσπορον
1907 1576 1979 1636 ὡς
2010 1578 2129 1649 εἶχε
2232 1573 2391 1628 αὐτὸν
2449 1574 2655 1650 βουλὴν
2712 1574 2971 1632 δοκοῦσαν
3029 1578 3316 1637 συνοίσειν,
3373 1580 3435 1636 Ἣ
3478 1578 3524 1634 δ’
3550 1581 3616 1648 ἦν
3641 1600 3830 1655 χρησα-

494 1659 907 1735 διαπεραιωθεὶς
964 1662 1111 1716 δεινᾶ
1167 1662 1338 1717 ἐποίει
1393 1663 1782 1738 προστάσσων·
1833 1663 1921 1719 καὶ
1969 1662 2014 1718 εί
2049 1664 2125 1737 μὴ
2236 1659 2424 1735 μένους
2453 1664 2597 1738 παρὰ
2650 1664 2971 1719 Καταλάνων
3029 1669 3098 1739 τῇ
3160 1670 3304 1744 σφῶν
3364 1666 3476 1738 νηΐ,
3515 1668 3719 1743 μεγίστῃ
3740 1674 3829 1722 τῶν

490 1751 714 1811 τούτους
770 1747 1255 1820 καταλωνίσονται,
1313 1750 1429 1806 ἴσον
1472 1751 1634 1816 ἐτίθει
1681 1752 1873 1823 καὶτῷ
1900 1756 1999 1819 τῆς
2030 1752 2123 1825 ἆρ-
2156 1773 2205 1839 Β
2230 1748 2416 1806 ἄλλων
2451 1748 2611 1825 οὔσῃ,
2646 1748 2896 1821 ἐπιϐῆναι
2942 1753 3069 1816 τοὺς
3121 1754 3405 1830 αὐτάρκεις
3456 1755 3834 1831 πολεμάρχους,

491 1845 603 1915 χῆς
660 1836 953 1911 στέρεσθαι.
1016 1840 1413 1912 Συνταξάμενοι
1469 1845 1758 1916 τοιγαροῦν
1791 1841 1843 1894 οἱ
1900 1839 2123 1894 ἐπὶτῶν
2156 1835 2196 1839 —
2234 1840 2324 1894 καὶ
2354 1838 2527 1901 οὕτως
2560 1835 2967 1912 ἐπεμϐαλόντας
3023 1842 3151 1906 τοὺς
3207 1843 3416 1913 ἐκείνης
3478 1846 3753 1921 φώσσωνας
3775 1850 3839 1917 τῷ

490 1931 659 1999 νηῶν,
716 1926 768 1980 οἱ
823 1924 880 1981 δὲ
926 1925 1017 1981 καὶ
1067 1926 1155 1982 ἐπὶ
1210 1925 1307 1982 τοῦ
1364 1927 1619 2003 αἰγιαλοῦ
1670 1927 2127 2003 παραταξάμενοι,
2235 1926 2665 2002 προσαράσσοντι
2730 1929 2997 1998 πνεύματι
3079 1931 3151 1992 ὡς
3214 1932 3455 2006 πρώτως
3548 1933 3840 2007 μετέχοντας

489 2020 588 2086 τὴν
622 2016 891 2094 φορτηγὸν
940 2021 1224 2072 κατιοῦσαν
1275 2016 1552 2092 ἐδέχοντο.
1614 2019 1713 2074 Καὶ
1747 2019 1798 2072 οἳ
1833 2018 1925 2091 μὶν
1960 2038 2126 2093 προσ·
2234 2015 2360 2078 τοὺς
2441 2015 2574 2070 τὲως
2658 2016 3075 2091 ὠργυιωμένους
3158 2017 3516 2092 ἐπιτειχίσαι,
3594 2020 3721 2076 ὣστε
3768 2020 3842 2076 καί

492 2105 778 2166 πίπτοντες
834 2105 921 2158 καὶ
974 2125 1035 2180 γε
1089 2103 1278 2178 κύκλῳ
1330 2107 1815 2181 περιπτυσσόμενοι
1858 2110 2122 2181 μαχητῶν
2235 2106 2474 2174 ἆπνοεῖν,
2530 2103 2620 2157 καὶ
2677 2103 2818 2158 οὕτω
2871 2108 2968 2170 τῆς
3017 2107 3197 2178 ὁρμῆς
3238 2109 3566 2184 καθυφεῖσαν
3613 2109 3690 2163 ἐπ’
3724 2107 3840 2163 ἐκεί·

492 2191 647 2270 ἔργον
677 2192 972 2267 ἐπλήρουν,
1004 2191 1132 2248 ἀλλ’
1190 2194 1289 2249 οὐκ
1342 2195 1506 2265 ἣνυον
1554 2196 1616 2249 τὸ
1665 2196 1956 2269 παράπαν’
2002 2194 2125 2263 ἣτε
2236 2214 2332 2262 νην
2413 2191 2585 2266 ὀρμᾷν
2654 2191 2784 2256 τοὺς
2840 2192 2927 2247 ἐπὶ
2986 2196 3209 2269 θατὲρας
3267 2190 3449 2260 ὄντας.
3508 2200 3674 2254 Τοῦτο
3736 2200 3845 2272 γοῦν

489 2283 593 2359 γὰρ
625 2282 676 2352 ἐξ
708 2281 891 2356 οὐρίας
952 2282 1097 2357 ὁρμὴ
1149 2283 1238 2337 καὶ
1285 2284 1347 2337 τὸ
1399 2284 1825 2357 ὑπερανεστηκὸς
1863 2286 1962 2347 τῆς
1991 2282 2123 2352 νηὸ)
2242 2279 2526 2356 βουλευθὲν
2587 2280 2698 2353 ἅμα
2750 2282 2828 2352 τῷ
2877 2279 3027 2357 λόγῳ
3081 2283 3142 2337 τὸ
3195 2279 3347 2359 ἔργον
3406 2285 3623 2355 ἠνύετο,
3671 2284 3752 2339 καὶ
3788 2282 3841 2351 δὴ

489 2371 711 2432 ἐκείνοις
769 2368 822 2432 ἐς
880 2370 963 2425 δτι
1025 2368 1262 2442 μάλιστα
1313 2366 1553 2442 ἐϐοήθει,
1606 2371 1697 2426 καὶ
1758 2370 1984 2444 μάταιος
2005 2376 2123 2433 τοῖς
2234 2370 2333 2437 τὴν
2389 2366 2651 2443 ταχίστην
2711 2363 2970 2440 ἐμϐάντες
3025 2370 3083 2424 ἐκ
3148 2371 3399 2445 πρύμνης
3487 2372 3713 2448 γίνονται
3760 2379 3843 2439 τῆς

485 2458 892 2530 ἀνθισταμένοις
919 2457 987 2526 ἦν
1034 2460 1069 2527 ἡ
1122 2456 1354 2529 σπουδή·
1408 2461 1510 2516 Καὶ
1562 2461 1613 2514 οἱ
1658 2460 1751 2533 μὲν
1786 2459 2008 2533 ἐπεῖχον
2037 2460 2127 2532 ὁρ·
2234 2457 2620 2531 κπταγομένης
2649 2475 2660 2488 ·
2708 2454 2869 2531 ἔτυχε
2914 2458 3014 2532 γὰρ
3063 2459 3151 2512 καὶ
3200 2461 3234 2528 ἡ
3288 2464 3421 2523 ναῦς
3462 2461 3636 2537 ἐγγὺς,
3665 2461 3845 2515 καὶεύ-

487 2552 691 2619 μῶντες
722 2545 944 2623 ἐφέξειν,
992 2547 1043 2601 οἱ
1092 2544 1138 2600 δ’
1196 2547 1280 2603 ἐπὶ
1339 2551 1436 2615 τῆν
1496 2550 1628 2619 νηὸς
1671 2547 2014 2619 κατημέλουν
2048 2548 2120 2609 ὡς
2234 2547 2406 2620 χερὴς
2441 2545 2507 2613 ἧν
2570 2547 2951 2618 μετενεχθῆναι
3008 2546 3143 2622 πρὸς
3197 2547 3263 2602 τὰ
3317 2549 3722 2624 προηγούμενα.
3752 2548 3843 2604 Κά-

487 2633 654 2710 μηὸὲν
707 2637 1007 2691 ἀνυσοντων
1037 2656 1048 2669 ’
1110 2640 1327 2710 συχνῶν
1402 2637 1505 2711 γὰρ
1584 2636 1934 2691 ὄϊστευόντων
1994 2635 2124 2697 τοὺς
2233 2631 2418 2702 κείνης
2475 2632 2748 2701 πεσούσης
2807 2635 3037 2707 πρόσθεν
3113 2636 3168 2689 αἱ
3236 2641 3336 2705 τῆς
3398 2634 3653 2712 δευτέρας
3705 2636 3839 2693 πνοαὶ

486 2854 808 2911 retulerant
836 2852 1172 2925 imperatori
1203 2869 1265 2909 se
1286 2853 1439 2925 quod
1472 2870 1714 2909 suarum
1737 2852 2126 2924 eratpartium
2236 2848 2419 2906 nihilo
2469 2847 2662 2904 secius
2695 2849 2883 2904 facere
2911 2851 3248 2920 pergebant,
3278 2852 3622 2910 abundante
3649 2855 3698 2909 vi
3717 2871 3845 2910 aurs

489 2941 692 2999 sedulo
724 2942 935 3014 egisse,
968 2941 1163 2996 dolere
1196 2946 1388 2996 autem
1421 2944 1574 3013 quod
1609 2942 1666 2995 hi
1708 2941 1799 2996 sui
1828 2940 1980 2995 cives
2010 2939 2123 2993 sibi
2233 2937 2521 3008 propitiae;
2548 2953 2661 3007 qua
2683 2936 2916 3007 longius
2963 2944 3100 2992 ante
3136 2956 3168 2993 a
3212 2945 3374 3011 tergo
3422 2944 3847 3014 sequenteseffe-

492 3031 759 3101 morigeri
790 3047 904 3085 non
936 3029 1176 3086 fuerint:
1208 3034 1494 3085 coerceret
1524 3044 1622 3084 eos
1680 3029 1804 3099 ipse
1857 3044 1959 3099 pro
2018 3044 2123 3082 sua
2232 3026 2530 3091 rebantur,
2566 3040 2736 3094 quam
2774 3030 2837 3077 ut
2876 3031 3031 3080 esset
3060 3026 3380 3097 periculum
3421 3046 3549 3085 nea
3580 3046 3841 3103 quoquam

489 3119 764 3192 potentia,
800 3134 902 3173 nec
928 3117 1293 3188 peccantium
1326 3117 1557 3185 culpam
1585 3114 2118 3185 imputaretinson-
2153 3174 2191 3192 η
2232 3130 2433 3168 eorum
2466 3129 2642 3184 prope
2674 3112 3065 3188 adiri,nedum
3101 3116 3228 3186 capi
3261 3122 3361 3171 aut
3394 3120 3583 3174 teneri
3614 3125 3842 3190 possent.

491 3174 668 3276 tibus,
711 3210 810 3261 aut
839 3205 1029 3277 gentis
1063 3206 1345 3259 universae
1378 3203 1675 3274 proprium
1709 3219 1835 3258 esse
1885 3205 2118 3257 duceret
2149 3174 2193 3237 Ο
2232 3203 2364 3266 Quae
2395 3217 2527 3255 vero
2544 3215 2720 3254 naves
2751 3216 2784 3255 a
2808 3199 3089 3255 lateribus
3120 3203 3514 3272 incurrerent,
3548 3223 3642 3263 eas
3670 3212 3844 3278 utpote

487 3310 806 3368 paucorum
838 3293 1082 3347 crimen.
1121 3291 1219 3346 His
1265 3291 1579 3361 imperator
1628 3291 1847 3347 auditis
1877 3306 2119 3345 summae
2227 3289 2570 3344 humiliores
2591 3292 2648 3343 et
2679 3288 2937 3345 minores
2966 3289 3285 3347 ludibunde
3317 3294 3639 3365 repellebat
3663 3296 3843 3367 ingens

484 3384 596 3438 sibi
627 3383 747 3437 fore
776 3379 1112 3451 ignominiae
1140 3384 1418 3450 reputans
1448 3383 1566 3433 tam
1592 3384 1852 3449 proterve
1882 3394 1944 3433 se
1991 3395 2121 3434 con-
2226 3377 2379 3433 mole
2408 3381 2466 3431 et
2494 3376 2684 3448 plenis
2707 3376 2850 3431 velis
2881 3378 3147 3433 oneraria
3204 3380 3538 3450 pervolans.
3588 3384 3844 3438 Cernebat

481 3469 662 3524 temni
690 3468 922 3539 sibique
952 3466 1119 3522 illudi
1152 3466 1643 3533 sinere,immittit
1670 3465 1730 3521 in
1763 3483 1859 3521 eos
1887 3470 2120 3538 repente
2226 3465 2345 3521 haec
2378 3466 2696 3536 imperator
2724 3482 2791 3520 ex
2824 3465 2975 3521 edito
3006 3466 3178 3539 longe
3209 3469 3474 3539 intuens,
3498 3471 3641 3528 alios
3669 3472 3842 3526 missi-

481 3566 765 3629 quantum
792 3555 1195 3626 expediturum
1229 3555 1288 3608 in
1322 3554 1625 3609 navalibus
1648 3561 1705 3609 et
1728 3555 2008 3623 portubus
2033 3572 2118 3609 rev
2223 3559 2353 3609 tans
2386 3570 2563 3625 super
2579 3552 2746 3623 alios,
2781 3555 3119 3621 adhortans,
3144 3557 3649 3625 jubens,minans.
3680 3561 3776 3615 Sed
3797 3564 3845 3613 et

480 3651 711 3717 portum
737 3649 826 3700 est
857 3643 1111 3701 navium.
1149 3645 1238 3698 llis
1263 3659 1465 3698 omnes
1497 3642 1785 3698 universis
1817 3659 1845 3697 e
1875 3643 2117 3697 Gasmu-
2224 3643 2412 3713 ipsius
2444 3642 2709 3711 jubentis
2742 3647 2799 3696 et
2829 3644 3159 3713 parentium
3190 3650 3540 3703 cunctorum
3566 3648 3842 3720 aequeina-

477 3734 591 3789 lica
622 3732 809 3790 navali
842 3731 1173 3804 militia,qui
1195 3735 1321 3786 tum
1346 3731 1845 3802 Constantinopoli
1866 3734 2117 3796 fuerunt,
2225 3730 2322 3786 nia
2355 3730 2677 3800 eﬂ'ectuque
2707 3747 2873 3786 cassa
2903 3732 3098 3787 studia
3145 3740 3332 3799 erant,
3394 3736 3659 3792 evolante
3710 3738 3845 3791 inter

481 3820 1784 3894 plenae,canuminstarirritatorumcoortazin
1808 3823 2116 3873 transeun-
2224 3835 2438 3874 manus
2466 3821 2597 3873 navi
2631 3819 2909 3875 beneficio
2969 3824 3124 3876 venti
3186 3826 3479 3896 prosperi.
3529 3830 3671 3882 Cum
3726 3841 3843 3896 ergo

482 3916 571 3966 tes
601 3911 938 3966 Genuenses
971 3912 1111 3964 sunt
1141 3909 1422 3979 undique,
1461 3906 1977 3963 vehementissime
2025 3907 2116 3961 in-
2225 3907 2443 3962 milites
2475 3908 2712 3979 quidem
2743 3923 2858 3978 quo
2890 3924 2952 3963 se
2978 3912 3265 3965 verterent
3294 3911 3514 3983 ignari,
3552 3915 3842 3985 imperator

482 4003 724 4056 stantes.
759 3997 1159 4068 Impositusad
1178 3996 1416 4052 hocdux
1436 3995 1584 4067 ipsis
1608 3995 2119 4050 fueratvestiarius
2226 4001 2418 4052 autem
2453 3996 2540 4050 sui
2575 4000 2911 4066 contemptu
2963 3996 3338 4071 ludibrioque
3387 4006 3560 4058 tanto
3608 4002 3665 4057 in
3712 4002 3838 4055 iram

478 4087 715 4143 Alexius
746 4086 1026 4158 Alyattes,
1061 4084 1160 4156 qui
1190 4102 1323 4139 cum
1373 4083 1497 4140 suis
1529 4084 1834 4140 confestim
1879 4084 2118 4152 trajecto
2221 4084 2439 4139 irratus
2471 4084 2810 4150 maximam,
2844 4086 3021 4154 varie,
3056 4087 3153 4141 sed
3186 4087 3482 4144 inutiliter
3527 4092 3835 4152 aestuarem,

480 4176 733 4247 Bosporo
765 4172 909 4228 nihil
938 4173 1048 4228 sibi
1083 4172 1291 4242 reliqui
1324 4173 1394 4226 ad
1427 4188 1655 4227 omnem
1687 4171 2117 4226 contentionem
2223 4172 2334 4226 fuit
2364 4172 2460 4243 qui
2485 4177 2747 4241 Augusto
2779 4172 3089 4227 consilium
3122 4190 3153 4229 e
3182 4192 3243 4229 re
3274 4182 3412 4231 nata
3434 4194 3549 4233 non
3571 4176 3835 4250 improba-

475 4264 744 4329 l‘aciebat,
778 4263 1067 4317 mandans
1101 4266 1277 4330 atque
1310 4260 1620 4331 instigans,
1659 4259 1858 4331 sicque
1887 4260 1945 4313 in
1992 4260 2115 4314 ani-
2220 4260 2335 4315 bile
2359 4263 2718 4330 suggereret.
2754 4259 2809 4313 Id
2841 4264 2963 4313 erat
2995 4266 3058 4314 ut
3101 4263 3159 4316 in
3192 4268 3536 4333 quamdam,
3582 4284 3704 4338 quas
3732 4280 3836 4319 ma-

474 4369 638 4407 mum
670 4348 1031 4415 inducens,sl
1064 4366 1180 4402 non
1212 4354 1569 4418 expugnaret
1595 4348 1694 4401 tali
1719 4347 1844 4402 loco
1870 4353 2115 4402 temera-
2221 4364 2336 4420 gna
2390 4352 2447 4401 et
2474 4346 2779 4418 praevalida
2837 4348 2980 4402 forte
3021 4349 3138 4405 illic
3192 4352 3404 4418 stabat,
3462 4355 3832 4410 Catelanorum

474 4441 592 4496 rios
622 4437 1056 4512 piratas.nihilo
1087 4436 1201 4491 sibi
1230 4438 1426 4491 minus
1449 4437 1503 4490 id
1528 4438 1645 4491 fore
1668 4437 1920 4491 dedecus
1941 4453 2111 4507 quam
2224 4453 2425 4491 navem
2461 4436 2826 4489 commodato
2857 4454 2889 4489 a
2921 4438 3174 4492 dominis
3222 4448 3551 4513 acceptam,
3606 4438 3834 4497 inductis

474 4529 521 4584 si
557 4529 902 4600 praefectura
930 4526 1320 4596 ignominiose
1345 4524 1951 4596 privaretur.0rdinati
1977 4542 2112 4595 ergo
2144 4517 2189 4581 D
2222 4528 2461 4595 repente
2490 4529 2635 4595 quot
2673 4539 2739 4578 ea
2772 4530 2966 4595 posset
2996 4542 3201 4597 capere
3222 4525 3831 4600 militibus,juberetil-

475 4616 613 4671 hinc
646 4616 883 4687 quidem
915 4614 973 4667 in
995 4614 1133 4668 foris
1165 4613 1566 4676 navium,hinc
1585 4619 1641 4668 et
1662 4613 1894 4668 terrain
1922 4613 2109 4669 littore
2216 4613 2335 4667 1am
2367 4612 2643 4668 continuo
2675 4613 2947 4683 expansis
2974 4614 3162 4669 eidem
3209 4622 3375 4672 vento
3426 4620 3568 4673 totis
3606 4618 3739 4673 velis
3787 4615 3833 4669 in

476 4704 719 4774 milites,
739 4718 841 4774 pro
873 4719 933 4757 se
964 4701 1210 4772 quisque
1233 4701 1575 4772 ejaeulando
1600 4701 2109 4773 impetebantone-
2218 4702 2461 4774 puppim
2496 4701 2773 4772 fugientis
2804 4701 3081 4771 invehi,et
3116 4702 3197 4757 sic
3230 4703 3484 4761 infracta
3501 4707 3716 4761 visum
3735 4703 3832 4756 via-

474 4792 715 4848 rariam.
747 4792 859 4847 Sed
888 4808 1018 4847 cum
1050 4790 1196 4845 nihil
1234 4792 1429 4846 minus
1457 4809 1633 4862 quam
1692 4801 1976 4863 quantum
2037 4793 2108 4847 ab
2220 4809 2332 4863 que
2361 4792 2550 4846 Boreae
2582 4792 3275 4855 obstructa,velocitatem
3307 4795 3832 4852 imminuereruen-

473 4881 711 4954 optimis
724 4879 1350 4952 exspectarimilitibus
1376 4885 1604 4951 poterat
1625 4880 1725 4935 tali
1749 4886 2008 4953 tempore
2022 4882 2107 4937 fa-
2218 4881 2295 4935 tis
2326 4896 2684 4951 cursumque
2712 4881 3259 4937 retardare.Dictum
3289 4883 3345 4937 in
3368 4901 3520 4956 opus
3542 4886 3831 4940 confertur.

470 4974 686 5038 cerent,
721 4970 938 5025 frustra
977 4972 1145 5023 erant
1175 4972 1397 5035 tamen,
1432 4968 1636 5038 utique
1664 4969 1943 5024 adversus
1969 4986 2109 5025 one-
2218 4969 2514 5023 Memento
2546 4984 2607 5022 se
2622 4968 3632 5041 admoveta425tergoinumbrans
3652 4976 3833 5026 etven-

468 5059 681 5113 rariam
715 5057 1084 5114 exstantibus
1117 5056 1254 5123 alte,
1302 5056 1495 5126 iisque
1527 5057 1792 5122 munitis,
1829 5058 2111 5113 lateribus
2217 5048 3518 5127 tumintercipiensoneraria,latitudinevaste
3537 5057 3829 5131 patentium

469 5151 814 5218 proiectam,
846 5150 904 5202 et
932 5144 1122 5201 valido
1155 5161 1188 5199 a
1221 5143 1357 5214 pupi
1400 5144 1710 5215 impulsam
1763 5149 1953 5211 vento,
2005 5146 2108 5201 sic-
2219 5147 2443 5203 alarum
2462 5146 2683 5201 obicem
2711 5162 3009 5215 opponens
3035 5152 3202 5201 vento
3228 5147 3572 5219 prOpellenti
3593 5153 3831 5202 Genuen-

470 5251 581 5305 que
606 5252 875 5306 prorsum
910 5232 1271 5289 irrevocabili
1308 5240 1573 5287 ruentem
1607 5249 1805 5300 cursu,
1831 5236 2109 5304 Strepitus
2219 5254 2338 5291 sem
2374 5251 2601 5301 navem;
2636 5251 2760 5304 qua:
2789 5234 2871 5288 sic
2901 5235 3182 5289 destituta
3214 5237 3496 5301 constitit,
3557 5237 3830 5301 otiumque

467 5324 626 5380 424
654 5324 783 5380 vani
814 5324 1033 5378 circum
1060 5320 1548 5375 tumultuantium
1576 5322 1802 5393 egregie
1820 5338 2105 5377 securam.
2219 5323 2469 5380 admotis
2514 5321 2787 5377 hostibus
2846 5322 3006 5377 dedit
3034 5322 3089 5376 in
3150 5322 3467 5378 insiliendi.
3529 5320 3833 5391 Adiuvabat

462 5410 2109 5483 Ridebantigiturejusvectoresconatushostiuminanes
2222 5413 2278 5466 id
2313 5416 2552 5482 agentes
2582 5427 2612 5463 e
2635 5409 2903 5465 Catelano
2937 5412 3092 5482 paris
3124 5411 3427 5467 alitudinis
3478 5411 3702 5483 navigio
3739 5425 3828 5461 va—

460 5506 518 5555 et
546 5518 678 5557 cum
711 5502 970 5556 distenta
988 5503 1161 5554 vento
1191 5499 1441 5554 carbasa
1472 5499 1692 5555 crebris
1724 5500 2110 5572 undecunque
2220 5501 2344 5555 rius
2375 5504 2429 5554 et
2461 5499 2777 5554 vehemens
2810 5500 3069 5571 undique
3084 5501 3715 5555 conatushumiliorum
3735 5512 3828 5551 un-

463 5588 691 5660 sagittis
723 5589 1177 5660 perforarentur,
1207 5586 1279 5644 iis
1303 5591 1595 5662 utcunque
1625 5590 1882 5662 pertusis
1901 5590 2108 5662 pedem
2218 5590 2392 5661 dique
2405 5587 2574 5644 naviu
2589 5604 2644 5643 m
2660 5588 2818 5643 omni
2834 5604 2901 5644 ex
2922 5595 3089 5661 parte
3106 5582 3829 5645 adorientium.Necobsisti
