4130 6270
354 385 456 440 881

1415 377 1512 430 DE
1549 374 1920 430 MICHAELE
1957 372 2398 430 PALJEOLOGO
2433 377 2566 429 LIB.
2604 377 2674 428 ν.

3639 369 3746 424 882

357 505 646 581 εμπαίουσι
704 501 772 576 τῇ
826 501 1085 576 προτέρᾳ,
1145 497 1234 552 καὶ
1285 497 1348 551 τὸ
1407 494 1550 550 πολὺ
1606 494 1831 572 φύσημα
1886 497 1990 547 τῶν
2026 495 2078 560 Α
2113 493 2212 564 μὸς
2258 492 2462 567 αἶ’ρεται
2523 497 2639 550 κατ’
2700 492 2940 563 ἐκείνων,
2998 493 3084 548 καὶ
3138 496 3217 564 τῷ
3273 488 3744 558 ΜουζάλωνιΜα-

356 595 664 672 ιρωσσώνων
697 613 799 660 της
826 585 1100 659 πολεμίας
1159 586 1234 646 εἷς
1293 583 1477 659 ὀλίγον
1518 583 1770 658 περιστᾶν
1806 583 1998 636 αὐτίκα

357 683 610 752 ὀκίνητον
662 680 758 746 τήν
819 677 943 732 var}:
997 675 1352 749 ἐνειργάζετο.
1417 673 1836 744 Ἐμπιπτουσῶν
1879 691 1996 724 τοι-

353 775 552 848 γαροῦν
594 768 794 845 ἀμφοῖν
856 764 913 818 ἐκ
970 764 1190 836 θατέρας
1249 760 1594 834 ἐκθοροῦντες
1646 759 1718 820 εἷς
1763 757 1994 829 ἐκείνην,

353 846 442 914 καὶ
488 861 594 912 τῶν
645 857 882 918 κάτωθεν
933 846 1411 926 προσϐοηῦουσῶν,
1467 847 1739 923 μεγίσταις
1789 857 1996 918 προθυ-

559 941 582 963 ,,
859 948 873 960 ν
919 942 928 957 ἴ
1022 938 1080 972 τ’*
1225 937 1237 955 Ί
1290 939 1301 957 ν
1406 937 1418 956 3
1495 941 1519 951 υ
1603 933 1626 950 θ’
1792 955 1803 964 -
1865 932 1877 951 ἶ
1917 933 1930 951 Ἵ
1985 934 1998 952 Ι

359 947 508 1020 μίαις
559 939 778 999 εϐαλον.
836 949 932 994 hau.
988 960 1160 1000 ουτως
1220 958 1286 991 επ
1360 957 1545 998 αυτοις
1599 934 1762 989 αλλοι
1795 955 1880 987 και
1915 954 1979 986 επ

357 1033 581 1093 ἐκείνοις
637 1029 809 1102 ἕτεροι
865 1022 1307 1100 ἐπεμϐαίνοντες,
1364 1029 1461 1078 τοῦ
1523 1022 1788 1098 βασιλέως
1825 1041 1995 1095 παρα-

359 1120 716 1198 θαρρύνοντος
776 1113 990 1188 ἔξωθεν,
1048 1119 1278 1190 κρατερᾷ
1335 1112 1486 1187 μάχῃ
1545 1111 1628 1166 ἐπὶ
1698 1109 1841 1164 πολὺ
1899 1115 1997 1177 τῆς

358 1208 632 1278 θαλάσσης
689 1210 1060 1282 προελθοῦσαν
1121 1205 1330 1270 αἱροῦσι
1382 1204 1480 1271 τὴν
1537 1205 1684 1254 ναῦν.
1719 1199 1822 1255 Καὶ
1869 1197 1997 1251 ταύ-

356 1320 456 1369 την
495 1298 588 1371 μὲν
620 1298 756 1372 πρὸς
811 1299 889 1366 τῷ
952 1290 1198 1369 βασιλκῷ
1254 1290 1464 1364 νεωρίῳ
1521 1291 1694 1343 ἱστᾶσι
1734 1288 1995 1358 κατάξαν-

353 1408 466 1455 τες,
499 1385 690 1445 αὐτοὺς
739 1381 795 1438 δὲ
840 1387 960 1442 ταῖς
1021 1382 1188 1450 ὁξίαις
1249 1377 1418 1439 δίκαις
1481 1373 1846 1438 ὑποϐαλόντες
1890 1375 1995 1428 ἐτι-

360 1475 599 1549 μώρουν.
659 1471 906 1534 Πολλοῖς
963 1467 1008 1523 δ’
1067 1467 1282 1523 ἐκείνων
1342 1467 1431 1520 καὶ
1489 1465 1612 1526 τοὺς
1678 1461 1994 1542 ὀφθαλμοὺς

355 1564 648 1638 ἐξώρυττον
706 1565 820 1621 τοῖς
893 1561 1264 1633 προστυχοῦσι
1337 1554 1655 1621 πασσάλοις,
1718 1552 1997 1606 ἀντίποινα

353 1657 456 1717 τῆς
514 1649 646 1723 πρὸς
701 1647 792 1701 τὸν
855 1644 1080 1721 βασιλέα
1155 1644 1636 1718 καταφρονήσεως.
1693 1640 1994 1711 Ηαρεοικὸς

353 1737 534 1809 τούτῳ
564 1735 853 1809 ξυμπίπτει
909 1733 998 1788 καὶ
1057 1730 1195 1787 ἄλλο
1253 1754 1326 1796 τι,
1385 1729 1472 1785 κάῖ
1534 1734 1652 1792 τοῖς
1689 1725 1995 1788 Γενουίταις

2104 581 2276 650 νουὴλ
2333 583 2523 638 αὐτίκα
2597 585 2922 658 προστάσσει
2997 583 3057 636 τὸ
3127 581 3285 655 γένος
3359 579 3742 650 ἐξαναπατοῦν

2105 671 2240 725 ἅπαν
2294 669 2462 744 μηδὲν
2517 671 2886 745 μελλήσαντα.
2941 677 3186 740 Συνῆκτο
3235 667 3411 723 τοίνυν
3458 667 3509 721 ἐν
3555 667 3745 739 ἀκαρεῖ

2100 759 2161 812 τὸ
2193 763 2599 834 στρατιωτικὸν,
2633 761 2755 816 ὅσον
2812 761 2878 829 ἦν
2926 759 2976 814 ἐν
3025 764 3094 834 τῇ
3143 757 3303 813 πόλει
3335 758 3421 812 καὶ
3457 758 3580 811 ὅσον
3612 754 3745 826 ἔξω·

2103 857 2188 909 θεν
2246 851 2621 923 προσεγένετο.
2686 849 2782 906 Καὶ
2841 851 2954 924 ἅμα
3005 844 3231 926 φοϐεροὶ
3298 847 3391 920 μέν
3449 844 3606 911 ἰδεῖν,
3647 865 3740 920 φο-

2101 930 2392 1010 ϐερώτεροι
2426 935 2470 992 δ’
2502 938 2774 1003 ἐπιθέσθαι
2805 939 2899 1000 τὰς
2948 938 3196 992 ἀπάντων
3245 935 3420 996 οἰκίας
3457 933 3744 1001 κυκλοῦσι,

2100 1023 2188 1076 καὶ
2238 1025 2372 1099 πρὸς
2420 1031 2497 1097 τῷ
2545 1026 2814 1103 ἐγχειρεῖν
2865 1027 3024 1097 ἦσαν,
3075 1032 3173 1094 τῆν
3205 1023 3311 1078 ἀπὸ
3341 1026 3438 1078 τοῦ
3475 1021 3742 1098 βασιλέως

2101 1110 2452 1184 ἀναμένοντες
2501 1115 2764 1172 κὲλευσιν.
2821 1117 2888 1172 Οἱ
2949 1112 3006 1170 δὲ
3054 1119 3134 1186 τῷ
3192 1109 3408 1191 φοϐερῷ
3457 1110 3744 1187 ἐκπλαγὲν-

2099 1221 2208 1268 τες,
2238 1200 2328 1254 καὶ
2377 1203 2494 1256 καθ’
2550 1205 2672 1258 ὅσον
2735 1203 2849 1258 οἷόν
2906 1225 2964 1258 τε
3023 1201 3390 1264 συστείλαντες
3419 1201 3480 1255 τὸ
3510 1197 3744 1278 ἔμφυτον

2100 1293 2195 1342 τοῦ
2253 1291 2447 1362 θυμοῦ,
2504 1290 2839 1362 ἆτῑηνεοῦντο
2898 1293 3032 1368 πρὸς
3107 1293 3173 1345 τὰ
3229 1289 3595 1365 πραττόμενα,
3652 1287 3743 1342 καὶ

2099 1381 2201 1441 τῆς
2254 1380 2388 1432 κατά
2445 1386 2578 1456 σφᾶς
2633 1383 2823 1456 ἰσχύος
2885 1379 3139 1454 ἀμείνους
3192 1383 3260 1453 τῇ
3321 1375 3604 1432 ὑποκλίσει
3654 1375 3743 1429 καὶ

2099 1469 2179 1536 τῷ
2230 1472 2467 1538 ταπεινῷ
2547 1471 2790 1543 σχήματι
2877 1470 3267 1546 κατεφάνησαν,
3325 1465 3412 1522 καὶ
3486 1464 3551 1533 δὴ
3610 1465 3746 1538 πρὸς

2102 1552 2306 1617 ἱκεσίας
2364 1554 2679 1628 ἐτράποντο,
2757 1557 2842 1612 καὶ
2921 1556 3355 1630 προσελιπάρουν
3422 1559 3529 1609 τῶν
3593 1551 3742 1608 ἰδίων

2101 1641 2399 1717 τραχήλων
2435 1643 2754 1716 ἐκδήσαντες
2813 1647 2902 1702 ξαυ
2958 1646 3083 1708 τοὺς
3116 1645 3168 1709 ἐς
3201 1645 3231 1700 ὅ
3271 1668 3320 1700 τι
3363 1644 3450 1699 καὶ
3488 1644 3742 1718 βούλεται

2104 1731 2364 1803 ὂκρατῶν
2413 1735 2741 1808 χρήσασθαι,
2796 1733 3196 1810 ὁμολογοῦντες
3241 1737 3434 1805 ἥττους
3479 1734 3612 1787 εἶναι
3643 1738 3742 1800 τῆς

355 1820 740 1901 προστρίϐεται
791 1820 1069 1897 ἔγκλημα.
1117 1821 1269 1881 Τινὸς
1312 1821 1415 1893 γὰρ
1467 1818 1680 1873 ἐκείνω)
1718 1818 1994 1890 ὑπερηφα-
2027 1842 2072 1905 Β
2109 1817 2398 1890 βασιλικῆς
2455 1820 2716 1890 ἐξουσίας,
2775 1824 2862 1878 καὶ
2917 1823 2946 1878 ὅ
2999 1845 3050 1878 τι
3098 1822 3427 1897 προστάσσοι
3483 1821 3744 1875 εύπειθεῖν

356 1913 686 1987 νευσαμένου
731 1910 1090 1986 προσελῶντι,
1138 1909 1224 1964 καὶ
1281 1908 1524 1969 εἶπόντος
1575 1907 1632 1970 ὗς
1682 1930 1707 1954 ι(
1740 1907 1800 1959 Ἡ
1830 1900 1994 1965 πόλις

354 2003 445 2057 καὶ
494 2000 660 2056 πάλιν
707 1999 852 2054 ἔσται
899 2005 1018 2060 τοῖς
1067 1998 1379 2070 ἡμετέροις,
1416 2022 1441 2047 ››
1497 1995 1744 2064 ζηλὼσας
1796 1993 1995 2052 ἐκεῖνος

361 2089 556 2166 βάλλει
603 2089 739 2143 κατᾶ
788 2087 991 2163 κόῤῥης
1046 2085 1134 2140 καὶ
1190 2086 1278 2139 τὸν
1345 2083 1626 2161 ὀφθαλμὸν
1676 2081 1996 2155 ἀχρειοῖτῷ

355 2179 598 2250 Λατίνῳ,
657 2175 746 2232 καὶ
802 2173 953 2238 εὐθὺς
1009 2179 1088 2245 τῷ
1166 2171 1432 2242 πλήξαντι
1492 2171 1518 2224 ὁ
1579 2168 1667 2223 ’διά
1727 2167 1996 2243 μαχαίρας

355 2261 698 2340 ἐσχεδιάζετο
758 2263 1001 2323 θάνατος.
1061 2264 1237 2318 Τοῦτο
1296 2260 1476 2332 μαθὼν
1537 2255 1791 2332 βασιλεὺς
1852 2253 1997 2309 δεινὰ

356 2353 550 2420 ἐποίει,
600 2351 689 2405 καὶ
739 2352 826 2405 τὸν
888 2348 1026 2404 ἴδιον
1086 2350 1415 2424 προσερέτην
1475 2346 1572 2401 οὐκ
1628 2345 1758 2400 ἀνίει
1795 2347 1992 2414 ζητῶν.

355 2445 439 2513 [Ρ.
468 2443 595 2515 288]
625 2441 714 2503 Ὧς
748 2438 794 2495 δ’
827 2440 924 2494 οὐκ
981 2436 1198 2494 ἐδίδουν
1254 2435 1403 2510 (οόδέ
1434 2436 1535 2510 γὰρ
1566 2436 1681 2507 ἦν,)
1714 2431 1868 2497 εὐθὺς
1901 2433 1993 2485 Ου-

360 2657 587 2714 diutius
607 2653 933 2727 potuit.Alii
956 2668 1133 2724 super
1154 2651 1296 2707 alios
1319 2650 1712 2720 irrumpentes
1728 2661 1998 2717 perrupe-

362 2745 746 2802 runttandem
764 2743 988 2799 aditum
1007 2761 1021 2808 ;
1037 2738 1480 2811 etpostlongam
1501 2741 1873 2805 atrocemque
1894 2751 1968 2803 pu
1983 2763 1997 2774 -

369 2848 564 2905 gnam,
598 2831 942 2886 adhertante
981 2845 1119 2884 suos
1151 2843 1180 2881 e
1214 2828 1333 2882 loco
1359 2825 1672 2896 conspicuo
1722 2828 1999 2892 praesente

373 2920 735 2990 imperatore,
767 2924 934 2989 capta
963 2917 1199 2971 tandem
1233 2914 1498 2970 oneraria
1530 2914 1587 2967 in
1621 2912 1784 2966 urbis
1803 2909 2002 2964 navale

377 3008 625 3063 deducta
652 3013 757 3076 est,
789 3013 1043 3062 vectores
1072 3010 1263 3060 autem
1309 3005 1433 3073 ejus
1481 3001 1706 3056 meritis
1756 3000 2001 3069 subjecti

375 3096 788 3168 pmnisMultis
818 3096 974 3151 enim
991 3111 1188 3149 eorum
1205 3092 1399 3149 effossi
1425 3095 1561 3146 sunt
1581 3089 1728 3144 oculi
1755 3089 2002 3142 sudibus

2109 1907 2558 1981 ὑπισχνούμενοι,
2605 1911 2734 1984 μηδ’
2784 1914 3059 1989 ἀναφυγὴν
3120 1913 3249 1966 εἶναι
3283 1913 3434 1985 σφίσι
3463 1909 3609 1978 πλὴν
3640 1911 3738 1976 τὴν

2105 1994 2208 2048 ἀπὸ
2257 2001 2351 2049 τοῦ
2405 1997 2671 2071 βασιλέως
2728 2001 3078 2073 συμπάθειαν.
3139 2001 3297 2057 Οὕτω
3325 1997 3743 2062 ταπεινωθέντες

2103 2085 2179 2152 τῷ
2212 2078 2366 2158 φόϐῳ
2398 2083 2608 2154 πλῆθος
2641 2085 2834 2160 ἄθρουν
2889 2091 3022 2151 πρὸς
3071 2089 3133 2143 τὸ
3184 2087 3541 2160 κελευόμενον
3571 2083 3739 2140 ἐνεδί-

2106 2167 2254 2238 δουν,
2287 2171 2374 2225 καὶ
2414 2173 2610 2246 πολλῷ
2642 2176 2854 2250 χρυσίῳ
2901 2179 3363 2252 προπιμηθέντες
3393 2178 3493 2245 τὴν
3529 2172 3742 2248 βασιλι-

2103 2257 2203 2325 κὴν
2238 2257 2403 2332 ὀργὴν
2469 2262 2629 2330 μόλις
2685 2263 3178 2337 καταμαλάττουσι,
3233 2264 3432 2336 πολλῷ
3467 2270 3567 2333 τῆς
3597 2266 3740 2340 σφῶν

2104 2345 2342 2419 κορύζης
2428 2349 2635 2421 ἐκείνην
2713 2354 3119 2429 ἀνυσιμωτέραν
3205 2353 3584 2430 γνωρίσαντες.
3643 2354 3745 2409 Καὶ

2106 2437 2275 2487 ταῢτα
2311 2437 2405 2509 μὲν
2438 2437 2488 2492 ἐν
2510 2440 2748 2504 τούτοις.

2109 2648 2270 2705 bant.
2305 2653 2497 2726 Fregit
2527 2658 2646 2712 haec
2676 2659 2898 2730 species
2929 2661 3300 2729 quantumvis
3331 2661 3580 2716 audaces
3599 2660 3745 2716 alias

2110 2743 2358 2809 animos,
2406 2751 2462 2800 et
2501 2751 2798 2804 tumentes
2869 2749 3002 2805 licet
3046 2750 3206 2805 intus
3277 2751 3511 2816 innatae,
3560 2751 3745 2807 oll'en-

2110 2831 2273 2886 sione
2324 2851 2470 2889 nova
2520 2836 2756 2892 irritatae
2804 2838 3026 2894 ferociae
3078 2839 3421 2910 compressit
3472 2839 3738 2909 spiritus.

2111 2919 2251 2974 Cum
2279 2923 2433 2976 enim
2454 2925 2724 2979 sedatiori
2744 2931 2937 2981 mente
2959 2932 3294 2997 reputarent
3315 2942 3490 2997 quam
3513 2926 3570 2980 in
3598 2942 3747 2997 pras-

2112 3007 2274 3078 cipiti
2309 3026 2400 3064 res
2431 3027 2482 3065 er
2502 3029 2630 3067 rum
2667 3013 2944 3085 salusque
2981 3013 3448 3084 penderet,facile
3477 3014 3747 3070 viderunt

2112 3113 2228 3150 non
2261 3113 2388 3152 esse
2421 3099 2475 3153 id
2509 3106 2739 3172 tempus
2783 3103 3264 3173 experiendarum
3313 3103 3548 3171 virium,
3601 3119 3747 3174 quas

371 3185 518 3240 forte
540 3186 782 3256 repertis
804 3186 913 3239 sub
938 3184 1280 3260 miserorum
1300 3177 2002 3252 palpebrasinﬁxis,debi-
2033 3170 2076 3237 C
2119 3185 2268 3240 male
2299 3170 2646 3258 comparata
2689 3170 3006 3246 certat—nine
3049 3192 3480 3260 succubitums,
3522 3191 3572 3247 si
3615 3170 3747 3246 gum

366 3278 448 3340 to,
485 3277 545 3328 ut
565 3259 1637 3344 exprobrabant,snpplicio,despectui
1657 3267 1869 3322 habere
1890 3283 2004 3320 non

359 3361 566 3417 veritis
603 3365 925 3432 Augustam
960 3357 1608 3428 majestatem.Contigit
1636 3360 1692 3410 et
1722 3355 2002 3425 quiddam

364 3450 510 3506 alias
546 3449 680 3503 huic
718 3465 831 3503 non
884 3447 1175 3510 absimile,
1228 3446 1383 3500 unde
1432 3445 1623 3516 gravis
1677 3444 1734 3497 in
1771 3444 2003 3497 eosdem

367 3537 704 3593 Genuenses
735 3540 791 3592 et
811 3535 1030 3591 invidia
1055 3534 1356 3606 publicaet
1378 3532 1703 3603 indignatio
1724 3530 2005 3601 principis

371 3625 607 3682 exarsit.
659 3627 802 3681 Cum
857 3624 1010 3678 enim
1063 3623 1299 3694 quidam
1351 3621 1616 3691 ipsorum
1653 3621 2006 3689 jactabunde

371 3713 694 3772 Proselonti
725 3713 970 3768 dixisset
995 3728 1006 3766 :
1037 3734 1057 3760 α
1100 3713 1312 3765 Iterum
1336 3727 1367 3763 a
1386 3709 1600 3763 nostris
1626 3709 1766 3762 urbs
1789 3707 2008 3761 obtine-

372 3805 591 3871 bitur,»
628 3802 938 3872 indignans
962 3799 1055 3854 ille
1086 3797 1317 3868 infregit
1338 3797 1645 3867 colaphum
1680 3801 1798 3849 tam
1823 3795 2008 3849 valide

375 3894 577 3948 Latino
608 3893 671 3945 ut
702 3889 850 3945 oculi
880 3889 932 3943 ei
966 3903 1140 3942 usum
1192 3885 1494 3950 ademerit,
1548 3901 1658 3938 non
1717 3883 1956 3953 impune
1991 3900 2002 3937 :

371 3995 509 4037 nam
526 3979 724 4034 statim
748 3992 1056 4049 percussor
1073 3973 1265 4046 gladio
1285 3973 1588 4028 confossus
1613 3971 2008 4034 interiit.Qua-

373 4069 510 4124 dam
538 4067 666 4137 ejus
718 4066 799 4120 rei
852 4066 1004 4119 fama
1053 4079 1258 4134 sparsa
1306 4064 1635 4116 commotus
1694 4061 2010 4128 imperator

371 4157 524 4211 hanc
555 4160 709 4210 certe
751 4154 969 4209 factum
1001 4151 1339 4221 explorandi
1374 4150 1656 4204 rationem
1689 4148 2006 4202 init.Suum

371 4244 533 4300 reddi
567 4244 676 4299 sibi
710 4242 990 4313 remigem
1025 4259 1056 4296 a
1087 4239 1496 4295 Genuensibus
1519 4237 1724 4308 poscit,
1757 4236 2011 4305 graviter

370 4335 429 4389 id
471 4349 708 4404 urgens,
742 4335 797 4386 et
824 4330 882 4384 ni
916 4329 1129 4385 faciant
1159 4329 1408 4384 minans.
1441 4328 1510 4383 Ut
1553 4330 1748 4381 autem
1776 4325 1860 4379 illi
1893 4342 2009 4380 non

373 4422 690 4478 reddebant
738 4421 865 4491 (nec
914 4435 1053 4474 sane
1102 4421 1366 4486 poterant
1415 4433 1548 4471 eum
1599 4418 2008 4486 repraesentare

2114 3275 2481 3344 imperatoris
2513 3281 2771 3348 potentia
2819 3280 3348 3348 committerentur,
3382 3281 3539 3335 haud
3594 3283 3749 3336 esset

2113 3363 2380 3420 dubium.
2415 3371 2503 3422 Ira
2532 3384 2667 3438 ergo
2698 3369 2933 3439 propria
2963 3370 3022 3423 in
3077 3374 3364 3441 potestate
3409 3369 3632 3433 habita,
3675 3370 3748 3424 ad

2115 3451 2385 3519 alienam,
2419 3456 2573 3510 unde
2606 3459 3382 3522 metuerent,exarmandam
3408 3456 3749 3513 efﬁcacissi-

2117 3556 2275 3594 mum
2311 3541 2756 3599 delinimentum
2791 3546 3109 3602 adhibuere
3140 3546 3422 3617 supplicis
3443 3545 3750 3601 demissio-

2116 3629 2228 3696 nis,
2269 3628 2561 3700 siquidem
2607 3631 2818 3687 humili
2863 3633 3152 3704 provoluti
3196 3633 3401 3690 habitu
3453 3634 3524 3689 ad
3574 3633 3749 3704 pedes

2116 3718 2420 3788 principis,
2452 3722 2509 3774 et
2544 3720 2782 3774 funibus
2812 3722 2872 3775 in
2905 3739 3040 3777 suas
3070 3722 3183 3792 ipsi
3236 3722 3486 3778 cervices
3516 3721 3747 3791 injectis

2117 3810 2481 3876 apparentes,
2515 3806 2976 3862 misericordiam
3018 3808 3434 3880 implorabant,
3468 3807 3746 3863 obnoxios

2116 3909 2177 3948 se
2210 3893 2838 3965 ferentes,paratosque
2863 3896 2933 3948 ad
2957 3896 3188 3965 quidvis
3202 3897 3574 3950 subeundum
3594 3896 3744 3965 quod

2117 3980 2452 4033 decerneret
2484 3986 2802 4051 Augustus,
2837 3982 3006 4050 cujus
3037 3986 3324 4052 potestate
3353 3998 3416 4036 se
3443 3980 3745 4035 inferiores

2119 4068 2592 4136 agnoscerent'et
2642 4067 2937 4137 majestati
2985 4068 3368 4123 obsecuturos
3417 4068 3487 4121 ad
3539 4069 3748 4121 nutum

2119 4161 2317 4208 sancte
2348 4155 2777 4225 pollicerentur.
2810 4156 3002 4211 Unum
3035 4156 3146 4210 sibi
3177 4159 3366 4210 tutum
3401 4155 3458 4208 in
3501 4154 3750 4209 clemen-

2118 4240 2199 4294 tia
2231 4241 2353 4310 ejus
2388 4260 2418 4296 a
2448 4241 2610 4298 clade
2644 4243 2986 4299 imminente
3032 4244 3227 4299 videre
3276 4241 3606 4314 perfugium
3639 4257 3652 4294 ε
3689 4239 3746 4295 in

2119 4328 2172 4383 id
2210 4346 2271 4384 se
2301 4331 2703 4402 confugere,ac
2735 4347 2805 4386 ne
2838 4331 2934 4386 illo
2966 4331 3352 4386 excludantur
3378 4330 3555 4385 etiam
3580 4335 3752 4397 atque

2119 4417 2290 4472 etiam
2324 4435 2506 4473 orare.
2541 4420 2633 4474 Sic
2665 4423 2818 4473 metu
2850 4419 2910 4474 in
2966 4419 3312 4476 modestiam
3343 4419 3584 4473 subacta
3613 4432 3749 4471 con-

379 4510 478 4582 qui
512 4525 803 4580 nusquam
825 4508 948 4578 jam
981 4505 1283 4576 esset),pro
1315 4504 1594 4560 convictis
1627 4503 1734 4558 hoc
1767 4502 1891 4572 ipso
1916 4519 2009 4574 pa-
2042 4520 2088 4585 D
2119 4507 2264 4562 ferta
2298 4507 2394 4563 illa
2426 4507 2588 4580 plebs
2612 4508 2988 4579 pertinaciam
3015 4507 3243 4564 remisit
3265 4507 3429 4578 prius
3452 4510 3748 4562 ostensam

376 4605 539 4656 tratae
571 4599 745 4656 cadis
777 4615 874 4653 eos
913 4597 1157 4662 habens,
1196 4612 1296 4650 nec
1328 4595 1630 4650 ferendum
1679 4594 1733 4647 id
1786 4592 2008 4648 facinus

376 4687 820 4758 ratus,Manueli
845 4684 1131 4741 Muzaloni
1157 4684 1351 4739 subito
1374 4682 1802 4754 imperat,4‘26
1825 4685 2009 4737 exter-

381 4779 564 4832 minet
581 4777 708 4832 sine
732 4792 894 4831 mora
914 4791 1100 4846 genus
1120 4773 1456 4828 universum
1482 4769 2010 4826 Genuensium.llle

379 4870 699 4931 momento,
733 4867 1020 4934 quantum
1053 4866 1176 4917 erat
1208 4861 1265 4915 in
1296 4861 1459 4927 urbe,
1486 4861 1770 4931 quantum
1805 4858 1860 4912 in
1878 4858 2011 4912 subs

377 4955 606 5010 urbana
634 4952 842 5008 vicinia
866 4950 1141 5015 militum,
1178 4949 1348 5018 cogit.
1385 4948 1668 5002 Adstabat
1699 4946 1851 5002 acies
1883 4947 2010 5001 visu

376 5044 506 5113 ipso
527 5040 1013 5105 terribilis,minis
1040 5044 1096 5093 et
1115 5037 1410 5109 procinctu
1438 5036 1707 5090 saeviendi
1735 5035 2010 5090 formido-

379 5129 562 5185 losior
593 5127 798 5196 multo,
832 5127 903 5182 iis
936 5125 1138 5196 utique
1170 5125 1384 5196 quibus
1417 5139 1672 5194 praesens
1724 5122 2012 5192 pernicies

376 5218 806 5272 intentabatur.
831 5216 1207 5272 Circumeunt
1232 5213 1518 5283 extemplo
1549 5217 1891 5266 cunctorum
1917 5213 2013 5266 do-

373 5321 528 5370 mos,
565 5304 850 5360 ferventes
882 5303 1101 5374 impetu
1138 5300 1400 5372 proximo
1432 5299 1541 5354 diri
1577 5298 1876 5354 adoriendi
1909 5315 2012 5354 ne-

371 5392 545 5466 gotii,
581 5392 647 5448 ad
681 5392 834 5464 quod
868 5396 1077 5446 nutum
1115 5390 1282 5445 modo
1309 5387 1675 5459 imperatoris
1705 5391 2009 5460 exspecta-

2119 4603 2384 4666 prompte
2418 4597 2567 4666 quod
2625 4597 3016 4652 mandabatur
3065 4612 3403 4665 exsequens.
3459 4593 3748 4649 Indictum

2118 4682 2273 4738 enim
2307 4682 2500 4737 multae
2533 4683 2767 4740 nomine
2799 4701 3080 4756 magnum
3104 4683 3230 4739 auri
3254 4684 3481 4754 pondus
3503 4681 3752 4738 exsolve-

2119 4777 2277 4832 runt.
2311 4772 2471 4826 lucro
2505 4789 2618 4826 non
2654 4789 2828 4842 parvo
2864 4773 3223 4844 imputantes
3270 4771 3360 4828 vel
3407 4771 3490 4827 sic
3521 4771 3749 4843 placare

2121 4864 2294 4931 atque
2323 4877 2355 4914 a
2388 4859 2636 4931 propriis
2685 4860 2974 4931 capitibus
3029 4859 3341 4932 quantovis
3388 4860 3750 4915 fortunarum

2121 4950 2330 5004 damno
2371 4953 2623 5003 avertere
2673 4951 2934 5020 potuisse
2984 4950 3357 5021 imperatoris
3401 4949 3570 5015 iram,
3623 4964 3748 5004 eam

2115 5038 2234 5108 jam
2266 5038 2498 5092 tandem
2533 5043 2910 5108 agnoscentes
2940 5039 3323 5094 efficaciorem
3357 5037 3426 5091 ad
3459 5035 3757 5090 vindican-

2121 5127 2263 5181 dum
2295 5126 2485 5182 scelus
2510 5143 2686 5198 quam
2711 5131 2863 5183 esset
2885 5128 3143 5198 ipsorum
3167 5128 3234 5182 ad
3267 5125 3604 5182 audendum
3628 5141 3757 5194 per-

2121 5214 2589 5284 petrandumque
2622 5215 2876 5284 projecta
2923 5213 3243 5270 temeritas.
3278 5215 3348 5269 Et
3377 5213 3496 5266 haec
3517 5211 3756 5283 quidem

2125 5301 2209 5356 sic
2241 5317 2303 5355 se
2333 5300 2606 5357 habuere.
