4130 6270
522 365 628 420 883

1818 371 2119 428 GEORGII
2156 372 2619 433 PACHYMERJE

3757 378 3845 434 884

2145 542 2288 641 Ω².

528 696 591 746 α’.
644 692 837 753 ’Όπως
892 691 979 774 καὶ
1028 691 1091 745 ὶιι
1146 691 1318 774 ποίεον
1366 694 1473 746 τῶν
1528 694 1713 774 αἱτιιῖὶν
1766 693 1832 748 τὰ
1887 696 2022 749 κατὰ
2071 696 2162 749 τὸν
2195 705 2249 770 Α
2279 720 2435 761 οντας
2485 699 2690 774 ἔλεγεν,
2750 700 2801 753 ἐν
2854 696 3012 771 δεινῷ
3071 696 3127 753 δὲ
3180 697 3479 769 ποιουμένη
3529 696 3611 751 καὶ
3659 699 3747 766 τὴν
3771 707 3850 768 τῆς

881 764 1057 833 Αἷμον
1090 762 1179 816 καὶ
1209 760 1360 823 αὖθις
1402 769 1810 838 παρεκινοῦντο.

602 871 684 940 [Ρ.
717 870 842 940 292]
881 867 1107 923 Βασιλεῖ
1155 866 1212 922 δὲ
1262 870 1348 923 καὶ
1407 868 1556 930 αὖθις
1614 868 1915 946 φροντίδων
1946 872 2075 945 ἦρξε
2102 872 2169 924 τὰ

530 957 667 1011 κατά
722 955 813 1009 τὸν
873 957 1051 1027 Αἷμον
1106 956 1417 1028 κινούμενα.
1478 956 1542 1010 Δί
1598 959 1697 1032 γὰρ
1756 960 2021 1012 συνθεσίαι
2073 964 2168 1013 τοῦ

528 1042 935 1101 Κωνσταντίνου
982 1044 1072 1097 καὶ
1117 1044 1204 1098 ἐπὶ
1259 1048 1339 1115 τῷ
1393 1042 1548 1113 κήδει
1590 1044 1816 1100 σπονδαι
1847 1047 2168 1121 συνεχέοντο

525 1131 660 1205 ἤδη,
718 1140 819 1201 τῆς
876 1132 1088 1207 Μαρίας
1143 1132 1398 1202 κινούσης
1449 1133 1539 1186 τὸν
1602 1132 1768 1206 ἄνδρα
1798 1137 1935 1208 πρὸς
1966 1132 2166 1209 ἔχθραν

526 1218 606 1297 ἐφ’
638 1223 720 1282 οἷς
750 1221 839 1275 καὶ
879 1218 1431 1293 παιδοποιησαμὲνων
1482 1222 1573 1275 τὸν
1620 1222 1853 1297 Μιχαὴλ
1884 1223 1933 1278 ἐν
1977 1219 2170 1278 ἀναϐο-

524 1306 647 1372 λαῖς
670 1309 737 1362 τὰ
777 1310 899 1382 περὶ
958 1310 1057 1377 τὴν
1122 1304 1496 1383 Μεσὲμϐρειαν
1558 1310 1716 1379 ἦσαν,
1764 1310 1853 1365 καὶ
1903 1310 2074 1380 δῆλος
2102 1313 2170 1381 ἦν

529 1397 781 1471 βασιλεὺς
829 1397 1053 1460 ἐκείνοις
1103 1397 1477 1472 πλαττόμενος
1522 1400 1773 1477 ἀφορμὰς
1824 1406 1918 1455 τοῦ
1970 1403 2044 1474 μὴ
2092 1398 2171 1455 δι-

528 1483 679 1540 δόναι
711 1487 744 1540 ἄ
772 1486 861 1540 καὶ
892 1487 1129 1559 καθάπαξ
1163 1485 1367 1541 διδόναι
1420 1487 1516 1541 οὐκ
1560 1489 1626 1555 ἦν
1682 1488 2004 1563 βουλομένῳ
2034 1490 2171 1544 ἐκεί-

528 1595 627 1647 νῳ.
662 1574 993 1651 Ἀνερρίπιζε
1047 1575 1105 1629 δὲ
1158 1576 1221 1630 τὸ
1282 1582 1438 1648 μῖσος
1493 1577 1584 1630 καὶ
1640 1580 1673 1645 ἡ
1732 1580 1866 1650 πρὸς
1908 1578 2173 1652 βασιλέως

528 1669 629 1731 τῆς
693 1664 897 1737 μητρὸς
956 1662 1161 1733 ἐκείνης
1216 1661 1479 1737 Εὐλογίας
1538 1665 1854 1739 παρόρασις.
1887 1668 1959 1720 Τὸ
2015 1663 2060 1720 δ’
2093 1665 2172 1719 αἶ’-

528 1772 643 1805 τιον
677 1753 711 1819 ἠ
744 1752 866 1824 περὶ
923 1756 1029 1805 τῶν
1087 1751 1388 1826 γεγονότων
1446 1756 1514 1824 τῇ
1577 1751 1872 1825 Ἐκκλησία
1923 1751 2171 1830 διαφορὰ,

534 1840 608 1900 ὡς
666 1838 743 1900 εἰς
800 1838 996 1914 ἐχθρὰν
1058 1838 1362 1912 λογίζεσθαι
1422 1844 1499 1910 τῷ
1552 1845 1835 1914 κρατοῦντι
1898 1843 1973 1913 μή
2024 1838 2172 1902 ὅπως

532 1927 698 1996 αὐτὴν
734 1926 1069 2001 σχιζομένην
1099 1935 1196 1996 τῆς
1248 1929 1385 1999 πρὸς
1441 1930 1540 1996 τήν
1604 1930 1927 1999 Ἐκκλησίαν
1978 1950 2175 1983 κοινω-

2278 790 2485 863 μητρὸς
2535 790 2670 863 πρὸς
2730 785 2998 863 βασιλέως
3059 786 3369 860 ἀπέχθειαν.
3429 787 3578 847 ’Ὁθεν
3624 786 3704 839 καὶ
3746 788 3851 861 πρὸς

2276 874 2361 929 ἴσα
2394 874 2640 930 δεικνῦσα
2667 877 2730 930 τὸ
2785 873 2953 951 ἔχθος
3010 881 3256 950 πειρᾶται
3316 873 3556 948 πράττειν
3587 873 3667 927 καὶ
3697 880 3845 945 μεῖζον

2273 964 2307 1032 ἢ
2340 965 2477 1019 κατὰ
2504 970 2728 1039 γυναῖκα
2760 984 2771 997 ⁵
2826 965 2921 1019 τὸν
2970 964 3072 1039 γὰρ
3118 964 3318 1039 Ἰωσὴφ
3370 961 3458 1015 σὺν
3512 960 3705 1031 ἄλλοις,
3732 957 3781 1014 ὅν
3804 960 3855 1030 δὴ

2273 1054 2363 1108 καὶ
2421 1054 2665 1128 Καθαρὸν
2723 1053 3030 1124 ὠνόμαζον,
3088 1051 3291 1123 πέμπει
3350 1050 3485 1123 πρὸς
3539 1048 3853 1119 Παλαιστίνην

2276 1144 2387 1214 ἅμα
2448 1143 2540 1215 μὲν
2597 1146 2677 1213 τῷ
2731 1149 2830 1211 τῆς
2882 1140 3080 1202 Αἶλίας
3130 1138 3442 1213 πατριάρχῃ
3488 1138 3551 1191 τὰ
3594 1137 3856 1211 πραχθέντα

2279 1228 2707 1307 διασαφήσοντα,
2753 1229 2865 1303 ἅμα
2922 1228 2980 1284 δὲ
3037 1228 3126 1284 καὶ
3183 1229 3275 1282 τὸν
3334 1225 3560 1281 σουλτὰν
3588 1227 3712 1280 κατᾶ
3738 1227 3858 1301 βασι-

2278 1316 2417 1381 λέως
2447 1320 2521 1381 ὡς
2550 1318 2665 1373 ἐνὸν
2713 1318 2900 1391 ἐκείνῳ
2952 1320 3412 1393 παρακινήσοντα,
3467 1314 3587 1368 ὥσθ’
3630 1317 3729 1387 ἅμα
3752 1313 3861 1368 ἐκεῖο

2275 1428 2366 1461 νον
2418 1408 2511 1478 μὶν
2557 1402 2725 1475 ἔνθεν,
2787 1405 3130 1481 ΒουΛγάρους
3181 1402 3227 1458 δ’
3287 1404 3520 1465 ἐντεῦθεν
3566 1400 3865 1461 συνελθόντας

2275 1498 2373 1563 τήν
2407 1496 2595 1570 χώραν
2630 1499 2725 1549 τοῦ
2779 1494 3049 1569 βασιλέως
3106 1497 3343 1547 κακοῦν·
3402 1492 3533 1545 εἶναι
3584 1490 3679 1564 γὰρ
3706 1490 3781 1543 καὶ
3804 1494 3866 1559 τῷ

2278 1582 2414 1655 Θείῳ
2466 1583 2860 1657 ἀπηχθημένον
2919 1583 3009 1637 τὸν
3071 1580 3296 1655 βαςιλὲα
3344 1582 3419 1641 ὡς
3468 1574 3756 1649 παραϐάντα
3791 1579 3867 1643 τήν

2278 1673 2414 1745 πρὸς
2447 1672 2646 1726 ἐκεῖνον
2708 1672 3014 1743 θρησκείαν,
3075 1669 3233 1725 οὐδὲν
3294 1667 3339 1723 δ’
3401 1667 3539 1723 ἄλλο
3582 1666 3778 1721 εἶναιτὸ
3803 1687 3870 1718 κι-

2278 1765 2400 1814 νοῦν
2435 1763 2561 1815 Θεὸν
2594 1760 2677 1814 ἐπ’
2710 1762 3026 1835 ἅνθρώπους
3087 1760 3122 1828 ἢ
3174 1760 3236 1813 τὸ
3294 1752 3602 1831 παραϐῆναι
3649 1760 3763 1830 σφᾶς
3787 1756 3865 1821 τὴν

2279 1849 2413 1920 πρὸς
2477 1848 2678 1902 ἐκεῖνον
2732 1848 3102 1920 νομιζομένην
3163 1844 3317 1916 δόξαν
3381 1847 3635 1920 ἀρχῆθεν,
3684 1846 3765 1912 Τῷ
3800 1842 3873 1913 μὶν

2281 1935 2371 1991 οὖν
2429 1938 2750 2011 πατριάρχῃ
2830 1938 2881 1990 οἱ
2954 1936 3099 2010 παρὰ
3171 1942 3269 2004 τῆς
3332 1934 3547 2008 Μαρίας
3598 1932 3878 2007 πεμφθέντες

530 2016 669 2086 νίας,
702 2016 848 2071 ἀλλά
878 2017 965 2070 καὶ
1019 2013 1264 2077 πολλοὺς
1311 2020 1416 2070 τῶν
1469 2017 1813 2090 σχιζομένων
1856 2023 2177 2092 περιποιοῦ-
2208 2026 2448 2114 Βπιστὰ
2480 2023 2659 2099 λέγειν
2710 2022 2956 2096 ἐδόκουν,
3015 2024 3105 2078 καὶ
3158 2024 3284 2097 παρ’
3342 2020 3533 2077 ἄλλων
3584 2021 3787 2093 μαθόντι
3827 2018 3877 2071 τὰ

530 2127 624 2160 σαν
684 2104 772 2159 καὶ
830 2104 1283 2176 περιθάλπουσαν.
1343 2106 1507 2167 Ταῦθ’
1579 2108 1614 2174 ἡ
1675 2106 1859 2181 Μαρία
1908 2118 2178 2169 πυνθανο-

537 2196 666 2269 μένη
724 2198 834 2248 τῶν
893 2190 1163 2269 ὁσημέραι
1220 2197 1347 2269 παρ’
1401 2195 1567 2263 αὐτὴν
1643 2195 1954 2272 φοιτώντων
2025 2196 2181 2267 (ἦσαν

531 2284 634 2359 γὰρ
690 2282 781 2337 καὶ
834 2286 943 2337 τῶν
998 2288 1250 2357 μοναχῶν
1312 2283 1411 2338 οὐκ
1466 2284 1644 2357 ὀλίγοι
1695 2286 1794 2353 τὴν
1847 2286 1922 2348 εἷς
1971 2284 2178 2354 ἐκείνην

534 2371 841 2443 στέρξαντες
888 2369 1137 2445 ἱκετείαν)
1197 2368 1345 2425 δεινά
1401 2370 1631 2444 ἐμελέτα
1685 2374 1821 2426 κατὰ
1875 2377 1972 2426 τοῦ
2013 2372 2178 2444 θείου,

535 2463 805 2535 στυγοῦσα
838 2459 931 2532 μὶν
963 2458 1053 2514 καὶ
1099 2459 1199 2528 τὴν
1253 2460 1467 2535 πρᾶξιν,
1528 2462 1603 2524 ὡς
1654 2462 1789 2533 πρὸς
1814 2458 1941 2523 τοὺς
1972 2460 2178 2515 ἱκετεύ-

2286 2113 2583 2186 γεγονότα·
2646 2114 2760 2167 ὃθεν
2818 2113 2907 2166 καὶ
2991 2113 3136 2187 παρά
3224 2112 3387 2183 μόνον
3477 2110 3538 2163 τὸ
3621 2105 3876 2182 μεγεθόνειν

2289 2203 2673 2269 προστιθέντας
2728 2202 2788 2255 τὸ
2846 2205 3069 2276 πρᾶγμα
3128 2198 3428 2269 ἀληθινοὺς
3485 2190 3722 2270 πρέσϐεις
3773 2195 3876 2267 εἶχε,

2290 2288 2378 2342 καὶ
2410 2289 2509 2343 οὐκ
2560 2288 3034 2365 ἐπολυπραγμόνει
3079 2289 3170 2342 τὸν
3217 2289 3529 2361 πέμψαντα.
3569 2284 3815 2339 Ἐπίστευε
3839 2278 3881 2334 δὲ

2289 2375 2417 2438 τοὺς
2475 2378 2598 2451 περὶ
2678 2378 2768 2431 τὸν
2850 2375 3264 2449 Ἀλεξανδρείας
3348 2375 3661 2432 Ἀθανάσιον
3713 2370 3790 2426 καὶ
3835 2389 3882 2442 γε

2291 2465 2382 2519 τὸν
2425 2466 2763 2541 Ἀντιοχείας
2820 2464 3094 2538 Εὖθόμιον
3147 2463 3319 2519 ἐκεῖνο
3375 2464 3630 2538 πράττειν
3657 2459 3784 2515 ὅκαὶ
3814 2459 3885 2531 μό-

2149 2594 2300 2689 VI.

542 2739 595 2795 1.
632 2740 695 2795 Ut
724 2741 777 2793 et
806 2737 999 2808 quibus
1028 2735 1111 2808 de
1134 2736 1314 2808 causis
1343 2734 1413 2789 ad
1470 2736 1711 2808 montem
1758 2735 2001 2791 Haemum
2059 2740 2180 2790 tur-

1095 2806 1218 2861 bari
1240 2822 1357 2878 pax
1385 2805 1627 2877 coeperit.

612 2917 761 2971 427
789 2915 1069 2970 Caeterum
1086 2913 1420 2985 imperatori
1445 2929 1723 2968 novarum
1748 2912 1981 2967 initium
2007 2929 2180 2967 cura-

545 3023 675 3061 rum
708 3003 1030 3060 attulerunt
1059 3020 1151 3059 res
1183 3003 1336 3074 apud
1376 3003 1639 3056 Haemum
1672 3001 1882 3056 iterum
1912 3002 2177 3057 turbatas.

544 3100 692 3152 Nam
753 3092 1164 3149 conventiones
1224 3090 1594 3148 Constantini
1661 3094 1719 3144 et
1781 3088 1880 3144 illa
1944 3090 2183 3157 fmdera,

546 3182 794 3254 nuptiali
828 3186 1127 3252 utcunque
1177 3178 1609 3234 necessitudine
1640 3178 2013 3249 firmata,jam
2044 3196 2184 3234 con-

549 3270 962 3337 fundebantur,
1011 3268 1194 3325 Maria
1240 3267 1427 3322 virum
1494 3267 1551 3320 in
1621 3266 1831 3322 hostile
1904 3268 2183 3323 adversus

2289 2739 2480 2795 sinere
2503 2740 2752 2796 inultam
2804 2755 2863 2795 se
2914 2756 3028 2794 non
3079 2755 3249 2811 posse
3296 2738 3456 2795 428
3507 2736 3880 2792 aversionema

2290 2832 2475 2883 matre
2508 2846 2615 2883 sua
2659 2844 2835 2899 quam
2891 2845 3004 2899 prae
3052 2844 3113 2882 se
3164 2827 3383 2883 ferebat
3441 2821 3881 2898 imperator;cui

2290 2916 2531 2987 proinde
2556 2932 2753 2987 parem
2786 2916 2900 2970 odii
2926 2932 3260 2970 mensuram
3287 2915 3608 2985 rependere
3628 2925 3877 2984 aggressa,

2291 3003 2415 3074 plas
2448 3020 2655 3059 nocere
2688 3010 2894 3059 conata
2922 3009 3011 3059 est
3036 3020 3210 3074 quam
3244 3003 3633 3059 verisimiliter
3657 3000 3882 3072 potuerat

2291 3109 2324 3146 a
2355 3092 2596 3146 muliere
2637 3092 2852 3157 timeri,
2901 3091 3192 3163 siquidem
3236 3092 3564 3162 Josephum
3614 3088 3879 3161 quemdam

2292 3184 2671 3247 cognomento
2702 3179 3015 3235 Catharum
3055 3195 3188 3235 cum
3262 3178 3391 3234 aliis
3446 3180 3505 3234 in
3564 3175 3880 3232 Palaslinam

2294 3269 2473 3336 misit,
2518 3268 2727 3339 partim
2779 3272 2843 3323 ut
2889 3268 3043 3323 zEliae
3090 3267 3436 3339 patriarchae
3488 3263 3885 3322 manifestarent

550 3368 844 3419 Romanos
874 3362 1071 3417 odium
1106 3365 1369 3415 movente
1400 3375 1466 3415 eo
1506 3359 1820 3425 efﬁcacius,
1856 3376 1969 3430 quo
2000 3360 2185 3431 pluris
2215 3371 2259 3439 α
2297 3374 2424 3428 quae
2452 3361 2580 3411 acta
2612 3357 2861 3427 fuerant,
2893 3356 3105 3428 partim
3137 3360 3203 3410 ut
3231 3356 3417 3425 hujus
3449 3372 3641 3428 opera,
3673 3351 3885 3439 collabo-

555 3467 620 3506 ea
667 3465 795 3505 esse
844 3449 997 3520 apud
1052 3449 1247 3519 ipsum
1299 3452 1547 3518 cmperat
1594 3447 1747 3502 edito
1802 3447 1854 3501 ei
1913 3447 2053 3513 ﬁlio,
2087 3448 2187 3518 qui

559 3536 801 3592 Michael
832 3541 921 3591 est
950 3537 1164 3605 dictus,
1200 3539 1465 3591 cessante
1504 3535 1740 3590 interim
1793 3534 2187 3606 imperialium

554 3625 979 3696 promissorum
1018 3626 1150 3679 fide.
1202 3623 1345 3679 Nam
1397 3640 1529 3678 cum
1582 3624 1767 3695 pactis
1814 3623 2187 3695 sponsalibus

550 3713 867 3785 recepisset
896 3713 1218 3784 imperator
1247 3713 1673 3767 Mesembream
1713 3712 2092 3767 Constantino
2123 3728 2186 3768 se

548 3816 875 3870 cessurum,
908 3801 1166 3856 nondum
1200 3817 1326 3856 eam
1348 3801 1700 3870 tradiderat;
1734 3804 1789 3855 et
1820 3801 1964 3855 satis
2005 3817 2183 3872 appa-

549 3891 715 3946 rebat
760 3889 1146 3944 deliberatum
1214 3905 1341 3945 esse
1389 3889 1503 3960 ipsi
1559 3888 1720 3943 nullo
1780 3905 2038 3959 unquam
2070 3888 2184 3944 ﬁne

548 3978 912 4034 comminisci
946 3982 1252 4047 praetexlus
1283 3994 1396 4033 non
1431 3978 1609 4032 dandi
1671 3977 1822 4047 quod
1885 3976 2179 4032 amitteret

544 4065 955 4123 invitissimus.
995 4065 1252 4136 Subjecit
1293 4066 1419 4135 jam
1469 4082 1570 4135 per
1618 4082 1678 4120 se
1720 4064 1948 4120 ardenti
1995 4065 2179 4121 offen-

546 4155 697 4211 sioni
743 4156 1041 4211 ﬂammam
1062 4170 1209 4209 nova
1256 4153 1474 4221 injuria
1525 4152 1800 4224 neglectae
1849 4158 2180 4225 spretaque

546 4246 617 4300 ab
665 4244 1019 4316 imperatore
1076 4242 1353 4314 Eulogiae,
1406 4258 1531 4313 quas
1584 4246 1769 4297 mater
1816 4252 1936 4298 erat
1984 4241 2179 4298 uxoris

544 4331 930 4389 Constantini.
963 4332 1154 4386 Causa
1182 4331 1336 4385 inter
1366 4346 1466 4384 eos
1505 4330 1737 4385 dissidii
1790 4331 1897 4386 fuit
1930 4331 2181 4402 Eulogiw

543 4420 836 4477 declarata
866 4418 1176 4491 propensio
1208 4420 1267 4473 in
1300 4434 1395 4474 eas
1427 4434 1552 4489 quin
1595 4420 1793 4475 minus
1843 4418 2179 4490 imperatori

543 4510 944 4581 probabantur
1006 4507 1323 4562 factionum
1387 4506 1911 4563 ecclesiasticarum
1962 4513 2174 4578 partes,

543 4613 721 4670 quam
752 4596 850 4650 ille
890 4595 1021 4649 odio
1072 4596 1286 4650 sororis
1338 4595 1396 4649 in
1438 4612 1500 4650 se
1547 4596 1777 4652 cuidam
1827 4597 2177 4666 imputabat.

542 4688 694 4742 Sane
725 4688 1002 4739 matronas
1042 4682 1222 4753 hujus
1267 4683 1324 4738 in
1357 4700 1423 4739 ea
1473 4701 1531 4740 re
1582 4685 1665 4741 ita
1711 4685 2007 4741 eminebat
2054 4689 2178 4740 stu-
2207 4718 2255 4783 Β

543 4774 729 4839 dium,
763 4777 828 4827 ut
858 4789 971 4827 non
1021 4776 1294 4827 contenta
1341 4789 1404 4827 se
1451 4773 1642 4844 ipsam
1688 4790 1721 4828 a
1768 4773 2176 4829 communione

546 4860 1034 4918 consentientium
1070 4860 1229 4916 fratri
1264 4862 1519 4932 Augusto
1541 4862 2178 4935 segregare,plerosque

547 4952 721 5006 etiam
752 4952 1016 5004 auctores
1050 4948 1485 5019 participesque
1507 4949 1845 5007 schismatis
1868 4950 2177 5006 conciliare

546 5038 895 5095 demerendo
927 5034 1040 5091 sibi
1063 5036 1369 5107 fovereque
1392 5037 1712 5107 patrocinio
1736 5038 1928 5108 palam
1948 5039 2177 5094 affecta-

546 5132 653 5183 ret.
687 5127 818 5182 Haec
847 5124 1027 5181 Maria
1059 5123 1417 5194 quotidianis
1445 5125 1689 5179 audiens
1722 5126 1945 5179 nuntiis
1976 5126 2179 5196 (cursi-

544 5217 752 5272 tabant
783 5215 938 5270 enim
970 5212 1121 5266 inter
1153 5216 1401 5266 matrem
1451 5212 1747 5282 ﬁliamque
1780 5213 2177 5269 nundinandis

543 5304 603 5360 in
637 5320 875 5359 causam
908 5299 1245 5356 schismatis
1269 5298 1613 5355 mulieribus
1646 5300 1941 5372 suffragiis
1974 5300 2182 5357 intenti

547 5392 820 5448 monachi
843 5407 957 5446 non
976 5387 1167 5459 pauci)
1199 5388 1397 5458 gravia
1418 5388 1475 5441 in
1493 5389 1836 5443 avueculum
1859 5388 2180 5445 machinari

549 5498 683 5537 orsa
714 5478 1014 5544 est,invita
1044 5475 1174 5546 ipsa
1194 5475 1431 5545 quidem
1471 5480 1527 5530 et
1557 5476 1876 5532 abhorrens
1908 5478 1979 5532 ab
2001 5477 2179 5549 impio

546 5569 607 5624 in
642 5568 894 5639 speciem
927 5565 1094 5630 facto,
1130 5567 1194 5617 ut
1227 5564 1418 5618 dicere
1450 5564 1672 5619 solebat
1728 5565 2181 5636 implorantibus

550 5658 679 5727 ejus
705 5672 873 5727 opem
905 5669 1051 5723 quos
1093 5650 1210 5705 dixi
1259 5653 1578 5723 monachis,
1632 5656 1828 5709 tamen
1873 5670 2180 5719 excusans.

2299 3447 2494 3496 rantes
2525 3442 2726 3497 eodem
2759 3447 2813 3497 et
2842 3442 2954 3514 ipsi
2987 3458 3088 3512 pro
3118 3440 3292 3507 virili,
3341 3441 3635 3496 sultanem
3677 3436 3782 3493 illic
3808 3436 3886 3490 do-

2295 3531 2615 3585 minantem
2663 3530 2720 3584 in
2764 3530 3170 3601 imperatorem
3220 3531 3617 3595 concitarent;
3665 3542 3769 3597 quo
3808 3521 3885 3576 illo

2292 3618 2446 3687 inde,
2466 3618 2747 3692 .Bulgaris
2777 3634 2845 3674 ex
2876 3623 3039 3690 parte
3072 3618 3185 3674 alia
3222 3617 3705 3691 irrumpentibus,
3732 3613 3882 3682 impe-

2290 3707 2466 3762 ratori
2501 3709 2774 3778 subjectae
2824 3707 3131 3779 provinciae
3173 3706 3422 3777 ancipiti
3474 3707 3734 3776 utrinque
3762 3698 3883 3755 malo

2287 3801 2650 3853 vexarentur.
2683 3796 2828 3851 Nam
2869 3812 3108 3852 exosum
3153 3812 3282 3851 esse
3309 3795 3519 3867 utique
3567 3794 3676 3849 Deo
3728 3790 3881 3859 impe-

2288 3889 2539 3939 ratorem
2571 3885 2645 3939 ob
2675 3901 2741 3940 ea
2770 3901 2895 3956 quae
2929 3890 3127 3940 contra
3148 3884 3297 3939 ritus
3321 3886 3549 3955 patrios
3571 3883 3625 3936 in
3648 3877 3883 3949 religione

2287 3972 2660 4028 immutasset
2691 3991 2703 4029 :
2737 3991 2854 4029 una
2884 3989 2944 4028 re
2965 3977 3157 4028 autem
3183 3971 3443 4029 maxime
3474 3968 3683 4027 moveri
3702 3972 3752 4022 et
3768 3979 3880 4020 con-

2287 4062 2450 4118 citari
2482 4062 2663 4117 Deum
2697 4063 2974 4118 adversus
3007 4062 3296 4130 homines,
3331 4062 3378 4117 si
3415 4078 3517 4118 eos
3567 4060 3745 4116 videat
3770 4053 3878 4109 olim

2285 4151 2512 4205 sancita
2540 4149 2944 4206 ecclesiasticae
2966 4150 3239 4205 doctrinae
3263 4150 3544 4221 dogmata
3571 4146 3876 4219 legitimum-

2287 4258 2399 4312 que
2430 4258 2599 4298 usum
2633 4258 2933 4297 sacrorum
2974 4258 3349 4313 corrumpere
3397 4242 3630 4297 intrusa
3669 4234 3878 4293 novitate

2284 4348 2401 4386 non
2431 4331 2634 4387 vereri.
2667 4332 2743 4385 Ac
2774 4330 3115 4401 patriarcha:
3157 4331 3398 4402 quidem
3448 4329 3614 4385 missi
3661 4344 3690 4381 a
3734 4318 3874 4379 Maria

2283 4419 2449 4475 facile
2479 4424 2893 4490 persuaserunt
2924 4437 3050 4491 quas
3076 4422 3411 4489 narrarunt,
3447 4423 3645 4489 utpote
3673 4411 3873 4486 ipsijam

2284 4509 2355 4563 ab
2388 4507 2519 4563 aliis
2559 4507 2796 4577 audita;
2844 4508 3040 4578 itaque
3090 4524 3224 4563 cum
3265 4507 3323 4562 hi
3373 4506 3511 4562 novi
3559 4498 3871 4574 cognitaru'm

2284 4600 2452 4651 antea
2482 4612 2674 4652 rerum
2708 4596 2899 4651 nuntii
2922 4595 3068 4651 nihil
3092 4595 3203 4652 nisi
3227 4597 3642 4666 exaggerarent
3670 4582 3873 4657 indigni-

2286 4689 2466 4740 tatem
2492 4686 2646 4740 fama
2667 4686 2792 4756 jam
2827 4685 3139 4740 celebrium
3174 4688 3462 4754 actorum,
3508 4700 3611 4755 pro
3649 4677 3781 4735 veris
3798 4686 3873 4728 eos

2292 4779 2348 4829 et
2378 4775 2599 4829 sincere
2633 4774 2937 4846 agentibus
2988 4772 3193 4844 legatis
3242 4772 3470 4840 habuit,
3526 4767 3667 4827 nihil
3687 4762 3873 4823 curiose

2290 4862 2577 4933 indagans
2609 4861 2763 4917 circa
2812 4864 3066 4916 mentem
3099 4861 3226 4932 ejus
3275 4877 3309 4916 a
3355 4877 3469 4930 quo
3516 4854 3873 4914 mittebantur,

2290 4955 2390 5006 aut
2421 4951 2834 5022 inquirendum
2869 4949 3193 5019 suspiciose
3240 4949 3460 5003 ducens
3493 4948 3563 5001 de
3602 4948 3712 5000 loto
3739 4936 3875 5022 istius

2288 5020 2593 5110 legationis
2625 5037 3103 5108 consilio,ecquid
3137 5035 3334 5092 arcani
3364 5033 3664 5107 quidpiam
3686 5020 3877 5084 artiﬁcii

2291 5132 2349 5182 et
2400 5126 2762 5197 politicarum
2814 5126 3246 5197 privatarumve
3294 5124 3590 5179 rationum
3657 5112 3877 5188 specioso

2291 5214 2395 5269 zeli
2447 5231 2548 5285 pro
2600 5214 2879 5286 religione
2938 5213 3177 5269 obtentu
3229 5214 3464 5268 celaret.
3520 5211 3711 5278 Itaque
3749 5203 3877 5256 tanto

2294 5304 2487 5358 studio
2521 5304 2576 5357 in
2612 5302 2905 5374 negotium
2933 5301 3222 5368 incubuit,
3256 5305 3319 5356 ut
3356 5299 3439 5356 vel
3481 5298 3529 5353 si
3562 5288 3879 5362 contingeret

2290 5390 2749 5446 Alexandrinum
2771 5390 3157 5445 Athanasium
3181 5394 3237 5444 et
3254 5386 3673 5443 Antiochenum
3692 5376 3878 5441 Euthy-

2292 5478 2474 5534 mium
2511 5479 2838 5550 imperatori
2881 5477 3177 5544 assentiri,
3222 5477 3586 5549 proﬁteretur
3632 5468 3800 5526 solum
3829 5474 3877 5515 se

2291 5584 2405 5621 non
2441 5567 2843 5622 dubitaturum
2876 5565 3482 5622 obsistere.Sultanem
3502 5558 3649 5632 quod
3682 5552 3876 5611 attinet.

2288 5653 2857 5726 inexepectatissima
2903 5652 3025 5709 haec
3072 5652 3123 5710 ei
3167 5652 3375 5710 accidit
3419 5646 3647 5722 legatio,
3693 5639 3876 5714 (ιιιίρρο
