4110 6280
334 326 447 379 885

1394 326 1491 378 DE
1527 323 1901 380 MICHAELE
1940 321 2381 376 PALEOLOGO
2416 321 2552 374 LIB.
2592 321 2688 373 VI.

3620 304 3729 358 886

331 468 422 509 νος
451 449 671 518 ἠξιοῦτο
733 449 816 520 [Ρ.
848 448 975 520 293]
1007 451 1203 504 ποιεῖν.
1236 451 1326 518 Τῷ
1356 445 1413 501 δέ
1458 468 1519 520 γε
1566 442 1793 500 σουλτάν
1848 444 1972 517 παρ’
2002 446 2057 512 Α
2089 440 2374 516 λεσμένοις
2434 442 2649 502 ἐπιστὰς
2704 435 2879 513 ἔκρινε
2933 433 3039 491 δεῖν
3099 436 3418 509 ἡσυχάζειν,
3477 432 3573 485 τοῦ
3633 427 3726 520 μεν

332 535 596 607 ἐλπισμὸν
657 535 723 603 ἦν
785 536 954 589 πάντα
1010 538 1044 604 ἡ
1119 535 1328 590 ἐκείνων
1388 529 1643 607 πρεσϐεία
1704 535 1775 595 ὡς
1841 529 1979 604 μηδὲ

332 624 449 678 ποτ’
510 622 710 678 ἄλλοτε
756 625 1017 697 γενομένη
1068 629 1181 685 τοῖς
1223 625 1327 699 πρὸ
1371 626 1537 677 αὐτοῦ
1568 629 1665 692 τῆς
1696 622 1974 695 Αἲγύπτου

334 714 584 786 ἄρχουσι·
638 710 857 785 προσέτι
903 710 959 767 δὲ
1014 713 1103 765 καὶ
1152 714 1213 766 τὸ
1268 708 1419 772 ἔθνος
1475 716 1580 765 τῶν
1645 709 1974 784 Βουλγοὶρων

337 802 411 871 μὴ
468 801 752 877 περιφανὲς
784 802 839 854 ὃν
875 800 1127 854 ὥστεκαὶ
1188 799 1263 863 εἲς
1319 801 1494 875 ἀρχὴν
1560 798 1863 873 ἀνάγεσθαι,
1921 798 1973 852 ἐν

336 888 614 949 ὑπονοίαις
672 891 769 957 τὴν
819 884 1103 962 πρεσϐείαν
1154 886 1345 954 ἐποίει,
1400 889 1489 941 καὶ
1538 886 1782 961 σιγηλῶς
1844 886 1975 940 ἀπέ-

334 997 539 1049 πεμπε.
598 978 673 1032 Τὸ
734 978 910 1048 μέντοι
960 999 1018 1050 γε
1049 975 1239 1030 δοκοῦν
1282 981 1359 1047 τῷ
1405 983 1503 1044 τῆς
1538 976 1733 1037 Αἶλίας
1784 995 1974 1048 πατριη

338 1064 645 1139 αρχεύοντι.
698 1064 980 1140 Γρηγορίῳ
1021 1068 1108 1119 καὶ
1158 1063 1276 1119 λίαν
1324 1064 1584 1134 ἀληθινὸν
1627 1065 1715 1131 ἦν.
1765 1064 1825 1119 Ὁ
1873 1064 1975 1136 γὰρ

339 1153 674 1228 Ἀντιοχείας
748 1153 835 1207 καὶ
912 1151 1333 1226 προεπεδήμησε
1402 1152 1469 1226 τῇ
1545 1159 1977 1219 Κωνσταντινου,

340 1239 551 1315 ῥυσθεὶς
608 1244 714 1295 τῶν
763 1245 859 1295 τοῦ
913 1240 1078 1315 eme;
1125 1239 1414 1315 Ἀρμενίας
1463 1243 1683 1314 χειρῶν.
1743 1240 1978 1299 Ἐκεῖνος

334 1328 434 1403 γὰρ
483 1323 643 1402 ἔχθος
672 1334 751 1399 τῷ
781 1327 1089 1403 πατριάρχῃ
1140 1332 1320 1401 τηρῶν
1373 1328 1461 1381 καὶ
1510 1326 1680 1381 θέλων
1732 1323 1973 1379 ἐκποδὼν

332 1419 581 1482 ποιῆσαι,
635 1416 748 1469 ἐπεὶ
810 1416 906 1469 ἀνά
964 1421 1150 1490 χεῖρας
1201 1416 1315 1491 εἶχε
1364 1417 1452 1469 τὸν
1502 1412 1688 1489 ἄνδρα,
1722 1410 1971 1467 ἐκδίδωσι

328 1507 445 1564 τοῖς
476 1503 761 1573 ἀπάξουσιν
794 1501 829 1571 ᾖ
859 1500 923 1570 δὴ
960 1504 1049 1555 καὶ
1081 1500 1387 1556 ἀπολλύναι
1443 1502 1500 1555 ἐκ
1545 1505 1640 1554 τοῦ
1685 1505 1979 1573 παραχρῆ-

334 1610 408 1661 μα
438 1584 697 1661 ξυμϐαίη.
742 1590 835 1643 Καὶ
874 1591 925 1643 οἱ
971 1585 1230 1651 λαϐόντες
1282 1589 1543 1666 ἀμφιάλῳ
1594 1588 1971 1643 κατεπίστευον

331 1679 523 1751 πέτρᾳ,
582 1676 773 1751 ἐρήμῳ
830 1676 965 1751 οὔσῃ
1010 1678 1096 1731 καὶ
1146 1678 1492 1752 ἀπανθρώπῳ
1548 1677 1613 1731 τὰ
1670 1678 1745 1739 εἷς
1803 1676 1975 1747 παρά-

2088 531 2390 605 συμπρᾶξαι
2422 527 2701 589 παντελῶς
2760 524 2999 600 ἀπέχων,
3056 522 3118 577 τὸ
3174 520 3218 576 δ’
3275 520 3538 576 ἀνακινεῖν
3599 516 3727 570 καθ-

2087 624 2287 675 εστῶτα
2316 618 2623 695 ἡγούμενος
2656 615 2899 691 ἄκαιρον.

2092 781 2152 852 β’.
2227 782 2416 843 Ὅπως
2481 782 2516 848 ἡ
2592 776 2772 854 Μαρία
2826 770 3231 902 ἷαὲεσοφίσατο
3304 768 3396 823 τὸν
3471 762 3732 842 Σφεντίσ-

2793 859 2820 902 θ
2864 868 2895 901 α
2936 867 3015 901 ον.

2793 859 3015 911 θλαὸον.

2158 975 2237 1045 [Ρ.
2273 974 2489 1044 294]Ἣ
2554 974 2736 1045 μέντοι
2795 991 2857 1045 γε
2913 966 3095 1041 Μαρία
3147 962 3381 1039 Μιχαὴλ
3410 963 3503 1017 τὸν
3558 958 3727 1016 παῖδα

2086 1061 2173 1115 καὶ
2252 1062 2397 1136 παρά
2461 1062 2559 1130 τὴν
2612 1058 2830 1129 ἠλικίαν
2886 1056 3119 1129 στέψασα
3184 1052 3484 1129 βασιλικῶς
3544 1048 3730 1126 ἔτρεφε

2084 1150 2170 1203 καὶ
2235 1150 2416 1223 ἀνῆγε,
2478 1150 2574 1218 τήν
2635 1146 2901 1226 εὐφημίαν
2974 1145 3109 1218 μετά
3166 1142 3397 1226 πατέρας
3442 1144 3523 1212 τῷ
3574 1136 3730 1226 παιδὶ

2085 1240 2416 1313 παρέχουσα.
2475 1224 2758 1301 ’Υπὸπτῶς
2808 1235 2865 1291 δὲ
2892 1240 2970 1301 τῷ
3004 1224 3426 1310 Σφεντισθλάϐῳ
3464 1226 3553 1281 καὶ
3610 1224 3730 1283 λίαν

2084 1322 2307 1400 ἔχουσα,
2342 1324 2576 1400 δεσπότῃ
2609 1346 2672 1400 γε
2702 1321 2837 1392 ὄντι,
2873 1325 3213 1377 ὑποποιιῖται
3246 1316 3303 1372 δὲ
3341 1314 3544 1377 δολίως
3589 1314 3735 1369 ἐκεῖ-

2082 1436 2167 1468 νον
2202 1434 2215 1447 ·
2303 1414 2368 1469 τὰ
2420 1419 2516 1469 τοῦ
2573 1413 2984 1471 Κωνσταντίνου
3066 1410 3303 1468 ἀσθενῶς
3360 1403 3584 1480 ἔχοντος
3631 1400 3732 1476 γὰρ

2084 1502 2254 1557 ἐποίει
2310 1508 2533 1557 τοιαῦτα
2570 1502 2978 1570 κατασκευάζειν
3011 1498 3133 1571 περὶ
3184 1500 3264 1566 τῷ
3308 1491 3460 1548 παιδὶ
3510 1488 3730 1545 δειλιῶ-

2086 1612 2216 1647 σαν.
2274 1591 2538 1664 Πέμψασα
2589 1595 2762 1665 γοῦν,
2818 1588 3003 1664 ὅρκοις
3067 1588 3141 1658 μὴ
3202 1577 3586 1638 ἐπιϐουλεῦσαί
3653 1581 3726 1649 οἷ,

2083 1680 2254 1733 πείθει
2313 1672 2703 1755 παραγενέσθαι
2758 1678 2848 1732 τὸν
2916 1666 3725 1755 Σφεντίσθλαϐονγπαράὖτήν.

330 1766 548 1834 κλησιν.
608 1765 767 1821 Ἀλλ’
818 1766 1024 1829 ἐκεῖνος
1082 1765 1312 1841 ῥυσθεῖς,
1368 1766 1441 1826 ὡς
1498 1761 1671 1838 ἔλεγε,
1731 1769 1850 1824 ταῖς
1878 1766 1973 1816 τοῦ
2006 1769 2137 1858 ΒὈ
2197 1765 2252 1820 δὲ
2304 1754 2416 1828 τοῖς
2474 1769 2657 1841 ὅρκοις
2716 1765 2989 1842 θαρρήσας
3049 1762 3125 1824 εἰς
3174 1754 3446 1836 Τέρνοϐον
3470 1758 3591 1826 ἧκε,
3640 1756 3730 1809 καὶ

331 1855 748 1929 θαυματουργοῦ
807 1854 1087 1911 Νικολάου
1134 1854 1486 1920 ἐπιστασίαις,
1548 1852 1761 1928 βασιλεῖ
1808 1873 1969 1924 προσ-

336 1943 522 2017 τρέχει
580 1943 870 2017 καταχθεὶς
927 1942 1005 2004 εἲς
1061 1942 1245 1999 πόλιν.
1306 1944 1366 1998 Ὁ
1398 1940 1452 1995 δέ
1484 1962 1546 2015 γε
1573 1938 1975 2012 Ἀλεξανδρείας

339 2031 426 2084 καὶ
485 2030 645 2094 αὐτὸς
702 2031 922 2105 ὕστερος
980 2035 1084 2085 τῶν
1144 2027 1496 2105 πραχθέντων
1544 2029 1801 2105 γεγονὼς,
1852 2030 1979 2082 ἀνα-

340 2116 487 2173 λύειν
552 2121 644 2191 μὶν
696 2121 796 2173 οὐκ
846 2120 957 2194 εἶχε
1002 2121 1063 2173 τὸ
1106 2120 1352 2193 γεγονὸς,
1404 2120 1554 2190 ὅμως
1589 2115 1634 2170 δ’
1684 2117 1976 2189 εἷρήνευεν,

338 2202 590 2278 ἐμποδὼν
652 2204 794 2280 ἔχων
854 2207 953 2274 τὴν
1002 2207 1253 2278 ξενιτείαν
1309 2210 1405 2260 τοῦ
1460 2211 1628 2261 ταῦτα
1662 2210 1861 2274 ζητεῖν,
1897 2205 1975 2260 Οὐ

340 2294 439 2367 γὰρ
468 2293 845 2368 προσκέκλητο
872 2293 955 2347 ἐπὶ
1000 2296 1195 2367 τούτῳ,
1246 2292 1374 2348 ἀλλ’
1419 2293 1577 2354 αύτὸς
1629 2293 1764 2347 κατά
1811 2313 1979 2366 παρα-

342 2383 532 2453 μυθίαν
566 2380 637 2435 ὧν
671 2381 904 2456 ἔπασχεν
944 2380 1207 2457 λυπηρῶν
1264 2383 1313 2437 ἐν
1372 2388 1489 2444 τοῖς
1544 2381 1719 2442 ἀθέοις
1779 2379 1976 2456 διάγων

336 2469 409 2532 ὡς
446 2471 532 2526 ἐπὶ
588 2469 788 2543 λιμένα
835 2472 923 2525 τὸν
963 2470 1189 2546 βασιλέα
1239 2470 1550 2546 κατέφευγε,
1600 2470 1689 2524 καὶ
1740 2469 1977 2523 ἐπιτετε-

346 2689 575 2761 qualem
606 2688 825 2743 nullam
847 2706 1105 2760 unquam
1127 2691 1302 2745 fando
1324 2692 1477 2744 esset
1498 2689 1763 2743 auditum
1782 2690 1979 2743 deces-

349 2794 509 2832 sores
540 2792 673 2831 suos
705 2777 924 2848 .Egypti
963 2778 1251 2848 principes
1284 2778 1598 2848 accepisse.
1649 2776 1985 2831 OlTendebat

354 2865 527 2919 etiam
561 2865 883 2920 obscuritas
916 2865 1222 2935 Bulgaricaa
1245 2867 1432 2937 gentis
1462 2882 1669 2936 parum
1702 2865 1985 2919 hactenus

360 2952 599 3006 celebris
654 2953 805 3008 429
840 2970 943 3008 nec
977 2953 1223 3008 multum
1256 2971 1427 3025 posse
1452 2954 1767 3025 judicataa;
1804 2968 1983 3024 quare

356 3042 424 3096 ab
466 3040 590 3111 ipso
648 3046 767 3097 tota
798 3059 888 3097 res
912 3060 1012 3113 pro
1036 3048 1310 3114 suspecta
1340 3047 1671 3113 contempta
1700 3041 1986 3112 est,lega-

352 3128 507 3198 tique
538 3128 769 3184 silentio
801 3130 1051 3185 dimissi.
1077 3131 1355 3185 Caeterum
1404 3130 1558 3184 IEliee
1602 3130 1984 3201 patriarcham

350 3234 459 3271 sua
484 3218 725 3273 minime
774 3218 977 3274 fefellit
1025 3219 1218 3290 opinio
1268 3218 1633 3290 Gregorium,
1669 3220 1725 3272 in
1756 3219 1825 3273 iis
1858 3235 1984 3288 quae

350 3306 419 3359 de
477 3305 608 3361 aliis
665 3306 894 3362 duobus
951 3308 1299 3377 patriarchis
1363 3313 1788 3363 autumaverat.
1842 3307 1985 3360 Nam

351 3393 751 3450 Antiochenus
783 3394 1019 3466 quidem
1060 3398 1183 3467 jam
1236 3401 1361 3451 tum
1420 3394 1984 3465 Constantinopolim

350 3482 679 3551 advenerat,
728 3482 1007 3538 liberatus
1057 3502 1088 3538 e
1143 3486 1415 3539 manibus
1470 3484 1622 3555 regis
1677 3482 1985 3537 Armeniae.

358 3569 456 3624 Hic
486 3569 640 3624 enim
675 3586 770 3624 rex
802 3571 853 3625 ei
885 3571 1224 3641 patriarcha:
1268 3572 1553 3637 infensus,
1613 3575 1669 3625 et
1724 3586 1989 3625 amovere

356 3657 425 3710 dc
456 3657 647 3712 medio
680 3658 876 3725 ipsum
909 3660 1173 3730 cupiens,
1210 3660 1355 3713 forte
1380 3661 1728 3714 incidentem
1760 3659 1815 3713 in
1850 3674 1987 3713 suas

358 3761 569 3799 manus
603 3747 918 3801 tradiderat
936 3746 1457 3803 certishominibus
1490 3748 1886 3801 abducendum
1923 3763 1989 3802 eo

358 3834 455 3887 ubi
486 3834 676 3903 perire
704 3834 872 3889 illum
911 3836 1066 3891 brevi
1110 3852 1343 3891 necesse
1399 3840 1566 3891 esset.
1628 3836 1693 3889 Et
1748 3835 1833 3888 illi
1893 3852 1990 3889 ac-

357 3926 586 3992 ceptum
620 3923 747 3993 rupi
808 3923 1047 3979 desertae
1079 3925 1225 3978 mari
1276 3924 1633 3979 circumﬂua:
1681 3924 1987 3978 commise-

356 4013 488 4063 rant
542 4010 612 4063 ad
662 4014 883 4065 certum
937 4011 1200 4079 exitium,
1260 4012 1417 4067 omni
1477 4011 1692 4082 quippe
1750 4010 1991 4065 humani

357 4097 604 4151 subsidii
634 4100 1083 4170 commerciique
1115 4101 1406 4155 destitutae
1453 4100 1743 4154 facultate.
1775 4099 1991 4154 Verum

354 4184 448 4239 ille
480 4184 757 4241 liberatus
790 4187 943 4254 inde,
978 4194 1041 4243 ut
1072 4188 1281 4259 aiebat,
1315 4188 1533 4243 caelesti
1576 4187 1788 4243 auxilio
1820 4187 1988 4242 thau-

357 4274 605 4344 maturgi
653 4274 893 4343 Nicolai,
924 4278 994 4331 ad
1050 4278 1459 4347 imperatorem
1516 4276 1791 4346 confugit,
1846 4276 1990 4330 Con-

358 4361 797 4432 stantinopolim
832 4380 893 4419 se
946 4366 1265 4420 conferens.
1311 4364 1739 4420 Alexandrinus
1771 4370 1989 4431 autem,

358 4453 489 4520 post
517 4451 593 4505 ita
627 4468 751 4521 quae
781 4453 850 4507 de
909 4453 1188 4523 religione
1244 4470 1431 4524 nuper
1480 4455 1703 4509 saucita
1753 4452 1991 4524 quidam

2087 1852 2194 1925 ἤδη
2228 1852 2586 1930 παρηϐηκότα
2634 1856 2990 1916 υίοποιεῖσθαι
3023 1852 3200 1922 ἠξίου.
3254 1851 3351 1902 Καὶ
3398 1844 3463 1914 δὴ
3514 1844 3595 1899 ἐπ’
3645 1842 3733 1898 ἐκ·

2088 1943 2317 2011 κλησίας
2368 1947 2674 2019 περιφανῶς
2730 1945 2798 2015 τῇ
2858 1939 3038 2014 Μαρίᾳ
3096 1937 3297 1997 ἐκεῖνος
3354 1930 3731 2019 υἱοπεποίητο·

2090 2031 2222 2101 μετᾶ
2252 2030 2353 2105 γὰρ
2384 2031 2477 2092 τὰς
2509 2017 2622 2084 ντοῦ
2680 2030 2867 2103 ἱερέως
2919 2026 3178 2095 ἐντεύξεις
3227 2021 3319 2078 καὶ
3376 2020 3443 2075 τὰ
3497 2018 3580 2074 ἐπ’
3635 2017 3732 2073 αὖ-

2083 2123 2201 2179 ταῖς
2251 2123 2420 2195 φῶτα,
2455 2118 2755 2193 διασχοῦσα
2793 2118 2883 2172 τὸν
2936 2113 3228 2183 ἐπενδύτην
3277 2109 3443 2187 ἄμφω
3492 2105 3727 2181 Μιχαὴλ

2085 2206 2173 2260 καὶ
2224 2202 2651 2283 Σφεντίσθλαϐον
2709 2208 2833 2281 παρ’
2891 2206 3116 2277 ἑκάτερα
3168 2204 3272 2256 τῶν
3335 2198 3503 2266 αὐτῆς
3559 2197 3727 2271 ἀγκα-

2087 2292 2197 2347 λῶν
2257 2294 2439 2362 ἐτίθει,
2492 2295 2581 2350 καὶ
2639 2299 2926 2357 συνθεσιῶν
2962 2293 3267 2368 γενομένων
3319 2283 3582 2340 ἀπελύετο
3644 2283 3727 2337 ἐπ’

2090 2379 2245 2434 οἷ’κου
2304 2384 2417 2443 υίὸς
2468 2383 2809 2454 κεκλημένος
2836 2388 2935 2450 τῆς
2990 2383 3098 2434 τῶν
3153 2374 3484 2449 Βουλγάρων
3515 2369 3727 2426 δεσποί-

2088 2490 2182 2538 νης
2245 2471 2379 2541 μετὰ
2435 2470 2668 2545 Μιχαὴλ
2726 2471 2754 2524 ὁ
2804 2461 3276 2546 Σφεντίσθλαϐος.
3328 2458 3497 2520 Οὔπω
3555 2458 3729 2521 πολὺς

2092 2688 2393 2745 abstinens
2428 2694 2619 2745 tamen
2651 2690 2871 2745 diserta
2896 2687 3369 2758 comprobatione
3402 2685 3524 2756 jam
3578 2688 3730 2740 acto-

2094 2794 2246 2844 rum,
2291 2794 2493 2833 verum
2552 2779 2622 2834 iis
2680 2780 3231 2851 quomodocumque
3283 2773 3459 2830 semel
3494 2772 3729 2829 statutis

2094 2866 2567 2936 intempestivum
2603 2883 2759 2921 nunc
2782 2866 3021 2938 quidem
3067 2863 3411 2920 existimans
3441 2878 3475 2917 a
3503 2877 3565 2917 se
3594 2876 3730 2915 con-

2095 2955 2437 3010 troversiam
2471 2958 2708 3011 moveri.

2293 3098 2347 3151 2.
2385 3099 2446 3154 Ut
2472 3100 2661 3153 Maria
2689 3096 3198 3169 Sphentisthlabum
3228 3095 3523 3166 deceperit.

2171 3221 2407 3276 Interim
2437 3222 2619 3277 Maria
2650 3222 2991 3278 Michaelem
3025 3221 3206 3275 ﬁlium
3228 3222 3393 3275 aetate
3414 3218 3733 3273 immatura

2092 3309 2354 3364 coronari
2378 3310 2900 3382 curavit,regieque
2928 3310 3064 3364 inde
3095 3308 3284 3364 alebat
3305 3307 3731 3375 educabatque,

2095 3398 2152 3451 in
2202 3398 2719 3454 acclamationibus
2752 3398 3002 3470 publicis
3044 3397 3234 3453 locum
3287 3396 3440 3451 480
3497 3394 3546 3449 ei
3602 3395 3733 3464 post

2096 3491 2362 3555 parentes
2394 3487 2680 3543 tribuens.
2714 3488 2821 3541 Sed
2856 3487 2944 3542 his
2971 3485 3132 3541 illam
3164 3486 3448 3539 intentam
3494 3485 3730 3537 contur-

2094 3573 2271 3629 babat
2304 3591 2335 3627 a
2359 3574 2836 3645 Sphentisthlabo
2866 3573 3109 3630 molesta
3138 3571 3515 3643 suspicio,jus
3537 3569 3735 3639 utique

2096 3678 2211 3716 non
2235 3662 2612 3717 inverisimile
2636 3664 2705 3717 ad
2748 3663 3034 3734 Bulgariaa
3061 3661 3453 3733 principatum
3470 3656 3731 3727 habenti,

2096 3766 2199 3805 nec
2230 3752 2651 3805 contemnenda
2681 3751 2751 3805 ad
2779 3752 2836 3805 id
2868 3751 3150 3807 tuendum
3179 3747 3440 3821 potentia
3463 3745 3731 3814 subnixo,

2097 3841 2311 3909 quippe
2340 3839 2440 3909 qui
2474 3840 2713 3910 despota
2737 3840 2861 3908 jam
2895 3844 3067 3905 esset;
3102 3853 3281 3908 quare
3303 3836 3589 3907 optimum
3616 3850 3729 3903 pu-

2096 3927 2237 3981 tavit
2267 3926 2415 3981 dolis
2448 3926 2607 3981 illum
2630 3927 2887 3998 aggredi,
2914 3930 3194 3997 praetextu
3219 3924 3439 3979 fraudis
3472 3921 3729 3976 indidem

2098 4019 2332 4084 sumpto
2366 4015 2517 4069 unde
2549 4032 2726 4070 causa
2756 4014 2866 4085 ipsi
2900 4031 3001 4085 pro
3033 4030 3210 4085 puero
3266 4011 3513 4066 timendi
3547 4010 3735 4079 major

2096 4106 2240 4168 erat,
2269 4118 2298 4155 e
2323 4103 2522 4157 morbo
2554 4102 2821 4157 videlicet
2843 4102 2996 4173 regis
3025 4109 3079 4157 et
3107 4100 3212 4155 viri
3245 4099 3337 4155 sui
3363 4095 3727 4153 Constantini

2099 4189 2222 4244 sine
2257 4206 2357 4261 spe
2388 4190 2808 4247 decumbentis.
2841 4190 3021 4245 Mittit
3051 4205 3187 4260 ergo
3217 4190 3406 4243 certos
3464 4183 3731 4239 homines

2098 4279 2168 4332 ad
2201 4278 2765 4349 Spheutistblabum,
2827 4279 2924 4350 qui
2976 4284 3285 4349 postquam
3308 4273 3660 4347 juramentis
3681 4272 3732 4327 ei

2100 4383 2274 4437 quam
2308 4367 3013 4437 religiosissimissincerze
3044 4366 3103 4421 in
3128 4366 3320 4437 ipsum
3344 4362 3533 4420 Mariae
3556 4362 3731 4417 bene-

2096 4454 2357 4509 volentia:
2391 4456 2561 4510 ﬁdem
2602 4456 3001 4527 plenissimam
3034 4454 3327 4521 fecissent,
3360 4466 3536 4523 quam
3560 4448 3730 4504 blan-

356 4538 765 4609 improbabant
797 4545 1027 4596 evectus
1057 4540 1116 4595 in
1149 4542 1450 4607 thronum,
1511 4546 1765 4597 retexere
1824 4541 1987 4612 prius
2017 4528 2064 4592 D
2098 4543 2339 4598 dissime
2368 4548 2635 4615 rogarent
2664 4544 2858 4598 venire
2884 4544 2955 4598 ad
3007 4543 3193 4614 ipsam
3242 4556 3313 4597 ne
3369 4541 3731 4611 gravaretur.

360 4630 488 4681 acta
518 4644 633 4682 non
667 4630 925 4698 curavit;
978 4647 1156 4702 quare
1187 4631 1419 4701 quietus
1480 4631 1874 4700 permanebat,
1926 4645 1992 4685 eo

360 4718 623 4775 securius
649 4720 801 4790 quod
838 4720 1348 4792 propterlocorum
1384 4719 1483 4774 ubi
1513 4720 1994 4791 degebatlongin-

360 4810 643 4878 quitatem
677 4827 709 4863 a
763 4810 1261 4882 Constantinopoli
1293 4810 1532 4865 minime
1565 4811 1991 4882 aspergendum

358 4913 481 4951 sese
535 4898 849 4954 conﬁderet
904 4899 1295 4971 qualicunque
1355 4897 1572 4952 invidia
1629 4914 1822 4951 rerum
1873 4896 1992 4951 illic

357 4988 811 5057 transactarum,
847 4988 1165 5058 praesertim
1201 4988 1271 5041 ad
1321 5004 1563 5056 quarum
1592 4986 1717 5058 ipse
1748 4985 1992 5041 consilia

354 5078 594 5128 vocatus
628 5092 742 5129 non
776 5077 995 5132 fuisset.
1048 5075 1371 5129 Accedebat
1428 5076 1581 5145 quod
1634 5074 1855 5137 multis,
1890 5073 1989 5128 ubi

356 5146 477 5214 erat
510 5161 660 5216 inter
694 5165 972 5218 Barbaros
1021 5180 1165 5217 vera
1212 5161 1509 5233 religionis
1541 5163 1737 5217 hostes
1770 5163 1988 5226 vivens,

357 5249 613 5305 adversis
648 5252 1031 5316 conﬂictatus,
1092 5253 1391 5305 obstruere
1427 5250 1533 5305 sibi
1582 5269 1753 5323 quem
1805 5268 1986 5305 unum

362 5335 577 5392 habeat
609 5340 678 5393 ad
713 5340 1050 5412 confugium
1085 5344 1349 5409 paratum
1387 5345 1616 5407 portum
1649 5340 1844 5410 gratia:
1877 5338 1989 5392 im-

362 5429 645 5494 peratoris
676 5444 705 5483 e
738 5446 797 5483 re
824 5445 931 5483 sua
962 5445 1075 5483 non
1108 5426 1578 5499 putabat.Itaque
1598 5428 1911 5483 obnoxium
1928 5443 1989 5481 se

362 5512 446 5566 illi
480 5530 512 5568 a
547 5530 661 5585 quo
694 5514 969 5572 solatium
998 5517 1355 5586 exspectaret
1384 5514 1648 5585 praebuit,
1680 5515 1823 5570 nihil
1855 5531 1986 5571 suo-

362 5616 611 5657 censens
642 5604 713 5660 ab
745 5620 811 5661 eo
842 5602 1303 5670 constitutis,sed
1336 5602 1586 5674 quietem
1607 5604 1985 5676 amplectens,

2102 4636 2427 4688 Persuasus
2478 4632 2574 4688 ille
2633 4650 2699 4687 ac
2760 4633 2942 4688 fretus
3002 4629 3279 4701 religione
3319 4624 3732 4699 jurisjurandi,

2098 4721 2429 4776 Ternobum
2464 4738 2526 4777 se
2556 4722 2796 4776 confert.
2841 4720 2959 4775 Nec
3016 4718 3095 4773 ibi
3156 4720 3502 4789 aspernatus
3558 4729 3732 4769 senex

2101 4825 2358 4864 annosus
2388 4813 2476 4864 est
2506 4809 2812 4865 ridiculam
2844 4826 2878 4864 a
2902 4810 3065 4863 tanto
3086 4804 3310 4878 juniori
3332 4803 3549 4861 femina
3573 4800 3729 4857 obla-

2098 4900 2217 4951 tam
2251 4897 2647 4968 adoptionem,
2682 4915 2807 4969 quae
2842 4897 3076 4951 fratrem
3136 4892 3329 4960 illum,
3380 4898 3436 4947 et
3492 4890 3726 4962 quidem

2101 4983 2625 5055 minorem,faceret
2648 4984 2872 5056 pueruli
2904 4982 3195 5037 lactentis.
3251 4981 3363 5035 Res
3422 4978 3609 5051 palam
3663 4976 3723 5029 in

2096 5071 2338 5128 ecclesia
2364 5072 2655 5129 celebrata
2703 5074 2785 5129 sic
2818 5076 2925 5127 est.
2966 5075 3102 5125 Post
3131 5068 3420 5124 adhibitos
3454 5083 3487 5122 a
3534 5079 3726 5120 sacer-

2096 5159 2229 5215 dote
2261 5160 2550 5216 solemnes
2576 5162 2632 5215 in
2662 5160 2877 5215 talibus
2908 5174 3184 5214 occursus
3219 5153 3651 5211 benedictiones
3669 5153 3724 5203 et

2098 5248 2241 5303 ritus
2275 5254 2530 5315 caeteros,
2565 5266 2774 5321 magno
2822 5248 3107 5303 allucente
3139 5242 3425 5298 funalium
3459 5252 3722 5300 numero,

2096 5337 2272 5391 Maria
2304 5337 2525 5408 regium
2569 5339 2848 5392 diducens
2881 5335 3120 5407 pallium
3154 5330 3353 5385 ambos
3383 5328 3516 5382 hinc
3548 5330 3723 5395 atque

2093 5424 2229 5478 inde
2251 5425 2407 5480 ulnis
2439 5421 3059 5493 admovit,Michaelem
3093 5418 3395 5490 pusionem
3428 5432 3493 5471 ac
3520 5428 3717 5470 senem

2093 5512 2664 5583 Sphentisthlabum;
2694 5532 2726 5569 e
2777 5512 2993 5583 quibus
3023 5506 3117 5561 hic
3174 5504 3234 5559 in
3281 5505 3439 5559 hunc
3481 5501 3719 5557 modum

2095 5599 2303 5655 {cedere
2334 5603 2574 5670 sancito,
2610 5603 2846 5658 domum
2878 5594 3078 5653 retulit
3106 5606 3316 5648 novum
3345 5590 3584 5647 titulum
3618 5586 3724 5642 ﬁlii
