4130 6270
485 321 594 376 887

1784 328 2082 382 GEORGII
2119 330 2578 384 PACHYMERB

3744 316 3838 374 888

487 444 694 524 χρόνος
723 445 1149 524 τήν-υἱοποιίαν
1198 446 1544 523 παρεμέτρει,
1593 450 1682 503 καὶ
1731 445 2124 523 δολιευσαμένη
2156 450 2456 524 Αχοίροις
2527 448 2590 502 τὸ
2660 446 2910 518 παράπαν
2988 438 3421 516 ἐκδεδιῃτημένῳ
3492 439 3581 494 καὶ
3648 439 3842 516 ἀφελῶς

485 522 680 578 κτείνει
745 526 781 592 ἡ
832 521 994 593 δῆθεν
1054 528 1237 602 μήτηρ
1267 521 1356 581 τὸν
1401 528 1760 591 υἱοποιεῖσθαι
1817 521 2129 583 πιστεύσαν-

486 632 574 668 τα.
636 609 794 667 Ἀλλ’
845 614 879 681 ἡ
915 612 1044 683 Δίκη
1105 613 1212 691 οὐχ
1271 613 1450 690 ὥσπερ
1509 613 1627 677 ἔθος
1679 615 1815 687 αὐτῇ
1851 617 1916 671 τά
1945 615 2131 672 πολλὰ

485 699 807 773 κατημέλει,
842 698 967 756 ἀλλ’
1024 701 1212 773 ἀνιστᾷ
1265 705 1356 758 τὸν
1391 703 1756 774 ἐκζητήσοντα
1777 706 1840 759 τὸ
1870 708 2007 778 αἷμα
2034 710 2131 760 τοῦ

486 785 690 850 ἀδίκως
720 787 1137 866 πεφονευμένου.
1182 791 1284 847 Καὶ
1331 792 1358 845 ὁ
1409 792 1574 868 λόγος
1623 793 1820 856 ἄνωθει
1878 793 2129 869 βούλεται

495 875 772 949 μεθελθεῖν
804 876 871 931 τὰ
896 884 995 946 τῆς
1025 874 1351 953 διηγήσεως.

489 1036 559 1111 γ’.
618 1035 694 1091 Τὰ
758 1036 894 1092 κατὰ
919 1039 1047 1115 -Ατὸν
1101 1044 1351 1114 Λαχανᾶν
1405 1041 1667 1115 ἀρχῆθεν,
1714 1042 1803 1097 καὶ
1843 1042 1990 1105 ὅπως
2038 1043 2130 1099 τὸν

918 1112 1322 1167 Κωνσταντῖνον
1364 1112 1706 1189 πεφόνευκεν.

559 1233 659 1290 Ἤν
691 1232 930 1308 ἀγρότης
970 1234 1141 1291 ἐκεῖσε
1192 1239 1387 1310 μισθοῦ
1436 1238 1644 1313 βόσκων
1695 1239 1943 1315 χοίρους,
1998 1246 2134 1315 Κορ-

495 1316 758 1383 δόκουϐας
836 1322 1197 1396 κεκλημένος
1269 1326 1330 1380 τὸ
1403 1324 1450 1380 δ’
1521 1323 1691 1399 ὄνομα
1758 1329 1793 1397 ἡ
1851 1326 2132 1399 Ἑλλήνων

490 1406 713 1485 γλῶσσα
739 1410 815 1473 εἷς
847 1410 1086 1487 λάχανον
1134 1409 1481 1486 ἐκλαμϐάνει,
1530 1415 1619 1469 καὶ
1668 1421 1919 1490 Λαχανᾶς
1963 1416 2138 1471 ἐντεῦ-

492 1501 578 1553 θεν
630 1499 951 1575 φημίζεται.
1014 1501 1186 1565 Οὗτος
1235 1507 1343 1557 τῶν
1404 1503 1606 1578 χοίρων
1667 1503 1949 1576 ἐπιμελῶς
1992 1501 2135 1580 ἔχων

500 1587 690 1642 ἑαυτοῦ
735 1586 1059 1662 κατημέλει,
1120 1588 1231 1644 οὔτ’
1271 1590 1357 1644 ἐπὶ
1410 1597 1637 1666 τροφαῖς
1686 1588 1800 1646 οὔτ’
1846 1592 1928 1646 ἐπ’
1985 1591 2137 1647 ἐνδύ-

499 1696 659 1747 μασιν
706 1674 1142 1750 ἀσχολούμενος,
1175 1680 1253 1751 [Ρ.
1288 1680 1414 1751 285]
1472 1680 1621 1751 μόνῳ
1650 1677 1693 1734 δ’
1728 1678 1874 1756 ἄρτῳ
1920 1680 2134 1750 ἀποζῶν

2233 523 2455 613 ἔχοντις
2518 536 2754 597 Σύννους
2805 533 2896 587 οὗν
2953 532 3020 585 τὰ
3075 528 3261 584 πολλά
3313 525 3531 601 διάγων,
3572 525 3659 581 καὶ
3703 523 3838 582 οὐδὲν

2233 622 2512 700 προῦργου
2562 624 2843 696 τιθέμενος
2873 627 2974 689 τῆς
3030 620 3165 694 πρὸς
3218 616 3396 692 ἀρχήν
3439 636 3560 669 τινα
3605 617 3842 670 καταστά-

2234 735 2387 785 σεως,
2440 712 2711 776 πολλάκις
2738 713 2805 766 τὰ
2835 710 2968 765 αὐτὰ
3016 707 3212 780 διεξῄει
3258 711 3374 767 τοῖς
3427 704 3677 779 ἀγρόταις
3725 703 3843 760 ἐκεί-

2233 826 2349 866 νοις
2399 803 2489 858 καὶ
2547 796 2867 877 συφορϐοῖς,
2898 798 3066 874 ἁγίων
3122 797 3267 858 τινάς
3303 794 3550 869 ἐντυχίας
3581 792 3744 869 λέγων
3769 799 3844 848 καί

2234 892 2621 965 παρακινήσεις
2676 890 2769 950 τὰς
2827 888 2955 962 παρ’
3011 885 3225 940 ἐκείνων
3259 884 3333 945 εἰς
3366 883 3394 937 ὃ
3445 888 3721 951 κινηθῆναι
3769 882 3846 936 καὶ

2235 976 2422 1043 ἔθνους
2484 978 2657 1052 ἄρξαι.
2716 979 2896 1033 Ταῦτα
2953 972 3227 1033 πολλάκις
3281 969 3489 1040 διεξιὼν
3545 967 3845 1024 ἐπιστεύετο.

2237 1069 2336 1125 Καὶ
2370 1065 2476 1137 ἤδη
2512 1066 2697 1127 ἄλλως
2729 1069 3028 1140 προσεῖχον
3068 1060 3215 1132 αὐτῷ
3244 1061 3280 1130 ἢ
3310 1060 3384 1120 ὠς
3414 1056 3607 1113 ἐδόκει·
3639 1057 3731 1125 τὴν
3759 1058 3847 1131 γὰρ

2235 1153 2569 1231 προθεσμίαν
2622 1152 2779 1230 ἐγγὺς
2818 1150 3019 1222 ἐδήλου
3076 1154 3173 1205 τοῦ
3219 1149 3534 1217 κινηθῆναι.
3588 1147 3725 1209 Μιᾶς
3770 1144 3847 1200 οὖν

2234 1243 2297 1300 τὸ
2354 1245 2453 1313 τῆς
2512 1244 2691 1319 ὁρμῆς
2742 1242 2991 1314 σύνθημα
3048 1238 3224 1313 λέγων
3284 1231 3497 1304 λαϐεῖν,
3528 1233 3695 1289 αὐτίκ’
3725 1233 3849 1289 ἐκεί-

2236 1354 2357 1395 νους
2416 1331 2690 1410 ἐφέλκεται
2723 1330 2858 1406 πρὸς
2908 1330 3006 1397 τὴν
3052 1328 3243 1382 ἑαυτοῦ
3293 1322 3605 1401 θεραπείαν,
3648 1320 3851 1410 κάκείνῳ

2236 1409 2463 1476 ἕπονται
2514 1420 2588 1485 ὡς
2646 1421 2786 1494 μέγα
2830 1439 2880 1472 τι
2939 1415 3251 1485 ἐλπίζοντες
3297 1409 3846 1494 πράξεινπἋπὲρχον-

2236 1530 2323 1564 ται
2363 1512 2494 1582 γοῦν
2549 1508 2627 1569 εἲς
2673 1493 2885 1582 χώραν,
2935 1505 3023 1559 καὶ
3083 1505 3144 1558 τὸ
3198 1504 3297 1557 τοῦ
3351 1493 3629 1577 συφορϐοὖ
3672 1495 3851 1572 κηρύτ-

2238 1617 2421 1650 τουσιν
2480 1591 2673 1668 ὄνομα,
2737 1595 2810 1655 ὡς
2859 1592 3039 1655 θεόθεν
3078 1591 3178 1659 ἧκέ
3204 1590 3256 1645 οἱ
3293 1591 3393 1643 τοῦ
3425 1584 3578 1662 ἄρξαι
3609 1584 3849 1657 σύνθημα.

2242 1685 2342 1741 Καὶ
2422 1683 2534 1756 ἅμα
2610 1680 2859 1757 λέγοντες
2933 1676 3183 1747 ἔπειθον,
3262 1676 3354 1732 καὶ
3439 1672 3857 1748 προσεπετίθεντο

494 1763 583 1818 καὶ
645 1765 854 1839 ἀγρίοις
909 1763 1174 1841 λαχάνοις
1228 1766 1528 1841 ἀπερίττως
1580 1769 1693 1844 εἶχε
1749 1769 1837 1823 καὶ
1896 1767 2131 1845 ἀφελῶς,
2161 1810 2209 1875 Β
2239 1769 2466 1835 πλείους
2516 1771 2781 1839 ἑκάστης.
2844 1767 3101 1830 Κάκεῖνος
3158 1766 3294 1843 πρὸς
3351 1765 3415 1820 τὸ
3477 1763 3859 1837 εὐσταλέστερον

497 1851 585 1875 --μὶ
649 1851 740 1875 -Αὲ
772 1874 777 1875 ,
846 1874 865 1875 η
905 1852 957 1875 ‘,
1039 1853 1052 1873 Ἰ
1118 1853 1147 1875 ΑΙ
1414 1856 1428 1875 \
1545 1855 1558 1875 ν
1638 1855 1651 1873 \
1861 1858 1873 1875 9
1930 1858 1945 1875 9
2013 1863 2039 1874 «ι
2373 1855 2501 1875 ..κς
2696 1858 2710 1875 9
2894 1857 2905 1875 Ι
3099 1857 3111 1875 9
3174 1853 3187 1875 ν
3260 1851 3284 1875 θ
3316 1851 3372 1875 01
3396 1874 3469 1875 ρη
3524 1874 3533 1875 κ
3597 1850 3681 1875 HM!
3740 1850 3827 1875 --.Ξ

496 1851 587 1906 καὶ
644 1851 780 1928 πρὸς
838 1852 962 1915 τοὺς
1036 1853 1279 1930 ἑταίρους
1343 1856 1429 1910 καὶ
1502 1855 1695 1918 αὐτοὺς
1757 1858 1873 1912 κατ’
1927 1858 2127 1913 ἐκεῖνον

496 1933 655 2002 ὄντας
707 1943 789 2003 οἷς
849 1938 1046 2016 διεξῄει
1102 1942 1395 2011 πολλάκις,
1456 1942 1625 2012 δῆλος
1670 1946 1737 2015 ἦν
1770 1945 1979 2020 μεγάλα
2008 1947 2131 2021 περὶ

494 2027 685 2084 ἑαυτοῦ
737 2025 1158 2105 φανταζόμενος.
1215 2033 1277 2085 Οἱ
1322 2029 1379 2086 δὲ
1409 2030 1516 2108 οὺχ
1560 2032 1722 2103 ἧττον
1763 2033 2063 2110 κατεγελων
2095 2036 2129 2105 ἢ

494 2118 600 2189 μὴν
652 2113 947 2174 ἐπίστευον.
1005 2120 1275 2183 Ἐντεῦθεν
1321 2119 1523 2182 ἐκεῖνος
1570 2120 1847 2182 τοιαύταις
1895 2120 1993 2176 οὐκ
2031 2120 2133 2176 οἷδ’

487 2202 683 2270 ὁπόθεν
742 2206 925 2261 ἐλπίσι
989 2207 1320 2281 μετεωρίσας
1348 2208 1437 2263 τὸν
1469 2213 1588 2263 νοῦν
1642 2208 1813 2282 ἐαυτῷ
1842 2216 2131 2286 προσεῖχε,

480 2292 570 2348 καὶ
630 2292 796 2370 εύχὰς
847 2292 1107 2350 ἀπεδίδου
1164 2300 1279 2367 Θεῷ
1336 2295 1411 2356 ὡς
1444 2295 1588 2371 ἔχων
1649 2293 1826 2373 ἔτυχε·
1870 2303 1976 2353 ποῦ
2031 2300 2131 2374 γὰρ

482 2378 670 2455 ἐκείνῳ
730 2382 890 2456 μετὸν
958 2383 1047 2438 καὶ
1101 2382 1259 2448 θείων
1318 2380 1519 2461 λογίων
1578 2382 1674 2439 κᾶν
1730 2384 1818 2439 ἐπὶ
1875 2389 2022 2456 νοῦν,
2083 2386 2133 2440 ἐν

480 2473 599 2532 τοῖς
658 2469 848 2547 ἀγροῖς
899 2468 994 2526 ’ίσα
1058 2471 1147 2527 καὶ
1202 2477 1323 2535 τοῖς
1379 2473 1505 2547 παρ’
1557 2472 1721 2529 αὐτοῦ
1781 2473 2133 2549 βοσκομένοις

487 2689 1148 2764 dominaeBulgarorum
1172 2707 1205 2745 a
1233 2688 1518 2746 Michaele
1541 2707 1720 2763 puero
1744 2691 2135 2747 secundi.Non

491 2780 746 2838 multum
770 2780 841 2836 ab
874 2778 979 2835 hac
1010 2778 1322 2850 adoptione
1342 2782 1577 2851 tempus
1609 2784 2136 2851 processerat,cum

493 2870 956 2927 circumventum
988 2866 1243 2936 insidiis,
1276 2884 1341 2922 eo
1373 2866 1604 2922 facilius
1636 2868 1789 2938 quod
1832 2884 1864 2921 a
1893 2866 2004 2922 sibi
2037 2884 2135 2922 ca-

494 2958 683 3014 vendo
714 2956 931 3011 ﬁducia
959 2970 1091 3011 eum
1126 2971 1286 3010 novae
1339 2958 1647 3011 contractas
1688 2954 2138 3010 necessitudinis

497 3047 803 3109 averterat,
834 3043 1067 3116 egregia
1104 3052 1288 3100 mater
1320 3044 1664 3114 adoptatum
1685 3043 1913 3099 occidit.
1947 3044 2020 3098 At
2044 3041 2137 3097 di-

493 3133 626 3189 vina
674 3131 910 3202 justitia
952 3148 1068 3186 non
1126 3148 1242 3201 qua
1264 3130 1411 3186 solet
1440 3130 1497 3185 in
1526 3131 1815 3202 plerisque
1847 3130 2125 3203 patientia

494 3219 729 3277 sceleris
760 3220 937 3291 huius
970 3234 1198 3289 poenam
1224 3217 1473 3273 distulit.
1506 3219 1712 3275 Statim
1736 3219 2005 3274 excitavit
2027 3217 2128 3288 qui

489 3308 834 3380 sanguinem
871 3306 1048 3378 impie
1094 3306 1227 3362 caesi
1259 3306 1602 3379 requireret.
1661 3308 1839 3378 Cujus
1887 3310 2130 3362 eventus

489 3396 744 3454 narratio
773 3394 948 3467 paulo
980 3393 1158 3451 altius
1183 3396 1497 3466 repetenda
1527 3399 1633 3451 est.

490 3536 545 3591 3.
591 3535 762 3592 Initia
808 3533 1096 3603 Luciusne,
1145 3542 1197 3592 et
1240 3539 1303 3590 ut
1342 3536 1399 3663 ,ἒς
1449 3535 1875 3592 Constantinum
1900 3536 2133 3607 interfe-

1234 3622 1349 3662 cert

1234 3622 1349 3662 cert

569 3749 705 3804 Erat
732 3747 791 3803 in
825 3749 896 3805 iis
910 3748 1173 3822 partibus
1187 3750 1442 3807 rusticus
1456 3751 1692 3822 quidam
1716 3751 1979 3806 mercede
1994 3767 2130 3822 por-

498 3852 600 3893 cos
628 3838 1273 3910 pascens,C0rdocubas
1303 3838 1652 3912 appellatus,
1702 3838 1792 3894 cui
1823 3838 1946 3894 voci
2002 3856 2135 3895 cum

498 3926 763 3997 quaedam
819 3926 1039 3982 inesset
1096 3944 1206 3983 usu
1247 3926 1548 3999 popularis
1596 3926 1715 3981 illic
1746 3927 1889 3982 48]
1925 3925 2134 4000 linguas

498 4013 672 4071 oleris
728 4013 907 4084 notio,
954 4015 1137 4071 Grcsci
1191 4017 1291 4086 qui
1348 4014 1480 4071 olus
1537 4013 1848 4071 lachanum
1907 4020 2134 4083 vocant,

496 4102 699 4169 istum,
750 4103 850 4158 ubi
899 4104 1066 4175 cmpit
1109 4104 1496 4169 innotescere,
1531 4103 1823 4159 hominem
1856 4104 2137 4160 Lachanaa

498 4189 777 4246 vocabulo
809 4189 1379 4246 celebraverunt.Hic
1411 4188 1492 4244 ita
1522 4188 1765 4246 sollicite
1794 4191 2003 4247 suibus
2026 4191 2138 4247 sibi

499 4279 925 4334 commendatis
987 4279 1251 4333 attendat
1336 4281 1400 4332 ut
1462 4292 1590 4332 sese
1640 4278 1980 4350 negligeret,
2022 4296 2137 4335 non

502 4382 718 4421 curans
748 4366 887 4438 quid
918 4365 1145 4421 vestiret
1175 4370 1278 4421 aut
1330 4381 1447 4436 quo
1504 4372 1852 4438 vesceretur,
1886 4367 2138 4423 naturali

2245 1855 2629 1934 μετεϐάλλετο,
2687 1857 3007 1933 ἀμπεχόνην
3065 1857 3111 1909 τ’
3169 1851 3544 1909 ἐνεδιδύσκετο
3596 1850 3681 1907 καὶ
3735 1850 3859 1904 σπά-

2241 1959 2340 2018 θην
2414 1946 2804 2019 περιεζώννυτο
2865 1943 3041 1998 ’ίππου
3095 1949 3140 1997 τ’
3198 1936 3471 2014 ἐπέϐαινε,
3526 1939 3614 1995 καὶ
3672 1937 3859 2016 ἐθάρῥει

2238 2038 2373 2109 πρὸς
2427 2030 2554 2111 ἔργα
2615 2035 2783 2107 μείζω
2846 2032 3027 2104 ἢκατ³
3057 2030 3240 2089 αὐτόν.
3297 2033 3413 2088 Τοῦ
3447 2035 3573 2105 γοῦν
3607 2031 3859 2085 Κωνσταν-

2238 2123 2386 2178 τίνου
2442 2124 2676 2183 ἀσθενῶς
2721 2126 2816 2176 τοῦ
2866 2121 3121 2194 σώματος
3178 2117 3406 2194 ἔχοντος
3448 2119 3531 2192 (τὸ
3562 2116 3662 2191 γὰρ
3693 2115 3861 2175 σκέλος

2238 2212 2499 2285 κατεαγὸς
2544 2204 2687 2285 ἔχων
2720 2208 2973 2279 ἀκίνητος
3020 2208 3113 2278 ἦν,
3170 2204 3267 2262 κᾶν
3327 2227 3444 2260 που
3500 2206 3591 2259 καὶ
3640 2201 3863 2267 ἀπελθεῖν

2238 2295 2367 2364 ἔδει,
2398 2299 2478 2373 ἐφ’
2512 2298 2721 2371 ἀμάξης
2773 2297 2990 2375 ἐφέρετο
3022 2296 3219 2373 φόρτος
3247 2294 3423 2365 κενὸς)
3478 2291 3680 2349 πολλοὶ
3717 2311 3866 2346 κατω-

2240 2386 2544 2462 λιγώρουν,
2590 2387 2682 2442 καὶ
2717 2384 2929 2460 μᾶλλον
2957 2384 3009 2439 οἱ
3038 2383 3323 2459 πρόσοικοι
3371 2381 3645 2458 Τόχαροι,
3702 2375 3863 2454 ἐκδρο-

2245 2475 2348 2550 μὰς
2408 2475 2636 2545 ἑκάστης
2676 2477 2958 2536 ποιοῦντες
3003 2472 3095 2528 καὶ
3142 2475 3339 2528 Μυσῶν
3397 2465 3577 2534 ὅντως
3622 2466 3759 2525 λείαν
3807 2466 3863 2523 τὰ

2244 2691 2443 2747 tuendi
2475 2691 2861 2764 principatus,
2886 2706 3060 2762 quem
3094 2688 3263 2761 quasi
3294 2688 3365 2744 ad
3397 2703 3645 2760 scopum
3676 2689 3791 2741 acta
3817 2689 3864 2739 et

2246 2780 2664 2835 meditamenta
2692 2785 2900 2834 cuncta
2930 2795 3037 2833 sua
3062 2777 3355 2849 dirigeret.
3404 2774 3777 2845 Habebatque
3802 2772 3861 2827 de

2246 2867 2464 2921 talibus
2493 2867 2563 2923 ad
2599 2884 2737 2923 suos
2769 2867 2901 2922 illos
2932 2865 3162 2921 sodales
3193 2864 3451 2920 rusticos
3498 2868 3555 2919 et
3610 2859 3860 2918 subulcos

2247 2956 2431 3012 serios
2462 2973 2611 3027 saepe
2637 2971 2958 3025 sermones,
2990 2970 3323 3009 memorans
3355 2953 3513 3008 mira
3560 2950 3730 3007 etiam
3754 2948 3859 3003 visa

2245 3049 2305 3098 et
2334 3043 2617 3113 quasdam
2642 3041 3034 3116 apparitiones
3062 3047 3429 3107 sanctorum,
3466 3058 3501 3095 a
3529 3037 3737 3111 quibus
3764 3036 3857 3090 im-

2156 3153 2201 3220 α
2240 3131 2374 3204 pelli
2409 3148 2470 3187 se
2502 3131 2691 3187 aiebat
2720 3132 2791 3220 ad
2818 3132 3027 3203 jugum
3052 3129 3468 3220 excutiendum
3491 3132 3544 3184 et
3572 3126 3678 3182 sibi
3706 3140 3856 3220 usur-

2240 3221 2496 3292 pandum
2517 3221 2709 3292 gentis
2740 3219 3071 3291 imperium.
3104 3217 3409 3288 Ejusmodi
3438 3222 3558 3273 tam
3588 3230 3732 3286 saepe
3760 3211 3859 3267 dis-

2238 3309 2441 3380 seruit,
2470 3313 2534 3364 ut
2564 3308 2942 3379 quantumvis
2970 3304 3401 3362 incredibilium
3443 3305 3618 3360 fidem
3650 3303 3854 3358 laceret.

2236 3397 2485 3469 Jamque
2515 3395 2628 3453 alio
2658 3396 2709 3452 ei
2735 3396 2997 3468 plerique
3027 3393 3218 3450 studio
3264 3410 3448 3464 quam
3483 3394 3646 3465 prius
3693 3392 3854 3445 atten-

2238 3484 2731 3554 debant,maxime
2752 3500 2884 3539 cum
2917 3483 3169 3539 ediceret
3188 3481 3358 3537 fatale
3374 3486 3614 3553 tempus
3642 3479 3857 3535 decretae

2239 3572 2353 3627 sibi
2384 3572 2666 3629 divinitus
2697 3571 2967 3644 potentiae
2998 3570 3324 3640 imminere,
3369 3584 3623 3640 moxque
3652 3566 3855 3635 aetern-

2239 3668 2475 3735 pturum
2511 3664 2571 3719 in
2593 3664 2719 3733 ejus
2737 3661 3076 3735 arripienda
3098 3662 3583 3733 conatum,quem
3610 3668 3853 3730 prospero

2240 3734 2513 3809 successu
2546 3750 2962 3808 fortunandum
2995 3734 3187 3804 sciret.
3220 3747 3309 3803 Ad
3335 3747 3467 3805 hac
3508 3744 3739 3804 arrectis
3764 3740 3855 3798 ali-

2241 3841 2502 3914 quandiu
2531 3840 2726 3897 subito
2747 3840 2900 3895 diem
2932 3836 3351 3911 pronuntiavit,
3400 3853 3526 3909 qua
3563 3834 3653 3890 die
3681 3828 3851 3905 prodi-

2241 3933 2411 3986 turus
2465 3933 2619 3986 esset
2675 3945 2705 3984 e
2752 3928 2992 3983 latebris
3039 3929 3094 3981 et
3141 3929 3371 3980 maturo
3425 3927 3553 3997 jam
3610 3919 3853 3994 praeclaro

2242 4022 2426 4088 coepto
2460 4017 2591 4074 felix
2620 4022 2857 4073 auctore
2878 4022 2990 4072 Deo
3020 4013 3348 4086 auspicium
3384 4013 3657 4070 daturus.
3701 4008 3854 4064 Nemo

2245 4105 2531 4161 dubitavit
2558 4110 2660 4161 aut
2691 4104 2898 4159 renuit.
2931 4102 3381 4158 Conclamarunt
3413 4116 3619 4157 omnes
3649 4094 3854 4153 duceret

2245 4211 2359 4266 quo
2381 4193 2589 4265 vellet;
2634 4210 2695 4249 se
2753 4190 3023 4248 alacriter
3078 4189 3139 4245 in
3190 4189 3421 4247 cunctis
3482 4190 3850 4246 obsecuturos.

2245 4282 2360 4337 Nec
2392 4281 2545 4337 facta
2574 4281 2746 4336 dictis
2778 4278 3192 4335 abfuere.482
3224 4278 3469 4333 Addunt
3497 4275 3853 4340 addicuntque

2246 4370 2358 4442 ipsi
2389 4386 2451 4425 se
2484 4371 2832 4440 frequentes,
2865 4368 3095 4441 magnis
3125 4367 3261 4424 elati
3283 4363 3854 4440 spebus.Cursantper

505 4453 944 4525 simplicissime
975 4455 1300 4524 defungens
1322 4452 1501 4521 victu,
1534 4452 1657 4507 solo
1678 4471 1827 4524 pane
1855 4459 1913 4509 et
1941 4455 2143 4510 herbis
2174 4517 2214 4530 _
2252 4457 2549 4530 regionem
2578 4456 3011 4529 proclamantes
3042 4454 3353 4511 subulcum
3377 4471 3413 4510 a
3467 4454 3583 4510 Deo
3615 4451 3850 4507 missum.

443 4532 455 4544 ’
510 4517 1601 4611 agrestibuscontentustFamiliarihus
1633 4517 1906 4597 utebatur
1932 4542 2143 4597 indolis
2174 4517 2220 4582 D
2252 4517 2408 4601 etvad
2437 4517 2698 4616 [manum
2749 4545 2874 4616 jam
2931 4543 3243 4599 conﬂatam
3296 4541 3591 4614 ingentem
3640 4530 3850 4594 certatin

512 4634 571 4686 et
600 4630 964 4686 educationis
994 4630 1202 4686 similis
1233 4627 1625 4699 homunculis;
1646 4631 1861 4702 quibus
1891 4629 2144 4703 plerum-

518 4733 633 4789 que
664 4734 877 4790 magna
900 4720 970 4774 de
999 4735 1062 4775 se
1083 4722 1345 4792 quaedam
1380 4722 1518 4780 olim
1542 4725 1735 4779 futura
1765 4721 1931 4793 quasi
1951 4719 2143 4774 vatici-

518 4807 1131 4880 nansjactabat,saape
1152 4808 2142 4884 illisirridentibus,nonnnunquam

515 4894 689 4951 etiam
716 4912 831 4950 non
862 4895 1031 4967 plane
1061 4897 1524 4955 detrectantibus
1580 4903 1830 4957 credere.
1890 4900 1992 4955 His
2049 4899 2146 4954 ille

452 5051 467 5059 ξ
515 4982 710 5038 nescio
740 4984 897 5039 unde
925 4984 1141 5056 spebus
1170 4985 1431 5055 inﬂatus,
1484 4990 1824 5059 gravitatem
1880 4988 2147 5043 aﬂ'ectare

515 5072 687 5143 coepit
714 5071 1500 5147 insolitam,componereque
1522 5093 1582 5132 se
1602 5075 1661 5131 in
1694 5075 1947 5148 Speciem
1979 5090 2145 5130 sane-

512 5161 1080 5235 timoniaa,colligens
1110 5163 1359 5219 subinde
1390 5165 1739 5235 animum,et
1768 5164 1949 5219 Deum
1983 5164 2142 5218 invo-

515 5265 654 5305 cans
687 5252 900 5322 quibus
935 5252 1019 5307 uti
1076 5256 1305 5323 poterat
1349 5254 1619 5324 precibus
1669 5253 1841 5309 homo
1880 5253 2146 5309 funditus

518 5338 1125 5397 omnisinstitutionis
1151 5341 1557 5413 rudis,quippe
1601 5344 1662 5397 in
1706 5341 1860 5415 agris
1919 5358 2149 5412 semper

516 5430 783 5483 versatus
799 5428 1380 5498 pascendisintentus
1407 5430 2149 5504 porcis.Apparebatigitur

524 5513 645 5569 fere
676 5516 1129 5588 cogitabundus,
1152 5518 1342 5573 verbis
1373 5534 1524 5589 saepe
1554 5520 1894 5593 significans
1921 5518 2149 5575 volvere

464 5612 471 5617 '
517 5616 582 5658 le
606 5602 801 5659 animo
833 5594 1026 5661 nescio
1046 5623 1223 5678 quam
1254 5605 1747 5665 machinationem
1776 5608 1907 5667 novi
1937 5606 2152 5663 consti-

2254 4634 2514 4706 undique
2541 4632 2970 4690 accurrentium
3022 4635 3337 4704 aggregent
3382 4643 3711 4686 numerum.
3739 4622 3848 4677 Cre-

2253 4723 2452 4780 scebat
2482 4723 2540 4779 in
2565 4723 2688 4778 dies
2709 4721 3045 4786 multitudo,
3084 4723 3142 4775 et
3181 4736 3363 4774 novus
3394 4721 3513 4774 dux
3539 4717 3608 4774 ad
3638 4723 3851 4771 consen-

2254 4816 2494 4869 taneum
2531 4815 2846 4883 assumptis
2888 4807 3159 4882 dignitati
3202 4824 3264 4863 se
3314 4807 3544 4880 fingens
3590 4802 3847 4861 habitum.

2255 4899 2497 4971 abjectis
2540 4898 2884 4955 centonibus
2928 4894 3323 4951 honestiorem
3381 4893 3576 4951 induit
3620 4891 3846 4947 vestem;

2255 5004 2509 5059 ensequo
2532 4986 2889 5053 succinctus,
2920 5000 3069 5057 equo
3100 4983 3389 5051 inscenso,
3439 4984 3510 5039 ad
3555 4994 3719 5052 Opera
3746 4986 3847 5027 ma-

2250 5078 2381 5148 jora
2409 5093 2580 5147 quam
2608 5078 2736 5146 ejus
2765 5075 3050 5130 hactenus
3077 5073 3308 5129 fortuna
3330 5075 3563 5144 caperet
3591 5067 3768 5141 palam
3795 5070 3847 5112 96

2257 5164 2581 5220 accinctum
2612 5169 2904 5219 ostentare
2934 5178 3113 5218 ausus
3141 5167 3250 5217 est.
3279 5160 3621 5215 Valetudine
3648 5148 3844 5211 tummt

2258 5253 2480 5309 dictum
2514 5261 2621 5318 est,
2672 5251 3090 5310 Constantinus
3120 5249 3352 5305 infirma
3393 5247 3699 5303 utebatur:
3735 5247 3848 5293 nam

2259 5358 2426 5397 crure
2454 5342 2677 5397 dudum
2710 5340 2888 5396 fracto
2919 5338 3251 5394 facultatem
3300 5337 3561 5392 incessus
3588 5325 3849 5387 amiserat,

2258 5433 2318 5485 et
2349 5430 2399 5485 si
2428 5429 2703 5501 quopiam
2718 5431 2871 5485 esset
2899 5441 3135 5482 necesse
3152 5423 3531 5497 proﬂcisci,cu
3542 5434 3632 5475 rru
3649 5410 3848 5505 perlde

2258 5517 2416 5573 iners
2444 5496 2890 5575 trahebatur.Ea
2920 5530 3014 5571 res
3042 5496 3438 5585 contemptum
3463 5496 3848 5585 illiconciliavil

2258 5604 2669 5678 plurimorum.
2697 5604 2763 5663 In
2786 5605 2881 5664 his
2930 5599 3175 5661 Tochari
3222 5584 3476 5667 ﬁnitimi,
3507 5596 3624 5655 fera
3647 5600 3776 5665 gens
3796 5584 3844 5638 et
