4110 6280
327 379 437 435 889

1380 385 1476 438 DE
1512 382 1885 439 MICHAELE
1920 383 2361 442 PALEOLOGO
2398 389 2530 444 LIB.
2571 391 2666 443 VI.

3618 382 3726 437 890

327 504 530 560 Μασῶν
561 503 814 566 τιθέντες.
848 501 1096 580 Φᾶλαγγι
1147 507 1274 580 γοῦν
1325 506 1595 580 Τοχάρων
1649 477 1963 580 προσκρού-
1994 510 2048 575 Α
2077 504 2260 580 πάγων
2318 508 2512 583 βαίνων
2572 515 2652 582 τῷ
2713 508 2946 585 βασιλεῖ,
2978 507 3068 562 καὶ
3119 507 3406 580 συμπεσὼν
3474 505 3664 579 ἐκείνῳ
3695 507 3722 560 6

327 611 424 654 σας
476 591 504 645 6
559 595 810 665 Λαχανᾶς
859 589 1118 663 ἐμπίπτει
1177 592 1322 670 σφίσι
1386 594 1501 665 μεθ’
1552 594 1624 647 ὧν
1673 588 1981 669 ἐπεφέρετο,

322 677 415 731 καὶ
473 677 609 732 κατὰ
647 678 844 752 κράτος
899 683 1042 748 νικᾷ,
1097 679 1186 732 καὶ
1249 680 1399 742 αὗθις
1468 679 1638 753 ἄλλῃ,
1696 681 1785 734 καὶ
1839 677 1980 732 οὕτω

325 765 466 839 πρὸς
529 766 593 819 τὸ
673 764 1090 842 μεγαλειότερον
1163 765 1244 821 ἐπ’
1309 768 1370 821 οὐ
1429 767 1668 828 πολλαῖς
1746 769 1980 842 ἡμέραις

328 851 642 916 καθίστατο.
707 859 892 928 Χωραι
949 854 1134 908 τοίνυν
1192 856 1567 928 προσετίθεντό
1611 856 1684 925 οἱ,
1744 854 1834 908 καὶ
1894 854 1978 908 ἐπ’

328 942 482 1012 αὐτῷ
512 939 686 995 πολὺν
737 942 830 997 τὸν
890 946 987 996 τοῦ
1020 940 1075 996 εῦ
1106 943 1323 1013 πράξειν
1375 940 1642 1014 ἐλπισμὸν
1691 943 1972 1015 ἀραρότως

330 1029 505 1102 εἶχον,
559 1028 660 1085 Καὶ
707 1031 734 1083 6
779 1036 1033 1103 Λαχανᾰς
1079 1029 1255 1092 πολὺς
1304 1031 1370 1098 ἦν
1423 1032 1800 1104 φημιζόμενος
1846 1051 1978 1083 παν-

335 1120 533 1192 ταχοῦ·
563 1114 686 1171 οὐδὲ
725 1119 825 1191 γάρ
884 1119 1064 1190 ἡμέρα
1111 1115 1360 1194 ἐφίστατο
1414 1119 1532 1181 καθ’
1561 1116 1625 1185 ἢν
1660 1117 1720 1171 οὐ
1754 1116 1978 1180 πλείους

329 1211 441 1260 τῶν
499 1207 775 1280 προτέρων
841 1206 957 1281 εἶχε
1013 1207 1101 1260 καὶ
1174 1204 1501 1282 ἠνδραγάθει
1582 1201 1972 1279 προσϐάλλων,

324 1298 502 1348 Τοῦτο
577 1289 874 1368 ἐθορύϐησε
953 1294 1046 1365 μὲν
1118 1295 1213 1348 καὶ
1286 1295 1380 1349 τὸν
1443 1297 1848 1351 Κωνσταντῖνον
1907 1297 1974 1350 τὰ

321 1380 575 1451 πλεῖστα,
609 1382 874 1457 ἀγγελθὲν
916 1380 972 1436 δὲ
1019 1385 1164 1457 παρὰ
1211 1382 1367 1456 δόξαν
1419 1385 1507 1439 καὶ
1563 1384 1719 1439 αὐτὸν
1755 1381 1975 1458 θορυϐεῖ

326 1469 574 1545 βασιλέα·
620 1472 682 1523 τὸ
728 1470 828 1545 γὰρ
887 1469 1059 1532 οὕτως
1121 1470 1345 1535 ἐπελθὸν
1397 1473 1524 1546 παρ’
1583 1472 1728 1545 ἀξίαν
1789 1470 1974 1528 οῦκόίν

322 1557 568 1616 ἐπελθεῖν
604 1559 649 1615 εἰ
684 1561 759 1632 μὴ
793 1559 880 1614 ἐπὶ
918 1561 1191 1636 μεγίστοις
1239 1563 1380 1617 τισὶν
1411 1559 1603 1634 ᾤοντο.
1643 1567 1721 1636 [Ρ.
1755 1566 1881 1635 296]
1909 1565 1969 1622 Ὁ

325 1651 420 1722 μὲν
471 1648 562 1704 οὖν
612 1657 1014 1714 Κωνσταντῖνος
1081 1653 1244 1725 μόνον
1311 1653 1540 1726 ταράξας
1587 1653 1653 1707 τὰ
1701 1653 1836 1707 κατᾶ
1879 1654 1970 1707 τὸν

320 1737 480 1812 ζυγὸν
543 1740 838 1814 μετήνεγκε
895 1739 988 1794 τὸν
1039 1744 1162 1794 νοῦν
1226 1741 1363 1816 πρὸς
1422 1741 1484 1794 τὸ
1543 1738 1968 1812 ἀπροσδοκήτως

315 1825 476 1900 φανὲν
508 1825 599 1878 καὶ
632 1825 705 1886 ὡς
739 1825 844 1879 οὐκ
877 1825 934 1879 ἂν
993 1827 1068 1898 μὴ
1119 1825 1200 1881 ὅτι
1233 1828 1282 1899 γ’
1315 1826 1496 1896 οὗτος,
1543 1823 1672 1879 ἀλλ’
1719 1823 1836 1880 οὐδ’
1865 1824 1967 1880 ἅλ-
1998 1865 2041 1928 Β

317 1909 338 1928 κ
608 1912 622 1928 ,
659 1914 701 1928 ._
917 1913 928 1928 .
1015 1915 1065 1928 ,Α
1125 1911 1165 1928 ες.
1228 1915 1256 1928 η
1356 1913 1374 1928 κ
1422 1913 1434 1928 ε
1598 1911 1624 1921 ς-
1786 1914 1802 1928 .
1944 1916 1956 1928 .

317 1909 417 1973 λος
446 1933 533 1974 τις
590 1912 745 1984 ᾠήθη
799 1913 953 1968 ποτέ·
1015 1915 1070 1967 Ὀ
1121 1911 1178 1968 δὲ
1228 1913 1480 1989 βασιλεὺς
1533 1911 1692 1967 τοῦτο
1747 1914 1840 1986 μὲν
1873 1916 1958 1968 καὶ

313 1999 467 2053 τάκεῖ
545 2007 878 2068 καταστῆσαι
956 2000 1149 2072 θέλων,
1225 2006 1385 2055 τοῦτο
1441 1999 1500 2055 δὲ
1551 2001 1638 2056 καὶ
1699 2002 1834 2074 πρὸς
1897 2003 1961 2056 τὰ

316 2086 642 2152 ἆκουσθέντα
699 2087 1116 2164 διατάραχθεὶς,
1190 2084 1487 2165 προλαϐεῖν
1547 2089 1800 2163 ἠπείγετο
1870 2091 1957 2144 καὶ

312 2176 408 2238 τὰς
459 2175 628 2251 ἄκρας
683 2182 1048 2253 κατοχυροῦν.
1109 2179 1207 2234 Καὶ
1246 2176 1310 2246 δὴ
1367 2177 1597 2248 ἐξελθὼν
1649 2185 1746 2246 τῆς
1803 2179 1957 2234 Κων-

315 2264 595 2319 σταντίνου
657 2263 739 2319 ἐπ’
831 2264 1171 2341 Ὀρεστιάδος
1252 2265 1485 2334 ἤλαυνεν
1541 2264 1658 2336 ὅλῳ
1743 2265 1957 2340 ῥυτῆρι,

308 2352 595 2425 Χειμῶνος
653 2350 700 2408 δ’
756 2353 986 2424 ἐξελθὼν
1047 2356 1134 2410 καὶ
1197 2355 1388 2428 πάγοις
1441 2353 1605 2407 ἐπιὼν
1663 2353 1863 2428 πάσχει
1905 2375 1958 2407 τι

311 2440 400 2494 καὶ
428 2444 537 2496 τῶν
569 2440 902 2512 ἀνηκέστων·
967 2439 1354 2516 συμποδίζεται
1411 2442 1512 2516 γὰρ
1557 2443 1584 2495 6
1635 2438 1805 2502 ’ίππος
1866 2439 1951 2494 ἐπὶ

313 2661 553 2714 assueta
583 2661 745 2729 rapto
774 2657 1147 2728 vivere,nihil
1169 2675 1203 2712 ει
1223 2657 1432 2713 claudo
1455 2656 1956 2729 principe'timen-

309 2746 797 2801 tesliberrimisin
817 2745 1066 2818 Mysiam
1081 2745 1524 2802 excursionibus
1546 2745 1796 2816 agebant
1811 2744 1953 2799 fere-

315 2833 577 2904 bantque
600 2832 815 2906 passim
841 2838 1068 2901 cuncta,
1091 2838 1147 2888 et
1174 2834 1350 2888 veteri
1385 2833 1704 2889 celebratas
1729 2848 1952 2902 prover-

313 2919 410 2975 bio
473 2921 694 2991 praedas
743 2921 1040 2990 Mysorum
1094 2921 1334 2992 impune
1377 2921 1838 2991 frequentabant.
1889 2921 1950 2974 In

312 3007 520 3063 horum
543 3025 715 3063 unam
745 3025 986 3063 manum
1010 3009 1315 3064 incurrens
1347 3025 1478 3062 cum
1507 3009 1631 3063 suis
1653 3008 1951 3062 Lachanas

306 3112 434 3152 eam
461 3096 854 3152 internecione
881 3096 1052 3154 delet.
1082 3096 1206 3152 Alia
1227 3096 1320 3151 die
1338 3095 1758 3168 deprehensam
1785 3095 1947 3151 simi-

299 3180 438 3237 liter
469 3182 766 3238 cohortem
801 3187 1044 3240 istorum
1089 3185 1331 3240 alteram
1375 3191 1439 3239 ut
1470 3185 1719 3256 priorem
1765 3184 1943 3238 inter-

302 3268 443 3324 ﬁcit.
475 3269 621 3326 Hinc
654 3272 856 3343 paucis
888 3273 1096 3328 diebus
1124 3273 1346 3328 celebre
1378 3273 1444 3327 ﬁt
1473 3273 1600 3343 ejus
1623 3287 1856 3337 nomen,
1890 3275 1946 3327 et

297 3356 566 3412 videlicet
596 3375 711 3413 non
743 3359 933 3430 parvis
955 3365 1010 3416 et
1042 3360 1238 3432 populi
1263 3364 1318 3415 et
1340 3360 1642 3430 regionum
1665 3358 1944 3414 accessio-

302 3445 480 3500 nibus
510 3461 650 3518 opes
677 3448 806 3517 ejus
836 3452 1178 3518 augescunt,
1213 3448 1440 3502 cunctis
1474 3464 1576 3519 pro
1626 3463 1686 3502 se
1716 3463 1946 3518 quoque

305 3549 468 3604 spem
500 3533 559 3588 in
590 3550 655 3590 eo
678 3552 974 3592 summam
1033 3535 1384 3591 emendandi
1434 3535 1668 3607 publica
1720 3535 1946 3590 incom-

308 3621 479 3676 moda
508 3621 948 3679 collocantibus.
983 3623 1424 3679 Famaeinterim
1456 3623 1764 3678 ambitioso
1796 3639 1944 3694 prs-

305 3708 468 3765 conio
521 3709 821 3768 Lachanas
876 3711 1093 3783 ubique
1142 3711 1586 3766 buccinabatur.
1640 3711 1754 3766 Nec
1817 3711 1942 3765 dies

301 3799 630 3868 prateribat
658 3815 776 3870 qua
806 3815 923 3854 non
955 3809 1008 3854 et
1037 3801 1166 3870 ejus
1199 3816 1440 3854 numero
1472 3803 1755 3854 cresceret
1782 3815 1944 3854 exer-

300 3887 474 3953 citus,
505 3889 562 3942 et
591 3903 706 3958 qua
729 3903 840 3942 non
873 3887 1001 3959 ipse
1031 3887 1228 3959 aliqua
1258 3902 1316 3942 se
1373 3887 1591 3958 insigni
1651 3889 1720 3941 de
1777 3887 1941 3941 hoste

300 3974 540 4030 victoria
569 3977 1022 4032 commendaret.
1055 3977 1489 4032 Conturbarunt
1519 3975 1639 4031 haec
1680 3993 1794 4031 non
1838 3992 1940 4047 pa-

298 4079 429 4118 rum
445 4064 1454 4120 subindenuntiataConstantinum.
1474 4067 1668 4135 Ipsum
1691 4080 1938 4136 quoque,

299 4151 396 4206 ubi
431 4151 571 4208 ﬁdes
605 4154 837 4208 tandem
871 4171 984 4209 non
1011 4154 1164 4210 488
1196 4152 1434 4209 creditis
1473 4154 1661 4224 primo
1709 4152 1941 4208 indiciis

301 4239 465 4294 famae
496 4241 824 4296 constantia
856 4243 1005 4298 facta
1035 4247 1124 4298 est
1151 4243 1370 4312 ipsum,
1401 4243 1665 4313 inquam,
1707 4257 1942 4312 quoque

301 4327 772 4399 inopinatissima
784 4331 1010 4386 novitas
1022 4330 1395 4386 vehementer
1415 4329 1729 4385 commovit
1757 4332 1940 4400 impe-

300 4420 569 4471 ratorem.
600 4417 765 4473 Hunc
787 4436 894 4474 sua
925 4424 1264 4491 suspectare
1320 4417 1630 4490 prudentia
1675 4418 1938 4489 cogebat,

300 4519 370 4558 ne
401 4505 671 4561 subesset
703 4505 795 4560 his
829 4506 1127 4579 quidpiam
1169 4507 1512 4579 incomperti
1560 4505 1698 4562 mali
1728 4523 1742 4562 :
1795 4523 1940 4576 quo-

2087 589 2462 667 ἐποχούμενος
2490 601 2689 668 πτῶμα
2747 593 2917 650 δεινὸν
2951 594 3142 669 χεῖράς
3197 615 3256 649 τε
3309 594 3402 647 καὶ
3431 594 3725 668 πρόσωπον

2087 677 2392 752 θρύπτεται,
2425 683 2564 738 οὕτω
2625 683 2885 760 χαλεπῶς
2936 685 3009 744 ὡς
3069 681 3198 754 μηδ’
3231 683 3450 758 ἀρκέσαι
3483 683 3572 736 τὸν
3628 684 3728 745 τῆς

2086 766 2421 842 ἐκστρατείας
2497 771 2623 826 δλον
2706 773 2899 846 χρόνον
2985 770 3282 842 ἀπαλεῖψαι
3357 769 3423 822 τα
3476 767 3722 841 τραύμα-

2079 876 2165 922 τα,
2198 856 2322 911 ἀλλ’
2361 856 2437 911 ἔτι
2482 857 2709 932 λείψανα
2760 865 2868 913 τῶν
2906 857 3133 932 πληγῶν
3196 857 3446 930 ἐμμένειν
3506 855 3730 910 ἐπανελ-

2083 943 2229 1006 θόντι
2309 950 2386 1016 τῷ
2464 947 2698 1020 βασιλεῖ.
2775 951 2922 1018 *Αμα
2977 946 3122 1019 ίγοῦν
3201 941 3364 1013 ἐπέϐη
3424 946 3451 998 6
3509 948 3721 1018 κρατῶν

2078 1037 2178 1098 τῆς
2211 1030 2520 1104 Ἀδριανοῦ,
2578 1036 2664 1088 καὶ
2728 1035 2839 1106 ἅμα
2869 1037 2902 1101 ἡ
2939 1035 3113 1110 σφαγὴ
3154 1038 3250 1087 τοῦ
3311 1032 3720 1088 Κωνσταντίνου

2081 1120 2421 1196 ἀγγέλλεται.
2473 1126 2560 1185 Ὡς
2619 1127 2723 1200 γὰρ
2781 1125 3039 1196 ηὐξάνετο
3099 1126 3452 1198 καθ’ἡμέραν
3483 1126 3510 1177 ὁ
3542 1131 3726 1197 Λαχα-

2081 1215 2176 1271 νᾶς
2208 1211 2297 1265 καὶ
2327 1212 2531 1266 πολλοὶ
2583 1215 2970 1286 προσεχώρουν
3007 1211 3194 1283 ἐκείνῳ
3224 1211 3723 1285 κατολιγωροῦντες

2077 1301 2178 1351 τοῦ
2210 1303 2356 1374 σφῶν
2401 1297 2691 1372 βασιλέως,
2749 1298 2993 1354 ἐκποδὼν
3030 1298 3075 1352 δ’
3105 1299 3170 1365 ἦν
3225 1297 3333 1367 ἤδη
3369 1300 3458 1353 καὶ
3493 1301 3518 1352 ὁ
3555 1306 3722 1374 Σφεν-

2075 1379 2370 1447 τίσθλαϐος
2403 1389 2507 1439 τῶν
2542 1384 2716 1441 δόλων
2777 1387 3116 1458 ἀπονάμενος
3160 1389 3260 1450 τῆς
3314 1385 3547 1460 Μαρίας,
3585 1386 3634 1438 o't
3667 1383 3722 1439 ’δέ

2074 1493 2136 1546 γε
2187 1475 2675 1546 προσῳκειωμένοι
2730 1481 2808 1546 τῷ
2860 1474 3256 1544 Κωνσταντίνῳ
3311 1471 3360 1544 ἐξ
3419 1473 3717 1546 ἀνθρώπων

2073 1561 2207 1628 ἦσαν
2264 1565 2382 1622 ταῖς
2440 1564 2537 1626 τῆς
2600 1561 2807 1638 Μαρίας
2863 1561 3279 1638 κακεοτρεχείας
3325 1565 3718 1635 κατειργασμέ-

2071 1669 2176 1717 νοι,
2211 1649 2325 1702 ὅσοι
2387 1646 2444 1702 δὲ
2501 1649 2590 1702 καὶ
2652 1657 2938 1722 περιῆσαν,
2973 1651 3153 1722 οἱμὲν
3183 1650 3308 1724 παρ’
3357 1647 3574 1702 ἐκείνων
3634 1646 3721 1702 ἐπὶ

2070 1733 2338 1796 δυσνοίαις
2392 1736 2823 1807 ὑπωπτεόοντο,
2883 1739 2935 1790 οἱ
3001 1735 3057 1791 δὲ
3113 1737 3201 1790 καὶ
3260 1743 3377 1796 ταῖς
3435 1734 3718 1805 ἀληθείαις

2071 1821 2373 1891 ἐδυσνόουν,
2414 1824 2574 1894 μόνος
2607 1825 2640 1892 ἢ
2677 1826 2791 1897 μετ’
2850 1824 3047 1899 ὀλίγων
3084 1823 3519 1900 ἐγκαταλειφθεὶς
3575 1830 3718 1877 Κον-

2071 1916 2351 1972 σταντῖνος
2383 1913 2528 1985 ὁρμᾷ
2563 1911 2838 1983 μετελθεῖν
2882 1915 2972 1967 τὸν
3006 1911 3113 1982 ἤδη
3149 1913 3236 1967 καὶ
3281 1912 3442 1966 αὐτοῦ
3493 1909 3725 1965 κατολι-

2069 2003 2372 2072 γωροῦντα.
2431 2000 2526 2054 Καὶ
2579 1998 2645 2068 δὴ
2698 2002 3089 2074 συνταξάμενος
3145 2001 3240 2062 τὰς
3295 2001 3550 2072 δυνάμεις
3600 1999 3716 2076 ἐφέ-

2070 2106 2190 2159 ρετο
2227 2087 2321 2158 μὲν
2355 2087 2434 2164 ἐφ’
2492 2087 2722 2159 ἀμάξης.
2783 2090 2844 2142 0".
2878 2087 2935 2142 δὲ
2965 2089 3044 2150 οἷς
3077 2088 3277 2149 ἐκεῖνος
3333 2088 3575 2141 ἐπίστευε
3620 2087 3714 2148 τὰς

2070 2175 2198 2249 ὑπὲρ
2255 2175 2461 2230 ἐκείνου
2541 2178 2714 2251 ὁρμάς
2785 2178 3126 2231 κατεκλῶντο
3163 2220 3174 2232 .
3229 2178 3289 2233 Ὁ
3347 2173 3404 2230 δὲ
3458 2180 3710 2250 Λαχανᾶς

2067 2263 2236 2334 ὁμόσε
2267 2265 2529 2336 χωρήσας
2590 2262 2796 2336 ἐκείνῳ,
2845 2265 2958 2335 ἅμα
3013 2263 3194 2340 φανεὶς
3251 2262 3584 2318 ἐπεισπίπτει
3615 2263 3706 2317 καὶ

2063 2351 2199 2404 κατᾶ
2254 2351 2446 2425 κράτος
2504 2352 2678 2426 αἱρεῖ,
2736 2352 2981 2406 κάκεῖνον
3046 2350 3212 2425 μηδὲν
3269 2351 3405 2406 κατὰ
3460 2351 3706 2424 πόλεμον

2064 2437 2332 2513 πράξαντα
2383 2439 2662 2514 βασιλείας
2735 2438 2878 2512 ἄξιον
2940 2438 3096 2512 δίκην
3154 2438 3356 2515 ἱερείου
3403 2439 3705 2515 κατασφάτ-

2065 2653 2346 2723 ﬁrmaret;
2378 2654 2590 2725 partim
2624 2659 2687 2711 ut
2709 2657 2806 2729 qui
2843 2657 2912 2712 ab
2952 2657 3056 2713 illa
3112 2661 3278 2729 parte
3334 2658 3610 2730 patebant
3639 2661 3700 2715 in

2064 2741 2389 2796 Romanam
2423 2742 2702 2799 ditionem
2726 2745 2942 2810 aditus,
2977 2762 3079 2816 per
3125 2763 3272 2816 quos
3304 2763 3374 2801 ne
3405 2746 3706 2803 Lachanas

2063 2828 2310 2883 irrueret
2343 2830 2538 2884 audita
2564 2832 2633 2885 de
2662 2832 2762 2886 illo
2793 2832 2997 2887 timere
3045 2834 3352 2904 cogebant,
3413 2835 3705 2904 praesidiis

2063 2920 2120 2971 et
2152 2918 2578 2974 munitionibus
2606 2918 2833 2975 idoneis
2866 2929 3306 2992 praeoccuparel.
3348 2921 3463 2976 Hoc
3509 2922 3706 2977 animo

2063 3007 2200 3060 dum
2232 3005 2424 3061 citatis
2456 3007 2623 3077 equis
2655 3025 2860 3064 versus
2883 3009 3242 3066 Orestiadem
3277 3011 3574 3065 contendit
3604 3026 3705 3080 per

2061 3100 2360 3148 concretos
2392 3095 2578 3163 rigida
2627 3095 2818 3151 hieme
2875 3098 3004 3168 gelu
3065 3115 3301 3170 campos
3360 3115 3699 3169 properans,

2059 3182 2302 3254 contigit
2331 3186 2387 3236 et
2413 3182 2528 3252 pati
2562 3199 2693 3237 cum
2728 3191 2782 3239 et
2815 3185 3126 3254 periclitari
3160 3187 3521 3257 gravissime.
3554 3187 3698 3241 Nam

2056 3285 2244 3339 equus
2275 3287 2388 3340 quo
2420 3271 2738 3327 vehebatur
2766 3273 2970 3343 lapsus
3001 3275 3059 3329 in
3099 3275 3302 3344 glacie,
3338 3292 3470 3328 eum
3513 3291 3702 3330 sesso-

2052 3373 2173 3411 rem
2207 3357 2429 3423 efludit,
2464 3363 2588 3414 tum
2623 3377 2800 3430 supra
2831 3361 3025 3431 ipsum
3059 3366 3175 3416 tota
3207 3361 3360 3416 mola
3391 3361 3700 3418 concidens

2052 3448 2280 3499 tantum
2317 3463 2430 3499 non
2464 3448 2776 3518 oppressit,
2808 3448 3175 3504 vulneratum
3225 3450 3284 3503 in
3343 3450 3612 3505 manibus
3643 3456 3700 3505 et

2052 3531 2214 3586 vultu
2243 3533 2384 3587 adeo
2418 3550 2531 3588 non
2566 3534 2787 3600 leviter,
2815 3540 2875 3589 ut
2907 3537 3000 3590 vix
3030 3537 3209 3592 totius
3233 3539 3359 3608 ejus
3409 3539 3697 3592 diuturnis

2051 3620 2440 3691 expeditionis
2473 3623 2658 3690 spatio
2691 3624 2993 3693 persanari
3027 3624 3201 3694 plagzs
3236 3627 3550 3694 potuerint,
3599 3630 3699 3680 aut

2051 3708 2200 3762 efﬁci
2232 3709 2371 3777 quin
2403 3707 2712 3764 luculentaa
2757 3710 3059 3766 cicatrices
3090 3713 3364 3767 reducem
3404 3713 3600 3783 ipsum
3634 3715 3692 3768 in

2051 3797 2256 3850 urbem
2307 3795 2498 3851 adhuc
2545 3797 2960 3853 deformarent.
2993 3799 3277 3855 Caeterum
3313 3804 3452 3856 tunc
3508 3800 3589 3854 illi
3629 3817 3695 3857 eo

2052 3884 2255 3938 itinere
2286 3886 2369 3937 Ad
2383 3884 2722 3954 rianopolim
2758 3887 3084 3941 advenienti
3119 3889 3370 3942 occurrit
3400 3893 3593 3943 certus
3624 3892 3696 3945 de

2050 3973 2204 4028 caede
2221 3972 2588 4027 Constantini
2617 3972 2880 4028 nuntius.
2902 3975 3043 4028 Cum
3076 3976 3231 4029 enim
3257 3976 3610 4032 adolesceret
3635 3977 3693 4031 in

2049 4060 2174 4116 dies
2216 4062 2474 4130 potentia
2517 4062 2819 4127 Lachanas,
2866 4071 2919 4116 et
2963 4062 3198 4134 Bulgari
3247 4064 3467 4134 passim
3499 4082 3532 4119 a
3561 4082 3698 4137 rege

2050 4164 2156 4203 suo
2189 4148 2333 4218 ipsis
2357 4153 2550 4219 spreto
2583 4150 2651 4204 ad
2687 4149 3000 4204 subulcum
3046 4151 3381 4217 deﬁcerent,
3437 4169 3540 4206 nec
3594 4153 3695 4223 qui

2049 4236 2335 4308 potuisset
2360 4237 2644 4291 obsistere
2675 4237 3195 4307 Sphentisthlabus
3226 4241 3380 4295 434
3421 4256 3690 4310 superes-

2049 4325 2464 4396 set,insidiosis
2495 4326 2684 4381 Mariae
2745 4327 3144 4383 delinimentis
3202 4329 3376 4384 miser
3434 4329 3694 4385 lucratus

2048 4415 2312 4482 exitium,
2348 4432 2653 4486 procerum
2686 4433 2818 4471 vero
2868 4417 3058 4487 gentis
3111 4419 3210 4488 qui
3263 4419 3514 4473 maxime
3544 4419 3691 4472 Con-

2051 4505 2308 4558 stantino
2343 4503 2708 4566 studuerant,
2741 4505 2954 4574 partim
2988 4503 3286 4560 sceleratis
3306 4505 3496 4560 Mariae
3525 4505 3691 4561 moli-

300 4593 465 4648 modo
498 4593 655 4649 enim
689 4594 862 4650 homo
910 4599 1030 4652 tam
1061 4595 1196 4652 vilis
1229 4599 1348 4650 tam
1399 4612 1599 4652 secure
1657 4594 1936 4666 prodiret,
1967 4572 2013 4637 D
2046 4593 2303 4649 tionibus
2338 4593 2625 4648 interfecti
2659 4593 2928 4656 fuissent,
2961 4594 3062 4665 qui
3091 4610 3228 4650 vero
3287 4595 3480 4651 adhuc
3534 4596 3690 4650 vive-

302 4680 413 4735 nisi
442 4683 759 4752 productus
785 4683 996 4739 ﬁducia
1025 4700 1199 4755 opum
1251 4700 1364 4739 non
1423 4683 1849 4755 apparentium,
1881 4687 1939 4737 et

304 4769 486 4825 multo
516 4771 804 4840 majorum
835 4788 1014 4843 quam
1047 4789 1174 4843 qua
1206 4776 1603 4838 cernerentur,
1639 4771 1750 4827 sibi
1801 4787 1938 4826 con-

303 4857 458 4912 scius
484 4857 696 4913 virium
718 4860 746 4914 ‘I
777 4861 1058 4916 Caeterum
1103 4860 1164 4915 in
1224 4860 1520 4915 communi
1557 4858 1940 4914 admiratione

304 4945 606 5002 amborum
637 4946 1057 5004 Constantinus
1089 4947 1273 5015 solus,
1337 4963 1508 5017 quem
1557 4946 1802 5018 periculi
1851 4945 1938 5000 vis

305 5035 686 5106 propinquior
702 5040 911 5106 ureret,
941 5037 1182 5108 trepidis
1198 5037 1410 5106 raptim
1430 5035 1639 5090 habitis
1661 5039 1779 5091 toto
1794 5035 1938 5105 jugo

304 5122 642 5189 delectibus,
676 5125 1100 5180 admovendam
1135 5129 1370 5179 strenue
1418 5123 1642 5195 putavit
1697 5139 1935 5177 manum

305 5211 556 5267 remedio
579 5212 718 5267 mali
741 5212 910 5285 longe
927 5213 1080 5268 ultra
1101 5229 1276 5283 quam
1301 5210 1939 5283 quisquamimaginari

305 5300 586 5370 potuisset
614 5300 1082 5371 inopinatissime
1132 5299 1428 5356 nascentis
1487 5300 1935 5368 crescentisque.

305 5390 477 5444 Porro
523 5388 846 5460 imperptor
899 5389 1159 5444 nondum
1217 5387 1315 5443 ille
1362 5387 1599 5460 quidem
1655 5385 1941 5458 expedivit

303 5475 611 5531 consilium
637 5475 912 5532 bellandi:
947 5481 1139 5531 tamen
1172 5475 1284 5530 sibi
1308 5475 1791 5545 proﬁciscendum
1813 5491 1938 5530 ver-

303 5579 402 5620 sus
431 5563 613 5620 istum
642 5562 893 5619 limitem
925 5564 1248 5631 constituit,
1282 5563 1494 5636 partim
1521 5569 1587 5619 ut
1611 5578 1679 5619 ex
1699 5563 1938 5634 propin-

304 5665 416 5722 quo
446 5651 822 5723 cognosceret
844 5653 1056 5710 certius
1085 5653 1164 5721 et,
1187 5650 1239 5708 si
1274 5649 1414 5725 quid
1431 5648 1512 5708 ibi
1533 5649 1773 5719 labaret,
1803 5665 1940 5708 oon-

2045 4682 2190 4737 bant
2219 4682 2433 4753 partim
2467 4682 2612 4736 falso
2645 4686 3125 4752 suspectarentur
3153 4684 3320 4753 quasi
3374 4683 3692 4740 rebellibus

2048 4771 2324 4840 faverent,
2358 4767 2568 4840 partim
2605 4785 2801 4824 revera
2831 4771 3214 4840 regnantibus
3245 4772 3447 4827 offensi
3480 4773 3692 4842 pende-

2047 4862 2176 4913 rent
2205 4858 2262 4910 in
2315 4855 2817 4927 praavalescentem
2881 4857 3216 4926 factionem,
3278 4861 3692 4914 Constantinus

2048 4947 2228 5000 ferme
2259 4943 2419 5000 solus
2449 4943 2508 4998 in
2541 4945 2732 4999 medio
2763 4943 3001 5001 relictus
3022 4945 3140 5001 acri
3164 4948 3508 5002 necessitate
3529 4963 3687 5001 com-

2047 5032 2256 5104 pulsus
2285 5038 2374 5088 est
2398 5037 2622 5088 tentare
2661 5048 2795 5088 cum
2831 5033 3032 5103 paucis
3084 5050 3261 5105 opum
3311 5035 3680 5106 antiquarum

2048 5121 2314 5192 reliquiis
2343 5121 2527 5177 aleam
2562 5120 2698 5176 belli
2729 5127 2782 5175 et
2811 5138 2873 5176 se
2895 5121 3173 5177 Lachanas
3193 5123 3318 5193 jam
3340 5122 3532 5193 ipsum
3554 5139 3685 5176 con-

2047 5209 2330 5265 temnenti
2361 5209 2632 5280 objicere.
2669 5209 3015 5265 Instructam
3044 5226 3176 5278 ergo
3203 5214 3401 5264 contra
3431 5209 3683 5263 inferens

2049 5300 2226 5354 aciem
2252 5299 2375 5369 ipse
2406 5299 2461 5353 in
2497 5315 2668 5352 curru
2702 5304 2922 5364 vectus,
2955 5303 3010 5353 et
3039 5299 3139 5353 ﬁdi
3186 5299 3238 5352 ei
3272 5298 3438 5366 pauci
3498 5296 3678 5366 repri-

2048 5404 2205 5443 mere
2236 5388 2491 5459 impetus
2518 5388 2757 5459 impune
2795 5387 3077 5443 hactenus
3123 5386 3514 5457 grassantium
3545 5388 3684 5438 sunt

2050 5475 2253 5531 adorti.
2287 5479 2364 5530 At
2391 5475 2690 5532 Lachanas
2721 5480 2924 5532 contra
2963 5491 3024 5530 se
3080 5473 3446 5528 venientibus
3477 5487 3681 5527 occur-

2049 5579 2202 5630 rens,
2235 5562 2413 5618 simul
2451 5563 2619 5631 vidit,
2650 5563 2825 5619 simul
2882 5561 3158 5626 admovit,
3217 5559 3396 5615 simul
3450 5573 3678 5612 vesano

2046 5646 2277 5706 irruens
2309 5649 2532 5722 impetu
2566 5649 2733 5707 cadit
2759 5648 3076 5707 exercitum
3108 5651 3166 5704 et
3193 5646 3362 5719 plene
3391 5644 3587 5713 vincit;
3609 5660 3676 5700 ac
