4130 6270
530 311 634 366 891

529 456 631 490 τει.
689 432 848 496 Τινὰς
904 432 962 490 δέ
1025 438 1132 490 τῶν
1210 434 1414 490 ἐκείνου
1489 432 1996 511 καταγωνισάμενος
2050 434 2167 493 τοῖς
2197 431 2252 500 Α

533 521 752 585 λοιποῖς
784 525 858 587 ὡς
887 523 1159 601 σφετέροις
1204 523 1428 599 ἐχρῆτο.
1474 524 1576 581 Καὶ
1622 521 1731 594 ἤδη
1788 517 2020 597 βεϐαίως
2050 519 2170 574 ἐπι-

534 612 681 685 σχὼν
749 612 845 678 τὴν
912 612 1097 685 χώραν
1143 611 1231 666 καὶ
1260 610 1472 667 πόλεων
1532 612 1759 680 ἥπτετο,
1813 609 1901 663 καί
1929 610 1979 685 γ’
2010 606 2172 669 αὐτὰς

534 699 702 770 αἱρῶν
732 700 833 753 οὐκ
862 697 995 753 ἀνίει
1029 700 1101 759 ὡς
1132 697 1315 773 ἅρχων
1347 698 1435 753 καὶ
1489 697 1743 773 βασιλεὺς
1776 696 2167 774 φημιζόμενος.

533 786 708 843 Ἀλλά
734 788 800 841 τά
834 787 925 860 μὲν
958 789 1075 841 κατ’
1105 786 1304 842 ἐκεῖνον
1352 787 1517 857 οὕτω,
1549 787 1639 841 καὶ
1697 787 1870 848 οὕτως
1902 783 2171 858 ὁσημέραι

531 874 698 929 πλέον
731 874 1091 950 ἐμεγαλύνετο
1112 875 1202 930 καὶ
1234 873 1590 949 εύοδούμενος
1616 872 1883 930 ἐπεδίδου.

638 1076 702 1135 δ’.
752 1081 999 1155 ’Ὀπωςρ
1029 1077 1283 1155 βασιλεὺς
1311 1080 1396 1155 ’τῇ
1423 1076 1642 1155 θυγατρὶ
1676 1076 1882 1151 Εὶρήνῃ
1938 1075 2034 1131 τὸν

957 1150 1121 1205 Ἀσὰν
1150 1150 1226 1213 εἷς
1257 1150 1432 1224 γάμον
1466 1150 1728 1223 ἥρμοσεν.

605 1320 687 1391 [Ρ.
718 1321 846 1391 297]
875 1319 936 1375 Ὁ
969 1316 1025 1373 δὲ
1059 1316 1311 1394 βασιλεὺς
1359 1321 1438 1389 τῷ
1501 1316 1593 1389 μὲν
1648 1316 1792 1390 παρᾶ
1823 1311 1975 1384 δόξαν
2029 1334 2168 1384 συμ-

533 1401 686 1461 ϐάντι
742 1408 816 1467 ὡς
872 1406 1016 1468 εἰκὸς
1071 1403 1419 1481 ἐπαλγήσας,
1477 1405 1543 1457 τὰ
1600 1401 1657 1457 δὲ
1711 1404 1828 1457 καθ’
1876 1401 2036 1455 αὑτὸν
2093 1400 2167 1462 ὠς

531 1493 654 1564 ἐνῆν
686 1494 1245 1571 κατασφαλιζόμενος,
1279 1492 1401 1547 ὅσον
1455 1490 1712 1566 ἀσφαλῶς
1738 1491 1879 1564 εἶχεν
1926 1489 1986 1544 ἐκ
2015 1496 2166 1543 Κων-

534 1581 808 1638 σταντίνου
845 1582 1126 1649 πεσόντος,
1187 1581 1431 1649 ἐπαύζειν
1486 1577 1652 1648 ἤθελε
1708 1585 1826 1640 ταῖς
1884 1578 2019 1652 πρὸς
2074 1579 2164 1632 τὸν

535 1676 787 1746 Λαχανᾶν
846 1670 1196 1746 ἀγχιστείαις.
1256 1670 1355 1722 Καὶ
1413 1669 1631 1740 πεμψας
1698 1667 1789 1739 μὲν
1849 1666 2166 1741 ἐπεπειρᾶτο

531 1763 627 1812 τοῦ
682 1753 979 1832 βαρϐάρου,
1039 1757 1118 1833 ἐφ’
1149 1754 1194 1827 ᾧ
1224 1757 1313 1809 καὶ
1363 1759 1553 1828 γνῶναι
1581 1754 1623 1808 εἰ
1656 1756 1851 1815 ἱκανῶς
1910 1747 2031 1827 ἔχοι
2078 1754 2168 1807 καὶ

533 1847 668 1918 πρὸς
695 1847 756 1900 τὸ
787 1845 974 1921 πρόσω
1006 1849 1229 1919 χωρεῖν,
1280 1843 1450 1904 οὕτως
1482 1842 1775 1917 ἀρξάμενος
1826 1842 1919 1914 μὲν
1954 1843 2173 1914 ἀπεριτ-

534 1955 661 1995 τως,
705 1935 772 1989 τὰ
832 1935 1059 2008 μέγιστα
1116 1931 1162 1986 δ’
1218 1931 1537 2005 εὐτυχηκὼς
1594 1931 1653 1985 ἐκ
1701 1934 1798 1984 τοῦ
1859 1929 2043 2005 ῥᾷστα.
2078 1928 2174 1983 Καί

536 2043 601 2098 γε
652 2023 739 2077 καὶ
792 2017 1039 2098 γαμϐρὸν
1097 2020 1183 2074 ἐπὶ
1245 2018 1482 2095 θμγατρί
1533 2016 1796 2072 διενοεῖτο
1854 2022 2067 2086 ποιεῖν,
2128 2017 2177 2071 εἴ

537 2110 686 2186 σφίσι
739 2108 933 2181 δόξειεν
994 2108 1382 2181 ἐνικανωμὲνος
1440 2107 1528 2161 καὶ
1583 2107 1715 2181 πρὸς
1746 2104 1910 2173 αὐτὴν
1940 2106 2038 2173 τὴν
2069 2108 2175 2159 τῶν

2203 1773 2250 1837 Β

538 2198 863 2274 Βουλγάρων
895 2197 1098 2272 ἀρχήν.
1127 2199 1318 2269 ’Ὀμως
1352 2193 1398 2249 δ’
1426 2195 1623 2268 ἐνορῶν
1657 2194 1745 2248 καί
1776 2194 1838 2248 τὸ
1867 2200 1968 2262 τῆς
1995 2194 2172 2267 τύχης

532 2286 757 2342 ἄστατον
790 2329 804 2356 ,
855 2287 930 2348 ὡς
984 2285 1096 2359 ἅμα
1156 2285 1250 2358 μὲν
1300 2283 1613 2359 χαρίζεσθαι
1651 2282 1741 2336 καὶ
1791 2282 1860 2336 τὰ
1920 2282 2170 2356 μέγιστα,

529 2516 724 2573 regem
755 2498 973 2571 ipsum,
1007 2496 1109 2569 qui
1142 2495 1288 2551 nihil
1319 2511 1385 2552 eo
1414 2494 1611 2566 pralio
1645 2494 1800 2548 fama
1828 2493 2072 2564 dignum
2104 2507 2170 2546 ac

524 2590 670 2644 tanti
694 2586 951 2642 nominis
969 2584 1198 2656 fastigio
1216 2583 1690 2656 egisset,misera
1707 2581 1896 2635 instar
1923 2578 2170 2634 victima

528 2676 713 2732 victor
759 2676 1088 2741 obtruncat,
1140 2672 1399 2743 reliquos
1456 2670 1580 2726 suis
1611 2668 1902 2740 adjungit.
1935 2667 2003 2723 Et
2049 2666 2173 2737 jam

532 2768 743 2835 aperta
774 2762 942 2835 plene
973 2760 1229 2834 regionis
1261 2763 1487 2831 potens,
1518 2759 1589 2813 ad
1617 2759 1792 2813 urbes
1814 2756 1926 2812 sibi
1985 2755 2173 2824 subji-

534 2853 771 2908 ciendas
801 2852 1084 2906 convertit
1111 2849 1398 2916 animum,
1432 2848 1605 2903 solito
1639 2861 1918 2901 successu
1961 2861 1974 2899 :
2018 2859 2176 2898 nunc

533 2942 691 2996 enim
721 2940 892 3007 hanc,
926 2955 1081 2993 nunc
1135 2937 1294 2992 illam
1353 2936 1657 3008 capiebat;
1717 2949 1821 2988 nec
1869 2932 2177 3004 quieturus

532 3030 859 3096 videbatur,
894 3027 1084 3099 quoad
1120 3042 1218 3081 rex
1238 3026 1419 3081 totius
1450 3024 1605 3079 baud
1664 3021 1838 3076 dubie
1894 3017 2177 3091 Bulgaria

532 3116 752 3186 ubique
779 3113 1317 3171 acclamaretur.Sic
1349 3129 1410 3167 se
1440 3127 1529 3165 res
1552 3108 1834 3164 Lachana
1860 3108 2177 3172 habebant,
2210 3124 2252 3190 ρ

530 3203 889 3274 quotidianis
922 3201 1287 3273 proficientes
1337 3197 1735 3263 successibus,
1781 3200 1838 3251 et
1886 3196 1956 3251 ad
2014 3211 2178 3251 sum-

531 3308 689 3347 mam
720 3291 903 3358 brevi,
936 3295 1003 3345 ut
1053 3287 1393 3360 apparebat,
1445 3285 1765 3358 potentiam
1798 3289 2155 3355 perventura

535 3452 589 3507 4.
665 3451 728 3508 Ut
782 3449 1090 3520 imperator
1154 3446 1288 3580 ﬁli:
1310 3447 1526 3579 dli-ana
1605 3445 1835 3500 Asanem
1898 3444 2187 3517 conjugem

1279 3542 1307 3580 8
1345 3533 1472 3580 ent.

1279 3533 1472 3580 ederit.

610 3655 930 3724 Imperator
984 3666 1117 3706 vero
1171 3646 1424 3704 indoluit
1478 3646 1743 3717 quidem,
1783 3650 1849 3701 ut
1902 3662 2008 3717 par
2037 3634 2188 3701 erat’

544 3741 848 3813 inopinato
869 3738 1031 3794 casui
1058 3756 1071 3793 :
1105 3742 1374 3793 caeterum
1398 3734 1700 3791 securitati
1718 3750 1914 3790 rerum
1944 3749 2186 3789 suarum

546 3845 721 3901 quam
755 3828 879 3884 fieri
911 3825 1128 3899 optime
1152 3828 1377 3895 poterat
1428 3825 1669 3879 studens
1718 3821 2046 3891 consulere,
2091 3837 2185 3876 co-

547 3918 809 3973 nandum
832 3914 1184 3972 existimavit
1214 3914 1268 3969 id
1291 3913 1447 3985 quod
1472 3927 1539 3967 ex
1558 3909 1785 3982 Bulgari
1813 3908 2185 3965 ditioneolim

552 4009 958 4078 usurpaverat,
1017 4004 1188 4075 cujus
1243 4000 1674 4073 possessionem
1733 3999 2024 4054 ﬁrmatam
2072 3998 2186 4054 sibi

548 4095 780 4151 videbat
812 4092 1174 4149 Constantini
1234 4092 1438 4155 morte,
1498 4087 1608 4143 sibi
1641 4088 1857 4143 certius
1903 4102 2185 4154 asserere,

549 4182 872 4255 quinetiam
897 4197 1130 4252 augere,
1162 4177 1525 4234 conciliando
1555 4193 1621 4230 ac
1641 4176 1942 4247 jungendo
1960 4175 2070 4231 sibi
2087 4192 2188 4248 per

547 4270 894 4326 afﬁnitatem
917 4268 1204 4324 Lachana.
1240 4264 1398 4321 Misit
1424 4262 1599 4334 igitur
1630 4263 1729 4333 qui
1750 4267 2041 4319 tentarent
2062 4263 2187 4319 ani-

547 4374 708 4413 mum
738 4356 999 4422 Barbari,
1021 4359 1078 4411 et
1107 4355 1308 4409 eadem
1340 4351 1491 4407 435
1524 4366 1699 4421 opera
1743 4352 2188 4408 dissimulanter

543 4445 913 4517 explorarent
942 4445 1094 4499 vires
1125 4456 1377 4513 Opesque
1408 4441 1558 4510 ejus,
1616 4440 1819 4511 ecquid
1878 4444 2077 4506 tanta,
2118 4456 2184 4495 ac
2216 4479 2261 4543 Β

543 4542 750 4593 catera
777 4538 903 4607 ejus
935 4534 1130 4591 omnia
1149 4533 1254 4588 tali
1283 4532 1407 4587 loco
1464 4535 1683 4597 essent,
1735 4534 1801 4586 ut
1855 4533 2194 4603 exspectari

537 4628 672 4698 jure
705 4630 899 4696 Posset
927 4640 1063 4680 eum
1095 4622 1196 4694 qui
1224 4627 1345 4677 tam
1375 4620 1574 4676 tenuia
1613 4619 1782 4676 initia
1839 4624 2183 4691 protentosa

548 4713 843 4770 felicitatis
861 4710 1267 4783 multiplicatis
1283 4710 1566 4765 hactenus
1590 4709 1961 4765 successibus
1978 4726 2186 4764 cumu-

546 4803 786 4867 laverat,
818 4800 940 4871 pari
971 4800 1246 4871 deinceps
1277 4813 1507 4869 quoque
1564 4796 1926 4867 profectuum
1985 4801 2184 4852 tenore

547 4890 619 4945 ad
650 4888 883 4945 culmen
914 4888 1160 4944 fortuna
1191 4900 1490 4941 summum
1514 4891 1943 4954 perventurum.
1968 4886 2185 4951 Quodsi

548 4978 755 5033 borum
777 4976 956 5032 relatu
991 4974 1357 5048 cognovisset
1380 4988 1494 5027 non
1525 4971 2184 5028 esseilluminidoneum

547 5081 723 5136 regno
746 5063 1045 5133 Bulgaria,
1079 5079 1181 5118 nec
1213 5061 1497 5133 imparem
1520 5058 1649 5127 ejus
1702 5061 1958 5115 nominis
1993 5061 2183 5116 susti-

548 5155 750 5209 nenda
773 5158 1070 5223 utcunque
1093 5149 1401 5221 majestati,
1458 5147 1917 5217 haudquaquam
1970 5148 2183 5204 abhor-

547 5242 711 5296 rebat
741 5258 775 5296 a
805 5240 1154 5312 cogitatione
1184 5252 1460 5306 generum
1494 5234 1604 5289 sibi
1635 5232 1800 5288 illum
1863 5236 2182 5292 asciscendi

549 5328 785 5401 propria
801 5328 914 5399 ipsi
932 5326 1268 5384 collocanda
1288 5322 1659 5378 ﬁlia.Tamen
1686 5326 1965 5391 reputans
1997 5329 2185 5401 atten-

547 5418 666 5473 tius
716 5398 850 5471 cum
898 5412 1351 5471 inconstantiam
1413 5410 1656 5464 fortuna
1705 5410 1881 5465 simul
1931 5398 2187 5468 maxima

544 5501 1129 5575 indulgentis,simul
1159 5500 1353 5558 subita
1383 5495 1763 5554 inclinatione
1792 5497 1977 5557 lancis
2007 5500 2184 5557 etiam

553 5592 797 5663 antiqua
826 5590 1147 5663 eripientis,
1178 5592 1304 5647 tum
1333 5585 1565 5644 virtutis
1595 5588 1756 5643 tanto
1804 5588 2185 5661 prastabilio-

1832 309 2129 367 GEORGII
2168 307 2628 365 PACHYMERE

3775 318 3866 375 892

2281 432 2394 504 ἅμα
2450 428 2507 487 δὲ
2559 432 2650 487 καὶ
2703 431 2770 487 τὰ
2826 433 3029 509 ἀρχαῖα
3079 437 3554 511 προσαφαιρεῖσθαι
3618 437 3865 497 κλίνουσαν

2276 520 2342 574 τὰ
2398 519 2565 596 ζυγὰ,
2622 522 2785 596 ἀρετῇ
2846 518 2902 576 Si
2955 519 3045 575 καῖ
3097 522 3161 576 τὸ
3218 524 3637 599 προσγενόμενον
3693 525 3865 582 οῗκεῖον

2274 607 2361 661 καὶ
2420 608 2483 661 τὸ
2533 608 2931 681 ἀπογενόμενον
3013 609 3114 663 οὐκ
3195 608 3511 665 ἀνέλπιστον
3547 654 3560 679 ,
3614 612 3861 671 ὑπώπτευε

2274 695 2339 750 τὰ
2368 693 2553 751 πολλὰ
2575 697 2673 765 τὴν
2702 716 2897 772 τυχην,
2934 699 3009 769 μή
3051 694 3218 752 δοῦσα
3277 698 3485 774 μεγάλα
3536 697 3765 778 ἐξαίφνης
3814 705 3864 757 τὸ

2274 789 2376 839 πᾶν
2425 786 2637 860 ταχέως
2694 785 2980 862 ἀφέληται,
3012 786 3102 841 καὶ
3160 787 3358 859 ἀρετῆσ
3409 789 3483 860 μὴ
3545 784 3699 859 οὔσης
3753 788 3868 861 μηδὲ

2280 872 2459 948 βραχὺ
2477 875 2565 928 καὶ
2612 875 2673 929 τὸ
2713 877 2836 947 παρ’
2890 873 3098 945 ἐκείνης
3154 872 3433 947 διδόμενον
3490 875 3871 952 ἆμαυρῷτο,ὡς

2279 963 2354 1034 μὴ
2385 961 2597 1039 φθάνειν
2652 962 3079 1038 ἐπιτυγχάνοντα
3134 965 3497 1036 θαυμάζεσθαι
3528 965 3614 1018 καὶ
3644 963 3869 1021 ἕλειῖσθαι

2273 1049 2734 1126 ἀποτυγχάνοντα.
2770 1052 2866 1106 Διὰ
2892 1055 3053 1107 τοῦτο
3099 1051 3187 1106 καὶ
3218 1056 3385 1107 ταῦτα
3442 1054 3657 1129 στρέφον
3687 1051 3764 1108 ἐπὶ
3792 1054 3870 1108 λο-

2271 1143 2503 1214 γισμῶν,
2531 1138 2738 1214 βουλὴν
2767 1139 3021 1215 συνέλεγε
3047 1141 3174 1202 τοὺς
3224 1140 3358 1218 ἀμφ’
3408 1141 3568 1196 αὐτὸν
3600 1140 3871 1215 συγκαλῶν.

2272 1222 2513 1281 Ἐϐλεπε
2540 1227 2642 1303 γὰρ
2672 1228 2770 1296 τήν
2803 1231 2910 1282 τῶν
2942 1226 3277 1304 Βουλγάρων
3305 1228 3484 1304 ἀρχὴν
3542 1229 3635 1284 τοῦ
3658 1249 3868 1303 προστα-

2272 1317 2532 1385 τήσοντος
2585 1315 2897 1390 χρῄζουσαν
2957 1315 3005 1389 ἐξ
3069 1315 3328 1391 ἀνάγκης,
3386 1316 3654 1392 παρετίθει
3711 1315 3762 1372 δὲ
3797 1318 3872 1372 καὶ

2270 1407 2350 1475 τῷ
2382 1408 2605 1478 Λαχανᾷ
2629 1404 2720 1458 τὸν
2753 1402 2811 1458 ἐκ
2865 1408 2964 1458 τοῦ
3022 1405 3210 1473 Μυτζὴ
3263 1406 3536 1475 Ἰωάννην,
3567 1406 3748 1476 καὶτῷ
3796 1405 3874 1477 μὶν

2270 1490 2448 1565 τύχην
2483 1491 2571 1545 καὶ
2606 1491 2799 1563 θράσος
2827 1492 2917 1546 καὶ
2947 1491 3010 1546 τὸ
3041 1491 3260 1547 ἐπὶτῶν
3292 1494 3623 1568 πραγμάτων
3668 1492 3785 1546 εἶναι
3809 1492 3874 1554 εἷς

2272 1574 2569 1654 πρόσϐασιν
2601 1582 2699 1648 τῆς
2743 1580 2921 1654 ἀρχῆς
2980 1578 3364 1635 συντελέσοντα
3424 1580 3690 1656 ἐγίνωσκε,
3721 1581 3873 1636 Ἰωάν-

2272 1687 2366 1736 νην
2397 1663 2454 1720 δε
2482 1666 2544 1720 τὸ
2572 1665 2722 1741 γένος
2769 1666 2858 1720 καί
2899 1669 2998 1736 τήν
3040 1668 3128 1745 ἀφ’
3161 1669 3326 1722 αὐτοῦ
3358 1668 3607 1742 σύναρσιν
3662 1686 3872 1741 καταχυ-

2281 1760 2405 1830 ροῦν
2440 1755 2514 1816 εἰς
2546 1754 2723 1830 ἀρχὴν
2775 1753 2865 1809 οἷά
2909 1757 2957 1811 τ’
2988 1751 3117 1810 ὄντα
3146 1757 3238 1810 καὶ
3280 1755 3494 1829 μᾶλλον
3530 1753 3765 1830 διέκρινε.
3795 1754 3879 1811 Καὶ

2281 1842 2518 1903 πολλοῖς
2548 1863 2608 1917 γε
2635 1839 2860 1918 ἤρεσκεν
2893 1846 2927 1913 ἡ
2965 1842 3165 1918 βουλή,
3191 1843 3283 1898 τὸν
3313 1848 3411 1898 τοῦ
3461 1849 3643 1912 Μυτζῆ
3675 1844 3776 1897 υἱὸν
3822 1842 3884 1905 εἷς

2284 1925 2527 2007 γαμϐρὸν
2577 1930 2816 2005 γενέσθαι
2864 1936 2943 2003 τῷ
3002 1931 3261 2005 βασιλεῖ,
3346 1933 3439 1986 καὶ
3491 1930 3656 1994 οὕτως
3709 1929 3786 1986 ἰπὶ
3825 1933 3881 2003 τῇ

2282 2020 2508 2093 πρόσθεν
2573 2017 2821 2095 βασιλειᾳ
2876 2020 3210 2075 καταστάντα
3265 2027 3649 2095 συνεγερθῆναι
3704 2018 3884 2074 καῖάπ’

2284 2106 2444 2161 αὐτοῦ
2474 2114 2554 2184 [Ρ.
2586 2109 2712 2179 298]
2746 2106 3035 2182 βασιλέως,
3098 2109 3211 2181 ἅμα
3273 2109 3367 2182 μὲν
3431 2107 3520 2163 διὰ
3561 2108 3621 2163 τὸ
3651 2108 3773 2181 πρὸς
3818 2109 3880 2177 τῷ

2283 2196 2474 2268 Μυτζῇ
2505 2193 2715 2250 δίκαιον
2748 2196 2836 2249 καὶ
2870 2196 2931 2250 τὸ
2962 2197 3068 2250 ἀπὸ
3114 2200 3219 2250 τῶν
3280 2197 3529 2272 πατέρων
3589 2195 3742 2250 αὐτοῦ
3768 2193 3881 2267 πρὸς

2282 2287 2416 2359 σφᾶς
2441 2280 2656 2358 ἱλαρὸν,
2693 2283 2805 2356 ἅμα
2836 2281 2894 2338 δὲ
2920 2283 3011 2338 καὶ
3056 2281 3145 2338 διὰ
3173 2284 3271 2354 τὴν
3328 2288 3429 2340 τοῦ
3491 2280 3746 2359 βασιλέως
3774 2279 3886 2355 πρὸς

2278 2508 2398 2548 rem
2430 2494 2820 2551 conditionem
2854 2512 2920 2551 ac
2950 2499 3246 2564 naturam,
3298 2495 3393 2551 cui
3444 2498 3504 2551 et
3549 2511 3674 2567 qua
3710 2493 3884 2550 insunt

2279 2581 2429 2638 bona
2458 2599 2590 2638 vere
2637 2584 2867 2655 propria
2926 2584 3396 2640 inamissibiliter
3446 2584 3819 2656 possidentur,
3842 2587 3887 2638 et

2282 2687 2409 2743 qua
2439 2672 2653 2727 desunt
2675 2671 3067 2728 verisimiliter
3096 2676 3436 2744 sperantur,
3468 2670 3651 2727 vereri
3682 2686 3885 2749 magno-

2282 2776 2416 2831 pere
2447 2760 2619 2833 capit
2669 2777 2738 2815 ne
2794 2765 3004 2816 cuncta
3060 2760 3181 2818 hac
3236 2761 3411 2816 sortis
3477 2760 3747 2816 beneﬁcia
3798 2758 3888 2813 cita

2282 2848 2567 2919 ejusdem,
2602 2853 2828 2904 mature
2860 2849 3140 2920 panitere
3165 2850 3457 2904 donorum
3490 2848 3692 2918 solita,
3737 2850 3888 2902 muta-

2284 2936 2440 2992 tione
2465 2928 2852 3003 auferrentu‘r;
2886 2940 2942 2991 et
2969 2936 3058 2991 vel
3102 2937 3150 2991 si
3207 2941 3666 3008 perseverarent,
3724 2941 3887 2990 tamen

2289 3025 2440 3096 quod
2456 3024 2685 3080 virtutis
2708 3042 2778 3081 ne
2800 3025 3089 3080 modicum
3107 3024 3345 3096 quidem
3392 3026 3684 3093 subesset,
3719 3023 3887 3079 eadem

2289 3113 2447 3168 brevi
2470 3130 2632 3169 mora
2659 3114 2971 3169 obscurata
2996 3112 3451 3182 obsolescerent,
3481 3129 3717 3185 seroque
3740 3109 3889 3165 intel-

2294 3201 2575 3273 ligeretur
2603 3218 2717 3256 non
2742 3202 2925 3257 fuisse
2969 3202 3394 3273 properandum
3431 3205 3490 3257 in
3540 3201 3775 3257 nimium
3803 3197 3889 3252 mi-

2295 3291 2476 3345 rando
2509 3294 2884 3346 consecutum
2907 3291 3042 3357 ista,
3074 3295 3174 3346 aut
3203 3306 3267 3346 eo
3300 3290 3396 3360 qui
3453 3290 3665 3346 talibus
3710 3287 3894 3343 careret

2295 3378 2507 3433 misero
2539 3378 2816 3449 putando.
2850 3379 3037 3443 Quare
3068 3377 3371 3449 perpensis
3400 3378 3539 3434 istis
3564 3377 3673 3434 alio
3699 3381 3892 3431 vertens

2294 3467 2583 3532 animum,
2615 3466 2950 3534 convocavit
2979 3467 3129 3523 viros
3153 3467 3443 3539 pudentes
3475 3483 3621 3538 quos
3671 3463 3890 3521 habebat

2294 3570 2514 3623 secum,
2545 3554 2738 3626 iisque
2767 3571 3062 3626 exponens
3085 3555 3276 3611 videre
3316 3572 3378 3611 se
3443 3556 3729 3611 necessrio
3780 3567 3886 3623 pro-

2291 3643 2607 3698 videndum
2641 3642 2957 3715 principem
2990 3643 3292 3716 Bulgaria,
3326 3645 3480 3702 duos
3511 3637 3884 3718 proposuitqui

2291 3735 2340 3790 ei
2375 3735 2589 3806 pratici
2639 3751 2811 3807 posse
2847 3735 3207 3804 viderentur,
3258 3734 3592 3792 Lachanam
3630 3739 3682 3791 et
3722 3733 3884 3804 Mytza

2293 3823 2479 3878 ﬁlium
2508 3825 2788 3880 Joannem
2822 3843 2836 3892 ;
2869 3823 3031 3879 etilli
3088 3824 3322 3895 quidem
3383 3825 3677 3881 fortunam
3720 3818 3887 3878 suifra-

2290 3912 2436 3983 gari,
2462 3911 2654 3967 inesse
2683 3911 2946 3967 animum
2979 3912 3254 3979 audendi,
3285 3915 3636 3985 magnisque
3664 3925 3757 3965 nec
3791 3906 3882 3960 im-

2291 4000 2586 4072 prosperis
2616 4000 2820 4072 captis
2847 4001 3140 4056 munitum
3163 4001 3395 4056 abunde
3416 4002 3534 4074 ipsi
3554 3999 3724 4056 videri
3742 4007 3881 4068 posse

2292 4088 2402 4144 iter
2432 4090 2503 4143 ad
2528 4106 2818 4145 summam
2844 4089 3021 4145 isthic
3043 4090 3379 4161 potentiam.
3410 4089 3621 4146 Joanni
3641 4094 3811 4143 tamen
3829 4084 3879 4135 ut

2290 4193 2405 4231 non
2437 4177 2863 4247 desperandum
2895 4176 3161 4233 videatur
3190 4193 3361 4250 posse
3392 4181 3469 4234 od
3501 4182 3748 4251 Optatum
3776 4186 3876 4228 suc-

2291 4265 2493 4319 cedere
2515 4269 2784 4320 conatum
2799 4265 2952 4320 istuc
2969 4266 3289 4337 aspriandi.
3315 4266 3504 4324 facere
3535 4282 3709 4340 genus
3728 4260 3876 4333 ipsius

2290 4356 2346 4408 et
2369 4358 2576 4408 catera
2626 4353 2683 4408 in
2742 4353 2868 4424 ipso
2921 4353 3034 4409 sita
3055 4354 3208 4410 bona
3265 4356 3670 4427 praesidiaque,
3700 4349 3873 4424 quibus

2291 4440 2444 4496 haud
2481 4441 2657 4496 dubie
2687 4440 3050 4498 attolleretur
3071 4444 3141 4498 ad
3163 4460 3326 4515 spem
3351 4460 3469 4499 non
3495 4442 3872 4513 imprudentem

2301 4529 2361 4584 in
2391 4545 2457 4585 eo
2490 4528 2857 4602 pravalendi,
2890 4530 2936 4586 si
2971 4534 3238 4586 tentaret.
3261 4531 3501 4588 Addidit
3528 4532 3586 4587 in
3618 4531 3757 4586 hunc
3778 4540 3873 4579 mn-

2294 4619 2384 4691 gis
2404 4634 2530 4674 esse
2553 4619 2934 4690 propendere,
2963 4619 3289 4692 meliusque
3309 4620 3703 4678 collocandum
3722 4618 3772 4672 in
3790 4615 3874 4669 hoc

2294 4707 2684 4777 promovendo
2707 4706 2975 4762 arbitrari
3005 4724 3260 4779 operam.
3290 4709 3449 4765 Idem
3483 4709 3757 4782 plerisque
3774 4701 3872 4774 pla.

2293 4793 2436 4862 cuit,
2456 4810 2779 4866 magnoque
2800 4812 3044 4851 assensu
3064 4797 3373 4867 probatum
3398 4795 3751 4871 imperatoris
3767 4805 3873 4845 con-

2294 4882 2492 4938 silium
2519 4887 2609 4938 est
2640 4883 2961 4939 asciscendi
2988 4886 3141 4941 436
3161 4884 3443 4941 Joannem
3477 4886 3537 4942 in
3559 4878 3876 4958 generum.et

2284 4971 2386 5040 jus
2416 4971 2463 5025 ei
2492 4987 2696 5040 genere
2727 4988 2792 5027 ac
2822 4972 3187 5029 bareditaria
3234 4972 3453 5030 ratione
3484 4976 3793 5044 competens
3818 4963 3875 5020 ad

2291 5058 2470 5114 istum
2505 5060 2898 5132 principatum
2948 5062 3177 5133 imperii
3205 5061 3432 5117 viribus
3464 5060 3745 5117 fulciendi.
3785 5053 3876 5109 Nec

2288 5147 2474 5202 videri
2505 5148 2890 5204 dubitandum
2917 5150 3058 5221 quin
3082 5166 3148 5205 eo
3181 5150 3365 5220 magis
3394 5144 3729 5205 inclinarent
3764 5138 3873 5197 Bul-

2293 5235 2438 5306 gari,
2473 5252 2538 5291 ac
2564 5236 2730 5292 facile
2752 5238 3089 5308 praferrent
3110 5239 3352 5293 barbaro
3381 5238 3621 5295 subulco
3643 5237 3875 5306 juvenem

2297 5324 2755 5395 nobilissimum,
2787 5331 2913 5381 tum
2941 5327 3122 5397 patris
3152 5328 3278 5397 ejus
3310 5327 3505 5401 Mytza
3537 5324 3778 5396 respectu
3806 5311 3878 5371 cui

2293 5427 2537 5482 regnum
2563 5413 2847 5486 Bulgaria
2861 5416 3121 5470 debitum
3149 5414 3326 5472 fuisse
3347 5412 3754 5473 meminissent,
3776 5411 3876 5459 tum

2293 5500 2574 5557 memoria
2607 5501 2764 5558 mitis
2785 5502 2846 5559 in
2872 5503 3033 5576 ipsos
3062 5503 3293 5575 latique
3339 5500 3567 5575 imperii
3626 5497 3875 5568 majorum

2293 5589 2420 5661 ejus
2450 5594 2809 5663 caterorum,
2844 5594 2969 5648 tum
3002 5592 3250 5664 denique
3280 5602 3431 5648 metu
3455 5588 3643 5662 palam
3663 5585 3710 5643 ei
3733 5577 3877 5639 fade-
