  <div class='ocr_page' id='page_1' title='image "/cluster/home/n/w/nwhite01/storage/ocr_20150623/143/mdp.39015078384784/454.png"; bbox 0 0 4110 6280; ppageno 0'>
   <div class='ocr_carea' id='block_1_1' title="bbox 349 385 456 442">
    <p class='ocr_par' dir='ltr' id='par_1_1' title="bbox 349 385 456 442">
     <span class='ocr_line' id='line_1_1' title="bbox 349 385 456 442; baseline 0.009 -1"><span class='ocrx_word' id='word_1_1' title='bbox 349 385 456 442; x_wconf 88' lang='lat'><strong>893</strong></span> 
     </span>
    </p>
   </div>
   <div class='ocr_carea' id='block_1_2' title="bbox 1398 395 2690 451">
    <p class='ocr_par' dir='ltr' id='par_1_2' title="bbox 1398 395 2690 451">
     <span class='ocr_line' id='line_1_2' title="bbox 1398 395 2690 451; baseline 0.001 -3"><span class='ocrx_word' id='word_1_2' title='bbox 1398 396 1495 448; x_wconf 80' lang='lat' dir='ltr'><strong>DE</strong></span> <span class='ocrx_word' id='word_1_3' title='bbox 1531 395 1901 449; x_wconf 71' lang='lat' dir='ltr'><strong>MICHABLE</strong></span> <span class='ocrx_word' id='word_1_4' title='bbox 1938 395 2382 451; x_wconf 70' lang='lat' dir='ltr'><strong>PALEOLOGO</strong></span> <span class='ocrx_word' id='word_1_5' title='bbox 2416 397 2550 449; x_wconf 83' lang='lat' dir='ltr'><strong>LIB.</strong></span> <span class='ocrx_word' id='word_1_6' title='bbox 2591 397 2690 449; x_wconf 78' lang='lat' dir='ltr'><strong>VI.</strong></span> 
     </span>
    </p>
   </div>
   <div class='ocr_carea' id='block_1_3' title="bbox 3633 388 3739 446">
    <p class='ocr_par' dir='ltr' id='par_1_3' title="bbox 3633 388 3739 446">
     <span class='ocr_line' id='line_1_3' title="bbox 3633 388 3739 446; baseline -0.038 0"><span class='ocrx_word' id='word_1_7' title='bbox 3633 388 3739 446; x_wconf 75' lang='grc'><strong>894</strong></span> 
     </span>
    </p>
   </div>
   <div class='ocr_carea' id='block_1_4' title="bbox 354 506 3737 589">
    <p class='ocr_par' dir='ltr' id='par_1_4' title="bbox 354 506 3737 589">
     <span class='ocr_line' id='line_1_4' title="bbox 354 506 3737 589; baseline 0 -26"><span class='ocrx_word' id='word_1_8' title='bbox 354 507 512 563; x_wconf 82' lang='grc' dir='ltr'>αὑτὸν</span> <span class='ocrx_word' id='word_1_9' title='bbox 567 506 921 583; x_wconf 78' lang='grc' dir='ltr'><strong>κηδεμονίαν,</strong></span> <span class='ocrx_word' id='word_1_10' title='bbox 953 509 1053 566; x_wconf 73' lang='grc' dir='ltr'><strong>ὅσα</strong></span> <span class='ocrx_word' id='word_1_11' title='bbox 1092 512 1182 566; x_wconf 82' lang='grc' dir='ltr'><strong>καὶ</strong></span> <span class='ocrx_word' id='word_1_12' title='bbox 1231 514 1489 588; x_wconf 76' lang='grc' dir='ltr'>πενθεροῦ</span> <span class='ocrx_word' id='word_1_13' title='bbox 1537 515 1676 588; x_wconf 88' lang='grc' dir='ltr'>πρὸς</span> <span class='ocrx_word' id='word_1_14' title='bbox 1704 509 1978 589; x_wconf 75' lang='grc' dir='ltr'>γαμϐρόν.</span> <span class='ocrx_word' id='word_1_15' title='bbox 2016 519 2071 585; x_wconf 78' lang='grc' dir='ltr'><strong>Α</strong></span> <span class='ocrx_word' id='word_1_16' title='bbox 2098 513 2271 585; x_wconf 84' lang='grc' dir='ltr'>τολῆς</span> <span class='ocrx_word' id='word_1_17' title='bbox 2326 517 2633 570; x_wconf 79' lang='grc' dir='ltr'>ἐπισκόπων</span> <span class='ocrx_word' id='word_1_18' title='bbox 2692 518 2960 589; x_wconf 82' lang='grc' dir='ltr'>παρῆσαν,</span> <span class='ocrx_word' id='word_1_19' title='bbox 2991 514 3043 566; x_wconf 76' lang='lat' dir='ltr'><strong>ot</strong></span> <span class='ocrx_word' id='word_1_20' title='bbox 3078 512 3171 584; x_wconf 76' lang='grc' dir='ltr'>μὶν</span> <span class='ocrx_word' id='word_1_21' title='bbox 3227 511 3423 575; x_wconf 71' lang='grc' dir='ltr'>ἐκεῖθεν</span> <span class='ocrx_word' id='word_1_22' title='bbox 3458 509 3651 579; x_wconf 66' lang='grc' dir='ltr'>ἰόντες,</span> <span class='ocrx_word' id='word_1_23' title='bbox 3683 510 3737 564; x_wconf 75' lang='grc' dir='ltr'>οἳ</span> 
     </span>
    </p>
   </div>
   <div class='ocr_carea' id='block_1_5' title="bbox 353 594 1997 681">
    <p class='ocr_par' dir='ltr' id='par_1_5' title="bbox 353 594 1997 681">
     <span class='ocr_line' id='line_1_5' title="bbox 353 594 1997 681; baseline 0.003 -29"><span class='ocrx_word' id='word_1_24' title='bbox 353 597 514 659; x_wconf 77' lang='grc' dir='ltr'>Εἰκὸς</span> <span class='ocrx_word' id='word_1_25' title='bbox 547 594 605 652; x_wconf 72' lang='grc' dir='ltr'>δὲ</span> <span class='ocrx_word' id='word_1_26' title='bbox 632 598 844 654; x_wconf 85' lang='grc' dir='ltr'>καὶτὸν</span> <span class='ocrx_word' id='word_1_27' title='bbox 892 606 1148 675; x_wconf 80' lang='grc' dir='ltr'>Λαχανᾶν</span> <span class='ocrx_word' id='word_1_28' title='bbox 1199 600 1258 655; x_wconf 81' lang='grc' dir='ltr'>ἐκ</span> <span class='ocrx_word' id='word_1_29' title='bbox 1309 602 1484 677; x_wconf 79' lang='grc' dir='ltr'>τύχης</span> <span class='ocrx_word' id='word_1_30' title='bbox 1525 602 1777 681; x_wconf 76' lang='grc' dir='ltr'>ἐξαίφνης</span> <span class='ocrx_word' id='word_1_31' title='bbox 1827 625 1997 678; x_wconf 86' lang='grc' dir='ltr'>φυση-</span> 
     </span>
    </p>
   </div>
   <div class='ocr_carea' id='block_1_6' title="bbox 353 683 1995 767">
    <p class='ocr_par' dir='ltr' id='par_1_6' title="bbox 353 683 1995 767">
     <span class='ocr_line' id='line_1_6' title="bbox 353 683 1995 767; baseline 0.005 -29"><span class='ocrx_word' id='word_1_32' title='bbox 353 683 527 754; x_wconf 73' lang='grc' dir='ltr'>θέντα,</span> <span class='ocrx_word' id='word_1_33' title='bbox 583 684 1003 761; x_wconf 88' lang='grc' dir='ltr'>ὑποχαλάσαντα</span> <span class='ocrx_word' id='word_1_34' title='bbox 1052 690 1147 750; x_wconf 75' lang='grc' dir='ltr'><strong>τὰς</strong></span> <span class='ocrx_word' id='word_1_35' title='bbox 1217 690 1390 763; x_wconf 78' lang='grc' dir='ltr'>ὁρμὰς</span> <span class='ocrx_word' id='word_1_36' title='bbox 1445 696 1707 767; x_wconf 81' lang='grc' dir='ltr'><strong>φανεισῶν</strong></span> <span class='ocrx_word' id='word_1_37' title='bbox 1756 692 1995 763; x_wconf 75' lang='grc' dir='ltr'>Ῥωμαϊ-</span> 
     </span>
    </p>
   </div>
   <div class='ocr_carea' id='block_1_7' title="bbox 354 773 1994 850">
    <p class='ocr_par' dir='ltr' id='par_1_7' title="bbox 354 773 1994 850">
     <span class='ocr_line' id='line_1_7' title="bbox 354 773 1994 850; baseline 0.005 -25"><span class='ocrx_word' id='word_1_38' title='bbox 354 777 462 825; x_wconf 89' lang='grc' dir='ltr'><strong>κῶν</strong></span> <span class='ocrx_word' id='word_1_39' title='bbox 495 773 666 828; x_wconf 82' lang='grc' dir='ltr'>ἐκεῖσε</span> <span class='ocrx_word' id='word_1_40' title='bbox 714 773 988 847; x_wconf 82' lang='grc' dir='ltr'>δυνάμεων</span> <span class='ocrx_word' id='word_1_41' title='bbox 1038 778 1071 845; x_wconf 77' lang='grc' dir='ltr'><strong>ἢ</strong></span> <span class='ocrx_word' id='word_1_42' title='bbox 1122 779 1257 850; x_wconf 88' lang='grc' dir='ltr'>πρὸς</span> <span class='ocrx_word' id='word_1_43' title='bbox 1305 776 1554 833; x_wconf 80' lang='grc' dir='ltr'><strong>δουλείαν</strong></span> <span class='ocrx_word' id='word_1_44' title='bbox 1618 781 1902 834; x_wconf 80' lang='grc' dir='ltr'>ὑποπεσεῖν</span> <span class='ocrx_word' id='word_1_45' title='bbox 1959 780 1994 848; x_wconf 77' lang='grc' dir='ltr'><strong>ἢ</strong></span> 
     </span>
    </p>
   </div>
   <div class='ocr_carea' id='block_1_8' title="bbox 361 859 1997 942">
    <p class='ocr_par' dir='ltr' id='par_1_8' title="bbox 361 859 1997 942">
     <span class='ocr_line' id='line_1_8' title="bbox 361 859 1997 942; baseline 0.004 -28"><span class='ocrx_word' id='word_1_46' title='bbox 361 862 467 932; x_wconf 78' lang='grc' dir='ltr'>μὴν</span> <span class='ocrx_word' id='word_1_47' title='bbox 495 859 584 915; x_wconf 75' lang='grc' dir='ltr'><strong>καί</strong></span> <span class='ocrx_word' id='word_1_48' title='bbox 614 884 719 916; x_wconf 87' lang='grc' dir='ltr'><strong>που</strong></span> <span class='ocrx_word' id='word_1_49' title='bbox 774 861 1037 938; x_wconf 74' lang='grc' dir='ltr'>κρυϐῆναι</span> <span class='ocrx_word' id='word_1_50' title='bbox 1067 865 1351 939; x_wconf 79' lang='grc' dir='ltr'>φεύγοντα,</span> <span class='ocrx_word' id='word_1_51' title='bbox 1406 868 1481 938; x_wconf 84' lang='grc' dir='ltr'><strong>μή</strong></span> <span class='ocrx_word' id='word_1_52' title='bbox 1512 864 1712 941; x_wconf 81' lang='grc' dir='ltr'>ἔχοντα</span> <span class='ocrx_word' id='word_1_53' title='bbox 1755 869 1862 937; x_wconf 84' lang='grc' dir='ltr'>ὅπη</span> <span class='ocrx_word' id='word_1_54' title='bbox 1896 869 1997 942; x_wconf 82' lang='grc' dir='ltr'>ἄρα</span> 
     </span>
    </p>
   </div>
   <div class='ocr_carea' id='block_1_9' title="bbox 354 949 1991 1029">
    <p class='ocr_par' dir='ltr' id='par_1_9' title="bbox 354 949 1991 1029">
     <span class='ocr_line' id='line_1_9' title="bbox 354 949 1991 1029; baseline 0.004 -27"><span class='ocrx_word' id='word_1_55' title='bbox 354 949 443 1003; x_wconf 76' lang='grc' dir='ltr'><strong>καὶ</strong></span> <span class='ocrx_word' id='word_1_56' title='bbox 479 949 840 1025; x_wconf 72' lang='grc' dir='ltr'>ἴσχυρίσαιτο.</span> <span class='ocrx_word' id='word_1_57' title='bbox 876 952 1085 1027; x_wconf 90' lang='grc' dir='ltr'>Μαρίαν</span> <span class='ocrx_word' id='word_1_58' title='bbox 1134 951 1192 1007; x_wconf 78' lang='grc' dir='ltr'>δὲ</span> <span class='ocrx_word' id='word_1_59' title='bbox 1245 953 1336 1008; x_wconf 83' lang='grc' dir='ltr'><strong>καὶ</strong></span> <span class='ocrx_word' id='word_1_60' title='bbox 1384 952 1553 1008; x_wconf 83' lang='grc' dir='ltr'>παῖδα</span> <span class='ocrx_word' id='word_1_61' title='bbox 1607 954 1807 1023; x_wconf 75' lang='grc' dir='ltr'>ταύτης</span> <span class='ocrx_word' id='word_1_62' title='bbox 1866 955 1991 1029; x_wconf 80' lang='grc' dir='ltr'>ῥᾷον</span> 
     </span>
    </p>
   </div>
   <div class='ocr_carea' id='block_1_10' title="bbox 355 1035 1993 1117">
    <p class='ocr_par' dir='ltr' id='par_1_10' title="bbox 355 1035 1993 1117">
     <span class='ocr_line' id='line_1_10' title="bbox 355 1035 1993 1117; baseline 0.002 -24"><span class='ocrx_word' id='word_1_63' title='bbox 355 1036 482 1099; x_wconf 80' lang='grc' dir='ltr'>τοὺς</span> <span class='ocrx_word' id='word_1_64' title='bbox 542 1035 866 1112; x_wconf 77' lang='grc' dir='ltr'>Τερνοϐίτας</span> <span class='ocrx_word' id='word_1_65' title='bbox 932 1038 1274 1115; x_wconf 78' lang='grc' dir='ltr'>προδοῦναι·</span> <span class='ocrx_word' id='word_1_66' title='bbox 1334 1044 1401 1095; x_wconf 69' lang='grc' dir='ltr'>τὰ</span> <span class='ocrx_word' id='word_1_67' title='bbox 1454 1042 1553 1117; x_wconf 74' lang='grc' dir='ltr'><strong>γὰρ</strong></span> <span class='ocrx_word' id='word_1_68' title='bbox 1613 1045 1746 1116; x_wconf 89' lang='grc' dir='ltr'>πρὸς</span> <span class='ocrx_word' id='word_1_69' title='bbox 1801 1044 1993 1105; x_wconf 78' lang='grc' dir='ltr'>αὐτοὺς</span> 
     </span>
    </p>
   </div>
   <div class='ocr_carea' id='block_1_11' title="bbox 354 1125 1994 1205">
    <p class='ocr_par' dir='ltr' id='par_1_11' title="bbox 354 1125 1994 1205">
     <span class='ocr_line' id='line_1_11' title="bbox 354 1125 1994 1205; baseline 0.003 -25"><span class='ocrx_word' id='word_1_70' title='bbox 354 1125 563 1195; x_wconf 68' lang='grc' dir='ltr'>ἐκείνης</span> <span class='ocrx_word' id='word_1_71' title='bbox 591 1130 731 1182; x_wconf 79' lang='grc' dir='ltr'>κακὰ</span> <span class='ocrx_word' id='word_1_72' title='bbox 759 1128 819 1183; x_wconf 84' lang='grc' dir='ltr'><strong>οὑ</strong></span> <span class='ocrx_word' id='word_1_73' title='bbox 845 1134 1101 1184; x_wconf 76' lang='grc' dir='ltr'>τοσοῦτον</span> <span class='ocrx_word' id='word_1_74' title='bbox 1164 1132 1332 1205; x_wconf 87' lang='grc' dir='ltr'>μικρά</span> <span class='ocrx_word' id='word_1_75' title='bbox 1386 1130 1523 1185; x_wconf 84' lang='grc' dir='ltr'>ὥστε</span> <span class='ocrx_word' id='word_1_76' title='bbox 1576 1131 1664 1185; x_wconf 87' lang='grc' dir='ltr'><strong>καὶ</strong></span> <span class='ocrx_word' id='word_1_77' title='bbox 1710 1131 1854 1205; x_wconf 76' lang='grc' dir='ltr'>λήθη</span> <span class='ocrx_word' id='word_1_78' title='bbox 1911 1128 1994 1185; x_wconf 84' lang='grc' dir='ltr'>δι-</span> 
     </span>
    </p>
   </div>
   <div class='ocr_carea' id='block_1_12' title="bbox 358 1211 529 1269">
    <p class='ocr_par' dir='ltr' id='par_1_12' title="bbox 358 1211 529 1269">
     <span class='ocr_line' id='line_1_12' title="bbox 358 1211 529 1269; baseline 0.012 -3"><span class='ocrx_word' id='word_1_79' title='bbox 358 1211 529 1269; x_wconf 86' lang='grc' dir='ltr'>δόναι.</span> 
     </span>
    </p>
   </div>
   <div class='ocr_carea' id='block_1_13' title="bbox 354 1370 1995 1449">
    <p class='ocr_par' dir='ltr' id='par_1_13' title="bbox 354 1370 1995 1449">
     <span class='ocr_line' id='line_1_13' title="bbox 354 1370 1995 1449; baseline 0.004 -28"><span class='ocrx_word' id='word_1_80' title='bbox 354 1370 410 1424; x_wconf 88' lang='grc' dir='ltr'><strong>ε’.</strong></span> <span class='ocrx_word' id='word_1_81' title='bbox 442 1370 627 1429; x_wconf 88' lang='grc' dir='ltr'>Ὃπως</span> <span class='ocrx_word' id='word_1_82' title='bbox 657 1371 684 1425; x_wconf 96' lang='lat'><strong>6</strong></span> <span class='ocrx_word' id='word_1_83' title='bbox 721 1371 975 1449; x_wconf 77' lang='grc' dir='ltr'>βασιλεὺς</span> <span class='ocrx_word' id='word_1_84' title='bbox 1006 1373 1092 1449; x_wconf 56' lang='grc' dir='ltr'><strong>ἐπὶ</strong></span> <span class='ocrx_word' id='word_1_85' title='bbox 1122 1372 1300 1444; x_wconf 78' lang='grc' dir='ltr'>τούτῳ</span> <span class='ocrx_word' id='word_1_86' title='bbox 1329 1373 1546 1449; x_wconf 66' lang='grc' dir='ltr'>πεμψας</span> <span class='ocrx_word' id='word_1_87' title='bbox 1578 1375 1754 1444; x_wconf 75' lang='grc' dir='ltr'>ἐζήτει</span> <span class='ocrx_word' id='word_1_88' title='bbox 1792 1375 1995 1449; x_wconf 75' lang='grc' dir='ltr'>βουλὴν</span> 
     </span>
    </p>
   </div>
   <div class='ocr_carea' id='block_1_14' title="bbox 776 1442 1567 1520">
    <p class='ocr_par' dir='ltr' id='par_1_14' title="bbox 776 1442 1567 1520">
     <span class='ocr_line' id='line_1_14' title="bbox 776 1442 1567 1520; baseline 0.008 -25"><span class='ocrx_word' id='word_1_89' title='bbox 776 1442 866 1495; x_wconf 82' lang='grc' dir='ltr'><strong>καὶ</strong></span> <span class='ocrx_word' id='word_1_90' title='bbox 896 1445 1043 1519; x_wconf 85' lang='grc' dir='ltr'><strong>παρᾶ</strong></span> <span class='ocrx_word' id='word_1_91' title='bbox 1079 1449 1175 1497; x_wconf 73' lang='grc' dir='ltr'><strong>τοῦ</strong></span> <span class='ocrx_word' id='word_1_92' title='bbox 1204 1442 1567 1520; x_wconf 55' lang='grc' dir='ltr'>πατριάρχου.</span> 
     </span>
    </p>
   </div>
   <div class='ocr_carea' id='block_1_15' title="bbox 423 1564 1993 1641">
    <p class='ocr_par' dir='ltr' id='par_1_15' title="bbox 423 1564 1993 1641">
     <span class='ocr_line' id='line_1_15' title="bbox 423 1564 1993 1641; baseline 0.006 -27"><span class='ocrx_word' id='word_1_93' title='bbox 423 1564 579 1616; x_wconf 73' lang='grc' dir='ltr'>Ταῦτ’</span> <span class='ocrx_word' id='word_1_94' title='bbox 635 1564 663 1617; x_wconf 88' lang='lat'><strong>6</strong></span> <span class='ocrx_word' id='word_1_95' title='bbox 717 1564 969 1638; x_wconf 77' lang='grc' dir='ltr'>βασιλεὺς</span> <span class='ocrx_word' id='word_1_96' title='bbox 1022 1566 1479 1641; x_wconf 84' lang='grc' dir='ltr'>βουλευσάμενος,</span> <span class='ocrx_word' id='word_1_97' title='bbox 1514 1571 1602 1623; x_wconf 85' lang='grc' dir='ltr'><strong>καὶ</strong></span> <span class='ocrx_word' id='word_1_98' title='bbox 1634 1571 1730 1637; x_wconf 72' lang='grc' dir='ltr'>τὴν</span> <span class='ocrx_word' id='word_1_99' title='bbox 1764 1568 1870 1623; x_wconf 84' lang='grc' dir='ltr'><strong>ἀπὸ</strong></span> <span class='ocrx_word' id='word_1_100' title='bbox 1898 1575 1993 1625; x_wconf 78' lang='grc' dir='ltr'><strong>τοῦ</strong></span> 
     </span>
    </p>
   </div>
   <div class='ocr_carea' id='block_1_16' title="bbox 352 1650 1990 1731">
    <p class='ocr_par' dir='ltr' id='par_1_16' title="bbox 352 1650 1990 1731">
     <span class='ocr_line' id='line_1_16' title="bbox 352 1650 1990 1731; baseline 0.006 -31"><span class='ocrx_word' id='word_1_101' title='bbox 352 1650 697 1724; x_wconf 79' lang='grc' dir='ltr'>πατριάρχου</span> <span class='ocrx_word' id='word_1_102' title='bbox 754 1652 959 1724; x_wconf 78' lang='grc' dir='ltr'>βουλὴν</span> <span class='ocrx_word' id='word_1_103' title='bbox 1017 1653 1234 1727; x_wconf 71' lang='grc' dir='ltr'>πεμψας</span> <span class='ocrx_word' id='word_1_104' title='bbox 1289 1654 1340 1708; x_wconf 83' lang='grc' dir='ltr'>ἐν</span> <span class='ocrx_word' id='word_1_105' title='bbox 1402 1655 1736 1731; x_wconf 67' lang='grc' dir='ltr'>ἀπορῥήτοις</span> <span class='ocrx_word' id='word_1_106' title='bbox 1794 1656 1990 1726; x_wconf 77' lang='grc' dir='ltr'>ἐζήτει.</span> 
     </span>
    </p>
   </div>
   <div class='ocr_carea' id='block_1_17' title="bbox 354 1734 1993 1818">
    <p class='ocr_par' dir='ltr' id='par_1_17' title="bbox 354 1734 1993 1818">
     <span class='ocr_line' id='line_1_17' title="bbox 354 1734 1993 1818; baseline 0.004 -27"><span class='ocrx_word' id='word_1_107' title='bbox 354 1734 455 1791; x_wconf 81' lang='grc' dir='ltr'><strong>Καὶ</strong></span> <span class='ocrx_word' id='word_1_108' title='bbox 514 1738 574 1800; x_wconf 77' lang='grc' dir='ltr'>ὃς</span> <span class='ocrx_word' id='word_1_109' title='bbox 628 1740 694 1791; x_wconf 77' lang='grc' dir='ltr'><strong>τὰ</strong></span> <span class='ocrx_word' id='word_1_110' title='bbox 748 1737 935 1794; x_wconf 77' lang='grc' dir='ltr'>πολλά</span> <span class='ocrx_word' id='word_1_111' title='bbox 960 1742 1095 1815; x_wconf 78' lang='grc' dir='ltr'>πρὸς</span> <span class='ocrx_word' id='word_1_112' title='bbox 1124 1743 1218 1796; x_wconf 87' lang='grc' dir='ltr'><strong>τὸν</strong></span> <span class='ocrx_word' id='word_1_113' title='bbox 1249 1746 1465 1810; x_wconf 79' lang='grc' dir='ltr'>Μυτζῆν</span> <span class='ocrx_word' id='word_1_114' title='bbox 1499 1740 1707 1817; x_wconf 71' lang='grc' dir='ltr'>ἔρρεπε,</span> <span class='ocrx_word' id='word_1_115' title='bbox 1740 1744 1827 1798; x_wconf 85' lang='grc' dir='ltr'><strong>καὶ</strong></span> <span class='ocrx_word' id='word_1_116' title='bbox 1859 1745 1993 1818; x_wconf 81' lang='grc' dir='ltr'>γρά-</span> 
     </span>
    </p>
   </div>
   <div class='ocr_carea' id='block_1_18' title="bbox 355 1826 2072 1927">
    <p class='ocr_par' dir='ltr' id='par_1_18' title="bbox 355 1826 2072 1927">
     <span class='ocr_line' id='line_1_18' title="bbox 355 1826 2072 1927; baseline 0.004 -50"><span class='ocrx_word' id='word_1_117' title='bbox 355 1845 469 1927; x_wconf 75' lang='grc' dir='ltr'><strong>φων</strong></span> <span class='ocrx_word' id='word_1_118' title='bbox 631 1826 813 1927; x_wconf 47' lang='grc' dir='ltr'>ἐπίτῇ</span> <span class='ocrx_word' id='word_1_119' title='bbox 851 1828 1030 1903; x_wconf 80' lang='grc' dir='ltr'>βουλῇ</span> <span class='ocrx_word' id='word_1_120' title='bbox 1065 1830 1237 1904; x_wconf 77' lang='grc' dir='ltr'>ῥοπήν</span> <span class='ocrx_word' id='word_1_121' title='bbox 1267 1828 1466 1883; x_wconf 79' lang='grc' dir='ltr'>ἐδίδου·</span> <span class='ocrx_word' id='word_1_122' title='bbox 1495 1829 1661 1884; x_wconf 70' lang='grc' dir='ltr'>Τοῦτο</span> <span class='ocrx_word' id='word_1_123' title='bbox 1693 1831 1780 1885; x_wconf 81' lang='grc' dir='ltr'><strong>καὶ</strong></span> <span class='ocrx_word' id='word_1_124' title='bbox 1822 1831 1992 1905; x_wconf 80' lang='grc' dir='ltr'>Ηρίγ-</span> <span class='ocrx_word' id='word_1_125' title='bbox 2026 1865 2072 1927; x_wconf 82' lang='grc' dir='ltr'><strong>Β</strong></span> 
     </span>
    </p>
   </div>
   <div class='ocr_carea' id='block_1_19' title="bbox 354 1914 1993 1993">
    <p class='ocr_par' dir='ltr' id='par_1_19' title="bbox 354 1914 1993 1993">
     <span class='ocr_line' id='line_1_19' title="bbox 354 1914 1993 1993; baseline 0.005 -29"><span class='ocrx_word' id='word_1_126' title='bbox 354 1915 452 1985; x_wconf 77' lang='grc' dir='ltr'><strong>κιψ</strong></span> <span class='ocrx_word' id='word_1_127' title='bbox 484 1914 512 1967; x_wconf 92' lang='lat'><strong>6</strong></span> <span class='ocrx_word' id='word_1_128' title='bbox 543 1915 910 1991; x_wconf 76' lang='grc' dir='ltr'>ἱερομὸναχος</span> <span class='ocrx_word' id='word_1_129' title='bbox 940 1917 1244 1988; x_wconf 82' lang='grc' dir='ltr'>Θεοδόσιος,</span> <span class='ocrx_word' id='word_1_130' title='bbox 1278 1918 1521 1988; x_wconf 75' lang='grc' dir='ltr'>ἀξιωθεὶς</span> <span class='ocrx_word' id='word_1_131' title='bbox 1550 1918 1638 1972; x_wconf 78' lang='grc' dir='ltr'><strong>καὶ</strong></span> <span class='ocrx_word' id='word_1_132' title='bbox 1672 1919 1827 1980; x_wconf 78' lang='grc' dir='ltr'>οὗτος</span> <span class='ocrx_word' id='word_1_133' title='bbox 1860 1920 1993 1993; x_wconf 85' lang='grc' dir='ltr'>πρὸς</span> 
     </span>
    </p>
   </div>
   <div class='ocr_carea' id='block_1_20' title="bbox 360 1997 1991 2084">
    <p class='ocr_par' dir='ltr' id='par_1_20' title="bbox 360 1997 1991 2084">
     <span class='ocr_line' id='line_1_20' title="bbox 360 1997 1991 2084; baseline 0.003 -30"><span class='ocrx_word' id='word_1_134' title='bbox 360 1997 677 2073; x_wconf 80' lang='grc' dir='ltr'>συμϐουλὴν</span> <span class='ocrx_word' id='word_1_135' title='bbox 708 2006 807 2072; x_wconf 80' lang='grc' dir='ltr'>τὴν</span> <span class='ocrx_word' id='word_1_136' title='bbox 839 2006 963 2077; x_wconf 81' lang='grc' dir='ltr'>περὶ</span> <span class='ocrx_word' id='word_1_137' title='bbox 993 2006 1223 2073; x_wconf 82' lang='grc' dir='ltr'>τούτων,</span> <span class='ocrx_word' id='word_1_138' title='bbox 1273 2005 1523 2084; x_wconf 79' lang='grc' dir='ltr'>ἔγραφεν,</span> <span class='ocrx_word' id='word_1_139' title='bbox 1568 2004 1675 2076; x_wconf 75' lang='grc' dir='ltr'>ἤδη</span> <span class='ocrx_word' id='word_1_140' title='bbox 1711 2009 1785 2068; x_wconf 92' lang='grc' dir='ltr'><strong>εἱς</strong></span> <span class='ocrx_word' id='word_1_141' title='bbox 1813 2011 1991 2083; x_wconf 79' lang='grc' dir='ltr'>ψῆφον</span> 
     </span>
    </p>
   </div>
   <div class='ocr_carea' id='block_1_21' title="bbox 357 2085 1993 2170">
    <p class='ocr_par' dir='ltr' id='par_1_21' title="bbox 357 2085 1993 2170">
     <span class='ocr_line' id='line_1_21' title="bbox 357 2085 1993 2170; baseline 0.005 -29"><span class='ocrx_word' id='word_1_142' title='bbox 357 2085 429 2141; x_wconf 77' lang='grc' dir='ltr'>ὢν</span> <span class='ocrx_word' id='word_1_143' title='bbox 490 2092 884 2167; x_wconf 82' lang='grc' dir='ltr'>πατριαρχιίου</span> <span class='ocrx_word' id='word_1_144' title='bbox 919 2112 932 2125; x_wconf 71' lang='grc'><strong><em>⁸</em></strong></span> <span class='ocrx_word' id='word_1_145' title='bbox 994 2095 1021 2147; x_wconf 98' lang='lat'><strong>6</strong></span> <span class='ocrx_word' id='word_1_146' title='bbox 1077 2094 1175 2170; x_wconf 82' lang='grc' dir='ltr'><strong>γὰρ</strong></span> <span class='ocrx_word' id='word_1_147' title='bbox 1236 2095 1511 2167; x_wconf 74' lang='grc' dir='ltr'>Εὐθόμιος</span> <span class='ocrx_word' id='word_1_148' title='bbox 1568 2093 1838 2165; x_wconf 75' lang='grc' dir='ltr'>ἐτεθνήκει</span> <span class='ocrx_word' id='word_1_149' title='bbox 1893 2103 1993 2165; x_wconf 79' lang='grc' dir='ltr'>τῆς</span> 
     </span>
    </p>
   </div>
   <div class='ocr_carea' id='block_1_22' title="bbox 353 2177 1994 2257">
    <p class='ocr_par' dir='ltr' id='par_1_22' title="bbox 353 2177 1994 2257">
     <span class='ocr_line' id='line_1_22' title="bbox 353 2177 1994 2257; baseline 0.003 -25"><span class='ocrx_word' id='word_1_150' title='bbox 353 2177 735 2242; x_wconf 84' lang='grc' dir='ltr'>Θεουπόλεως.</span> <span class='ocrx_word' id='word_1_151' title='bbox 773 2182 843 2235; x_wconf 90' lang='grc' dir='ltr'><strong>Τὸ</strong></span> <span class='ocrx_word' id='word_1_152' title='bbox 875 2179 919 2235; x_wconf 88' lang='grc' dir='ltr'>δ’</span> <span class='ocrx_word' id='word_1_153' title='bbox 949 2183 1098 2244; x_wconf 74' lang='grc' dir='ltr'>ὅπως</span> <span class='ocrx_word' id='word_1_154' title='bbox 1131 2184 1192 2237; x_wconf 86' lang='grc' dir='ltr'>οὐ</span> <span class='ocrx_word' id='word_1_155' title='bbox 1251 2189 1437 2257; x_wconf 87' lang='grc' dir='ltr'>χεῖρον</span> <span class='ocrx_word' id='word_1_156' title='bbox 1471 2182 1661 2238; x_wconf 77' lang='grc' dir='ltr'>εἰπεῖν.</span> <span class='ocrx_word' id='word_1_157' title='bbox 1696 2185 1994 2257; x_wconf 81' lang='grc' dir='ltr'>Κεχήρωτο</span> 
     </span>
    </p>
   </div>
   <div class='ocr_carea' id='block_1_23' title="bbox 356 2266 1995 2345">
    <p class='ocr_par' dir='ltr' id='par_1_23' title="bbox 356 2266 1995 2345">
     <span class='ocr_line' id='line_1_23' title="bbox 356 2266 1995 2345; baseline 0.003 -25"><span class='ocrx_word' id='word_1_158' title='bbox 356 2266 451 2340; x_wconf 73' lang='grc' dir='ltr'>μὲν</span> <span class='ocrx_word' id='word_1_159' title='bbox 510 2268 601 2322; x_wconf 78' lang='grc' dir='ltr'><strong>οὗν</strong></span> <span class='ocrx_word' id='word_1_160' title='bbox 652 2269 715 2323; x_wconf 89' lang='grc' dir='ltr'>τὸ</span> <span class='ocrx_word' id='word_1_161' title='bbox 762 2275 1175 2345; x_wconf 85' lang='grc' dir='ltr'>πατριαρχεῖον,</span> <span class='ocrx_word' id='word_1_162' title='bbox 1226 2271 1316 2325; x_wconf 82' lang='grc' dir='ltr'><strong>καὶ</strong></span> <span class='ocrx_word' id='word_1_163' title='bbox 1348 2270 1553 2326; x_wconf 84' lang='grc' dir='ltr'>πολλοὶ</span> <span class='ocrx_word' id='word_1_164' title='bbox 1598 2275 1707 2325; x_wconf 91' lang='grc' dir='ltr'><strong>τῶν</strong></span> <span class='ocrx_word' id='word_1_165' title='bbox 1736 2278 1836 2340; x_wconf 81' lang='grc' dir='ltr'><strong>τῆς</strong></span> <span class='ocrx_word' id='word_1_166' title='bbox 1865 2272 1995 2325; x_wconf 82' lang='grc' dir='ltr'>ἀνα-</span> 
     </span>
    </p>
   </div>
   <div class='ocr_carea' id='block_1_24' title="bbox 358 2485 1992 2557">
    <p class='ocr_par' dir='ltr' id='par_1_24' title="bbox 358 2485 1992 2557">
     <span class='ocr_line' id='line_1_24' title="bbox 358 2485 1992 2557; baseline 0.002 -18"><span class='ocrx_word' id='word_1_167' title='bbox 358 2485 469 2540; x_wconf 89' lang='lat' dir='ltr'><strong>rati</strong></span> <span class='ocrx_word' id='word_1_168' title='bbox 502 2489 741 2557; x_wconf 84' lang='lat' dir='ltr'><strong>tamque</strong></span> <span class='ocrx_word' id='word_1_169' title='bbox 773 2489 897 2541; x_wconf 91' lang='lat' dir='ltr'><strong>arto</strong></span> <span class='ocrx_word' id='word_1_170' title='bbox 929 2490 986 2542; x_wconf 91' lang='lat' dir='ltr'><strong>et</strong></span> <span class='ocrx_word' id='word_1_171' title='bbox 1025 2485 1327 2542; x_wconf 88' lang='lat' dir='ltr'><strong>insolubili</strong></span> <span class='ocrx_word' id='word_1_172' title='bbox 1378 2486 1613 2557; x_wconf 88' lang='lat' dir='ltr'><strong>pietatis</strong></span> <span class='ocrx_word' id='word_1_173' title='bbox 1663 2488 1992 2543; x_wconf 69' lang='lat' dir='ltr'><strong>domesticas</strong></span> 
     </span>
    </p>
   </div>
   <div class='ocr_carea' id='block_1_25' title="bbox 355 2572 1994 2646">
    <p class='ocr_par' dir='ltr' id='par_1_25' title="bbox 355 2572 1994 2646">
     <span class='ocr_line' id='line_1_25' title="bbox 355 2572 1994 2646; baseline 0.002 -19"><span class='ocrx_word' id='word_1_174' title='bbox 355 2572 588 2628; x_wconf 88' lang='lat' dir='ltr'><strong>vinculo</strong></span> <span class='ocrx_word' id='word_1_175' title='bbox 618 2574 1070 2629; x_wconf 87' lang='lat' dir='ltr'><strong>irrevocabiliter</strong></span> <span class='ocrx_word' id='word_1_176' title='bbox 1099 2575 1994 2646; x_wconf 89' lang='lat' dir='ltr'><strong>adstrictiimperatoris,quanta</strong></span> 
     </span>
    </p>
   </div>
   <div class='ocr_carea' id='block_1_26' title="bbox 357 2661 1990 2733">
    <p class='ocr_par' dir='ltr' id='par_1_26' title="bbox 357 2661 1990 2733">
     <span class='ocr_line' id='line_1_26' title="bbox 357 2661 1990 2733; baseline 0.002 -18"><span class='ocrx_word' id='word_1_177' title='bbox 357 2661 509 2717; x_wconf 88' lang='lat' dir='ltr'><strong>inter</strong></span> <span class='ocrx_word' id='word_1_178' title='bbox 539 2677 804 2717; x_wconf 79' lang='lat' dir='ltr'><strong>socerum</strong></span> <span class='ocrx_word' id='word_1_179' title='bbox 836 2665 893 2717; x_wconf 91' lang='lat' dir='ltr'><strong>et</strong></span> <span class='ocrx_word' id='word_1_180' title='bbox 923 2678 1201 2733; x_wconf 86' lang='lat' dir='ltr'><strong>generum</strong></span> <span class='ocrx_word' id='word_1_181' title='bbox 1232 2663 1540 2718; x_wconf 82' lang='lat' dir='ltr'><strong>intercedit</strong></span> <span class='ocrx_word' id='word_1_182' title='bbox 1580 2664 1949 2719; x_wconf 81' lang='lat' dir='ltr'><strong>necessitudo</strong></span> <span class='ocrx_word' id='word_1_183' title='bbox 1975 2683 1990 2732; x_wconf 88' lang='lat'><strong>;</strong></span> 
     </span>
    </p>
   </div>
   <div class='ocr_carea' id='block_1_27' title="bbox 359 2750 1991 2822">
    <p class='ocr_par' dir='ltr' id='par_1_27' title="bbox 359 2750 1991 2822">
     <span class='ocr_line' id='line_1_27' title="bbox 359 2750 1991 2822; baseline 0.002 -19"><span class='ocrx_word' id='word_1_184' title='bbox 359 2764 427 2804; x_wconf 83' lang='lat' dir='ltr'><strong>ex</strong></span> <span class='ocrx_word' id='word_1_185' title='bbox 458 2765 573 2820; x_wconf 93' lang='lat' dir='ltr'><strong>quo</strong></span> <span class='ocrx_word' id='word_1_186' title='bbox 602 2750 741 2805; x_wconf 97' lang='lat' dir='ltr'><strong>certi</strong></span> <span class='ocrx_word' id='word_1_187' title='bbox 771 2756 967 2806; x_wconf 83' lang='lat' dir='ltr'><strong>essent</strong></span> <span class='ocrx_word' id='word_1_188' title='bbox 993 2751 1131 2806; x_wconf 87' lang='lat' dir='ltr'><strong>totis</strong></span> <span class='ocrx_word' id='word_1_189' title='bbox 1156 2768 1289 2806; x_wconf 90' lang='lat' dir='ltr'><strong>eum</strong></span> <span class='ocrx_word' id='word_1_190' title='bbox 1321 2751 1551 2822; x_wconf 91' lang='lat' dir='ltr'><strong>imperii</strong></span> <span class='ocrx_word' id='word_1_191' title='bbox 1572 2752 1793 2808; x_wconf 91' lang='lat' dir='ltr'><strong>viribus</strong></span> <span class='ocrx_word' id='word_1_192' title='bbox 1824 2754 1991 2822; x_wconf 86' lang='lat' dir='ltr'><strong>adju-</strong></span> 
     </span>
    </p>
   </div>
   <div class='ocr_carea' id='block_1_28' title="bbox 362 2838 1992 2910">
    <p class='ocr_par' dir='ltr' id='par_1_28' title="bbox 362 2838 1992 2910">
     <span class='ocr_line' id='line_1_28' title="bbox 362 2838 1992 2910; baseline 0.002 -20"><span class='ocrx_word' id='word_1_193' title='bbox 362 2839 644 2904; x_wconf 88' lang='lat' dir='ltr'><strong>vandum;</strong></span> <span class='ocrx_word' id='word_1_194' title='bbox 669 2839 817 2910; x_wconf 90' lang='lat' dir='ltr'><strong>quod</strong></span> <span class='ocrx_word' id='word_1_195' title='bbox 847 2838 1141 2894; x_wconf 85' lang='lat' dir='ltr'><strong>videntem</strong></span> <span class='ocrx_word' id='word_1_196' title='bbox 1175 2840 1503 2895; x_wconf 87' lang='lat' dir='ltr'><strong>Lachanam</strong></span> <span class='ocrx_word' id='word_1_197' title='bbox 1534 2845 1656 2894; x_wconf 85' lang='lat' dir='ltr'><strong>erat</strong></span> <span class='ocrx_word' id='word_1_198' title='bbox 1683 2838 1992 2894; x_wconf 83' lang='lat' dir='ltr'><strong>verisimile</strong></span> 
     </span>
    </p>
   </div>
   <div class='ocr_carea' id='block_1_29' title="bbox 371 2924 1991 2997">
    <p class='ocr_par' dir='ltr' id='par_1_29' title="bbox 371 2924 1991 2997">
     <span class='ocr_line' id='line_1_29' title="bbox 371 2924 1991 2997; baseline 0.003 -19"><span class='ocrx_word' id='word_1_199' title='bbox 371 2924 753 2981; x_wconf 86' lang='lat' dir='ltr'><strong>remissurum</strong></span> <span class='ocrx_word' id='word_1_200' title='bbox 785 2927 983 2982; x_wconf 91' lang='lat' dir='ltr'><strong>statim</strong></span> <span class='ocrx_word' id='word_1_201' title='bbox 1042 2927 1293 2983; x_wconf 90' lang='lat' dir='ltr'><strong>multum</strong></span> <span class='ocrx_word' id='word_1_202' title='bbox 1345 2928 1415 2983; x_wconf 93' lang='lat' dir='ltr'><strong>de</strong></span> <span class='ocrx_word' id='word_1_203' title='bbox 1446 2928 1711 2997; x_wconf 83' lang='lat' dir='ltr'><strong>audacia,</strong></span> <span class='ocrx_word' id='word_1_204' title='bbox 1743 2932 1799 2983; x_wconf 90' lang='lat' dir='ltr'><strong>et</strong></span> <span class='ocrx_word' id='word_1_205' title='bbox 1830 2944 1991 2983; x_wconf 89' lang='lat' dir='ltr'><strong>com-</strong></span> 
     </span>
    </p>
   </div>
   <div class='ocr_carea' id='block_1_30' title="bbox 364 3016 1991 3086">
    <p class='ocr_par' dir='ltr' id='par_1_30' title="bbox 364 3016 1991 3086">
     <span class='ocr_line' id='line_1_30' title="bbox 364 3016 1991 3086; baseline 0.002 -19"><span class='ocrx_word' id='word_1_206' title='bbox 364 3029 563 3083; x_wconf 90' lang='lat' dir='ltr'><strong>presso</strong></span> <span class='ocrx_word' id='word_1_207' title='bbox 589 3020 815 3069; x_wconf 91' lang='lat' dir='ltr'><strong>tumore</strong></span> <span class='ocrx_word' id='word_1_208' title='bbox 846 3032 960 3086; x_wconf 92' lang='lat' dir='ltr'><strong>quo</strong></span> <span class='ocrx_word' id='word_1_209' title='bbox 992 3016 1309 3086; x_wconf 91' lang='lat' dir='ltr'><strong>aspirantis</strong></span> <span class='ocrx_word' id='word_1_210' title='bbox 1351 3017 1589 3071; x_wconf 84' lang='lat' dir='ltr'><strong>fortunae</strong></span> <span class='ocrx_word' id='word_1_211' title='bbox 1638 3032 1779 3070; x_wconf 91' lang='lat' dir='ltr'><strong>aura</strong></span> <span class='ocrx_word' id='word_1_212' title='bbox 1808 3016 1991 3070; x_wconf 89' lang='lat' dir='ltr'><strong>levem</strong></span> 
     </span>
    </p>
   </div>
   <div class='ocr_carea' id='block_1_31' title="bbox 362 3101 1997 3169">
    <p class='ocr_par' dir='ltr' id='par_1_31' title="bbox 362 3101 1997 3169">
     <span class='ocr_line' id='line_1_31' title="bbox 362 3101 1997 3169; baseline 0.001 -13"><span class='ocrx_word' id='word_1_213' title='bbox 362 3101 642 3158; x_wconf 86' lang='lat' dir='ltr'><strong>hactenus</strong></span> <span class='ocrx_word' id='word_1_214' title='bbox 698 3103 996 3159; x_wconf 89' lang='lat' dir='ltr'><strong>hominem</strong></span> <span class='ocrx_word' id='word_1_215' title='bbox 1048 3104 1327 3169; x_wconf 90' lang='lat' dir='ltr'><strong>inﬂasset,</strong></span> <span class='ocrx_word' id='word_1_216' title='bbox 1377 3106 1537 3160; x_wconf 86' lang='lat' dir='ltr'><strong>fuere</strong></span> <span class='ocrx_word' id='word_1_217' title='bbox 1587 3109 1706 3159; x_wconf 89' lang='lat' dir='ltr'><strong>tam</strong></span> <span class='ocrx_word' id='word_1_218' title='bbox 1756 3103 1997 3160; x_wconf 79' lang='lat' dir='ltr'><strong>licenter</strong></span> 
     </span>
    </p>
   </div>
   <div class='ocr_carea' id='block_1_32' title="bbox 357 3191 1993 3262">
    <p class='ocr_par' dir='ltr' id='par_1_32' title="bbox 357 3191 1993 3262">
     <span class='ocr_line' id='line_1_32' title="bbox 357 3191 1993 3262; baseline 0.001 -16"><span class='ocrx_word' id='word_1_219' title='bbox 357 3191 705 3257; x_wconf 83' lang='lat' dir='ltr'><strong>desiturum,</strong></span> <span class='ocrx_word' id='word_1_220' title='bbox 738 3196 914 3262; x_wconf 87' lang='lat' dir='ltr'><strong>atque</strong></span> <span class='ocrx_word' id='word_1_221' title='bbox 944 3192 1042 3247; x_wconf 92' lang='lat' dir='ltr'><strong>ubi</strong></span> <span class='ocrx_word' id='word_1_222' title='bbox 1074 3195 1364 3248; x_wconf 81' lang='lat' dir='ltr'><strong>Romanas</strong></span> <span class='ocrx_word' id='word_1_223' title='bbox 1410 3193 1562 3249; x_wconf 82' lang='lat' dir='ltr'><strong>acies</strong></span> <span class='ocrx_word' id='word_1_224' title='bbox 1620 3193 1676 3246; x_wconf 92' lang='lat' dir='ltr'><strong>in</strong></span> <span class='ocrx_word' id='word_1_225' title='bbox 1727 3209 1833 3247; x_wconf 89' lang='lat' dir='ltr'><strong>suo</strong></span> <span class='ocrx_word' id='word_1_226' title='bbox 1881 3193 1993 3247; x_wconf 88' lang='lat' dir='ltr'><strong>sibi</strong></span> 
     </span>
    </p>
   </div>
   <div class='ocr_carea' id='block_1_33' title="bbox 355 3278 1989 3351">
    <p class='ocr_par' dir='ltr' id='par_1_33' title="bbox 355 3278 1989 3351">
     <span class='ocr_line' id='line_1_33' title="bbox 355 3278 1989 3351; baseline 0.001 -18"><span class='ocrx_word' id='word_1_227' title='bbox 355 3278 475 3334; x_wconf 91' lang='lat' dir='ltr'><strong>solo</strong></span> <span class='ocrx_word' id='word_1_228' title='bbox 507 3278 726 3335; x_wconf 83' lang='lat' dir='ltr'><strong>videret</strong></span> <span class='ocrx_word' id='word_1_229' title='bbox 752 3280 1072 3351; x_wconf 90' lang='lat' dir='ltr'><strong>oppositas,</strong></span> <span class='ocrx_word' id='word_1_230' title='bbox 1106 3286 1207 3336; x_wconf 91' lang='lat' dir='ltr'><strong>aut</strong></span> <span class='ocrx_word' id='word_1_231' title='bbox 1236 3280 1571 3337; x_wconf 86' lang='lat' dir='ltr'><strong>servitutem</strong></span> <span class='ocrx_word' id='word_1_232' title='bbox 1621 3282 1989 3351; x_wconf 87' lang='lat' dir='ltr'><strong>relapsurum</strong></span> 
     </span>
    </p>
   </div>
   <div class='ocr_carea' id='block_1_34' title="bbox 356 3367 1989 3439">
    <p class='ocr_par' dir='ltr' id='par_1_34' title="bbox 356 3367 1989 3439">
     <span class='ocr_line' id='line_1_34' title="bbox 356 3367 1989 3439; baseline 0.001 -18"><span class='ocrx_word' id='word_1_233' title='bbox 356 3367 689 3437; x_wconf 83' lang='lat' dir='ltr'><strong>pristinam,</strong></span> <span class='ocrx_word' id='word_1_234' title='bbox 722 3372 824 3422; x_wconf 90' lang='lat' dir='ltr'><strong>aut</strong></span> <span class='ocrx_word' id='word_1_235' title='bbox 856 3369 993 3439; x_wconf 82' lang='lat' dir='ltr'><strong>fuga</strong></span> <span class='ocrx_word' id='word_1_236' title='bbox 1032 3373 1285 3434; x_wconf 89' lang='lat' dir='ltr'><strong>matura,</strong></span> <span class='ocrx_word' id='word_1_237' title='bbox 1317 3370 1609 3425; x_wconf 81' lang='lat' dir='ltr'><strong>damnatis</strong></span> <span class='ocrx_word' id='word_1_238' title='bbox 1641 3368 1989 3439; x_wconf 69' lang='lat' dir='ltr'><strong>praevalendi</strong></span> 
     </span>
    </p>
   </div>
   <div class='ocr_carea' id='block_1_35' title="bbox 356 3455 1989 3529">
    <p class='ocr_par' dir='ltr' id='par_1_35' title="bbox 356 3455 1989 3529">
     <span class='ocr_line' id='line_1_35' title="bbox 356 3455 1989 3529; baseline 0.001 -18"><span class='ocrx_word' id='word_1_239' title='bbox 356 3456 591 3525; x_wconf 79' lang='lat' dir='ltr'><strong>spebus,</strong></span> <span class='ocrx_word' id='word_1_240' title='bbox 626 3455 878 3511; x_wconf 89' lang='lat' dir='ltr'><strong>latebras</strong></span> <span class='ocrx_word' id='word_1_241' title='bbox 911 3457 1124 3513; x_wconf 86' lang='lat' dir='ltr'><strong>alicubi</strong></span> <span class='ocrx_word' id='word_1_242' title='bbox 1151 3458 1786 3529; x_wconf 84' lang='lat' dir='ltr'><strong>captaturum.Mariam</strong></span> <span class='ocrx_word' id='word_1_243' title='bbox 1820 3474 1989 3529; x_wconf 91' lang='lat' dir='ltr'><strong>porro</strong></span> 
     </span>
    </p>
   </div>
   <div class='ocr_carea' id='block_1_36' title="bbox 358 3542 1987 3616">
    <p class='ocr_par' dir='ltr' id='par_1_36' title="bbox 358 3542 1987 3616">
     <span class='ocr_line' id='line_1_36' title="bbox 358 3542 1987 3616; baseline 0.002 -19"><span class='ocrx_word' id='word_1_244' title='bbox 358 3542 660 3615; x_wconf 85' lang='lat' dir='ltr'><strong>ﬁliumque</strong></span> <span class='ocrx_word' id='word_1_245' title='bbox 687 3545 816 3615; x_wconf 88' lang='lat' dir='ltr'><strong>ejus</strong></span> <span class='ocrx_word' id='word_1_246' title='bbox 855 3545 1019 3600; x_wconf 85' lang='lat' dir='ltr'><strong>facile</strong></span> <span class='ocrx_word' id='word_1_247' title='bbox 1069 3546 1398 3616; x_wconf 91' lang='lat' dir='ltr'><strong>prodendos</strong></span> <span class='ocrx_word' id='word_1_248' title='bbox 1445 3563 1479 3601; x_wconf 94' lang='lat' dir='ltr'><strong>a</strong></span> <span class='ocrx_word' id='word_1_249' title='bbox 1528 3546 1879 3616; x_wconf 86' lang='lat' dir='ltr'><strong>Ternobitis,</strong></span> <span class='ocrx_word' id='word_1_250' title='bbox 1929 3546 1987 3600; x_wconf 90' lang='lat' dir='ltr'><strong>in</strong></span> 
     </span>
    </p>
   </div>
   <div class='ocr_carea' id='block_1_37' title="bbox 359 3633 1989 3705">
    <p class='ocr_par' dir='ltr' id='par_1_37' title="bbox 359 3633 1989 3705">
     <span class='ocr_line' id='line_1_37' title="bbox 359 3633 1989 3705; baseline 0.002 -20"><span class='ocrx_word' id='word_1_251' title='bbox 359 3647 606 3702; x_wconf 90' lang='lat' dir='ltr'><strong>quorum</strong></span> <span class='ocrx_word' id='word_1_252' title='bbox 637 3638 834 3689; x_wconf 86' lang='lat' dir='ltr'><strong>essent</strong></span> <span class='ocrx_word' id='word_1_253' title='bbox 866 3638 1110 3705; x_wconf 89' lang='lat' dir='ltr'><strong>uterque</strong></span> <span class='ocrx_word' id='word_1_254' title='bbox 1142 3638 1446 3705; x_wconf 84' lang='lat' dir='ltr'><strong>potestate,</strong></span> <span class='ocrx_word' id='word_1_255' title='bbox 1487 3633 1798 3689; x_wconf 88' lang='lat' dir='ltr'><strong>verisimile</strong></span> <span class='ocrx_word' id='word_1_256' title='bbox 1826 3651 1894 3689; x_wconf 86' lang='lat' dir='ltr'><strong>ex</strong></span> <span class='ocrx_word' id='word_1_257' title='bbox 1924 3650 1989 3688; x_wconf 92' lang='lat' dir='ltr'><strong>eo</strong></span> 
     </span>
    </p>
   </div>
   <div class='ocr_carea' id='block_1_38' title="bbox 355 3721 1990 3791">
    <p class='ocr_par' dir='ltr' id='par_1_38' title="bbox 355 3721 1990 3791">
     <span class='ocr_line' id='line_1_38' title="bbox 355 3721 1990 3791; baseline 0.001 -17"><span class='ocrx_word' id='word_1_258' title='bbox 355 3734 503 3785; x_wconf 89' lang='lat' dir='ltr'><strong>esse,</strong></span> <span class='ocrx_word' id='word_1_259' title='bbox 537 3721 687 3791; x_wconf 89' lang='lat' dir='ltr'><strong>quod</strong></span> <span class='ocrx_word' id='word_1_260' title='bbox 722 3725 895 3777; x_wconf 63' lang='lat' dir='ltr'><strong>tantae</strong></span> <span class='ocrx_word' id='word_1_261' title='bbox 927 3738 991 3777; x_wconf 92' lang='lat' dir='ltr'><strong>ac</strong></span> <span class='ocrx_word' id='word_1_262' title='bbox 1016 3726 1138 3777; x_wconf 88' lang='lat' dir='ltr'><strong>tam</strong></span> <span class='ocrx_word' id='word_1_263' title='bbox 1170 3726 1433 3777; x_wconf 88' lang='lat' dir='ltr'><strong>recentes</strong></span> <span class='ocrx_word' id='word_1_264' title='bbox 1471 3727 1762 3778; x_wconf 82' lang='lat' dir='ltr'><strong>exstarent</strong></span> <span class='ocrx_word' id='word_1_265' title='bbox 1791 3722 1990 3777; x_wconf 90' lang='lat' dir='ltr'><strong>mulie-</strong></span> 
     </span>
    </p>
   </div>
   <div class='ocr_carea' id='block_1_39' title="bbox 352 3808 1989 3883">
    <p class='ocr_par' dir='ltr' id='par_1_39' title="bbox 352 3808 1989 3883">
     <span class='ocr_line' id='line_1_39' title="bbox 352 3808 1989 3883; baseline 0.004 -21"><span class='ocrx_word' id='word_1_266' title='bbox 352 3808 435 3863; x_wconf 89' lang='lat' dir='ltr'><strong>ris</strong></span> <span class='ocrx_word' id='word_1_267' title='bbox 456 3809 584 3879; x_wconf 89' lang='lat' dir='ltr'><strong>ejus</strong></span> <span class='ocrx_word' id='word_1_268' title='bbox 617 3810 675 3864; x_wconf 92' lang='lat' dir='ltr'><strong>in</strong></span> <span class='ocrx_word' id='word_1_269' title='bbox 709 3811 868 3882; x_wconf 89' lang='lat' dir='ltr'><strong>ipsos</strong></span> <span class='ocrx_word' id='word_1_270' title='bbox 901 3810 1224 3881; x_wconf 73' lang='lat' dir='ltr'><strong>injuriaa,ut</strong></span> <span class='ocrx_word' id='word_1_271' title='bbox 1251 3827 1453 3866; x_wconf 88' lang='lat' dir='ltr'><strong>earum</strong></span> <span class='ocrx_word' id='word_1_272' title='bbox 1486 3810 1786 3882; x_wconf 90' lang='lat' dir='ltr'><strong>ipsosjam</strong></span> <span class='ocrx_word' id='word_1_273' title='bbox 1818 3812 1989 3883; x_wconf 88' lang='lat' dir='ltr'><strong>plane</strong></span> 
     </span>
    </p>
   </div>
   <div class='ocr_carea' id='block_1_40' title="bbox 353 3895 1217 3955">
    <p class='ocr_par' dir='ltr' id='par_1_40' title="bbox 353 3895 1217 3955">
     <span class='ocr_line' id='line_1_40' title="bbox 353 3895 1217 3955; baseline 0.002 -2"><span class='ocrx_word' id='word_1_274' title='bbox 353 3895 565 3954; x_wconf 89' lang='lat' dir='ltr'><strong>oblitos</strong></span> <span class='ocrx_word' id='word_1_275' title='bbox 596 3898 867 3954; x_wconf 89' lang='lat' dir='ltr'><strong>credibile</strong></span> <span class='ocrx_word' id='word_1_276' title='bbox 898 3916 1013 3954; x_wconf 91' lang='lat' dir='ltr'><strong>non</strong></span> <span class='ocrx_word' id='word_1_277' title='bbox 1043 3904 1217 3955; x_wconf 86' lang='lat' dir='ltr'><strong>esset.</strong></span> 
     </span>
    </p>
   </div>
   <div class='ocr_carea' id='block_1_41' title="bbox 349 4044 1990 4129">
    <p class='ocr_par' dir='ltr' id='par_1_41' title="bbox 349 4044 1990 4129">
     <span class='ocr_line' id='line_1_41' title="bbox 349 4044 1990 4129; baseline 0.001 -20"><span class='ocrx_word' id='word_1_278' title='bbox 349 4056 406 4110; x_wconf 87' lang='lat'><strong>5.</strong></span> <span class='ocrx_word' id='word_1_279' title='bbox 458 4057 522 4112; x_wconf 80' lang='lat' dir='ltr'><strong>Ut</strong></span> <span class='ocrx_word' id='word_1_280' title='bbox 569 4044 883 4128; x_wconf 70' lang='lat' dir='ltr'><strong>imperator</strong></span> <span class='ocrx_word' id='word_1_281' title='bbox 927 4058 992 4112; x_wconf 84' lang='lat' dir='ltr'><strong>de</strong></span> <span class='ocrx_word' id='word_1_282' title='bbox 1030 4058 1305 4129; x_wconf 80' lang='lat' dir='ltr'><strong>afﬁnitate</strong></span> <span class='ocrx_word' id='word_1_283' title='bbox 1352 4056 1589 4127; x_wconf 80' lang='lat' dir='ltr'><strong>cogitata</strong></span> <span class='ocrx_word' id='word_1_284' title='bbox 1636 4056 1924 4112; x_wconf 76' lang='lat' dir='ltr'><strong>consilium</strong></span> <span class='ocrx_word' id='word_1_285' title='bbox 1955 4074 1990 4111; x_wconf 89' lang='lat' dir='ltr'><strong>a</strong></span> 
     </span>
    </p>
   </div>
   <div class='ocr_carea' id='block_1_42' title="bbox 562 4129 1669 4200">
    <p class='ocr_par' dir='ltr' id='par_1_42' title="bbox 562 4129 1669 4200">
     <span class='ocr_line' id='line_1_42' title="bbox 562 4129 1669 4200; baseline -0.001 -16"><span class='ocrx_word' id='word_1_286' title='bbox 562 4142 565 4143; x_wconf 71' lang='lat'><strong><em>&#39;</em></strong></span> <span class='ocrx_word' id='word_1_287' title='bbox 662 4130 984 4199; x_wconf 77' lang='lat' dir='ltr'><strong>patriarcha</strong></span> <span class='ocrx_word' id='word_1_288' title='bbox 1009 4144 1107 4200; x_wconf 78' lang='lat' dir='ltr'><strong>per</strong></span> <span class='ocrx_word' id='word_1_289' title='bbox 1148 4129 1341 4184; x_wconf 73' lang='lat' dir='ltr'><strong>missos</strong></span> <span class='ocrx_word' id='word_1_290' title='bbox 1372 4130 1669 4200; x_wconf 66' lang='lat' dir='ltr'><strong>quaesierit.</strong></span> 
     </span>
    </p>
   </div>
   <div class='ocr_carea' id='block_1_43' title="bbox 430 4251 1987 4323">
    <p class='ocr_par' dir='ltr' id='par_1_43' title="bbox 430 4251 1987 4323">
     <span class='ocr_line' id='line_1_43' title="bbox 430 4251 1987 4323; baseline 0 -18"><span class='ocrx_word' id='word_1_291' title='bbox 430 4251 555 4305; x_wconf 64' lang='lat' dir='ltr'><strong>Haec</strong></span> <span class='ocrx_word' id='word_1_292' title='bbox 588 4267 717 4306; x_wconf 91' lang='lat' dir='ltr'><strong>cum</strong></span> <span class='ocrx_word' id='word_1_293' title='bbox 741 4269 774 4307; x_wconf 93' lang='lat' dir='ltr'><strong>a</strong></span> <span class='ocrx_word' id='word_1_294' title='bbox 805 4253 1048 4307; x_wconf 91' lang='lat' dir='ltr'><strong>concilio</strong></span> <span class='ocrx_word' id='word_1_295' title='bbox 1090 4253 1246 4308; x_wconf 90' lang='lat' dir='ltr'><strong>dicta</strong></span> <span class='ocrx_word' id='word_1_296' title='bbox 1287 4256 1503 4321; x_wconf 89' lang='lat' dir='ltr'><strong>essent,</strong></span> <span class='ocrx_word' id='word_1_297' title='bbox 1546 4251 1864 4323; x_wconf 86' lang='lat' dir='ltr'><strong>imperator</strong></span> <span class='ocrx_word' id='word_1_298' title='bbox 1890 4268 1987 4322; x_wconf 85' lang='lat' dir='ltr'><strong>pa-</strong></span> 
     </span>
    </p>
   </div>
   <div class='ocr_carea' id='block_1_44' title="bbox 352 4337 1988 4412">
    <p class='ocr_par' dir='ltr' id='par_1_44' title="bbox 352 4337 1988 4412">
     <span class='ocr_line' id='line_1_44' title="bbox 352 4337 1988 4412; baseline 0.001 -20"><span class='ocrx_word' id='word_1_299' title='bbox 352 4337 618 4394; x_wconf 60' lang='lat' dir='ltr'><strong>triarchae</strong></span> <span class='ocrx_word' id='word_1_300' title='bbox 659 4356 832 4411; x_wconf 88' lang='lat' dir='ltr'><strong>super</strong></span> <span class='ocrx_word' id='word_1_301' title='bbox 867 4356 933 4395; x_wconf 86' lang='lat' dir='ltr'><strong>ea</strong></span> <span class='ocrx_word' id='word_1_302' title='bbox 964 4357 1023 4397; x_wconf 91' lang='lat' dir='ltr'><strong>re</strong></span> <span class='ocrx_word' id='word_1_303' title='bbox 1055 4342 1401 4397; x_wconf 78' lang='lat' dir='ltr'><strong>sententiain</strong></span> <span class='ocrx_word' id='word_1_304' title='bbox 1435 4340 1849 4412; x_wconf 82' lang='lat' dir='ltr'><strong>exquirendam</strong></span> <span class='ocrx_word' id='word_1_305' title='bbox 1882 4356 1988 4410; x_wconf 90' lang='lat' dir='ltr'><strong>pu-</strong></span> 
     </span>
    </p>
   </div>
   <div class='ocr_carea' id='block_1_45' title="bbox 354 4427 1986 4500">
    <p class='ocr_par' dir='ltr' id='par_1_45' title="bbox 354 4427 1986 4500">
     <span class='ocr_line' id='line_1_45' title="bbox 354 4427 1986 4500; baseline -0.001 -18"><span class='ocrx_word' id='word_1_306' title='bbox 354 4428 517 4495; x_wconf 86' lang='lat' dir='ltr'><strong>tavit,</strong></span> <span class='ocrx_word' id='word_1_307' title='bbox 574 4428 804 4483; x_wconf 90' lang='lat' dir='ltr'><strong>arcanis</strong></span> <span class='ocrx_word' id='word_1_308' title='bbox 848 4444 952 4500; x_wconf 92' lang='lat' dir='ltr'><strong>per</strong></span> <span class='ocrx_word' id='word_1_309' title='bbox 1007 4429 1161 4484; x_wconf 87' lang='lat' dir='ltr'><strong>viros</strong></span> <span class='ocrx_word' id='word_1_310' title='bbox 1213 4431 1455 4485; x_wconf 88' lang='lat' dir='ltr'><strong>idoneos</strong></span> <span class='ocrx_word' id='word_1_311' title='bbox 1500 4429 1696 4485; x_wconf 89' lang='lat' dir='ltr'><strong>missis</strong></span> <span class='ocrx_word' id='word_1_312' title='bbox 1754 4427 1986 4483; x_wconf 89' lang='lat' dir='ltr'><strong>litteris.</strong></span> 
     </span>
    </p>
   </div>
   <div class='ocr_carea' id='block_1_46' title="bbox 358 4514 1985 4589">
    <p class='ocr_par' dir='ltr' id='par_1_46' title="bbox 358 4514 1985 4589">
     <span class='ocr_line' id='line_1_46' title="bbox 358 4514 1985 4589; baseline 0 -19"><span class='ocrx_word' id='word_1_313' title='bbox 358 4514 535 4570; x_wconf 87' lang='lat' dir='ltr'><strong>lllein</strong></span> <span class='ocrx_word' id='word_1_314' title='bbox 569 4516 815 4588; x_wconf 83' lang='lat' dir='ltr'><strong>Mytzam</strong></span> <span class='ocrx_word' id='word_1_315' title='bbox 847 4522 1053 4588; x_wconf 89' lang='lat' dir='ltr'><strong>sponte</strong></span> <span class='ocrx_word' id='word_1_316' title='bbox 1084 4518 1303 4572; x_wconf 90' lang='lat' dir='ltr'><strong>dudum</strong></span> <span class='ocrx_word' id='word_1_317' title='bbox 1338 4535 1444 4573; x_wconf 90' lang='lat' dir='ltr'><strong>sua</strong></span> <span class='ocrx_word' id='word_1_318' title='bbox 1494 4533 1839 4589; x_wconf 87' lang='lat' dir='ltr'><strong>propensus,</strong></span> <span class='ocrx_word' id='word_1_319' title='bbox 1896 4532 1985 4570; x_wconf 88' lang='lat' dir='ltr'><strong>ce-</strong></span> 
     </span>
    </p>
   </div>
   <div class='ocr_carea' id='block_1_47' title="bbox 2101 596 3735 671">
    <p class='ocr_par' dir='ltr' id='par_1_47' title="bbox 2101 596 3735 671">
     <span class='ocr_line' id='line_1_47' title="bbox 2101 596 3735 671; baseline -0.006 -14"><span class='ocrx_word' id='word_1_320' title='bbox 2101 601 2157 657; x_wconf 77' lang='grc' dir='ltr'>δὲ</span> <span class='ocrx_word' id='word_1_321' title='bbox 2198 604 2287 657; x_wconf 87' lang='grc' dir='ltr'>καὶ</span> <span class='ocrx_word' id='word_1_322' title='bbox 2337 602 2559 666; x_wconf 70' lang='grc' dir='ltr'>ἐνταῦθα</span> <span class='ocrx_word' id='word_1_323' title='bbox 2611 606 2729 661; x_wconf 87' lang='grc' dir='ltr'>ταῖς</span> <span class='ocrx_word' id='word_1_324' title='bbox 2784 599 2991 655; x_wconf 85' lang='grc' dir='ltr'>ἐκείνου</span> <span class='ocrx_word' id='word_1_325' title='bbox 3049 604 3385 671; x_wconf 82' lang='grc' dir='ltr'>προτροπαῖς</span> <span class='ocrx_word' id='word_1_326' title='bbox 3432 596 3735 671; x_wconf 86' lang='grc' dir='ltr'>γενόμενοι·</span> 
     </span>
    </p>
   </div>
   <div class='ocr_carea' id='block_1_48' title="bbox 2097 680 3735 764">
    <p class='ocr_par' dir='ltr' id='par_1_48' title="bbox 2097 680 3735 764">
     <span class='ocr_line' id='line_1_48' title="bbox 2097 680 3735 764; baseline -0.009 -23"><span class='ocrx_word' id='word_1_327' title='bbox 2097 687 2291 763; x_wconf 69' lang='grc' dir='ltr'>ἤρεσκε</span> <span class='ocrx_word' id='word_1_328' title='bbox 2320 691 2422 764; x_wconf 76' lang='grc' dir='ltr'><strong>γὰρ</strong></span> <span class='ocrx_word' id='word_1_329' title='bbox 2454 690 2539 744; x_wconf 81' lang='grc' dir='ltr'>ἐπὶ</span> <span class='ocrx_word' id='word_1_330' title='bbox 2569 690 2784 752; x_wconf 75' lang='grc' dir='ltr'>τούτοις</span> <span class='ocrx_word' id='word_1_331' title='bbox 2838 688 2926 742; x_wconf 77' lang='grc' dir='ltr'><strong>καὶ</strong></span> <span class='ocrx_word' id='word_1_332' title='bbox 2980 691 3008 757; x_wconf 68' lang='grc' dir='ltr'>ἡ</span> <span class='ocrx_word' id='word_1_333' title='bbox 3058 692 3153 741; x_wconf 75' lang='grc' dir='ltr'><strong>τοῦ</strong></span> <span class='ocrx_word' id='word_1_334' title='bbox 3212 680 3542 759; x_wconf 76' lang='grc' dir='ltr'>’Λναζάρϐου</span> <span class='ocrx_word' id='word_1_335' title='bbox 3598 692 3735 738; x_wconf 77' lang='grc' dir='ltr'><strong>Θεο-</strong></span> 
     </span>
    </p>
   </div>
   <div class='ocr_carea' id='block_1_49' title="bbox 2101 774 3741 853">
    <p class='ocr_par' dir='ltr' id='par_1_49' title="bbox 2101 774 3741 853">
     <span class='ocr_line' id='line_1_49' title="bbox 2101 774 3741 853; baseline -0.003 -22"><span class='ocrx_word' id='word_1_336' title='bbox 2101 775 2350 852; x_wconf 80' lang='grc' dir='ltr'>δωρήτου</span> <span class='ocrx_word' id='word_1_337' title='bbox 2385 780 2582 853; x_wconf 78' lang='grc' dir='ltr'>βουλὴ,</span> <span class='ocrx_word' id='word_1_338' title='bbox 2618 778 2691 839; x_wconf 82' lang='grc' dir='ltr'><strong>εἰς</strong></span> <span class='ocrx_word' id='word_1_339' title='bbox 2720 778 2878 831; x_wconf 82' lang='grc' dir='ltr'>νόσον</span> <span class='ocrx_word' id='word_1_340' title='bbox 2910 774 3017 845; x_wconf 77' lang='grc' dir='ltr'><strong>ἤδη</strong></span> <span class='ocrx_word' id='word_1_341' title='bbox 3050 775 3326 836; x_wconf 71' lang='grc' dir='ltr'>κλιθέντος</span> <span class='ocrx_word' id='word_1_342' title='bbox 3358 780 3453 829; x_wconf 80' lang='grc' dir='ltr'>τοῦ</span> <span class='ocrx_word' id='word_1_343' title='bbox 3484 775 3741 848; x_wconf 82' lang='grc' dir='ltr'>πατριάρ-</span> 
     </span>
    </p>
   </div>
   <div class='ocr_carea' id='block_1_50' title="bbox 2100 862 3738 939">
    <p class='ocr_par' dir='ltr' id='par_1_50' title="bbox 2100 862 3738 939">
     <span class='ocr_line' id='line_1_50' title="bbox 2100 862 3738 939; baseline -0.003 -21"><span class='ocrx_word' id='word_1_344' title='bbox 2100 885 2233 939; x_wconf 68' lang='grc' dir='ltr'>χου,</span> <span class='ocrx_word' id='word_1_345' title='bbox 2292 868 2416 928; x_wconf 81' lang='grc' dir='ltr'>τοὺς</span> <span class='ocrx_word' id='word_1_346' title='bbox 2468 866 2683 927; x_wconf 75' lang='grc' dir='ltr'>ἱκανοὺς</span> <span class='ocrx_word' id='word_1_347' title='bbox 2738 866 2795 919; x_wconf 77' lang='grc' dir='ltr'>ἐκ</span> <span class='ocrx_word' id='word_1_348' title='bbox 2851 866 3165 939; x_wconf 81' lang='grc' dir='ltr'>προτροπῆς</span> <span class='ocrx_word' id='word_1_349' title='bbox 3220 863 3425 917; x_wconf 83' lang='grc' dir='ltr'>ἐκείνου</span> <span class='ocrx_word' id='word_1_350' title='bbox 3477 862 3738 937; x_wconf 86' lang='grc' dir='ltr'>γίνεσθαι,</span> 
     </span>
    </p>
   </div>
   <div class='ocr_carea' id='block_1_51' title="bbox 2100 949 3742 1031">
    <p class='ocr_par' dir='ltr' id='par_1_51' title="bbox 2100 949 3742 1031">
     <span class='ocr_line' id='line_1_51' title="bbox 2100 949 3742 1031; baseline -0.002 -24"><span class='ocrx_word' id='word_1_351' title='bbox 2100 953 2180 1031; x_wconf 87' lang='grc' dir='ltr'><strong>ἐφ’</strong></span> <span class='ocrx_word' id='word_1_352' title='bbox 2236 956 2279 1026; x_wconf 85' lang='grc' dir='ltr'>ᾦ</span> <span class='ocrx_word' id='word_1_353' title='bbox 2336 956 2426 1009; x_wconf 85' lang='grc' dir='ltr'>τὸν</span> <span class='ocrx_word' id='word_1_354' title='bbox 2486 956 2599 1026; x_wconf 85' lang='grc' dir='ltr'>μετ’</span> <span class='ocrx_word' id='word_1_355' title='bbox 2653 955 2849 1009; x_wconf 85' lang='grc' dir='ltr'>ἐκεῖνον</span> <span class='ocrx_word' id='word_1_356' title='bbox 2893 952 3451 1027; x_wconf 82' lang='grc' dir='ltr'>προσκληθησόμενον</span> <span class='ocrx_word' id='word_1_357' title='bbox 3484 949 3742 1019; x_wconf 77' lang='grc' dir='ltr'>ἀνεπιλή-</span> 
     </span>
    </p>
   </div>
   <div class='ocr_carea' id='block_1_52' title="bbox 2101 1039 3740 1117">
    <p class='ocr_par' dir='ltr' id='par_1_52' title="bbox 2101 1039 3740 1117">
     <span class='ocr_line' id='line_1_52' title="bbox 2101 1039 3740 1117; baseline -0.002 -21"><span class='ocrx_word' id='word_1_358' title='bbox 2101 1064 2248 1103; x_wconf 86' lang='grc' dir='ltr'>πτως</span> <span class='ocrx_word' id='word_1_359' title='bbox 2307 1044 2379 1103; x_wconf 83' lang='grc' dir='ltr'><strong>ὡς</strong></span> <span class='ocrx_word' id='word_1_360' title='bbox 2432 1045 2632 1102; x_wconf 77' lang='grc' dir='ltr'>ἱκανῶς</span> <span class='ocrx_word' id='word_1_361' title='bbox 2687 1044 3029 1117; x_wconf 83' lang='grc' dir='ltr'>ψηφίζοιντο.</span> <span class='ocrx_word' id='word_1_362' title='bbox 3090 1043 3178 1101; x_wconf 83' lang='grc' dir='ltr'><strong>Ὡς</strong></span> <span class='ocrx_word' id='word_1_363' title='bbox 3232 1045 3360 1114; x_wconf 73' lang='grc' dir='ltr'>γοῦν</span> <span class='ocrx_word' id='word_1_364' title='bbox 3412 1039 3654 1107; x_wconf 82' lang='grc' dir='ltr'>ἐζητεῖτο</span> <span class='ocrx_word' id='word_1_365' title='bbox 3713 1040 3740 1092; x_wconf 87' lang='grc' dir='ltr'>ὁ</span> 
     </span>
    </p>
   </div>
   <div class='ocr_carea' id='block_1_53' title="bbox 2099 1126 3735 1205">
    <p class='ocr_par' dir='ltr' id='par_1_53' title="bbox 2099 1126 3735 1205">
     <span class='ocr_line' id='line_1_53' title="bbox 2099 1126 3735 1205; baseline -0.004 -21"><span class='ocrx_word' id='word_1_366' title='bbox 2099 1132 2514 1205; x_wconf 81' lang='grc' dir='ltr'>χρησιμεύσων,</span> <span class='ocrx_word' id='word_1_367' title='bbox 2570 1134 2669 1204; x_wconf 87' lang='grc' dir='ltr'><strong>[Ρ.</strong></span> <span class='ocrx_word' id='word_1_368' title='bbox 2729 1133 2854 1201; x_wconf 76' lang='lat'><strong>299]</strong></span> <span class='ocrx_word' id='word_1_369' title='bbox 2913 1130 3002 1183; x_wconf 79' lang='grc' dir='ltr'><strong>καὶ</strong></span> <span class='ocrx_word' id='word_1_370' title='bbox 3064 1126 3238 1189; x_wconf 70' lang='grc' dir='ltr'>οὐδεὶς</span> <span class='ocrx_word' id='word_1_371' title='bbox 3294 1133 3389 1182; x_wconf 77' lang='grc' dir='ltr'><strong>τοῦ</strong></span> <span class='ocrx_word' id='word_1_372' title='bbox 3439 1126 3735 1202; x_wconf 82' lang='grc' dir='ltr'>Πρίγκιπος</span> 
     </span>
    </p>
   </div>
   <div class='ocr_carea' id='block_1_54' title="bbox 2100 1215 3734 1292">
    <p class='ocr_par' dir='ltr' id='par_1_54' title="bbox 2100 1215 3734 1292">
     <span class='ocr_line' id='line_1_54' title="bbox 2100 1215 3734 1292; baseline -0.004 -19"><span class='ocrx_word' id='word_1_373' title='bbox 2100 1218 2479 1292; x_wconf 82' lang='grc' dir='ltr'>ἀπεγίνωσκεν,</span> <span class='ocrx_word' id='word_1_374' title='bbox 2554 1219 2620 1287; x_wconf 80' lang='grc' dir='ltr'>ἦν</span> <span class='ocrx_word' id='word_1_375' title='bbox 2704 1221 2793 1272; x_wconf 73' lang='grc' dir='ltr'><strong>οὖν</strong></span> <span class='ocrx_word' id='word_1_376' title='bbox 2871 1216 3023 1278; x_wconf 77' lang='grc' dir='ltr'>εὐθὺς</span> <span class='ocrx_word' id='word_1_377' title='bbox 3101 1218 3189 1270; x_wconf 85' lang='grc' dir='ltr'><strong>καὶ</strong></span> <span class='ocrx_word' id='word_1_378' title='bbox 3264 1217 3590 1292; x_wconf 77' lang='grc' dir='ltr'>ψηφίζεσθαι</span> <span class='ocrx_word' id='word_1_379' title='bbox 3644 1215 3734 1268; x_wconf 84' lang='grc' dir='ltr'><strong>καὶ</strong></span> 
     </span>
    </p>
   </div>
   <div class='ocr_carea' id='block_1_55' title="bbox 2097 1302 3739 1381">
    <p class='ocr_par' dir='ltr' id='par_1_55' title="bbox 2097 1302 3739 1381">
     <span class='ocr_line' id='line_1_55' title="bbox 2097 1302 3739 1381; baseline -0.003 -21"><span class='ocrx_word' id='word_1_380' title='bbox 2097 1305 2519 1381; x_wconf 80' lang='grc' dir='ltr'>προσκαλεῖσθαι</span> <span class='ocrx_word' id='word_1_381' title='bbox 2568 1308 2657 1361; x_wconf 88' lang='grc' dir='ltr'>τὸν</span> <span class='ocrx_word' id='word_1_382' title='bbox 2707 1304 2892 1380; x_wconf 76' lang='grc' dir='ltr'>ἄνδρα.</span> <span class='ocrx_word' id='word_1_383' title='bbox 2945 1306 3104 1360; x_wconf 84' lang='grc' dir='ltr'><strong>ἈλΛ’</strong></span> <span class='ocrx_word' id='word_1_384' title='bbox 3152 1306 3178 1357; x_wconf 92' lang='grc' dir='ltr'>ὁ</span> <span class='ocrx_word' id='word_1_385' title='bbox 3213 1303 3467 1379; x_wconf 81' lang='grc' dir='ltr'>βασιλεὺς</span> <span class='ocrx_word' id='word_1_386' title='bbox 3496 1302 3655 1380; x_wconf 89' lang='grc' dir='ltr'>σοφόν</span> <span class='ocrx_word' id='word_1_387' title='bbox 3688 1324 3739 1355; x_wconf 88' lang='grc' dir='ltr'><strong>τι</strong></span> 
     </span>
    </p>
   </div>
   <div class='ocr_carea' id='block_1_56' title="bbox 2100 1391 3737 1469">
    <p class='ocr_par' dir='ltr' id='par_1_56' title="bbox 2100 1391 3737 1469">
     <span class='ocr_line' id='line_1_56' title="bbox 2100 1391 3737 1469; baseline -0.003 -21"><span class='ocrx_word' id='word_1_388' title='bbox 2100 1400 2337 1469; x_wconf 82' lang='grc' dir='ltr'>συνορῶν</span> <span class='ocrx_word' id='word_1_389' title='bbox 2369 1394 2455 1449; x_wconf 80' lang='grc' dir='ltr'><strong>ἐπὶ</strong></span> <span class='ocrx_word' id='word_1_390' title='bbox 2511 1394 2723 1455; x_wconf 78' lang='grc' dir='ltr'>τούτοις</span> <span class='ocrx_word' id='word_1_391' title='bbox 2755 1394 3037 1448; x_wconf 86' lang='grc' dir='ltr'>ὑπώπτευε</span> <span class='ocrx_word' id='word_1_392' title='bbox 3064 1394 3162 1461; x_wconf 78' lang='grc' dir='ltr'>τὴν</span> <span class='ocrx_word' id='word_1_393' title='bbox 3215 1391 3446 1467; x_wconf 84' lang='grc' dir='ltr'>χλεύην,</span> <span class='ocrx_word' id='word_1_394' title='bbox 3503 1392 3591 1445; x_wconf 81' lang='grc' dir='ltr'><strong>καὶ</strong></span> <span class='ocrx_word' id='word_1_395' title='bbox 3646 1392 3737 1445; x_wconf 88' lang='grc' dir='ltr'>τὸν</span> 
     </span>
    </p>
   </div>
   <div class='ocr_carea' id='block_1_57' title="bbox 2096 1479 3742 1556">
    <p class='ocr_par' dir='ltr' id='par_1_57' title="bbox 2096 1479 3742 1556">
     <span class='ocr_line' id='line_1_57' title="bbox 2096 1479 3742 1556; baseline -0.002 -19"><span class='ocrx_word' id='word_1_396' title='bbox 2096 1483 2435 1556; x_wconf 75' lang='grc' dir='ltr'>κρεμάμενον</span> <span class='ocrx_word' id='word_1_397' title='bbox 2469 1483 2527 1536; x_wconf 81' lang='grc' dir='ltr'>ἐκ</span> <span class='ocrx_word' id='word_1_398' title='bbox 2555 1490 2654 1551; x_wconf 82' lang='grc' dir='ltr'><strong>τῆς</strong></span> <span class='ocrx_word' id='word_1_399' title='bbox 2686 1483 2916 1555; x_wconf 81' lang='grc' dir='ltr'>ὑποψίας</span> <span class='ocrx_word' id='word_1_400' title='bbox 2946 1479 3259 1555; x_wconf 83' lang='grc' dir='ltr'>κατάγελων</span> <span class='ocrx_word' id='word_1_401' title='bbox 3297 1482 3493 1551; x_wconf 76' lang='grc' dir='ltr'>μήπως</span> <span class='ocrx_word' id='word_1_402' title='bbox 3528 1479 3742 1555; x_wconf 72' lang='grc' dir='ltr'>ὀφλήσῃ</span> 
     </span>
    </p>
   </div>
   <div class='ocr_carea' id='block_1_58' title="bbox 2097 1567 3741 1645">
    <p class='ocr_par' dir='ltr' id='par_1_58' title="bbox 2097 1567 3741 1645">
     <span class='ocr_line' id='line_1_58' title="bbox 2097 1567 3741 1645; baseline -0.002 -20"><span class='ocrx_word' id='word_1_403' title='bbox 2097 1570 2369 1645; x_wconf 81' lang='grc' dir='ltr'>προὺνόει.</span> <span class='ocrx_word' id='word_1_404' title='bbox 2402 1571 2477 1627; x_wconf 89' lang='grc' dir='ltr'><strong>Τὸ</strong></span> <span class='ocrx_word' id='word_1_405' title='bbox 2509 1573 2607 1645; x_wconf 81' lang='grc' dir='ltr'>γὰρ</span> <span class='ocrx_word' id='word_1_406' title='bbox 2640 1569 2915 1644; x_wconf 86' lang='grc' dir='ltr'>Ηρίγκιπα</span> <span class='ocrx_word' id='word_1_407' title='bbox 2965 1570 3039 1641; x_wconf 78' lang='grc' dir='ltr'>μή</span> <span class='ocrx_word' id='word_1_408' title='bbox 3094 1567 3167 1622; x_wconf 80' lang='grc' dir='ltr'>δι’</span> <span class='ocrx_word' id='word_1_409' title='bbox 3208 1568 3340 1621; x_wconf 76' lang='grc' dir='ltr'>ὅΛου</span> <span class='ocrx_word' id='word_1_410' title='bbox 3390 1572 3454 1640; x_wconf 80' lang='grc' dir='ltr'><strong>τῇ</strong></span> <span class='ocrx_word' id='word_1_411' title='bbox 3508 1567 3741 1635; x_wconf 85' lang='grc' dir='ltr'>Ἐκκλη-</span> 
     </span>
    </p>
   </div>
   <div class='ocr_carea' id='block_1_59' title="bbox 2098 1653 3741 1730">
    <p class='ocr_par' dir='ltr' id='par_1_59' title="bbox 2098 1653 3741 1730">
     <span class='ocr_line' id='line_1_59' title="bbox 2098 1653 3741 1730; baseline -0.002 -18"><span class='ocrx_word' id='word_1_412' title='bbox 2098 1660 2186 1730; x_wconf 74' lang='grc' dir='ltr'><strong>σίᾳ</strong></span> <span class='ocrx_word' id='word_1_413' title='bbox 2217 1660 2503 1730; x_wconf 74' lang='grc' dir='ltr'>ἑνούμενον</span> <span class='ocrx_word' id='word_1_414' title='bbox 2540 1657 2629 1712; x_wconf 81' lang='grc' dir='ltr'><strong>διὰ</strong></span> <span class='ocrx_word' id='word_1_415' title='bbox 2654 1661 2721 1713; x_wconf 75' lang='grc' dir='ltr'>τὰ</span> <span class='ocrx_word' id='word_1_416' title='bbox 2752 1653 3031 1729; x_wconf 78' lang='grc' dir='ltr'>συμϐάντα</span> <span class='ocrx_word' id='word_1_417' title='bbox 3063 1654 3175 1710; x_wconf 81' lang='grc' dir='ltr'>οὐδ’</span> <span class='ocrx_word' id='word_1_418' title='bbox 3230 1655 3375 1717; x_wconf 78' lang='grc' dir='ltr'>ὅλως</span> <span class='ocrx_word' id='word_1_419' title='bbox 3421 1655 3629 1728; x_wconf 77' lang='grc' dir='ltr'>ἠγνόει,</span> <span class='ocrx_word' id='word_1_420' title='bbox 3678 1656 3741 1709; x_wconf 88' lang='grc' dir='ltr'>τὸ</span> 
     </span>
    </p>
   </div>
   <div class='ocr_carea' id='block_1_60' title="bbox 2099 1744 3738 1817">
    <p class='ocr_par' dir='ltr' id='par_1_60' title="bbox 2099 1744 3738 1817">
     <span class='ocr_line' id='line_1_60' title="bbox 2099 1744 3738 1817; baseline -0.004 -16"><span class='ocrx_word' id='word_1_421' title='bbox 2099 1746 2155 1801; x_wconf 78' lang='grc' dir='ltr'>δὲ</span> <span class='ocrx_word' id='word_1_422' title='bbox 2204 1746 2685 1809; x_wconf 81' lang='grc' dir='ltr'>συνυποκλίνεσθαι</span> <span class='ocrx_word' id='word_1_423' title='bbox 2741 1746 2877 1799; x_wconf 80' lang='grc' dir='ltr'>κατὰ</span> <span class='ocrx_word' id='word_1_424' title='bbox 2933 1746 3099 1816; x_wconf 76' lang='grc' dir='ltr'>τιμὴν</span> <span class='ocrx_word' id='word_1_425' title='bbox 3161 1744 3459 1817; x_wconf 84' lang='grc' dir='ltr'>ὑπερτάτην</span> <span class='ocrx_word' id='word_1_426' title='bbox 3517 1762 3738 1812; x_wconf 84' lang='grc' dir='ltr'>προτει-</span> 
     </span>
    </p>
   </div>
   <div class='ocr_carea' id='block_1_61' title="bbox 2100 1830 3740 1907">
    <p class='ocr_par' dir='ltr' id='par_1_61' title="bbox 2100 1830 3740 1907">
     <span class='ocr_line' id='line_1_61' title="bbox 2100 1830 3740 1907; baseline -0.003 -20"><span class='ocrx_word' id='word_1_427' title='bbox 2100 1836 2332 1905; x_wconf 71' lang='grc' dir='ltr'>νομένην</span> <span class='ocrx_word' id='word_1_428' title='bbox 2383 1832 2518 1906; x_wconf 81' lang='grc' dir='ltr'>ᾤετο</span> <span class='ocrx_word' id='word_1_429' title='bbox 2574 1836 2690 1906; x_wconf 78' lang='grc' dir='ltr'>μὲν,</span> <span class='ocrx_word' id='word_1_430' title='bbox 2740 1834 2838 1887; x_wconf 80' lang='grc' dir='ltr'><strong>οὑκ</strong></span> <span class='ocrx_word' id='word_1_431' title='bbox 2882 1835 2995 1907; x_wconf 71' lang='grc' dir='ltr'>εἶχε</span> <span class='ocrx_word' id='word_1_432' title='bbox 3044 1830 3086 1885; x_wconf 85' lang='grc' dir='ltr'>δ’</span> <span class='ocrx_word' id='word_1_433' title='bbox 3123 1832 3399 1904; x_wconf 84' lang='grc' dir='ltr'>ἀραρότως</span> <span class='ocrx_word' id='word_1_434' title='bbox 3449 1830 3740 1887; x_wconf 80' lang='grc' dir='ltr'>πιστεύειν.</span> 
     </span>
    </p>
   </div>
   <div class='ocr_carea' id='block_1_62' title="bbox 2104 1918 3743 1998">
    <p class='ocr_par' dir='ltr' id='par_1_62' title="bbox 2104 1918 3743 1998">
     <span class='ocr_line' id='line_1_62' title="bbox 2104 1918 3743 1998; baseline -0.005 -20"><span class='ocrx_word' id='word_1_435' title='bbox 2104 1922 2324 1995; x_wconf 78' lang='grc' dir='ltr'><strong>Εἷγοῦν</strong></span> <span class='ocrx_word' id='word_1_436' title='bbox 2360 1923 2647 1998; x_wconf 76' lang='grc' dir='ltr'>ψηφισθεῖς</span> <span class='ocrx_word' id='word_1_437' title='bbox 2698 1924 2905 1995; x_wconf 85' lang='grc' dir='ltr'>ἀπερεῖ,</span> <span class='ocrx_word' id='word_1_438' title='bbox 2957 1920 3088 1973; x_wconf 75' lang='grc' dir='ltr'>εἶναι</span> <span class='ocrx_word' id='word_1_439' title='bbox 3127 1922 3218 1992; x_wconf 78' lang='grc' dir='ltr'>μὶν</span> <span class='ocrx_word' id='word_1_440' title='bbox 3282 1918 3464 1990; x_wconf 83' lang='grc' dir='ltr'>ἐκείνῳ</span> <span class='ocrx_word' id='word_1_441' title='bbox 3518 1919 3617 1985; x_wconf 79' lang='grc' dir='ltr'>τὴν</span> <span class='ocrx_word' id='word_1_442' title='bbox 3662 1919 3743 1970; x_wconf 82' lang='grc' dir='ltr'><strong>ὅτι</strong></span> 
     </span>
    </p>
   </div>
   <div class='ocr_carea' id='block_1_63' title="bbox 2102 2005 3741 2084">
    <p class='ocr_par' dir='ltr' id='par_1_63' title="bbox 2102 2005 3741 2084">
     <span class='ocr_line' id='line_1_63' title="bbox 2102 2005 3741 2084; baseline -0.003 -21"><span class='ocrx_word' id='word_1_443' title='bbox 2102 2010 2191 2063; x_wconf 87' lang='grc' dir='ltr'><strong>καὶ</strong></span> <span class='ocrx_word' id='word_1_444' title='bbox 2245 2010 2561 2081; x_wconf 72' lang='grc' dir='ltr'>ἀξιούμενος</span> <span class='ocrx_word' id='word_1_445' title='bbox 2622 2010 2727 2084; x_wconf 83' lang='grc' dir='ltr'>οὐχ</span> <span class='ocrx_word' id='word_1_446' title='bbox 2774 2011 3072 2078; x_wconf 76' lang='grc' dir='ltr'>ὑπήκουσεν</span> <span class='ocrx_word' id='word_1_447' title='bbox 3120 2007 3356 2080; x_wconf 78' lang='grc' dir='ltr'>αὐτάρκη</span> <span class='ocrx_word' id='word_1_448' title='bbox 3395 2008 3586 2078; x_wconf 72' lang='grc' dir='ltr'>τιμὴν,</span> <span class='ocrx_word' id='word_1_449' title='bbox 3614 2005 3741 2065; x_wconf 69' lang='grc' dir='ltr'>τοὺς</span> 
     </span>
    </p>
   </div>
   <div class='ocr_carea' id='block_1_64' title="bbox 2105 2093 3737 2173">
    <p class='ocr_par' dir='ltr' id='par_1_64' title="bbox 2105 2093 3737 2173">
     <span class='ocr_line' id='line_1_64' title="bbox 2105 2093 3737 2173; baseline -0.004 -21"><span class='ocrx_word' id='word_1_450' title='bbox 2105 2096 2161 2152; x_wconf 79' lang='grc' dir='ltr'>δέ</span> <span class='ocrx_word' id='word_1_451' title='bbox 2189 2119 2249 2173; x_wconf 92' lang='grc' dir='ltr'><strong>γε</strong></span> <span class='ocrx_word' id='word_1_452' title='bbox 2279 2097 2606 2158; x_wconf 73' lang='grc' dir='ltr'>καλέσαντας</span> <span class='ocrx_word' id='word_1_453' title='bbox 2648 2098 2695 2169; x_wconf 77' lang='grc' dir='ltr'><strong>ἐξ</strong></span> <span class='ocrx_word' id='word_1_454' title='bbox 2748 2098 2980 2170; x_wconf 85' lang='grc' dir='ltr'>ἀνάγκης</span> <span class='ocrx_word' id='word_1_455' title='bbox 3026 2097 3386 2169; x_wconf 68' lang='grc' dir='ltr'>ἀποφέρεσθαι</span> <span class='ocrx_word' id='word_1_456' title='bbox 3442 2095 3504 2147; x_wconf 88' lang='grc' dir='ltr'>τὸ</span> <span class='ocrx_word' id='word_1_457' title='bbox 3552 2093 3737 2161; x_wconf 84' lang='grc' dir='ltr'>ἦττον,</span> 
     </span>
    </p>
   </div>
   <div class='ocr_carea' id='block_1_65' title="bbox 2104 2180 3738 2258">
    <p class='ocr_par' dir='ltr' id='par_1_65' title="bbox 2104 2180 3738 2258">
     <span class='ocr_line' id='line_1_65' title="bbox 2104 2180 3738 2258; baseline -0.004 -18"><span class='ocrx_word' id='word_1_458' title='bbox 2104 2186 2185 2240; x_wconf 82' lang='grc' dir='ltr'><strong>ὅτι</strong></span> <span class='ocrx_word' id='word_1_459' title='bbox 2241 2186 2328 2239; x_wconf 83' lang='grc' dir='ltr'><strong>καὶ</strong></span> <span class='ocrx_word' id='word_1_460' title='bbox 2386 2187 2653 2255; x_wconf 78' lang='grc' dir='ltr'>ἀξιοῦντες</span> <span class='ocrx_word' id='word_1_461' title='bbox 2711 2187 2773 2239; x_wconf 85' lang='grc' dir='ltr'><strong>οὑ</strong></span> <span class='ocrx_word' id='word_1_462' title='bbox 2844 2182 3306 2258; x_wconf 77' lang='grc' dir='ltr'>προσεδέχθησαν.</span> <span class='ocrx_word' id='word_1_463' title='bbox 3361 2180 3557 2258; x_wconf 75' lang='grc' dir='ltr'>Γράφει</span> <span class='ocrx_word' id='word_1_464' title='bbox 3612 2186 3738 2254; x_wconf 78' lang='grc' dir='ltr'>γοῦν</span> 
     </span>
    </p>
   </div>
   <div class='ocr_carea' id='block_1_66' title="bbox 2104 2270 3738 2349">
    <p class='ocr_par' dir='ltr' id='par_1_66' title="bbox 2104 2270 3738 2349">
     <span class='ocr_line' id='line_1_66' title="bbox 2104 2270 3738 2349; baseline -0.004 -20"><span class='ocrx_word' id='word_1_465' title='bbox 2104 2275 2192 2329; x_wconf 86' lang='grc' dir='ltr'><strong>καὶ</strong></span> <span class='ocrx_word' id='word_1_466' title='bbox 2246 2279 2413 2329; x_wconf 76' lang='grc' dir='ltr'>ταῦτα</span> <span class='ocrx_word' id='word_1_467' title='bbox 2482 2274 2532 2329; x_wconf 79' lang='grc' dir='ltr'>ἐν</span> <span class='ocrx_word' id='word_1_468' title='bbox 2595 2273 2926 2349; x_wconf 74' lang='grc' dir='ltr'>ἀπορρήτοις</span> <span class='ocrx_word' id='word_1_469' title='bbox 2999 2277 3077 2343; x_wconf 80' lang='grc' dir='ltr'>τῷ</span> <span class='ocrx_word' id='word_1_470' title='bbox 3128 2270 3440 2345; x_wconf 79' lang='grc' dir='ltr'>πατριάρχῃ</span> <span class='ocrx_word' id='word_1_471' title='bbox 3479 2313 3492 2338; x_wconf 95' lang='grc'><strong>,</strong></span> <span class='ocrx_word' id='word_1_472' title='bbox 3549 2273 3738 2344; x_wconf 82' lang='grc' dir='ltr'>πειρᾷν</span> 
     </span>
    </p>
   </div>
   <div class='ocr_carea' id='block_1_67' title="bbox 2101 2485 3735 2561">
    <p class='ocr_par' dir='ltr' id='par_1_67' title="bbox 2101 2485 3735 2561">
     <span class='ocr_line' id='line_1_67' title="bbox 2101 2485 3735 2561; baseline -0.003 -16"><span class='ocrx_word' id='word_1_473' title='bbox 2101 2494 2270 2546; x_wconf 88' lang='lat' dir='ltr'><strong>antea</strong></span> <span class='ocrx_word' id='word_1_474' title='bbox 2299 2508 2333 2546; x_wconf 92' lang='lat' dir='ltr'><strong>a</strong></span> <span class='ocrx_word' id='word_1_475' title='bbox 2362 2491 2605 2561; x_wconf 89' lang='lat' dir='ltr'><strong>degente</strong></span> <span class='ocrx_word' id='word_1_476' title='bbox 2634 2490 2753 2544; x_wconf 92' lang='lat' dir='ltr'><strong>illic</strong></span> <span class='ocrx_word' id='word_1_477' title='bbox 2791 2488 3099 2560; x_wconf 80' lang='lat' dir='ltr'><strong>Euthymio</strong></span> <span class='ocrx_word' id='word_1_478' title='bbox 3139 2487 3345 2553; x_wconf 87' lang='lat' dir='ltr'><strong>vocati,</strong></span> <span class='ocrx_word' id='word_1_479' title='bbox 3395 2486 3531 2540; x_wconf 87' lang='lat' dir='ltr'><strong>huic</strong></span> <span class='ocrx_word' id='word_1_480' title='bbox 3579 2485 3735 2540; x_wconf 92' lang='lat' dir='ltr'><strong>enim</strong></span> 
     </span>
    </p>
   </div>
   <div class='ocr_carea' id='block_1_68' title="bbox 2103 2574 3739 2649">
    <p class='ocr_par' dir='ltr' id='par_1_68' title="bbox 2103 2574 3739 2649">
     <span class='ocr_line' id='line_1_68' title="bbox 2103 2574 3739 2649; baseline -0.003 -16"><span class='ocrx_word' id='word_1_481' title='bbox 2103 2595 2169 2633; x_wconf 86' lang='lat' dir='ltr'><strong>ex</strong></span> <span class='ocrx_word' id='word_1_482' title='bbox 2200 2578 2402 2634; x_wconf 89' lang='lat' dir='ltr'><strong>morbo</strong></span> <span class='ocrx_word' id='word_1_483' title='bbox 2433 2595 2548 2649; x_wconf 92' lang='lat' dir='ltr'><strong>quo</strong></span> <span class='ocrx_word' id='word_1_484' title='bbox 2579 2577 2827 2633; x_wconf 91' lang='lat' dir='ltr'><strong>decessit</strong></span> <span class='ocrx_word' id='word_1_485' title='bbox 2866 2575 3237 2632; x_wconf 89' lang='lat' dir='ltr'><strong>decumbenti</strong></span> <span class='ocrx_word' id='word_1_486' title='bbox 3270 2578 3646 2646; x_wconf 88' lang='lat' dir='ltr'><strong>persuaserat</strong></span> <span class='ocrx_word' id='word_1_487' title='bbox 3689 2574 3739 2627; x_wconf 92' lang='lat' dir='ltr'><strong>ei</strong></span> 
     </span>
    </p>
   </div>
   <div class='ocr_carea' id='block_1_69' title="bbox 2103 2662 3739 2735">
    <p class='ocr_par' dir='ltr' id='par_1_69' title="bbox 2103 2662 3739 2735">
     <span class='ocr_line' id='line_1_69' title="bbox 2103 2662 3739 2735; baseline -0.004 -14"><span class='ocrx_word' id='word_1_488' title='bbox 2103 2667 2792 2721; x_wconf 89' lang='lat' dir='ltr'><strong>assistensTheodoritus</strong></span> <span class='ocrx_word' id='word_1_489' title='bbox 2849 2665 3157 2735; x_wconf 87' lang='lat' dir='ltr'><strong>episcopus</strong></span> <span class='ocrx_word' id='word_1_490' title='bbox 3215 2663 3582 2730; x_wconf 85' lang='lat' dir='ltr'><strong>Anazarbi,e</strong></span> <span class='ocrx_word' id='word_1_491' title='bbox 3650 2662 3739 2717; x_wconf 91' lang='lat' dir='ltr'><strong>sui</strong></span> 
     </span>
    </p>
   </div>
   <div class='ocr_carea' id='block_1_70' title="bbox 2101 2750 3737 2825">
    <p class='ocr_par' dir='ltr' id='par_1_70' title="bbox 2101 2750 3737 2825">
     <span class='ocr_line' id='line_1_70' title="bbox 2101 2750 3737 2825; baseline -0.002 -17"><span class='ocrx_word' id='word_1_492' title='bbox 2101 2754 2534 2825; x_wconf 86' lang='lat' dir='ltr'><strong>patriarcbatus</strong></span> <span class='ocrx_word' id='word_1_493' title='bbox 2587 2753 2939 2825; x_wconf 67' lang='lat' dir='ltr'><strong>praesulibus</strong></span> <span class='ocrx_word' id='word_1_494' title='bbox 2995 2752 3272 2806; x_wconf 90' lang='lat' dir='ltr'><strong>idoneum</strong></span> <span class='ocrx_word' id='word_1_495' title='bbox 3331 2751 3401 2805; x_wconf 89' lang='lat' dir='ltr'><strong>ad</strong></span> <span class='ocrx_word' id='word_1_496' title='bbox 3454 2766 3581 2805; x_wconf 90' lang='lat' dir='ltr'><strong>sese</strong></span> <span class='ocrx_word' id='word_1_497' title='bbox 3610 2750 3737 2819; x_wconf 91' lang='lat' dir='ltr'><strong>jam</strong></span> 
     </span>
    </p>
   </div>
   <div class='ocr_carea' id='block_1_71' title="bbox 2103 2835 3737 2910">
    <p class='ocr_par' dir='ltr' id='par_1_71' title="bbox 2103 2835 3737 2910">
     <span class='ocr_line' id='line_1_71' title="bbox 2103 2835 3737 2910; baseline -0.004 -14"><span class='ocrx_word' id='word_1_498' title='bbox 2103 2859 2259 2897; x_wconf 86' lang='lat' dir='ltr'><strong>nunc</strong></span> <span class='ocrx_word' id='word_1_499' title='bbox 2290 2859 2527 2897; x_wconf 87' lang='lat' dir='ltr'><strong>evocare</strong></span> <span class='ocrx_word' id='word_1_500' title='bbox 2557 2858 2889 2910; x_wconf 87' lang='lat' dir='ltr'><strong>numerum,</strong></span> <span class='ocrx_word' id='word_1_501' title='bbox 2923 2839 3023 2910; x_wconf 91' lang='lat' dir='ltr'><strong>qui</strong></span> <span class='ocrx_word' id='word_1_502' title='bbox 3068 2839 3356 2909; x_wconf 87' lang='lat' dir='ltr'><strong>videlicet,</strong></span> <span class='ocrx_word' id='word_1_503' title='bbox 3406 2838 3455 2893; x_wconf 90' lang='lat' dir='ltr'><strong>si</strong></span> <span class='ocrx_word' id='word_1_504' title='bbox 3506 2837 3644 2908; x_wconf 90' lang='lat' dir='ltr'><strong>quid</strong></span> <span class='ocrx_word' id='word_1_505' title='bbox 3685 2835 3737 2891; x_wconf 92' lang='lat' dir='ltr'><strong>ei</strong></span> 
     </span>
    </p>
   </div>
   <div class='ocr_carea' id='block_1_72' title="bbox 2103 2928 3734 3000">
    <p class='ocr_par' dir='ltr' id='par_1_72' title="bbox 2103 2928 3734 3000">
     <span class='ocr_line' id='line_1_72' title="bbox 2103 2928 3734 3000; baseline -0.003 -17"><span class='ocrx_word' id='word_1_506' title='bbox 2103 2930 2311 2984; x_wconf 88' lang='lat' dir='ltr'><strong>deinde</strong></span> <span class='ocrx_word' id='word_1_507' title='bbox 2341 2930 2681 3000; x_wconf 83' lang='lat' dir='ltr'><strong>contigisset</strong></span> <span class='ocrx_word' id='word_1_508' title='bbox 2728 2928 3093 2997; x_wconf 83' lang='lat' dir='ltr'><strong>humanitus,</strong></span> <span class='ocrx_word' id='word_1_509' title='bbox 3152 2928 3281 2996; x_wconf 81' lang='lat' dir='ltr'><strong>eius</strong></span> <span class='ocrx_word' id='word_1_510' title='bbox 3336 2940 3734 2979; x_wconf 88' lang='lat' dir='ltr'><strong>successorem</strong></span> 
     </span>
    </p>
   </div>
   <div class='ocr_carea' id='block_1_73' title="bbox 2097 3012 3733 3089">
    <p class='ocr_par' dir='ltr' id='par_1_73' title="bbox 2097 3012 3733 3089">
     <span class='ocr_line' id='line_1_73' title="bbox 2097 3012 3733 3089; baseline -0.004 -18"><span class='ocrx_word' id='word_1_511' title='bbox 2097 3017 2273 3087; x_wconf 90' lang='lat' dir='ltr'><strong>justis</strong></span> <span class='ocrx_word' id='word_1_512' title='bbox 2301 3024 2533 3088; x_wconf 88' lang='lat' dir='ltr'><strong>possent</strong></span> <span class='ocrx_word' id='word_1_513' title='bbox 2564 3018 2860 3089; x_wconf 75' lang='lat' dir='ltr'><strong>sulfragiis</strong></span> <span class='ocrx_word' id='word_1_514' title='bbox 2881 3016 3107 3087; x_wconf 83' lang='lat' dir='ltr'><strong>eligere.</strong></span> <span class='ocrx_word' id='word_1_515' title='bbox 3164 3016 3319 3069; x_wconf 92' lang='lat' dir='ltr'><strong>Inter</strong></span> <span class='ocrx_word' id='word_1_516' title='bbox 3366 3014 3471 3067; x_wconf 87' lang='lat' dir='ltr'><strong>hos</strong></span> <span class='ocrx_word' id='word_1_517' title='bbox 3521 3012 3733 3083; x_wconf 88' lang='lat' dir='ltr'><strong>Euthy-</strong></span> 
     </span>
    </p>
   </div>
   <div class='ocr_carea' id='block_1_74' title="bbox 2103 3100 3737 3174">
    <p class='ocr_par' dir='ltr' id='par_1_74' title="bbox 2103 3100 3737 3174">
     <span class='ocr_line' id='line_1_74' title="bbox 2103 3100 3737 3174; baseline -0.002 -15"><span class='ocrx_word' id='word_1_518' title='bbox 2103 3107 2219 3159; x_wconf 90' lang='lat' dir='ltr'><strong>mio</strong></span> <span class='ocrx_word' id='word_1_519' title='bbox 2243 3107 2366 3174; x_wconf 87' lang='lat' dir='ltr'><strong>jam</strong></span> <span class='ocrx_word' id='word_1_520' title='bbox 2402 3110 2628 3160; x_wconf 90' lang='lat' dir='ltr'><strong>mortuo</strong></span> <span class='ocrx_word' id='word_1_521' title='bbox 2660 3107 2730 3159; x_wconf 93' lang='lat' dir='ltr'><strong>de</strong></span> <span class='ocrx_word' id='word_1_522' title='bbox 2762 3104 3171 3159; x_wconf 87' lang='lat' dir='ltr'><strong>substituendo</strong></span> <span class='ocrx_word' id='word_1_523' title='bbox 3215 3101 3267 3156; x_wconf 91' lang='lat' dir='ltr'><strong>ei</strong></span> <span class='ocrx_word' id='word_1_524' title='bbox 3315 3101 3436 3155; x_wconf 90' lang='lat' dir='ltr'><strong>viro</strong></span> <span class='ocrx_word' id='word_1_525' title='bbox 3470 3103 3592 3155; x_wconf 95' lang='lat' dir='ltr'><strong>loco</strong></span> <span class='ocrx_word' id='word_1_526' title='bbox 3625 3100 3737 3155; x_wconf 81' lang='lat' dir='ltr'><strong>isto</strong></span> 
     </span>
    </p>
   </div>
   <div class='ocr_carea' id='block_1_75' title="bbox 2104 3189 3737 3264">
    <p class='ocr_par' dir='ltr' id='par_1_75' title="bbox 2104 3189 3737 3264">
     <span class='ocr_line' id='line_1_75' title="bbox 2104 3189 3737 3264; baseline -0.004 -17"><span class='ocrx_word' id='word_1_527' title='bbox 2104 3194 2278 3261; x_wconf 84' lang='lat' dir='ltr'><strong>digno</strong></span> <span class='ocrx_word' id='word_1_528' title='bbox 2309 3194 2700 3264; x_wconf 77' lang='lat' dir='ltr'><strong>disceptantes</strong></span> <span class='ocrx_word' id='word_1_529' title='bbox 2740 3193 2883 3247; x_wconf 88' lang='lat' dir='ltr'><strong>satis</strong></span> <span class='ocrx_word' id='word_1_530' title='bbox 2940 3191 3246 3245; x_wconf 88' lang='lat' dir='ltr'><strong>constabat</strong></span> <span class='ocrx_word' id='word_1_531' title='bbox 3290 3189 3737 3257; x_wconf 88' lang='lat' dir='ltr'><strong>cunctorumju-</strong></span> 
     </span>
    </p>
   </div>
   <div class='ocr_carea' id='block_1_76' title="bbox 2104 3276 3734 3348">
    <p class='ocr_par' dir='ltr' id='par_1_76' title="bbox 2104 3276 3734 3348">
     <span class='ocr_line' id='line_1_76' title="bbox 2104 3276 3734 3348; baseline -0.004 -12"><span class='ocrx_word' id='word_1_532' title='bbox 2104 3282 2253 3337; x_wconf 91' lang='lat' dir='ltr'><strong>dicio</strong></span> <span class='ocrx_word' id='word_1_533' title='bbox 2285 3283 2555 3337; x_wconf 89' lang='lat' dir='ltr'><strong>concordi</strong></span> <span class='ocrx_word' id='word_1_534' title='bbox 2589 3281 2880 3336; x_wconf 88' lang='lat' dir='ltr'><strong>neminem</strong></span> <span class='ocrx_word' id='word_1_535' title='bbox 2914 3279 3165 3348; x_wconf 85' lang='lat' dir='ltr'><strong>Principi</strong></span> <span class='ocrx_word' id='word_1_536' title='bbox 3210 3279 3388 3332; x_wconf 88' lang='lat' dir='ltr'><strong>videri</strong></span> <span class='ocrx_word' id='word_1_537' title='bbox 3424 3276 3734 3347; x_wconf 76' lang='lat' dir='ltr'><strong>praeferen-</strong></span> 
     </span>
    </p>
   </div>
   <div class='ocr_carea' id='block_1_77' title="bbox 2095 3367 3735 3441">
    <p class='ocr_par' dir='ltr' id='par_1_77' title="bbox 2095 3367 3735 3441">
     <span class='ocr_line' id='line_1_77' title="bbox 2095 3367 3735 3441; baseline -0.004 -17"><span class='ocrx_word' id='word_1_538' title='bbox 2095 3371 2381 3426; x_wconf 87' lang='lat' dir='ltr'><strong>dum.Nec</strong></span> <span class='ocrx_word' id='word_1_539' title='bbox 2408 3369 2529 3424; x_wconf 89' lang='lat' dir='ltr'><strong>ulla</strong></span> <span class='ocrx_word' id='word_1_540' title='bbox 2558 3386 2660 3441; x_wconf 91' lang='lat' dir='ltr'><strong>per</strong></span> <span class='ocrx_word' id='word_1_541' title='bbox 2703 3385 3058 3440; x_wconf 88' lang='lat' dir='ltr'><strong>quemquam</strong></span> <span class='ocrx_word' id='word_1_542' title='bbox 3107 3367 3367 3437; x_wconf 91' lang='lat' dir='ltr'><strong>ipsorum</strong></span> <span class='ocrx_word' id='word_1_543' title='bbox 3411 3381 3573 3418; x_wconf 90' lang='lat' dir='ltr'><strong>mora</strong></span> <span class='ocrx_word' id='word_1_544' title='bbox 3610 3368 3735 3418; x_wconf 87' lang='lat' dir='ltr'><strong>erat</strong></span> 
     </span>
    </p>
   </div>
   <div class='ocr_carea' id='block_1_78' title="bbox 2096 3452 3732 3529">
    <p class='ocr_par' dir='ltr' id='par_1_78' title="bbox 2096 3452 3732 3529">
     <span class='ocr_line' id='line_1_78' title="bbox 2096 3452 3732 3529; baseline -0.003 -18"><span class='ocrx_word' id='word_1_545' title='bbox 2096 3458 2239 3527; x_wconf 90' lang='lat' dir='ltr'><strong>quin</strong></span> <span class='ocrx_word' id='word_1_546' title='bbox 2274 3459 2543 3529; x_wconf 90' lang='lat' dir='ltr'><strong>protinus</strong></span> <span class='ocrx_word' id='word_1_547' title='bbox 2576 3459 2928 3529; x_wconf 87' lang='lat' dir='ltr'><strong>perferretur</strong></span> <span class='ocrx_word' id='word_1_548' title='bbox 2954 3457 3247 3510; x_wconf 89' lang='lat' dir='ltr'><strong>decretum</strong></span> <span class='ocrx_word' id='word_1_549' title='bbox 3274 3452 3585 3509; x_wconf 89' lang='lat' dir='ltr'><strong>evectionis</strong></span> <span class='ocrx_word' id='word_1_550' title='bbox 3605 3452 3732 3521; x_wconf 84' lang='lat' dir='ltr'><strong>ejus</strong></span> 
     </span>
    </p>
   </div>
   <div class='ocr_carea' id='block_1_79' title="bbox 2094 3542 3731 3615">
    <p class='ocr_par' dir='ltr' id='par_1_79' title="bbox 2094 3542 3731 3615">
     <span class='ocr_line' id='line_1_79' title="bbox 2094 3542 3731 3615; baseline -0.003 -15"><span class='ocrx_word' id='word_1_551' title='bbox 2094 3546 2155 3600; x_wconf 94' lang='lat' dir='ltr'><strong>in</strong></span> <span class='ocrx_word' id='word_1_552' title='bbox 2185 3546 2530 3615; x_wconf 88' lang='lat' dir='ltr'><strong>dignitatem</strong></span> <span class='ocrx_word' id='word_1_553' title='bbox 2572 3548 2768 3613; x_wconf 88' lang='lat' dir='ltr'><strong>istam,</strong></span> <span class='ocrx_word' id='word_1_554' title='bbox 2830 3546 2991 3614; x_wconf 90' lang='lat' dir='ltr'><strong>isque</strong></span> <span class='ocrx_word' id='word_1_555' title='bbox 3049 3544 3108 3597; x_wconf 92' lang='lat' dir='ltr'><strong>in</strong></span> <span class='ocrx_word' id='word_1_556' title='bbox 3157 3558 3285 3598; x_wconf 90' lang='lat' dir='ltr'><strong>eam</strong></span> <span class='ocrx_word' id='word_1_557' title='bbox 3343 3542 3448 3596; x_wconf 86' lang='lat' dir='ltr'><strong>rite</strong></span> <span class='ocrx_word' id='word_1_558' title='bbox 3493 3548 3731 3595; x_wconf 87' lang='lat' dir='ltr'><strong>vocatus</strong></span> 
     </span>
    </p>
   </div>
   <div class='ocr_carea' id='block_1_80' title="bbox 2092 3627 3731 3704">
    <p class='ocr_par' dir='ltr' id='par_1_80' title="bbox 2092 3627 3731 3704">
     <span class='ocr_line' id='line_1_80' title="bbox 2092 3627 3731 3704; baseline -0.004 -17"><span class='ocrx_word' id='word_1_559' title='bbox 2092 3633 2563 3704; x_wconf 85' lang='lat' dir='ltr'><strong>inauguraretur,</strong></span> <span class='ocrx_word' id='word_1_560' title='bbox 2598 3633 2710 3688; x_wconf 91' lang='lat' dir='ltr'><strong>nisi</strong></span> <span class='ocrx_word' id='word_1_561' title='bbox 2751 3633 3049 3703; x_wconf 90' lang='lat' dir='ltr'><strong>paulisper</strong></span> <span class='ocrx_word' id='word_1_562' title='bbox 3098 3629 3463 3701; x_wconf 91' lang='lat' dir='ltr'><strong>supersederi</strong></span> <span class='ocrx_word' id='word_1_563' title='bbox 3514 3627 3731 3682; x_wconf 88' lang='lat' dir='ltr'><strong>delibe-</strong></span> 
     </span>
    </p>
   </div>
   <div class='ocr_carea' id='block_1_81' title="bbox 2093 3716 3724 3791">
    <p class='ocr_par' dir='ltr' id='par_1_81' title="bbox 2093 3716 3724 3791">
     <span class='ocr_line' id='line_1_81' title="bbox 2093 3716 3724 3791; baseline -0.004 -15"><span class='ocrx_word' id='word_1_564' title='bbox 2093 3723 2494 3791; x_wconf 86' lang='lat' dir='ltr'><strong>rationemque</strong></span> <span class='ocrx_word' id='word_1_565' title='bbox 2536 3720 3481 3791; x_wconf 83' lang='lat' dir='ltr'><strong>suspendijussissetimperator.</strong></span> <span class='ocrx_word' id='word_1_566' title='bbox 3549 3716 3724 3770; x_wconf 87' lang='lat' dir='ltr'><strong>Vere-</strong></span> 
     </span>
    </p>
   </div>
   <div class='ocr_carea' id='block_1_82' title="bbox 2092 3806 3726 3879">
    <p class='ocr_par' dir='ltr' id='par_1_82' title="bbox 2092 3806 3726 3879">
     <span class='ocr_line' id='line_1_82' title="bbox 2092 3806 3726 3879; baseline -0.004 -15"><span class='ocrx_word' id='word_1_567' title='bbox 2092 3812 2267 3865; x_wconf 85' lang='lat' dir='ltr'><strong>batur</strong></span> <span class='ocrx_word' id='word_1_568' title='bbox 2306 3810 2379 3875; x_wconf 91' lang='lat' dir='ltr'><strong>is,</strong></span> <span class='ocrx_word' id='word_1_569' title='bbox 2412 3826 2516 3879; x_wconf 92' lang='lat' dir='ltr'><strong>pro</strong></span> <span class='ocrx_word' id='word_1_570' title='bbox 2540 3826 2607 3863; x_wconf 90' lang='lat' dir='ltr'><strong>ea</strong></span> <span class='ocrx_word' id='word_1_571' title='bbox 2646 3826 2762 3878; x_wconf 89' lang='lat' dir='ltr'><strong>qua</strong></span> <span class='ocrx_word' id='word_1_572' title='bbox 2800 3808 3023 3863; x_wconf 88' lang='lat' dir='ltr'><strong>solebat</strong></span> <span class='ocrx_word' id='word_1_573' title='bbox 3053 3806 3327 3861; x_wconf 92' lang='lat' dir='ltr'><strong>intimum</strong></span> <span class='ocrx_word' id='word_1_574' title='bbox 3376 3821 3570 3859; x_wconf 89' lang='lat' dir='ltr'><strong>rerum</strong></span> <span class='ocrx_word' id='word_1_575' title='bbox 3630 3820 3726 3858; x_wconf 90' lang='lat' dir='ltr'><strong>oc-</strong></span> 
     </span>
    </p>
   </div>
   <div class='ocr_carea' id='block_1_83' title="bbox 2092 3892 3727 3967">
    <p class='ocr_par' dir='ltr' id='par_1_83' title="bbox 2092 3892 3727 3967">
     <span class='ocr_line' id='line_1_83' title="bbox 2092 3892 3727 3967; baseline -0.006 -14"><span class='ocrx_word' id='word_1_576' title='bbox 2092 3898 2453 3954; x_wconf 89' lang='lat' dir='ltr'><strong>currentium</strong></span> <span class='ocrx_word' id='word_1_577' title='bbox 2524 3897 2806 3967; x_wconf 83' lang='lat' dir='ltr'><strong>profunde</strong></span> <span class='ocrx_word' id='word_1_578' title='bbox 2871 3895 3198 3966; x_wconf 84' lang='lat' dir='ltr'><strong>perspicere</strong></span> <span class='ocrx_word' id='word_1_579' title='bbox 3266 3892 3594 3964; x_wconf 90' lang='lat' dir='ltr'><strong>prudentia,</strong></span> <span class='ocrx_word' id='word_1_580' title='bbox 3657 3906 3727 3944; x_wconf 92' lang='lat' dir='ltr'><strong>ne</strong></span> 
     </span>
    </p>
   </div>
   <div class='ocr_carea' id='block_1_84' title="bbox 2090 3980 3726 4055">
    <p class='ocr_par' dir='ltr' id='par_1_84' title="bbox 2090 3980 3726 4055">
     <span class='ocr_line' id='line_1_84' title="bbox 2090 3980 3726 4055; baseline -0.006 -14"><span class='ocrx_word' id='word_1_581' title='bbox 2090 3986 2202 4041; x_wconf 87' lang='lat' dir='ltr'><strong>sibi</strong></span> <span class='ocrx_word' id='word_1_582' title='bbox 2233 3984 2432 4055; x_wconf 92' lang='lat' dir='ltr'><strong>obrepi</strong></span> <span class='ocrx_word' id='word_1_583' title='bbox 2463 3983 2751 4054; x_wconf 91' lang='lat' dir='ltr'><strong>illudique</strong></span> <span class='ocrx_word' id='word_1_584' title='bbox 2783 3983 2838 4036; x_wconf 90' lang='lat' dir='ltr'><strong>in</strong></span> <span class='ocrx_word' id='word_1_585' title='bbox 2873 3983 2981 4037; x_wconf 87' lang='lat' dir='ltr'><strong>hoc</strong></span> <span class='ocrx_word' id='word_1_586' title='bbox 3030 3982 3259 4053; x_wconf 90' lang='lat' dir='ltr'><strong>negotio</strong></span> <span class='ocrx_word' id='word_1_587' title='bbox 3308 3980 3545 4042; x_wconf 90' lang='lat' dir='ltr'><strong>sineret,</strong></span> <span class='ocrx_word' id='word_1_588' title='bbox 3607 3994 3726 4032; x_wconf 90' lang='lat' dir='ltr'><strong>me-</strong></span> 
     </span>
    </p>
   </div>
   <div class='ocr_carea' id='block_1_85' title="bbox 2090 4066 3725 4143">
    <p class='ocr_par' dir='ltr' id='par_1_85' title="bbox 2090 4066 3725 4143">
     <span class='ocr_line' id='line_1_85' title="bbox 2090 4066 3725 4143; baseline -0.006 -16"><span class='ocrx_word' id='word_1_589' title='bbox 2090 4075 2317 4142; x_wconf 89' lang='lat' dir='ltr'><strong>ritoque</strong></span> <span class='ocrx_word' id='word_1_590' title='bbox 2358 4072 2722 4143; x_wconf 87' lang='lat' dir='ltr'><strong>sapientibus</strong></span> <span class='ocrx_word' id='word_1_591' title='bbox 2778 4071 2959 4125; x_wconf 91' lang='lat' dir='ltr'><strong>risum</strong></span> <span class='ocrx_word' id='word_1_592' title='bbox 3011 4072 3260 4135; x_wconf 84' lang='lat' dir='ltr'><strong>deberet,</strong></span> <span class='ocrx_word' id='word_1_593' title='bbox 3322 4069 3371 4123; x_wconf 92' lang='lat' dir='ltr'><strong>si</strong></span> <span class='ocrx_word' id='word_1_594' title='bbox 3423 4066 3725 4121; x_wconf 91' lang='lat' dir='ltr'><strong>hominem</strong></span> 
     </span>
    </p>
   </div>
   <div class='ocr_carea' id='block_1_86' title="bbox 2089 4155 3724 4230">
    <p class='ocr_par' dir='ltr' id='par_1_86' title="bbox 2089 4155 3724 4230">
     <span class='ocr_line' id='line_1_86' title="bbox 2089 4155 3724 4230; baseline -0.006 -14"><span class='ocrx_word' id='word_1_595' title='bbox 2089 4162 2243 4216; x_wconf 88' lang='lat' dir='ltr'><strong>circa</strong></span> <span class='ocrx_word' id='word_1_596' title='bbox 2272 4177 2399 4215; x_wconf 89' lang='lat' dir='ltr'><strong>eam</strong></span> <span class='ocrx_word' id='word_1_597' title='bbox 2432 4176 2558 4230; x_wconf 70' lang='lat' dir='ltr'><strong>quas</strong></span> <span class='ocrx_word' id='word_1_598' title='bbox 2582 4164 2721 4214; x_wconf 90' lang='lat' dir='ltr'><strong>tunc</strong></span> <span class='ocrx_word' id='word_1_599' title='bbox 2760 4158 3026 4229; x_wconf 88' lang='lat' dir='ltr'><strong>ﬂagrarei</strong></span> <span class='ocrx_word' id='word_1_600' title='bbox 3076 4158 3134 4211; x_wconf 92' lang='lat' dir='ltr'><strong>in</strong></span> <span class='ocrx_word' id='word_1_601' title='bbox 3181 4155 3438 4211; x_wconf 86' lang='lat' dir='ltr'><strong>Ecclesia</strong></span> <span class='ocrx_word' id='word_1_602' title='bbox 3498 4158 3724 4209; x_wconf 88' lang='lat' dir='ltr'><strong>contro-</strong></span> 
     </span>
    </p>
   </div>
   <div class='ocr_carea' id='block_1_87' title="bbox 2087 4249 3732 4316">
    <p class='ocr_par' dir='ltr' id='par_1_87' title="bbox 2087 4249 3732 4316">
     <span class='ocr_line' id='line_1_87' title="bbox 2087 4249 3732 4316; baseline -0.005 -10"><span class='ocrx_word' id='word_1_603' title='bbox 2087 4252 2340 4306; x_wconf 89' lang='lat' dir='ltr'><strong>versiam</strong></span> <span class='ocrx_word' id='word_1_604' title='bbox 2373 4268 2406 4305; x_wconf 90' lang='lat' dir='ltr'><strong>a</strong></span> <span class='ocrx_word' id='word_1_605' title='bbox 2435 4267 2497 4305; x_wconf 91' lang='lat' dir='ltr'><strong>se</strong></span> <span class='ocrx_word' id='word_1_606' title='bbox 2529 4252 2757 4306; x_wconf 86' lang='lat' dir='ltr'><strong>diversa</strong></span> <span class='ocrx_word' id='word_1_607' title='bbox 2786 4249 3368 4316; x_wconf 87' lang='lat' dir='ltr'><strong>sentientem,contra</strong></span> <span class='ocrx_word' id='word_1_608' title='bbox 3390 4260 3452 4299; x_wconf 92' lang='lat' dir='ltr'><strong>se</strong></span> <span class='ocrx_word' id='word_1_609' title='bbox 3482 4260 3732 4315; x_wconf 82' lang='lat' dir='ltr'><strong>ecquam</strong></span> 
     </span>
    </p>
   </div>
   <div class='ocr_carea' id='block_1_88' title="bbox 2089 4329 3725 4411">
    <p class='ocr_par' dir='ltr' id='par_1_88' title="bbox 2089 4329 3725 4411">
     <span class='ocr_line' id='line_1_88' title="bbox 2089 4329 3725 4411; baseline -0.006 -18"><span class='ocrx_word' id='word_1_610' title='bbox 2089 4345 2323 4411; x_wconf 89' lang='lat' dir='ltr'><strong>putaret</strong></span> <span class='ocrx_word' id='word_1_611' title='bbox 2355 4340 2652 4393; x_wconf 88' lang='lat' dir='ltr'><strong>meliorem</strong></span> <span class='ocrx_word' id='word_1_612' title='bbox 2685 4354 2947 4401; x_wconf 89' lang='lat' dir='ltr'><strong>causam,</strong></span> <span class='ocrx_word' id='word_1_613' title='bbox 2998 4341 3158 4390; x_wconf 85' lang='lat' dir='ltr'><strong>tanta</strong></span> <span class='ocrx_word' id='word_1_614' title='bbox 3213 4337 3449 4404; x_wconf 90' lang='lat' dir='ltr'><strong>repente</strong></span> <span class='ocrx_word' id='word_1_615' title='bbox 3506 4329 3725 4387; x_wconf 89' lang='lat' dir='ltr'><strong>armari</strong></span> 
     </span>
    </p>
   </div>
   <div class='ocr_carea' id='block_1_89' title="bbox 2090 4417 3722 4497">
    <p class='ocr_par' dir='ltr' id='par_1_89' title="bbox 2090 4417 3722 4497">
     <span class='ocr_line' id='line_1_89' title="bbox 2090 4417 3722 4497; baseline -0.008 -14"><span class='ocrx_word' id='word_1_616' title='bbox 2090 4428 2433 4483; x_wconf 86' lang='lat' dir='ltr'><strong>auctoritate</strong></span> <span class='ocrx_word' id='word_1_617' title='bbox 2465 4426 2846 4497; x_wconf 82' lang='lat' dir='ltr'><strong>permitteret.</strong></span> <span class='ocrx_word' id='word_1_618' title='bbox 2871 4425 3151 4479; x_wconf 68' lang='lat' dir='ltr'><strong>Caeterum</strong></span> <span class='ocrx_word' id='word_1_619' title='bbox 3188 4421 3323 4493; x_wconf 89' lang='lat' dir='ltr'><strong>quia</strong></span> <span class='ocrx_word' id='word_1_620' title='bbox 3353 4419 3616 4474; x_wconf 88' lang='lat' dir='ltr'><strong>eumdem</strong></span> <span class='ocrx_word' id='word_1_621' title='bbox 3654 4417 3722 4469; x_wconf 90' lang='lat' dir='ltr'><strong>il-</strong></span> 
     </span>
    </p>
   </div>
   <div class='ocr_carea' id='block_1_90' title="bbox 2093 4505 3724 4581">
    <p class='ocr_par' dir='ltr' id='par_1_90' title="bbox 2093 4505 3724 4581">
     <span class='ocr_line' id='line_1_90' title="bbox 2093 4505 3724 4581; baseline -0.007 -13"><span class='ocrx_word' id='word_1_622' title='bbox 2093 4514 2216 4570; x_wconf 93' lang='lat' dir='ltr'><strong>lum</strong></span> <span class='ocrx_word' id='word_1_623' title='bbox 2246 4515 2569 4581; x_wconf 89' lang='lat' dir='ltr'><strong>Principem</strong></span> <span class='ocrx_word' id='word_1_624' title='bbox 2599 4514 2681 4568; x_wconf 90' lang='lat' dir='ltr'><strong>ita</strong></span> <span class='ocrx_word' id='word_1_625' title='bbox 2730 4514 2962 4567; x_wconf 90' lang='lat' dir='ltr'><strong>videbat</strong></span> <span class='ocrx_word' id='word_1_626' title='bbox 3007 4528 3122 4565; x_wconf 92' lang='lat' dir='ltr'><strong>non</strong></span> <span class='ocrx_word' id='word_1_627' title='bbox 3171 4506 3574 4563; x_wconf 88' lang='lat' dir='ltr'><strong>dissimulasse</strong></span> <span class='ocrx_word' id='word_1_628' title='bbox 3632 4505 3724 4557; x_wconf 86' lang='lat' dir='ltr'><strong>in-</strong></span> 
     </span>
    </p>
   </div>
   <div class='ocr_carea' id='block_1_91' title="bbox 357 4577 3727 4677">
    <p class='ocr_par' dir='ltr' id='par_1_91' title="bbox 357 4577 3727 4677">
     <span class='ocr_line' id='line_1_91' title="bbox 357 4577 3727 4677; baseline -0.004 -18"><span class='ocrx_word' id='word_1_629' title='bbox 357 4603 463 4659; x_wconf 87' lang='lat' dir='ltr'><strong>leri</strong></span> <span class='ocrx_word' id='word_1_630' title='bbox 496 4604 773 4674; x_wconf 87' lang='lat' dir='ltr'><strong>rescripto</strong></span> <span class='ocrx_word' id='word_1_631' title='bbox 802 4604 860 4659; x_wconf 94' lang='lat' dir='ltr'><strong>id</strong></span> <span class='ocrx_word' id='word_1_632' title='bbox 913 4604 1225 4660; x_wconf 90' lang='lat' dir='ltr'><strong>consilium</strong></span> <span class='ocrx_word' id='word_1_633' title='bbox 1276 4607 1495 4677; x_wconf 85' lang='lat' dir='ltr'><strong>prolixe</strong></span> <span class='ocrx_word' id='word_1_634' title='bbox 1537 4577 2066 4670; x_wconf 67' lang='lat' dir='ltr'><strong>commendavit,D</strong></span> <span class='ocrx_word' id='word_1_635' title='bbox 2099 4604 2475 4660; x_wconf 89' lang='lat' dir='ltr'><strong>clinationem</strong></span> <span class='ocrx_word' id='word_1_636' title='bbox 2543 4601 2833 4674; x_wconf 89' lang='lat' dir='ltr'><strong>propriam</strong></span> <span class='ocrx_word' id='word_1_637' title='bbox 2902 4602 2961 4654; x_wconf 92' lang='lat' dir='ltr'><strong>in</strong></span> <span class='ocrx_word' id='word_1_638' title='bbox 3036 4599 3344 4653; x_wconf 83' lang='lat' dir='ltr'><strong>factionem</strong></span> <span class='ocrx_word' id='word_1_639' title='bbox 3410 4594 3727 4651; x_wconf 89' lang='lat' dir='ltr'><strong>schismate</strong></span> 
     </span>
    </p>
   </div>
   <div class='ocr_carea' id='block_1_92' title="bbox 355 4691 1984 4764">
    <p class='ocr_par' dir='ltr' id='par_1_92' title="bbox 355 4691 1984 4764">
     <span class='ocr_line' id='line_1_92' title="bbox 355 4691 1984 4764; baseline -0.001 -17"><span class='ocrx_word' id='word_1_640' title='bbox 355 4696 414 4747; x_wconf 89' lang='lat' dir='ltr'><strong>et</strong></span> <span class='ocrx_word' id='word_1_641' title='bbox 438 4691 702 4747; x_wconf 89' lang='lat' dir='ltr'><strong>videlicet</strong></span> <span class='ocrx_word' id='word_1_642' title='bbox 722 4694 1099 4764; x_wconf 68' lang='lat' dir='ltr'><strong>prterogativa</strong></span> <span class='ocrx_word' id='word_1_643' title='bbox 1126 4698 1297 4748; x_wconf 71' lang='lat' dir='ltr'><strong>tanta:</strong></span> <span class='ocrx_word' id='word_1_644' title='bbox 1329 4693 1687 4749; x_wconf 88' lang='lat' dir='ltr'><strong>auctoritatis</strong></span> <span class='ocrx_word' id='word_1_645' title='bbox 1710 4692 1984 4747; x_wconf 89' lang='lat' dir='ltr'><strong>ultimum</strong></span> 
     </span>
    </p>
   </div>
   <div class='ocr_carea' id='block_1_93' title="bbox 356 4779 1982 4851">
    <p class='ocr_par' dir='ltr' id='par_1_93' title="bbox 356 4779 1982 4851">
     <span class='ocr_line' id='line_1_93' title="bbox 356 4779 1982 4851; baseline 0 -17"><span class='ocrx_word' id='word_1_646' title='bbox 356 4779 415 4834; x_wconf 91' lang='lat' dir='ltr'><strong>in</strong></span> <span class='ocrx_word' id='word_1_647' title='bbox 448 4796 575 4835; x_wconf 90' lang='lat' dir='ltr'><strong>eam</strong></span> <span class='ocrx_word' id='word_1_648' title='bbox 608 4785 830 4851; x_wconf 87' lang='lat' dir='ltr'><strong>partem</strong></span> <span class='ocrx_word' id='word_1_649' title='bbox 872 4781 1149 4851; x_wconf 87' lang='lat' dir='ltr'><strong>pendenti</strong></span> <span class='ocrx_word' id='word_1_650' title='bbox 1180 4780 1580 4837; x_wconf 89' lang='lat' dir='ltr'><strong>deliberationi</strong></span> <span class='ocrx_word' id='word_1_651' title='bbox 1623 4785 1982 4836; x_wconf 90' lang='lat' dir='ltr'><strong>momentum</strong></span> 
     </span>
    </p>
   </div>
   <div class='ocr_carea' id='block_1_94' title="bbox 355 4867 1984 4938">
    <p class='ocr_par' dir='ltr' id='par_1_94' title="bbox 355 4867 1984 4938">
     <span class='ocr_line' id='line_1_94' title="bbox 355 4867 1984 4938; baseline -0.001 -16"><span class='ocrx_word' id='word_1_652' title='bbox 355 4868 601 4924; x_wconf 90' lang='lat' dir='ltr'><strong>addidit.</strong></span> <span class='ocrx_word' id='word_1_653' title='bbox 651 4868 865 4923; x_wconf 87' lang='lat' dir='ltr'><strong>Eodem</strong></span> <span class='ocrx_word' id='word_1_654' title='bbox 917 4885 1157 4925; x_wconf 86' lang='lat' dir='ltr'><strong>concors</strong></span> <span class='ocrx_word' id='word_1_655' title='bbox 1206 4869 1452 4925; x_wconf 90' lang='lat' dir='ltr'><strong>accessit</strong></span> <span class='ocrx_word' id='word_1_656' title='bbox 1482 4868 1765 4938; x_wconf 82' lang='lat' dir='ltr'><strong>iudicium</strong></span> <span class='ocrx_word' id='word_1_657' title='bbox 1795 4867 1984 4922; x_wconf 90' lang='lat' dir='ltr'><strong>hiero-</strong></span> 
     </span>
    </p>
   </div>
   <div class='ocr_carea' id='block_1_95' title="bbox 354 4955 1984 5027">
    <p class='ocr_par' dir='ltr' id='par_1_95' title="bbox 354 4955 1984 5027">
     <span class='ocr_line' id='line_1_95' title="bbox 354 4955 1984 5027; baseline -0.001 -17"><span class='ocrx_word' id='word_1_658' title='bbox 354 4955 623 5011; x_wconf 92' lang='lat' dir='ltr'><strong>monachi</strong></span> <span class='ocrx_word' id='word_1_659' title='bbox 653 4955 963 5011; x_wconf 89' lang='lat' dir='ltr'><strong>Theodosii</strong></span> <span class='ocrx_word' id='word_1_660' title='bbox 996 4960 1380 5027; x_wconf 85' lang='lat' dir='ltr'><strong>cognomento</strong></span> <span class='ocrx_word' id='word_1_661' title='bbox 1406 4955 1718 5026; x_wconf 89' lang='lat' dir='ltr'><strong>Principis:</strong></span> <span class='ocrx_word' id='word_1_662' title='bbox 1750 4972 1885 5011; x_wconf 90' lang='lat' dir='ltr'><strong>nam</strong></span> <span class='ocrx_word' id='word_1_663' title='bbox 1913 4955 1984 5009; x_wconf 90' lang='lat' dir='ltr'><strong>ad</strong></span> 
     </span>
    </p>
   </div>
   <div class='ocr_carea' id='block_1_96' title="bbox 353 5042 1985 5115">
    <p class='ocr_par' dir='ltr' id='par_1_96' title="bbox 353 5042 1985 5115">
     <span class='ocr_line' id='line_1_96' title="bbox 353 5042 1985 5115; baseline -0.001 -17"><span class='ocrx_word' id='word_1_664' title='bbox 353 5042 508 5098; x_wconf 89' lang='lat' dir='ltr'><strong>hunc</strong></span> <span class='ocrx_word' id='word_1_665' title='bbox 540 5060 774 5115; x_wconf 87' lang='lat' dir='ltr'><strong>quoque</strong></span> <span class='ocrx_word' id='word_1_666' title='bbox 807 5044 1125 5114; x_wconf 91' lang='lat' dir='ltr'><strong>imperator</strong></span> <span class='ocrx_word' id='word_1_667' title='bbox 1153 5045 1467 5100; x_wconf 92' lang='lat' dir='ltr'><strong>consilium</strong></span> <span class='ocrx_word' id='word_1_668' title='bbox 1509 5043 1814 5115; x_wconf 88' lang='lat' dir='ltr'><strong>postulans</strong></span> <span class='ocrx_word' id='word_1_669' title='bbox 1844 5044 1985 5098; x_wconf 89' lang='lat' dir='ltr'><strong>scri-</strong></span> 
     </span>
    </p>
   </div>
   <div class='ocr_carea' id='block_1_97' title="bbox 352 5132 1984 5203">
    <p class='ocr_par' dir='ltr' id='par_1_97' title="bbox 352 5132 1984 5203">
     <span class='ocr_line' id='line_1_97' title="bbox 352 5132 1984 5203; baseline 0 -18"><span class='ocrx_word' id='word_1_670' title='bbox 352 5135 567 5202; x_wconf 87' lang='lat' dir='ltr'><strong>pserat,</strong></span> <span class='ocrx_word' id='word_1_671' title='bbox 602 5135 800 5201; x_wconf 91' lang='lat' dir='ltr'><strong>utpote</strong></span> <span class='ocrx_word' id='word_1_672' title='bbox 842 5133 993 5187; x_wconf 75' lang='lat'><strong>487</strong></span> <span class='ocrx_word' id='word_1_673' title='bbox 1046 5134 1209 5203; x_wconf 92' lang='lat' dir='ltr'><strong>justo</strong></span> <span class='ocrx_word' id='word_1_674' title='bbox 1264 5132 1675 5203; x_wconf 69' lang='lat' dir='ltr'><strong>suffragiorum</strong></span> <span class='ocrx_word' id='word_1_675' title='bbox 1741 5147 1984 5185; x_wconf 90' lang='lat' dir='ltr'><strong>numero</strong></span> 
     </span>
    </p>
   </div>
   <div class='ocr_carea' id='block_1_98' title="bbox 354 5218 1985 5289">
    <p class='ocr_par' dir='ltr' id='par_1_98' title="bbox 354 5218 1985 5289">
     <span class='ocr_line' id='line_1_98' title="bbox 354 5218 1985 5289; baseline -0.001 -17"><span class='ocrx_word' id='word_1_676' title='bbox 354 5218 724 5289; x_wconf 85' lang='lat' dir='ltr'><strong>designatum</strong></span> <span class='ocrx_word' id='word_1_677' title='bbox 784 5220 1172 5289; x_wconf 89' lang='lat' dir='ltr'><strong>patriarcham</strong></span> <span class='ocrx_word' id='word_1_678' title='bbox 1224 5222 1280 5275; x_wconf 91' lang='lat' dir='ltr'><strong>in</strong></span> <span class='ocrx_word' id='word_1_679' title='bbox 1331 5221 1524 5276; x_wconf 88' lang='lat' dir='ltr'><strong>locum</strong></span> <span class='ocrx_word' id='word_1_680' title='bbox 1584 5218 1985 5289; x_wconf 90' lang='lat' dir='ltr'><strong>Theopolitani</strong></span> 
     </span>
    </p>
   </div>
   <div class='ocr_carea' id='block_1_99' title="bbox 354 5305 1984 5379">
    <p class='ocr_par' dir='ltr' id='par_1_99' title="bbox 354 5305 1984 5379">
     <span class='ocr_line' id='line_1_99' title="bbox 354 5305 1984 5379; baseline -0.001 -19"><span class='ocrx_word' id='word_1_681' title='bbox 354 5305 653 5377; x_wconf 80' lang='lat' dir='ltr'><strong>Euthymii</strong></span> <span class='ocrx_word' id='word_1_682' title='bbox 674 5307 798 5376; x_wconf 91' lang='lat' dir='ltr'><strong>jam</strong></span> <span class='ocrx_word' id='word_1_683' title='bbox 832 5308 1069 5362; x_wconf 90' lang='lat' dir='ltr'><strong>mortui.</strong></span> <span class='ocrx_word' id='word_1_684' title='bbox 1094 5311 1214 5372; x_wconf 89' lang='lat' dir='ltr'><strong>Quo</strong></span> <span class='ocrx_word' id='word_1_685' title='bbox 1238 5310 1307 5364; x_wconf 91' lang='lat' dir='ltr'><strong>de</strong></span> <span class='ocrx_word' id='word_1_686' title='bbox 1330 5313 1447 5363; x_wconf 87' lang='lat' dir='ltr'><strong>toto</strong></span> <span class='ocrx_word' id='word_1_687' title='bbox 1479 5307 1702 5379; x_wconf 88' lang='lat' dir='ltr'><strong>negotio</strong></span> <span class='ocrx_word' id='word_1_688' title='bbox 1735 5324 1848 5361; x_wconf 89' lang='lat' dir='ltr'><strong>non</strong></span> <span class='ocrx_word' id='word_1_689' title='bbox 1882 5306 1984 5360; x_wconf 90' lang='lat' dir='ltr'><strong>abs</strong></span> 
     </span>
    </p>
   </div>
   <div class='ocr_carea' id='block_1_100' title="bbox 354 5394 1987 5469">
    <p class='ocr_par' dir='ltr' id='par_1_100' title="bbox 354 5394 1987 5469">
     <span class='ocr_line' id='line_1_100' title="bbox 354 5394 1987 5469; baseline 0.001 -20"><span class='ocrx_word' id='word_1_690' title='bbox 354 5410 414 5450; x_wconf 90' lang='lat' dir='ltr'><strong>re</strong></span> <span class='ocrx_word' id='word_1_691' title='bbox 446 5397 619 5451; x_wconf 85' lang='lat' dir='ltr'><strong>fuerit</strong></span> <span class='ocrx_word' id='word_1_692' title='bbox 651 5394 986 5450; x_wconf 91' lang='lat' dir='ltr'><strong>distinctius</strong></span> <span class='ocrx_word' id='word_1_693' title='bbox 1018 5398 1111 5452; x_wconf 88' lang='lat' dir='ltr'><strong>hic</strong></span> <span class='ocrx_word' id='word_1_694' title='bbox 1168 5397 1387 5468; x_wconf 89' lang='lat' dir='ltr'><strong>aliquid</strong></span> <span class='ocrx_word' id='word_1_695' title='bbox 1451 5413 1683 5469; x_wconf 89' lang='lat' dir='ltr'><strong>ponere.</strong></span> <span class='ocrx_word' id='word_1_696' title='bbox 1743 5396 1987 5451; x_wconf 83' lang='lat' dir='ltr'><strong>Viduata</strong></span> 
     </span>
    </p>
   </div>
   <div class='ocr_carea' id='block_1_101' title="bbox 352 5482 1983 5554">
    <p class='ocr_par' dir='ltr' id='par_1_101' title="bbox 352 5482 1983 5554">
     <span class='ocr_line' id='line_1_101' title="bbox 352 5482 1983 5554; baseline -0.001 -16"><span class='ocrx_word' id='word_1_697' title='bbox 352 5488 584 5554; x_wconf 88' lang='lat' dir='ltr'><strong>pastore</strong></span> <span class='ocrx_word' id='word_1_698' title='bbox 617 5482 987 5553; x_wconf 88' lang='lat' dir='ltr'><strong>patriarchali</strong></span> <span class='ocrx_word' id='word_1_699' title='bbox 1035 5484 1356 5553; x_wconf 65' lang='lat' dir='ltr'><strong>Antiochia;</strong></span> <span class='ocrx_word' id='word_1_700' title='bbox 1388 5487 1522 5541; x_wconf 89' lang='lat' dir='ltr'><strong>sede</strong></span> <span class='ocrx_word' id='word_1_701' title='bbox 1552 5486 1789 5539; x_wconf 87' lang='lat' dir='ltr'><strong>aderant</strong></span> <span class='ocrx_word' id='word_1_702' title='bbox 1822 5482 1983 5537; x_wconf 89' lang='lat' dir='ltr'><strong>multi</strong></span> 
     </span>
    </p>
   </div>
   <div class='ocr_carea' id='block_1_102' title="bbox 355 5569 1986 5645">
    <p class='ocr_par' dir='ltr' id='par_1_102' title="bbox 355 5569 1986 5645">
     <span class='ocr_line' id='line_1_102' title="bbox 355 5569 1986 5645; baseline -0.001 -18"><span class='ocrx_word' id='word_1_703' title='bbox 355 5569 742 5627; x_wconf 88' lang='lat' dir='ltr'><strong>Orientalium</strong></span> <span class='ocrx_word' id='word_1_704' title='bbox 770 5570 1122 5640; x_wconf 83' lang='lat' dir='ltr'><strong>antistitum,</strong></span> <span class='ocrx_word' id='word_1_705' title='bbox 1156 5573 1398 5645; x_wconf 90' lang='lat' dir='ltr'><strong>quidam</strong></span> <span class='ocrx_word' id='word_1_706' title='bbox 1430 5589 1498 5629; x_wconf 88' lang='lat' dir='ltr'><strong>ea</strong></span> <span class='ocrx_word' id='word_1_707' title='bbox 1544 5588 1721 5629; x_wconf 87' lang='lat' dir='ltr'><strong>causa</strong></span> <span class='ocrx_word' id='word_1_708' title='bbox 1775 5586 1806 5625; x_wconf 90' lang='lat' dir='ltr'><strong>e</strong></span> <span class='ocrx_word' id='word_1_709' title='bbox 1863 5572 1986 5625; x_wconf 89' lang='lat' dir='ltr'><strong>suis</strong></span> 
     </span>
    </p>
   </div>
   <div class='ocr_carea' id='block_1_103' title="bbox 354 5656 1985 5734">
    <p class='ocr_par' dir='ltr' id='par_1_103' title="bbox 354 5656 1985 5734">
     <span class='ocr_line' id='line_1_103' title="bbox 354 5656 1985 5734; baseline -0.001 -20"><span class='ocrx_word' id='word_1_710' title='bbox 354 5656 616 5714; x_wconf 86' lang='lat' dir='ltr'><strong>ecclesiis</strong></span> <span class='ocrx_word' id='word_1_711' title='bbox 646 5657 1209 5734; x_wconf 81' lang='lat' dir='ltr'><strong>ConstantinOpolim</strong></span> <span class='ocrx_word' id='word_1_712' title='bbox 1258 5660 1518 5733; x_wconf 80' lang='lat' dir='ltr'><strong>profecti,</strong></span> <span class='ocrx_word' id='word_1_713' title='bbox 1564 5656 1829 5716; x_wconf 85' lang='lat' dir='ltr'><strong>nonnulli</strong></span> <span class='ocrx_word' id='word_1_714' title='bbox 1858 5656 1985 5729; x_wconf 79' lang='lat' dir='ltr'><strong>jam</strong></span> 
     </span>
    </p>
   </div>
   <div class='ocr_carea' id='block_1_104' title="bbox 2094 4683 3725 4761">
    <p class='ocr_par' dir='ltr' id='par_1_104' title="bbox 2094 4683 3725 4761">
     <span class='ocr_line' id='line_1_104' title="bbox 2094 4683 3725 4761; baseline -0.008 -14"><span class='ocrx_word' id='word_1_715' title='bbox 2094 4692 2383 4761; x_wconf 88' lang='lat' dir='ltr'><strong>avulsam,</strong></span> <span class='ocrx_word' id='word_1_716' title='bbox 2414 4695 2477 4745; x_wconf 92' lang='lat' dir='ltr'><strong>ut</strong></span> <span class='ocrx_word' id='word_1_717' title='bbox 2503 4696 2698 4745; x_wconf 90' lang='lat' dir='ltr'><strong>tamen</strong></span> <span class='ocrx_word' id='word_1_718' title='bbox 2733 4706 2846 4744; x_wconf 91' lang='lat' dir='ltr'><strong>non</strong></span> <span class='ocrx_word' id='word_1_719' title='bbox 2879 4693 2998 4742; x_wconf 81' lang='lat' dir='ltr'><strong>tam</strong></span> <span class='ocrx_word' id='word_1_720' title='bbox 3032 4687 3089 4741; x_wconf 91' lang='lat' dir='ltr'><strong>in</strong></span> <span class='ocrx_word' id='word_1_721' title='bbox 3143 4703 3210 4741; x_wconf 90' lang='lat' dir='ltr'><strong>eo</strong></span> <span class='ocrx_word' id='word_1_722' title='bbox 3262 4686 3412 4739; x_wconf 81' lang='lat' dir='ltr'><strong>ﬁxus</strong></span> <span class='ocrx_word' id='word_1_723' title='bbox 3441 4683 3725 4737; x_wconf 85' lang='lat' dir='ltr'><strong>irrevoca-</strong></span> 
     </span>
    </p>
   </div>
   <div class='ocr_carea' id='block_1_105' title="bbox 2097 4768 3725 4851">
    <p class='ocr_par' dir='ltr' id='par_1_105' title="bbox 2097 4768 3725 4851">
     <span class='ocr_line' id='line_1_105' title="bbox 2097 4768 3725 4851; baseline -0.008 -15"><span class='ocrx_word' id='word_1_724' title='bbox 2097 4781 2353 4851; x_wconf 88' lang='lat' dir='ltr'><strong>bilisque</strong></span> <span class='ocrx_word' id='word_1_725' title='bbox 2399 4779 2697 4833; x_wconf 86' lang='lat' dir='ltr'><strong>videretur</strong></span> <span class='ocrx_word' id='word_1_726' title='bbox 2749 4776 2890 4848; x_wconf 91' lang='lat' dir='ltr'><strong>quin</strong></span> <span class='ocrx_word' id='word_1_727' title='bbox 2950 4775 3172 4847; x_wconf 90' lang='lat' dir='ltr'><strong>sperari</strong></span> <span class='ocrx_word' id='word_1_728' title='bbox 3215 4776 3412 4843; x_wconf 88' lang='lat' dir='ltr'><strong>posset</strong></span> <span class='ocrx_word' id='word_1_729' title='bbox 3463 4768 3725 4824; x_wconf 89' lang='lat' dir='ltr'><strong>transitio</strong></span> 
     </span>
    </p>
   </div>
   <div class='ocr_carea' id='block_1_106' title="bbox 2092 4858 3725 4940">
    <p class='ocr_par' dir='ltr' id='par_1_106' title="bbox 2092 4858 3725 4940">
     <span class='ocr_line' id='line_1_106' title="bbox 2092 4858 3725 4940; baseline -0.009 -16"><span class='ocrx_word' id='word_1_730' title='bbox 2092 4872 2221 4940; x_wconf 87' lang='lat' dir='ltr'><strong>ejus</strong></span> <span class='ocrx_word' id='word_1_731' title='bbox 2251 4869 2310 4923; x_wconf 91' lang='lat' dir='ltr'><strong>in</strong></span> <span class='ocrx_word' id='word_1_732' title='bbox 2343 4871 2538 4939; x_wconf 90' lang='lat' dir='ltr'><strong>partes</strong></span> <span class='ocrx_word' id='word_1_733' title='bbox 2569 4882 2768 4921; x_wconf 89' lang='lat' dir='ltr'><strong>eorum</strong></span> <span class='ocrx_word' id='word_1_734' title='bbox 2800 4865 2899 4936; x_wconf 91' lang='lat' dir='ltr'><strong>qui</strong></span> <span class='ocrx_word' id='word_1_735' title='bbox 2931 4862 3187 4935; x_wconf 89' lang='lat' dir='ltr'><strong>supremi</strong></span> <span class='ocrx_word' id='word_1_736' title='bbox 3220 4862 3345 4931; x_wconf 90' lang='lat' dir='ltr'><strong>ejus</strong></span> <span class='ocrx_word' id='word_1_737' title='bbox 3369 4858 3601 4914; x_wconf 86' lang='lat' dir='ltr'><strong>honoris</strong></span> <span class='ocrx_word' id='word_1_738' title='bbox 3632 4874 3725 4911; x_wconf 86' lang='lat' dir='ltr'><strong>vo-</strong></span> 
     </span>
    </p>
   </div>
   <div class='ocr_carea' id='block_1_107' title="bbox 2090 4947 3728 5015">
    <p class='ocr_par' dir='ltr' id='par_1_107' title="bbox 2090 4947 3728 5015">
     <span class='ocr_line' id='line_1_107' title="bbox 2090 4947 3728 5015; baseline -0.008 -4"><span class='ocrx_word' id='word_1_739' title='bbox 2090 4956 2354 5011; x_wconf 89' lang='lat' dir='ltr'><strong>luntaria</strong></span> <span class='ocrx_word' id='word_1_740' title='bbox 2382 4954 2667 5010; x_wconf 91' lang='lat' dir='ltr'><strong>delatione</strong></span> <span class='ocrx_word' id='word_1_741' title='bbox 2701 4953 2847 5007; x_wconf 89' lang='lat' dir='ltr'><strong>nihil</strong></span> <span class='ocrx_word' id='word_1_742' title='bbox 2879 4968 2995 5007; x_wconf 90' lang='lat' dir='ltr'><strong>non</strong></span> <span class='ocrx_word' id='word_1_743' title='bbox 3026 4952 3097 5006; x_wconf 90' lang='lat' dir='ltr'><strong>ab</strong></span> <span class='ocrx_word' id='word_1_744' title='bbox 3128 4966 3194 5005; x_wconf 91' lang='lat' dir='ltr'><strong>eo</strong></span> <span class='ocrx_word' id='word_1_745' title='bbox 3221 4947 3593 5015; x_wconf 86' lang='lat' dir='ltr'><strong>meruissent,</strong></span> <span class='ocrx_word' id='word_1_746' title='bbox 3626 4961 3728 4999; x_wconf 87' lang='lat' dir='ltr'><strong>ne-</strong></span> 
     </span>
    </p>
   </div>
   <div class='ocr_carea' id='block_1_108' title="bbox 2094 5037 3727 5110">
    <p class='ocr_par' dir='ltr' id='par_1_108' title="bbox 2094 5037 3727 5110">
     <span class='ocr_line' id='line_1_108' title="bbox 2094 5037 3727 5110; baseline -0.009 -10"><span class='ocrx_word' id='word_1_747' title='bbox 2094 5045 2413 5100; x_wconf 89' lang='lat' dir='ltr'><strong>cessarium</strong></span> <span class='ocrx_word' id='word_1_748' title='bbox 2447 5059 2573 5098; x_wconf 87' lang='lat' dir='ltr'><strong>esse</strong></span> <span class='ocrx_word' id='word_1_749' title='bbox 2628 5042 2872 5097; x_wconf 90' lang='lat' dir='ltr'><strong>credidit</strong></span> <span class='ocrx_word' id='word_1_750' title='bbox 2900 5041 3078 5110; x_wconf 90' lang='lat' dir='ltr'><strong>hujus</strong></span> <span class='ocrx_word' id='word_1_751' title='bbox 3108 5038 3232 5109; x_wconf 85' lang='lat' dir='ltr'><strong>spei</strong></span> <span class='ocrx_word' id='word_1_752' title='bbox 3266 5037 3474 5107; x_wconf 87' lang='lat' dir='ltr'><strong>pignus</strong></span> <span class='ocrx_word' id='word_1_753' title='bbox 3506 5037 3727 5087; x_wconf 88' lang='lat' dir='ltr'><strong>anteca-</strong></span> 
     </span>
    </p>
   </div>
   <div class='ocr_carea' id='block_1_109' title="bbox 2095 5124 3724 5205">
    <p class='ocr_par' dir='ltr' id='par_1_109' title="bbox 2095 5124 3724 5205">
     <span class='ocr_line' id='line_1_109' title="bbox 2095 5124 3724 5205; baseline -0.01 -16"><span class='ocrx_word' id='word_1_754' title='bbox 2095 5149 2230 5205; x_wconf 88' lang='lat' dir='ltr'><strong>pere</strong></span> <span class='ocrx_word' id='word_1_755' title='bbox 2259 5149 2361 5188; x_wconf 92' lang='lat' dir='ltr'><strong>nec</strong></span> <span class='ocrx_word' id='word_1_756' title='bbox 2404 5148 2526 5186; x_wconf 92' lang='lat' dir='ltr'><strong>rem</strong></span> <span class='ocrx_word' id='word_1_757' title='bbox 2558 5135 2779 5185; x_wconf 89' lang='lat' dir='ltr'><strong>tantam</strong></span> <span class='ocrx_word' id='word_1_758' title='bbox 2809 5128 2983 5183; x_wconf 91' lang='lat' dir='ltr'><strong>nimis</strong></span> <span class='ocrx_word' id='word_1_759' title='bbox 3042 5124 3363 5197; x_wconf 84' lang='lat' dir='ltr'><strong>periculose</strong></span> <span class='ocrx_word' id='word_1_760' title='bbox 3395 5124 3529 5177; x_wconf 76' lang='lat' dir='ltr'><strong>aleze</strong></span> <span class='ocrx_word' id='word_1_761' title='bbox 3562 5137 3724 5174; x_wconf 80' lang='lat' dir='ltr'><strong>com-</strong></span> 
     </span>
    </p>
   </div>
   <div class='ocr_carea' id='block_1_110' title="bbox 2096 5208 3727 5285">
    <p class='ocr_par' dir='ltr' id='par_1_110' title="bbox 2096 5208 3727 5285">
     <span class='ocr_line' id='line_1_110' title="bbox 2096 5208 3727 5285; baseline -0.012 -8"><span class='ocrx_word' id='word_1_762' title='bbox 2096 5222 2345 5277; x_wconf 83' lang='lat' dir='ltr'><strong>mittere.</strong></span> <span class='ocrx_word' id='word_1_763' title='bbox 2384 5219 2528 5284; x_wconf 88' lang='lat' dir='ltr'><strong>Quid</strong></span> <span class='ocrx_word' id='word_1_764' title='bbox 2565 5219 2613 5273; x_wconf 93' lang='lat' dir='ltr'><strong>si</strong></span> <span class='ocrx_word' id='word_1_765' title='bbox 2642 5217 2796 5272; x_wconf 91' lang='lat' dir='ltr'><strong>enim</strong></span> <span class='ocrx_word' id='word_1_766' title='bbox 2829 5216 2998 5271; x_wconf 89' lang='lat' dir='ltr'><strong>aliter</strong></span> <span class='ocrx_word' id='word_1_767' title='bbox 3028 5214 3122 5270; x_wconf 92' lang='lat' dir='ltr'><strong>ille</strong></span> <span class='ocrx_word' id='word_1_768' title='bbox 3157 5216 3276 5285; x_wconf 90' lang='lat' dir='ltr'><strong>jam</strong></span> <span class='ocrx_word' id='word_1_769' title='bbox 3339 5208 3727 5279; x_wconf 84' lang='lat' dir='ltr'><strong>proclamatus</strong></span> 
     </span>
    </p>
   </div>
   <div class='ocr_carea' id='block_1_111' title="bbox 2095 5298 3727 5379">
    <p class='ocr_par' dir='ltr' id='par_1_111' title="bbox 2095 5298 3727 5379">
     <span class='ocr_line' id='line_1_111' title="bbox 2095 5298 3727 5379; baseline -0.012 -15"><span class='ocrx_word' id='word_1_770' title='bbox 2095 5315 2151 5365; x_wconf 88' lang='lat' dir='ltr'><strong>et</strong></span> <span class='ocrx_word' id='word_1_771' title='bbox 2206 5310 2593 5379; x_wconf 87' lang='lat' dir='ltr'><strong>inauguratus</strong></span> <span class='ocrx_word' id='word_1_772' title='bbox 2639 5305 2970 5376; x_wconf 89' lang='lat' dir='ltr'><strong>patriarcha</strong></span> <span class='ocrx_word' id='word_1_773' title='bbox 3023 5319 3198 5374; x_wconf 90' lang='lat' dir='ltr'><strong>quam</strong></span> <span class='ocrx_word' id='word_1_774' title='bbox 3249 5303 3544 5370; x_wconf 89' lang='lat' dir='ltr'><strong>speratum</strong></span> <span class='ocrx_word' id='word_1_775' title='bbox 3603 5298 3727 5347; x_wconf 88' lang='lat' dir='ltr'><strong>erat</strong></span> 
     </span>
    </p>
   </div>
   <div class='ocr_carea' id='block_1_112' title="bbox 2095 5382 3722 5467">
    <p class='ocr_par' dir='ltr' id='par_1_112' title="bbox 2095 5382 3722 5467">
     <span class='ocr_line' id='line_1_112' title="bbox 2095 5382 3722 5467; baseline -0.012 -15"><span class='ocrx_word' id='word_1_776' title='bbox 2095 5401 2323 5467; x_wconf 86' lang='lat' dir='ltr'><strong>saperet</strong></span> <span class='ocrx_word' id='word_1_777' title='bbox 2350 5416 2363 5463; x_wconf 89' lang='lat'><strong>;</strong></span> <span class='ocrx_word' id='word_1_778' title='bbox 2402 5400 2458 5450; x_wconf 95' lang='lat' dir='ltr'><strong>et</strong></span> <span class='ocrx_word' id='word_1_779' title='bbox 2488 5393 2791 5466; x_wconf 90' lang='lat' dir='ltr'><strong>dignitatis</strong></span> <span class='ocrx_word' id='word_1_780' title='bbox 2821 5408 3083 5454; x_wconf 70' lang='lat' dir='ltr'><strong>summae,</strong></span> <span class='ocrx_word' id='word_1_781' title='bbox 3116 5404 3287 5458; x_wconf 88' lang='lat' dir='ltr'><strong>quam</strong></span> <span class='ocrx_word' id='word_1_782' title='bbox 3320 5404 3351 5440; x_wconf 90' lang='lat' dir='ltr'><strong>a</strong></span> <span class='ocrx_word' id='word_1_783' title='bbox 3382 5382 3558 5439; x_wconf 90' lang='lat' dir='ltr'><strong>stulte</strong></span> <span class='ocrx_word' id='word_1_784' title='bbox 3588 5396 3722 5435; x_wconf 91' lang='lat' dir='ltr'><strong>oon-</strong></span> 
     </span>
    </p>
   </div>
   <div class='ocr_carea' id='block_1_113' title="bbox 2095 5466 3718 5552">
    <p class='ocr_par' dir='ltr' id='par_1_113' title="bbox 2095 5466 3718 5552">
     <span class='ocr_line' id='line_1_113' title="bbox 2095 5466 3718 5552; baseline -0.012 -14"><span class='ocrx_word' id='word_1_785' title='bbox 2095 5466 2412 5539; x_wconf 81' lang='lat' dir='ltr'><strong>fidentibus</strong></span> <span class='ocrx_word' id='word_1_786' title='bbox 2443 5482 2780 5552; x_wconf 86' lang='lat' dir='ltr'><strong>accepisset,</strong></span> <span class='ocrx_word' id='word_1_787' title='bbox 2832 5484 2952 5535; x_wconf 90' lang='lat' dir='ltr'><strong>toto</strong></span> <span class='ocrx_word' id='word_1_788' title='bbox 2992 5478 3245 5549; x_wconf 90' lang='lat' dir='ltr'><strong>pondere</strong></span> <span class='ocrx_word' id='word_1_789' title='bbox 3273 5470 3635 5528; x_wconf 90' lang='lat' dir='ltr'><strong>incumberet</strong></span> <span class='ocrx_word' id='word_1_790' title='bbox 3663 5466 3718 5520; x_wconf 91' lang='lat' dir='ltr'><strong>in</strong></span> 
     </span>
    </p>
   </div>
   <div class='ocr_carea' id='block_1_114' title="bbox 2095 5556 3723 5643">
    <p class='ocr_par' dir='ltr' id='par_1_114' title="bbox 2095 5556 3723 5643">
     <span class='ocr_line' id='line_1_114' title="bbox 2095 5556 3723 5643; baseline -0.011 -17"><span class='ocrx_word' id='word_1_791' title='bbox 2095 5570 2531 5643; x_wconf 88' lang='lat' dir='ltr'><strong>depressionem</strong></span> <span class='ocrx_word' id='word_1_792' title='bbox 2565 5572 2827 5641; x_wconf 91' lang='lat' dir='ltr'><strong>ipsorum</strong></span> <span class='ocrx_word' id='word_1_793' title='bbox 2879 5567 3216 5622; x_wconf 90' lang='lat' dir='ltr'><strong>eorumdem</strong></span> <span class='ocrx_word' id='word_1_794' title='bbox 3246 5561 3346 5634; x_wconf 90' lang='lat' dir='ltr'><strong>qui</strong></span> <span class='ocrx_word' id='word_1_795' title='bbox 3396 5559 3481 5615; x_wconf 91' lang='lat' dir='ltr'><strong>sic</strong></span> <span class='ocrx_word' id='word_1_796' title='bbox 3534 5556 3723 5643; x_wconf 85' lang='lat' dir='ltr'><strong>ipsum</strong></span> 
     </span>
    </p>
   </div>
   <div class='ocr_carea' id='block_1_115' title="bbox 2095 5640 3719 5732">
    <p class='ocr_par' dir='ltr' id='par_1_115' title="bbox 2095 5640 3719 5732">
     <span class='ocr_line' id='line_1_115' title="bbox 2095 5640 3719 5732; baseline -0.011 -19"><span class='ocrx_word' id='word_1_797' title='bbox 2095 5640 2456 5732; x_wconf 77' lang='lat' dir='ltr'><strong>inexplorato</strong></span> <span class='ocrx_word' id='word_1_798' title='bbox 2502 5640 2656 5714; x_wconf 58' lang='lat'><strong>488</strong></span> <span class='ocrx_word' id='word_1_799' title='bbox 2716 5648 3203 5728; x_wconf 81' lang='lat' dir='ltr'><strong>promovissent?</strong></span> <span class='ocrx_word' id='word_1_800' title='bbox 3255 5648 3355 5706; x_wconf 85' lang='lat' dir='ltr'><strong>His</strong></span> <span class='ocrx_word' id='word_1_801' title='bbox 3411 5647 3481 5701; x_wconf 90' lang='lat' dir='ltr'><strong>de</strong></span> <span class='ocrx_word' id='word_1_802' title='bbox 3528 5640 3719 5700; x_wconf 82' lang='lat' dir='ltr'><strong>causis</strong></span> 
     </span>
    </p>
   </div>
  </div>
