4130 6270
484 314 592 370 895

1778 321 2078 377 GEORGII
2116 324 2575 396 mammas:

3747 315 3842 372 896

484 433 770 509 πρότερον,
828 435 923 499 εἶθ’
979 433 1120 491 οὕτω
1174 437 1263 491 καὶ
1313 436 1515 515 ἐφιέναι
1562 441 1907 513 ψηφίζεσθαι.
1941 441 2005 500 Ἥ
2066 439 2122 495 δὲ
2153 446 2206 514 Α
2238 439 2451 506 πληθὺν
2505 434 2848 517 θριαμϐεύων
2901 434 3164 508 τοῧνομα,
3213 434 3304 491 καὶ
3356 432 3507 496 δίκας
3560 437 3843 508 προστιθεὶς

483 542 644 593 πειρα
697 526 762 591 ἦν
818 521 906 577 διὰ
963 528 1058 578 τυῦ
1116 528 1513 605 συγγράφοντος
1570 526 1738 583 τάδε·
1808 529 1964 593 οὗτος
2018 529 2118 604 γὰρ

485 612 766 680 συνήθειαν
816 606 960 684 ἔχων
994 612 1068 674 εἷς
1099 612 1297 668 ἐκεῖνον
1355 617 1453 683 τήν
1521 616 1777 687 μεγίστην
1809 619 1895 671 καὶ
1930 617 2018 672 ἐπὶ
2051 621 2119 691 τῇ

481 696 642 771 πείρᾳ
689 695 859 771 ταύτῃ
919 703 1027 752 τῶν
1084 698 1268 754 ἄλλων
1331 702 1690 776 προύκρίνετο
1725 747 1737 758 .
1796 704 1932 760 Τότε
1986 709 2119 778 γοῦν

482 785 617 838 κατά
643 785 710 838 τὰ
738 784 788 838 ἐν
822 786 1155 860 ἀπορρήτοις
1202 789 1570 861 ἐπεσταλμένα
1634 792 1726 863 μὲν
1787 793 1922 865 πρὸς
1970 793 2124 867 βασι-

485 870 581 926 λέα
635 877 714 943 τῷ
745 875 1076 949 πατριάρχῃ,
1137 876 1507 950 ἐπεσταλμένα
1565 876 1621 933 δὲ
1675 881 1820 955 παρὰ
1863 880 2125 956 πατριάρ-

483 979 589 1034 χου
618 965 697 1032 τῷ
727 969 1037 1038 συγγραφεῖ,
1099 971 1300 1041 φοιτῶν
1357 966 1544 1038 ἐκείνῳ
1604 967 1860 1042 συχνάκις
1916 968 2005 1023 καὶ
2060 970 2127 1023 τὰ

483 1048 605 1121 περὶ
677 1053 774 1103 τοῦ
850 1052 1248 1127 πατριαρχείου
1304 1055 1771 1128 προτεινόμενος,
1831 1053 1987 1118 εἷ’δὼς
2048 1059 2123 1130 μὴ

486 1133 654 1191 εἰδότι
704 1138 795 1192 τὸν
852 1144 976 1194 νοῦν
1019 1141 1310 1213 ἐθηρώμην
1362 1145 1448 1198 καὶ
1480 1144 1577 1212 τήν
1610 1146 1837 1218 γνώμην
1868 1143 2125 1218 ἐνεχύρα-

487 1229 600 1292 ζον,
652 1225 741 1280 καί
797 1228 846 1300 γ’
877 1227 1289 1306 ἐπληροφόρουν
1323 1230 1846 1308 πληροφοροόμενος
1879 1233 1954 1294 ὡς
1987 1231 2128 1301 κλη-

483 1311 592 1374 θεὶς
622 1312 940 1369 ὑπακούσειε
995 1316 1085 1370 καὶ
1116 1318 1213 1384 τὴν
1268 1318 1343 1379 εἷς
1390 1318 1452 1372 τὸ
1500 1324 1889 1394 πατριαρχεῖον
1933 1318 2128 1388 κλῆσιν

485 1402 837 1473 προσήσεται.
896 1402 1087 1477 Γέγονε
1136 1409 1322 1473 ταῦτα,
1382 1407 1472 1460 καὶ
1508 1407 1580 1468 ὡς
1616 1407 1918 1484 ὑποψηφίιρ
1962 1407 2129 1461 ἐντεῦ-

487 1499 572 1551 θεν
604 1491 1045 1566 προσφερόμενος
1092 1493 1118 1546 ὁ
1150 1498 1359 1565 κρατῶν
1390 1494 1457 1548 τὰ
1488 1495 1679 1571 φιλικά
1722 1516 1781 1550 τε
1837 1493 2129 1550 ἐπέστελλε

485 1578 577 1631 καί
607 1598 667 1652 γε
694 1582 801 1631 τῶν
835 1579 1132 1654 ἀναγκαίων
1178 1582 1313 1636 κατὰ
1365 1580 1570 1657 βουλὴν
1624 1585 1885 1638 κοινωνὸν
1936 1583 2125 1651 ἐποίει,

490 1665 628 1721 Τότε
685 1666 865 1720 τοίνυν
914 1670 1009 1730 τὰς
1070 1669 1244 1723 αὐτῶν
1304 1668 1590 1741 δεξάμενος
1644 1667 1980 1744 συμϐουλὰς,
2037 1672 2125 1726 καὶ

489 1754 593 1827 πρό
624 1775 684 1828 γε
712 1753 921 1810 τούτων
979 1758 1078 1825 τὴν
1107 1765 1204 1826 τῆς
1260 1755 1571 1829 δεσποίνης,
1600 1755 1742 1834 ἔργῳ
1769 1762 1837 1815 τὰ
1864 1767 1962 1829 τῆς
1998 1761 2128 1836 βου-

491 1847 594 1909 Λῆς
649 1840 914 1917 ἐπλήρου,
974 1845 1063 1898 καὶ
1122 1845 1339 1918 πέμψας
1397 1843 1511 1922 ἄγει
1568 1867 1626 1902 τε
1682 1848 1757 1909 εἰς
1803 1849 1990 1902 ἑαυτὸν
2038 1849 2129 1903 τὸν

490 1927 740 1999 Ἰωάννην
798 1930 858 1984 ἐκ
906 1936 1013 1985 τῶν
1070 1935 1208 1987 κατὰ
1262 1933 1614 2006 Σκάμανδρον
1672 1938 1937 2010 Τρωϊκῶν
1998 1936 2132 2007 (ἐκεῖ

488 2017 591 2092 γὰρ
647 2019 739 2072 καὶ
790 2020 885 2081 τὰς
942 2018 1221 2096 διατριϐὰς
1269 2022 1532 2091 ἐποιεῖτο,
1564 2022 1842 2100 αὐτάρκως
1893 2030 1999 2078 τῶν
2056 2025 2129 2088 εἷς

488 2106 746 2181 πρόνοιαν
794 2102 961 2182 ἔχων)
1015 2108 1102 2164 καί
1174 2112 1654 2187 μετασχηματίσας
1703 2109 1952 2187 γαμϐρὸν
2009 2113 2135 2169 ἐκά-

492 2195 576 2249 λει
607 2195 695 2249 καὶ
732 2195 959 2269 βασιλέα
988 2196 1341 2273 Βουλγάρων.
1384 2199 1662 2255 Μετετίθει
1695 2198 1753 2254 δὲ
1797 2201 1887 2255 καὶ
1942 2206 2131 2256 τοῦτον

491 2283 568 2347 εἰς
620 2285 683 2338 τὸ
737 2281 833 2339 τοῖ’)
890 2287 1113 2341 πάππου
1173 2289 1334 2342 Ἀσὰν
1359 2288 1457 2343 δινὰ
1494 2294 1667 2344 πᾶσαν
1697 2290 1796 2357 τὴν
1823 2289 1945 2365 περὶ
1975 2290 2132 2346 αὐτὸν

498 2498 733 2570 scripsit
754 2498 1072 2571 imperator
1118 2517 1328 2557 arcano
1368 2501 1711 2573 patriarchae
1763 2502 1945 2558 videri
1992 2520 2023 2558 e
2077 2520 2137 2559 re

496 2586 637 2651 fore,
670 2586 718 2641 si
755 2588 1095 2659 priusquam
1145 2589 1447 2645 destinatas
1496 2589 1801 2645 electionis
1861 2591 2138 2648 monachi

496 2674 784 2745 Principis
822 2675 883 2730 in
921 2676 1313 2746 patriarcham
1346 2676 1631 2733 indicium
1671 2683 1995 2746 emanaret,
2043 2693 2138 2733 ex-

495 2762 888 2833 perimentum
920 2769 1152 2836 caperet
1181 2768 1310 2835 eius
1350 2765 1614 2835 animi,et
1639 2766 1723 2822 sic
1744 2770 1978 2822 tantum
2011 2783 2135 2836 per-

498 2850 631 2905 ferri
664 2851 915 2907 faventia
942 2853 1051 2923 ipsi
1086 2854 1365 2926 suffragia
1413 2854 1798 2925 permitteret,
1852 2856 1902 2910 si
1943 2854 2141 2926 qualia

504 2937 721 2994 vellent
748 2944 805 2995 et
829 2942 899 2995 ad
936 2942 1203 2998 Ecclesiae
1264 2959 1467 3014 pacem
1498 2942 1816 3014 expediret,
1851 2943 2138 2997 facturum

506 3042 638 3081 eum
670 3034 825 3084 certo
854 3029 1227 3087 constitisset.
1274 3032 1388 3086 Hoc
1446 3047 1616 3100 porro
1672 3030 2136 3099 experimentum

2231 529 2325 591 τὰς
2382 528 2529 599 ἀξίας
2584 534 2700 590 τοῖς
2754 549 2815 603 γε
2869 528 2944 598 μή
3004 523 3178 586 οὕτως
3205 521 3428 598 λέγουσι
3456 525 3592 577 κατά
3616 542 3729 576 τινα
3759 544 3841 595 με-

2234 618 2527 690 μνημένοις
2570 617 2760 691 χρείαν
2792 658 2804 670 .
2868 614 2965 669 Καὶ
3028 617 3134 668 τῶν
3195 610 3522 686 Βουλγάριυν
3578 608 3700 670 τοὺς
3755 611 3837 682 μὲν

2229 710 2577 781 προσχωρεῖν
2608 704 2844 776 ἑτοίμως
2892 700 3073 756 ἐκάλει
3127 700 3199 762 ὡς
3243 698 3434 754 αὐτίκα
3479 697 3839 773 εὐεργετήσων,

2229 793 2353 855 τοὺς
2412 792 2469 848 δέ
2521 815 2573 849 τι
2631 794 2720 847 καὶ
2774 794 3138 867 προνοοῦντας
3195 792 3291 843 τοῦ
3330 784 3602 863 ἀσφαλοῦς
3633 785 3838 859 πέμπων

2232 879 2431 956 δώροις
2465 882 2557 954 μὲν
2591 878 2850 955 ⁹ἤγαλλιιν,
2883 879 3212 956 ἀνεῤῥώννυε
3244 873 3301 931 δὲ
3349 880 3469 936 ταῖς
3526 873 3731 929 ἐλπίσιν
3779 873 3842 938 ὡς

2232 970 2289 1024 εὖ
2318 970 2615 1042 πράξοντας
2648 968 2693 1023 εἰ
2723 969 2815 1023 τὸν
2866 964 3120 1035 Ἰωᾶννην
3172 963 3407 1035 δέξοιντο
3462 963 3682 1038 βασιλέα
3727 963 3846 1016 ἀπο-

2234 1059 2449 1119 στάντες
2504 1057 2733 1132 Μαρίας.
2787 1060 2963 1110 Ταῢτα
3013 1055 3106 1128 μὶν
3167 1054 3258 1108 οὗν
3291 1052 3373 1133 ,ἐκ
3430 1053 3529 1120 τῆς
3589 1048 3845 1124 Ἀδριανοῦ

2234 1145 2527 1217 ᾠκονόμει,
2561 1146 2639 1218 [Ρ.
2673 1146 2822 1216 300],
2866 1142 2956 1198 καί
2984 1163 3134 1203 τινας
3163 1139 3352 1195 αὐτίκα
3381 1139 3519 1213 πρὸς
3555 1137 3717 1209 μόνην
3760 1139 3844 1205 τὴν

2235 1234 2426 1306 φήμην
2464 1235 2936 1308 προσχωροῦντας
2988 1230 3044 1284 εὗ
3093 1226 3240 1304 ἔδρα,
3290 1226 3379 1282 καὶ
3426 1222 3848 1298 κατεδημαγώγει

2234 1320 2574 1396 Βουλγάρους
2603 1325 2721 1381 ταῖς
2755 1317 3129 1393 ὑποσχέσεσιν.

2236 1480 2278 1543 ς’
2311 1522 2324 1534 .
2380 1480 2568 1541 ⁸Ὀπως
2613 1477 2702 1532 καὶ
2757 1475 2849 1531 τὸν
2894 1472 3147 1543 ,Μιχαὴλ
3206 1473 3265 1528 ἐκ
3324 1471 3528 1534 δόσεως
3585 1467 3850 1534 ἐπελθόντα

2761 1494 2849 1531 τον
2917 1494 2989 1531 Mt
3039 1494 3147 1543 αηΛ
3206 1494 3265 1528 εκ
3324 1494 3340 1527 c

2761 1494 3340 1622 γαμϐρὸνχέποιήσατυ.

2310 1671 2682 1728 Ἐπανελθόντι
2715 1670 2765 1726 δ’
2794 1673 2847 1735 ἐς
2877 1672 3038 1728 πόλιν
3080 1669 3392 1746 ἠγγέλλετο
3440 1667 3531 1723 καὶ
3561 1669 3597 1737 ἠ
3651 1669 3739 1721 τοῦ
3764 1670 3853 1721 Μι-

2236 1759 2389 1836 χαὴλ
2420 1759 2480 1814 ἐκ
2507 1765 2613 1815 τῶν
2646 1758 2874 1815 δυτικῶν
2932 1760 3055 1814 ὅσον
3085 1759 3183 1814 οὐκ
3206 1755 3311 1828 ἤδη
3348 1754 3551 1832 ἄφιξις.
3597 1756 3657 1812 Ὀ
3711 1751 3750 1807 δ’
3796 1753 3853 1820 ἦν

2239 1850 2267 1903 ὁ
2297 1852 2393 1903 τοῦ
2425 1847 2659 1923 Μιχαὴλ
2697 1847 2958 1904 δεσπότου
2997 1848 3112 1909 υἱὸς
3157 1846 3403 1917 ὕστατος,
3439 1845 3745 1918 Δημήτριος
3775 1840 3855 1912 μὲν

2237 1938 2297 1991 τὸ
2355 1939 2468 1991 κατ’
2528 1937 2703 2011 ἀρχὰς
2758 1938 3083 2012 λεγόμενος,
3142 1934 3400 1994 θανόντος
3458 1929 3517 1986 δὲ
3544 1935 3637 1985 τοῦ
3683 1929 3860 2001 πατρὸς

2237 2022 2481 2098 τοῦνομα
2534 2026 2670 2080 κατᾶ
2728 2027 2951 2098 μνήμην
3012 2023 3218 2079 ἐκείνου
3268 2018 3755 2092 ἀπαλλαξάμενος.
3803 2018 3859 2092 ᾮ

2243 2110 2310 2181 δὴ
2366 2116 2457 2168 καὶ
2518 2118 2683 2188 μοῖρα
2709 2117 2815 2167 τῶν
2854 2117 2951 2167 τοῦ
2981 2112 3183 2187 πατρὸς
3215 2114 3422 2186 χωρῶν
3452 2104 3857 2180 προσκεκληρω-

2247 2201 2379 2275 μένη
2415 2203 2516 2257 οὐκ
2544 2204 2846 2277 ἀποχρῶσα
2874 2206 2953 2274 τῷ
2988 2201 3196 2275 μεγέθει
3236 2206 3337 2269 τῆς
3367 2199 3492 2252 κατ’
3523 2196 3678 2251 αὐτὸν
3710 2192 3854 2263 ἀξίας,

2244 2292 2313 2360 ἧς
2367 2293 2512 2367 παρὰ
2564 2297 2660 2348 τοῦ
2734 2295 3061 2367 κρατοῦντος
3117 2289 3410 2367 ἐτύγχανεν
3470 2285 3580 2358 ἤδη
3639 2278 3860 2360 γαμϐρὸς

2244 2505 2476 2576 praediis
2490 2506 2559 2561 ad
2579 2505 2733 2561 victu
2744 2521 2800 2560 m
2813 2504 3036 2560 cultum
3052 2519 3164 2574 que
3176 2501 3450 2575 splendid
3460 2516 3559 2556 um
3574 2499 3831 2572 proventu
3844 2534 3857 2561 ,

2246 2595 2469 2649 mutato
2510 2592 2715 2649 habitu
2747 2593 2905 2649 489
2932 2608 3211 2665 generum
3268 2588 3453 2646 simul
3483 2603 3677 2654 suum,
3705 2582 3857 2641 simul

2245 2697 2435 2754 regem
2463 2681 2847 2754 Bulgarorum
2879 2679 3193 2753 appellavit
3221 2697 3235 2747 ;
3258 2682 3713 2751 cognomentum
3742 2689 3861 2745 quo-

2246 2786 2359 2840 que
2391 2771 2506 2842 ipsi
2559 2770 2781 2825 addidit
2802 2771 2874 2826 ab
2925 2786 3030 2826 avo
3079 2772 3293 2835 Asane,
3353 2770 3415 2823 et
3463 2766 3723 2821 universo
3770 2776 3857 2816 suo

2247 2858 2571 2922 comitatui,
2608 2875 2756 2913 novo
2789 2858 2900 2913 isto
2931 2856 3097 2912 illum
3129 2857 3436 2912 celebrans
3479 2855 3730 2917 nomine,
3760 2866 3859 2906 ma-

2246 2947 2458 3019 gniﬁce
2489 2947 2821 3012 ostentavit,
2854 2946 3036 3017 pmnis
3057 2946 3232 3000 etiam
3266 2945 3519 3000 decretis
3550 2944 3608 2998 in
3638 2958 3730 2998 eos
3749 2937 3853 3010 qui,
3950 2961 3954 2965 <
4038 2936 4041 2943 “

2247 3051 2597 3107 quocunque
2628 3035 2920 3090 incidente
2952 3051 3063 3089 usu
3096 3035 3455 3089 mentionem
3479 3031 3859 3103 ejusdeinceps

499 3132 601 3185 per
629 3117 974 3186 scriptorem
1009 3119 1188 3188 hujus
1220 3118 1479 3172 historias
1504 3122 1742 3188 captum
1775 3118 1945 3172 est:is
1977 3119 2134 3173 enim
2166 3139 2209 3206 α
2251 3125 2518 3189 faciendi,
2539 3124 2706 3178 aliter
2727 3139 2905 3195 quam
2962 3125 3212 3177 Asanem
3246 3129 3302 3177 et
3346 3137 3549 3193 regem
3604 3115 3854 3189 Bulgaria

496 3217 565 3255 ex
594 3201 764 3274 longo
794 3203 1291 3260 familiarissimus
1316 3203 1571 3275 Principi
1602 3204 1673 3258 ad
1717 3206 1831 3260 ista
1875 3204 2132 3275 explora-

493 3290 649 3344 tione
680 3290 927 3346 tideliter
958 3292 1315 3361 feliciterque
1359 3292 1719 3363 fungendum
1750 3292 1994 3347 idoneus
2018 3310 2131 3363 prae

495 3378 722 3432 cunctis
751 3383 839 3433 est
861 3380 1182 3449 judicatus.
1220 3380 1365 3434 Huic
1395 3396 1532 3451 ergo
1584 3379 1916 3450 patriarcha
1965 3382 2134 3452 juxta

496 3465 849 3521 sententiam
894 3483 1121 3523 arcana:
1171 3467 1545 3537 imperatoris
1604 3467 1863 3538 epistolis
1920 3484 2134 3523 arcana

496 3553 714 3624 scripto
745 3555 870 3624 ipse
899 3571 1129 3625 quoque
1152 3556 1429 3610 mandata
1460 3572 1593 3609 cum
1616 3555 2004 3621 misisset,ille
2030 3572 2132 3627 pro

496 3640 751 3696 amicitia
809 3642 1023 3714 sapius
1089 3643 1292 3699 adiens
1362 3642 1686 3714 Principem
1755 3643 2130 3711 monachum,

496 3729 546 3783 ei
579 3729 851 3799 subinde,
884 3731 1053 3801 quasi
1080 3732 1214 3786 ficta
1243 3730 1538 3805 sermonis
1577 3748 1755 3786 causa
1781 3731 2129 3795 conditione,

498 3817 856 3874 mentionem
889 3819 1337 3890 patriarcbatus,
1372 3821 1574 3891 ignaro
1604 3820 1745 3890 quid
1785 3820 1855 3874 de
1882 3835 1943 3875 se
1974 3818 2133 3890 cogi-

497 3908 740 3976 taretur,
772 3909 963 3964 sciens
993 3908 1116 3979 ipse
1145 3907 1227 3964 ita
1279 3908 1501 3977 intulit,
1544 3911 1609 3962 ut
1666 3910 1820 3962 certo
1868 3908 2133 3978 expisca-

498 3999 660 4051 retur
715 3996 1150 4068 penitissimum
1181 3997 1309 4067 ejus
1337 4012 1580 4051 sensum
1612 3995 1831 4063 animi;
1868 3995 1968 4066 qui
2001 4011 2133 4050 cum

497 4082 634 4138 talis
664 4089 819 4140 esset
849 4084 1083 4156 qualem
1133 4085 1449 4155 imperator
1506 4092 1559 4139 et
1603 4084 1933 4155 patriarcha
1987 4082 2133 4138 Con-

501 4174 1056 4245 stantinopolitanus
1086 4174 1382 4245 optabant,
1426 4178 1483 4227 et
1539 4173 1772 4244 utrique
1820 4189 2135 4244 persuasus

500 4259 666 4330 prius
697 4278 802 4333 ego
833 4262 1251 4333 persuasissem
1280 4261 1470 4328 illum,
1503 4261 1552 4315 si
1596 4261 1926 4332 patriarcha
1950 4260 2138 4317 decla-

500 4353 748 4418 raretur,
781 4356 1123 4407 secuturum
1181 4365 1297 4406 non
1325 4349 1574 4404 invitum
1624 4366 1738 4421 quo
1771 4350 1843 4405 ab
1874 4351 2134 4420 Augusto

498 4444 557 4491 et
579 4438 740 4493 urbis
778 4438 1107 4509 patriarcha
1135 4438 1635 4493 consentientibus
1657 4438 2134 4503 vocaretur,itum

2242 3216 2536 3268 vocarent.
2570 3211 2851 3282 Bulgaros
2909 3227 3139 3282 quoque
3170 3214 3460 3281 quotquot
3514 3209 3574 3263 in
3632 3219 3856 3277 praesens

2237 3301 2425 3371 parati
2454 3301 2524 3356 ad
2558 3300 2952 3355 accedendum
2983 3305 3126 3355 sunt
3156 3298 3391 3370 reperti,
3428 3316 3533 3370 spe
3581 3291 3858 3352 beneﬁcio-

2237 3404 2366 3444 rum
2401 3388 2599 3443 statim
2633 3405 2665 3443 a
2695 3405 2758 3444 se
2789 3387 3298 3459 percipiendorum
3327 3386 3616 3442 evocavit:
3636 3384 3705 3439 ad
3735 3378 3856 3436 alios

2241 3479 2341 3549 qui
2364 3478 2554 3533 adhuc
2571 3477 3226 3543 deliberarent,idoneos
3258 3476 3358 3547 qui
3391 3476 3687 3533 allicerent
3715 3467 3852 3526 misit

2239 3566 2408 3621 donis
2431 3582 2528 3620 eos
2553 3567 2678 3637 jam
2710 3582 2866 3620 nunc
2895 3564 3203 3631 deliniens,
3262 3564 3322 3619 in
3355 3569 3656 3634 posterum
3677 3562 3848 3614 autem

2239 3654 2458 3724 spebus
2504 3654 2890 3709 corroborans
2947 3654 3118 3724 quasi
3169 3658 3596 3708 consecuturos
3668 3647 3851 3703 cuncta

2240 3758 2365 3811 quas
2396 3746 2675 3813 cuperent
2704 3742 2776 3796 ad
2796 3743 2927 3796 vitae
2974 3742 3278 3796 ﬂorentem
3329 3744 3575 3806 statum,
3633 3736 3680 3792 si
3724 3732 3850 3788 defi-

2238 3830 2455 3885 cientes
2488 3847 2521 3884 a
2551 3829 2733 3884 Maria
2761 3829 3046 3884 Joannem
3079 3844 3274 3901 regem
3315 3829 3692 3901 accepissent.
3738 3822 3848 3876 Haec

2239 3934 2306 3972 ex
2339 3916 2705 3987 Adrianopoli
2735 3917 3022 3987 providit;
3055 3922 3111 3972 et
3162 3916 3456 3987 quosdam
3502 3916 3573 3970 ad
3629 3911 3847 3984 primam

2242 4004 2444 4060 talium
2480 4005 2692 4060 famam
2725 4005 2923 4060 statim
2956 4012 3364 4060 concurrentes
3417 4001 3706 4060 beneﬁciis
3732 3997 3845 4052 alle-

2240 4094 2338 4158 cit,
2363 4098 2719 4164 caeterosque
2751 4093 3034 4163 Bulgaros
3067 4092 3297 4164 magnis
3354 4084 3844 4164 pollicitationibus

2237 4180 2471 4236 trahere
2500 4181 2558 4235 in
2590 4186 2782 4252 partes
2813 4179 3173 4252 populariter
3202 4180 3436 4252 sategit.

2238 4339 2293 4394 6.
2328 4341 2390 4396 Ut
2419 4338 2739 4395 Michaclem
2759 4342 2929 4395 etiam
2960 4356 3032 4395 ex
3065 4340 3360 4397 Occidente
3388 4340 3461 4396 ad
3490 4355 3546 4395 se
3568 4338 3839 4411 profectum

2640 4412 2938 4481 imperator
2963 4428 3223 4482 generum
3250 4415 3466 4482 fecerit.

498 4488 1162 4597 a‘Pﬁatr-iburswnurllojam
1193 4526 1462 4581 obstante
1493 4526 1553 4580 in
1586 4524 1865 4596 suffragia
1914 4488 2021 4593 est,
2080 4527 2138 4581 et
2167 4488 2215 4553 Β
2315 4533 2564 4588 Reverso
2597 4538 2727 4604 post
2754 4532 2877 4589 hac
2907 4534 2968 4589 in
2996 4536 3198 4591 urbem
3251 4534 3590 4606 imperatori
3637 4527 3837 4587 nuntia-

500 4614 977 4683 conspirantibus
1008 4614 1270 4686 legitimo
1312 4630 1557 4671 numero
1601 4612 1840 4669 calculis
1890 4614 1997 4669 rite
2047 4617 2137 4668 est

496 4698 698 4756 electio
722 4701 958 4772 perlata.
996 4702 1089 4756 His
1122 4702 1202 4757 ita
1231 4702 1412 4772 gestis
1446 4702 1764 4774 imperator
1810 4701 2132 4758 Theodosio

500 4790 582 4843 uti
606 4791 731 4859 jam
771 4789 951 4846 electo
1000 4794 1056 4846 et
1099 4792 1403 4862 designato
1458 4792 1797 4860 patriarchas
1856 4791 2132 4847 honorem

500 4878 742 4944 habens,
791 4883 847 4933 et
892 4880 1077 4935 amice
1136 4880 1391 4935 scribere
1446 4883 1502 4934 et
1554 4878 1983 4935 communicare
2034 4881 2131 4935 de-

490 4964 896 5021 liberationem
921 4967 993 5021 de
1020 4969 1196 5022 rebus
1219 4967 1417 5038 magni
1450 4966 1520 5021 ad
1550 4967 1973 5036 rempublicam
2004 4983 2129 5022 mo-

499 5055 769 5120 menti,in
800 5072 917 5126 qua
953 5058 1313 5123 versabatur,
1347 5056 1590 5126 ejusque
1620 5071 1799 5126 super
1835 5055 1907 5110 iis
1938 5055 2128 5110 consi-

493 5142 639 5198 lium
665 5145 967 5216 exquirere
997 5144 1215 5199 bonum
1247 5143 1401 5197 factu
1435 5142 1684 5198 censuit.
1741 5142 1960 5198 Horum
1992 5148 2131 5199 tunc

498 5247 668 5301 porro
699 5233 997 5304 responsis
1054 5248 1156 5301 per
1202 5229 1400 5285 omnia
1443 5231 1906 5301 congruentibus
1964 5247 2132 5287 acce—

499 5319 636 5390 ptis,
665 5324 722 5374 et
750 5320 936 5392 ipsius
963 5320 1024 5375 in
1055 5316 1283 5391 primis,
1316 5332 1492 5388 quam
1533 5318 1676 5373 item
1734 5316 2127 5388 consuluerat,

498 5408 788 5480 Augustae,
816 5407 1126 5464 consilium
1183 5406 1242 5461 in
1297 5421 1421 5461 rem
1456 5404 1725 5461 contulit.
1765 5407 2129 5463 Aocersitum

486 5496 651 5552 enim
683 5512 714 5552 e
743 5496 1101 5553 Scamandro
1123 5498 1181 5552 et
1201 5492 1423 5552 Troicis
1455 5493 1793 5565 regionibus
1816 5494 2129 5565 Joannem,

496 5579 596 5637 ubi
629 5580 724 5641 ille
754 5583 919 5656 prius
942 5582 1303 5651 morabatur,
1337 5579 1679 5641 abundante
1704 5580 1818 5656 ipsi
1847 5580 2022 5642 esuis
2046 5581 2131 5640 ibi

2241 4624 2339 4674 tus
2371 4625 2459 4676 est
2490 4621 2778 4693 appulsus
2800 4639 2932 4677 mox
2956 4622 3188 4678 futurus
3201 4624 3574 4679 adventantis
3591 4620 3839 4677 Constan-

2244 4707 2549 4778 tinopolim
2583 4725 2652 4764 ex
2680 4710 2931 4765 Occiduo
2975 4705 3165 4766 tractu
3222 4710 3546 4767 Michaelis.
3593 4709 3719 4764 Erat
3767 4699 3838 4756 hic

2245 4794 2538 4850 Michaelis
2556 4797 2809 4867 despotas
2849 4798 3006 4854 ﬁlius
3039 4803 3177 4853 natu
3209 4798 3519 4865 minimus,
3550 4788 3835 4851 Demetrius

2242 4900 2276 4939 a
2306 4883 2590 4954 principio
2619 4887 2990 4954 vocatus,sed
3022 4887 3204 4959 patris
3260 4890 3463 4959 postea
3516 4880 3717 4940 mortui
3752 4891 3834 4931 no-

2243 4988 2377 5026 men
2409 4972 2478 5026 ad
2511 4973 2637 5042 ejus
2670 4974 3013 5029 memoriam
3046 4976 3266 5030 omisso
3297 4973 3529 5046 proprio
3559 4978 3833 5039 usurpaveo

2242 5060 2452 5128 rat;cui
2483 5076 2614 5116 cum
2644 5077 2769 5132 quae
2804 5063 2936 5132 jure
2980 5062 3302 5134 contigerat
3352 5059 3701 5118 hereditario
3751 5066 3832 5123 p8-

2236 5151 2417 5202 ternaa
2448 5147 2686 5204 ditionis
2718 5166 2852 5220 pars
2883 5150 3149 5205 sufﬁcere
3183 5167 3297 5205 non
3328 5150 3613 5206 videretur
3640 5136 3831 5211 magni-

2238 5235 2432 5291 tudini
2464 5236 2819 5292 sustinendae
2846 5254 3004 5294 novre
3035 5255 3207 5310 quam
3242 5242 3367 5294 tum
3401 5237 3645 5309 primum
3675 5226 3833 5285 inibat

2238 5323 2546 5394 dignitatis
2576 5325 2773 5397 generi
2797 5326 3166 5397 imperatoris
3189 5327 3299 5395 (sic
3329 5327 3482 5383 enim
3511 5337 3633 5379 esse
3659 5322 3710 5374 et
3736 5328 3827 5384 ap-

2237 5410 2580 5482 pellarijam
2611 5418 2878 5485 coeperat,
2908 5414 3156 5486 Augusti
3186 5415 3308 5471 filia
3335 5414 3445 5487 ipsi
3475 5429 3510 5469 a
3550 5412 3700 5482 patre
3742 5400 3828 5487 de-

2236 5502 2499 5571 sponsa),
2531 5515 2601 5557 ea
2636 5500 2838 5559 relicta
2883 5516 2946 5559 se
2979 5485 3051 5559 ad
3079 5485 3483 5575 imperatorem
3538 5485 3823 5575 transtulit,

2238 5585 2731 5647 conﬁsuslitteris
2773 5588 2900 5661 ejus
2937 5573 3325 5664 jurejurando
3368 5582 3624 5648 ﬁrmatis.
3667 5573 3825 5637 Erant
