4130 6270
338 334 445 391 897

1381 329 1479 384 DE
1514 326 1886 384 MICHABLE
1922 324 2367 382 PALBOLOGO
2401 327 2535 382 LIB.
2575 323 2677 382 Vl.

3617 330 3723 385 898

344 455 728 531 ὑπεσχημένος
773 455 1037 528 γενέσθαι,
1087 448 1343 524 οὐδαμῶς
1388 447 1584 506 ἐδόκει.
1634 449 1722 519 Τῷ
1763 469 1847 505 τοι
1879 448 2058 519 διά-Α
2094 448 2297 504 τούτων
2355 446 2692 520 σκεψομένης
2763 444 2851 501 καὶ
2923 453 3019 516 τῆς
3089 451 3214 524 παρ’
3271 453 3438 520 αὐτῆς
3499 449 3723 516 λύσεως.
3797 476 3799 478 ·

340 548 525 616 κείνην
583 545 733 620 ἀφεὶς
794 542 1008 618 βασιλεῖ
1062 541 1428 617 προσεχώρει,
1489 540 1754 594 πιστεύων
1806 537 1985 614 γράμ-

349 656 506 709 μασιν
563 633 748 708 ὅρκοις
807 629 1365 707 κατησιραλισμένοις.
1423 630 1589 682 Ἦσαν
1649 629 1742 700 μὲν
1778 625 1866 681 οὖν
1906 631 1983 698 τῷ

349 720 566 797 βασιλεῖ
622 719 887 792 ἑκατέρων
945 721 1050 771 τῶν
1111 714 1410 790 θυγατέρων
1466 715 1707 785 Εἰρήνης
1753 717 1864 785 ἅμα
1894 714 1982 768 καὶ

346 814 545 875 Ἀννης
599 810 654 880 (ἡ
708 806 810 880 γὰρ
870 802 1100 860 Εὐδοκία
1163 805 1330 877 μικρὰ
1385 803 1452 871 ἧν
1507 804 1596 856 καὶ
1637 797 1736 874 ἔτι)
1768 804 1822 856 αἱ
1850 804 1985 875 πρὸς

342 898 469 958 τοὺς
524 894 790 972 νυμφίους
847 893 1204 966 συναρμόσεις
1279 889 1688 964 έμπρόθεσμοι·
1749 889 1873 945 ἀλλ’
1931 891 1981 942 οἱ

342 990 441 1051 τῆς
499 985 740 1058 Εἰρήνης
795 982 967 1056 γάμοι
1017 985 1094 1050 τῷ
1146 977 1255 1048 ἤδη
1338 978 1551 1054 βασιλεῖ
1624 978 1983 1054 ψηφιζομένῳ

345 1072 678 1148 Βουλγάρων
739 1070 900 1127 Ἀσάν
962 1066 1245 1124 ἐτελοῦντο
1305 1068 1775 1143 περιφανέστερον.
1834 1073 1983 1138 Συμ-

347 1161 533 1224 ϐόλοις
587 1160 688 1236 γὰρ
745 1159 952 1234 ἐχρῆτο
1017 1157 1342 1230 βασιλικοῖς,
1404 1155 1453 1224 ἐξ
1513 1153 1667 1227 ἐρίων
1735 1155 1826 1226 μὲν
1867 1155 1983 1208 κατ’

350 1247 676 1329 ἐφεστρίδας,
717 1254 836 1308 τοῖς
890 1246 935 1300 δ’
985 1243 1178 1306 ἄλλοις
1224 1249 1342 1304 τοῖς
1391 1243 1573 1304 αὐτοῖς
1610 1241 1858 1315 βασιλεῖ·
1893 1244 1980 1297 καὶ

347 1328 614 1398 συνθεσίαι
670 1340 830 1407 ἦσαν,
874 1335 918 1390 εἰ
972 1336 1065 1408 μὲν
1123 1331 1393 1388 εύοδοῖντο
1451 1328 1740 1386 έπὶϐαίνειν
1790 1333 1987 1405 Τερνό-

350 1428 448 1485 ϐου
480 1429 689 1500 σύναμα
718 1426 808 1480 καὶ
837 1429 955 1486 ταῖς
981 1424 1076 1478 τοῦ
1111 1422 1377 1497 βασιλέως
1411 1419 1719 1493 δυνάμεσιν.
1758 1423 1836 1494 [Ρ.
1859 1423 1984 1493 301]

349 1520 395 1573 εἰ
427 1516 472 1571 δ’
505 1515 618 1587 οὖν,
651 1513 817 1584 ἀλλά,
848 1512 936 1567 καὶ
969 1511 1120 1574 αὖθις
1154 1510 1230 1572 εὶς
1265 1507 1527 1570 δεσπότας
1552 1516 1650 1578 τῆς
1677 1507 1985 1582 Ῥωμαῖδος

349 1605 714 1678 σεμνύνεσται.
773 1607 935 1662 Τοῖς·
1000 1600 1092 1673 μὶν
1154 1597 1244 1652 οὖν
1316 1596 1692 1670 τετελεσμένοι
1745 1598 1879 1666 ἦσαν
1937 1598 1987 1651 οἱ

345 1694 537 1771 γάμοι,
585 1693 674 1746 καὶ
736 1689 928 1766 βουλαὶ
991 1687 1346 1761 προύτίθεντο
1404 1691 1646 1760 συνεχεῖς
1699 1681 1846 1747 ὅπως
1903 1685 1988 1740 ἅν-

349 1782 441 1838 καὶ
494 1782 559 1834 τὰ
609 1781 796 1853 πρόσω
855 1779 968 1831 κατ’
1029 1776 1314 1850 εὐμάρειαν
1372 1779 1738 1847 προχωροῖεν.
1775 1777 1901 1836 Τοῖς
1933 1772 1989 1828 δὲ

345 1874 445 1923 τοῦ
477 1866 704 1942 Μιχαὴλ
735 1867 933 1940 γάμοις
993 1863 1084 1917 καὶ
1138 1865 1237 1926 τῆς
1297 1860 1544 1934 δευτέρας
1582 1865 1688 1914 τῶν
1728 1861 1988 1934 βασιλέως

350 1958 655 2032 θυγατέρων
689 1958 886 2022 Ἅννης
927 1950 1252 2027 προσίστατό
1282 1972 1334 2004 τι
1363 1954 1470 2004 τῶν
1519 1956 1619 2018 τῆς
1663 1948 1988 2020 Ἐκκλησίας

349 2047 618 2111 κανόνων,
680 2042 770 2105 οὕς
829 2039 894 2109 δὴ
957 2040 1191 2100 Σισίνιος
1263 2037 1431 2093 πάλαι
1489 2039 1598 2101 θεὶς
1660 2039 1986 2115 ἀφορισμοῖς

341 2134 621 2210 ἐκράτυνεν
665 2129 976 2208 ἀσφαλέσιν.
1026 2135 1085 2182 ‘II
1147 2129 1239 2200 μέν
1302 2126 1391 2182 οὖν
1441 2131 1537 2181 τοῦ
1588 2124 1846 2180 δεσπότου
1887 2133 1984 2183 Νι-

341 2222 590 2298 κηφόρου
643 2221 807 2275 Ἅννα
859 2224 957 2284 τῆς
1011 2217 1105 2270 τοῦ
1170 2215 1437 2289 βασιλέως
1493 2215 1756 2289 θυγατρὸς
1788 2217 1985 2285 ’Ἃννης

340 2309 633 2382 αὐτανεψία
660 2309 751 2376 ἧν,
783 2306 1102 2380 Νικηφόρος
1152 2302 1208 2357 δὲ
1249 2304 1338 2357 καὶ
1389 2302 1621 2378 Μιχαὴλ
1655 2301 1984 2380 αὐτάδελφοι

343 2399 582 2454 πάντων.
619 2396 1045 2470 Περιισταμένου
1095 2395 1220 2466 γοῦν
1257 2396 1352 2444 τοῦ
1403 2393 1511 2446 κατ’
1565 2390 1758 2445 αὐτοὺς
1808 2412 1986 2445 συνοι-

345 2485 532 2542 κεσίου
564 2486 640 2546 εἷς
673 2482 824 2538 ἕκτον
878 2482 1083 2558 βαθμὸν
1133 2481 1224 2534 τὸν
1265 2491 1404 2542 ενθεν
1466 2480 1560 2550 μὲν
1604 2477 1662 2532 ἐκ
1690 2481 1982 2554 τεσσάρων,

343 2577 544 2631 ἐκεῖθεν
605 2571 651 2627 δ’
701 2573 760 2627 έκ
820 2569 913 2625 δύο
973 2568 1344 2645 συγκείμενον,
1410 2565 1516 2622 ἔδει
1575 2567 1803 2622 συνόδου
1859 2570 1980 2643 περὶ

350 2794 534 2865 igitur
564 2792 823 2859 Augusto
847 2787 1152 2842 ambarum
1187 2785 1440 2840 ﬁliarum
1472 2788 1668 2841 Irenes
1717 2790 1772 2841 et
1819 2787 1991 2840 Annae

360 2883 521 2952 (nam
553 2877 798 2932 Eudocia
824 2875 1064 2946 parvula
1119 2875 1274 2929 440
1305 2873 1496 2928 adhuc
1554 2875 1698 2943 erat)
1753 2875 1992 2929 decretae

355 2971 478 3039 jam
511 2970 566 3021 et
596 2966 653 3020 in
686 2965 982 3036 procinctu
1002 2964 1265 3032 expedito
1296 2962 1535 3032 nuptiae.
1569 2962 1847 3017 Craterum
1874 2963 1990 3017 ire-

358 3073 462 3111 nes
503 3071 630 3109 cum
684 3052 977 3107 declarato
1015 3053 1134 3121 jam
1185 3049 1373 3121 palam
1427 3065 1560 3120 rege
1610 3049 1991 3121 Bulgarorum

358 3147 544 3200 Asane
568 3140 869 3196 illustriori
901 3139 1236 3194 celebritate
1269 3138 1706 3192 matrimonium
1757 3155 1991 3209 perage-

356 3234 552 3302 batur,
585 3248 684 3287 rex
714 3229 1000 3300 siquidem
1034 3243 1210 3299 gener
1239 3227 1573 3297 insignibus
1607 3228 1992 3295 utebatur,re-

361 3323 498 3393 giis,
523 3321 679 3391 quod
710 3319 958 3373 colorem
992 3317 1228 3387 quidem
1276 3315 1464 3370 solum
1512 3314 1572 3368 in
1631 3315 1888 3385 phaleris
1944 3321 2001 3370 et

365 3410 566 3465 stratis
615 3406 1010 3478 equestribus,
1052 3420 1174 3473 quae
1229 3419 1295 3457 ex
1355 3403 1487 3457 lana
1534 3409 1760 3457 tantum
1813 3408 1996 3472 erant,

372 3501 430 3552 in
462 3497 680 3552 caeteris
714 3501 903 3549 autem
935 3493 1144 3547 iisdem
1177 3490 1346 3562 plane
1377 3508 1508 3546 cum
1549 3492 1675 3561 ipso
1715 3493 1996 3563 Augusto.

372 3586 827 3642 Conventionum
861 3580 1214 3651 nuptialium
1269 3580 1386 3634 haec
1443 3585 1607 3634 erant
1647 3579 1856 3650 capita,
1905 3598 2001 3635 ex-

372 3674 669 3746 peditione
729 3673 788 3726 in
843 3669 1168 3724 Ternobum
1230 3667 1782 3736 communijunctis
1824 3668 2001 3724 Asani

362 3763 550 3832 copiis
582 3758 973 3829 imperatoris,
1005 3755 1200 3810 conari
1233 3755 1523 3809 civitatem
1555 3755 1717 3809 illam
1759 3761 1816 3810 et
1866 3773 1998 3812 cum

362 3869 432 3907 ea
464 3848 745 3920 Bulgaria:
776 3862 1018 3917 regnum
1055 3860 1198 3898 novo
1254 3842 1501 3914 Augusti
1556 3859 1765 3914 genero
1797 3846 1998 3915 acqui-

364 3955 514 3996 rere:
568 3938 614 3992 si
669 3939 898 3992 fortuna
946 3937 1131 4004 cmpto
1190 3948 1306 3986 non
1367 3932 1762 4002 responderet,
1814 3934 1998 3987 eidem

366 4029 426 4083 in
456 4026 592 4081 aula
638 4023 1012 4096 imperatoria
1057 4022 1308 4091 despotae
1362 4020 1636 4074 honorem
1687 4020 2003 4075 auctorita-

365 4121 608 4185 temque
638 4112 908 4168 conf'erri.
961 4111 1022 4165 In
1057 4109 1178 4164 haec
1234 4112 1404 4179 pacta
1460 4107 1710 4178 peractis
1762 4110 2004 4179 nuptiis,

368 4204 664 4259 continua:
706 4203 826 4272 jam
883 4198 1339 4254 consultationes
1398 4203 1563 4251 erant
1618 4213 1732 4267 qua
1789 4198 2010 4268 optima

369 4297 427 4348 et
461 4291 736 4346 facillima
769 4288 992 4344 ratione
1025 4287 1575 4358 possentdestinata
1591 4285 1742 4340 circa
1765 4303 2008 4355 regnum

369 4378 655 4448 Bulgaria
700 4378 770 4430 ad
805 4380 1003 4429 votum
1037 4373 1266 4427 conﬁci.
1314 4372 1611 4427 Michaelis
1651 4389 1782 4427 cum
1831 4374 2012 4428 altera

373 4468 631 4522 ﬁliarum
663 4462 1034 4536 imperatoris
1069 4467 1235 4515 Anna
1265 4461 1553 4515 connubio
1595 4461 1862 4516 nonnihil
1911 4464 2011 4517 ob-

2091 538 2238 592 Ἐπεὶ
2290 534 2334 590 δ’
2393 536 2733 606 ἐσκέπτοντο,
2793 536 2881 588 καὶ
2934 537 2998 590 τὰ
3061 539 3164 592 τῶν
3232 538 3495 613 βασιλέων
3531 539 3727 594 συναλι-

2090 623 2343 699 λάγματα
2375 626 2444 686 ὡς
2473 623 2548 686 εἷς
2583 623 2798 698 εἰρήνην
2833 625 3091 698 γινόμενα
3149 624 3368 682 ἐδόκουν
3414 628 3588 683 πλείω
3628 630 3724 697 τὴν

2091 708 2262 765 ἄνεσιν
2297 708 2441 787 ἔχειν
2579 709 2644 781 δὴ
2697 712 2762 766 τὰ
2816 716 2922 766 τῶν
2978 711 3186 782 ἄλλων,
3222 715 3632 785 ἀντισηκοῦσθαι
3662 717 3724 771 τὸ

2092 799 2166 860 ὡς
2195 797 2350 868 δῆθεν
2397 801 2540 876 παρὰ
2581 801 2805 865 κανόνας
2859 803 3141 876 γινόμενον
3183 809 3263 874 τῷ
3292 804 3426 876 πρὸς
3459 803 3584 866 τοὺς
3618 803 3731 859 δεο-

2095 888 2285 958 μένους
2342 887 2477 943 ἐλέει
2525 893 2718 966 κοινῶς
2767 887 2963 947 ἐδόκει.
3024 891 3125 946 Καὶ
3181 887 3334 946 τόνδε
3387 893 3479 948 τὸν
3525 893 3725 969 τρόπον

2087 981 2181 1028 τοῦ
2208 976 2632 1051 προσισταμένου
2663 977 2916 1041 λυθέντος
2972 977 3215 1034 ἐτάττετο
3267 982 3361 1052 μέν
3412 981 3488 1045 εἷς
3526 979 3720 1036 δεσπό-

2088 1083 2180 1124 τας
2214 1066 2240 1118 ὁ
2269 1065 2520 1139 Μιχαὴλ.
2553 1070 2619 1138 τῇ
2653 1067 2818 1138 Ἀννῃ
2849 1064 2905 1119 δέ
2947 1065 3186 1141 βασιλίδι
3220 1067 3350 1142 οὔσῃ
3383 1091 3443 1142 γε
3473 1071 3720 1138 συνεζεύ-

2089 1175 2262 1226 γνυτο.
2321 1153 2431 1209 Καὶ
2487 1156 2553 1223 ἦν
2612 1153 2846 1208 ἐντεῦθεν
2905 1157 2932 1209 ὁ
2993 1157 3086 1227 μὲν
3148 1157 3379 1230 Μιχαὴλ
3445 1156 3721 1232 βασιλεῦσι

2094 1240 2286 1302 δοῦλος
2320 1241 2368 1295 έν
2404 1243 2608 1316 ὅρκοις,
2658 1244 2686 1296 ὁ
2739 1243 2783 1297 δ’
2835 1244 3088 1313 Ἰωάννης
3136 1239 3424 1307 ἔνσπονδος
3467 1243 3536 1300 δι’
3566 1243 3720 1317 ὅλου,

2093 1331 2136 1385 εἰ
2173 1330 2486 1405 βασιλεύσοι
2528 1331 2872 1406 Βουλγάρων,
2904 1332 3194 1404 Ῥωμαίοις
3224 1331 3274 1386 ἐν
3306 1334 3508 1405 ὅρκοις,
3558 1335 3603 1389 εἰ
3655 1333 3721 1388 δι’

2093 1418 2202 1486 οὖν,
2238 1417 2383 1472 ἀλλά
2429 1419 2517 1472 καὶ
2565 1420 2722 1479 αὐτὸς
2777 1419 2958 1494 ὅρκοις
3017 1425 3219 1482 πιστῶς
3271 1419 3575 1477 δουλεύσων
3605 1427 3722 1483 τοῖς

2097 1505 2426 1582 βασιλεῦσιν,
2463 1507 2564 1561 ὑπὸ
2593 1507 2804 1569 τούτοις
2836 1508 3099 1579 δεσπότης
3128 1509 3474 1584 ταττόμενος,

2092 1689 2135 1728 ς.
2191 1669 2273 1723 Τὰ
2328 1668 2462 1720 κατὰ
2516 1668 2613 1734 τήν
2692 1668 2924 1750 Μαρίαν,
3007 1670 3096 1722 καὶ
3151 1670 3298 1734 ὅπως
3356 1679 3435 1746 τῷ
3501 1682 3723 1750 Λαχανᾷ

2769 1739 3066 1812 συνῴκησε.

2170 1858 2467 1919 Ἐϐούλετο
2520 1861 2576 1916 δὲ
2638 1863 2887 1938 βασιλεὺς
2943 1863 3348 1939 προλαμϐάνειν
3384 1870 3612 1945 Μαρίαν,
3650 1874 3725 1945 μὴ

2096 1951 2185 2006 καὶ
2216 1954 2388 2026 φθάσῃ
2445 1953 2508 2006 τά
2565 1954 2682 2006 καθ’
2732 1952 2896 2021 αὐτὴν
2960 1953 3014 2007 εὖ
3073 1955 3264 2027 θεμένη
3307 1957 3516 2031 ἆλιώσῃ
3546 1981 3604 2014 τε
3631 1962 3729 2028 τὴν

2101 2039 2365 2115 βασιλέως
2400 2038 2629 2114 βουλὴν,
2687 2041 2775 2093 καὶ
2832 2041 3156 2097 κατέσπευδε
3214 2049 3447 2119 συχνοὺς
3479 2046 3558 2100 ἐπ’
3589 2047 3729 2100 έκεὶ-

2094 2150 2192 2198 νην
2224 2127 2478 2200 πέμπων,
2537 2128 2596 2182 ού
2652 2131 2808 2182 τόσον
2867 2130 3018 2183 τάκεῖ
3074 2133 3536 2207 καταστρέφοντας
3595 2135 3718 2189 ὅσον

2095 2219 2316 2291 ἡμέρως
2366 2217 2913 2291 μεταχειριουμένους
2971 2217 3050 2295 ἐφ’
3100 2221 3145 2291 ᾦ
3199 2219 3487 2294 παραδοῖεν
3519 2223 3724 2296 Μαρίαν

2093 2306 2182 2358 καὶ
2239 2304 2364 2366 τοὺς
2412 2310 2508 2359 τοῦ
2561 2304 2829 2379 βασιλέως
2886 2305 3132 2381 δέχοιντο
3179 2308 3392 2371 παῖδας.
3427 2313 3488 2366 Ἢ
3543 2312 3726 2384 μέντοι

2095 2415 2157 2468 γε
2188 2399 2368 2466 Μαρια
2399 2393 2449 2459 έν
2485 2393 2737 2470 ἀφύκτοις
2788 2393 2923 2469 ἔγνω
2976 2396 3239 2469 γενομένη
3299 2398 3387 2452 καὶ
3447 2397 3594 2454 δυοῖν
3629 2400 3727 2472 μέ-

2097 2503 2188 2536 σον
2240 2481 2683 2554 ἐναπειλημμένη
2738 2489 2926 2537 κακοῖν
2954 2505 2964 2517 ·
3029 2487 3111 2556 [Ρ.
3146 2489 3271 2555 320]
3325 2485 3462 2542 ἔνθεν
3507 2490 3726 2564 μὲνγὰρ

2095 2569 2157 2621 τὸ
2216 2568 2373 2644 φανὲν
2432 2566 2492 2622 ἐκ
2546 2575 2667 2622 νέου
2725 2569 2885 2623 κακὸν
2947 2571 2973 2623 ὁ
3033 2577 3282 2646 Λαχανᾶς
3340 2576 3726 2649 προσκείμενος

2103 2786 2390 2840 ﬁrmanda
2416 2790 2766 2856 speraretur,
2790 2804 3027 2843 causam
3061 2805 3188 2845 esse
3215 2792 3433 2861 justam
3455 2793 3729 2848 faciendae

2104 2874 2277 2944 regiis
2308 2876 2539 2944 sponsis
2570 2877 2770 2945 gratiae
2809 2877 3095 2932 cbstaculi
3143 2878 3422 2944 canonici,
3473 2897 3588 2950 quo
3637 2897 3728 2935 eo-

2105 2980 2233 3016 rum.
2269 2963 2603 3030 conjunctio
2635 2965 2954 3030 vetabatur,
2994 2983 3204 3037 magno
3254 2984 3536 3023 consensu
3582 2969 3728 3024 itum

2108 3056 2195 3104 est
2242 3050 2298 3103 in
2333 3051 2673 3105 sententiam
2710 3053 3229 3120 permittendarum
3266 3057 3620 3126 nuptiarum,
3664 3073 3731 3112 ex

2105 3139 2318 3210 quibus
2349 3140 2504 3209 quod
2538 3141 2900 3195 nasciturum
2935 3145 3252 3212 apparebat
3281 3144 3524 3214 publica:
3566 3147 3730 3214 quie-

2108 3229 2184 3281 tis
2214 3229 2584 3282 commodum
2599 3229 2852 3292 ,abunde
2886 3232 3355 3301 praeponderaret
3370 3233 3731 3304 indecentiae,

2105 3316 2149 3370 si
2185 3332 2300 3384 qua
2329 3315 2546 3370 inesset
2575 3333 2642 3371 ex
2673 3319 2966 3372 canonicis
3012 3321 3366 3391 praescriptis
3415 3323 3473 3377 in
3513 3339 3731 3377 connu-

2105 3403 2197 3458 bio
2228 3407 2372 3457 441
2414 3422 2791 3473 personarum
2825 3406 2928 3460 tali
2978 3409 3139 3478 prius
3187 3409 3431 3463 invicem
3481 3411 3734 3466 necessi-

2104 3492 2305 3545 tudine
2336 3492 2698 3547 innexarum.
2735 3495 2920 3557 Quare
2951 3497 3245 3566 suffragiis
3277 3503 3619 3553 cunctorum
3654 3500 3734 3554 in-

2106 3579 2336 3632 dultum
2397 3579 2758 3649 principibus
2818 3584 2972 3652 quod
3035 3585 3306 3652 petebant
3337 3591 3445 3652 est,
3480 3593 3536 3640 et
3567 3587 3731 3642 titulo

2107 3668 2356 3736 despotea
2386 3667 2630 3722 Michael
2663 3667 2977 3723 honoratus
3013 3675 3178 3724 Annae
3225 3674 3459 3743 reginae,
3517 3675 3731 3747 quippe

2111 3755 2479 3826 imperatoris
2526 3754 2675 3820 ﬁliae,
2737 3757 2842 3811 rite
2904 3759 3272 3814 matrimonio
3324 3763 3570 3830 junctus
3627 3767 3733 3818 est.

2108 3845 2246 3898 Inde
2280 3844 2520 3898 Michael
2556 3843 2705 3897 idem
2761 3852 3120 3899 sacramento
3144 3849 3393 3917 Augusti
3448 3849 3508 3902 in
3567 3849 3741 3904 clien-

2107 3932 2280 3986 telam
2317 3933 2594 4003 obligavit
2622 3933 3076 3987 ﬁdem.Joannes
3098 3940 3290 3988 autem
3323 3939 3473 3990 Asan
3502 3938 3739 4006 juratus

2113 4020 2382 4091 promisit
2413 4036 2473 4075 se
2505 4021 2690 4075 fcedus
2723 4036 2854 4075 cum
2890 4021 3166 4076 Romanis
3215 4025 3508 4078 societatis
3551 4042 3738 4080 serva-

2111 4114 2330 4169 turum,
2391 4109 2438 4161 si
2500 4108 2789 4178 Bulgarici
2838 4109 2948 4162 sibi
3008 4110 3170 4178 regni
3213 4126 3418 4164 secura
3451 4114 3742 4181 possessio

2116 4198 2518 4267 contingeret.
2576 4197 2675 4252 Sin
2721 4199 2774 4251 id
2827 4214 2938 4252 non
3000 4198 3374 4263 succederet,
3433 4198 3752 4256 clientelari

2117 4301 2261 4338 nexu
2299 4287 2596 4339 subditum
2627 4301 3074 4354 permansurum
3103 4287 3401 4356 Augustis,
3433 4288 3614 4357 gradu
3637 4289 3747 4342 sub

2121 4372 2265 4442 ipsis
2297 4373 2552 4427 inferiori
2589 4374 2863 4444 despotaz,
2894 4374 3064 4442 cujus
3094 4374 3267 4427 titulo
3317 4375 3640 4446 dignitatis,
3701 4377 3751 4430 si

2119 4461 2279 4529 regni
2316 4460 2598 4530 Bulgarici
2634 4477 2765 4530 spes
2797 4477 2911 4515 non
2937 4461 3752 4535 succederent,insigniendus

374 4557 569 4612 stabat
641 4533 1020 4608 ecclesiastici
1092 4549 1494 4618 impedimenti
1552 4567 1619 4603 ex
1693 4533 2291 4605 canonibusDesset.

375 4643 676 4714 quondam
709 4657 742 4695 a
793 4638 1040 4694 Sisinios
1063 4636 1302 4707 perlatis
1320 4640 1374 4690 et
1394 4638 2015 4693 excommunicationis

380 4733 452 4786 ad
514 4729 850 4785 ﬁrmitatem
912 4742 1143 4781 omnem
1204 4725 1659 4780 comminatione
1732 4727 2012 4781 munitis.

373 4819 601 4874 Etenim
640 4813 949 4886 Nicephori
982 4815 1244 4884 despotoe
1276 4829 1419 4867 uxor
1438 4814 1602 4866 Anna
1650 4811 1775 4866 ﬁliae
1827 4814 2014 4884 impe-

377 4906 589 4962 ratoris
619 4907 794 4959 Annae
826 4902 1175 4958 consobrina
1203 4905 1346 4967 erat,
1379 4901 1594 4971 quippe
1645 4905 1776 4955 nata
1807 4919 1873 4956 ex
1920 4921 2014 4958 so-

378 5011 503 5049 rore
534 4990 905 5064 imperatoris
937 4991 1202 5060 ejusdem
1239 5007 1251 5042 :
1309 4988 1670 5059 Nicephorus
1708 4995 1904 5045 autem
1961 4998 2017 5046 et

374 5079 622 5137 Michael
679 5078 940 5151 germani
1002 5077 1239 5131 omnino
1299 5078 1525 5131 fratres.
1582 5079 2017 5140 Intercedebant

373 5185 511 5240 ergo
543 5169 692 5224 inter
737 5167 940 5222 ambos
1000 5165 1332 5235 designatos
1362 5167 1640 5234 conjuges
1673 5182 1771 5220 sex
1801 5169 2018 5236 gradus

374 5257 704 5319 aﬂinitatis,
738 5273 806 5309 ex
841 5270 955 5307 una
985 5253 1223 5324 quidem
1256 5257 1420 5324 parte
1478 5257 1747 5323 quatuor,
1781 5257 1894 5310 duo
1952 5275 2018 5312 ex

371 5347 578 5409 altera;
611 5350 667 5399 et
696 5361 844 5414 opus
884 5347 1008 5397 erat
1065 5343 1285 5413 synodo
1318 5343 1386 5396 ad
1447 5341 1558 5396 rite
1617 5343 1685 5395 de
1741 5343 1850 5397 isto
1907 5345 2016 5398 im-

373 5435 712 5506 pedimento
765 5430 1234 5499 cognoscendum
1293 5429 1560 5500 illudque
1617 5431 2015 5499 relaxandum,

375 5525 426 5579 si
459 5518 1132 5591 expedirejudicaretur.
1168 5517 1277 5572 Sed
1312 5517 1410 5572 ubi
1465 5517 1737 5572 Patribus
1786 5522 2017 5575 consul-

379 5609 644 5667 tantibus
676 5608 891 5676 visum,
923 5609 1158 5677 propter
1203 5606 1423 5663 bonum
1483 5606 1643 5677 pacis
1701 5624 1825 5678 quae
1885 5611 2019 5666 inde

2403 4673 2458 4725 7.
2489 4673 2563 4726 De
2586 4673 2783 4741 Maria,
2812 4681 2872 4727 ut
2913 4674 3174 4728 Lachanz
3203 4674 3472 4746 nupserit.

2195 4813 2478 4867 Studebat
2509 4817 2705 4867 autem
2738 4813 3058 4885 imperator
3099 4819 3234 4870 ante
3298 4817 3496 4873 omnia
3552 4834 3758 4889 capere

2125 4901 2392 4967 Mariam,
2426 4918 2496 4955 ne
2529 4900 2628 4955 illa
2660 4903 2912 4972 spatium
2949 4902 3199 4959 liberum
3250 4905 3360 4960 sibi
3410 4907 3758 4962 consulendi

2124 4996 2295 5043 nacta
2328 5006 2416 5043 res
2449 5005 2589 5042 suas
2622 4990 2764 5042 bene
2796 4991 3175 5046 constitueret
3206 4993 3547 5065 obicemque
3579 4994 3760 5065 impe-

2129 5078 2468 5133 netrabilem
2505 5080 2819 5148 opponeret
2849 5079 3108 5134 consiliis
3127 5084 3182 5134 et
3197 5082 3408 5150 spebus
3439 5082 3754 5154 imperato-

2127 5168 2227 5221 ris.
2264 5167 2406 5237 Ergo
2439 5167 2488 5220 is
2539 5166 2852 5220 festinabat
2883 5166 3027 5222 alios
3084 5170 3334 5224 subinde
3383 5176 3556 5240 atque
3613 5171 3758 5225 alios

2127 5261 2327 5310 contra
2349 5257 2536 5325 ipsam
2564 5255 2811 5318 mittere,
2849 5271 2963 5309 non
2995 5261 3111 5310 tam
3147 5257 3427 5312 hostiliter
3453 5259 3573 5313 illic
3595 5275 3756 5330 gras-

2128 5350 2356 5398 saturos
2391 5347 2493 5396 aut
2547 5346 2878 5396 vastaturos
2936 5344 3252 5413 regionem,
3313 5363 3487 5414 quam
3547 5346 3758 5401 blande

2127 5433 2475 5505 pellecturos
2502 5431 2776 5502 Bulgaros
2800 5436 2862 5485 ut
2893 5432 3132 5487 Mariam
3166 5435 3442 5488 dederent
3487 5441 3544 5488 et
3583 5451 3759 5506 gene-

2126 5538 2254 5576 rum
2284 5519 2579 5590 ﬁliamque
2631 5520 3003 5590 imperatoris
3038 5521 3093 5573 in
3157 5537 3402 5591 regnum
3458 5522 3583 5577 loco
3631 5523 3759 5593 ejus

2127 5607 2476 5679 acciperent.
2515 5608 2639 5660 Haec
2669 5606 2851 5662 Maria
2891 5607 3220 5676 intelligens
3270 5610 3536 5666 redactas
3567 5610 3628 5666 in
3676 5627 3761 5666 ar-
