4130 6270
409 343 514 399 899

1702 338 2002 397 GEORGII
2037 338 2497 396 PACHYMERE

3686 342 3796 400 900

409 468 631 539 ἠρήμου
660 468 757 536 τήν
790 466 973 542 χώραν
1032 468 1122 521 καὶ
1182 469 1514 541 προσεκτᾶτο
1571 463 1637 518 τὰ
1683 463 1834 538 πέριξ
1865 482 2039 537 προσ·
2073 465 2127 531 Α
2157 459 2246 516 οὗν
2279 466 2385 516 τῶν
2418 463 2523 517 ἀπὸ
2577 463 2847 540 βασιλέως
2894 463 2985 518 καὶ
3034 461 3246 536 μᾶλλον
3299 462 3497 526 ῗκανῶς
3525 463 3784 540 ἀπεγίνω-

409 551 631 610 ϐαλλων
665 554 852 628 μόνον,
901 554 1098 617 ἐκεῖθεν
1156 551 1202 608 δ’
1263 556 1316 608 αὶ
1370 551 1623 625 δυνάμεις
1649 556 1744 605 τοῦ
1780 550 2048 626 βασιλέως

408 642 652 697 έπιοῦσαι
701 643 926 704 πλείους
985 641 1147 711 δῆλαι
1204 642 1336 709 ἦσαν
1390 641 1452 694 τὸ
1514 641 1608 711 μὲν
1651 641 1894 694 ταπεινὸν
1947 642 2036 692 καί

405 732 526 786 ὅσον
588 732 739 793 ἐκτὸς
802 735 1148 802 ζημιοῦντες,
1204 731 1266 783 τὸ
1323 728 1378 783 δὲ
1438 729 1583 790 ἐντὸς
1633 729 1722 782 καὶ
1752 728 2043 803 περιφανὲς

410 819 467 872 ἐκ
521 819 718 878 παντὸς
777 817 982 891 τρόπου
1042 815 1494 887 ὐποποιοόμενοι.
1553 818 1712 878 "Ost
1777 815 1866 868 καὶ
1916 816 2046 889 περί

409 905 573 976 ἑαυτῇ
595 926 651 958 τε
691 905 775 958 καὶ
826 909 906 975 τῷ
958 901 1110 958 παιδὶ
1167 903 1588 979 τετρεμαινούσῃ
1629 900 1795 956 δειναὶ
1828 901 2045 979 φροντί-

411 991 495 1055 δες
528 993 813 1068 ἐτάραττον
851 993 947 1059 τὴν
999 995 1207 1066 ψυχὴν,
1262 994 1350 1046 καὶ
1404 993 1538 1066 πρὸς
1571 992 1850 1068 ἀμφότερα
1906 992 2044 1064 μέρη

412 1082 486 1153 μή
521 1082 775 1143 σθένουσα
803 1082 1049 1134 ’ἰστασθαι
1100 1082 1319 1154 θάτερον
1371 1079 1663 1154 ἐξημεροῦν
1708 1078 1863 1155 ἔγνω,
1898 1080 2043 1147 πλὴν

406 1168 529 1222 ὅσον
616 1169 704 1222 καὶ
788 1168 988 1238 ταύτην
1064 1167 1359 1231 ἀπόνασθαι
1417 1173 1523 1221 τῶν
1590 1170 1706 1222 καθ’
1764 1167 2042 1240 ἡμέρωσιν

405 1257 754 1330 πραχθέντων
814 1258 880 1311 τὰ
941 1258 1130 1328 μείζω.
1180 1257 1255 1312 Τὸ
1316 1258 1409 1328 μέν
1468 1255 1562 1309 οῦν
1620 1257 1755 1331 πρὸς
1816 1253 2044 1329 βασιλέα

405 1345 604 1400 κλίνειν
636 1350 743 1399 τῶν
775 1344 996 1399 εἶκδτων
1043 1345 1137 1417 μὲν
1187 1339 1387 1419 ἔκρινε,
1435 1344 1522 1398 καὶ
1568 1343 1753 1405 ἄλλως
1787 1342 2046 1417 εὐπρεπὲς

406 1435 567 1505 ἑαυτῇ
601 1431 847 1505 σωζούσῃ
905 1433 1000 1504 μὲν
1046 1433 1114 1484 τα
1160 1438 1262 1499 τῆς
1312 1429 1667 1506 σωφροσύνης
1698 1430 1879 1483 καὶτᾶ
1908 1429 2046 1503 πρὸς

401 1521 492 1575 τὸν
527 1519 896 1594 ἀποιχόμενον
931 1518 1114 1573 δίκαια
1159 1516 1362 1591 (δίκαια
1412 1517 1468 1571 δὲ
1506 1523 1720 1578 παντως
1758 1517 1832 1588 μή
1865 1537 2044 1570 συνοι-

403 1615 513 1663 κεῖν
561 1612 638 1680 τῷ
682 1611 917 1681 σφαγεῖ,)
971 1607 1205 1676 ζητούσῃ
1250 1604 1307 1660 δὲ
1354 1607 1479 1680 παρ’
1529 1605 1735 1658 ἐκείνου
1785 1603 2044 1672 σώζεσθαι

402 1698 527 1771 παρ’
559 1695 618 1749 οὗ
652 1693 717 1762 δὴ
750 1697 840 1748 καὶ
869 1696 967 1763 τὴν
1008 1697 1179 1765 τιμὴν
1236 1693 1522 1762 ἐκτήσατο.
1580 1695 1677 1746 Διά
1718 1696 1886 1745 ταῦτα
1914 1696 2042 1767 γοῦν

2154 572 2265 619 σκε,
2315 553 2376 605 τὸ
2423 549 2479 606 δὲ
2526 552 2662 626 πρὸς
2719 553 2810 606 τὸν
2870 547 3139 628 βάρϐαρον
3199 553 3431 625 πέμπειν
3475 554 3566 607 καὶ
3615 555 3784 624 ἀξιοῦν

2153 637 2516 710 σπενδομένην
2559 643 2677 694 καθ’
2725 641 2890 710 αὐτὴν
2943 639 3207 695 διατελεῖν
3257 645 3352 695 τοῦ
3380 636 3563 702 ἔθνους
3592 639 3788 717 ἃρχου-

2152 747 2268 794 σαν,
2320 724 2432 781 οὔτ’
2475 725 2619 801 ἔχειν
2671 728 2837 801 λόγον
2884 729 2982 797 τήν
3032 728 3248 798 ἀξίωσιν
3299 725 3512 802 ἔκρινεο
3565 730 3654 783 τὸν
3690 731 3784 807 γὰρ

2152 815 2333 889 ἀρχῆς
2373 814 2574 886 ταύτης
2626 816 3077 889 ἀντιποιούμενον
3137 813 3452 879 σπένδεσθαι
3502 818 3637 890 πρὸς
3688 819 3782 886 τὴν

2149 903 2482 976 κατέχουσαν
2529 906 2729 974 ταύτην
2780 902 3059 960 ἀδύνατον.
3111 904 3216 959 Καὶ
3265 905 3329 958 τὰ
3377 905 3482 959 ἀπὸ
3525 905 3794 980 βασιλέως

2151 995 2477 1044 συννοοῦσαν
2529 992 2829 1065 φροντίζειν
2883 991 3071 1046 έποίει’
3123 990 3262 1064 μηδὲ
3299 993 3402 1067 γὰρ
3432 993 3658 1067 ἠρεμεῖν
3696 995 3796 1068 βα-

2151 1079 2305 1132 σιλέα
2337 1076 2470 1148 ἅπαξ
2507 1080 2638 1153 ὑπὲρ
2688 1077 2898 1134 παίδων
2949 1080 3071 1153 περὶ
3122 1088 3222 1149 τῆς
3271 1081 3449 1156 ἀρχῆς
3499 1081 3788 1155 ἀρξάμενον

2151 1162 2511 1242 διαφέρεσθαι.
2546 1170 2730 1240 ’Έγνω
2777 1168 2950 1221 τοίνυν
3003 1165 3247 1242 παριδεῖν
3305 1169 3397 1240 μὲν
3422 1168 3488 1222 τὰ
3515 1170 3610 1223 τοῦ
3639 1169 3797 1223 ἀποι-

2151 1255 2391 1329 χομένου
2441 1254 2652 1324 δίκατα,
2701 1254 2944 1330 παριδεῖν
2999 1253 3055 1310 δὶ
3102 1256 3193 1309 καὶ
3221 1256 3521 1319 ἀνθοώπων
3556 1259 3794 1329 νέμεσιν,

2152 1342 2197 1396 εἰ
2257 1343 2482 1413 τοιαύτη
2537 1365 2620 1405 τις
2680 1341 2809 1398 οὖσα
2853 1343 3087 1416 τοιούτῳ
3144 1345 3337 1412 ἑαυτὴν
3392 1342 3604 1415 έκδοιη,
3660 1346 3796 1419 πρὸς

2154 1429 2312 1501 μόνον
2345 1428 2401 1484 δὲ
2428 1431 2489 1484 τὸ
2539 1429 2728 1485 δοκοῦν
2777 1437 3022 1486 συνοῖσον
3081 1431 3216 1504 αὺτῇ
3265 1452 3324 1486 τε
3351 1433 3441 1486 καὶ
3476 1431 3628 1487 παιδὶ
3661 1455 3785 1487 συν-

2155 1515 2304 1575 ίδεῖν.
2338 1519 2415 1574 Τὸ
2445 1517 2490 1572 δ’
2520 1519 2610 1589 ἦν,
2643 1521 2716 1581 ὡς
2748 1518 2943 1591 ἐδόκει,
2991 1518 3126 1590 ὅλην
3180 1520 3374 1590 ἑαυτὴν
3400 1519 3679 1597 έπιρῥίψαι
3708 1525 3788 1593 τῷ

2151 1603 2426 1682 συφορϐᾦ,
2471 1608 2561 1661 καὶ
2635 1609 2912 1678 ὑπανοῖξαι
2961 1607 3125 1682 θύρας
3178 1609 3323 1680 αὐτῷ
3375 1607 3655 1683 βασιλείας
3704 1609 3794 1662 καὶ

2149 1693 2388 1765 πόλεως,
2437 1695 2583 1767 αὐτῷ
2627 1717 2684 1750 τε
2733 1701 2964 1750 συνεῖναι
3015 1695 3105 1750 καὶ
3157 1702 3423 1751 συνοικεῖν
3465 1697 3541 1759 ὡς
3577 1696 3795 1772 βασιλεῖ

405 1786 468 1839 τὸ
510 1785 646 1857 πρὸς
701 1783 923 1855 βασιλέα
969 1783 1200 1854 πέμπειν
1254 1782 1343 1836 καὶ
1395 1779 1646 1835 ἷ¹κετεύειν
1677 1784 1786 1834 τῶν
1818 1779 2040 1834 δικαίων
2077 1809 2123 1872 Β
2155 1779 2432 1837 δέσποινα.
2460 1786 2642 1839 Ταῦτα
2707 1781 3107 1856 διανοησαμένη
3156 1784 3348 1839 αὐτίκα
3395 1786 3598 1857 πέμπει
3649 1783 3805 1858 (οὗδὶ

412 1869 636 1946 ἔκρινεν.
667 1872 828 1926 ’Ὁσον
879 1869 936 1924 δὲ
985 1871 1045 1924 τὸ
1094 1871 1211 1924 καθ’
1263 1870 1430 1937 αὐτὴν
1480 1874 1720 1922 συνοῖσον
1769 1871 1886 1930 καθ’
1921 1867 1950 1921 ὅ
1979 1867 2045 1933 ἦν

417 1959 752 2034 βουλομένη,
799 1958 888 2012 καὶ
938 1958 1055 2013 λίαν
1125 1955 1328 2028 ἀπᾷδον
1395 1957 1715 2031 έγίνωσκεν’
1768 1956 1903 2029 αὐτῇ
1957 1956 2048 2028 μὲν

408 2049 510 2124 γὰρ
539 2050 638 2115 τὴν
669 2049 836 2119 τιμὴν
869 2051 1207 2121 κατὸχυροῦν
1242 2045 1376 2119 αὐτῇ
1419 2067 1476 2099 τε
1507 2045 1594 2098 καὶ
1634 2042 1786 2098 παιδὶ
1818 2042 2048 2116 Μιχαὴλ

409 2135 496 2192 διὰ
545 2135 786 2206 σπουδῆς
838 2142 993 2208 εἶναι,
1058 2136 1281 2210 βασιλέα
1343 2134 1400 2190 δὲ
1455 2133 1583 2207 μηδ’
1631 2136 1689 2189 ἄν
1755 2135 1806 2189 έν
1857 2134 2049 2195 ὖπνοις

410 2225 632 2295 θελῆσαι
690 2224 886 2302 ἀφέντα
959 2223 1085 2288 τοὺς
1141 2223 1359 2296 παῖδας,
1420 2223 1510 2285 οὕς
1567 2220 1634 2291 δὴ
1693 2223 1783 2277 καὶ
1848 2223 2048 2297 ἤρξατο

412 2319 688 2385 καθιστᾷν,
741 2314 964 2374 ἐκείνοις
1012 2318 1312 2389 περιποιεῖν
1362 2313 1460 2380 τὴν
1509 2311 1710 2386 ἀρχήν.
1757 2309 1913 2367 Οὕτω
1956 2312 2046 2382 μὲν

424 2537 547 2588 tum
584 2549 674 2587 res
705 2549 845 2587 suas
877 2531 1183 2596 sentiebat,
1220 2530 1450 2585 duobus
1482 2529 1539 2583 in
1599 2545 1660 2583 se
1692 2543 1868 2583 unam
1923 2526 2058 2580 hinc

424 2627 598 2692 atque
629 2621 762 2674 inde
811 2619 1221 2691 ingruentibus
1252 2617 1442 2672 malis.
1481 2617 1626 2671 Hinc
1664 2617 1820 2670 enim
1871 2631 2058 2682 nuper

420 2715 616 2765 exorta
647 2709 825 2780 pestis
860 2707 1158 2762 Lachanas
1206 2705 1542 2760 victricibus
1599 2705 1826 2759 instans
1873 2702 2054 2774 c0piis

426 2797 719 2868 regionem
751 2795 1068 2863 desolabat,
1102 2809 1452 2865 quocunque
1482 2791 1813 2847 intenderat
1845 2795 2056 2845 cuncta

420 2886 615 2939 statim
652 2884 902 2939 adventu
936 2882 1124 2954 primo
1156 2882 1412 2953 capiens,
1448 2889 1497 2935 et
1525 2880 1606 2936 sic
1644 2881 2053 2951 plerorumque

417 2973 569 3027 circa
599 2973 929 3027 Ternobum
976 2971 1232 3025 locorum
1283 2972 1403 3039 jam
1455 2968 1732 3023 dominus
1789 2968 2049 3021 effectus.

416 3062 497 3114 Ex
526 3063 705 3114 altera
734 3077 864 3114 vero
897 3064 1059 3130 parte
1091 3059 1270 3129 copiae
1305 3058 1374 3111 ab
1441 3057 1793 3125 imperatore
1853 3054 2047 3124 plures

416 3149 888 3219 supervenientes
921 3147 1347 3208 increscebant,
1379 3161 1628 3216 quarum
1689 3143 1935 3198 ducibus
1986 3144 2042 3198 id

417 3239 733 3306 apparebat
753 3252 880 3289 esse
913 3233 1300 3305 propositum,
1336 3239 1399 3285 ut
1427 3238 1589 3286 extra
1620 3231 1823 3286 urbem
1877 3231 2049 3302 quid-

422 3324 558 3394 quid
594 3324 894 3377 inﬁrmum
929 3327 986 3376 et
1034 3321 1355 3391 expositum
1411 3320 1640 3390 injurize
1679 3319 1915 3387 jacebat
1964 3321 2055 3374 de-

417 3413 817 3483 praedarentur
840 3416 1076 3481 agentes
1101 3409 1654 3478 l'erentesque,intra
1678 3409 1865 3478 ipsam
1885 3426 2050 3479 porro

415 3501 706 3554 civitatem
743 3497 1062 3570 praecipuos
1091 3513 1356 3568 quosque
1389 3512 1690 3566 procerum
1742 3497 2052 3567 promissis

418 3589 485 3642 ad
516 3587 897 3641 defectionem
931 3587 1082 3640 442
1116 3584 1448 3639 delinirent.
1483 3585 1670 3647 Quare
1723 3583 1808 3638 illi
1840 3601 1941 3654 pro
1990 3601 2052 3639 se

418 3693 484 3731 ac
518 3675 634 3729 filio
674 3674 918 3729 sollicite
949 3673 1186 3743 trepidas
1215 3689 1366 3726 curae
1399 3688 1558 3726 acres
1617 3672 1874 3725 animum
1929 3677 2049 3725 tur-

413 3765 731 3820 babant.Ac
763 3778 894 3816 cum
938 3762 1231 3816 ambobus
1263 3760 1443 3814 simul
1479 3760 1746 3813 hostibus
1771 3759 2053 3814 obsistere

420 3852 705 3923 nequiret,
743 3850 970 3921 placare
1002 3851 1050 3904 si
1103 3853 1299 3919 posset
1357 3849 1602 3903 alterum
1657 3848 1928 3902 decrevit.
1989 3849 2051 3903 In

414 3958 528 4010 quo
563 3939 955 3995 festinandum
987 3939 1311 4008 judicabat,
1348 3953 1417 3990 ne
1451 3936 1585 3999 sibi,
1617 3936 1758 3991 dum
1792 3935 1910 3990 haec
1959 3954 2053 4008 pa-

413 4029 602 4094 rat,ah
627 4029 807 4082 altero
841 4027 1070 4082 interim
1102 4027 1352 4080 duorum
1382 4025 1755 4079 vehementer
1779 4025 2052 4096 utrinque

415 4116 768 4170 instantium
803 4113 1264 4184 irreparabiliter
1291 4129 1586 4184 oppressa:
1618 4128 1811 4166 serum
1839 4113 2052 4168 deinde

420 4205 563 4260 talia
594 4203 870 4259 moliendi
895 4203 1209 4258 consilium
1249 4207 1307 4255 et
1336 4207 1579 4255 conatus
1612 4200 1811 4255 irritus
1843 4204 2052 4257 evade-

418 4299 520 4346 ret.
560 4296 619 4347 ln
654 4293 760 4346 hac
793 4290 876 4345 illi
907 4289 1326 4344 deliberatione
1353 4288 1594 4342 dubium
1621 4304 1732 4342 non
1765 4297 1887 4342 erat
1910 4289 2051 4360 quin

413 4380 602 4451 ipsam
639 4379 910 4434 officium
966 4383 1022 4432 et
1054 4379 1238 4448 pudor
1269 4377 1338 4430 ad
1394 4377 1803 4447 imperatorem
1863 4377 2052 4447 potius

413 4469 708 4523 traheret.
765 4470 886 4532 Quo
950 4467 1104 4519 enim
1179 4464 1517 4533 decentius,
1576 4480 1690 4533 quo
1751 4465 2050 4520 honestius

2158 1871 2261 1945 γὰρ
2310 1872 2532 1943 ἠρεμεῖν
2587 1871 2710 1926 εἷων
2757 1873 2809 1925 αῖ
2854 1876 2949 1926 τοῦ
2997 1870 3268 1946 βασιλέως
3314 1873 3638 1946 ἀποστολαι)
3671 1873 3799 1934 τοὺς

2160 1956 2588 2036 διασαφήσοντας
2633 1963 2710 2030 τῷ
2771 1955 3026 2035 βαρϐάρῳ
3073 1961 3139 2014 τὰ
3195 1967 3293 2030 τῆς
3346 1962 3552 2036 βουλῆς
3602 1983 3660 2015 τε
3705 1961 3799 2016 καὶ

2159 2047 2454 2117 ἀξιώσεως.
2497 2048 2600 2103 Καί
2627 2048 2686 2110 ὅς
2717 2049 2949 2112 ἀκούσας
2999 2053 3213 2120 πρῶτον
3271 2051 3363 2120 μὲν
3414 2051 3804 2123 καθυπερηφα-

2157 2135 2338 2190 νεύετο
2393 2134 2546 2204 δῆθεν
2593 2137 2682 2191 καὶ
2731 2143 2850 2199 τοῖς
2894 2135 3323 2210 ἀπεσταλμένοις
3383 2137 3804 2210 ἀπεσεμνύνετο,

2159 2221 2619 2296 διαθρυπτόμενος
2650 2228 2786 2290 οἷον,
2819 2225 2863 2279 εἰ
2895 2226 3074 2298 ἀρχὴν
3117 2226 3242 2281 ὅσον
3274 2220 3427 2279 οὔπω
3456 2224 3801 2298 κτησαμένην

2159 2311 2304 2382 αὐτῷ
2333 2311 2506 2385 σπάθῃ
2533 2313 2622 2366 καὶ
2655 2310 2875 2386 δυνάμει
2903 2316 2981 2386 [Ρ.
3014 2315 3140 2386 303]
3161 2311 3429 2389 κρείττονι
3462 2312 3639 2382 ἐκείνη
3668 2314 3804 2389 φθά-

2168 2531 2518 2598 quzestuosis
2550 2530 2876 2586 rationibus
2915 2531 3166 2586 deﬁxam
3226 2534 3484 2586 mentem
3537 2528 3806 2587 mulieris

2166 2619 2462 2674 mordicus
2493 2636 2599 2673 sua
2629 2618 2909 2688 tenentis,
2941 2622 2998 2673 et
3028 2617 3177 2673 nihil
3211 2635 3326 2672 non
3358 2634 3531 2689 agere
3579 2634 3645 2673 ac
3702 2635 3802 2690 pa-

2163 2707 2300 2761 cisci
2335 2711 2505 2761 certae
2549 2722 2650 2776 pro
2684 2709 2838 2760 statu
2875 2721 2940 2759 ac
2971 2720 3148 2775 regno
3199 2704 3310 2759 sibi
3343 2704 3582 2775 filioque
3636 2721 3795 2760 asse-

2165 2795 2377 2851 rendis.
2403 2795 2486 2849 Ah
2517 2793 2626 2848 hoc
2659 2797 2855 2846 autem
2890 2792 3188 2863 proposito
3249 2807 3533 2863 perquam
3584 2791 3795 2847 abhor-

2162 2902 2296 2940 rens
2326 2882 2637 2938 consilium
2667 2887 2791 2935 erat
2822 2879 3196 2950 confugiendi
3231 2881 3300 2934 ad
3360 2880 3805 2950 imperatorem,

2161 2975 2330 3044 cujus
2363 2971 2541 3026 menti
2577 2968 2818 3036 nullam,
2853 2985 2924 3022 ne
2955 2984 3057 3038 per
3087 2967 3380 3022 somnium
3415 2967 3674 3038 quidem,
3707 2968 3807 3022 ob-

2159 3066 2519 3117 versaturam
2579 3074 2840 3128 unquam
2900 3057 3315 3126 cogitationem
3347 3057 3665 3127 apparebat
3721 3072 3804 3110 re-

2163 3151 2260 3224 gni
2297 3148 2587 3219 Bulgarici
2619 3147 2810 3201 Mariae
2841 3144 3225 3215 Michaelique
3275 3160 3453 3216 puero
3505 3145 3803 3211 servandi,

2157 3241 2372 3313 quippe
2398 3236 2553 3307 quod
2588 3234 2976 3305 regnumjam
3011 3249 3112 3303 spe
3143 3249 3314 3287 avara
3347 3232 3594 3302 propriis
3631 3248 3804 3302 pren-

2159 3342 2290 3386 Sare
2314 3327 2697 3393 addicereque
2737 3321 2876 3376 ﬁliis
2894 3321 3232 3391 cmperat,in
3263 3321 3319 3374 id
3346 3319 3806 3375 irrevocabiliter

2157 3416 2528 3477 incumbens;
2573 3417 2635 3464 ut
2689 3425 2901 3481 genero
2959 3407 3104 3463 illud
3160 3407 3408 3479 ﬁliasque
3464 3407 3797 3477 subjiceret.

2157 3509 2344 3571 Quare
2375 3504 2431 3556 id
2464 3499 2702 3572 quidem
2730 3497 2951 3551 misera).
2987 3495 3320 3567 perfugium
3354 3495 3651 3568 praeclusit
3705 3497 3802 3551 de-

2155 3591 2409 3664 speratio
2439 3591 2575 3643 inde
2635 3585 2991 3656 impetrandi
3049 3586 3203 3656 quod
3261 3589 3527 3656 emptum
3587 3586 3796 3654 quovis

2156 3682 2336 3753 pretio
2369 3676 2763 3735 volebat.Inde
2797 3676 2994 3728 autem
3018 3672 3251 3744 repulsa
3281 3689 3399 3744 quo
3420 3689 3482 3728 se
3513 3678 3798 3728 verteret?

2158 3787 2291 3824 nam
2325 3787 2358 3824 a
2389 3767 2657 3822 Lachana
2685 3779 2786 3834 per
2814 3762 3035 3833 legatos
3066 3777 3304 3832 poscere
3335 3767 3399 3816 ut
3425 3777 3624 3817 secum
3660 3767 3796 3816 tan-

2155 3875 2329 3930 quam
2363 3854 2646 3927 Bulgariae
2695 3852 2896 3922 regina
2951 3850 3024 3905 iis
3082 3850 3514 3905 conditionibus
3574 3849 3790 3921 pacisci

2155 3948 2307 4001 443
2337 3944 2528 4013 vellet,
2561 3958 2687 4012 quae
2735 3939 3022 4010 integram
3055 3937 3140 3992 illi
3197 3942 3254 3994 et
3283 3936 3546 3994 Michaeli
3609 3955 3793 4010 puero

2155 4041 2488 4104 certamque
2519 4029 2913 4099 relinquerent
2936 4028 3368 4098 possessionem
3402 4027 3796 4099 principatus,

2156 4123 2356 4196 petitio
2388 4127 2512 4176 erat
2540 4126 2660 4174 tam
2693 4135 2726 4171 a
2756 4133 2858 4186 spe
2888 4116 3047 4170 omni
3107 4115 3537 4172 consecutionis
3592 4119 3798 4189 procul

2157 4216 2398 4277 remota,
2435 4217 2496 4264 ut
2526 4224 2632 4263 nec
2664 4205 2905 4278 proponi
2949 4205 3188 4277 dignam
3238 4205 3422 4261 Maria
3469 4205 3599 4277 ipsa
3639 4207 3798 4276 judi-

2156 4306 2351 4357 caret:
2413 4296 2645 4369 quando
2703 4293 2859 4348 enim
2915 4298 3018 4348 aut
3070 4293 3286 4363 quibus
3331 4293 3392 4348 in
3447 4293 3504 4347 id
3568 4292 3796 4348 illectus

2156 4389 2341 4462 pactis
2368 4368 2550 4440 fretus
2581 4398 2846 4446 numero,
2883 4382 3041 4436 ferox
3071 4382 3444 4436 successibus
3485 4381 3790 4447 barbarus,

2160 4492 2400 4549 regnum
2438 4473 2594 4544 quod
2629 4469 2820 4542 palam
2849 4470 3162 4536 aifactaret,
3195 4469 3364 4539 cujus
3397 4474 3624 4541 partem
3667 4470 3794 4538 jam

410 4573 586 4626 quam
620 4557 687 4611 ad
723 4553 1075 4609 avunculum
1101 4553 1312 4624 neptis,
1348 4554 1414 4607 ad
1469 4551 1723 4605 amicum
1782 4553 1888 4606 viri
1948 4555 2046 4607 de-

2439 4527 2732 4632 proprihm
2789 4558 2849 4614 in
2881 4527 3160 4614 solidum.
3193 4527 3525 4614 iis-cederet
3578 4527 3794 4629 quibus

414 4645 595 4698 functi
626 4644 803 4698 vidua
853 4643 1189 4709 confugeret
1219 4640 1246 4694 ?
1277 4641 1472 4694 Potius
1530 4639 1728 4710 utique
1759 4640 1911 4709 (cum
1966 4641 2046 4695 al-

411 4737 600 4787 terum
630 4731 795 4785 vitari
833 4747 945 4784 non
977 4729 1194 4800 posset)
1226 4744 1403 4797 quam
1456 4728 1806 4782 interfectori
1861 4728 2047 4783 mariti

413 4837 475 4875 se
506 4820 760 4882 dederet.
793 4823 849 4873 et
879 4834 1011 4872 cum
1047 4832 1282 4872 summa
1313 4816 1522 4883 injuria
1553 4817 1810 4871 defuncti
1843 4819 2047 4888 conju'

412 4909 503 4980 gis
527 4913 717 4962 torum
754 4907 880 4974 ejus
923 4905 1300 4975 prostitueret
1358 4904 1684 4958 subsessori
1743 4921 1775 4957 a
1831 4905 2049 4961 recenti

414 4996 604 5052 adhuc
635 4995 794 5050 illius
822 4993 973 5049 caede
1017 5008 1221 5047 cruore
1278 4991 1561 5046 mananti.
1621 4993 1789 5046 Prius
1848 4992 2046 5064 igitur,

412 5090 476 5139 ut
506 5101 611 5155 par
641 5082 770 5151 fuit,
799 5099 864 5136 eo
897 5082 1297 5151 propendit,ut
1330 5079 1399 5134 ab
1433 5079 1530 5133 illo
1554 5078 1800 5132 salutem
1823 5097 2044 5150 quaere-

414 5177 499 5228 ret
529 5191 561 5227 a
593 5188 704 5242 quo
737 5171 1080 5241 dignitatem
1113 5172 1497 5239 acceperat,et
1517 5167 1586 5219 ad
1611 5167 2043 5241 imperatorem,

411 5279 510 5332 per
540 5276 713 5332 quem
746 5277 807 5315 se
839 5257 1184 5313 meminerat
1216 5257 1272 5310 in
1304 5270 1550 5325 regnum
1611 5253 1888 5325 Bulgaria;
1925 5275 2046 5327 pro.

411 5349 884 5420 vectam,legatos
918 5346 1215 5416 supplices
1245 5344 1476 5397 mittere
1506 5346 1728 5396 rectum
1752 5348 1808 5397 et
1837 5360 2047 5401 conve-

411 5439 578 5493 niens
612 5437 853 5506 putavit.
889 5436 1000 5491 Sed
1032 5431 1286 5503 aequitati
1320 5430 1730 5502 honestatique
1761 5433 1912 5488 acris
1943 5436 2049 5489 ad-

409 5527 665 5580 versaria
705 5526 760 5578 in
822 5521 1181 5578 contrarium
1235 5520 1584 5573 incumbens
1642 5521 2051 5581 obluctabatur

414 5613 657 5679 utilitas,
713 5611 825 5666 alio
857 5614 1123 5666 avertens
1176 5607 1431 5664 deditam
1478 5607 1693 5679 spebus
1749 5612 1937 5667 avaris
1993 5618 2051 5669 et

2157 4654 2211 4707 id
2258 4668 2489 4707 summa
2531 4648 2902 4703 contentione
2944 4651 3066 4700 tum
3117 4661 3250 4700 cum
3303 4645 3558 4701 maxime
3607 4651 3797 4701 extor-

2157 4757 2335 4813 quere
2366 4736 2714 4794 conabatur?
2750 4736 2937 4791 Unum
2969 4751 3106 4806 ergo
3139 4733 3414 4802 restabat,
3446 4738 3618 4806 turpe
3668 4733 3799 4804 qui—

2157 4831 2286 4884 dem
2321 4833 2379 4883 et
2410 4827 2778 4898 probrosum,
2803 4824 2900 4879 sed
2927 4822 3070 4877 nihil
3106 4839 3220 4877 non
3252 4839 3357 4894 pro
3380 4839 3557 4894 regno
3585 4820 3799 4894 pacisci

2156 4921 2370 4990 paratae
2403 4914 2818 4976 necessarium,
2851 4910 2973 4966 vale
3035 4910 3236 4965 honori
3268 4927 3332 4965 ac
3385 4910 3554 4965 fama:
3616 4911 3795 4977 dicto,

2157 5005 2367 5075 spretis
2395 5002 2628 5072 juribus
2660 5000 2827 5071 regiae
2874 4998 3192 5062 viduitatis,
3237 4998 3531 5054 maculata
3582 4997 3798 5054 nobili-

2157 5098 2275 5147 tate
2305 5089 2662 5161 imperatorii
2692 5088 3018 5159 sanguinis,
3050 5088 3397 5159 prostituere
3428 5104 3491 5143 se
3528 5086 3796 5154 subulco,

2156 5181 2372 5251 vilique
2405 5195 2471 5234 ac
2499 5182 2736 5233 cruento
2765 5177 2989 5232 latrone
3020 5176 3198 5230 simul
3247 5176 3303 5231 in
3367 5176 3658 5231 civitatem
3718 5174 3797 5229 si-

2159 5269 2276 5323 mul
2310 5268 2368 5321 in
2402 5272 2596 5322 torum
2629 5265 2984 5320 admittendo
3013 5263 3254 5335 pudoris
3311 5267 3367 5319 et
3411 5262 3796 5319 existimatio-

2158 5357 2248 5411 nis
2282 5355 2592 5426 quantovis
2623 5354 2837 5408 damno
2869 5351 3176 5407 ambitioni
3209 5351 3393 5407 litare.
3436 5351 3604 5406 Tanti
3660 5365 3797 5421 ergo

2159 5445 2460 5510 arbitrata,
2494 5447 2557 5498 ut
2589 5442 2785 5513 regina
2813 5441 2962 5512 ipsa,
3006 5445 3072 5495 ut
3102 5446 3289 5495 mater
3323 5439 3614 5510 designati
3665 5437 3800 5493 Bul-

2157 5549 2428 5607 garorum
2465 5531 2617 5604 regis
2647 5531 2757 5585 dici
2793 5533 3080 5600 pergeret,
3130 5528 3410 5583 Lachanae
3466 5543 3616 5583 uxor
3670 5541 3799 5581 esse

2156 5624 2490 5694 vocarique,
2523 5620 2733 5692 cupide
2764 5635 2830 5676 ac
2865 5617 3080 5689 raptim
3133 5619 3286 5688 (nam
3319 5617 3389 5672 ab
3438 5615 3797 5688 imperatore
