4130 6270
300 385 400 442 901

1360 393 1459 446 DE
1495 392 1870 446 MICHAELE
1907 392 2350 450 PALIEOLOGO
2385 394 2518 448 LIB.
2560 392 2655 449 VI.

3579 388 3686 443 902

300 528 382 563 νοι
414 508 750 584 χαρίζεσθαι.
783 513 976 584 ’Όμως
994 513 1083 567 καὶ
1112 512 1177 568 τὰ
1194 517 1290 567 τοῦ
1312 511 1514 588 λέχους
1544 511 1817 588 προσίετο,
1848 533 1941 568 πο-
1969 518 2024 583 Α
2056 512 2198 575 ὅλως
2215 513 2302 569 καὶ
2332 515 2586 589 ὑποσχεῖν
2637 511 2836 567 ἐκεῖνον
2896 509 3245 586 ἐπιϐρίσασαν
3302 511 3360 565 ἐκ
3415 510 3682 586 Τοχάρων

303 601 482 666 νηρῶς
517 595 643 672 ἄγαν
674 599 760 652 καὶ
792 599 1016 672 βαθέως,
1043 602 1148 676 οὐχ
1170 603 1340 666 ὥςτις
1367 600 1426 656 ἂν
1463 601 1604 656 εἷ’ποι
1637 600 1936 676 φιλογύνης

305 685 396 739 καὶ
427 692 525 754 τῆς
553 686 996 760 γυναικωνίτιδος
1027 688 1276 764 ἐραστής’
1315 689 1378 744 τὸ
1423 689 1522 765 γὰρ
1560 688 1847 762 μαλάττειν
1875 691 1940 743 τὰ

304 771 417 843 ἤθη
450 779 554 828 τῶν
617 771 914 847 δεξομένων
974 778 1062 830 καί
1123 776 1240 832 λίαν
1301 778 1375 839 ὡς
1423 777 1936 854 καταφρονησάντων

307 861 498 916 αὐτίκα
529 859 933 938 διεφυλάττετο,
961 861 1146 927 ἄλλως
1199 863 1255 918 δὲ
1309 866 1424 918 κατ’
1483 865 1702 939 εἰρήνην
1733 866 1821 919 καὶ
1848 871 1942 920 τοῦ

309 951 386 1020 μη
419 952 612 1024 χέσθαι
670 951 963 1028 ἐμφυλίοις
1018 953 1286 1025 πολέμοις
1341 951 1541 1025 αἵματα
1599 952 1941 1028 κατεδέχετο,

307 1039 383 1100 ὡς
415 1039 572 1114 χάριν
626 1036 840 1111 διδοὺς,
872 1039 933 1094 ού
967 1037 1284 1112 λαμϐάνων.
1334 1045 1545 1116 Ὅρκων
1578 1040 1669 1096 οὖν
1716 1044 1945 1118 γενομέ·

304 1149 406 1182 νων
447 1128 533 1181 καὶ
593 1129 872 1198 συνθηκῶν
924 1128 973 1200 ἐξ
1008 1130 1272 1204 ἑκατέρων
1310 1130 1651 1205 ὑπανοίγνυσί
1701 1151 1757 1184 τε
1799 1131 1944 1202 αὐτῷ

307 1216 404 1277 τὰς
448 1215 621 1276 πύλας
659 1260 672 1284 ,
726 1217 816 1269 καὶ
888 1216 1034 1278 ἐντὸς
1095 1215 1353 1290 δεξαμένη
1412 1216 1560 1272 τελεῖ
1631 1219 1794 1292 ἑαυτῇ
1856 1219 1946 1274 σὺν

311 1304 497 1375 ἐκείνῳ
532 1303 658 1365 τοὺς
718 1304 955 1378 γάμους,
1013 1305 1102 1360 καὶ
1153 1306 1246 1368 τὰς
1300 1309 1602 1370 ταινιώσεις
1656 1314 1755 1374 τῆς
1791 1309 1946 1382 βασι-

309 1391 460 1453 λείας
489 1391 576 1444 καὶ
608 1391 762 1453 αὖθις
813 1393 1024 1464 σύναμα
1083 1391 1358 1468 δέχονται,
1401 1396 1489 1449 καί
1520 1416 1580 1470 γε
1609 1396 1945 1468 παρασκευά-

309 1486 385 1548 ζει
427 1484 508 1550 “cfp
570 1479 785 1554 βασιλεῖ
841 1480 1163 1551 ἀντίπαλον,
1202 1483 1274 1543 ὡς
1304 1479 1463 1554 ᾤετο,
1519 1483 1720 1539 ἱκανόν.
1781 1488 1948 1537 Τοῦτο

311 1562 520 1640 συμϐάν
553 1567 722 1621 τεκαὶ
781 1569 1038 1633 ἀκουσθέν
1097 1570 1185 1623 τὸν
1248 1570 1473 1645 βασιλέα
1531 1570 1808 1646 αὐτάρκως
1861 1574 1949 1626 καὶ

306 1659 382 1721 ὡς
414 1657 534 1726 ἐνῆν
579 1655 904 1732 διετάραξεν,
959 1660 1274 1735 ὑπεκρίνετό
1324 1682 1383 1715 τε
1433 1664 1676 1724 κακεῖνος
1715 1663 1789 1734 μή
1825 1664 1949 1715 ἀθυ-

312 1752 430 1818 μεῖν
491 1745 867 1822 σφαλλόμενος
923 1751 1030 1802 τῶν
1093 1745 1354 1817 ἐλπίδων,
1414 1747 1560 1803 ἀλλὰ
1615 1756 1822 1824 στυγεῖν
1875 1755 1953 1822 τῷ

305 1837 438 1908 παρ’
486 1835 631 1904 ἀξίαν
691 1833 896 1905 ἐκείνης
955 1835 1274 1908 πταίσματι,
1331 1837 1468 1891 ὥστε
1531 1843 1625 1891 καῖ
1679 1840 1742 1893 τὸ
1799 1839 1948 1914 γένος

2047 600 2286 675 δύμαμιν
2315 604 2378 672 ἣν
2428 603 2572 662 εἰκὸς
2630 601 3020 671 ἐπεισπίπτειν,
3079 601 3190 673 ἅμα
3226 599 3317 672 μὲν
3377 600 3450 660 ὡς
3483 599 3678 674 ἐχθρὸν

2045 698 2319 767 προφανῆ,
2367 693 2477 762 ἅμα
2534 688 2590 744 δὲ
2640 689 2728 744 καὶ
2777 691 2925 764 παρὰ
2979 693 3088 743 τῶν
3149 687 3361 742 οἰκείων
3416 708 3686 765 καταφρο-

2045 778 2337 850 νούμενον.
2360 782 2543 834 Ταῦτα
2575 776 2746 854 λέγων
2778 780 2879 832 οὐκ
2909 779 3045 832 ἀνίει
3102 777 3190 831 καὶ
3251 775 3398 838 αὖθις
3454 777 3685 849 πέμπων

2045 889 2103 920 τε
2152 864 2403 940 δυνάμεις
2462 868 2864 941 ἀγωνιουμένας
2921 867 3010 921 καὶ
3062 869 3130 920 τὰ
3185 867 3321 939 πρὸς
3375 862 3688 933 καταϐολὴν

2049 956 2255 1031 Μαρίας
2307 957 2854 1029 κατασκευαζόμενος.
2910 958 2965 1009 Ὀ
3022 955 3197 1009 τοίνυν
3253 963 3504 1031 Λαχανᾶς
3553 957 3689 1031 πρὸς

2048 1045 2142 1106 τὰς
2172 1053 2272 1113 τῆς
2299 1046 2546 1120 γυναικὸς
2603 1046 2822 1119 θρύψεις
2878 1045 2965 1098 καὶ
3025 1046 3308 1119 ἀπηχθετο
3363 1045 3452 1098 καὶ
3488 1040 3692 1120 βαρϐα-

2053 1139 2217 1208 ρικῶς
2245 1132 2406 1201 ἤθελε
2439 1132 2650 1206 διαζῇ-ι,
2693 1138 2820 1197 τοῦς
2878 1134 3014 1209 ἀμφ’
3045 1132 3200 1186 αὐτὸν
3253 1134 3341 1186 καὶ
3396 1133 3518 1187 λίαν
3555 1134 3690 1186 ὑπο-

2048 1220 2398 1293 ποιούμενος·
2457 1217 2591 1296 ἔγνω
2653 1224 2754 1296 γὰρ
2810 1222 3193 1297 ἀμφοτέρωθεν
3256 1221 3686 1294 ἐξαρτυομένους

2049 1308 2330 1382 πολέμους
2385 1311 2471 1363 καὶ
2527 1311 2621 1372 τὰς
2683 1309 2935 1382 βλακείας
2999 1307 3166 1380 μηδέν
3247 1307 3360 1369 ο“ίας
3417 1330 3474 1362 τε
3525 1307 3688 1370 οὔσας

2050 1398 2384 1466 κατευνάζειν
2417 1403 2539 1459 τοῦς
2602 1397 2662 1452 ἐκ
2716 1402 2821 1452 τῶν
2876 1396 3138 1469 πολέμων
3194 1394 3497 1465 κινδύνους,
3557 1397 3696 1451 ὣστε

2055 1489 2144 1540 καὶ
2177 1486 2449 1550 πολλάκις
2505 1488 2640 1562 πρὸς
2698 1487 2905 1557 ἐκείνην
2964 1484 3471 1564 διαφιλονεικοῦντα
3527 1486 3694 1541 ἐντεί-

2054 1596 2162 1628 νειν
2196 1574 2440 1649 πληγάς.
2473 1575 2646 1634 Αὐτὸς
2707 1573 2762 1628 δὲ
2818 1576 3046 1650 κρείττω
3104 1576 3279 1644 πάσης
3335 1573 3696 1649 ἀσχολίαςτά

2055 1661 2242 1734 κύκλῳ
2317 1667 2741 1734 συνανιστάμενα
2821 1662 3017 1736 κρίνων
3106 1664 3416 1717 ὑπεποιεῖτό
3475 1685 3531 1718 τε
3570 1664 3695 1727 τοὺς

2059 1752 2327 1823 ἄρχοντας
2358 1755 2462 1804 τῶν
2505 1749 2856 1825 Βουλγάρων,
2904 1752 2994 1804 καὶ
3041 1751 3176 1821 πρὸς
3228 1750 3508 1823 πολέμους
3539 1755 3697 1821 ἡτοι-

2065 1841 2260 1911 μάζετο
2290 1839 2415 1899 τοὺς
2445 1840 2560 1892 κατ’
2611 1837 2795 1910 ἄμφω,
2837 1836 2975 1895 Οὐδὲ
3006 1840 3108 1913 γὰρ
3163 1840 3229 1907 ἦν
3265 1838 3388 1893 οὔτε
3419 1840 3700 1914 Τοχάροις

303 1929 664 1998 καταισχῦναι
694 1925 780 1977 καὶ
832 1925 930 1991 τὴν
985 1924 1164 1999 ἀρχὴν
1219 1924 1669 1999 προσαπολλύναι
1726 1932 1805 1998 τῷ
1839 1949 1947 1999 μη-
1978 1897 2024 1961 Β
2058 1925 2145 1980 διὰ
2174 1929 2241 1982 τὰ
2276 1929 2584 2002 πραχθέντα
2616 1924 2926 1990 σπένδεσθαι
2982 1924 3102 1980 οὕτε
3131 1927 3255 1988 τοὺς
3293 1932 3390 1981 τοῦ
3427 1930 3696 2002 βασιλέως

311 2007 462 2074 δενὸς
542 2011 672 2082 ἀξίῳ
746 2014 1252 2086 κανεγχειρίσασαν·
1346 2013 1487 2087 μηδὲ
1557 2015 1656 2090 γὰρ
1713 2015 1944 2086 ἀνθέξειν

314 2236 509 2286 metus
540 2228 800 2285 cunctari
844 2245 957 2283 non
989 2229 1246 2299 sinebat)
1281 2229 1460 2283 mittit
1507 2231 1578 2284 ad
1627 2231 1953 2286 Barbarum

313 2321 413 2391 qui
447 2335 585 2373 suas
617 2317 702 2372 illi
746 2317 983 2387 nuptias
1031 2333 1166 2371 cum
1218 2315 1396 2371 dotali
1451 2318 1723 2373 offerrent
1755 2335 1952 2388 regno.

318 2409 403 2462 Ad
435 2425 503 2462 ea
535 2406 631 2462 ille
663 2406 919 2476 primum
959 2405 1409 2476 aspernabundo
1458 2406 1668 2460 similis
1701 2406 1833 2460 talis
1866 2407 1957 2459 in-

314 2502 600 2567 terpretes
633 2493 866 2548 foederis
897 2493 1280 2563 superciliose
1307 2492 1642 2563 repellebat,
1679 2492 1957 2548 cavillans

323 2583 567 2640 ridicule
593 2583 790 2637 offerri
819 2582 971 2652 quod
1005 2581 1208 2650 majori
1254 2598 1321 2635 ex
1370 2586 1529 2650 parte
1553 2583 1678 2653 jam
1712 2586 1954 2650 teneret,

324 2673 641 2745 gratiaeque
703 2669 986 2741 imputari
1048 2669 1257 2739 reginae
1311 2669 1619 2738 quaesitum
1669 2670 1796 2739 jam
1845 2670 1957 2724 sibi

324 2760 508 2814 armis
553 2758 928 2827 victoriisque
960 2757 1374 2827 principatum.
1407 2758 1622 2813 Tamen
1675 2775 1745 2812 ne
1775 2759 1959 2813 durus

330 2847 512 2901 nimis
560 2848 826 2917 ferusque
872 2845 1186 2912 videratur,
1233 2846 1468 2916 nuptias
1530 2846 1664 2901 talis
1709 2847 1957 2901 fmminae

333 2934 780 3003 admisit,astute
809 2935 864 2989 id
897 2933 1090 3005 ipsum
1116 2934 1509 3005 tamen,quasi
1541 2935 1744 2990 alienae
1766 2935 1958 2989 indul-

328 3024 514 3094 gendo
544 3023 850 3091 voluntati,
883 3039 994 3076 non
1029 3023 1272 3093 propriis
1306 3024 1682 3094 obsequendo
1706 3023 1957 3094 libidini,

323 3113 674 3177 annuens,in
697 3128 807 3181 quo
830 3116 954 3165 erat
977 3110 1316 3181 profundior
1336 3113 1463 3180 ejus
1487 3113 1750 3182 quaedam
1775 3128 1953 3181 quam

2057 2017 2303 2070 ὁπωσοῦν
2356 2017 2606 2090 ἀναρτᾷν.
2664 2016 2760 2069 Διὰ
2808 2020 2966 2070 τοῦτο
3015 2016 3132 2069 καθ’
3185 2016 3309 2069 ὅσον
3345 2015 3527 2091 ἴσχυεν
3561 2017 3705 2072 ἀντι-

2065 2230 2410 2299 dignitatem
2438 2247 2504 2285 ac
2521 2247 2732 2284 nomen
2757 2231 2979 2302 regium
3005 2234 3298 2303 perditum
3324 2233 3521 2288 ivisset
3544 2253 3558 2301 ;
3583 2251 3697 2305 quo

2065 2319 2191 2388 ipso
2241 2334 2375 2372 mox
2425 2319 2726 2388 privanda,
2772 2335 3019 2374 sensura
3085 2325 3237 2376 esset
3304 2320 3590 2376 inutiliter
3640 2338 3702 2376 se

2067 2422 2357 2475 peccasse,
2390 2407 2529 2460 dum
2563 2408 2618 2460 id
2651 2405 2844 2461 scelus
2881 2425 2982 2478 spe
3014 2413 3139 2464 tuto
3171 2410 3452 2480 regnandi
3483 2409 3701 2464 consci-

2065 2495 2227 2549 verit.
2261 2495 2406 2549 Nam
2457 2511 2698 2566 regnum
2761 2498 2911 2566 quod
2973 2497 3198 2552 homini
3257 2497 3420 2552 nulla
3469 2515 3528 2553 re
3583 2499 3699 2554 nisi

2068 2582 2220 2637 mala
2251 2584 2426 2653 digno
2451 2584 3164 2653 turpissimetradidisset,
3197 2586 3308 2654 ipsi
3342 2603 3476 2641 mox
3505 2592 3699 2642 extor-

2068 2673 2362 2740 quendum
2385 2688 2415 2724 a
2438 2671 2993 2740 Tocharis,quorum
3014 2675 3282 2742 potentias
3310 2675 3697 2746 irruptionem

2067 2759 2126 2811 in
2183 2756 2514 2828 Bulgariam
2574 2761 2909 2828 parentium
2971 2758 3116 2813 nihil
3166 2770 3360 2829 posset
3405 2761 3700 2818 Lachanas

2068 2862 2358 2917 opponere
2417 2846 2571 2915 quod
2657 2863 2760 2916 par
2817 2846 3140 2902 resistendo
3191 2849 3350 2902 foret.
3414 2849 3702 2905 Tocharos

2070 2940 2282 3003 autem,
2315 2939 2379 2987 ut
2405 2950 2633 2988 movere
2667 2935 3100 3004 quamprimum
3135 2935 3193 2989 in
3226 2936 3552 2992 Lachanam
3587 2955 3704 2993 non

2069 3024 2422 3086 omitterent,
2458 3023 2583 3076 duae
2613 3039 2799 3076 causae
2846 3023 3170 3078 incitabant
3225 3041 3236 3077 :
3279 3025 3492 3079 etenim
3546 3028 3701 3097 quod

2067 3128 2164 3166 eos
2204 3111 2361 3182 prior
2404 3111 2500 3165 ille
2541 3111 2935 3166 laccssivissat
2964 3129 3166 3166 eorum
3201 3113 3398 3182 copias
3454 3115 3702 3183 czedens,

323 3201 393 3254 ab
427 3201 662 3255 homine
696 3201 780 3256 sic
813 3206 947 3254 nato
997 3215 1259 3270 sperares
1290 3201 1614 3270 prudentia.
1652 3201 1957 3257 Vitandam
1989 3189 2032 3254 C
2064 3199 2381 3254 ulciscendi
2413 3199 2639 3255 hostem
2677 3203 2939 3269 apertum
2976 3200 3318 3255 necessitate
3356 3203 3426 3256 ad
3458 3219 3579 3257 eam
3605 3220 3698 3257 ex-

321 3289 477 3344 enim
523 3293 673 3343 recte
725 3289 950 3359 putavit
999 3293 1402 3359 contemptum
1476 3289 1589 3360 ipsi
1637 3289 1960 3358 parituram

323 3377 481 3446 apud
527 3392 668 3431 suos
717 3376 1051 3446 Opinionem
1103 3376 1288 3429 uxorii
1341 3381 1397 3429 et
1427 3376 1485 3429 in
1535 3377 1860 3447 voluptates
1892 3394 1960 3431 ex

325 3464 534 3520 bellica
564 3463 780 3518 ferocia
807 3462 1056 3518 emolliri
1103 3462 1292 3518 facilis
1323 3463 1450 3517 viri.
1485 3464 1632 3528 Quin
1665 3469 1720 3518 et
1750 3465 1960 3519 huma-

329 3551 530 3607 nitatis
562 3553 774 3606 famam
809 3568 1110 3620 aucupans
1137 3551 1352 3606 moveri
1385 3568 1500 3621 pra:
1532 3568 1594 3606 se
1632 3551 1765 3606 tulit
1795 3553 1962 3607 mise-

328 3639 547 3694 ratione
579 3639 857 3693 fundendi
888 3639 1097 3707 civilis,
1138 3638 1187 3694 si
1230 3656 1342 3708 qua
1388 3643 1640 3710 coeperat
1674 3640 1956 3706 tenderet,

326 3727 655 3798 sanguinis.
708 3728 785 3782 Ad
833 3731 1154 3782 extremum
1189 3743 1256 3781 ea
1303 3726 1609 3781 verborum
1653 3727 1960 3797 voltusque

323 3818 615 3888 gravitate
640 3833 756 3886 qua
781 3832 893 3869 non
911 3816 1169 3886 accipere
1200 3815 1394 3885 ipsum
1417 3815 1738 3884 quidquam
1763 3816 1958 3884 gratiae

323 3906 424 3960 sed
479 3905 743 3960 beneﬁcii
793 3904 918 3960 loco
976 3905 1234 3958 tribuere
1297 3919 1357 3958 se
1400 3903 1777 3972 signiﬁcaret,
1832 3919 1958 3973 quae

326 3993 720 4048 offerebantur
741 3993 1337 4062 accepit.Scribuntur
1360 4008 1492 4045 mox
1523 3990 1956 4058 conventiones,

326 4086 482 4136 444
531 4087 699 4152 pacta
736 4081 1123 4152 jurejurando
1173 4079 1446 4150 utrinque
1493 4080 1626 4134 dato
1677 4079 1958 4133 muniun-

327 4176 440 4225 tur.
466 4169 579 4225 Nec
601 4171 782 4226 Maria
804 4186 1025 4224 moram
1059 4168 1195 4223 fecit
1216 4167 1656 4239 aperiendarum
1687 4167 1958 4221 Lachanaa

326 4265 626 4330 portarum
659 4258 929 4327 Tcrnobi,
973 4273 1150 4328 seque
1207 4255 1320 4328 ipsi
1381 4257 1597 4327 nuptiis
1647 4255 1956 4326 jungendi.

324 4346 726 4403 Coronationis
758 4347 894 4400 inde
925 4362 1206 4400 novorum
1256 4345 1572 4414 conjugum
1619 4345 1960 4398 ceremonia

325 4435 631 4506 splendide
688 4434 1036 4502 celebratur,
1107 4433 1426 4487 acclamata
1496 4434 1686 4487 denuo
1757 4432 1958 4504 regina

2065 3288 2418 3359 peditionem
2451 3287 2904 3358 impellebantur
2930 3313 2942 3352 ;
2973 3293 3032 3342 et
3062 3287 3142 3342 rei
3175 3289 3245 3342 ad
3283 3290 3337 3342 id
3363 3291 3699 3344 audendum
3757 3342 3764 3346 .

2064 3377 2341 3430 facilitate
2372 3376 2945 3445 incitabantur,quod
2975 3376 3298 3430 Lachanam
3331 3393 3460 3432 esse
3483 3379 3701 3433 scirent

2066 3465 2358 3518 hominem
2412 3464 2606 3531 nihili,
2659 3480 2898 3517 exosum
2948 3470 3006 3518 et
3053 3471 3319 3534 spretum
3367 3465 3540 3520 etiam
3578 3467 3704 3522 suis

2064 3551 2352 3622 Bulgaria.
2388 3551 2551 3605 Talia
2581 3553 2797 3621 passim
2832 3552 2986 3621 apud
3024 3552 3335 3608 familiares
3391 3555 3710 3625 imperator

2065 3641 2504 3703 disserens,non
2538 3639 2804 3692 cessabat
2836 3639 3070 3692 interim
3099 3641 3242 3694 alias
3268 3659 3446 3711 super
3478 3642 3620 3697 alias
3647 3643 3706 3698 in

2065 3727 2400 3798 Bulgariam
2422 3727 2618 3796 cepias
2635 3727 3235 3797 Inittere,omnemque
3257 3731 3560 3784 admovere
3579 3748 3702 3786 ma-

2065 3817 2296 3872 chinam
2313 3817 2382 3870 ad
2405 3815 2790 3884 dejiciendam
2809 3831 2874 3868 eo
2893 3831 3068 3885 regno
3084 3816 3323 3870 Mariam
3337 3820 3426 3871 .At
3448 3819 3702 3874 Lachaas

2065 3907 2176 3961 cito
2211 3911 2490 3976 pertaesus
2521 3902 2660 3972 regii
2693 3901 2865 3956 luxus
2904 3907 2959 3956 et
3009 3903 3349 3959 deliciarum
3401 3907 3701 3976 uxoris,iis

2065 4011 2205 4049 eum
2256 3992 2554 4048 stomacho
2603 3991 2854 4060 rejectis,
2907 3990 3274 4046 immundam
3320 3993 3702 4065 illautamque

2068 4081 2356 4136 barbarici
2393 4080 2560 4146 ritus,
2593 4079 2686 4132 cui
2717 4079 2941 4132 dudum
2996 4078 3473 4148 insueverat,vitm
3506 4082 3704 4136 ferina

2064 4171 2211 4225 445
2251 4169 2528 4222 rationem
2564 4167 2904 4238 usurpabat,
2948 4167 3055 4221 hoc
3087 4167 3277 4236 ipsum
3312 4168 3575 4224 videlicet
3596 4187 3702 4224 aes-

2063 4259 2277 4312 timans
2311 4256 2450 4310 utile
2481 4255 2847 4310 demerendis
2897 4254 3008 4308 sibi
3044 4253 3420 4310 familiarium
3457 4274 3698 4314 suorum

2063 4346 2368 4401 affectibus
2401 4350 2457 4398 et
2489 4343 2720 4408 studiis,
2755 4360 3002 4412 quorum
3037 4342 3261 4398 alenda!
3303 4347 3700 4416 augendaeque

2061 4434 2118 4487 in
2172 4450 2298 4488 sese
2347 4432 2753 4486 benevolentia:
2802 4437 3016 4486 cuncta
3058 4447 3183 4500 quae
3215 4432 3284 4484 ad
3333 4432 3388 4485 id
3441 4435 3701 4489 conferre

327 4524 607 4595 Bulgaria:
639 4522 820 4578 Maria
853 4539 998 4577 novo
1035 4520 1200 4576 titulo
1234 4522 1430 4576 uxoris
1476 4521 1752 4576 Lachanna
1781 4523 1956 4592 regis.
1986 4547 2033 4610 Ι)
2064 4523 2400 4576 viderentur
2429 4521 2628 4575 sedulo
2663 4519 2995 4574 adhibebat.
3027 4518 3180 4573 Satis
3209 4519 3360 4574 enim
3414 4520 3700 4593 intellige-

319 4613 414 4667 Sic
443 4611 546 4666 illa
576 4628 637 4666 se
668 4626 1038 4679 comparasse
1068 4626 1298 4678 gravere
1347 4609 1741 4663 adversarium
1774 4609 1956 4678 impe-

319 4700 499 4754 ratori
533 4698 818 4753 avunculo
851 4697 1112 4769 putabat.
1139 4697 1259 4760 Quo
1285 4713 1397 4751 non
1419 4713 1655 4766 parvam
1689 4696 1736 4750 ei
1764 4713 1958 4751 revera

321 4805 428 4845 nec
468 4806 673 4859 parum
721 4786 1025 4843 molestam
1077 4785 1289 4855 adjecit
1336 4801 1560 4839 curam.
1607 4788 1955 4855 Quanquam

321 4877 421 4932 ille
467 4877 703 4949 quidem
754 4877 956 4930 audita
1002 4879 1234 4945 repente
1295 4873 1376 4928 rei
1443 4873 1618 4939 fama,
1671 4873 1958 4927 dissimu-

322 4966 543 5020 latione
600 4982 660 5020 se
715 4963 888 5019 solita
937 4962 1255 5032 involvens,
1315 4960 1626 5030 diligenter
1674 4960 1822 5015 cavit
1888 4976 1958 5015 ne

323 5070 565 5109 causam
609 5052 848 5121 doloris,
916 5069 1030 5122 quo
1075 5050 1281 5105 intime
1329 5050 1627 5116 urebatur,
1676 5049 1958 5103 veriorem

323 5143 800 5214 praecipuamque
834 5141 1122 5212 proderet,
1157 5140 1312 5210 quod
1364 5137 1642 5193 nimirum
1674 5137 1959 5191 excidisse

320 5249 385 5286 se
417 5232 568 5285 votis
590 5237 646 5285 et
680 5231 1030 5284 interversas
1080 5228 1190 5282 sibi
1243 5244 1375 5298 spes
1418 5227 1678 5297 proxime
1720 5227 1836 5294 jam
1889 5226 1958 5279 ad

319 5320 543 5375 exitum
580 5320 894 5390 perductas
927 5315 1534 5372 cerneret.Oslentavit
1565 5321 1758 5368 autem
1793 5313 1960 5384 plau-

315 5408 616 5462 sibiliores
648 5407 793 5462 alias
817 5409 887 5460 de
916 5408 1062 5460 facto
1091 5406 1202 5460 isto
1234 5404 1466 5458 dolendi
1502 5404 1778 5469 rationes,
1811 5402 1957 5456 infa-

312 5496 495 5551 miam
527 5495 793 5549 videlicet
826 5512 1003 5565 quam
1027 5493 1128 5548 illa
1160 5491 1509 5547 infelixistis
1540 5496 1693 5547 esset
1722 5491 1958 5562 ﬂagitiis

314 5584 637 5657 promerita
666 5585 1006 5649 maximam,
1047 5582 1246 5654 generi
1298 5597 1364 5636 ac
1417 5580 1648 5634 familiae
1682 5581 1958 5649 probrum

314 5672 713 5730 foedissimum
775 5674 1034 5728 inurens.
1078 5668 1264 5726 Simul
1309 5673 1505 5726 autem
1563 5686 1696 5724 cum
1741 5668 1958 5725 honore

2069 4611 2165 4664 bat
2197 4616 2476 4681 quantam
2513 4609 2799 4677 indigeret
2835 4623 3034 4662 eorum
3068 4624 3261 4678 opera,
3316 4609 3518 4678 utique
3570 4625 3701 4665 cum

2067 4700 2175 4754 sibi
2207 4698 2423 4769 duplici
2457 4713 2524 4750 ex
2556 4701 2716 4768 parte
2757 4696 2988 4751 diversa
3037 4701 3092 4751 et
3145 4713 3361 4768 magna
3393 4698 3696 4756 imminere

2069 4787 2216 4842 bella
2244 4790 2520 4840 cerneret.
2555 4785 2678 4848 Qua
2707 4785 2830 4855 ipsa
2859 4801 2925 4839 ex
2945 4801 3123 4840 causa
3153 4785 3498 4841 muliebrem
3515 4786 3702 4844 victus

2065 4876 2373 4944 cultusque
2396 4872 2698 4928 mollitiem
2718 4874 3028 4928 exercitam
3047 4873 3417 4945 oblatamque
3434 4876 3502 4930 ab
3527 4893 3703 4932 uxore

2066 4965 2483 5019 contumaciter
2515 4962 2656 5016 adeo
2707 4962 3074 5031 reprobabat,
3109 4964 3340 5017 noxiam
3382 4964 3706 5022 criminans

2067 5058 2120 5105 et
2153 5051 2490 5105 enervandae
2523 5055 2662 5103 tunc
2695 5050 2942 5104 maxime
2971 5052 3311 5106 necessariae
3345 5053 3561 5108 beilicaa
3590 5055 3702 5109 vir-

2065 5141 2176 5195 tuti
2202 5141 2731 5205 accomodatam,ut
2755 5156 2820 5193 eo
2846 5139 3079 5194 nomine
3101 5140 3341 5194 Mariam
3368 5158 3480 5196 non
3508 5142 3698 5198 solum

2070 5230 2410 5301 plerumque
2445 5229 2765 5296 increparet
2794 5229 3121 5295 verbis,sed
3155 5230 3492 5285 verberibus
3522 5236 3697 5287 etiam

2069 5333 2132 5372 ac
2165 5316 2350 5387 plagis
2396 5317 2670 5370 miseram
2721 5317 3123 5384 contunderet,
3168 5317 3425 5371 intentus
3476 5319 3699 5375 interea

2069 5423 2229 5470 sane,
2265 5410 2433 5474 prout
2464 5422 2555 5458 res
2591 5406 2884 5475 poscebat,
2914 5404 3159 5458 sollicite
3194 5407 3420 5459 cunctis
3453 5423 3554 5476 per
3584 5408 3697 5461 cir-

2068 5493 2288 5548 cuitum
2323 5494 2592 5562 parandis
2618 5496 2684 5546 ad
2711 5492 3484 5564 excipiendosingruentium
3513 5496 3700 5551 utrin-

2070 5598 2182 5653 que
2215 5581 2468 5650 impetus
2488 5580 2961 5646 hostium.Quam
2989 5581 3058 5634 ad
3092 5597 3213 5634 rem
3247 5585 3366 5635 arte
3398 5599 3513 5653 qua
3542 5590 3701 5653 pote-

2071 5675 2161 5726 rat
2200 5669 2458 5725 maxima
2505 5668 2746 5724 delinire
2796 5685 2861 5724 ac
2905 5668 3212 5724 conciliare
3253 5669 3366 5724 sibi
3406 5673 3708 5743 satagebat
