4130 6270
441 320 550 376 903

1748 321 2049 381 GEORGII
2085 321 2545 381 ΡΔΟΗῩΜΕΒΕ

3721 320 3824 379 904

441 442 907 517 παρετάττετο⁶τὸ
971 445 1062 518 μὶν
1123 445 1283 515 ἑκὼν,
1341 447 1404 501 τὸ
1437 443 1484 500 δ’
1514 443 1680 506 ἄκων.
1739 446 1948 520 Ἀρχὴν
1978 445 2080 520 γὰρ
2113 446 2167 513 Α
2194 465 2299 517 τες,
2337 444 2556 519 βασιλεῖ
2609 443 2666 502 δὲ
2695 445 3143 522 προσγίνόμενοι.
3174 450 3298 507 Τοῖς
3331 443 3378 500 δ’
3409 445 3648 500 ἐντεῦθεν
3693 445 3824 500 ἀπα-

444 528 624 586 Λαϐὼν
660 531 724 600 ἢν
759 532 857 586 οὐκ
885 531 1137 605 ἤλπιζεν,
1172 531 1393 589 ἔσπευδε
1427 535 1502 606 μὴ
1536 533 1700 606 μόνον
1735 531 1900 608 ἔχειν,
1938 531 2083 586 ἀλλὰ

439 622 528 676 καὶ
561 626 827 691 συνιστᾷν.
865 623 1288 695 Ἐπιτιθεμένων
1319 620 1363 676 δ’
1399 620 1584 686 ἄλλως
1611 622 1701 676 καὶ
1729 626 1836 675 τῶν
1893 619 2080 691 ἔξωθεν

439 710 704 784 όσημὲραι
761 710 850 764 καὶ
905 711 1046 764 ἄκων
1115 711 1548 786 κατηναγκάζετο
1621 710 1906 786 μάχεσθαι·
1963 706 2082 781 ᾔδει

437 799 540 871 γὰρ
601 800 688 851 καί
751 791 1020 870 βάρϐαρος
1083 793 1153 851 ὥν
1203 800 1595 869 πολεμήσοντα
1626 796 1677 867 ἐξ
1710 798 1947 871 ἀνάγκης
1992 797 2082 851 τὸν

446 888 519 957 μή
554 885 782 939 Οὲλοντοι
812 882 1100 956 πολεμεῖν.
1150 887 1244 939 Διά
1297 890 1463 940 ταῦτα
1517 890 1642 959 γοῦν
1679 885 1743 938 τὰ
1797 885 1913 939 κατ’
1945 883 2082 938 ἐκεί-

444 994 538 1027 νου
590 971 775 1027 εὐώδει
830 969 1284 1047 παραϐολώτερον
1319 973 1760 1046 συμπλεκόμενα.
1795 969 1931 1028 Οὔτε
1984 971 2083 1046 γὰρ

450 1063 502 1116 οἱ
535 1062 913 1134 ἀνθιστάμενοι
949 1059 1140 1135 ἴσχυον
1177 1063 1257 1133 [Ρ.
1292 1064 1416 1132 304]
1473 1062 1668 1135 ὁρμαῖς
1731 1059 2081 1120 ἆτακτούσαις

445 1152 738 1224 ἀντισχεῖν,
782 1149 869 1204 καὶ
911 1151 972 1203 τὸ
1007 1147 1313 1203 διευτονοῦν
1371 1147 1718 1224 κατωῤῥώδει
1774 1151 1871 1216 τήν
1924 1150 2084 1202 ἀπεν-

440 1238 612 1308 τευξιν
649 1239 725 1300 ὡς
771 1239 845 1309 μὴ
877 1243 1061 1300 καλῶς
1102 1235 1450 1312 χρησομένου
1504 1240 1600 1290 τοῦ
1658 1237 2080 1310 περιγεγονότος.

437 1328 506 1379 Τὸ
545 1325 648 1399 γὰρ
680 1325 756 1386 εἷς
809 1330 1000 1398 χεῖρας
1054 1323 1295 1398 γενέσθαι
1326 1329 1404 1394 τῷ
1437 1329 1662 1398 Λαχανᾷ
1717 1321 1804 1377 ἴσα
1859 1325 1943 1378 καὶ
1980 1326 2080 1377 θοὶ-

440 1435 601 1477 νατος
628 1415 693 1482 ἦν
729 1414 987 1481 ἀπηνείας
1015 1410 1168 1466 ἕνεκα
1224 1419 1321 1481 τῆς
1383 1411 1641 1486 ἐσχάτης·
1703 1406 1945 1486 βαρϐαρα
1975 1411 2078 1486 γὰρ

439 1502 545 1572 ἤθη
579 1504 644 1556 τὰ
673 1501 730 1556 ἐκ
761 1502 935 1575 τύχης
970 1500 1173 1556 ἐλεεινᾶ
1236 1498 1528 1572 μαλάσσειν
1561 1497 1659 1552 οὸκ
1716 1496 1885 1553 οἶδεν.
1916 1501 2074 1555 ’Όθεν

433 1590 523 1644 καὶ
554 1588 825 1650 πολλάκις
854 1595 970 1650 ταῖς
1026 1587 1261 1660 τόλμαις
1308 1607 1719 1660 περιγενόμενοι
1779 1587 2078 1659 παραυτίκα

437 1684 514 1750 τῷ
570 1683 676 1732 τῶν
739 1675 924 1732 δεινῶν
989 1675 1265 1748 ἒλπισμῷ,
1301 1674 1344 1728 εἷ
1393 1674 1590 1746 ἀλῷεν,
1652 1673 2075 1747 συστελλόμενοι

2188 534 2451 606 γομένοις
2483 534 2594 588 ἐκεῖ
2624 534 2722 588 οὐκ
2766 535 2832 603 ἧν
2878 535 3249 604 ὑπονοηθῆναι
3277 533 3339 587 τὸ
3374 537 3568 602 σῶζον,
3600 529 3726 586 ἀλλ’
3755 534 3823 594 ὡς

2189 621 2376 695 ἐχθροὶ
2421 620 2766 690 ἐκολάζοντο.

2296 764 2365 831 η’.
2397 764 2582 824 Ὅπως
2614 763 2794 838 Μαρία
2828 763 2921 836 μὲν
2956 760 3229 836 παρεδόθη
3270 760 3508 836 βασιλεῖ,
3542 761 3722 818 Ἀσάν.

2258 889 2338 958 [Ρ.
2372 889 2495 960 305]
2544 882 2854 960 Ἐτρῖϐοντο
2918 887 3010 960 μὶν
3046 883 3134 941 οῧν
3169 886 3404 941 ἐντεῦθεν
3453 887 3521 940 τὰ
3577 887 3824 960 πράγμα-

2187 995 2271 1039 τα,
2306 973 2483 1044 ἄλλην
2516 973 2560 1028 δ’
2601 973 2922 1047 ἀπαλλαγὴν
2961 976 3067 1029 τῶν
3112 979 3289 1028 κακῶν
3350 975 3451 1028 οὐκ
3504 976 3569 1041 ἥν
3601 971 3817 1042 ἐλπίζε-

2189 1062 2305 1114 σθαι
2361 1060 2409 1115 εἷ’
2463 1063 2537 1134 μὴ
2567 1066 2667 1116 τοῦ
2721 1059 2995 1136 βαρϐάρου
3054 1061 3399 1136 ἀπαλλαγήν.
3432 1067 3535 1122 Ἥς
3587 1061 3678 1115 καὶ
3733 1082 3820 1115 τα-

2190 1154 2333 1223 χέως
2365 1148 2676 1219 ἐξελθόντος
2704 1149 2994 1220 ἐπιστάσης
3029 1150 3110 1223 (τὸ
3164 1150 3264 1223 γὰρ
3323 1145 3675 1223 παλίμϐολον
3724 1157 3821 1218 τῆς

2188 1237 2363 1312 τύχης
2393 1236 2514 1290 ὅσον
2550 1234 2700 1291 οὔπω
2732 1238 2830 1292 οὐκ
2887 1239 2953 1306 ἦν
3009 1237 3250 1314 ἐκφυγεῖν
3309 1237 3531 1304 ἐκεῖνον,
3560 1237 3649 1290 καὶ
3685 1236 3824 1309 μᾶλ-

2189 1336 2281 1378 Λον
2305 1325 2603 1401 φυσηθέντα
2633 1327 2692 1380 τὸ
2741 1331 2842 1380 πᾶν
2899 1325 2958 1380 ἐκ
3003 1325 3205 1400 τύχης,
3264 1324 3379 1379 ὅθεν
3429 1325 3517 1380 καὶ
3565 1325 3818 1400 Τοχάρων

2184 1412 2492 1484 ἡττημένος
2522 1412 2846 1489 ἠγγέλλετο)
2874 1419 2995 1476 ταῖς
3047 1411 3246 1474 ἐκεῖθεν
3307 1415 3518 1489 φήμαις
3571 1411 3821 1482 ἐμπίπτει

2186 1495 2538 1574 Τερνοϐίταις
2562 1502 2752 1577 καιρὸς
2787 1502 3144 1576 ὡρμημένοις
3175 1499 3346 1555 πάλαι
3398 1500 3535 1555 κατὰ
3591 1500 3818 1573 Μαρίας,

2182 1589 2269 1642 καὶ
2303 1590 2415 1660 ἅμα
2462 1588 2615 1643 παιδὶ
2673 1588 2991 1664 προδιδόναι
3048 1590 3248 1658 ταύτην
3309 1587 3539 1661 ἔγνωσαν
3585 1595 3700 1650 τοῖς
3729 1592 3823 1642 τοῦ

2188 1675 2472 1750 βασιλέως,
2504 1679 2594 1732 τὸν
2655 1678 2812 1734 Ἀσὰν
2871 1677 2928 1732 δὲ
2980 1675 3246 1746 δεσπότην
3307 1675 3562 1750 ἐδέχοντο
3620 1676 3709 1730 καὶ
3741 1676 3825 1730 ὅτι

439 1768 857 1836 ἀπηντεόκτουν.
905 1764 1146 1825 Πολλαῖς
1177 1764 1268 1836 μὲν
1304 1761 1392 1818 οὗν
1424 1769 1540 1825 ταῖς
1602 1763 1738 1840 ἀμφὶ
1770 1763 1859 1816 τὸν
1916 1764 2073 1819 Ἀσὰν
2108 1790 2154 1854 Β
2183 1764 2271 1818 καὶ
2304 1764 2362 1818 ἐκ
2390 1763 2626 1819 παλαιοῦ
2649 1767 2894 1840 προσῆκέ.
2920 1767 2969 1820 οἱ
3002 1766 3065 1820 τὰ
3121 1762 3453 1840 Βουλγάρων
3513 1768 3823 1839 πράγματα.

439 1855 691 1927 δυνάμεσι
768 1855 1253 1928 περιεστοιχίζετο⁸
1315 1850 1461 1920 πλὴν
1525 1853 1575 1904 οἱ
1630 1851 1828 1905 ἐκεῖθεν
1910 1851 2080 1906 ἐνίοτε

435 1945 524 1998 καὶ
557 1942 774 2005 ἄκοντες
805 1941 1164 2014 ἁλισκόμενοι
1197 1941 1246 1995 ἐν
1283 1945 1472 2001 καλοῖς
1502 1941 1642 2008 ἦσαν
1676 1936 1764 1992 διὰ
1793 1939 1854 1992 τὸ
1905 1960 2076 2014 προσ·

437 2033 653 2087 πίπτειν
679 2032 890 2097 αὐτίκα,
926 2032 1000 2092 ὡς
1052 2029 1209 2099 δῆθεν
1270 2027 1531 2102 τυράννου
1593 2027 1686 2100 μὲν
1743 2025 2081 2104 ἀπαλλαγὲν-

435 2247 724 2320 primores
787 2243 1082 2315 principes
1153 2241 1558 2314 Bulgarorum,
1625 2243 1690 2294 ut
1750 2255 1949 2294 eorum
2001 2239 2072 2292 ad

434 2337 674 2401 bellum,
711 2334 865 2405 quod
897 2333 1174 2403 utrinque
1205 2338 1365 2386 atrox
1397 2330 1759 2402 expectabat,
1790 2329 1904 2382 fida
1935 2332 2075 2383 stre-

433 2441 668 2495 nuaque
700 2423 782 2477 uti
816 2438 990 2493 opcra
1029 2425 1246 2492 posset.
1306 2420 1430 2474 Non
1481 2418 1636 2473 enim
1688 2418 1738 2473 ei
1773 2419 2075 2488 supererat

431 2530 565 2584 spes
597 2511 804 2566 salutis
839 2509 1076 2563 aliunde
1118 2507 1237 2561 ulla
1273 2524 1448 2576 quam
1494 2523 1561 2560 ex
1590 2505 1642 2558 vi
1686 2509 1905 2574 aperta,
1937 2520 2070 2558 cum

431 2605 586 2656 esset
613 2597 983 2654 manifestum
1009 2611 1196 2666 neque
1219 2611 1350 2648 cum
1373 2593 1667 2658 Tocharis,
1693 2609 1837 2661 quos
1861 2591 2072 2662 impla-

431 2689 699 2744 cabiliter
731 2686 986 2740 irritatos
1021 2683 1248 2754 magnis
1280 2701 1313 2738 a
1344 2699 1405 2737 se
1422 2681 1642 2751 accepit
1671 2681 1936 2735 cladibus
1959 2680 2069 2734 sci-

430 2783 737 2848 ret,neque
753 2792 886 2829 cum
901 2775 976 2828 im
988 2777 1450 2844 peratore,quem
1469 2771 1799 2824 domesticas
1816 2769 2069 2824 rationes

429 2867 500 2921 ad
533 2861 1323 2932 irrevocabiliterurgendam
1347 2860 1542 2931 generi
1578 2858 1826 2928 filiasque
1849 2857 1906 2911 in
1934 2856 2065 2911 Bul-

425 2955 595 3027 gariae
629 2968 870 3023 regnum
904 2949 1262 3005 evectionem
1295 2946 1742 3016 compellebant,
1769 2947 2064 2999 tractatio-

427 3060 560 3098 nem
593 3041 729 3095 iniri
764 3040 942 3094 ullam
975 3043 1076 3094 aut
1101 3038 1185 3094 vel
1213 3036 1425 3092 tentari
1458 3034 1869 3089 conventiones
1896 3035 2063 3089 foede-

423 3133 505 3185 ris
533 3145 722 3200 posse.
754 3128 1032 3190 Quocirca
1071 3131 1358 3195 quantum
1409 3122 1639 3177 valebat
1690 3121 1937 3176 maxime
1987 3121 2055 3176 ad

425 3219 654 3274 fortiter
684 3215 1074 3271 resistendum
1110 3229 1170 3266 se
1203 3211 1463 3282 parabat,
1487 3209 1660 3264 vellet
1692 3209 1871 3262 nollet
1900 3225 1965 3263 eo
1988 3208 2060 3262 il-

429 3307 549 3360 lum
581 3307 847 3373 adigente
879 3301 1227 3356 necessitate
1271 3297 1471 3352 tuendi
1507 3297 1663 3364 regni
1696 3317 1714 3362 ;
1745 3297 1894 3364 quod
1929 3313 2060 3350 cum

424 3408 727 3466 capessere
760 3407 938 3445 ausus
970 3393 1143 3455 esset,
1179 3403 1292 3440 non
1330 3386 1498 3439 modo
1532 3391 1747 3452 tenere,
1781 3383 1923 3436 illud
1959 3385 2058 3437 sed

423 3483 601 3538 etiam
655 3480 760 3534 sibi
813 3479 1045 3531 ﬁrmare
1094 3480 1269 3545 atque
1339 3488 1599 3527 asserere
1651 3471 2054 3526 contendebat.

415 3575 561 3627 Cum
593 3573 786 3623 autem
818 3566 1058 3621 assidue
1082 3564 1254 3619 modo
1279 3562 1386 3616 hac
1411 3562 1580 3616 modo
1604 3560 1738 3615 illac
1766 3560 1962 3614 hostes
1988 3560 2059 3612 ir-

426 3661 786 3728 rumperent,
821 3654 1110 3710 Lachanas
1152 3652 1364 3723 raptim
1402 3651 1467 3703 ad
1503 3649 1700 3704 omnia
1750 3665 2056 3703 occurrens

417 3745 664 3817 prazliari
711 3745 890 3799 ferme
941 3741 1197 3812 quotidie
1245 3740 1578 3808 cogebatur.
1644 3739 1703 3790 Id
1751 3737 2058 3807 ipsumque

415 3835 682 3890 alacriter
714 3835 941 3904 agebat,
975 3832 1190 3903 quippe
1221 3827 1590 3900 quantumvis
1637 3825 1810 3879 homo
1843 3825 2054 3878 barba-

416 3942 538 3992 rus,
573 3924 717 3979 satis
742 3921 949 3993 judicii
981 3920 1233 3975 habebat
1275 3918 1344 3972 ad
1397 3913 1847 3986 intelligendum
1897 3913 2052 3984 quod

413 4017 501 4068 est
525 4013 916 4077 verissimum,
953 4017 1348 4079 pugnaturum
1389 4021 1522 4060 eum
1577 4019 1709 4056 cum
1762 4018 1875 4056 non
1908 4000 2054 4055 volet

412 4102 512 4172 qui
545 4119 659 4156 non
694 4107 910 4170 pugnat
933 4112 1065 4151 cum
1093 4096 1386 4165 potest.Ac
1418 4095 1653 4162 propter
1683 4091 1856 4145 istam
1881 4089 2054 4160 impi-

413 4205 576 4260 gram
609 4187 912 4242 audaciam
965 4186 1034 4238 ad
1094 4182 1308 4253 quaevis
1343 4181 1496 4234 ultro
1548 4177 1805 4250 pericula
1847 4194 2052 4232 occur-

414 4277 577 4330 rendi
611 4275 839 4330 favebat
869 4273 920 4328 ei
952 4272 1293 4343 plerumque
1317 4269 1548 4322 fortuna
1579 4265 2051 4333 belli,vehemen-

417 4364 602 4429 tibus,
653 4363 786 4418 licet
832 4358 1204 4422 inordinatis,
1256 4355 1447 4410 ruenti
1498 4353 2047 4422 incursibus;quos

412 4468 582 4522 szepe,
619 4448 1020 4504 ineluctabiles
1064 4445 1281 4516 experti
1336 4442 1554 4496 milites
1603 4442 1807 4508 nostri,
1842 4459 2047 4512 parum

405 4541 528 4608 jam
563 4537 819 4593 fidebant
848 4533 1171 4602 disciplinae
1193 4538 1366 4603 atque
1413 4529 1600 4584 ordini
1649 4546 1821 4600 quem
1846 4531 2043 4585 obser-

409 4644 542 4682 vare
572 4627 629 4679 in
664 4625 785 4679 acie
812 4622 1156 4686 didicerant,
1195 4637 1258 4674 ac
1300 4619 1520 4691 passim
1571 4618 1886 4672 horrebant
1916 4635 2046 4672 cum

411 4732 476 4770 eo
509 4711 802 4785 congredi,
834 4709 1152 4781 praesertim
1187 4708 1340 4778 quod
1387 4704 1653 4776 exempla
1683 4705 2044 4760 crudelitatis

420 4821 545 4875 qua:
578 4802 752 4856 homo
794 4801 950 4855 ferus
981 4803 1038 4853 et
1069 4796 1345 4851 immanis
1375 4795 1434 4848 in
1483 4793 1630 4848 bello
1662 4793 1848 4863 captis
1879 4795 2046 4848 edere

413 4891 655 4952 solebat,
691 4889 802 4944 late
831 4886 1064 4958 vulgata
1096 4885 1502 4955 refrigerarent
1553 4883 1805 4952 impetus
1835 4883 2043 4937 misso-

414 4996 542 5034 rum
577 4985 774 5033 contra
823 4993 955 5031 eum
1006 4974 1260 5028 militum
1317 4975 1671 5038 nostrorum,
1721 4973 1874 5025 446
1912 4971 2044 5026 inde

413 5073 593 5124 morte
637 5067 804 5139 pejus
851 5063 1210 5118 horrentium
1288 5075 1499 5114 manus
1549 5074 1678 5110 cum
1728 5057 1826 5111 tali
1880 5059 2044 5115 hoste

408 5173 729 5223 conserere,
763 5170 935 5224 quem
985 5150 1147 5206 nulla
1199 5148 1600 5204 calamitatum
1652 5145 2041 5203 humanarum

404 5244 807 5300 misericordia
833 5239 1098 5294 molliret‘
1119 5237 1187 5290 ad
1227 5234 1647 5290 sublevandam
1679 5232 2044 5306 indulgentia

398 5333 484 5389 vel
518 5334 762 5389 minima
793 5345 992 5384 eorum
1026 5329 1420 5394 sortem,quos
1452 5321 1511 5374 in
1536 5322 1665 5390 ejus
1696 5326 2040 5390 potestatem

398 5423 550 5477 Mars
603 5421 799 5475 varius
850 5413 1066 5470 infelici
1117 5429 1255 5467 casu
1317 5410 1658 5478 redegisset.
1708 5409 1851 5465 Huic
1891 5418 2040 5469 certe

398 5528 585 5567 causas
617 5507 1037 5579 imputabatur,
1072 5501 1225 5574 quod
1272 5498 1481 5569 majori
1539 5515 1691 5568 saepe
1741 5503 2040 5559 commissi

400 5599 660 5672 potentia
700 5598 1025 5652 Lachanam
1073 5608 1187 5648 non
1234 5589 1557 5660 vincerent,
1589 5587 1728 5659 quia
1758 5590 2038 5650 nimirum

2190 1855 2253 1909 Ἥ
2316 1853 2408 1924 μὲν
2461 1853 2550 1907 οὖν
2611 1855 2788 1928 Μαρία
2827 1851 3098 1928 ἔμφορτος
3137 1851 3266 1908 οὖσα
3293 1857 3372 1924 τῷ
3404 1852 3510 1908 ἀπὸ
3563 1857 3661 1907 τοῦ
3698 1854 3826 1926 βαρ-

2191 1937 2361 2017 ϐάρου
2419 1945 2696 2016 κυήματι,
2748 1945 2860 2016 ἅμα
2912 1941 3064 1998 παιδὶ
3121 1941 3360 2016 Μιχαὴλ
3409 1942 3544 2017 πρὸς
3607 1940 3830 2015 βασιλέα

2193 2029 2481 2104 (ἰπεδῆμει
2537 2032 2637 2107 γὰρ
2698 2035 2766 2104 τῇ
2842 2030 3130 2106 ’Λδριανοῦ
3188 2032 3250 2085 τὸ
3307 2027 3580 2106 δεύτερον)
3643 2028 3831 2104 ἤγετο,

2185 2245 2324 2298 totis
2356 2243 2484 2299 suis
2514 2243 2735 2298 viribus
2767 2260 2880 2298 non
2915 2247 3236 2310 uterentur,
3269 2247 3326 2298 et
3354 2243 3596 2298 horrore
3640 2245 3828 2315 capti-

2183 2333 2384 2386 vitatis
2416 2332 2598 2386 nimio
2625 2332 2922 2386 constricti
2943 2333 3380 2386 retardarentur
3410 2349 3443 2386 a
3475 2331 3826 2388 connitendo

2186 2424 2466 2489 quantum
2501 2424 2758 2491 possent.
2796 2421 2855 2473 In
2891 2419 2997 2473 hoc
3028 2425 3153 2473 tum
3210 2421 3360 2476 nodo
3411 2420 3673 2475 haerebat
3705 2420 3822 2474 bel-

2182 2505 2326 2573 lum,
2357 2509 2468 2563 cito
2518 2508 2731 2578 alioqui
2775 2508 3120 2562 finiendum.
3173 2507 3316 2563 Nam
3370 2512 3428 2563 et
3474 2508 3740 2578 plurimae
3771 2513 3825 2564 et

2181 2594 2606 2650 ﬂorentissimae
2655 2597 3047 2668 undecunque
3095 2595 3441 2651 conclusum
3492 2596 3818 2652 Lachanam

2179 2683 2392 2738 Asanis
2421 2684 2598 2755 copiae
2629 2685 2945 2753 tenebant;
2997 2701 3100 2739 nec
3150 2689 3345 2739 tamen
3395 2684 3816 2750 debellabatur,

2179 2777 2328 2826 metu
2355 2771 2634 2841 perculsis
2661 2773 2940 2827 Romanis
2963 2772 3251 2828 militibus
3268 2774 3339 2828 ob
3355 2773 3609 2828 nimium
3634 2774 3808 2829 diver-

2178 2877 2303 2914 sam
2339 2861 2728 2914 conditionem
2764 2860 3040 2931 utrinque
3070 2860 3690 2933 captivorum.Nempe
3714 2860 3812 2933 qui

2177 2965 2210 3002 a
2241 2949 2453 3003 nostris
2488 2947 2636 3003 bello
2667 2948 3280 3019 capiebantur,felices
3313 2949 3628 3020 dupliciter
3648 2955 3812 3006 erant

2175 3041 2299 3090 tum
2333 3037 2486 3107 quod
2521 3036 2752 3090 saevitiae
2783 3037 2889 3090 diri
2926 3037 3178 3107 tyranni,
3203 3037 3296 3092 cui
3328 3039 3814 3100 servierant,sub-

2172 3124 2339 3178 tracti
2370 3129 2586 3190 essent,
2619 3129 2741 3178 tum
2777 3125 2933 3195 quod
2965 3125 3022 3178 in
3068 3124 3257 3180 lenem
3289 3130 3466 3196 atque
3488 3126 3809 3182 humanam

2168 3214 2522 3269 transissent
2554 3218 2901 3283 potestatem
2927 3213 3231 3268 clementis
3264 3215 3548 3284 principis
3583 3231 3596 3268 :
3630 3232 3813 3270 econ-

2169 3302 2346 3355 trario
2377 3301 2476 3370 qui
2509 3318 2542 3356 a
2570 3302 2848 3355 Lacbanm
2883 3300 3172 3356 militibus
3205 3302 3808 3370 abducebantur,cer-

2168 3394 2292 3443 tum
2310 3389 2600 3444 habebant
2616 3387 2832 3442 nullam
2851 3403 3156 3458 superesse
3169 3389 3379 3443 salutis
3393 3406 3579 3460 spem;
3595 3391 3810 3462 quippe

2167 3477 2461 3544 statim,ut
2489 3475 3058 3542 hostes,inexorabili
3084 3477 3310 3531 feritate
3343 3479 3802 3534 trucidabantur.

2164 3637 2214 3690 8.
2253 3637 2316 3692 Ut
2344 3636 2521 3690 Maria
2552 3634 2774 3704 quidem
2807 3633 3014 3687 tradita
3045 3634 3393 3703 imperatori,
3445 3635 3588 3691 Asan
3619 3641 3806 3692 autem

2483 3708 2629 3760 intra
2662 3705 2960 3760 Ternabum
2988 3705 3263 3760 admissus
3289 3705 3479 3777 luerit.

2235 3829 2484 3884 Extracti
2516 3845 2618 3900 per
2649 3829 2754 3884 has
2786 3846 2977 3885 moras
3011 3829 3067 3884 in
3101 3829 3335 3901 longius
3366 3847 3530 3901 equo
3568 3834 3806 3904 tempus

2162 3918 2297 3972 belli
2329 3918 2624 3988 Bulgaridi
2659 3935 2770 3972 non
2805 3917 3038 3973 aliunde
3057 3935 3090 3972 a
3115 3918 3590 3988 prudentioribus
3612 3920 3806 3978 exitus

2159 4007 2598 4076 exspectabatur
2628 4023 2800 4075 quam
2835 4023 2866 4060 a
2891 4005 3053 4060 clade
3085 4007 3395 4074 Lachanaa;
3432 4007 3663 4078 qualem
3690 4010 3804 4062 fuit

2156 4093 2314 4147 brevi
2334 4097 2805 4163 ssperventuram
2825 4091 3084 4163 aliquam
3103 4093 3440 4149 verisimilis
3465 4112 3599 4166 spes
3617 4101 3796 4164 esset,

2156 4181 2308 4251 quod
2342 4183 2390 4235 is
2423 4180 2890 4248 frequentissime
2915 4180 3796 4254 periculosissimequedimica-

2156 4274 2262 4335 ret,
2314 4286 2417 4324 nec
2466 4285 2696 4339 semper
2738 4275 3154 4338 superaturum
3207 4277 3511 4342 appareret
3561 4278 3796 4344 propter

2154 4359 2385 4413 solitam
2416 4359 2877 4412 inconstantiam
2913 4359 3112 4426 sortis,
3159 4361 3484 4431 praesertim
3538 4379 3672 4418 cum
3706 4363 3788 4416 in-

2153 4447 2328 4502 ﬂatus
2359 4446 2730 4501 successibus
2754 4446 2940 4502 multa
2964 4455 3177 4502 temere
3198 4448 3648 4521 inconsulteque
3669 4466 3786 4506 sus-

2108 4535 2115 4574 ?
2152 4537 2386 4606 ciperet.
2418 4535 2477 4590 Id
2531 4552 2644 4588 non
2680 4535 2826 4590 falso
2878 4536 3179 4607 provisum
3223 4537 3382 4593 haud
3430 4538 3621 4595 multo
3666 4543 3796 4611 post

2157 4623 2439 4688 constitit,
2509 4623 2664 4678 fama
2719 4639 2856 4679 vera
2929 4624 3171 4696 vulgata
3226 4625 3361 4680 victi
3421 4644 3455 4681 a
3511 4628 3795 4683 Tocharis

2155 4712 2351 4784 praelio
2389 4712 2681 4768 Lachanaa.
2716 4714 2837 4777 Quo
2880 4712 3087 4768 nuntio
3137 4713 3307 4768 exciti
3354 4715 3689 4772 Ternobitae
3719 4717 3792 4772 ad

2156 4803 2500 4871 captandam
2525 4802 2558 4855 d
2571 4801 2748 4855 udum
2762 4806 3020 4871 optatam
3035 4801 3398 4857 occasionem
3413 4805 3792 4871 excutiendae,

2157 4889 2481 4944 cervicibus
2531 4889 2689 4942 foeda:
2725 4889 2989 4960 tyrannis
3048 4889 3354 4961 Mariaaque
3417 4890 3791 4957 ulciscendae,

2154 4979 2212 5032 in
2247 4994 2421 5047 quam
2456 4977 2714 5048 antiquis
2744 4977 2894 5032 odiis
2943 4977 3287 5048 ﬂagrabant,
3339 4979 3551 5036 dedere
3595 4981 3787 5051 ipsam

2153 5068 2534 5120 decreverunt
2565 5082 2680 5120 una
2710 5067 2857 5120 447
2893 5082 3027 5120 cum
3060 5065 3177 5120 filio
3219 5067 3468 5121 ducibus
3498 5070 3788 5124 exercitus

2153 5153 2544 5223 imperatoris,
2573 5156 2942 5224 Asanemque
2974 5155 3032 5208 in
3063 5154 3370 5210 dominum
3408 5156 3786 5226 recipere,cui

2143 5244 2245 5312 jus
2267 5247 2394 5297 vetu
2410 5260 2435 5296 s
2466 5243 2834 5313 competebat
2855 5259 2922 5296 ex
2941 5258 3150 5313 genere
3175 5244 3245 5299 ad
3272 5244 3704 5299 successionem
3728 5246 3790 5299 in

2150 5347 2396 5401 regnum
2431 5330 2832 5399 Bulgarorum.
2860 5332 3042 5387 Maria
3080 5331 3261 5402 igitur
3309 5337 3542 5387 uterum
3575 5350 3786 5405 gerens

2149 5437 2217 5475 ex
2249 5420 2492 5474 barbaro
2526 5419 2816 5486 Lachana,
2860 5419 3038 5475 simul
3079 5438 3210 5475 cum
3261 5421 3538 5477 Michaele
3579 5438 3784 5493 puero,

2149 5510 2399 5564 deducta
2429 5513 2499 5563 ad
2529 5509 2940 5581 imperatorem
2967 5510 3403 5583 Adrianopolim
3437 5515 3528 5566 est
3555 5513 3636 5582 (in
3655 5528 3785 5568 eam

2150 5598 2304 5655 enim
2359 5597 2562 5652 urbem
2611 5598 2931 5670 imperator
2973 5599 3229 5656 secundo
3278 5600 3636 5672 advenerat),
3684 5600 3788 5657 ubi
