4130 6270
379 305 494 360 905

377 427 467 482 καὶ
499 423 768 501 φυλακαῖς
821 428 940 486 ταῖς
999 421 1410 497 προσηκούσαις
1463 415 1696 473 ἐδίδοτο³
1759 416 1914 472 Ἀσὰν
1969 412 2106 484 δὲΑ

373 514 463 568 καὶ
521 512 614 566 σὺν
666 511 899 586 Εῗρήνῃ,
959 510 1067 585 οὐχ
1125 511 1258 582 ἅμα,
1318 507 1462 563 ἀλλᾶ
1525 507 1658 580 μετὰ
1707 505 1799 558 τὸν
1860 503 2022 558 Ἀσὰν

375 600 576 670 ἐκείνη,
643 596 908 672 βασιλέως
964 600 1098 673 πρὸς
1155 594 1317 651 πόλιν
1373 594 1630 659 ἐλθόντος
1680 590 1865 661 ἀνέδην
1900 590 2026 644 ἐπέ-

375 685 562 742 ϐαινον
615 681 884 759 Τερνόϐου
930 687 1019 740 καὶ
1077 685 1320 761 βασιλεῖς
1378 683 1730 760 ἐφημίζοντο.
1761 682 1860 734 Ἦν
1895 677 1940 733 δ’
1974 680 2024 732 ἐν

372 783 492 840 τοῖς
526 775 759 849 μάλιστα
796 779 904 828 τῶν
937 773 1296 848 προύχόντων
1349 771 1437 825 καὶ
1499 774 1793 844 Τερτερῆς,
1855 767 1899 839 ᾧ
1958 765 2024 833 δὴ

377 865 467 919 καὶ
503 862 758 936 μεγάλως
805 863 867 915 τὸ
897 860 1272 934 Βουλγαρικὸν
1307 863 1569 932 προσεῖχε
1612 858 1698 910 καὶ
1733 856 1856 928 παρ’
1892 853 2025 907 ἐκεί-

378 973 493 1012 νοις
539 949 916 1024 ἐμεγαλίζετο.
971 954 1170 1003 Τοῦτον
1219 942 1476 1001 ἐϐούλετο
1514 947 1605 1018 μὲν
1642 941 1894 1018 βασιλεὺς
1951 946 2028 1012 τῷ

377 1040 537 1095 Ἀσᾶν
583 1041 720 1093 κατὰ
767 1037 926 1111 γένος
977 1037 1233 1110 συνείρειν
1283 1035 1372 1090 καὶ
1419 1039 1581 1105 τιμᾷν
1615 1033 1904 1105 ἀξιώμασι·
1966 1030 2028 1083 τὸ

380 1132 481 1204 γὰρ
541 1128 775 1203 ὑφέρπον
826 1127 918 1179 ἀπ’
968 1124 1174 1179 ἐκείνου
1232 1123 1369 1198 πρὸς
1422 1120 1696 1197 βασιλείαν
1745 1117 1888 1174 πολὺ
1935 1119 2024 1185 ἦν,

385 1214 498 1270 ἐπεὶ
548 1214 637 1266 καὶ
697 1217 1013 1286 στρατηγῶν
1049 1209 1219 1280 δῆλος
1245 1211 1311 1279 ἦν
1373 1213 1468 1263 τοῦ
1521 1207 1765 1280 μείζονος
1815 1206 2027 1277 ἐφιέμε-

382 1325 495 1364 νος.
531 1300 818 1374 Ἐμποδὼν
854 1299 900 1354 δ’
959 1301 1026 1368 ἦν
1056 1306 1173 1360 τοῖς
1226 1296 1646 1374 βουλευομένοις
1693 1299 1727 1365 ἡ
1778 1295 2025 1368 σύζυγος’

379 1392 442 1446 τὸ
495 1391 594 1467 γὰρ
649 1389 851 1457 ταύτην
909 1386 1108 1462 ἔχοντα
1156 1389 1417 1459 τιμᾶσθαι
1491 1383 1656 1458 μηδὲν
1714 1388 1792 1454 τῷ
1869 1383 2023 1438 Ἀσᾶν

379 1479 516 1534 κατὰ
541 1481 696 1552 γενος
726 1478 1062 1532 συνάπτοντα
1110 1471 1490 1547 λαμϐάνοντος
1526 1473 1736 1544 μᾶλλον
1767 1473 1832 1540 ἦν
1895 1472 2028 1545 πρὸς

378 1569 478 1635 τὴν
531 1570 638 1620 τῶν
699 1565 1116 1637 ὑπονοουμένων
1171 1562 1359 1636 ἄναψιν
1387 1560 1643 1616 πλεῖστον
1703 1562 1826 1614 ὅσον
1855 1559 2026 1631 ἐμπύ-

383 1676 575 1731 ρευμα.
611 1655 707 1708 Διὰ
734 1659 897 1709 τοῦτο
945 1654 1033 1706 καὶ
1085 1653 1358 1721 Δεσπότην
1407 1650 1673 1724 προτείνει
1722 1654 1918 1715 ποιεῖν,
1980 1647 2028 1701 εἷ’

1431 300 1528 352 DE
1563 296 1930 352 MICHAELE
1967 294 2409 349 PALEOLOGO
2444 296 2578 348 LIB.
2618 296 2715 346 VI.

3667 290 3774 345 906

2311 416 2372 471 θ’.
2405 417 2594 476 Ὅπως
2624 415 2781 471 Ἀσᾶν
2815 413 2874 469 ἐκ
2905 410 3179 490 Τερνόϐου
3210 412 3591 488 ἀπεχώρησεν.

2205 507 2286 576 [Ρ.
2318 506 2444 576 306]
2498 503 2660 578 Εἶχεν
2721 504 2814 557 οὗν
2866 501 3097 565 ἐντεῦθεν
3141 507 3220 574 τῷ
3269 499 3534 556 δοκεῖντᾶ
3569 499 3776 575 μεγάλα

2131 592 2268 666 πρὸς
2318 594 2592 666 συνεργίαν
2654 594 2680 646 ὁ
2740 591 2916 660 Ἀσὶν,
2974 592 3061 645 καὶ
3123 590 3325 665 χρόνος
3381 588 3569 664 ὀλίγος
3629 589 3774 660 αὐτῷ

2132 679 2454 755 παρεμέτρει
2511 682 2608 748 τήν
2667 685 2773 733 τῶν
2829 679 3160 754 Βουλγὶρων
3221 680 3441 752 ἀρχήν.
3506 677 3655 732 Ἐπεὶ
3717 675 3774 732 δὲ

2129 769 2343 842 ταχὲως
2373 768 2795 841 παρακεκίνηντο
2829 769 2983 841 (πρὸς
3021 768 3124 842 γὰρ
3174 767 3418 821 ἀπιστίαν
3476 766 3538 819 τὸ
3595 764 3771 820 Βουλ-

2130 857 2349 932 γαρικὸν
2407 854 2650 929 ἕτοιμον,
2699 859 2789 911 καὶ
2846 856 3033 926 αὔραις
3079 855 3185 910 ἔστι
3245 853 3510 910 πιστεύειν
3557 855 3768 927 ἀνέμων

2137 944 2346 1017 μᾶλλον
2404 944 2437 1013 ἢ
2498 949 2644 1021 σφῶν
2703 945 2980 1017 εὐνοίαις),
3039 945 3127 999 καὶ
3185 945 3252 998 τὰ
3298 950 3396 1012 τῆς
3443 943 3769 1003 ἀποστασίας

2135 1031 2302 1102 δῆλον
2336 1036 2467 1104 ἦσαν
2498 1033 2556 1088 ἐκ
2584 1032 2808 1088 πολλῶν
2843 1031 3148 1104 ὠδίνοντες,
3197 1031 3529 1107 ἀνεζωπύρει
3561 1030 3615 1085 δὲ
3643 1030 3772 1085 τού-

2131 1143 2248 1183 τοις
2295 1123 2388 1184 τὰς
2437 1123 2657 1197 γνώμας
2705 1123 2794 1177 καὶ
2839 1128 3101 1195 Τερτερῆς
3149 1119 3424 1198 κρυφηδὸν
3481 1122 3774 1195 βασιλειῶν

2132 1209 2266 1279 ἤδη,
2296 1211 2384 1263 καὶ
2414 1207 2592 1265 τᾶλλα
2631 1211 2857 1287 φανερὸς
2887 1205 2960 1263 ὥν
2993 1208 3068 1270 εἷς
3117 1211 3214 1278 τὴν
3247 1207 3479 1282 ὑποψίαν
3520 1207 3669 1281 μόνῳ
3695 1206 3774 1280 τῷ

2133 1298 2270 1372 πρὸς
2297 1297 2387 1351 τὸν
2422 1297 2580 1353 Ἀστὶν
2611 1296 2768 1368 κήδει
2801 1295 3251 1368 συνεκαλύπτετο,
3313 1295 3387 1357 ὡς
3423 1297 3498 1367 μὴ
3553 1292 3775 1371 προδώ-

2135 1407 2240 1440 σων
2274 1383 2428 1450 δῆθεν
2463 1387 2506 1456 ᾧ
2537 1388 2671 1440 κατὰ
2699 1387 2846 1460 γένος
2871 1387 3193 1455 συνήπτετο,
3225 1381 3453 1438 συνιδὼν
3485 1385 3584 1453 τὴν
3612 1403 3778 1458 παρα-

2133 1473 2343 1542 κίνησιν
2376 1475 2402 1527 ὁ
2460 1474 2644 1541 Ἀσᾶν,
2691 1474 2779 1528 καὶ
2830 1473 3004 1534 δείσας
3059 1475 3134 1544 μὴ
3187 1468 3560 1545 προλαϐόντες
3613 1471 3776 1546 ἐκρή-

2135 1563 2270 1631 ξοιεν
2299 1563 2359 1616 τὸ
2391 1559 2563 1616 δεινὸν
2593 1563 2681 1616 καὶ
2731 1564 2794 1616 οὐ
2855 1561 3054 1634 φευκτὰ
3084 1557 3262 1615 ἔσοιτό
3297 1562 3348 1615 οἱ
3376 1563 3441 1615 τὰ
3469 1565 3564 1615 τοῦ
3590 1558 3778 1616 κινδύ-

2132 1671 2245 1718 νου,
2279 1652 2378 1718 τὴν
2407 1651 2580 1727 φυγὴν
2631 1649 2988 1724 εὐσχημόνως
3047 1654 3316 1712 ποιεῖσθαι
3385 1649 3634 1722 προύνόει
3683 1648 3775 1704 καὶ

381 1752 482 1812 τῆς
532 1743 788 1815 γυναικὸς
846 1742 1081 1802 ἀποστὰς
1135 1745 1204 1814 τῇ
1261 1743 1356 1794 τοῦ
1416 1739 1576 1793 Ἀσὰν
1608 1734 1918 1814 αὐταδὲλφῃ
1954 1736 2026 1796 εἷς
2059 1767 2100 1829 B
2135 1740 2268 1812 μετᾶ
2321 1736 2564 1812 κέρδους.
2619 1741 2687 1794 "O
2741 1737 2806 1807 δὴ
2863 1737 2952 1792 καὶ
3012 1739 3270 1812 ἐνεχώρει
3326 1735 3647 1812 κερδαίνειν’
3707 1737 3775 1791 τὰ

380 1832 554 1905 γάμον
590 1832 932 1884 συνάπτοιτο.
971 1831 1161 1902 Γέγονε
1189 1832 1375 1894 ταῦτα,
1408 1828 1494 1879 καὶ
1527 1828 1560 1894 ἠ
1609 1827 1699 1896 μὲν
1743 1829 1839 1878 τοῦ
1886 1826 2018 1899 Τερ-

380 1924 511 1994 τερῆ
545 1919 770 1993 σύζυγος
801 1919 1031 1991 ἀχθεῖσα
1061 1917 1193 1992 πρὸς
1249 1913 1474 1990 βασιλέα
1522 1917 1588 1982 τῆ
1639 1913 1772 1967 κατὰ
1801 1914 2023 1966 Νίκαιαν

383 2004 596 2061 ἐδίδοτο
655 2006 870 2082 φυλακῇ
922 2005 1013 2058 σὺν
1062 2006 1163 2076 υἱῷ
1213 1997 1705 2081 Ὀσφεντισθλὰ6ῳ,
1758 2004 1791 2070 ἡ
1845 1997 1900 2054 δὲ
1927 2003 2022 2054 τοῦ

381 2094 542 2150 Ἀσὰν
574 2091 882 2169 αύταδὲλφη
914 2098 994 2164 τῷ
1024 2091 1264 2166 Τερτερῇ
1295 2091 1667 2166 συνηρμόζετο
1697 2090 1783 2142 καὶ
1816 2093 1895 2143 τῶ
1924 2095 2022 2157 τῆς

384 2180 694 2244 δεσποτείας
724 2183 988 2254 ἀξιώματι
1021 2180 1396 2253 ἐσεμνύνοντο.

385 2399 661 2457 custodia:
694 2396 1056 2452 convenienti
1091 2395 1409 2451 commissa
1425 2398 1536 2451 est.
1569 2396 1727 2449 Asan
1752 2409 1883 2448 vero
1906 2411 2022 2448 non

383 2494 525 2544 tunc
547 2488 724 2542 simul
757 2502 890 2540 cum
922 2489 1085 2541 Irene
1114 2484 1239 2556 (illa
1267 2484 1422 2538 enim
1475 2487 1606 2554 post
1653 2485 1901 2537 Asanem
1957 2497 2022 2537 eo

383 2576 563 2644 venit,
598 2576 945 2644 imperatore
979 2574 1103 2641 jam
1163 2570 1719 2641 Constantinopolim
1771 2570 2020 2639 reverso)

389 2681 600 2734 magna
632 2662 968 2716 celebritate
1001 2660 1208 2716 invecti
1231 2666 1370 2715 sunt
1399 2660 1729 2714 Ternobum
1763 2663 1820 2712 et
1857 2673 2022 2728 reges

387 2750 708 2806 acclamati.
743 2751 876 2803 Erat
909 2767 1077 2819 porro
1136 2748 1287 2803 inter
1343 2763 1608 2817 proceres
1658 2745 2021 2817 dignitatein

391 2838 657 2908 Bulgaria
707 2841 1013 2908 praestante
1085 2836 1324 2906 quidam
1392 2837 1679 2902 Terteres,
1758 2833 2022 2888 maximae

390 2927 545 2997 apud
595 2942 716 2981 eam
776 2930 1007 2996 gentem
1067 2924 1518 2979 existimationis
1567 2927 1624 2977 et
1663 2922 1862 2993 gratia:
1916 2921 2020 2986 vir,

386 3014 764 3083 summisque
797 3014 867 3068 ab
901 3013 971 3068 iis
1003 3013 1190 3068 etl‘erri
1223 3017 1281 3068 et
1309 3012 1633 3067 honoribus
1665 3016 1718 3065 et
1746 3009 2022 3064 laudibus

381 3101 610 3157 solitus.
661 3105 825 3156 Hunc
881 3101 1198 3171 imperator
1245 3099 1427 3154 voluit
1483 3099 1655 3152 Asani
1717 3099 2022 3154 affinitatis

2130 1827 2232 1902 γὰρ
2259 1833 2355 1895 τῆς
2389 1826 2664 1900 βασιλείας
2714 1830 2820 1880 τῶν
2874 1826 3198 1900 Βουλγάρων
3253 1825 3566 1902 πράγματα,
3626 1825 3658 1880 ἃ
3702 1823 3768 1894 δὴ

2130 1916 2219 1969 καὶ
2267 1913 2516 1968 κάλλιστ’
2545 1916 2693 1989 εἶχον
2727 1914 2785 1968 ἐκ
2812 1915 3096 1987 Ῥωμαίων
3150 1910 3409 1976 λαϐόντες
3450 1915 3769 1987 ἡττημένων

2132 2003 2193 2057 τὸ
2226 2001 2394 2057 πάλαι
2426 2007 2851 2078 στρατηγοῦντος
2889 2003 2984 2056 to;
3038 2002 3304 2077 βασιλέως
3362 2002 3649 2073 Ἰσαακίου,
3682 2003 3773 2056 καὶ

2134 2093 2186 2165 γ’
2246 2090 2506 2146 ἐνέκειντο
2562 2091 3026 2166 τεθησαυρισμένα
3055 2092 3171 2145 κατ’
3229 2087 3460 2165 αὔχημα
3494 2090 3705 2164 μᾶλλον
3738 2089 3774 2159 ἢ

2135 2180 2271 2234 κατὰ
2330 2179 2544 2255 χρείαν,
2600 2184 2769 2234 ταῦτα
2825 2177 2891 2247 δὴ
2951 2181 3038 2234 καὶ
3105 2178 3227 2234 ὅσον
3287 2181 3354 2249 ἦν
3414 2178 3554 2235 ἄλλο
3580 2179 3779 2258 φόρτος

2135 2397 2346 2453 tulisse
2397 2397 2735 2466 videbatur;
2787 2399 2888 2454 sed
2947 2398 3256 2453 videbatur
3312 2401 3563 2453 tantum.
3624 2397 3771 2452 Nam

2134 2490 2339 2541 eventu
2369 2503 2503 2541 mox
2531 2487 2658 2556 ipso
2690 2487 2960 2558 apparuit
2984 2504 3098 2542 non
3123 2488 3462 2542 diuturnam
3493 2501 3626 2542 eum
3644 2487 3771 2557 ejus

2136 2575 2497 2646 principatus
2520 2574 2903 2646 Bulgarorum
2935 2575 3359 2646 possessionem
3388 2574 3625 2629 adiisse.
3649 2574 3768 2630 Nu-

2133 2667 2254 2717 tare
2310 2662 2410 2717 illa
2466 2664 2580 2718 cito
2609 2663 2782 2735 ccepit
2813 2663 3190 2720 nobilissimae
3238 2663 3473 2718 levitate
3530 2662 3758 2733 gentis:

2133 2751 2364 2817 Bulgari
2395 2752 2550 2806 enim
2579 2754 2720 2808 adeo
2752 2754 2822 2806 ad
2851 2753 3154 2822 perfidiam
3198 2751 3396 2806 faciles
3447 2751 3759 2806 habentur.

2134 2845 2199 2893 ut
2253 2857 2406 2894 aura
2453 2845 2627 2911 atque
2672 2840 3084 2896 incertissimis
3140 2840 3378 2895 ﬂatibus
3453 2844 3762 2894 ventorum

2133 2944 2308 2997 quam
2337 2928 2983 2997 horumfbenevolentiaa
3016 2929 3306 2983 confidere
3327 2929 3404 2982 sit
3425 2927 3629 2982 tutius.
3688 2928 3766 2981 Ac

2132 3017 2514 3072 defectionem
2545 3019 2779 3088 quidem
2813 3018 2883 3072 ab
2936 3023 3122 3071 Asane
3181 3016 3505 3072 machinari
3552 3031 3650 3070 eos
3699 3032 3768 3070 ex

2133 3105 2335 3160 multis
2366 3107 2720 3177 apparebat:
2753 3105 3040 3161 excitabat
3061 3109 3252 3160 autem
3288 3105 3550 3175 ipsorum
3585 3102 3646 3156 in
3706 3103 3764 3155 id

381 3150 610 3157 """"
661 3150 820 3156 ““"'
885 3150 1189 3171 ""l'"“"‘
1258 3150 1425 3154 "‘*"
1483 3150 1552 3152 "'
1583 3150 1655 3152 ""
1727 3150 1742 3151 "
1995 3150 2018 3154 ‘
2135 3150 2335 3160 ·’·“·“υ
2367 3150 2720 3177 *τινων-ηπ·
2755 3150 3040 3161 ’ων-*ευσεβ*
3061 3150 3252 3160 -ηην--ι
3291 3150 3435 3175 ἐιν-ν·
3456 3150 3550 3158 ---
3587 3150 3646 3156 --
3707 3150 3763 3155 ’-

375 3188 1082 3257 necessitudinejungere
1140 3195 1195 3242 θι
1253 3186 1638 3257 dignitatibus
1698 3186 2003 3255 honorare,
2051 3150 2095 3216 Ο
2132 3195 2328 3249 studia
2358 3195 2624 3250 Terteres
2654 3195 2884 3250 arcanis
2935 3194 3337 3250 molitionibus
3360 3208 3600 3263 regnum
3625 3191 3763 3245 affe-

375 3293 799 3350 Ρνδενθνευπυῐη
822 3293 884 3330 se
925 3282 1085 3330 “ius
1119 3277 1222 3330 hoc
1269 3280 1434 3346 Pacio
1490 3274 1812 3344 PePiCUium
1862 3274 2011 3327 iDSi-
2117 3288 2303 3338 etans.
2338 3284 2655 3339 Exstabant
2686 3284 2919 3353 quidem
2944 3283 3161 3337 indicia
3191 3298 3305 3336 non
3337 3297 3486 3337 vana
3511 3296 3637 3350 qua:
3669 3284 3756 3332 ta-

374 3369 605 3422 diarum
630 3365 948 3420 imminens
980 3382 1126 3420 πιονο
1159 3364 1276 3435 regi
1311 3364 1380 3417 ab
1419 3363 1657 3418 homine
1689 3379 1860 3434 quem
1907 3379 2012 3432 ρο·
2119 3371 2192 3425 lis
2221 3371 2377 3426 hunc
2409 3372 2747 3426 ambitionis
2794 3376 3133 3441 suspectum
3195 3371 3400 3424 merito
3454 3370 3708 3424 facerent
3745 3385 3757 3424 :

376 3462 507 3512 tens
535 3457 685 3509 facto
715 3470 953 3508 suorum
988 3454 1138 3508 clam
1189 3453 1257 3507 ad
1318 3467 1563 3522 regnum
1612 3452 2015 3522 promovebat.
2123 3458 2220 3511 sed
2255 3473 2320 3511 ea
2353 3473 2422 3511 ne
2443 3460 3049 3514 animadverterentur
3081 3457 3457 3512 inumbrabat
3503 3455 3758 3510 afﬁnitas

379 3548 440 3600 et
476 3535 670 3614 ipsum
704 3541 921 3596 bellicae
950 3540 1166 3612 peritiae
1189 3539 2018 3610 famainclytum,quiqueita
2123 3546 2252 3615 ejus
2283 3562 2412 3600 cum
2443 3548 2651 3601 Asane.
2701 3548 2841 3610 Quis
2900 3547 3055 3602 enim
3115 3547 3280 3600 facile
3333 3545 3591 3599 crederet
3647 3559 3752 3598 suo

384 3631 669 3687 militares
701 3629 980 3700 gessisset
1001 3628 1390 3699 praefecturas,
1420 3633 1484 3681 ut
1525 3629 1657 3698 plus
1716 3628 2016 3698 quidpiam
2125 3634 2319 3705 ipsum
2352 3633 2617 3687 insidiari
2650 3636 2866 3703 generi,
2893 3640 2950 3690 et
2971 3636 3210 3706 prodere
3234 3651 3298 3688 ac
3321 3638 3586 3689 eventere
3608 3631 3751 3686 velle

386 3720 612 3793 privato
643 3718 873 3789 fastigio
906 3721 1166 3788 spectare
1198 3734 1230 3770 a
1265 3717 1515 3787 penitius
1539 3716 1902 3771 intuentibus
1925 3734 2019 3772 eso
2125 3723 2421 3778 hominem
2455 3723 2623 3791 cujus
2654 3723 2891 3779 haberet
2915 3724 2969 3776 in
3017 3722 3390 3777 matrimonio
3448 3736 3700 3776 sororem
3723 3720 3751 3773 ?

387 3813 479 3864 set
509 3807 988 3863 amimadversus.
1013 3807 1291 3860 Cmterum
1320 3804 1455 3858 huic
1490 3804 1857 3873 imperatoris
1897 3810 2021 3859 stu-
2128 3810 2389 3864 Tandem
2419 3813 2614 3863 tamen
2647 3810 2831 3880 erupit
2866 3827 2956 3863 res
2988 3809 3046 3862 in
3082 3809 3348 3863 notitiam
3371 3808 3612 3862 minime
3635 3808 3758 3876 jam

393 3896 489 3952 dio
513 3895 881 3949 incommode
912 3893 1180 3948 obstabat
1237 3908 1380 3946 uxor
1411 3907 1587 3961 quam
1621 3896 1744 3945 tum
1775 3891 2024 3946 habebat

386 3985 692 4048 Terteres;
726 3982 815 4036 cui
854 3981 902 4035 si
946 3982 1004 4034 in
1065 3995 1130 4034 eo
1185 3979 1373 4050 primo
1424 3977 1694 4048 conjugio
1743 3979 2025 4048 perstanti

389 4073 642 4126 honores
671 4074 728 4124 et
759 4067 1042 4124 beneficia
1103 4069 1422 4137 imperator
1467 4070 1824 4137 congereret,
1881 4066 2026 4120 nihil

392 4163 646 4216 Asanem
665 4158 919 4226 juvaret,
951 4157 1049 4211 sed
1082 4155 1273 4225 potius
1295 4155 1422 4223 ejus
1441 4153 1765 4225 periculum
1792 4159 2032 4224 augeret

391 4250 652 4321 potentia
683 4245 1017 4318 ejusaemuli
1049 4246 1211 4300 novis
1242 4261 1419 4315 opum
1447 4243 1879 4299 accessionibus
1912 4260 2032 4298 cor-

395 4337 749 4401 roboranda,
803 4343 854 4389 et
910 4333 1076 4405 quasi
1136 4333 1557 4388 accumulando
1615 4349 1759 4386 novo
1810 4333 2030 4401 fomite,

406 4441 524 4496 quo
547 4423 776 4478 facilius
807 4423 1208 4477 exardesceret
1262 4422 1588 4477 incensium
1635 4421 2030 4476 formidatum.

2131 3897 2366 3952 dubiam
2385 3897 2612 3951 Asanis.
2644 3898 2830 3960 Quare
2860 3897 2954 3950 ille
2983 3897 3204 3950 veritus
3238 3913 3306 3950 ne
3338 3896 3765 3966 opprimeretur

2132 3986 2451 4056 improviso
2471 3987 2720 4054 quodam
2754 3986 2980 4040 assultu
3016 4001 3119 4039 nec
3180 3983 3376 4038 salvus
3436 3983 3762 4054 periculum

2135 4075 2419 4140 evaderet,
2463 4091 2863 4144 praeoccupare
2926 4075 3122 4143 fugam
3166 4072 3394 4137 statuit,
3453 4072 3764 4125 honestum

2136 4167 2474 4235 pratextum
2516 4163 2838 4216 obtendens
2885 4161 3147 4226 consilio,
3183 4164 3245 4214 ut
3271 4161 3526 4224 rebatur,
3576 4175 3774 4213 neces-

2140 4252 2328 4318 sario;
2391 4253 2540 4321 quod
2602 4252 2777 4306 etiam
2837 4254 3238 4322 quaestuosum
3295 4250 3480 4304 facere
3540 4247 3772 4301 studuit

2141 4343 2332 4411 praedo
2364 4340 2609 4409 adjecta.
2644 4340 3018 4394 Occasionem
3063 4339 3216 4393 enim
3251 4338 3378 4407 ejus
3408 4337 3489 4390 rei
3525 4352 3776 4390 commu-

2147 4430 2275 4484 dam
2311 4429 2422 4483 sibi
2461 4434 2663 4482 nactus
2693 4428 3000 4483 videbatur
3021 4427 3242 4480 habens
3266 4427 3319 4479 in
3348 4430 3627 4496 potestate
3650 4424 3782 4477 the-

411 4514 598 4585 Igitur
631 4511 1070 4583 proponendum
1105 4510 1326 4565 Terteri
1372 4511 1597 4565 curavit
1621 4511 1938 4581 imperator
1981 4527 2042 4565 se
2073 4494 2117 4556 Ι)
2150 4533 2382 4572 samum
2417 4519 2636 4589 regium
2671 4517 2972 4588 Bulgaria,
3006 4517 3062 4569 in
3097 4532 3211 4586 quo
3245 4513 3505 4586 supelleu
3558 4512 3784 4584 specio-

399 4604 705 4671 despotam
739 4617 871 4654 eum
899 4604 1260 4662 creaturum,
1293 4599 1338 4652 si
1374 4600 1702 4670 repudiata,
1725 4615 1902 4670 quam
1936 4598 2042 4652 ha-

398 4692 590 4757 beret,
622 4689 871 4759 conjuge
893 4688 1064 4742 vellet
1093 4687 1148 4741 in
1186 4704 1390 4742 novam
1450 4705 1725 4757 sponsam
1786 4688 2046 4758 accipere

402 4793 662 4834 sororem
690 4776 923 4832 Asanis.
955 4779 1128 4829 Facta
1157 4775 1278 4830 haec
1311 4780 1470 4844 sunt,
1518 4777 1631 4830 cito
1692 4777 2047 4831 assentiente

403 4869 665 4930 Tertere,
699 4865 869 4934 cujus
901 4863 1113 4933 conjux
1136 4863 1291 4934 prior
1330 4879 1456 4917 cum
1511 4863 1649 4929 filio,
1707 4863 2048 4934 Ospbentis-

405 4953 631 5021 thlabo,
673 4953 849 5015 dicto,
876 4952 945 5006 ad
980 4952 1390 5020 imperatorem
1433 4950 1587 5004 448
1655 4951 1829 5006 ducta
1872 4953 2050 5022 hujus

403 5043 578 5113 jussu
617 5039 892 5095 custodiae
921 5039 1198 5093 mandata
1232 5039 1382 5108 apud
1418 5038 1666 5094 Nicaeam
1701 5044 1810 5095 est.
1845 5042 2054 5096 Asanis

408 5146 543 5185 vero
573 5144 849 5199 germana
879 5127 1122 5194 Terteri,
1156 5127 1377 5197 nupsit,
1402 5131 1459 5181 et
1481 5127 1612 5182 novi
1645 5129 1844 5198 sponsi
1889 5130 2056 5183 titulo

421 5217 801 5287 despotarum
834 5213 1196 5268 cohonestati
1230 5218 1390 5267 sunt.

776 5358 830 5410 9.
867 5358 929 5412 Ut
959 5357 1104 5410 Asan
1135 5357 1369 5410 Ternobo
1403 5360 1706 5413 recesserit.

497 5482 630 5536 Haec
660 5480 912 5536 Terteris
944 5479 1200 5534 afﬁnitas
1235 5495 1508 5550 magnam
1534 5482 1707 5536 Asani
1733 5484 2063 5539 facultatem

423 5567 735 5626 obtinendi
766 5583 970 5623 secure
1001 5568 1154 5637 quod
1178 5583 1481 5638 capessere
1509 5576 1759 5641 cmperat
1789 5573 1948 5643 regni
1981 5580 2068 5628 at-

749 5688 1009 5746 PATBOL.
1056 5687 1162 5745 Gn.
1211 5687 1460 5745 CXLllI.

2151 4607 2389 4663 sissima
2418 4611 2473 4660 et
2523 4605 2942 4675 pretiosissima
2999 4604 3341 4659 servabatur
3380 4620 3447 4657 ex
3504 4601 3784 4656 Romanis

2156 4694 2294 4749 olim
2324 4700 2506 4764 parta,
2540 4695 2774 4764 quando
2807 4694 3055 4748 ducente
3078 4693 3296 4747 Isaacio
3330 4695 3590 4763 Augusto
3639 4690 3790 4744 male

2157 4784 2196 4838 ii
2229 4800 2359 4838 cum
2394 4781 2660 4850 Bulgaris
2692 4785 3118 4852 pugnaverunt,
3145 4779 3789 4850 amissisimpcdimen-

2157 4873 2255 4934 tis,
2291 4872 2346 4924 in
2382 4871 2596 4940 quibus
2628 4871 2863 4925 fuerunt
2891 4872 3019 4942 ipsa
3044 4869 3301 4940 insignia
3332 4868 3558 4937 imperii
3589 4884 3600 4921 :
3662 4883 3790 4937 qua:

2159 4979 2226 5016 ex
2252 4960 2352 5014 illo
2382 4964 2645 5031 tempore
2675 4959 2903 5014 condita
2932 4959 3179 5015 Ternobi
3204 4957 3684 5012 custodiebantur
3713 4955 3785 5008 ad

2163 5049 2601 5105 ostentationem
2637 5047 2832 5118 potius
2863 5064 3038 5117 quam
3074 5047 3144 5100 ad
3180 5063 3353 5101 usum
3403 5046 3605 5100 alium.
3667 5043 3795 5097 Haec

2165 5143 2222 5192 et
2251 5137 2363 5192 alia
2384 5153 2746 5206 quaecunque
2776 5135 2926 5190 elatu
2964 5134 3159 5189 facilia
3177 5138 3407 5204 reperta
3431 5138 3553 5188 tum
3573 5135 3712 5187 sunt
3736 5131 3793 5183 in

2168 5224 2344 5294 regiis
2376 5223 2672 5295 apothecis
2704 5222 3117 5293 Bulgarorum,
3146 5223 3294 5276 clam
3321 5221 3630 5292 compilata
3674 5234 3800 5274 sac-

2169 5313 2370 5382 cisque
2399 5313 2548 5366 449
2580 5312 2766 5366 indita
2795 5311 3083 5382 exportari
3110 5315 3285 5364 noctu
3327 5315 3482 5364 Asan
3537 5326 3607 5364 ex
3661 5307 3805 5362 urbe
3833 5340 3836 5344 ι

2174 5401 2440 5455 Ternobo
2469 5401 2692 5454 curavit
2719 5416 2730 5454 :
2764 5399 3008 5470 ipseque
3054 5414 3187 5452 mox
3212 5413 3343 5450 cum
3379 5413 3551 5451 uxere
3605 5411 3671 5448 ac
3703 5411 3802 5448 co-

2178 5488 2384 5541 mitatu
2419 5488 2583 5557 quasi
2617 5488 2795 5542 animi
2829 5487 3016 5557 gratia
3049 5485 3203 5539 ruris
3229 5485 3568 5539 amoenitate
3597 5482 3806 5537 fruitu-

2180 5593 2302 5640 rus,
2335 5591 2608 5646 egressus
2638 5576 2896 5630 indidem
2924 5589 3159 5627 summa
3191 5571 3483 5627 celeritate
3531 5575 3812 5625 Constan-

3417 5693 3492 5751 29
