4130 6270
491 282 599 336 907
1789 278 2092 335 GEORGII
2129 275 2589 333 racemum
3732 294 3822 349 οοε

491 403 833 475 εὐκόμιστος,
863 401 917 455 ἐν
968 400 1160 477 ἀφανεῖ
1204 397 1559 473 περισχόντες
1614 398 1832 460 σάκκοις
1887 397 1977 453 καὶ
2028 404 2129 466 τῆς
2158 402 2211 465 Α
2238 396 2305 450 τὰ
2358 403 2457 466 τῆς
2510 398 2878 472 πατριαρχίας
2909 396 3237 478 διαφέροντι,
3263 404 3400 458 κατᾶ
3428 411 3559 477 μῆνα
3578 414 3825 479 Ληναιῶνα

490 491 707 552 πόλεως
761 483 1082 548 ἐκϐαλόντες
1137 486 1367 557 νυκτὸς,
1426 485 1582 540 αὐτοὶ
1637 486 1763 548 τοὺς
1823 486 1898 549 εἷς
1956 487 2127 541 ἄνεσιν
2234 489 2335 551 τῆς
2392 478 2635 558 ἑϐδόμης
2712 482 3046 549 ἱνδικτιῶνος
3103 484 3272 543 δειναὶ
3328 494 3822 575 κατηγορίαιτούτῳ

491 579 580 634 καὶ
636 579 841 654 τρυφὴν
899 577 1006 630 τῶν
1062 574 1161 645 ἔξω
1213 594 1318 628 που
1347 580 1448 643 τῆς
1475 572 1691 638 πόλεως
1720 574 1954 644 ἐξιόντας
1988 594 2132 648 σχη-
2232 572 2378 659 παρά
2428 593 2590 627 τινων
2622 577 2718 628 τοῦ
2769 574 2981 650 κλήρου
3035 575 3450 652 συρῥάπτονται,
3505 579 3698 652 ψευδεῖς
3744 572 3822 659 μὲν

499 667 858 742 ματισάμενοι
934 665 1033 718 ἀνᾶ
1111 664 1305 739 κράτος
1372 661 1493 717 εὐθὺ
1547 669 1648 731 τῆς
1705 661 2130 738 μεγαλοπόλεως
2231 657 2320 712 καὶ
2353 655 2603 730 διακενῆς
2652 661 2713 716 τὸ
2755 663 3031 737 παράπαν,
3081 663 3144 719 οὐ
3193 665 3300 737 μὴν
3351 662 3407 720 δὲ
3456 669 3538 722 καὶ
3584 655 3824 748 δυσχερεῖς

494 754 716 833 ἔφευγον
754 800 767 813 .
818 752 924 809 Καὶ
982 756 1198 828 πρῶτον
1252 751 1328 815 εἰς
1382 746 1753 827 Μεσέμϐρειαν
1819 753 1920 806 ὑπὸ
1980 753 2132 827 βασι-
2230 750 2309 817 τῷ
2340 752 2622 823 κρατοῦντι
2655 746 3057 824 δὲχεσθαι.⁹Ην
3107 750 3209 827 γὰρ
3261 751 3446 826 ἐκείνῳ
3496 751 3581 810 διὰ
3623 746 3824 831 σπουδῆς

495 844 636 916 λικῷ
688 842 891 916 κόμπῳ
933 841 1022 895 καὶ
1078 843 1254 917 τρυφῇ
1315 839 1628 917 ῳθάσαντες,
1688 840 1760 901 ὡς
1813 841 1889 912 μὴ
1947 860 2130 917 φωρα-
2230 834 2494 923 πλείστης
2549 836 2831 923 ὑποχαλᾷν
2888 839 2979 893 τὸν
3038 837 3192 893 τόνον
3224 844 3319 894 τοῦ
3370 840 3536 911 ζήλου
3560 849 3635 917 τῷ
3659 867 3823 923 πατρι-

494 939 629 997 θεῖεν
689 932 1004 1011 φεύγοντες,
1064 928 1205 984 οὕτω
1264 927 1505 1001 θαλάσσῃ
1561 932 1803 1003 χρῶνται
1857 929 1942 983 καὶ
2003 927 2130 1003 πλῷ
2230 920 2396 1011 έρχῃ,
2474 922 2564 977 καὶ
2645 922 2857 996 μᾶλλον
2921 925 2988 981 τὰ
3046 927 3097 981 οἱ
3154 923 3463 1003 πραχθέντα
3517 930 3567 1001 ἐξ
3618 920 3825 1010 ὑπογῦου

490 1023 626 1098 πρὸς
682 1003 1020 1090 τῆν’πόλιν.
1079 1018 1181 1073 Καὶ
1238 1015 1303 1085 δὴ
1364 1017 1725 1091 καταχθέντας
1765 1021 1834 1092 τῇ
1873 1015 2007 1070 κατᾶ
2034 1015 2124 1070 τὸν
2229 1003 2449 1098 ἔχονταΡ
2507 1011 2645 1098 περὶγ
2689 1012 2762 1065 ὧν
2817 1013 3070 1090 ἀνωτέρω
3119 1013 3337 1092 ἐρῥὲθη.
3396 1022 3567 1073 Ταῦτα
3616 1003 3826 1095 γὰρ-καὶ

487 1092 793 1167 ’Ᾰνάπλουν
849 1112 944 1162 τοῦ
1001 1107 1447 1181 ἀρχιστρατήγου
1512 1108 1650 1178 μονῇ
1695 1104 1775 1182 ἐφ’
1822 1104 2054 1179 ἡμέραις
2099 1104 2127 1158 ὁ
2229 1092 2367 1182 ἅλλί
2407 1095 2538 1152 ἄττα
2591 1097 2821 1155 πλεῖστα
2878 1098 3335 1175 ἐπισυμϐαίνοντα
3392 1092 3696 1179 ἀνῆπτε
3740 1112 3826 1181 τὴν

486 1203 696 1274 κρατῶν
727 1197 825 1252 οὐκ
855 1193 1097 1271 ἐδέχετο,
1148 1195 1199 1248 ἐν
1249 1194 1387 1268 ὀργῇ
1429 1193 1661 1263 παντοίᾳ
1710 1181 1809 1261 τήν
1838 1192 2123 1269 ἀποφυγὴν
2232 1181 2501 1274 βασιλέως
2554 1186 2745 1274 ὀργὴν,
2806 1189 2871 1244 οὗ
2932 1191 3038 1262 μὴν
3101 1188 3148 1245 δ’
3204 1192 3348 1266 εἶχεν
3385 1191 3530 1256 ὅπως
3560 1200 3653 1263 τῆς
3678 1196 3828 1270 ὁρμῆς

483 1270 835 1358 ποιούμενος,
882 1284 970 1337 καὶ
1002 1282 1064 1336 τὸ
1094 1286 1196 1335 πᾶν
1231 1279 1410 1351 δειλίᾳ
1437 1280 1525 1334 ναὶ
1568 1279 1865 1355 κακανδρίᾳ
1910 1280 2126 1335 ἐκείνων
2228 1270 2425 1346 ἐπίσχὸ
2453 1272 2543 1328 τὸν
2574 1272 2742 1349 ἄνδρα
2782 1275 2872 1331 κειὶ
2921 1276 3111 1341 ἄλλως
3161 1279 3427 1355 ὀρμηνίαν
3459 1277 3584 1335 ὄντα
3624 1282 3703 1337 καὶ
3731 1286 3829 1360 θερ-

483 1375 705 1450 κρίνων,
737 1368 967 1426 πολλῶν
998 1370 1176 1424 πόνων
1208 1369 1297 1422 καὶ
1329 1365 1524 1440 ἐξόδων
1557 1367 1831 1423 ἀπώλειαν
1887 1367 1939 1422 ἐν
1994 1369 2124 1444 βρα-
2232 1361 2490 1434 μουργὸν,
2547 1360 2693 1432 πλὴν
2744 1365 2808 1418 οὐ
2859 1366 2925 1420 τὰ
2977 1367 3094 1420 καθ’
3154 1366 3312 1421 αὐτὸν
3373 1367 3594 1441 (τούτων
3640 1372 3829 1446 γὰρκαὶ

485 1448 597 1538 χεῖ.
653 1467 737 1521 Ὡς
796 1456 841 1513 δι
900 1457 999 1513 οὐκ
1051 1458 1118 1525 ἦν
1175 1457 1237 1511 τὸ
1268 1456 1494 1531 γεγονὸς
1524 1454 1864 1523 ἀναλύεσθαι,
1896 1454 2122 1519 ἐκείνοις
2228 1448 2670 1524 ἀπεριμερίμνως
2701 1452 2897 1527 εἶχεν),
2945 1452 3095 1509 ἀλλὰ
3138 1454 3206 1510 τὰ
3253 1457 3369 1510 καθ’
3421 1456 3627 1531 ὲτέρους
3672 1462 3828 1515 συνοί-

486 1552 580 1625 iri-2v
641 1549 965 1624 ἐκχωρεῖται
1022 1546 1120 1613 τήν
1165 1543 1327 1599 πόλιν
1387 1542 1721 1607 εἰσελθόντας
1779 1548 1858 1615 τῷ
1909 1542 2127 1617 βασιλεῖ
2226 1556 2405 1625 ξτονται
2464 1542 2727 1609 Ζητοῦντι
2785 1546 2914 1616 γοῦν
2967 1542 3169 1617 τρόπον
3227 1544 3350 1608 καθ’
3381 1545 3440 1600 ὃν
3489 1545 3729 1619 ὑποκλίνῃ
3751 1549 3827 1604 τὸν

482 1621 886 1716 ἐμφανίζεσθαι,
944 1636 1030 1707 [Ρ.
1088 1635 1214 1704 307]
1273 1632 1300 1685 ὁ
1362 1628 1419 1685 δέ
1472 1652 1532 1703 γε
1586 1635 1850 1707 Τερτερῆς
1909 1631 2124 1705 ἐρήμης
2226 1621 2704 1716 λέονταηχρήσιμ
2752 1629 2885 1716 ἦσαν
2940 1631 3007 1684 τὰ
3060 1632 3508 1707 κατηγορημένα,
3556 1631 3726 1697 ἄλλως
3749 1635 3832 1691 οὐκ

487 1711 787 1801 βασιλείας,
821 1720 1088 1777 θελόντων
1138 1718 1226 1773 καὶ
1264 1722 1371 1772 τῶν
1418 1717 1766 1792 Βουλγάρων,
1813 1717 2121 1792 ἐπιλαμϐά-
2148 1766 2194 1801 n
2225 1711 2411 1801 ἀληθῆ
2458 1712 2883 1801 δοκοῦντανοῦδ⁹
2934 1717 3325 1793 εὐπαράδεκτα.
3385 1722 3585 1792 Ῥοπῆς
3634 1725 3724 1798 γὰρ
3769 1723 3832 1786 εἴς

526 1766 787 1792 *νυκνυκη
825 1766 1082 1777 ννηνν-ννν
1141 1766 1226 1773 ’ων
1275 1766 1365 1772 --·
1418 1766 1766 1792 -ινη-ιντινν--ι
1814 1766 2092 1792 -η--ι-ς-νν-
2288 1766 2406 1783 νιν.
2466 1766 2722 1770 ητη--η-
2776 1766 2861 1771 vn
2935 1766 3325 1793 ν--ν-τ-ν-η-...
3403 1766 3584 1792 ..-η-μ,
3670 1766 3723 1777 ..ν
3769 1766 3831 1786 -.,,

479 1766 646 1872 ἕεται.
705 1812 810 1868 Καὶ
867 1812 917 1865 ἐν
974 1807 1150 1884 ὀλίγῳ
1180 1804 1273 1880 ἅμ’
1302 1804 1534 1875 ἤκούετο
1579 1806 1854 1880 βασιλείας
1904 1803 2120 1863 ἐπιϐαί-
2148 1766 2196 1831 Β
2224 1800 2476 1873 πορνείαν
2524 1801 2620 1857 κᾶν
2654 1800 2869 1873 Πηλεὺς
2902 1803 3080 1881 ὦφλεν
3110 1805 3168 1860 ἂν
3201 1806 3236 1875 ἢ
3279 1805 3506 1879 ἐκεῖνος,
3562 1766 3833 1883 ἱερόσῖολίας

478 1923 608 1975 νων,
665 1902 752 1956 καὶ
806 1901 919 1972 ἅμα
960 1897 1337 1968 ταινιούμενος
1384 1895 1519 1951 κατὰ
1569 1895 1820 1970 βασιλέας
1859 1895 2119 1973 ἐγκρατὴς
2225 1884 2284 1975 δε
2356 1884 2591 1964 ἔγκλημ’
2664 1889 2723 1945 ἂν
2782 1892 3124 1968 ἀπηνέγκατο
3162 1895 3280 1949 ,καὶ
3343 1896 3372 1950 ὁ
3433 1895 3514 1950 ἐπ’
3566 1897 3837 1970 ἀνθρώποις

476 1973 946 2063 τῶνΒουλγάρων
979 1986 1068 2054 ἧν.
1119 1982 1293 2041 Ἀλλά
1338 1987 1503 2038 ταῦτα
1537 1984 1630 2056 μὶν
1662 1982 1715 2046 ἐς
1741 1989 2022 2056 τοσοῦτον,
2051 1988 2119 2040 τὰ
2223 1973 2566 2051 ἀδωρότατος
2616 1978 2956 2051 Ἀριστείδης
3030 1980 3242 2055 μᾶλλον
3300 1984 3337 2052 ἢ
3400 1983 3586 2056 ἐκείνῳ
3640 1981 3833 2045 δικαίως

475 2077 521 2135 δ’
552 2079 789 2143 ἐντεῦθεν
825 2075 1035 2139 ἐσαῦθις
1069 2073 1317 2151 ἐροῦμεν·
2222 2066 2589 2139 προσήπτετο.
2624 2067 2692 2121 Τὸ
2732 2065 2790 2122 δὲ
2838 2066 2915 2130 εἷς
2962 2068 3190 2144 βασιλέα
3236 2071 3311 2133 ὡς
3353 2076 3648 2146 ωταρῷτο,
3700 2071 3832 2127 a616-

2224 2162 2309 2215 θεν
2334 2154 2434 2221 τὴν
2481 2157 2839 2232 συκοφαντίαν
2870 2155 3169 2233 προΐσχετο
3214 2158 3573 2233 ἆκοοόμενον.
3626 2162 3833 2222 Ἐκεῖνος

2220 2238 2320 2314 γὰρ
2377 2240 2547 2296 πάλαι
2598 2238 2909 2318 πρεσϐεύων
2965 2244 3042 2308 εἷς
3098 2244 3329 2321 βασιλέα
3390 2249 3523 2324 ὑπὲρ
3554 2269 3692 2311 τινος
3738 2252 3830 2302 τῶν

2222 2328 2536 2403 χρῃζόντων
2593 2330 2780 2397 ἐλέους
2825 2332 3095 2397 πολλάκις
3131 2337 3228 2408 μὲν
3277 2339 3418 2392 κατὰ
3462 2342 3645 2413 πεῖραν
3689 2334 3833 2413 προῦ-

540 2414 682 2488 Ἦδη
738 2413 795 2471 δὲ
848 2412 1060 2491 Χρόνων
1121 2410 1541 2487 παρῳχηκότων
1588 2409 1856 2486 τεττάρων
1884 2410 2111 2486 Ἰωάννῃ
2222 2435 2360 2472 τεινε
2387 2419 2454 2473 τά
2509 2420 2562 2474 οἱ
2593 2416 2855 2476 δοκοῦντα
2913 2422 3202 2495 συνοίσειν,
3258 2409 3581 2488 τοσαυτάκις
3613 2422 3666 2480 δὲ
3691 2409 3831 2502 προσ-

478 2224 547 2278 ι’.
615 2225 801 2282 Ὀπως
866 2217 1194 2292 κατηγορίαι
1258 2212 1751 2292 κατεσκευάσθησαν
1820 2216 1957 2269 κατὰ
2018 2216 2115 2271 τοῦ

995 2286 1337 2363 πατριάρχου
1369 2286 1591 2343 Βέκκου.

470 2633 781 2707 tinopolim
823 2645 1028 2686 versus
1069 2628 1180 2684 iter
1235 2625 1505 2714 arripuit.
1557 2627 1634 2681 Ac
1690 2625 2110 2683 Mesembream
2218 2632 2492 2689 ardenter
2520 2634 2853 2706 patriarcha
2873 2637 3082 2707 fuerat,
3115 2643 3289 2710 prout
3337 2640 3616 2714 superius
3643 2655 3821 2697 memo-

472 2725 707 2798 quidem
738 2734 925 2791 usque
955 2717 1110 2786 regia
1140 2730 1353 2786 pompa
1382 2713 1640 2802 luxuque
1660 2714 1915 2785 speciem
1946 2729 2108 2770 secu-
2218 2720 2496 2778 ravimus.
2529 2723 2628 2789 Ea,
2661 2723 2925 2802 inquam,
2958 2729 3015 2780 et
3043 2726 3178 2793 alia,
3194 2713 3457 2799 plurima
3471 2730 3599 2800 ejus
3619 2728 3813 2802 generis

473 2811 662 2869 ritatis
685 2809 1085 2865 ostentarunt:
1121 2820 1247 2875 quae
1279 2801 1576 2857 simulatio
1625 2802 1954 2857 necessaria
1982 2808 2106 2859 erat
2214 2825 2343 2879 quae
2365 2810 2610 2866 subinde
2639 2819 3031 2880 occurrerant,
3058 2814 3234 2871 bilem
3265 2816 3430 2872 haud
3464 2801 3641 2887 dubie
3665 2833 3827 2874 move—

473 2919 545 2958 ne
567 2902 706 2970 fuga
734 2895 1099 2968 deprehensa
1129 2893 1497 2948 sisterentur.
1527 2896 1803 2946 Caeterum
1834 2889 1912 2944 ibi
1962 2908 2104 2947 nave
2210 2901 2348 2952 rant
2382 2915 2497 2953 non
2530 2899 2960 2971 patientissimo
2979 2902 3267 2974 principi;
3297 2906 3402 2960 cui
3423 2910 3620 2961 tamen
3645 2907 3710 2961 ad
3728 2921 3828 2959 ma-

470 3002 790 3047 conscensa
814 2982 963 3039 mari
994 2980 1333 3051 Byzantium
1364 2979 1651 3034 feruntur.
1676 2979 1955 3048 Exceptos
1982 2977 2101 3035 illic
2210 3000 2352 3040 num
2376 3003 2488 3042 non
2504 2993 2630 3043 erat
2650 2988 2879 3044 frenum
2905 2988 3060 3045 aliud
3077 2990 3265 3047 ullum
3282 3008 3406 3063 quo
3427 2994 3706 3065 impetum
3723 2994 3831 3064 ejus

470 3081 658 3153 primo
689 3090 966 3132 exscensu
991 3072 1178 3127 sancti
1209 3066 1867 3154 ArchangeliMichaelis
1898 3083 2097 3123 mona-
2134 3130 2175 3154 η
2212 3073 2527 3145 cohiberet,
2548 3075 2656 3130 viri
2681 3081 2817 3131 natu
2829 3093 2892 3131 ra
2911 3077 3294 3150 vehementis,
3320 3085 3387 3136 et:
3409 3098 3544 3138 cum
3568 3083 3636 3138 ad
3656 3097 3827 3154 aggre-

681 3130 858 3237 prOpe
888 3165 1123 3232 portum
1154 3157 1265 3213 sito
1296 3130 1614 3225 imperator
1644 3153 1865 3225 aliquot
1896 3156 2102 3213 diebus
2133 3130 2175 3196 θ
2222 3130 3832 3241 ᾱὶοῑιάυωιατάυαἴδοὶΙὶείιιίτιῖίιινιίιῖεε-ΠῙῘᾏ-Εωβιῗῧτο-

476 3254 841 3313 admissione
879 3248 1144 3313 exclusit,
1180 3246 1364 3301 iratus
1404 3244 1549 3316 ipsis
1604 3244 1982 3300 vehementer
2039 3246 2112 3301 ob
2217 3248 2496 3304 vocabilis
2528 3251 2771 3307 ardoris.
2806 3255 3024 3308 Verum
3056 3253 3178 3309 haec
3208 3256 3266 3310 in
3312 3272 3573 3327 quorum
3629 3273 3829 3330 promo-

476 3346 678 3416 fugam
710 3355 887 3412 quam
912 3336 1213 3407 judicabat
1241 3332 1714 3403 intempestivam
1739 3350 1754 3402 ;
1806 3335 2114 3413 totumque
2218 3336 2436 3393 tionem
2459 3338 2543 3393 sic
2565 3339 2762 3394 studio
2783 3340 3073 3412 prodibat,
3089 3341 3247 3398 haud
3270 3351 3448 3401 erant
3473 3363 3602 3402 cum
3621 3345 3831 3418 privatis

476 3434 535 3489 id
562 3429 873 3488 consilium
894 3441 1052 3482 vanae
1085 3423 1420 3494 ignavaeque
1441 3420 1736 3476 formidini
1763 3421 2111 3487 ascribebat,
2218 3426 2347 3495 ejus
2378 3426 2703 3483 rationibus
2733 3432 2833 3483 aut
2849 3433 3071 3499 quaestu
3107 3433 3340 3503 proprio
3394 3434 3694 3507 implicita.
3747 3434 3833 3489 Ta-

479 3538 593 3592 qua
624 3521 849 3575 fructus
873 3514 1140 3569 laborum
1181 3509 1730 3580 expeditionumque
1789 3509 2110 3565 multarum
2217 3513 2363 3569 lium
2423 3514 2580 3569 enim
2635 3532 2818 3588 supra
2870 3517 3173 3590 vulgarem
3232 3521 3483 3579 modum
3566 3523 3834 3594 negligens

476 3626 593 3666 uno
626 3608 917 3662 momento
951 3600 1292 3658 inconsultae
1333 3597 1581 3653 levitatis
1623 3598 1914 3667 jacturam
1971 3597 2110 3653 irre-
2214 3607 2358 3657 erat.
2390 3603 2815 3659 Exardescebat
2846 3609 3043 3662 autem
3086 3606 3146 3662 in
3200 3608 3270 3664 iis
3321 3612 3671 3669 accurandis
3722 3626 3830 3682 quas

471 3694 794 3772 parabilem
852 3691 1205 3763 querebatur
1263 3687 1495 3743 factum.
1573 3685 1837 3755 Denique
1887 3689 2105 3754 tamen,
2213 3686 2283 3741 ad
2317 3685 2566 3742 aliorum
2614 3688 2902 3745 utilitates
2961 3695 3314 3763 spectarent.
3379 3696 3665 3762 Quaerenti
3715 3709 3831 3765 ergo

471 3801 604 3842 cum
637 3782 792 3857 quod
826 3775 1587 3849 factumquomodocunque
1616 3773 1801 3829 fuerat
1825 3772 2106 3827 infectum
2210 3776 2470 3844 Augusto
2530 3777 2770 3832 modum
2839 3778 3022 3849 hujus
3074 3782 3245 3851 quasi
3299 3784 3617 3855 cujusdam
3670 3781 3832 3840 leonis

466 3873 592 3929 ﬁeri
624 3869 910 3942 nequiret,
942 3857 1212 3938 permisit
1240 3863 1313 3918 iis
1339 3861 1622 3933 ingressis
1673 3860 1964 3916 civitatem
1995 3861 2106 3917 sibi
2210 3866 2574 3933 exarmandi,
2621 3865 2796 3922 utiles
2856 3868 2943 3921 ha
3002 3884 3130 3924 sese
3169 3870 3600 3929 crimitationes
3652 3873 3827 3928 offere-

463 3981 525 4019 se
559 3963 786 4019 sistere.
815 3956 1054 4014 Interim
1094 3956 1355 4010 Terleres
1412 3966 1663 4007 vacuum
1702 3951 1914 4006 Asanis
1968 3952 2106 4023 fuga
2207 3952 2369 4021 bant,
2428 3953 2753 4024 quamlibet
2821 3955 3039 4028 alioqui
3088 3957 3386 4015 destitutae
3442 3962 3561 4018 veri
3637 3959 3827 4033 specie,

459 4051 625 4124 regni
655 4051 958 4114 thronum,
991 4059 1206 4114 magna
1235 4040 1618 4111 Bulgarorum
1648 4038 1968 4110 voluntate,
2000 4058 2100 4111 pa-
2208 4057 2312 4095 nec
2343 4041 2531 4113 dignae
2585 4059 2835 4113 quarum
2881 4044 3192 4101 haberetur
3242 4047 3415 4105 ratio.
3467 4051 3610 4106 Nam
3654 4049 3823 4120 impu.

454 4140 574 4195 lam
605 4135 925 4208 occupavit,
960 4146 1195 4203 unoque
1232 4129 1437 4184 nuntio
1461 4128 1697 4182 auditus
1728 4133 1816 4183 est
1845 4132 1903 4183 et
1930 4145 2099 4184 occu-
2205 4131 2421 4187 dicitizs
2473 4132 2857 4188 verisimilius
2908 4134 3354 4193 insimularetur
3408 4141 3619 4197 Peleus
3672 4153 3822 4210 quam

458 4244 630 4300 passe
664 4238 910 4296 regnum
933 4225 989 4276 et
1014 4217 1260 4275 solemni
1292 4216 1403 4270 rilu
1436 4218 1747 4271 coronatus
1778 4216 1984 4287 sicque
2038 4218 2097 4271 in
2202 4218 2300 4274 ille
2327 4239 2339 4275 :
2368 4221 2729 4292 direptarum
2762 4237 2894 4277 vero
2927 4240 3227 4280 sacrarum
3256 4242 3457 4285 rerum
3478 4227 3822 4303 plausibilius

453 4317 628 4389 plena
664 4318 721 4370 et
754 4321 909 4368 certa
958 4307 1316 4364 constitutus
1373 4304 1748 4375 possessione
1805 4305 2095 4377 Bulgarici
2203 4310 2422 4365 crimen
2457 4309 2873 4381 appingeretur
2901 4311 3155 4381 Aristici,
3182 4316 3351 4386 cujus
3408 4324 3534 4375 erat
3582 4318 3640 4373 in
3691 4315 3815 4371 ultro

454 4403 838 4476 Ρτίοοίραωεα
871 4399 1001 4453 Ηεθο
1027 4400 1167 4451 tunc
1216 4393 1274 4448 in
1305 4392 1462 4447 hunc
1494 4393 1729 4447 ἴηοάοω
1782 4410 1844 4449 εθ
1876 4395 2093 4451 habue-
2202 4398 2373 4454 etiam
2398 4397 2610 4454 oblatis
2642 4396 3021 4470 repudiandis
3052 4403 3223 4459 donis
3259 4405 3621 4463 abstinentia
3672 4404 3811 4475 vulgo

449 4496 607 4548 runt.
650 4491 783 4555 Quae
812 4489 1014 4542 secuta
1044 4486 1203 4552 sunt,
1224 4482 1281 4536 in
1321 4484 1582 4552 tempore
1606 4481 1939 4539 reddemus.
2114 4476 2160 4540 D
2193 4486 2520 4542 notissima.
2547 4485 2694 4543 Male
2725 4488 2980 4560 denique
3001 4495 3807 4567 precatumAugustoVeccum

450 4590 537 4644 10.
600 4589 662 4645 Ut
717 4584 1086 4641 accusationes
1137 4579 1422 4635 adornatae
1469 4579 1582 4633 sint
1610 4580 1802 4634 contra
1835 4581 2087 4649 patriar-
2199 4575 2299 4647 qui
2329 4574 2577 4642 dicebat,
2609 4576 2803 4632 statim
2835 4578 3142 4635 οαιυωηίεε
3203 4582 3667 4640 convincebatur
3703 4582 3810 4653 ipsa

1040 4653 1201 4709 cham
1220 4653 1456 4707 Veccum.
2192 4662 2445 4735 simplici
2479 4664 2812 4720 narratione
2869 4666 3027 4736 facti,
3088 4669 3245 4724 unde
3298 4672 3666 4727 occasionem
3718 4667 3809 4724 cri-

513 4759 639 4813 Jam
663 4758 858 4811 autem
883 4750 1128 4808 eVOlutis
1150 4749 1320 4805 annis
1343 4752 1594 4820 quatuor
1614 4763 1681 4803 ex
1702 4764 1813 4819 quo
1829 4747 2083 4806 Joannes
2191 4752 2453 4807 minandi
2494 4752 2717 4808 delator
2745 4760 3097 4825 sumpserat.
3123 4756 3185 4813 Id
3208 4757 3486 4816 taleftuit.
3505 4756 3808 4830 Aliquando

444 4844 880 4919 patriarchatus
905 4841 1125 4908 honor;
1161 4835 1751 4910 praecellebat,mense
1770 4836 2079 4894 Februario
2187 4856 2291 4912 pro
2306 4855 2466 4896 more
2488 4856 2593 4895 suo
2610 4841 2829 4897 Veccus
2851 4842 3074 4899 adierat
3092 4844 3512 4918 imperatorem
3534 4863 3666 4904 cum
3686 4860 3807 4914 sup-

441 4935 705 5007 septimae
726 4929 1088 4998 indictionis,
1120 4942 1326 5000 graves
1357 4926 1413 4980 in
1446 4942 1578 4981 eum
1615 4925 2015 4983 accusationes
2045 4945 2079 4983 a
2185 4929 2334 5002 plice
2364 4929 2457 4984 cui
2480 4934 2602 4985 erat
2622 4929 3044 5002 imploraturus
3066 4934 3537 4991 misericordiam
3558 4931 3805 5007 Augusti.

439 5024 795 5097 quibusdam
812 5038 842 5077 e
856 5019 1007 5076 clero
1023 5016 1683 5085 conﬂantur,menduces
1703 5013 1813 5069 illae
1835 5016 2072 5087 quidem
2184 5020 2347 5091 Saepe
2367 5020 2423 5073 in
2447 5023 2823 5089 conspectum
2850 5021 3134 5091 producto
3157 5021 3335 5090 illius,
3357 5024 3580 5080 frustra
3597 5037 3807 5092 semper

436 5131 503 5171 ac
536 5114 705 5184 plane
727 5111 955 5179 inanes,
983 5125 1098 5163 non
1125 5111 1322 5162 tamen
1369 5103 1659 5175 ejusmodi
1719 5118 1868 5173 quas
1924 5121 2073 5175 aegre
2180 5109 2229 5165 ei
2265 5107 2580 5179 propitiare
2612 5106 2932 5179 principem
2966 5111 3212 5180 studuit,
3244 5112 3416 5168 toties
3449 5113 3522 5167 ab
3571 5129 3636 5169 eo
3685 5123 3803 5167 cum

432 5203 750 5273 imperator
763 5192 1566 5255 admitteret.Studebatenim
1585 5190 1681 5247 ille
1701 5190 1787 5247 vel
1822 5193 2071 5250 maxime
2181 5196 2483 5253 stomacho
2507 5197 2739 5267 rejectis
2766 5214 2894 5269 quae
2917 5215 3020 5269 pro
3052 5205 3321 5272 suscepto
3343 5200 3648 5273 allegabat.
3680 5201 3807 5255 Tres

434 5289 694 5347 nancisci
726 5289 965 5345 modum
997 5284 1306 5341 hebetandi
1339 5282 1520 5337 aciem
1557 5281 1744 5352 nimii,
1777 5283 1932 5339 450
1953 5300 2066 5355 que
2176 5286 2358 5359 igitur
2382 5284 2557 5359 longo
2577 5288 2837 5357 tempore
2877 5304 3014 5343 suas
3061 5289 3311 5361 quisque
3366 5294 3533 5360 parte
3580 5294 3802 5345 strenue

428 5382 650 5437 dudum
666 5373 1194 5443 olfendebatur,zeli
1210 5370 1950 5444 patriarchaePupugerant
1968 5390 2065 5428 au-
2173 5393 2343 5449 agere
2361 5379 2965 5449 perseverarunt,reus
2979 5378 3229 5434 demisse
3241 5377 3798 5451 supplicandi,patri-

425 5475 543 5526 tem
578 5485 710 5525 eum
742 5473 798 5523 et
829 5465 1309 5537 exasperaverant
1325 5476 1441 5514 non
1464 5461 1789 5530 parumilla
1811 5478 1934 5533 quae
1959 5480 2062 5517 nu-
2171 5466 2351 5522 archa
2389 5464 2797 5536 patrocinandi
2828 5468 3099 5523 ardenter
3115 5469 3392 5541 urgendo,
3421 5468 3677 5539 denique
3696 5467 3797 5520 im-

428 5574 531 5629 per
554 5573 736 5613 ausus
754 5555 1023 5626 inipsum
1041 5565 1209 5624 agere
1222 5565 1288 5606 ac
1305 5565 1497 5606 coram
1514 5549 1672 5621 loqui
1693 5550 1871 5607 libere
1884 5555 2057 5623 atque
2167 5558 2420 5628 perator,
2441 5554 2912 5625 procrastinandi
2944 5573 3010 5613 ac
3032 5557 3359 5615 differenda
3382 5557 3513 5614 sine
3532 5557 3653 5613 ﬁne
3670 5571 3797 5629 gra-
