4130 6270
321 373 428 428 909

1371 385 1468 438 DE
1505 385 1874 439 MICHAELE
1912 383 2354 440 PALBOLOGO
2387 385 2522 437 LIB.
2562 385 2658 437 VI.

3603 389 3708 444 910

320 493 545 552 ϐάλλων
603 499 703 555 οὐκ
753 498 916 570 ἥνυτε
966 502 1029 556 τὸ
1083 505 1359 576 παράπαν.
1419 508 1599 579 Τριῶν
1657 506 1746 560 οὗν
1799 507 1826 559 6
1860 505 1952 578 μὲν
1985 504 2192 574 Ατοὺς
2235 504 2563 569 ἐπισκόπους
2605 503 2868 578 γίνεσθαι,
2922 508 2996 561 ὧν
3029 505 3206 577 δήπου
3262 511 3351 563 καὶ
3399 512 3454 564 αἱ
3503 511 3704 587 ἐνορίαι

317 588 404 660 [Ρ.
454 589 579 660 308]
626 583 804 643 ἐδέετο
855 591 1260 667 συνεχέστερον,
1304 593 1332 646 ὁ
1366 590 1423 647 δὲ
1453 591 1768 668 προσέκειτο
1827 614 1955 667 καρ-

316 675 638 750 τερώτερον,
676 676 928 750 βασιλεὺς
969 675 1026 733 δὲ
1052 681 1234 754 τρίτος
1269 681 1602 755 ὑπερετίθετό
1632 702 1690 736 τε
1718 683 1806 736 καὶ
1839 684 1956 735 ἀνε-

323 757 579 819 ϐάλλετο.
639 767 740 820 Καὶ
779 766 806 818 6
841 767 933 838 μὲν
995 765 1168 822 ἐδέετο
1227 772 1647 848 προσαναφέρειν
1697 772 1786 825 καὶ
1843 772 1954 824 πά-

321 849 432 922 λιν,
485 853 511 907 6
561 850 617 906 δὲ
672 855 832 928 πείρᾳ
894 855 1058 927 γνοὺς
1116 859 1214 913 οὐκ
1261 858 1468 912 ἀνύσων
1518 856 1659 929 (ἤδει
1717 859 1819 934 γὰρ
1867 858 1954 913 καὶ

319 941 687 1015 πσροργίσων,
747 941 796 996 εἴ
853 944 1002 1004 αὖθις
1059 943 1254 1019 λέγοι),
1315 946 1376 1000 τὸ
1428 947 1547 1000 καθ’
1597 947 1782 1001 ἑαυτὸν
1839 949 1951 1001 οἷον

315 1029 456 1102 πρὸς
513 1030 600 1082 τὸν
656 1031 842 1100 ἱκέτην
902 1031 1350 1107 ἀπολογούμενος
1411 1036 1486 1097 ὡς
1529 1034 1590 1089 ού
1621 1035 1954 1112 καταρρᾳθυ-

324 1118 500 1188 μήσας
545 1123 624 1189 τῷ
658 1117 876 1192 βασιλεῖ
923 1121 1220 1194 προτείνειν
1249 1122 1316 1176 τὰ
1345 1123 1540 1177 τούτου
1589 1122 1792 1192 δίκαια,
1825 1125 1950 1179 Θεὸν

320 1213 618 1281 παρεισῆγε
636 1194 736 1276 τῆς
792 1207 1033 1278 σπουδῆς
1093 1211 1340 1285 μάρτυρα
1367 1213 1478 1279 καὶ,
1513 1235 1542 1263 ‹‹
1576 1213 1706 1273 Θεὸς
1764 1214 1862 1288 ὁρᾷ
1890 1213 1954 1267 τὰ

318 1295 442 1366 περὶ
464 1295 535 1348 ὧν
569 1293 887 1372 προϐάλλῃ,
925 1322 946 1348 ι
983 1295 1186 1371 ἔλεγεν.
1219 1300 1279 1356 Ὁ
1323 1297 1370 1353 δ’
1399 1298 1568 1354 ἐκεῖσε
1619 1301 1804 1376 παρὼν
1861 1323 1955 1354 συ-

316 1384 657 1456 κοφαντήσας
710 1384 802 1438 τὸν
857 1383 1018 1460 λόγον
1079 1385 1416 1459 συμπλάττει
1473 1389 1533 1442 τὸ
1591 1386 1817 1462 ψεῦδος,
1877 1390 1949 1451 ὡς

315 1471 443 1525 Θεὸν
478 1470 636 1540 δῆθεν
677 1473 812 1526 κατὰ
859 1473 1127 1546 βασιλέως
1177 1474 1582 1549 ἐκλαλουμένου
1625 1481 1720 1531 τοῦ
1768 1479 1955 1552 ἱερέως

317 1557 392 1620 εἷς
419 1561 516 1627 τήν
547 1565 654 1614 τῶν
700 1559 1069 1634 ἀδικουμένων
1121 1562 1417 1634 ἐκδίκησιν.
1467 1565 1688 1628 Τούτοις
1743 1566 1954 1640 ὡσπερ-

316 1647 363 1701 εί
390 1669 526 1702 τισιν
589 1648 841 1723 ἰσχυροῖς
899 1653 1270 1714 κατασείσταις
1331 1653 1614 1727 ὑποχαλᾷν
1667 1655 1757 1709 τὸν
1815 1657 1949 1727 πύρ-

311 1758 410 1812 γον
440 1744 539 1805 τῆς
592 1736 799 1792 ἐκείνου
864 1741 1049 1813 ψυχῆς
1108 1740 1301 1812 ᾣοντο.
1361 1744 1462 1797 Ἦν
1513 1740 1558 1795 δ’
1600 1742 1744 1804 ὁτάς
1779 1743 1952 1818 ὁρμὰς

2067 591 2190 646 εἰσί.
2223 595 2378 647 Ταῦτ’
2409 590 2630 648 ἔσπευδε
2684 592 2774 648 καὶ
2830 598 3113 670 κατώρθου
3154 597 3254 650 οὐκ
3296 594 3452 670 ἄλλῳ
3483 604 3561 671 τῷ
3587 622 3704 672 μη-

2065 684 2345 754 χανήματι
2389 681 2424 750 ἢ
2481 686 2560 752 τῷ
2620 679 2821 752 διιστᾷν
2887 682 3155 757 βασιλέως
3194 685 3282 738 τὸν
3337 687 3503 760 ἱερέα.
3563 688 3590 742 ’ὁ
3635 686 3700 757 δὴ

2064 770 2152 823 καὶ
2201 769 2369 824 ἐποίει
2427 768 2554 831 τοὺς
2620 775 3060 844 κατηγοροῦντας
3117 770 3418 846 δεχόμενος
3496 776 3587 830 καί
3644 797 3705 853 γε

2063 859 2197 912 κατά
2223 859 2284 912 τὸ
2317 855 2537 912 δυνατὸν
2569 858 2921 922 ὑποθάλπων.

2067 1018 2151 1073 ια’.
2235 1018 2420 1078 Ὃπως
2509 1017 2764 1091 βασιλική
2840 1017 3002 1094 νεαρά
3087 1016 3363 1094 προϐαίνει
3418 1021 3505 1076 ἐπὶ
3588 1028 3704 1086 τοῖς

2660 1091 3106 1164 σταυροπηγίοις.

2131 1215 2214 1284 [Ρ.
2249 1214 2372 1282 309]
2408 1208 2688 1285 Προϐαίνει
2730 1214 2830 1289 γὰρ
2881 1215 3044 1285 νεαρά
3093 1215 3369 1290 βασίλειος
3417 1215 3544 1274 ἄλλ’
3573 1219 3704 1276 ἄττα

2060 1298 2289 1354 πλεῖστα
2319 1297 2669 1375 διοριζομένη
2727 1303 2815 1356 καὶ
2867 1303 3155 1370 τάττουσα,
3183 1305 3287 1358 -καὶ
3347 1306 3408 1360 τὸ
3439 1309 3504 1360 τὰ
3533 1309 3700 1362 ὀπουο

2060 1385 2332 1455 δηποτοῦν
2392 1391 2786 1464 πατριαρχικά,
2847 1391 2945 1446 ὅσα
2993 1389 3044 1445 ἐν
3095 1392 3307 1467 χώραις
3361 1394 3448 1449 καὶ
3486 1403 3698 1468 μοναῖς,

2064 1477 2165 1530 ὑπὸ
2189 1475 2317 1538 τοὺς
2347 1475 2676 1538 ἐπισκόπους
2711 1479 2782 1530 ὧν
2813 1480 2867 1532 αἱ
2915 1477 3119 1554 ἐνορίαι
3145 1477 3342 1537 τελεῖν.
3398 1481 3698 1557 Ἑγκλημα

2058 1564 2160 1638 γὰρ
2185 1563 2426 1641 ἐφαίνετο
2457 1565 2546 1618 καὶ
2594 1566 2739 1636 παρά
2793 1568 3020 1627 κανόνας
3076 1569 3138 1622 τὸ
3168 1567 3226 1622 ἐκ
3257 1567 3495 1624 παλαιοῦ
3550 1574 3698 1646 γινό-

2062 1673 2221 1726 μενον
2257 1695 2270 1720 ,
2333 1654 2614 1728 ὑπερόριον
2671 1656 2961 1723 κεκτῆσθαι
3033 1657 3124 1709 τὸν
3201 1663 3702 1715 Κπνσταντινουπὸ-

2059 1741 2197 1803 λεως
2248 1741 2472 1810 δίκαιον,
2509 1741 2649 1814 μηδὲ
2704 1747 2848 1798 τοῦτ’
2903 1743 3111 1807 εἰδότος
3159 1751 3255 1802 τοῦ
3315 1748 3589 1823 λέγοντος,
3623 1753 3699 1813 ὡς

314 1823 492 1901 σφίσιν
556 1826 878 1880 ὑπανάπτων
933 1829 960 1880 ὁ
1017 1835 1114 1897 τῆς
1173 1827 1386 1906 Τφέσον
1447 1831 1664 1900 Ἰσαάκ,
1727 1832 1801 1894 εἰς
1848 1853 1949 1886 πα·
1979 1870 2025 1932 Β
2055 1832 2275 1886 κολούει
2304 1834 2382 1904 τῷ
2430 1834 2749 1909 πατριάρχῃ
2790 1835 2851 1888 τὸ
2903 1835 3303 1908 οἶκουμενικὸν,
3347 1839 3495 1904 ἐντὸς
3539 1842 3696 1896 αὐτὸν

353 1913 362 1932 Ι
687 1913 698 1932 Ι
866 1920 893 1929 ιν
942 1916 969 1932 n
1067 1915 1088 1932 Ἴ
1133 1921 1155 1932 υ
1248 1915 1302 1932 ’ἢ
1386 1918 1396 1932 1
1517 1916 1556 1932 λι
1601 1914 1624 1932 Ἰ
1811 1919 1825 1932 ε
1872 1920 1884 1932 ι
2260 1920 2305 1932 1--
2450 1924 2480 1932 σ-
2542 1928 2585 1932 __
2834 1924 2842 1932 ι
3109 1923 3151 1932 ιι-
3203 1926 3216 1932 -
3334 1926 3344 1932 .
3468 1931 3488 1932 η
3681 1931 3687 1932 ,

312 1913 442 1986 τέρα
469 1913 796 1987 τεταγμένος
828 1920 906 1985 τῷ
941 1915 1172 1990 βασιλεῖ,
1207 1915 1462 1989 οὐδεμίαν
1513 1916 1556 1972 δ’
1599 1914 1741 1993 ἔχων
1775 1919 1945 1974 αἰτίαν

313 2001 606 2075 ἀπεχθείας
665 2005 744 2072 τῷ
800 2004 1113 2077 πατριάρχῃ
1167 2005 1404 2078 παρόσον
1456 2006 1612 2060 τὸτά
1661 2005 1950 2062 δοκοῦντα-

317 2088 676 2163 ξυμπράττειν
709 2091 973 2164 αἱρεῖτθαι
1024 2097 1102 2163 τῷ
1155 2091 1389 2167 βασιλεῖ,
1423 2095 1456 2163 ἢ
1488 2099 1616 2170 γοῦν
1647 2101 1806 2150 τοῦτο
1841 2096 1950 2168 μό-

312 2198 404 2231 νον
439 2177 475 2246 ἢ
506 2176 595 2231 καὶ
638 2176 884 2253 δεύτερον
915 2179 976 2233 τὸ
1006 2182 1071 2234 τὰ
1101 2183 1217 2234 κατ’
1265 2181 1535 2250 ἀνατολὴν
1580 2185 1952 2259 πατριαρχικᾶ

316 2265 402 2342 ὑφ’
435 2265 579 2338 αὐτῷ
619 2266 793 2321 θέλειν
843 2273 1135 2338 ποιεῖσθαι,
1173 2267 1340 2342 μηδὲν
1396 2271 1555 2342 ἀξιῶν
1604 2270 1771 2326 πλέον
1802 2270 1948 2347 ἔχειν

310 2354 402 2409 τὸν
435 2355 784 2430 πατριάρχην
834 2355 909 2418 εἷς
939 2356 1148 2432 ἐνορίαν
1179 2359 1214 2429 ἢ
1245 2361 1380 2413 κατὰ
1440 2359 1611 2432 μόνην
1666 2366 1946 2415 Κωνσταν-

308 2442 626 2499 τινούπολιν
685 2445 1104 2520 περιοριζόμενα
1137 2489 1153 2519 ,
1211 2447 1277 2501 τά
1325 2445 1372 2501 δ’
1429 2446 1528 2520 ἔξω
1573 2448 1775 2519 ταύτης
1846 2451 1947 2504 ὑπὸ

302 2658 419 2713 tiae.
471 2658 733 2722 Quadam
805 2659 928 2714 vice
990 2659 1249 2715 instabat
1329 2660 1735 2718 vehementius
1792 2666 1944 2734 apud

308 2739 554 2793 Veccum
605 2737 805 2807 cliens,
876 2745 940 2793 ut
998 2755 1100 2810 pro
1163 2756 1224 2794 se
1280 2741 1492 2796 iterum
1536 2742 1946 2813 imperatorem

308 2826 456 2880 451
511 2831 755 2895 rogaret.
802 2825 899 2880 ille
945 2831 1141 2881 autem
1198 2827 1552 2899 experientia
1573 2831 1698 2900 jam
1730 2847 1948 2901 gnarus

324 2912 973 2982 negationidilationem
1024 2915 1282 2980 obtendi,
1318 2933 1541 2973 necnon
1594 2918 1946 2990 intelligens,

319 3000 367 3054 si
402 3001 588 3055 denuo
621 3001 688 3056 de
721 3001 1217 3073 hoccompellaret
1247 3005 1677 3075 imperatorem,
1711 3007 1768 3061 in
1801 3008 1947 3062 iram

313 3104 379 3143 se
406 3087 574 3143 illum
607 3090 1059 3155 concitaturum,
1084 3095 1148 3145 ut
1173 3091 1382 3146 saltem
1413 3093 1605 3148 clienti
1638 3111 1699 3148 se
1735 3112 1946 3167 purga-

2056 1920 2381 1995 περιορίζων
2411 1924 2507 1993 τῇς
2541 1924 2968 1996 Κωνσταντίνου,
3024 1923 3151 1997 μηδ’
3200 1926 3408 2002 ἐνορίαν
3460 1931 3558 1983 ὅσα
3608 1931 3696 1985 καὶ

2059 2012 2154 2060 τοῦ
2213 2008 2478 2083 τυχόντος
2537 2011 2832 2065 ἐπισκόπου
2885 2014 3227 2087 προσνέμων.
3271 2014 3426 2071 ἈλΛ’
3459 2019 3486 2072 6
3518 2019 3698 2074 Ἰσαὰκ

2056 2098 2179 2151 τότε
2208 2097 2298 2151 τὸν
2329 2100 2512 2173 καιρὸν
2572 2106 2670 2162 τῆς
2719 2101 3009 2175 ἀπεχθείας
3065 2103 3305 2168 ἁρπάσας
3339 2105 3412 2167 ὡς
3440 2103 3693 2180 ἕρμαιον,

2055 2186 2352 2258 περιεποίει
2409 2193 2524 2250 τοῖς
2580 2187 2896 2252 ἐπισκόποις
2953 2191 3119 2244 αὐτοῦ
3153 2235 3172 2259 ,
3226 2194 3418 2248 ταυτὸν
3495 2193 3550 2250 δὲ
3605 2197 3695 2251 καὶ

2057 2275 2229 2347 ὲαυτῷ
2287 2276 2480 2352 λέγειν,
2529 2279 2594 2331 τὰ
2640 2282 2740 2344 τῆς
2802 2282 3421 2347 Κωνσταντινουπόλεως
3492 2283 3698 2358 δίκαια,

2054 2365 2152 2418 Τὸν
2189 2366 2367 2438 μέντοι
2397 2387 2456 2440 γε
2490 2369 2832 2443 πατριάρχην
2883 2370 2984 2424 οὐκ
3035 2369 3167 2425 ἀνίει
3225 2374 3351 2448 παρ’
3403 2372 3567 2437 ὅλους
3599 2372 3695 2430 δίο

2059 2456 2282 2524 μῆναςὸ
2317 2454 2572 2530 βασιλεὺς
2619 2477 2751 2512 ποτε
2809 2459 2903 2531 μὲν
2962 2457 3038 2522 εἷς
3093 2459 3292 2536 κρίσεις
3349 2463 3696 2536 ὲγκαθιστῶν,

2057 2669 2230 2723 uariae
2281 2672 2551 2741 potestati
2604 2673 2946 2744 patriarcha;
2995 2676 3252 2746 subjecta
3291 2687 3696 2742 remanerent:

2058 2771 2182 2826 quae
2209 2763 2369 2812 extra
2399 2760 2601 2815 urbem
2633 2767 2851 2825 essent,
2884 2779 3086 2818 eorum
3120 2767 3464 2824 auctoritate
3495 2771 3695 2840 subja-

2057 2850 2252 2900 cerent
2281 2847 2595 2917 prmsulum
2629 2850 2729 2920 qui
2764 2851 3043 2908 dimceses
3074 2854 3172 2908 ubi
3191 2861 3358 2911 erant
3379 2857 3478 2913 illa
3508 2860 3698 2929 posita

2056 2934 2369 3005 episcopali
2396 2937 2738 2992 auctoritate
2763 2940 3175 3010 gubernarent.
3203 2945 3260 2997 ld
3285 2943 3382 3000 ille
3407 2945 3544 3001 olim
3570 2965 3693 3004 me-

2058 3021 2277 3078 ditatus
2305 3028 2446 3079 tunc
2476 3026 2736 3095 perfecit,
2771 3044 2883 3082 non
2917 3029 3030 3084 alia
3077 3031 3386 3088 efficaciori
3433 3035 3697 3094 adhibita

2058 3109 2327 3166 machina
2359 3129 2532 3182 quam
2565 3113 2934 3186 imperatoris
2955 3134 2988 3171 a
3018 3120 3350 3188 patriarcha
3376 3123 3462 3178 vel
3482 3142 3695 3195 procu-

309 3181 397 3231 ret
429 3177 573 3231 forte
603 3183 1006 3248 suspectaturo
1037 3196 1104 3234 ex
1147 3186 1353 3235 eventu
1403 3183 1708 3239 remissius
1755 3186 1943 3255 egisse

2065 3199 2233 3253 rando
2263 3199 2349 3253 vel
2381 3177 2672 3270 proveudo
2713 3203 2974 3260 dissidio.
3017 3177 3178 3268 buod
3230 3209 3364 3265 fecit
3393 3177 3577 3282 hujrus
3595 3177 3698 3269 ac—

308 3269 649 3337 patronum,
681 3266 861 3321 Deum
893 3272 1098 3322 testem
1131 3269 1394 3324 adhibuit
1423 3270 1631 3326 sinceri
1664 3273 1754 3326 sui
1785 3290 1851 3328 ea
1881 3274 1940 3328 in

312 3370 491 3409 causa
521 3355 725 3421 studii,
775 3357 895 3410 alta
941 3373 1075 3411 voce
1122 3362 1452 3413 contestans
1504 3365 1681 3415 Deum
1722 3362 1948 3430 utique,

311 3460 485 3514 quem
514 3443 597 3498 nil
632 3444 825 3514 lateat,
852 3445 1047 3501 videre
1091 3463 1208 3516 qua
1240 3447 1373 3517 ﬁde,
1397 3465 1631 3521 quoque
1651 3451 1855 3506 effectu
1881 3468 1946 3507 eo

313 3531 632 3601 patrocinio
664 3532 1020 3604 fungeretur.
1056 3535 1134 3589 Ex
1160 3535 1268 3589 hac
1290 3535 1388 3590 Dei
1417 3539 1711 3593 mentione
1733 3539 1948 3594 calum-

311 3619 420 3674 niae
446 3637 646 3675 ansam
681 3620 780 3691 qui
813 3638 1068 3690 prasens
1118 3624 1265 3678 forte
1302 3628 1443 3679 tunc
1493 3627 1680 3681 adfuit
1726 3628 1951 3683 delator

309 3723 575 3775 sumens,
598 3708 774 3763 multo
806 3709 1016 3764 deinde
1040 3711 1329 3780 posterius
1359 3711 1418 3765 in
1440 3715 1754 3784 malignam
1780 3717 1949 3771 istam

308 3796 740 3851 accusationem
777 3798 1077 3868 processit,
1111 3799 1435 3854 criminans
1458 3801 1677 3856 scilicet
1704 3805 1950 3874 patriar-

309 3885 504 3954 cham,
556 3885 695 3938 dum
728 3885 1013 3956 supplicis
1039 3901 1277 3940 causam
1303 3893 1516 3958 ageret,
1543 3891 1699 3945 diras
1721 3893 1950 3963 Augus-

307 3977 368 4027 to
390 3974 775 4043 imprecatum
815 3975 871 4028 in
898 3974 1178 4030 ultionem
1211 3979 1431 4046 negatae
1455 3979 1701 4049 supplici
1733 3981 1947 4050 gratiae.

309 4061 412 4116 His
461 4061 629 4132 quasi
679 4062 1031 4132 quibusdam
1077 4064 1366 4119 machinis
1424 4071 1526 4120 aut
1571 4067 1952 4124 validissimis

310 4149 592 4205 arietibus
625 4167 1011 4206 concussuros
1040 4157 1098 4206 et
1128 4154 1456 4223 dejecturos
1488 4171 1616 4210 sese
1646 4159 1858 4212 turrim
1881 4158 1951 4213 il-

308 4237 427 4292 lam
462 4237 656 4292 invicti
687 4239 864 4293 animi
897 4238 1347 4295 calumniatores
1399 4245 1740 4314 nequissimi
1783 4251 1951 4316 puta-

310 4326 772 4382 bant.Incitabat
800 4331 993 4382 autem
1026 4344 1122 4382 eos
1157 4331 1438 4386 accedens
1465 4333 1535 4386 ad
1569 4350 1688 4388 rem
1738 4352 1951 4406 urgen-

309 4414 445 4469 dam
482 4414 690 4486 Ephesi
712 4415 959 4470 antistes
991 4421 1172 4486 Isaac,
1203 4433 1316 4488 quo
1349 4419 1643 4490 spirituali
1673 4427 1840 4479 Patre
1864 4429 1952 4479 at-

311 4519 427 4574 que
459 4503 677 4558 arbitro
727 4503 1098 4558 conscientiae
1147 4509 1286 4560 tunc
1315 4509 1617 4580 Augustus
1655 4512 1947 4579 utebatur,

307 4607 425 4646 non
449 4591 604 4662 quod
639 4590 817 4646 ullam
848 4592 974 4663 ipse
1005 4592 1241 4662 quidem
1275 4597 1505 4665 proprie
1560 4597 1798 4654 haberet
1835 4601 1952 4654 odii

308 4695 550 4735 causam
580 4680 860 4735 adversus
891 4681 1414 4751 patriarcham,sed
1438 4689 1501 4739 ut
1531 4687 1956 4756 gratificaretur

305 4767 650 4838 imperatori
679 4767 739 4822 in
779 4785 906 4823 eam
937 4785 1115 4840 quam
1147 4769 1248 4824 ille
1278 4772 1384 4826 hac
1416 4781 1537 4828 arle
1576 4782 1952 4844 procuratum

307 4856 435 4912 ibat
482 4857 840 4913 retusionem
891 4858 1252 4914 conﬁdentiae
1299 4860 1490 4930 Vecci,
1541 4878 1613 4917 ne
1678 4865 1952 4940 deinceps

308 4950 434 5001 tam
467 4945 644 5001 libere
667 4963 836 5018 agere
865 4963 1064 5002 secum
1095 4949 1657 5016 auderet,cfﬁcacem
1683 4969 1783 5023 pro
1800 4957 1952 5012 virili

305 5033 599 5089 conferret
654 5051 912 5104 operam.
962 5035 1305 5107 Quanquam
1355 5054 1468 5093 non
1524 5039 1714 5095 aliena
1763 5044 1951 5101 solum

308 5139 512 5186 causa,
546 5123 646 5177 sed
675 5123 892 5194 proprii
924 5124 1100 5178 etiam
1133 5130 1397 5194 respectu
1437 5134 1691 5198 quaestus
1740 5131 1797 5186 in
1852 5134 1954 5191 hoc

309 5214 542 5266 motum
575 5212 1028 5282 suspicabantur
1082 5213 1342 5283 quidam,
1387 5216 1608 5286 opinati
1657 5221 1955 5280 studuisse

310 5315 420 5371 per
449 5297 559 5353 hoc
583 5297 778 5370 ipsum
811 5304 978 5370 rapta
1025 5291 1351 5371 opportune
1399 5304 1700 5361 occasione
1749 5325 1816 5364 ex
1857 5330 1951 5384 pe-

311 5385 504 5442 riculo
557 5389 740 5452 Vecci,
787 5405 895 5443 suo
931 5389 1051 5458 juri
1108 5390 1462 5462 subjungere
1518 5392 1644 5448 loca
1683 5397 1955 5464 jurisdic-

311 5473 467 5531 tioni
501 5475 843 5544 patriarchae
874 5481 1166 5532 reservata
1197 5478 1254 5532 in
1287 5480 1515 5534 cunctis
1539 5497 1638 5548 per
1665 5484 1953 5548 Orientem

316 5561 699 5629 dioecesibus,
731 5563 814 5618 ita
847 5568 910 5618 ut
935 5579 1001 5618 ea
1022 5568 1250 5621 tantum
1281 5584 1446 5623 sacra
1484 5568 1609 5624 loca
1639 5588 1766 5642 quae
1807 5576 1955 5636 intra

314 5665 505 5708 unam
536 5652 741 5708 urbem
774 5652 1337 5725 Constantinopolim
1369 5657 1481 5712 sita
1530 5667 1745 5729 essent,
1797 5669 1954 5722 ordi-

2055 3292 2356 3344 cusatores
2370 3289 2834 3358 adjuvans,452
2853 3299 2908 3347 et
2931 3298 3048 3348 tota
3068 3311 3175 3350 sua
3196 3297 3395 3354 fovens
3418 3302 3694 3371 potentia,

2058 3393 2141 3446 11.
2178 3393 2241 3448 ω
2271 3396 2489 3474 perlata
2562 3398 3024 3474 promulgataque
3092 3404 3265 3474 fuerit
3337 3406 3698 3474 imperatoria

2125 3463 2340 3543 ηουεζια
2389 3465 2460 3550 ,ἀε
2509 3463 2873 3550 διᾲανορθρἱίδ
2921 3463 3034 3526 sive
3091 3463 3222 3528 locis
3272 3463 3445 3532 sacris
3473 3482 3698 3550 praprie

2127 3533 2467 3603 patriarchae
2495 3533 2784 3607 subject-is:
2881 3549 2884 3552 “

2129 3639 2351 3694 Prodiit
2380 3641 2533 3694 enim.
2568 3642 2943 3713 imperatoria
2975 3647 3233 3716 Novella,
3266 3669 3380 3722 qua
3421 3671 3552 3710 cum
3587 3656 3702 3714 alia

2061 3728 2526 3783 decernebantur
2573 3733 2862 3800 quaedam,
2893 3739 3021 3790 tum
3081 3737 3223 3792 illud
3277 3740 3333 3794 in
3368 3743 3594 3812 primis,
3639 3751 3701 3800 ut

2063 3833 2192 3888 quae
2223 3817 2558 3888 ubicunque
2588 3818 2674 3872 vel
2705 3823 3154 3892 cujusquemodi
3187 3826 3313 3883 loca
3341 3830 3448 3898 vel,
3495 3849 3702 3887 mona-

2063 3907 2240 3961 steria
2270 3907 2610 3976 patriarchae
2633 3909 2734 3963 uni
2757 3912 3019 3981 subjecta
3037 3920 3272 3971 eatenus
3286 3921 3698 3989 censebantur,

2063 4011 2129 4049 ea
2155 3994 2428 4065 deinceps
2461 3997 2772 4067 episcOpis,
2815 4015 3063 4068 quorum
3114 4002 3225 4057 illae
3268 4008 3511 4078 proprias
3559 4010 3699 4064 dice-

2065 4099 2224 4137 ceses
2247 4087 2465 4154 essent,
2485 4085 2619 4153 jure
2638 4087 2931 4143 ordinario
2953 4090 3341 4160 sub-iacerent.
3367 4097 3706 4153 Addebatur

2066 4171 2278 4226 decreti
2312 4173 2477 4242 ratio,
2513 4191 2614 4244 per
2651 4175 2899 4231 abusum
2917 4178 3089 4232 videri
3122 4185 3389 4238 etcontra
3406 4202 3704 4243 sacrorum

2067 4276 2354 4315 canonum
2387 4262 2790 4319 auctoritatem
2825 4270 3107 4322 attentum
3142 4270 3197 4324 id
3232 4275 3385 4340 quod
3435 4291 3503 4328 ex
3535 4275 3706 4347 longo

2067 4347 2350 4403 hactenus
2415 4355 2673 4422 tempore
2726 4353 3055 4411 factitatum
3127 4359 3334 4424 fuerat,
3389 4367 3452 4417 ut
3499 4380 3709 4435 nempe

2068 4438 2410 4508 patriarchae
2431 4440 3072 4514 Constantinopolitano
3098 4447 3249 4502 ultra
3270 4450 3412 4506 ﬁnes
3444 4452 3708 4508 dicecesis

1987 4551 2031 4613 Β
2069 4526 2424 4598 proprizejus
2456 4535 2832 4600 competeret.
2878 4535 3038 4596 Quod
3077 4537 3175 4606 qui
3208 4537 3457 4606 dicebat,
3482 4541 3704 4596 nonin-

2063 4614 2362 4685 telligebat
2382 4616 2600 4686 eripere
2631 4635 2692 4673 se
2714 4621 3061 4690 patriarcha:
3083 4625 3317 4682 titulum
3341 4629 3708 4695 cacumenici,

2063 4703 2277 4774 quippe
2299 4721 2471 4775 quem
2495 4706 2983 4767 circumcluderet
3016 4714 3157 4769 urbe
3179 4715 3707 4790 Constantinopoli,

2063 4809 2168 4847 nec
2189 4793 2395 4847 saltem
2430 4794 2477 4847 ei
2513 4799 3166 4857 concederetdioecesim
3181 4810 3401 4874 quanta
3431 4812 3487 4862 et
3516 4809 3708 4879 qualis

2061 4882 2244 4936 cuivis
2267 4882 2441 4937 etiam
2470 4883 2694 4955 vulgari
2726 4888 3006 4945 tribuitur
3044 4893 3342 4966 episcopo.
3386 4897 3599 4953 Verum
3641 4899 3708 4955 id

2062 4975 2186 5025 tum
2212 4969 2447 5040 quidem
2481 4973 2626 5028 nihil
2659 4977 2824 5045 pensi
2857 4978 3082 5035 habens
3114 4982 3294 5049 Isaac,
3336 4991 3392 5040 et
3440 4987 3499 5042 in
3560 4987 3709 5043 lucri

2065 5062 2225 5128 parte
2257 5075 2572 5115 numerans
2623 5062 2878 5119 oblatam
2924 5069 3286 5128 occasionem
3337 5076 3710 5144 gratiﬁcandi

2065 5147 2356 5217 quomodo
2372 5164 2600 5218 cunque
2627 5152 2972 5209 amicissuis
2995 5156 3465 5232 episcopis,quos
3489 5165 3712 5220 multos

2065 5236 2575 5294 offendebantistae
2599 5241 2656 5294 in
2690 5244 2939 5312 propriis
2966 5246 3315 5306 dioecesibus
3339 5254 3712 5324 exceptiones
3798 5316 3801 5319 _

2063 5323 2322 5380 locorum
2350 5328 2781 5385 subtractorum
2816 5333 3122 5388 ordinariae
3142 5337 3405 5406 ipsorum
3431 5323 3710 5412 potestati

2071 5431 2139 5468 ac
2170 5415 2513 5484 patriarchae
2547 5421 2876 5475 auctoritati
2927 5423 3359 5495 subjectorum;
3394 5434 3451 5484 et
3495 5432 3716 5501 passim

2066 5502 2496 5557 contendebant
2527 5523 2640 5560 non
2675 5507 2974 5579 plusjuris
2997 5510 3629 5586 Constantinopolitani
3652 5521 3712 5574 in

2067 5590 2286 5645 alienas
2319 5591 2578 5647 dioceses
2601 5612 2777 5665 quam
2803 5598 3288 5669 cuiqueipsorum
3309 5604 3714 5662 inConstanti-

2068 5679 2466 5751 nopolitanam
2500 5699 2648 5739 esse.
2678 5690 2956 5742 Caeterum
2979 5689 3374 5759 patriarcham
3404 5696 3715 5767 imperator
