4130 6270
495 355 595 409 911

1789 357 2087 416 GEORGII
2124 358 2582 414 PACHYMERE

3729 367 3818 423 912

496 479 628 532 ποτε
660 476 715 531 δὲ
743 479 832 532 καὶ
865 478 996 553 ὑπὶρ
1045 477 1253 533 ἐκείνου
1312 479 1598 551 ἱστάμενος
1646 481 1737 534 καὶ
1777 482 1885 534 τῶν
1936 478 2135 555 ἐγκλη-
2168 484 2217 548 Α
2246 501 2351 534 των
2384 479 2462 552 τῷ
2496 479 2712 554 βασιλεῖ
2737 481 3042 554 προσήγετο
3091 478 3425 556 ἐπιδορπιος.
3477 483 3609 539 Ἐπεὶ
3637 483 3678 540 δ’
3704 487 3822 553 εἰκὸς

503 568 682 638 μάτων
719 565 976 621 ἀπολύων
1011 568 1085 628 ὡς
1117 567 1594 644 συκοφαντούντων
1654 572 1759 622 τῶν
1818 569 2134 642 κατηγόρων

505 649 775 726 ἄντικρυς.
810 654 908 706 Ἦν
974 651 1028 706 δὲ
1063 651 1212 706 διττὰ
1268 652 1506 728 στρέφων
1544 697 1557 721 ,
1589 659 1703 714 τοῖς
1756 654 1846 724 μὲν
1906 652 2136 727 κατηγὸ-

501 761 614 816 ροις
644 740 778 794 κατὰ
810 742 1064 815 πρόωπον
1123 739 1370 814 ἐγκαλεῖν
1430 739 1593 817 ἐφιεὶς
1647 740 1734 795 καὶ
1767 739 1922 809 δῆθεν
1985 739 2136 815 ἐλέγ-

503 848 642 903 χειν,
675 828 875 883 ἐκεῖνον
915 826 960 882 δ’
1009 827 1160 892 αὖθις
1189 829 1252 882 τὸ
1309 826 1470 904 μέρος
1526 832 1775 902 καταψῶν
1807 851 1864 883 τε
1919 829 2008 882 καὶ
2039 849 2135 882 πε-

499 918 885 992 ριποιούμενος
913 922 993 989 τῷ
1030 918 1078 992 γ’
1128 917 1425 971 ἐπικπίνειν
1477 921 1550 980 ὡς
1604 922 1812 991 πικρῶς
1872 938 2138 993 συκοφαν-

493 1011 638 1059 τοῖεν
682 1007 731 1058 οἱ
766 1005 1039 1080 λέγοντες,
1097 1006 1184 1058 καὶ
1232 1005 1276 1058 εἰ
1334 1003 1526 1072 ⁴ἤθελεν
1589 1007 1743 1066 οὗτος
1791 1003 1984 1081 λέγειν,
2039 1006 2137 1060 οὐκ

501 1095 559 1148 ἄν
596 1095 954 1169 συκοφαντίας
984 1094 1273 1168 ἡνοίγοντο
1336 1093 1594 1166 στόματα.
1629 1095 1726 1146 Ἦν
1788 1091 1834 1146 δ’
1893 1093 2136 1169 ἐμφανὴς

497 1182 734 1245 ἐντεῦθεν
777 1180 1190 1255 προσονειδίζων
1247 1187 1326 1253 τῷ
1355 1181 1666 1256 πατριάρχῃ
1693 1181 1754 1235 τὸ
1805 1183 1938 1256 πρὸς
1997 1180 2135 1236 έκεῖ-

494 1292 582 1325 νον
610 1269 810 1347 φίλερι·
873 1264 983 1342 ἔριν
1042 1271 1143 1343 γὰρ
1199 1269 1290 1323 τὸν
1356 1269 1543 1340 ζῆλον,
1573 1271 1663 1324 καὶ
1719 1271 1778 1323 τὸ
1839 1270 1970 1345 ὑπὲρ
2028 1275 2133 1324 τῶν

495 1356 862 1430 ἀδικουμένων
895 1355 1070 1432 λέγειν
1104 1355 1354 1430 ἐνοχλεῖν
1387 1355 1612 1430 ἔκρινεν.

495 1521 584 1594 ιβ’.
638 1520 720 1575 Τὰ
777 1514 1059 1609 συμϐάντα
1091 1522 1186 1609 ,υἱῷ
1233 1514 1544 1609 πατριάρχχὶη
1601 1516 1690 1572 διὰ
1742 1518 1840 1586 τὴν
1889 1522 1996 1572 τῶν
2026 1524 2129 1572 Κο-

1040 1586 1221 1643 λύϐων
1251 1586 1579 1657 ἀποστσλῆν,

566 1719 645 1789 [Ρ.
674 1717 798 1788 310]
831 1714 907 1772 Οὐ
940 1719 1129 1789 χεῖρον
1181 1712 1236 1768 δὲ
1291 1715 1381 1768 καὶ
1421 1715 1483 1768 τὸ
1540 1713 1590 1768 ἐν
1626 1714 1772 1788 ἀρχῇ
1803 1718 1910 1766 τῶν
1960 1735 2124 1784 κατη-

487 1803 816 1880 γορημάτων
851 1799 1083 1876 συμϐὰν,
1140 1804 1214 1863 ὡς
1245 1804 1458 1875 χάριεν,
1508 1800 1817 1876 ἱστορῆσαι,
1871 1801 1958 1856 καὶ
2013 1800 2124 1856 δεῖ·

489 1897 572 1966 ξαι
601 1893 774 1947 ὁπόσα
810 1893 1050 1966 πονηρία
1101 1887 1488 1963 προσλαϐοῦσα
1543 1891 1729 1964 καιρὸν
1783 1889 1951 1945 ἀνύει.
1987 1890 2124 1943 Σύν-

492 1993 621 2051 ηθες
655 1983 745 2054 μὲν
781 1982 870 2034 οὖν
930 1983 993 2048 ἦν
1055 1984 1357 2056 περιφανῶς
1407 1977 1678 2041 τελεῖσθαι
1721 1983 1789 2052 τῇ
1831 1977 2126 2049 Ἐκκλησία

491 2072 591 2138 τὴν
649 2076 749 2137 τῆς
803 2069 1144 2136 Ὑπαπαντῆς
1201 2068 1416 2141 ἑορτὴν,
1476 2068 1567 2120 ἅτε
1623 2069 1738 2119 κατ’
1787 2065 1990 2136 ἐκείνην
2034 2089 2124 2120 τυ-

493 2156 691 2231 χόντος
720 2156 845 2229 παρ’
897 2157 1100 2231 Ἰωσὴφ
1157 2155 1253 2208 τοῦ
1305 2158 1630 2227 κρατοῦντος
1682 2159 1780 2220 τῆς
1838 2156 2125 2227 συγχωρή-

491 2266 648 2306 σεως.
696 2244 761 2312 ἦν
798 2240 853 2296 δὲ
873 2243 958 2297 καὶ
994 2244 1140 2318 ἔφθῷ
1169 2263 1302 2313 σιτῳ
1344 2242 1552 2313 σύναμα
1606 2246 1835 2314 καρποῖς
1896 2241 2128 2315 ὀπωμῖιν

492 2331 928 2405 ποικιλλομένας
1010 2331 1104 2393 τάς
1171 2335 1278 2383 τῶν
1338 2329 1675 2402 ἐκπωμάτων
1736 2327 1994 2390 πλατείας
2050 2327 2125 2390 εἷς

487 2421 738 2497 εὐλογίαν
771 2420 1144 2496 προτίθεσθαι,
1195 2419 1268 2473 ὧν
1328 2419 1402 2479 ὡς
1459 2417 1682 2492 ἀπαρχή
1741 2419 1884 2486 τι.ςὴ
1946 2417 2126 2492 κρείτ-

481 2655 550 2696 ex
599 2655 701 2695 suo
749 2639 880 2692 voto
927 2635 1022 2690 his
1067 2633 1378 2690 calumniis
1418 2631 1645 2704 egregie
1675 2631 1991 2687 exercitum
2024 2648 2124 2701 per

475 2730 623 2783 duos
678 2729 830 2781 totos
877 2739 1106 2779 menses
1165 2721 1393 2788 habuit,
1419 2736 1575 2774 nunc
1637 2719 1943 2774 sententiis
1985 2735 2118 2774 eum

465 2815 737 2887 judicum
771 2812 1299 2884 permittens,nunc
1331 2809 1381 2864 ei
1406 2809 1565 2864 visus
1589 2807 1894 2878 suffragari
1917 2807 2117 2861 crimi-

477 2905 770 2973 nibusque
792 2901 988 2971 ipsum
1012 2897 1496 2965 solvere,mentiri
1513 2901 1882 2951 accusatores
1903 2902 1959 2948 et
1972 2894 2116 2948 nihil

478 2993 591 3046 nisi
625 3005 816 3044 meras
848 2988 1050 3043 ati'erre
1081 2985 1408 3042 calumnias
1445 2999 1732 3039 asserens.
1783 2982 2119 3036 Sustinebat

479 3083 672 3133 autem
704 3077 764 3130 in
795 3076 904 3130 hac
934 3075 1103 3146 quasi
1134 3090 1307 3129 scena
1331 3087 1636 3141 personam
1661 3069 2116 3140 duplicem,hinc

471 3167 706 3238 quidem
741 3163 932 3234 palam
964 3159 1403 3216 accusatoribus
1435 3157 1778 3228 permittens
1813 3158 2109 3211 criminari

475 3252 869 3326 patriarcham
890 3255 945 3304 et
959 3249 1212 3303 eidicam
1241 3248 1298 3300 in
1314 3263 1377 3301 os
1407 3262 1602 3301 coram
1622 3245 2108 3316 impingere,inde

474 3362 680 3402 rursus
693 3343 965 3398 eumdem
987 3355 1252 3395 seorsum
1273 3342 1619 3392 conventum
1650 3335 1956 3404 deliniens,
1981 3353 2115 3392 con-

478 3430 774 3490 dolereilli
801 3429 1091 3484 simulans
1123 3426 1292 3498 quasi
1324 3443 1427 3496 per
1457 3425 1809 3480 calumniam
1843 3425 2112 3492 injustis-

475 3524 623 3579 sime
651 3523 873 3574 vexato.
908 3519 971 3570 In
1005 3532 1118 3586 quo
1150 3530 1327 3585 quam
1361 3512 1509 3568 male
1539 3513 1894 3568 coharerent
1941 3514 2113 3568 dictis

471 3613 624 3666 facta
657 3607 850 3679 palam
891 3610 1034 3659 erat.
1065 3604 1124 3657 Si
1157 3601 1313 3656 enim
1345 3607 1464 3656 tam
1517 3606 1640 3655 erat
1670 3600 1752 3654 illi
1797 3606 2112 3671 perspecta,

473 3712 648 3769 quam
673 3691 853 3748 videri
885 3690 1134 3757 volebat,
1158 3686 1490 3742 innocentia
1511 3685 1816 3752 delati,cur
1829 3686 2113 3740 delatores

475 3791 598 3840 tam
630 3783 871 3838 licenter
892 3780 1224 3848 obstrepere
1244 3780 1406 3830 tanto
1431 3780 1688 3844 tempore
1711 3774 2114 3843 sinebat,quos

477 3874 698 3929 latebat
730 3869 1020 3924 neminem
1055 3882 1126 3920 ne
1157 3864 1382 3918 hiscere
1406 3863 1643 3932 quidem
1671 3877 1938 3926 ausuros,
1965 3865 2012 3914 si
2032 3862 2114 3915 eis

479 3961 567 4017 vel
591 3957 768 4016 semel
794 3956 1144 4010 declarasset
1166 3951 1482 4020 imperator
1501 3948 1610 4003 sibi
1636 3948 1941 4019 displicere
1959 3951 2112 4018 quod

480 4051 563 4106 illi
597 4044 876 4119 agerent?
907 4043 1012 4096 Sed
1047 4041 1154 4095 hoc
1186 4040 1336 4095 453
1364 4055 1566 4093 omnes
1605 4037 1879 4092 videbant
1905 4039 1978 4090 ab
2008 4054 2113 4091 au-

479 4141 635 4191 stuto
660 4131 920 4205 principe
949 4129 1027 4182 ita
1057 4126 1202 4194 ﬁeri,
1235 4131 1299 4178 ut
1331 4139 1431 4194 per
1461 4140 1522 4177 se
1562 4123 1912 4194 patriarcha,
1945 4123 2112 4178 intel-

477 4227 679 4295 ligeret
711 4221 868 4274 luere
900 4234 959 4272 se
991 4230 1219 4285 poenam
1253 4211 1625 4266 contentiosa
1648 4211 1974 4280 pertinacia
1999 4228 2116 4283 qua

470 4308 698 4382 jurgari
729 4322 862 4360 cum
893 4301 1155 4373 principe
1201 4315 1312 4353 non
1347 4301 1500 4351 esset
1554 4297 1791 4351 veritus.
1841 4298 2110 4369 Jurgium

477 4400 633 4455 enim
661 4395 758 4451 ille
783 4409 848 4448 ac
879 4389 1298 4446 contentiosam
1334 4386 1759 4456 pugnacitatem
1785 4384 2114 4454 appellabat

473 4486 810 4556 religiosum
833 4479 1021 4534 zelum
1042 4472 1445 4547 patrocinandi
1463 4472 1875 4526 circumventis
1889 4471 2111 4528 calum-

471 4576 570 4630 nia
598 4571 686 4626 vel
716 4568 831 4624 alia
863 4563 1065 4637 quavis
1094 4561 1311 4632 injuria
1341 4559 1658 4630 oppressis.

538 4737 622 4790 12.
659 4730 802 4802 Quid
829 4727 1118 4797 contigerit
1142 4721 1483 4849 patriarcha
1511 4736 1580 4776 ea:
1609 4719 1866 4775 missione
1906 4721 2066 4793 Caly-

1175 4810 1350 4849 orum.

1175 4810 1350 4849 orum.

531 4935 656 4989 Non
696 4931 798 4984 abs
845 4942 905 4980 re
932 4921 1103 4978 fuerit
1144 4924 1200 4975 et
1239 4918 1390 4990 quod
1443 4915 1611 4970 initia
1640 4917 1816 4986 hujus
1867 4935 2098 4974 accusa-

461 5023 637 5079 tionis
671 5016 883 5074 accidit
907 5009 1170 5083 joculare
1201 5024 1267 5063 ac
1299 5007 1453 5060 dictu
1486 5004 1744 5074 lepidum
1774 5007 2004 5076 referre,
2038 5014 2101 5062 ut

460 5131 528 5168 ex
558 5112 665 5166 hoc
689 5103 1009 5178 specimine
1032 5101 1210 5155 lector
1230 5095 1770 5164 aestimetquantum
1795 5094 1904 5148 Sibi
1929 5096 2099 5152 licere

457 5199 790 5271 malignitas
820 5192 953 5248 velit
983 5195 1039 5244 et
1070 5185 1208 5258 quid
1242 5201 1358 5239 non
1385 5181 1686 5236 occasione
1717 5189 1947 5252 arrepta
1971 5202 2095 5254 per-

452 5270 627 5344 ficiat.
658 5286 740 5340 Ad
775 5283 1117 5337 consuetum
1171 5273 1389 5342 ubique
1421 5286 1484 5323 ac
1534 5285 1764 5337 semper
1811 5270 2092 5327 cclcbpmn

455 5379 799 5449 apparatum
825 5371 1120 5436 ritumque
1152 5365 1468 5431 augustum
1506 5356 1898 5411 anniversario
1933 5361 2093 5415 cultu

453 5444 806 5522 honoranda
861 5450 1246 5512 solemnitatis
1298 5448 1668 5518 Hypapantes
1719 5444 1936 5516 aliquid
1989 5450 2096 5505 hoc

455 5561 716 5623 tempore
734 5540 1086 5602 caremonia
1109 5535 1507 5608 exquisitioris
1530 5533 1789 5588 adhiberi
1814 5542 1935 5591 erat
1952 5539 2091 5592 soli.

455 5648 583 5698 tum
615 5640 673 5694 in
705 5633 952 5708 gratiam
982 5634 1157 5700 atque
1204 5626 1481 5682 honorem
1510 5624 1894 5694 imperatoris,
1936 5630 2090 5700 quod

2244 567 2336 628 τὰς
2370 567 2583 641 χαλκᾶς
2632 566 2832 630 ὲκείνας
2883 567 3139 630 πλατείας
3174 565 3439 630 ὑποδοχὰς
3495 569 3719 635 πλείστας
3747 574 3824 630 ού-

2256 677 2348 718 σας
2401 651 2590 725 ἔξωθεν
2643 655 3001 729 ἐρανίζεσθαι,
3063 655 3153 710 σὺν
3210 661 3328 718 ταῖς
3408 657 3590 720 ἄλλαις
3641 663 3696 728 ἦν
3751 665 3826 735 μία

2246 741 2480 798 δοκοῦσα
2511 744 2600 798 καὶ
2631 743 2925 819 πρωτεύειν
2955 748 3033 812 τῷ
3062 741 3252 798 κάλλει
3292 745 3380 798 καὶ
3403 745 3511 816 ἀξία
3551 748 3623 818 τῷ
3648 749 3827 821 βασιλεῖ

2244 833 2646 906 προσάγεσθαι,
2705 831 2738 899 ἢ
2800 829 2866 898 δὴ
2924 832 3010 884 καὶ
3061 833 3369 906 γράμμασιν
3427 834 3717 906 Αἰγυπτίοις
3767 839 3826 900 ὡς

2246 919 2574 992 ποικίλμασί
2631 941 2766 974 τισιν
2851 918 3214 976 ἐνεσκεύαστο.
3300 917 3512 974 εἶῦιστᾶι
3593 923 3702 996 γὰρ,
3766 927 3826 987 ὡς

2244 1007 2485 1082 ἐλέγετο,
2530 1007 2848 1081 Αἷγυπτίοις
2903 1009 3011 1062 ἀντ’
3052 1006 3234 1062 ἄλλων
3290 1013 3445 1062 τινῶν
3493 1008 3828 1083 ποικιλμάτων

2245 1095 2295 1150 ἔν
2327 1118 2384 1150 τε
2405 1093 2640 1156 πέπλοις
2672 1096 2760 1150 καὶ
2802 1101 3158 1172 φωταγωγοῖς
3201 1095 3291 1150 καὶ
3343 1097 3542 1151 σκεύεσι
3597 1101 3830 1162 παντοίοις

2243 1190 2358 1245 τοῖς
2413 1185 2696 1258 γράμμασι
2755 1191 3012 1257 χρῆσθαι.
3071 1185 3308 1258 ’Έτυχον
3366 1182 3422 1238 δὲ
3472 1185 3534 1239 τὰ
3579 1189 3836 1261 γράμματα

2239 1277 2337 1326 τοῦ
2367 1272 2668 1346 καταράτου
2701 1271 3034 1344 Μαχούμετ,
3060 1273 3252 1326 ταυτὸν
3299 1271 3345 1326 δ’
3375 1272 3538 1326 εἰπεῖν
3564 1275 3644 1328 καὶ
3693 1277 3832 1330 Μωά.

2246 1371 2366 1432 μεθ,
2430 1358 2604 1431 ὄνομα
2661 1362 2838 1436 φέρειν
2898 1359 2975 1422 εἷς
3037 1355 3279 1428 ἔπαινον,
3335 1363 3513 1416 Τοῦτο
3565 1361 3736 1434 κύκλῳ
3782 1366 3837 1435 τῇ

2237 1447 2466 1518 πλατείᾳ
2547 1447 2978 1522 ἐγγεγραμμένον
3063 1447 3191 1509 τοὺς
3261 1449 3684 1524 κατήγοροῦντας
3758 1450 3840 1506 οὐκ

2237 1533 2414 1601 ἔλαθε,
2449 1536 2550 1594 Καὶ
2584 1533 2650 1604 δὴ
2700 1533 2800 1608 ἔξω
2845 1537 3098 1608 κειμένης
3156 1533 3231 1590 ἔτι
3289 1539 3415 1612 πρὶν
3478 1536 3534 1590 ἂν
3593 1537 3838 1612 εἷσαχῦείη

2235 1630 2315 1696 τῷ
2345 1622 2578 1698 βασιλεῖ,
2627 1624 2775 1678 οὗτοι
2823 1626 3130 1698 πέμψαντες
3186 1623 3610 1699 ἀναγγέλλουσιν
3665 1627 3729 1687 ὡς
3758 1626 3839 1681 οὐκ

2237 1711 2404 1766 εἷσιτά
2431 1733 2491 1787 γε
2537 1711 2603 1766 τὰ
2649 1719 2747 1781 τῆς
2801 1709 3063 1773 πλατείας
3109 1714 3186 1774 εἷς
3238 1711 3467 1786 βασιλέα
3515 1713 3758 1790 φερούσης
3785 1715 3839 1768 τὸ

2235 1799 2506 1874 ἐξάγιστον
2541 1796 2734 1871 ὄνομα,
2775 1801 2862 1854 καὶ
2911 1801 2983 1861 ὡς
3032 1801 3060 1854 ὁ
3092 1800 3440 1875 πατριάρχης
3497 1800 3738 1870 ἐὼίτηδες
3766 1801 3840 1855 ἐν·

2236 1889 2546 1942 σκενάσαιτο
2579 1887 2784 1957 ἐκείνην
2837 1890 3144 1964 πεμφθῆναι
3198 1893 3278 1960 τῷ
3338 1888 3573 1964 βασιλεῖ,
3621 1891 3745 1964 ᾗπερ
3776 1891 3840 1961 μὴ

2238 1977 2401 2049 μόνον
2435 1975 2533 2030 οὐκ
2563 1975 2811 2050 εὒλογίας
2861 1978 3018 2047 μετὸν
3079 1974 3165 2030 διὰ
3214 1981 3276 2030 τὸ
3324 1985 3427 2046 τῆς
3459 1985 3666 2052 γραφῆς
3695 1999 3843 2050 μυσα-

2237 2067 2348 2140 ρὸν,
2408 2065 2552 2119 ἀλλὰ
2602 2066 2688 2118 καὶ
2753 2066 2954 2137 μύσους
3009 2067 3076 2119 τὰ
3137 2064 3367 2138 μέγιστα
3437 2061 3840 2142 προεστρίϐετο.

2233 2158 2405 2208 Ταῦτα
2435 2153 2737 2224 πυθόμενος
2772 2154 2798 2207 ὁ
2831 2151 3108 2226 βασιλεὺς,
3165 2155 3328 2228 πείρᾳ
3392 2152 3565 2208 Θέλων
3614 2153 3846 2228 γνωρίσαι

2232 2243 2298 2297 τὰ
2339 2237 2683 2315 ἀγγελθέντα,
2724 2240 2772 2313 ἐξ
2821 2241 2992 2309 αὐτῆς
3050 2242 3252 2312 πέμπει
3316 2242 3411 2296 τὸν
3466 2246 3562 2296 τοῦ
3618 2246 3848 2301 κοιτῶνος

2237 2328 2730 2403 παρακοιμώμενον
2817 2328 2906 2382 τὸν
2985 2326 3266 2404 βασιλικὸν
3323 2330 3611 2386 Βασίλειον
3674 2329 3852 2399 ξυνετὸν

2237 2417 2365 2472 ὅντα
2411 2415 2746 2490 γραμμάτων
2800 2417 3142 2491 Ἀγαρηνῶν,
3199 2416 3287 2470 καὶ
3347 2418 3410 2481 ’ὸς
3464 2415 3771 2493 ἀνεγίνωσκέ
3801 2436 3848 2469 τε

2231 2632 2305 2699 is,
2338 2636 2398 2685 ut
2445 2630 2662 2685 dictum
2696 2633 2804 2699 est,
2856 2630 2955 2685 tali
3013 2630 3105 2685 die
3152 2631 3565 2686 communioni
3608 2630 3842 2686 Ecclesia

2229 2719 2532 2773 restitutus
2546 2718 2982 2773 etanathemate
3002 2718 3232 2774 solutus
3251 2719 3553 2790 aJosepho
3576 2719 3836 2774 fuissetJn

2227 2806 2320 2860 his
2343 2812 2536 2861 autem
2565 2823 2690 2877 qua
2718 2823 2783 2861 ex
2807 2806 3129 2861 abundanti
3162 2807 3544 2862 addebantur
3561 2809 3633 2862 ad
3657 2807 3839 2878 passim

2228 2894 2474 2949 usitatos
2503 2895 2630 2962 ejus
2662 2894 2961 2965 religionis
2992 2896 3160 2964 ritus,
3193 2895 3335 2950 illud
3379 2903 3510 2951 erat
3535 2901 3601 2951 ut
3630 2896 3686 2950 in
3706 2893 3852 2950 lanci-

2225 2983 2336 3037 bus
2367 2983 2700 3037 encaustico
2751 2999 2923 3052 opere
2963 2982 3294 3052 variegatis,
3348 2983 3598 3054 pictura
3656 2985 3853 3037 fructus

2226 3071 2343 3126 fere
2381 3071 2752 3126 autumnales
2795 3069 3172 3142 exprimente,
3224 3071 3607 3128 frumentum
3663 3076 3856 3127 tostutn

2223 3158 2562 3229 patriarcha
2595 3160 2665 3214 ad
2690 3176 2850 3214 aram
2883 3159 3147 3214 facientis
3165 3159 3590 3216 benedictione
3623 3159 3857 3215 sanctiﬁ-

2221 3248 2472 3300 candum
2497 3247 2947 3311 offerretur,tum
2967 3247 3176 3301 harum
3200 3246 3352 3301 lanci
3371 3266 3473 3304 um
3509 3249 3720 3304 eximia
3739 3262 3859 3312 una,

2219 3335 2610 3406 primitiarum
2635 3334 2749 3390 ritu
2767 3335 3318 3405 quodam,epulanti
3342 3344 3628 3410 Augusto
3663 3335 3861 3393 mensis

2220 3422 2494 3476 secundis
2525 3422 2852 3476 inferretur.
2880 3421 3163 3487 Quoniam
3198 3439 3328 3478 vero
3355 3441 3662 3480 anearum
3681 3423 3858 3478 istius-

2220 3509 2375 3563 modi
2408 3510 2662 3564 lancium
2695 3510 2765 3564 ad
2799 3509 2904 3564 hos
2936 3526 3081 3565 usus
3143 3513 3452 3584 corrogari
3507 3515 3582 3568 ab
3629 3510 3859 3568 externis

2219 3597 2507 3668 plurimos
2559 3614 2795 3652 necesse
2832 3603 2974 3662 erat,
3009 3598 3158 3654 inter
3205 3599 3338 3654 illas
3379 3619 3514 3672 qua
3567 3601 3674 3655 hoc
3720 3613 3854 3653 anno

2219 3687 2600 3741 commodata
2630 3703 2662 3740 a
2692 3686 2866 3741 variis
2900 3686 3150 3754 fuerant,
3183 3704 3301 3742 una
3349 3691 3510 3745 forte
3560 3687 3858 3761 speciosior

2217 3775 2344 3829 visa
2364 3775 2607 3840 caeteris,
2639 3781 2692 3830 et
2720 3792 2783 3829 eo
2816 3775 2991 3844 digna
3023 3793 3135 3845 pra
3168 3780 3402 3833 cunctis
3436 3797 3569 3849 qua
3622 3779 3856 3847 impera-

2218 3863 2329 3917 tori
2362 3864 2685 3930 sisteretur,
2721 3863 2976 3933 seposita
3025 3865 3093 3918 ad
3143 3865 3248 3919 hoc
3298 3866 3514 3937 ipsum
3568 3871 3676 3922 est.
3724 3863 3857 3918 Huic

2219 3967 2411 4021 porro,
2457 3959 2664 4021 prater
2697 3957 2964 4006 cateram
3021 3953 3239 4007 inducti
3288 3953 3606 4027 eleganter
3655 3949 3860 4008 tectorii

2220 4039 2493 4109 speciem,
2525 4041 2774 4110 ngyptii
2811 4057 3041 4111 quoque
3065 4041 3330 4112 inscripti
3359 4040 3861 4098 characteresine-

2220 4133 2372 4182 rant.
2404 4132 2758 4183 Consuetum
2795 4130 3030 4199 quippe,
3065 4135 3128 4183 ut
3156 4130 3347 4197 aiunt,
3382 4132 3661 4204 ngyptis
3699 4135 3780 4184 est
3809 4128 3857 4180 in

2216 4215 2361 4270 velis
2419 4215 2781 4270 candelabris
2841 4216 3111 4287 vasisque
3177 4217 3428 4288 reliquis
3479 4216 3857 4291 insigniendis

2219 4303 2392 4358 istam
2424 4308 2479 4357 et
2505 4302 2716 4357 litteris
2748 4303 3010 4373 ipsorum
3035 4305 3295 4374 speciose
3321 4306 3503 4362 illitis
3539 4303 3851 4362 ornamenti

2219 4392 2500 4446 rationem
2529 4391 2812 4445 affectare.
2845 4395 3006 4446 Forte
3027 4399 3221 4446 autem
3243 4395 3466 4460 evenit,
3489 4401 3557 4450 ut
3580 4412 3708 4468 qua
3729 4394 3854 4447 hanc

2220 4477 2542 4550 imperatori
2601 4479 2952 4534 destinatam
3003 4480 3227 4534 lancem
3259 4481 3570 4538 elementa
3617 4480 3855 4554 Egyptia

2139 4558 2185 4621 Ι)
2216 4568 2552 4640 pingebant,
2575 4568 2948 4624 exsecrabilis
2961 4570 3113 4624 454
3137 4568 3702 4640 Machumetis,seu,
3725 4564 3856 4640 quod

2214 4657 2368 4710 idem
2409 4660 2515 4722 est,
2561 4654 2928 4721 Mahometis,
2969 4655 3283 4710 honorifice
3317 4674 3550 4713 nomen
3588 4657 3860 4728 exprime-

2215 4748 2359 4798 rent.
2416 4742 2539 4796 Non
2593 4742 2764 4796 latuit
2793 4748 3163 4798 accusatores
3194 4744 3424 4799 circum
3452 4747 3667 4801 orbem
3699 4741 3861 4812 hujus

2213 4834 2422 4901 patina
2469 4831 2927 4886 abominandum
2972 4831 3026 4885 id
3084 4831 3445 4887 vocabulum
3502 4833 3863 4902 inscriptum.

2215 4920 2365 4973 Cum
2411 4936 2478 4973 ea
2523 4919 2697 4989 igitur
2727 4919 2915 4974 adhuc
2949 4920 3008 4974 in
3032 4919 3251 4990 templo
3279 4915 3861 4991 seposita,quemad-

2213 5010 2452 5063 modum
2485 5012 2572 5063 est
2602 5009 2841 5076 dictum,
2872 5013 2936 5062 ut
2966 5009 3032 5063 ad
3064 5009 3488 5079 imperatorem
3526 5010 3865 5070 deferretur,

2211 5102 2415 5159 staret,
2452 5097 2634 5152 misso
2661 5096 2718 5150 hi
2753 5103 2902 5152 certo
2935 5097 3172 5152 homine
3208 5097 3258 5151 ei
3299 5099 3599 5154 nuntiant
3647 5097 3861 5150 lancem

2209 5186 2320 5256 ipsi
2375 5185 2725 5240 offerendum
2776 5185 3036 5240 studiose
3084 5184 3364 5240 delectam
3430 5204 3467 5240 a
3514 5181 3866 5258 patriarcha,

2209 5291 2338 5346 quae
2367 5273 2725 5328 detestabilis
2756 5280 2910 5329 esset
2954 5273 3208 5328 nominis
3257 5275 3632 5344 ascriptione
3685 5270 3867 5340 profa—

2207 5370 2364 5426 nata,
2417 5367 2480 5415 ut
2525 5362 2786 5416 videlicet
2837 5380 2942 5432 pro
2990 5369 3257 5432 separata
3299 5369 3591 5433 Augusta
3632 5377 3702 5416 ex
3741 5359 3862 5429 ejus

2206 5451 2356 5507 sacri
2391 5450 2730 5521 apophoreti
2766 5450 3208 5522 participatione
3243 5450 3441 5522 gratia
3478 5449 3722 5505 macula
3760 5445 3864 5516 ipsi

2203 5538 2424 5593 infandi
2459 5539 2675 5608 piaculi
2704 5539 3042 5608 contagione
3075 5539 3227 5594 velut
3258 5540 3526 5611 quadam
3552 5540 3866 5594 exsecrata

2202 5627 2644 5699 superstitionis
2674 5627 3034 5685 allineretur.
3069 5629 3196 5684 Hac
3227 5627 3485 5685 audiens
3518 5629 3865 5699 imperator,
