4130 6270
390 302 495 356 913

1441 307 1535 358 DE
1578 302 1945 359 MICHAELE
1981 299 2423 355 PALEOLOGO
2458 300 2592 352 LIB.
2634 299 2730 351 VI.

3665 290 3775 344 914

390 425 479 480 καὶ
548 426 610 480 τὸ
684 424 885 496 ἀληθὲς
939 428 1369 502 προσεμαρτύρει
1447 432 1561 488 τοῖς
1613 425 2021 500 ἀπαγγείλασιν.
2055 420 2337 493 Ακλησία
2404 422 2663 493 ποιμένος
2694 419 3088 495 κεχηρωμένη,
3143 419 3268 490 μήτ’
3313 415 3522 502 ἐκείνου
3570 414 3771 489 παρόν-

392 516 457 571 ἸῙ
494 515 587 587 μὲν
622 513 711 568 οὖν
772 514 1005 569 πλατεῖα
1063 515 1163 570 οὐκ
1220 516 1463 590 εἰσήγετο
1516 514 1603 569 διὰ
1649 517 1747 583 τὴν
1783 512 2028 583 συνείδη-

395 625 500 672 σιν,
532 604 629 671 τὴν
678 602 1050 671 ἀποστολικὴν
1109 603 1422 675 παραίνεσιν
1472 609 1568 658 τοῦ
1631 602 1897 678 βασιλέως
1928 624 2029 671 τη-

396 693 695 766 ρήσαντος³
757 692 817 746 τὸ
872 689 929 745 δὲ
979 696 1044 765 τῇ
1104 691 1224 762 ἑξῆς
1282 694 1357 755 ὡς
1414 691 1670 766 ἔγκλημα
1726 694 1811 747 καὶ
1870 695 2028 745 τοῦτο

395 778 713 853 προύτίθετο
740 778 1011 853 μέγιστον.

396 939 478 1013 ιγ’.
545 941 732 1002 ⁶Οπως
800 941 1196 1014 παρητήσατο-
1243 940 1332 1014 τόν
1421 938 1610 1010 θρόνον
1675 941 1702 993 6
1764 958 2026 1012 πατριαρ-

958 1010 1134 1084 χεύων
1188 1011 1460 1078 Ἰωᾶννής.

464 1136 545 1205 [Ρ.
578 1136 702 1206 311]
751 1136 838 1196 Ὡς
894 1134 1068 1189 τοίνυν
1121 1135 1186 1189 τὰ
1243 1134 1377 1190 κατᾶ
1422 1136 1511 1189 τὸν
1561 1133 1903 1209 πατριάρχην
1939 1133 2025 1187 ἐπὶ

394 1221 527 1292 μησὶ
557 1220 704 1275 δυοῖν
738 1219 976 1297 ἐτρίϐετο
1007 1225 1096 1277 καὶ
1139 1222 1292 1278 οὐδὲν
1338 1225 1553 1293 ἠνύετο,
1590 1223 1751 1294 μὸνον
1787 1220 1832 1275 δ’
1862 1222 2025 1283 ὒθλος

388 1309 476 1363 καὶ
507 1308 757 1384 λοιδορία
807 1312 895 1365 καὶ
946 1317 1046 1366 πᾶν
1081 1314 1109 1365 6'
1138 1334 1187 1367 τι
1220 1312 1469 1366 κάκιστον
1520 1311 1605 1379 ἦν,
1661 1311 1768 1381 (καὶ
1807 1312 1857 1364 τί
1898 1313 2022 1385 γὰρ,

392 1396 529 1451 ὅπου
585 1400 673 1452 καὶ
725 1397 969 1471 κλίμακα
1016 1401 1149 1454 κατᾶ
1205 1400 1405 1477 φιάλης
1463 1400 1891 1461 ἐνσκευασοεῖσαν
1950 1404 2026 1468 τῷ

390 1486 704 1560 πατριάρχῃ
764 1488 898 1542 κατᾶ
943 1510 1062 1543 τινα.
1117 1487 1289 1542 ἄνεσιν
1351 1486 1582 1561 δένδρων
1645 1486 1815 1541 ἐκεῖσε
1860 1508 2023 1541 κατα-

394 1574 760 1650 φυτευθέντων
820 1576 1112 1647 παντοίων,
1163 1576 1299 1646 ὕλην
1353 1578 1501 1650 εἶχον
1558 1576 1647 1629 καὶ
1695 1575 1895 1645 ταύτην
1924 1582 2022 1643 τῆς

389 1666 502 1717 κατ’
537 1663 741 1717 ἐκείνου
774 1666 1153 1741 συκοφαντίας,
1212 1667 1337 1739 παρ’
1395 1662 1461 1733 ἤν
1522 1663 1697 1717 αἰτίαν
1738 1666 1825 1717 καὶ
1861 1663 2024 1735 μόνον

386 1751 620 1815 ἀκούσας
648 1754 783 1807 κατὰ
824 1758 925 1807 πᾶν
978 1752 1190 1808 ἐκέλευε
1234 1755 1323 1807 καὶ
1370 1755 1419 1828 γ’
1470 1752 1739 1827 ἀφανίζειν
1768 1752 1955 1807 τέλεον
1984 1755 2020 1823 ς)
2052 1780 2099 1844 Β

386 1842 460 1901 ὡς
494 1846 623 1915 γοῦν
653 1839 804 1896 οὐδὲν
838 1839 977 1897 ἄλλο
1016 1842 1051 1911 ἢ
1101 1841 1352 1915 λοιδορία
1396 1841 1610 1911 ἠνύετο,
1638 1841 1839 1902 σκοπὸς
1878 1840 1923 1895 δ’
1954 1841 2020 1909 ἦν

385 1927 590 1983 ἐκεῖνον
640 1930 971 2003 ἀπειρηκότα
1026 1933 1160 2005 πρὸς
1216 1932 1308 1992 τὰς
1364 1929 1627 2007 ἐπιφορὰς
1676 1935 1782 1985 τῶν
1816 1924 2017 2005 ὕϐρεων

382 2017 757 2091 παραιτεῖσθαι
815 2021 903 2073 τὸν
963 2021 1177 2095 θρόνον,
1239 2021 1406 2092 μηνὸς
1458 2019 1701 2092 Κρονίου,
1752 2019 2020 2093 μεσούσης

382 2108 653 2176 νηστείας,
686 2102 947 2164 λίϐελλον
994 2110 1211 2185 γράφειν
1271 2114 1350 2181 τῷ
1410 2114 1710 2185 συγγραφεῖ
1750 2110 2020 2182 παραιτή-

386 2215 522 2255 σεως
555 2194 846 2264 ἐπιτάττει,
893 2195 982 2250 καὶ
1038 2198 1089 2270 γ’
1148 2193 1367 2257 ἐπιδοὺς
1430 2196 1639 2271 βαςιλεῖ
1689 2216 2020 2270 προσποιου-

393 2283 540 2354 μένῳ
590 2285 665 2355 μή
720 2280 965 2357 δέχεσθαι
1026 2282 1425 2355 ἀπηλλάττετο,
1483 2284 1571 2338 καί
1621 2285 1796 2360 φέρων
1824 2288 1890 2357 τῇ
1920 2292 2021 2353 τῆς

388 2370 781 2445 Ηαναχράντου
832 2376 968 2445 μονῇ
1017 2371 1201 2427 ἐαυτὸν
1254 2370 1496 2429 δίδωσιν.
1548 2374 1646 2426 Ἦν
1697 2373 1787 2426 οὖν
1828 2375 1863 2442 ἡ
1897 2374 2022 2429 Ἐκ-

391 2606 508 2662 quo
540 2589 612 2644 ab
638 2587 932 2660 liquidum
968 2589 1288 2660 exploraret
1319 2607 1390 2645 an
1436 2590 1518 2644 ita
1562 2590 1863 2656 haberent,
1898 2606 2029 2644 cur-

388 2677 576 2733 riculo
609 2678 787 2733 mittit
813 2678 1059 2750 Augusti
1092 2678 1338 2734 cubiculi
1373 2680 1709 2750 praefectum
1726 2678 2025 2743 Basilium,

394 2766 643 2837 peritum
666 2767 1165 2822 Sarracenicarum
1199 2767 1547 2833 litterarum,
1577 2767 1677 2837 qui
1710 2768 1807 2821 ubi
1847 2765 2023 2837 legis-

395 2858 503 2917 set,
539 2870 655 2909 rem
684 2871 813 2910 vere
843 2856 1024 2910 fuisse
1070 2855 1398 2910 nuntiatam
1429 2854 1765 2926 imperatori
1799 2853 2017 2909 retulit.

392 2944 697 2997 Prandenti
729 2958 865 3015 ergo
906 2961 1040 2999 mox
1066 2946 1323 3010 Augusto
1364 2959 1495 2998 cum
1547 2946 1700 2998 esset
1747 2943 1816 2996 de
1862 2958 2020 2996 more

383 3030 515 3085 lanx
548 3030 743 3098 allata,
772 3048 886 3086 non
915 3033 1175 3087 admissa
1205 3033 1275 3087 ab
1305 3049 1371 3087 eo
1402 3036 1509 3100 est,
1544 3031 1709 3102 quasi
1741 3030 2012 3101 religioso

384 3124 546 3173 metu
605 3120 1030 3175 consc’scendae
1096 3137 1277 3188 noxae,
1338 3124 1394 3175 et
1458 3136 1595 3173 cura
1651 3116 2011 3189 obsequendi

382 3206 715 3278 Apostolico
744 3210 1020 3263 mandato
1055 3209 1288 3278 jubenti
1337 3224 1471 3263 eum
1521 3207 1620 3278 qui
1679 3207 1982 3277 cognoveri

388 3296 588 3351 cibum
623 3296 735 3366 ipsi
768 3297 1095 3366 appositum
1130 3296 1388 3351 oblatum
1423 3296 1585 3365 prius
1635 3295 1791 3349 idolo
1824 3294 2021 3360 fuisse,

386 3386 683 3442 abstinere
713 3384 871 3442 illius
902 3403 1003 3441 esu
1047 3392 1281 3457 propter
1323 3385 1761 3441 conscientiam.
1811 3382 2022 3437 Postri-

390 3474 484 3529 die
530 3491 697 3545 porro
746 3475 816 3529 ad
875 3475 1120 3530 crimina
1178 3475 1515 3546 patriarchae
1565 3474 1760 3528 aiﬁcta
1807 3486 2019 3526 novum

386 3563 543 3619 istud
572 3568 854 3634 tanquam
888 3566 1152 3619 omnium
1201 3564 1517 3620 maximum
1568 3560 2021 3618 invidiosissime

383 3653 733 3723 adjunctum
767 3656 873 3707 est.

490 3793 655 3849 13.Ut
680 3794 1003 3866 patriarcha
1022 3798 1262 3852 Joannes
1284 3796 1474 3851 throno
1491 3796 1905 3851 renuntiaverit.

452 3916 596 3973 Cum
625 3918 801 3990 igitur
831 3922 1151 3990 duobus,ut
1183 3921 1636 3988 dixi,mensibus
1659 3920 1874 3990 agitata
1895 3918 2014 3972 hmo

378 4006 722 4076 patriarcha
754 4008 1049 4064 accusatio
1081 4009 1311 4074 fuisset,
1343 4026 1447 4064 nec
1479 4009 1798 4081 quidquam
1829 4008 2011 4077 proﬁ-

374 4100 629 4166 ceretur,
660 4099 759 4153 sed
792 4098 1134 4168 ludibrium,
1177 4099 1552 4164 contumelia,
1612 4102 1669 4153 et
1726 4094 2009 4167 quidquid

370 4182 488 4238 dici
514 4185 832 4255 pessimum
866 4191 1073 4256 potest,
1106 4188 1165 4242 in
1198 4205 1257 4242 re
1307 4191 1427 4243 tota
1465 4194 1813 4251 versaretur,
1847 4182 2007 4254 (quid

373 4273 529 4330 enim
560 4292 661 4345 pro
688 4276 839 4331 bono
871 4281 925 4332 et
955 4294 1118 4347 aequo
1150 4278 1401 4333 facturos
1426 4293 1644 4348 speres,
1681 4274 1779 4345 qui
1830 4273 2006 4328 etiam

373 4362 547 4417 scalas
604 4364 850 4418 formam
901 4366 1225 4435 peregrinis
1292 4366 1524 4433 litteris,
1570 4365 1709 4419 ludo
1756 4362 2005 4432 quodam

366 4450 608 4522 pictoris
678 4451 826 4507 inter
876 4453 1200 4524 anaglypha
1263 4455 1650 4525 implexarum
1734 4452 2005 4505 arborum

1990 3169 2085 3261 ,α

2136 532 2251 579 τος,
2284 510 2371 564 καὶ
2405 508 2574 564 ἄλλον
2607 509 3005 583 ἀντεισάγεσθαι
3059 506 3157 561 οὐκ
3202 506 3268 574 ἦν
3314 501 3458 566 ὅλως
3510 509 3589 575 τῷ
3624 505 3776 565 Βασι-

2138 599 2224 654 λεῖ
2254 599 2480 670 θελητόν
2515 619 2525 629 ·
2587 599 2636 653 ἐν
2690 603 2767 670 τῷ
2830 596 3020 671 μεταξὺ
3074 599 3172 672 γὰρ
3234 597 3462 668 πέμπων
3493 594 3582 647 καὶ
3614 592 3769 647 αὐτὸν

2137 687 2201 757 δὴ
2269 690 2358 743 τὸν
2422 687 2582 742 αὐτοῦ
2650 688 2740 742 τὸν
2829 686 3048 760 βασιλέα
3114 682 3453 759 Ἀνδρόνικον
3520 682 3770 755 ἐπειρᾶτο

2138 775 2426 849 μαλάττειν
2437 797 2448 811 ·

2139 933 2218 992 ιδ’.
2277 936 2358 991 Τὰ
2420 937 2556 989 κατὰ
2614 936 2742 997 τοὺς
2809 930 3060 1007 πρέσϐεις
3116 937 3213 1007 τοῦ
3270 933 3464 986 πάππα
3522 930 3611 985 καὶ
3676 931 3768 984 τὸν

2618 1027 2754 1081 πατρ
2767 1008 2961 1081 ιάρχην
3008 1006 3279 1074 Ἰωάννην.

2203 1133 2289 1186 Ἐν
2321 1131 2565 1203 τοσούτῳ
2597 1129 2653 1185 δὲ
2701 1133 2787 1185 καὶ
2839 1126 3089 1205 πρέσϐεις
3133 1131 3195 1183 ἐκ
3246 1130 3468 1200 Ῥώμης
3500 1128 3645 1198 παρά
3672 1129 3769 1179 τοῦ

2130 1221 2324 1274 πάππα
2377 1221 2679 1297 ἐφίστανται
2740 1220 2838 1289 ἔξω
2895 1242 2999 1274 που
3056 1218 3272 1281 πόλεως
3327 1220 3422 1284 τῆς
3482 1213 3770 1289 Ἀδριανοῦ

2131 1310 2451 1378 ἐπανήκοντι
2516 1307 2747 1384 βασιλεῖ.
2808 1310 2907 1364 Καὶ
2970 1309 3027 1371 ὅς
3082 1308 3250 1371 θέλων
3289 1306 3586 1372 συσκιάζειν
3622 1304 3770 1380 σφίσι

2128 1399 2195 1451 τά
2224 1402 2360 1452 κατά
2405 1402 2495 1453 τὸν
2546 1399 2912 1473 πατριάρχην,
2973 1397 3196 1460 ἐκείνοις
3243 1398 3335 1466 μεν
3387 1395 3560 1455 αἰτίας
3592 1392 3770 1447 πλατο

2126 1486 2354 1559 τόμενος
2410 1489 2482 1548 ὡς
2534 1488 2843 1561 ἀπειρηκὼς
2899 1482 3049 1561 ἔλεγε
3115 1486 3250 1561 πρὸς
3306 1485 3429 1547 τοὸς
3482 1484 3684 1543 πόνους
3740 1482 3766 1534 6

2128 1576 2498 1650 πατριάρχης,
2530 1578 2614 1630 καὶ
2670 1577 2919 1644 ἀνεθῆναι
2981 1574 3147 1638 θέλων
3200 1575 3284 1628 ἐπὶ
3335 1572 3499 1643 πολὺ,
3533 1570 3769 1645 ἐκχωρεῖ

2128 1668 2265 1739 πρὸς
2292 1666 2475 1740 καιρὸν
2509 1670 2605 1719 τοῦ
2636 1664 3045 1740 πατριαρχείου.
3073 1666 3154 1737 [Ρ.
3179 1666 3303 1736 312]
3330 1663 3417 1716 καὶ
3447 1683 3507 1736 γε
3542 1659 3768 1733 μέλλειν

2129 1752 2371 1827 ἐντυχεῖν
2405 1758 2536 1830 σφᾶς
2584 1753 2768 1824 ἐκείνῳ
2814 1753 2957 1827 παρά
3010 1774 3119 1807 τισι
3170 1757 3275 1806 τῶν
3308 1752 3443 1805 κατά
3471 1751 3568 1819 τὴν
3602 1747 3766 1803 πόλιν

2134 1847 2350 1915 μονῶν·
2384 1840 2586 1896 ἐκεῖνον
2646 1840 2703 1897 δὲ
2750 1842 2967 1915 πέμψας
3022 1841 3176 1911 ἠξίου
3230 1840 3521 1903 ἀποθέσθαι
3573 1840 3668 1912 μὲν
3698 1837 3765 1891 τὰ

2128 1939 2226 2000 τῆς
2263 1930 2629 2007 μικροψυχίας
2678 1932 2753 1992 ὡς
2807 1927 2961 1993 ὄντος
3007 1934 3198 2005 καιροῦ
3233 1929 3442 2004 μᾶλλον
3476 1928 3509 1996 ἢ
3549 1926 3759 2001 βουλή-

2130 2041 2285 2087 σεως,
2330 2018 2581 2073 ἀπελθεῖν
2634 2016 2691 2072 δὲ
2730 2021 2863 2095 πρὸς
2909 2020 3007 2086 τὴν
3063 2019 3230 2090 μονὴν
3279 2022 3386 2071 τῶν
3439 2017 3764 2091 Μαγγάνων,

2128 2107 2282 2162 κάκεῖ
2330 2114 2448 2170 τοῖς
2506 2102 2787 2183 πρέσϐεσιν
2849 2107 3092 2181 ἐντυχεῖν
3146 2105 3558 2182 παραγεγονόσι,
3597 2102 3763 2176 μηδὲν

2127 2202 2233 2251 τῶν
2302 2196 2579 2271 προτέρων
2640 2199 2977 2270 σημήναντα.
3056 2194 3242 2257 Οὕτως
3301 2193 3479 2269 ἔλεγε,
3534 2193 3623 2247 καὶ
3678 2189 3761 2265 ἄμ

2130 2286 2355 2348 ἐκείνοις
2380 2288 2477 2354 τὴν
2510 2285 2669 2341 πόλιν
2714 2285 3023 2360 εἰσήρχετο.
3078 2285 3206 2360 Πρὶν
3261 2282 3307 2338 δ’
3356 2282 3599 2357 ἐντυχεῖν
3630 2280 3770 2336 ἐκεί-

2129 2396 2254 2437 νους
2312 2372 2522 2447 συνόδῳ
2576 2374 2666 2430 καὶ
2718 2376 3057 2451 πατριάρχῃ,
3114 2376 3141 2429 6
3206 2373 3459 2449 βκσιλεὺς
3510 2371 3672 2448 γνοὺς
3707 2371 3770 2425 τὸ

2137 2590 2700 2661 genariijejunii,me
2729 2591 2907 2662 hujus
2937 2590 3190 2647 historias
3212 2591 3555 2662 scriptorem
3584 2588 3770 2658 jussit

2136 2677 2395 2733 libellum
2422 2679 2803 2735 abdicationis
2835 2697 2952 2735 sum
2986 2679 3384 2746 conscribere;
3421 2694 3594 2749 quem
3631 2694 3764 2733 cum

2134 2767 2472 2837 imperatori
2525 2768 2854 2832 obtulisset,
2880 2768 2979 2823 illo
3010 2768 3328 2823 simulante
3377 2785 3439 2822 se
3466 2783 3582 2821 non
3614 2767 3768 2821 acci-

2132 2872 2285 2925 pere,
2318 2858 2592 2912 continuo
2624 2859 2898 2913 recedens
2931 2858 2988 2911 in
3024 2858 3436 2912 Panachrantae
3468 2860 3762 2910 monaste-

2129 2944 2281 2998 rium
2314 2961 2375 2999 se
2394 2945 2637 3000 abdidit.
2668 2947 2807 3001 Erat
2830 2962 2965 3017 ergo
2998 2945 3217 3001 Eclesia
3249 2950 3480 3017 pastore
3511 2945 3765 3011 viduata,

2123 3030 2232 3085 hoc
2297 3032 2528 3102 quidem
2589 3051 2702 3088 non
2754 3042 3142 3105 comparente,
3184 3040 3241 3089 et
3289 3034 3471 3088 alium
3518 3034 3576 3086 in
3635 3033 3764 3100 ejus

2121 3119 2312 3174 locum
2347 3122 2663 3192 subrogare
2694 3122 2924 3177 nolente
2954 3122 3191 3177 omnino
3215 3123 3583 3193 imperatore.
3616 3120 3761 3173 Nam

2128 3207 2281 3263 inter
2306 3209 2451 3265 alios
2486 3227 2630 3280 quos
2680 3212 2749 3265 ad
2811 3211 3201 3281 patriarcham
3257 3226 3325 3265 ex
3370 3212 3480 3264 isto
3530 3224 3761 3262 recessu

2130 3299 2513 3353 revocandum
2557 3303 2614 3353 et
2644 3303 2707 3353 ut
2729 3299 2960 3370 publico
2992 3316 3056 3353 ac
3085 3316 3191 3354 suo
3224 3298 3449 3353 muneri
3470 3313 3530 3353 se
3560 3297 3761 3352 redde-

2129 3388 2215 3437 ret
2241 3388 2524 3439 orandum
2555 3404 2656 3456 per
2688 3388 2741 3442 id
2775 3391 3006 3459 tempus
3038 3387 3329 3459 allegavit,
3362 3387 3553 3456 ipsum
3585 3385 3757 3439 etiam

2128 3471 2312 3525 ﬁlium
2348 3474 2647 3543 proprium
2670 3480 2726 3530 et
2755 3476 2985 3546 imperii
3030 3474 3313 3545 collegam
3369 3472 3756 3528 Andronicum

2126 3562 2387 3616 conferre
2416 3578 2477 3616 se
2510 3565 2580 3617 ad
2610 3564 2776 3618 illum
2809 3570 2866 3620 et
2895 3565 3091 3620 conari
3124 3563 3577 3633 exorarejussit.

2289 3705 2377 3760 14.
2410 3706 2484 3760 De
2514 3705 2709 3773 legatis
2730 3721 2895 3776 papae
2925 3711 2974 3762 et
2998 3706 3321 3777 patriarcha
3347 3707 3575 3761 Joanne.

2190 3837 2340 3891 Dum
2374 3836 2492 3891 haec
2526 3841 2830 3908 geruntur,
2888 3838 3061 3908 legati
3114 3839 3297 3892 Roma
3340 3853 3373 3891 a
3400 3841 3559 3907 Papa
3588 3836 3751 3892 missi

2120 3930 2432 3979 occurrunt
2462 3924 2797 3996 imperatori
2846 3925 3157 3980 revertenti
3208 3924 3649 3995 Adrianopolim
3698 3928 3755 3978 et

2116 4012 2276 4067 illam
2307 4012 2599 4067 civitatem
2634 4014 2893 4067 nondum
2925 4013 3317 4084 ingresso.His
3347 4011 3519 4067 illein
3547 4011 3753 4082 primis

2117 4100 2347 4157 studuit
2374 4118 2500 4172 quae
2528 4101 2682 4156 circa
2712 4101 3104 4172 patriarcham
3131 4117 3318 4170 nuper
3347 4103 3660 4155 evenerant
3691 4099 3751 4153 in

2114 4189 2367 4260 speciem
2418 4206 2595 4259 quam
2646 4190 2956 4244 minimum
3009 4187 3353 4243 invidiosam
3408 4188 3622 4256 fucare,
3684 4204 3749 4242 ac

2114 4278 2268 4348 quod
2303 4277 2663 4333 dissimulari
2689 4279 2970 4348 nequibat
3001 4278 3237 4341 factum,
3262 4276 3569 4330 inumbare
3589 4291 3746 4330 com-

2114 4362 2494 4419 miniscendis
2524 4365 2736 4433 causis,
2776 4381 2907 4420 cum
2940 4364 3156 4419 diceret
3187 4366 3609 4435 praegravatum
3642 4379 3743 4433 pa-

2113 4453 2416 4509 triarcham
2448 4454 2746 4510 laboribus
2776 4454 3093 4510 functionis
3125 4454 3316 4521 istius,
3377 4469 3490 4524 quo
3551 4452 3620 4507 ab
3669 4452 3741 4506 iis

367 4520 611 4594 amoenae
642 4540 937 4596 varietatis
1135 4560 1233 4613 per
1256 4520 1506 4612 phialam
1532 4538 1999 4601 conscribillatae,
2034 4520 2083 4582 Β
2113 4542 2423 4611 respiraret
2452 4543 2697 4598 otiosius
2754 4561 2932 4614 seque
2981 4543 3260 4609 reficeret,
3306 4559 3336 4597 e
3366 4520 3739 4613 p—atriarchali

363 4628 424 4683 in
458 4633 712 4684 atrocem
740 4630 1095 4687 calumniam
1128 4633 1404 4687 traxerint
1431 4632 1599 4703 quasi
1648 4628 1859 4701 piaculi
1886 4628 1999 4682 'nc-

367 4716 555 4787 fandi,
588 4719 754 4788 cujus
786 4720 857 4775 ad
889 4719 1071 4776 solam
1119 4722 1477 4776 mentionem
1511 4719 1998 4775 conclamandum

366 4805 783 4862 exterminium
810 4813 965 4863 esset
996 4808 1264 4864 ultimum
1297 4809 1350 4864 ei
1378 4810 1712 4879 quicunque
1752 4807 1996 4862 insimu-

364 4889 593 4945 laretur
629 4896 750 4947 tam
800 4894 1074 4949 horrendi
1119 4895 1385 4950 videlicet
1429 4893 1786 4964 sacrilegii?)
1847 4907 1996 4958 cum,

360 4978 635 5048 inquam,
660 4981 953 5049 judicium
978 4983 1033 5037 id
1060 4983 1203 5038 nihil
1227 4983 1339 5038 nisi
1369 4982 1633 5054 petulans
1674 4981 1998 5036 convicium

358 5070 419 5120 et
457 5067 851 5136 ignominiosa
898 5071 1185 5127 traductio
1236 5072 1585 5141 patriarchae
1632 5071 1888 5125 nominis
1945 5074 2001 5123 et

360 5154 816 5213 existimationis
874 5165 1047 5226 esset,
1105 5161 1389 5233 facileque
1454 5169 1756 5232 appareret
1816 5176 1998 5213 vnum

356 5240 507 5297 illud
575 5250 839 5314 spectare
900 5253 1165 5303 auctores
1233 5250 1556 5304 fautoresve
1621 5247 1998 5303 tumultuosae

355 5329 540 5399 hujus
574 5333 1214 5408 criminationis,utqui
1249 5354 1315 5391 ea
1344 5336 1726 5392 licentissime
1756 5336 1998 5392 incomi-

348 5417 649 5487 tiabatur,
676 5422 922 5478 ferendae
949 5425 1139 5494 impar
1166 5424 1495 5481 istiusmodi
1525 5425 1809 5481 vexationi
1830 5429 2002 5495 atque

350 5507 616 5563 infamia:
640 5510 837 5565 sedem
870 5510 1265 5585 honoremque
1291 5512 1723 5583 detrectaret,id
1746 5513 1996 5569 Joannes

336 5590 711 5669 intelligens,
736 5611 938 5656 mense
990 5599 1198 5659 Martio
1245 5601 1399 5658 circa
1448 5600 1708 5658 medium
1740 5600 1996 5674 quadra-

2110 4631 2181 4684 ad
2212 4635 2445 4701 tempus
2484 4632 2797 4687 excessisse
2829 4631 3333 4703 palatio,futurum
3365 4634 3558 4685 tamen
3591 4627 3737 4698 ipsis

2109 4724 2317 4789 praesto
2347 4722 2576 4775 cum'eo
2608 4720 3007 4792 congressuris
3038 4720 3191 4790 apud
3249 4718 3514 4789 quaedam
3574 4716 3738 4771 urbis

2110 4807 2480 4862 monasteria.
2508 4809 2703 4878 Ipsum
2732 4813 2929 4864 autem
2960 4808 3179 4863 Vecum
3212 4824 3312 4877 per
3335 4811 3520 4861 certos
3587 4823 3621 4860 a
3676 4821 3739 4860 se

2110 4895 2321 4949 missos
2335 4896 3456 4967 rogavit,deponeretpusillanimitatem
3480 4910 3738 4955 omnem;

2108 4984 2260 5039 456
2283 5000 2409 5054 quae
2438 4989 2565 5040 acta
2613 4990 2812 5041 essent
2868 4986 3177 5055 imputaret
3237 4983 3486 5054 tempori
3544 4983 3739 5053 potius

2110 5089 2283 5142 quam
2320 5073 2602 5128 voluntati
2636 5092 2775 5139 suae;
2800 5074 3063 5129 conferre
3094 5090 3154 5129 se
3187 5090 3256 5127 ne
3288 5078 3624 5141 gravaretur
3678 5070 3739 5125 in

2109 5164 2527 5217 monasterium
2562 5164 2977 5235 Manganorum
3008 5178 3425 5233 congressurus
3440 5177 3568 5217 cum
3591 5160 3743 5232 lega-

2107 5250 2184 5303 tis
2223 5250 2361 5305 illuc
2394 5252 2747 5319 occursuris,
2780 5253 2996 5323 quibus
3042 5251 3242 5306 orabat
3268 5265 3338 5303 ne
3386 5249 3739 5320 signiﬁcaret
3814 5287 3818 5290 ε

2108 5337 2429 5408 quidquam
2462 5357 2661 5396 eorum
2689 5358 2815 5412 quas
2848 5356 3036 5411 nuper
3057 5337 3561 5408 contigissent.Sic
3592 5354 3736 5407 pras-

2108 5425 2334 5481 munito
2368 5428 2695 5497 patriarcha
2726 5429 3027 5499 ingressus
3049 5427 3249 5481 urbem
3268 5429 3500 5480 estcum
3528 5425 3733 5495 legatis

2107 5512 2503 5583 imperator;et
2535 5532 2809 5585 quorsum
2844 5532 2912 5571 ea
2960 5514 3170 5587 legatio
3228 5516 3516 5584 spectaret
3566 5510 3732 5567 intel-

2102 5598 2312 5673 ligens,
2336 5600 2493 5659 dedit
2520 5616 2756 5675 Operam
2787 5618 2859 5659 ne
2889 5601 2974 5658 illi
3021 5616 3157 5659 cum
3207 5601 3427 5674 synodo
3480 5616 3732 5670 cumque
