4130 6270
465 302 572 357 915

1754 298 2056 353 GEORGII
2091 294 2320 350 PACHY
2331 294 2547 349 MERE

3725 278 3820 333 9l6

459 429 560 491 τῆς
593 414 876 496 πρεσϐείας
905 414 1225 485 κεφάλαιον,
1278 414 1341 471 τὰ
1392 413 1438 470 δ’
1488 416 1554 484 ἦν
1618 417 1692 490 μὴ
1744 416 1937 491 λόγοις
1969 415 2102 470 εἶναι
2133 417 2184 483 Α
2215 413 2567 486 κατεπράχθη
2599 408 2685 463 καὶ
2743 405 2869 496 *μεσ
3107 406 3205 496 τῆς
3233 486 3246 496 ι
3269 397 3582 496 δυσχερείας
3611 397 3817 496 ήνύσϐη,

459 511 560 578 τὴν
588 512 694 562 τῶν
727 506 1068 577 Ἐκκλησιῶν
1119 505 1340 577 εἰρήνην
1398 505 1487 560 καὶ
1547 504 1752 577 μόνοις,
1803 503 1929 559 ἀλλ’
1961 500 2103 579 ἔργῳ

464 595 784 652 δεικνύντων
832 599 911 667 τῷ
969 594 1058 649 καὶ
1117 599 1252 671 σφᾶς
1309 595 1421 647 κατ’
1480 592 1716 655 ἐκείνους
1771 595 1869 660 τήν
1927 592 2104 646 πίστιν

464 685 778 758 ὁμολογεῖν,
809 683 899 738 καὶ
933 682 1073 737 οὓτω
1105 681 1490 759 πληροφορεῖν
1533 683 1630 750 τήν
1661 678 1870 736 ἕνωσιν.
1907 687 2103 757 Ηαρω-

461 774 719 848 τρύνοντο
768 772 868 848 γὰρ
927 772 1023 825 κᾶν
1083 775 1243 824 τοῦτο
1301 771 1391 824 καὶ
1449 770 1593 845 παρά
1648 774 1754 823 τῶν
1799 770 2104 843 ἡμετέρων,

461 864 534 924 ὡς
567 861 778 937 ἔλεγον,
840 859 1202 934 σχιζομένων,
1257 857 1307 912 οθί
1365 857 1431 926 δὴ
1491 859 1580 912 καὶ
1640 856 1879 912 πολλοῖς
1919 863 2027 911 τῶν
2055 856 2106 909 έν

461 951 687 1011 ἐκείνοις
737 949 968 1026 φρερίων
1033 948 1287 1021 μιγνύτες
1345 945 1555 1019 χλεύην
1617 943 1800 1019 ἔλεγον
1831 947 1928 1014 τὴν
1965 944 2108 1019 εἰρή-

460 1061 556 1110 νην
592 1040 742 1107 εἶναι,
775 1038 859 1091 καὶ
898 1034 1006 1090 δεῖν
1043 1033 1352 1108 δοκιμάζειν
1388 1034 1436 1088 εἰ
1465 1034 1554 1088 καὶ
1601 1034 1753 1088 αὐτοὶ
1793 1035 1852 1088 τὸ
1885 1028 2108 1104 Τύμϐο-

462 1128 558 1183 λον
621 1125 762 1181 οὕτω
820 1123 1051 1198 λέγοιεν,
1112 1123 1375 1195 οἰομένων
1437 1122 1674 1176 ἐντεῦθεν
1728 1120 1804 1183 εἰς
1849 1121 2112 1194 μερίμνας

464 1217 607 1291 ἀγειν
666 1216 756 1269 τὸν
818 1211 1065 1287 βασιλέα,
1127 1211 1202 1273 ὡς
1259 1209 1402 1264 δυοῖν
1461 1209 1509 1282 ἐξ
1571 1211 1807 1284 ἀνάγκης
1866 1209 2109 1283 γενέσθαι

466 1302 710 1378 θὸίτερον,
741 1303 776 1372 ἢ
813 1303 887 1373 μὴ
919 1299 1420 1364 καθυποκλιθέντος
1466 1301 1563 1367 τήν
1621 1300 1838 1374 εἰρήνην
1892 1296 2111 1371 συγχέε-

470 1404 612 1463 σθαι,
645 1390 680 1458 ἢ
731 1391 819 1444 καὶ
880 1411 932 1443 τι
989 1393 1096 1443 τῶν
1155 1389 1419 1460 κειμένων
1473 1383 1790 1455 παραϐάντα
1849 1387 2110 1458 μειζόνως

469 1481 751 1555 ἁμαρτεῖν,
811 1477 901 1533 καὶ
962 1482 1095 1555 σφᾶς
1171 1475 1541 1551 ἰσχυρίζεσθαι
1617 1474 1826 1552 φεύγειν
1886 1471 1962 1529 ἔτι
2029 1471 2113 1528 δι-

469 1568 637 1630 καίως
668 1569 766 1635 τὴν
826 1565 1015 1621 ἕνωσιν
1075 1565 1150 1626 ὡς
1208 1564 1491 1637 ἂντικρους
1547 1558 1920 1638 παραϐάντων.
1954 1561 2116 1624 Γνοὺς

469 1661 636 1712 ταῦτα
663 1657 846 1710 τοίνυν
881 1656 907 1708 ὁ
939 1651 1216 1728 βασιλεὺς,
1265 1654 1355 1707 καὶ
1398 1650 1555 1712 εἰδὼς
1595 1651 1911 1720 ἐξαπιναίως
1952 1649 2115 1704 ἀκού-

476 1765 666 1807 σαντος
743 1739 1291 1815 θορυϐηθησομένους
1361 1742 1450 1795 καὶ
1522 1739 1652 1801 τοὺς
1709 1738 1842 1801 τέως
1896 1739 2115 1812 εἰρήνην

479 1832 731 1909 ἄγοντας,
785 1832 1000 1904 πέμψας
1055 1829 1437 1884 πετακαλεῖται
1522 1829 1610 1882 καὶ
1695 1828 1972 1903 ἀρχιερεῖς
2029 1827 2118 1881 καὶ

478 1923 687 1996 κλῆρον
732 1917 958 1991 ἅπαντα,
1007 1918 1097 1973 καὶ
1158 1924 1290 1994 σφᾶς
1346 1920 1464 1972 κατ’
1495 1915 1634 1972 ἰδίαν
1689 1912 1872 1972 λαϐὼν
1907 1918 2117 1990 (κοσμιο

480 2016 600 2072 κοῖς
632 2009 735 2084 γὰρ
767 2006 1031 2082 ἀπείρητο
1068 2007 1142 2079 μὴ
1175 2009 1464 2080 παρεῖναι).

484 2119 561 2172 ιε’.
590 2187 598 2190 _
623 2114 1006 2190 Illnpocpopia
1044 2112 1314 2190 βασιλέως
1353 2112 1506 2190 ’πρὸς
1555 2111 1684 2190 τοὺς
1740 2117 1839 2190 τῇς
1888 2105 2121 2190 Ἐκκλη-

551 2161 561 2172 .
623 2135 816 2190 ιιΛηρο
863 2135 983 2189 ορια
1044 2135 1314 2188 ρασιΛεως
1368 2135 1506 2186 προς
1555 2135 1684 2172 τους
1740 2135 1839 2178 της
1904 2135 2120 2177 nux/wi-

548 2187 663 2249 σίας
699 2254 719 2258 _
768 2135 856 2242 Si:
953 2186 1048 2247 τὰς
1151 2183 1503 2258 παραλόγους
1596 2182 1914 2253 ἀπαιτήσεις
2012 2185 2120 2235 τῶν

549 2254 826 2334 πρέσϐεων
837 2299 851 2314 .

545 2366 630 2439 [Ρ.
663 2366 788 2437 313]
822 2385 851 2417 ‹‹
882 2363 965 2420 Τὰ
999 2361 1091 2435 μὶν
1119 2365 1224 2415 τῶν
1271 2359 1576 2436 παρόντων,
1637 2360 1804 2427 εἶπεν,
1837 2360 1988 2419 ὅπως
2031 2355 2122 2411 καὶ

481 2577 817 2652 patriarcha
847 2575 1011 2648 prius
1042 2578 1301 2646 agerent,
1345 2590 1522 2644 qnam
1555 2572 1681 2644 ipse
1712 2587 1837 2642 quae
1872 2572 1942 2626 ad
2001 2584 2122 2624 rem

484 2668 740 2741 putabat
769 2667 1099 2736 opportuna
1147 2663 1552 2734 praevertisset.
1579 2661 1736 2725 Quod
1767 2659 2124 2730 praecipuum

486 2758 545 2811 in
580 2753 872 2811 mandatis
903 2752 1077 2824 legati
1112 2751 1405 2806 habebant
1434 2751 1544 2806 hoc
1573 2749 1876 2818 erat,serio
1898 2749 2121 2802 denun-

481 2845 628 2900 tiare
651 2842 864 2900 Graecis
895 2857 1097 2914 pacem
1129 2840 1527 2897 Ecclesiarum
1561 2856 1675 2894 non
1728 2836 1903 2892 meris
1935 2834 2124 2888 verbis

485 2932 792 2996 contineri,
849 2932 950 2987 sed
1010 2931 1200 2985 factis.
1249 2930 1500 2985 Probare
1546 2928 1707 2999 ipsos
1749 2929 1806 2979 et
1852 2929 2127 2995 praestare

485 3023 661 3077 rebus
693 3019 839 3090 ipsis
886 3022 1153 3090 oportere
1211 3035 1338 3088 quae
1389 3017 1563 3071 dictis
1604 3017 2016 3073 ostentassent,
2065 3026 2127 3066 se

483 3109 764 3165 nimirum
794 3107 854 3161 in
897 3107 1074 3161 unius
1129 3106 1514 3175 ejusdemque
1573 3100 1939 3158 confessione
1989 3098 2120 3153 ﬁdei
2155 3098 2196 3165 ρ

484 3197 792 3255 convenire
823 3212 956 3251 cum
993 3193 1327 3249 Latinis.Sic
1359 3209 1456 3247 eos
1481 3193 1718 3246 demum
1743 3204 2125 3262 persuasuros

485 3303 686 3360 pacem
719 3286 870 3339 inter
899 3282 1186 3338 Ecclesias
1219 3280 1706 3350 concordiamque
1766 3294 1896 3334 vere
1949 3276 2143 3332 coali—'

490 3381 634 3431 tam.
672 3378 858 3444 Atque
887 3371 947 3425 in
979 3371 1110 3440 hoc,
1145 3374 1211 3425 ut
1260 3370 1497 3425 contine
1546 3368 1710 3423 ﬁeret
1751 3367 2130 3422 vehementer

488 3465 759 3519 insistere
775 3460 928 3529 jussi
973 3463 1138 3514 erant
1167 3463 1512 3530 argumento
1537 3456 1904 3512 necessitatis
1953 3456 2127 3511 ducto

488 3570 520 3606 a
550 3549 865 3606 schismate
887 3549 1041 3618 quod
1075 3548 1308 3603 aiebant
1339 3546 1491 3601 inter
1521 3550 1752 3600 nostros
1801 3561 1950 3609 esse,
1999 3542 2131 3598 aliis

492 3638 635 3694 alios
684 3637 1114 3697 aversantibus.
1155 3638 1328 3707 prout
1359 3634 1578 3690 scilicet
1609 3635 1984 3689 admitterent
2032 3635 2133 3687 aut

492 3725 801 3796 rejicerent
841 3739 1046 3795 pacem
1079 3725 1150 3779 de
1182 3741 1296 3795 qua
1327 3728 1675 3779 conventum
1707 3721 2030 3775 videbatur.
2066 3723 2134 3773 Et

496 3831 696 3870 revera
725 3812 966 3884 quidam
999 3813 1175 3868 etiam
1210 3809 1785 3880 nostrorum,Freriis
1817 3824 1946 3863 sese
1977 3807 2132 3862 mul-

495 3902 571 3957 tis
601 3902 674 3957 iis
705 3901 1164 3957 admiscentibus
1197 3899 1614 3971 assensi,paria
1645 3914 1776 3953 cum
1810 3897 1904 3952 his
1935 3899 1991 3951 et
2019 3895 2132 3967 ipsi

495 3991 904 4059 loquebantur,
937 3989 1299 4044 afﬁrmantes
1331 4004 1530 4059 pacem
1561 4004 1686 4058 quae
1717 3986 1874 4042 velut
1905 3985 2137 4040 ﬁrmata

487 4080 836 4150 jactaretur,
872 4077 1021 4132 nihil
1072 4077 1358 4134 hactenus
1415 4075 1528 4130 nisi
1568 4075 1891 4130 ludibrium
1932 4073 2132 4129 videri.

495 4167 656 4222 Unde
684 4170 846 4221 tanto
871 4168 996 4236 jam
1028 4165 1350 4236 speciosius
1389 4164 1564 4234 legati
1601 4163 2021 4219 contenderent
2042 4178 2138 4216 ve-

498 4254 776 4310 niendum
811 4255 880 4308 ad
914 4253 1392 4324 explorationem,
1424 4259 1481 4306 et
1511 4255 1732 4306 eertum
1783 4251 2138 4322 experimen-

504 4349 632 4396 tum
701 4341 1049 4411 capiendum
1116 4340 1250 4394 ﬁdei
1301 4356 1365 4394 ac
1427 4338 1724 4394 sententiae
1782 4339 2134 4394 Graecorum.

2209 482 2394 556 οἴδατε
2440 482 2679 560 πάντως.
2739 493 2852 548 ἐπεὶ
2931 487 3044 545 οὐδ’
3124 486 3249 558 ἐμοὶ
3322 486 3482 542 τόσον
3533 482 3826 561 ἀναλγήτως

2209 586 2394 664 ἔχοντι
2435 585 2550 642 τάδ’
2603 586 2862 662 ἐφῆπται.
2912 577 3046 636 Οἶδα
3096 577 3198 650 γάρ
3248 576 3336 629 καὶ
3387 573 3720 648 πατριάρχην
3751 574 3824 628 ἐν·

2206 659 2386 742 τευοεν
2419 659 2686 748 παριδὼν,
2739 671 2832 726 τὸν
2893 669 3115 740 Ἰωσὴφ,
3168 665 3333 738 λέγω,
3389 661 3448 717 ὅν
3509 659 3571 730 δὴ
3630 660 3713 715 ἴσα
3745 663 3826 716 καὶ

2208 768 2297 822 τὸν
2332 763 2728 840 γεννησάμενον
2760 755 3030 831 ἔστεργον,
3069 752 3277 826 μᾶλλον
3331 750 3388 805 δὲ
3435 751 3525 804 καὶ
3551 744 3626 804 ἔτι
3655 746 3827 819 πλέον,

2213 854 2326 908 ἐπεὶ
2345 835 2556 912 ⁷ἐκεῖνος
2594 851 2687 921 μέν
2720 854 2820 916 τῆς
2872 845 2948 907 εἰς
2999 848 3133 920 σφᾶς
3188 836 3451 913 προόδου,
3483 838 3635 898 οὗτος
3665 835 3717 891 δὲ
3741 844 3826 905 τῆς

2213 942 2288 1000 εἰς
2339 941 2401 996 τὸ
2458 943 2702 1013 κρεῖττον
2763 931 3164 991 ἐπανελεύσεως
3217 927 3388 988 αἰτιος
3443 924 3668 1000 γέγονεν.
3714 922 3832 981 Οἰόα

2212 1028 2302 1084 καὶ
2333 1011 2582 1088 πολλοὺς
2619 1023 2941 1098 βιασάμενος
2995 1019 3084 1074 καὶ
3141 1015 3266 1078 τοὺς
3325 1014 3520 1091 φίλους
3573 1011 3832 1067 σκανδαλί·

2216 1138 2328 1186 σας,
2387 1118 2547 1188 πρὸς,
2606 1112 2664 1168 δὲ
2717 1112 2808 1167 καί
2861 1108 2991 1173 τοὺς
3064 1106 3364 1180 ἡμετέρους
3431 1101 3695 1172 λυπησας.
3750 1102 3834 1154 Καὶ

2219 1206 2650 1279 μαρτυρήσουσιν
2708 1200 2764 1252 οἱ
2825 1197 2878 1252 ἐν
2942 1194 3228 1273 φυλακαῖς,
3260 1191 3696 1264 προσγενεῖς,οἶς
3721 1201 3838 1263 παρ’

2217 1275 2568 1348 οὐδὲν-ἄλλο
2625 1287 2660 1358 ἢ
2719 1289 2780 1342 τὸ
2834 1290 2969 1356 πρὸς
3028 1279 3268 1342 Ἰταλοὺς
3324 1276 3732 1353 πραγματευθέν
3761 1275 3837 1330 καὶ

2223 1381 2380 1454 μόνον
2436 1379 2470 1448 ἢ
2529 1398 2587 1432 τε
2644 1377 2782 1450 πρὸς
2840 1377 2990 1446 ἡμᾶς
3044 1369 3315 1444 ὀλιγωρία
3364 1360 3840 1454 ξυνέϐηῗκαῖ-ἡάᾷ

2217 1451 2378 1541 ἦμῶν
2429 1466 2580 1530 αὖθις
2632 1465 2767 1540 ὀργὴ
2823 1463 3020 1539 σφίσιν.
3070 1460 3238 1534 Εἶχον
3293 1457 3389 1530 μὲν
3424 1453 3515 1509 οὖν
3560 1452 3646 1508 ἐπὶ
3674 1451 3841 1526 λογισ-

2227 1562 2340 1631 μῶν
2367 1555 2548 1610 ἀνύσαι
2580 1555 2640 1608 τὸ
2688 1559 2788 1607 πᾶν
2839 1551 3098 1617 ἐντεῦθεν,
3161 1549 3234 1608 ὡς
3295 1542 3466 1618 μηδὲν
3507 1541 3668 1597 πλέον
3700 1546 3844 1610 ζητη-

2225 1644 2423 1699 σόντων
2475 1648 2582 1698 τῶν
2643 1639 2908 1696 Ἰταλῶν·
2986 1637 3127 1692 οὕτω
3193 1637 3295 1711 γὰρ
3373 1632 3466 1687 καὶ
3543 1630 3673 1703 πρὸς
3728 1630 3847 1700 ὑμᾶς

2224 1731 2524 1805 ἐποιούμην
2578 1733 2671 1793 τὰς
2747 1729 3049 1794 συνθεσίας,
3111 1724 3202 1779 καὶ
3251 1725 3278 1777 ὁ
3338 1721 3392 1776 έν
3444 1723 3514 1793 τῇ
3573 1717 3847 1786 Ἐκκλησία

2230 1817 2696 1897 χρυσοϐούλλειος
2722 1817 2883 1892 λόγος
2927 1821 3041 1879 τοῖς
3107 1812 3297 1886 λόγοις
3360 1831 3467 1864 που
3521 1808 3845 1882 μαρτυρήσει.

2229 1909 2376 1966 Ἐπεὶ
2435 1908 2492 1963 δὲ
2539 1913 2644 1962 τῶν
2712 1907 2991 1980 ἡμετέρων
3063 1903 3226 1970 τινες,
3288 1900 3365 1962 ὡς
3421 1899 3716 1967 πέπυσμαι,
3769 1893 3847 1947 καὶ

2235 1997 2445 2072 μᾶλλον
2485 1999 2564 2058 οἷς
2596 1993 2804 2050 ἁνδάνει
2834 1991 2895 2048 τὸ
2929 1991 3225 2066 σχίζεσθαι,
3259 1988 3364 2042 οὐκ
3395 1983 3502 2041 οἷδ’
3534 1984 3563 2039 ὅ
3591 2006 3640 2038 τι
3665 1981 3846 2036 παθόν-

2228 2071 2338 2154 τες,
2371 2086 2418 2141 εἰ
2452 2087 2525 2157 μή
2575 2104 2656 2146 τις
2702 2082 2890 2157 πεῖράν
2939 2081 2984 2144 θ’
3031 2082 3190 2150 ἡμῶν
3243 2076 3394 2130 ταῦτ’
3429 2071 3573 2129 εἷ’ποι
3598 2071 3682 2127 καὶ
3715 2091 3848 2145 μερι-

2235 2180 2376 2249 μνῶν
2435 2173 2808 2242 ἐπανάστασιν,
2886 2167 3128 2246 φρερίοις
3197 2162 3521 2238 ἐντυχόντες
3577 2159 3704 2216 κατὰ
3760 2179 3848 2212 που

2229 2248 2326 2333 τὴν
2359 2263 2583 2338 περαίαν
2611 2259 2821 2336 χλεύην
2875 2259 2972 2326 τὴν
3029 2256 3249 2332 εἰρήνην
3305 2253 3463 2308 εἶπον
3519 2251 3608 2306 καὶ
3659 2248 3846 2316 ἀπάτην

2233 2353 2387 2423 εἶναι,
2433 2334 2524 2406 οιαὶ
2571 2334 2945 2424 προύϐίϐασαν
2995 2349 3174 2415 ζητεῖν
3223 2347 3360 2419 σφᾶς
3413 2339 3476 2395 τὸ
3525 2337 3687 2394 πλέον
3729 2334 3845 2391 κατὰ

2233 2565 2435 2620 missis
2506 2575 2979 2634 quoquoversum
3056 2555 3231 2612 certis
3281 2551 3630 2610 hominibus
3680 2547 3744 2602 ad
3791 2559 3837 2599 se

2234 2633 2572 2708 convocavit
2600 2649 2906 2721 episcopos
2927 2649 2986 2700 et
3007 2643 3225 2699 clerum
3259 2633 3829 2721 universum,illisque

2233 2758 2494 2798 seorsum
2525 2719 2816 2796 adhibitis?
2865 2736 3024 2806 (nam
3067 2731 3378 2789 seculares
3439 2728 3647 2784 adesse
3683 2719 3842 2788 vetuit)

2232 2830 2292 2886 in
2326 2831 2443 2885 haec
2473 2829 2644 2885 verba
2667 2827 2896 2882 locutus
2926 2827 3014 2878 est
3039 2837 3053 2878 :

2236 2947 2322 3000 15.
2356 2944 2564 3002 Oratio
2613 2958 2721 3014 quo
2767 2941 3077 3014 imperator
3123 2941 3589 3014 certo_persuasa
3617 2924 3848 3014 είξεζριςίιιῖ

2305 3018 2458 3070 stici:
2485 3033 2586 3069 sua
2620 3007 2683 3068 in
2705 3007 2978 3083 proposito
3021 3007 3350 3083 constantia,
3381 3007 3742 3083 praemunivit
3779 3011 3850 3051 eos

2304 3103 2374 3140 ne
2401 3071 2756 3141 turbarentur
2802 3071 2872 3138 'ad
2922 3071 3692 3148 inconvenientes'petitiones
3721 3071 3847 3137 lega-

2306 3168 2485 3213 torum
2496 3200 2506 3210 .

2305 3304 2334 3333 «
2365 3283 2500 3346 Quae
2553 3280 2612 3335 in
2669 3281 2827 3335 statu
2887 3273 3160 3348 praesenti
3218 3269 3502 3328 Ecclesiae
3541 3265 3847 3325 cernuntur,

2235 3369 2730 3443 quemadmodum
2760 3370 2891 3422 acta
2923 3365 3041 3421 sint
3063 3366 3121 3419 et
3137 3365 3512 3434 quantacum
3545 3351 3851 3443 difﬁcultate

2235 3434 2682 3531 perfecta,scitis
2712 3455 2986 3522 omnino;
3019 3467 3209 3522 neque
3240 3447 3388 3504 mihi
3432 3447 3572 3503 adeo
3601 3442 3764 3498 hebes
3780 3434 3848 3531 ad

2237 3525 2483 3603 molesta
2539 3561 2749 3602 sensus
2795 3547 2904 3613 est,
2953 3546 3018 3596 ut
3058 3544 3179 3595 tam
3231 3537 3345 3592 cito
3378 3532 3665 3591 memoria
3688 3525 3852 3584 evola-

2235 3636 2425 3692 verint
2453 3652 2520 3691 ea
2549 3650 2797 3706 quorum
2823 3636 3065 3688 eventus
3084 3629 3204 3683 acri
3231 3642 3360 3681 meo
3385 3625 3590 3680 dolore
3619 3619 3851 3706 redemp-

2237 3727 2333 3779 tus
2363 3727 2467 3778 est.
2503 3704 2710 3778 Recolo
2768 3720 2923 3776 enim
2983 3733 3076 3772 me
3133 3731 3205 3771 ne
3256 3711 3598 3768 tenerrimis
3645 3704 3850 3777 quidem

2240 3811 2564 3878 affectibus,
2615 3814 2680 3865 ut
2735 3825 2803 3864 ea
2851 3807 3216 3872 conﬁcerem,
3266 3799 3620 3873 pepercisse.
3664 3793 3849 3878 Unum,

2240 3903 2307 3954 ut
2336 3898 2706 3963 soitis,habui
2734 3897 2827 3952 cui
2862 3893 3009 3950 nihil
3041 3892 3239 3948 minus
3269 3887 3513 3961 pietatis
3557 3890 3611 3941 et
3639 3877 3846 3942 amoris,

2243 4004 2420 4059 quam
2475 3985 2722 4058 genitori
2784 3985 3098 4039 tribuerem
3153 3995 3165 4032 :
3219 3979 3337 4033 imo
3388 3975 3689 4046 aliquanto
3724 3964 3852 4059 plus

2243 4055 2294 4130 ei
2327 4091 2419 4129 me
2445 4055 2652 4129 debere
2682 4072 2870 4139 rebar,
2904 4069 3182 4140 quoniam
3220 4081 3363 4135 cum
3410 4067 3576 4136 pater
3626 4059 3680 4114 in
3724 4055 3851 4110 hanc

2245 4179 2336 4217 me
2362 4162 2549 4217 lucem
2575 4159 2858 4225 eduxerit,
2883 4157 2974 4212 hic
3001 4155 3146 4211 mihi
3164 4157 3358 4210 exorto
3381 4149 3850 4207 sacramentorum

2244 4250 2542 4320 religionis
2615 4263 2857 4303 usuram
2932 4249 2990 4300 et
3061 4240 3537 4300 communionem
3617 4227 3850 4320 Ecclesia

2245 4317 2681 4407 restituit,quod
2709 4333 3053 4390 deneﬁcium
3074 4332 3326 4388 arbitror
3341 4317 3849 4398 majus.Josephunl

504 4431 645 4500 Ejus
678 4445 844 4500 porro
886 4429 1100 4500 pignus
1132 4427 1406 4483 idoneum
1439 4429 1634 4495 fore,si
1668 4432 1724 4482 et
1752 4428 1861 4497 ipsi
1895 4427 2136 4499 Symbo-
2168 4462 2218 4526 Β
2247 4432 2443 4482 tamen
2475 4424 2891 4480 charissimum
2918 4419 3570 4492 mihicaputhaccausa
3591 4407 3851 4526 despici?”

504 4518 516 4526 .
698 4516 708 4526 .
797 4517 866 4526 .-
932 4517 966 4526 -.
1020 4517 1031 4526 .
1297 4517 1331 4526 ..
1488 4517 1596 4526 .--.
1886 4519 1893 4526 .
1949 4514 1960 4526 .
2064 4515 2101 4526 ..
2360 4515 2394 4526 ..
2877 4517 2885 4526 .
3099 4509 3110 4520 .
3211 4507 3310 4526 οη,
3347 4515 3638 4526 μω-,ηη
3687 4505 3850 4526 “mm

503 4518 626 4572 lum
661 4516 815 4573 sicut
845 4517 1036 4571 Latini
1057 4517 1632 4587 pronuntiarent.His
1664 4515 1746 4570 illi
1773 4514 2138 4586 postulandis

503 4607 565 4661 in
596 4610 820 4661 arctum
852 4621 914 4660 se
935 4609 1238 4660 coacturos
1255 4604 1659 4676 imperatorem
1679 4603 2134 4660 arbitrabantur.

506 4693 709 4764 utique
741 4691 1064 4748 necessario
1097 4707 1165 4746 ex
1196 4692 1285 4747 his
1317 4697 1587 4748 secuturo
1637 4693 1882 4746 duorum
1934 4691 2133 4758 altero,

503 4785 691 4836 autut
720 4797 786 4836 eo
840 4797 954 4835 non
1010 4783 1304 4834 annuente
1355 4781 1505 4851 quod
1566 4781 1839 4852 petebant
1899 4797 2003 4850 pax
2050 4797 2138 4834 re-

505 4869 889 4937 scinderetur,
921 4871 1022 4923 aut
1052 4873 1116 4922 ut
1145 4869 1346 4924 eodem
1375 4868 1858 4941 transgressionis
1889 4883 2137 4922 conven-

508 4963 696 5012 torum
727 4956 918 5028 palam
955 4956 1241 5025 convicto,
1267 4973 1331 5012 ac
1357 4974 1459 5028 per
1483 4958 1587 5012 hoc
1609 4956 1871 5011 criminis
1903 4955 2138 5025 majoris

503 5045 810 5100 manifeste
830 5061 946 5110 reo,
979 5044 1496 5116 plausibiliorjam
1544 5045 1657 5115 ipsi
1697 5061 1874 5099 causa
1933 5061 2140 5115 suppe-

500 5137 645 5188 teret
675 5136 1008 5189 constanter
1037 5133 1330 5188 abnuendi
1375 5135 1849 5188 communionem
1894 5147 2023 5186 cum
2073 5149 2139 5187 eo

498 5221 658 5276 velut
688 5222 1021 5277 adhaerente
1053 5222 1556 5291 trangressorihus
1615 5224 1917 5292 pactorum
1952 5220 2138 5275 mani-

503 5308 853 5364 festis.Ta1ia
875 5325 1103 5365 versare
1123 5308 1318 5364 animo
1335 5308 1554 5378 legatos
1587 5325 1718 5363 cum
1743 5307 2142 5380 praesensisset

505 5397 842 5467 imperator,
863 5403 920 5452 et
945 5397 1082 5452 inde
1117 5396 1467 5467 intelligeret
1489 5397 1734 5464 Grazcos,
1769 5397 1868 5468 qui
1901 5404 2140 5452 eatenus

510 5485 658 5540 451
690 5486 836 5541 actis
868 5489 1164 5554 utcunque
1197 5486 1322 5555 jam
1355 5486 1824 5557 acquiescebant,
1850 5485 2141 5555 ejusmodi

511 5572 712 5630 audita
740 5572 1000 5629 oratione
1033 5570 1359 5645 legatorum
1409 5574 1609 5631 statim
1661 5573 2140 5642 tumultuaturos,

2249 4513 2722 4571 sustinui.Multis
2752 4517 3031 4584 praeterea
3060 4509 3175 4564 vim
3208 4507 3589 4574 feci,securus
3610 4490 3850 4553 oﬂ'ensio-

2247 4603 2338 4658 nis
2361 4603 2982 4658 amicorum.Etvestro
3005 4613 3235 4669 quoque
3266 4608 3504 4664 corpore
3531 4604 3642 4644 non
3665 4591 3849 4673 pauco}

2247 4693 2404 4747 haud
2467 4691 2668 4747 leviter
2723 4688 2942 4745 vexavi.
3001 4688 3200 4742 Testes
3259 4682 3378 4738 sint
3450 4677 3550 4750 qui
3591 4691 3620 4730 e
3669 4670 3852 4765 nostris

2248 4795 2480 4850 quoque
2510 4777 2856 4851 propinquis
2895 4777 2952 4830 in
2986 4772 3269 4830 custodiis
3313 4765 3638 4840 squallent;
3666 4755 3850 4851 quibus

2247 4839 2362 4922 ista
2557 4839 2718 4921 Italis
2740 4839 3047 4920 conventio
3078 4877 3256 4916 causa
3313 4839 3423 4912 fuit
3477 4851 3646 4908 unica
3689 4847 3739 4899 et
3764 4839 3850 4894 0b-

2249 4955 2494 5010 sistendi
2528 4958 2736 5010 nostrae
2766 4951 3049 5007 voluntati
3103 4955 3159 5004 et
3214 4947 3310 5001 ira:
3370 4938 3627 4998 vicissim
3669 4931 3849 4987 nostra3

2249 5045 2581 5100 subeundae.
2617 5043 2706 5096 Sic
2732 5045 2925 5096 autem
2958 5055 3092 5092 cum
3124 5036 3225 5092 illa
3269 5046 3528 5106 gererem
3587 5018 3848 5106 putabam,

2251 5134 2641 5188 constiturum
2671 5131 2826 5185 intra
2857 5129 2963 5183 hos
2993 5127 3275 5182 terminos
3294 5119 3709 5193 negotium,nec
3737 5101 3848 5200 Plus

2251 5223 2320 5276 ad
2346 5222 2474 5292 ejus
2506 5217 2910 5292 perfectionem
2944 5215 3116 5271 Italos
3170 5212 3534 5285 quaesituros.
3558 5289 3566 5292 Δ
3594 5203 3666 5256 Ita
3716 5202 3848 5292 ea"?

2251 5282 2744 5381 promisi-dudum
2773 5305 3032 5369 vobis,et
3063 5282 3252 5358 exstat
3271 5300 3328 5354 in
3362 5289 3607 5353 Ecclesia
3635 5282 3845 5382 ’ρίξείξεξ

2252 5368 2432 5467 iulius
2463 5393 2858 5468 persuasionis
2893 5368 3118 5447 illustre
3161 5386 3595 5468 documentum,
3621 5368 3849 5468 diploma

2251 5447 2497 5541 ἷᾶἰιῖυέ
2507 5447 2856 5542 sententiam
2871 5479 3157 5536 disertum
3176 5493 3308 5534 cum
3335 5463 3683 5546 appositione
3699 5447 3846 5550 φησι

2253 5572 2756 5640 αυιεωῼυοηὶοω
2787 5585 2919 5626 vero
2957 5571 3287 5644 nostrorum
3349 5557 3597 5648 quidam,
3657 5538 3843 5616 quam
