4130 6270
313 370 421 425 917

1369 377 1458 427 DE
1497 376 1863 429 MICHAELE
1903 371 2349 428 PALEOLOGO
2385 372 2519 425 LIB.
2560 374 2655 424 VI.

3604 365 3709 421 918

309 513 430 547 τινα
461 491 718 564 δοκιμὴν,
774 492 863 548 καὶ
922 493 1079 549 τοῦτό
1137 494 1340 551 ἔστιτὸ
1368 504 1465 567 τῆς
1499 496 1792 565 ἐπιστάσης
1822 515 1950 570 πρε·
1982 505 2034 572 Α
2065 491 2206 548 οὕτω
2263 495 2330 548 τὰ
2377 494 2493 548 καθ’
2549 493 2707 547 αὐτὸν
2756 490 3153 560 διασκευάζεται
3215 491 3288 551 ὡς
3323 487 3463 562 μηδέ
3490 492 3595 543 τῶν
3631 487 3706 550 sic

310 576 489 643 σϐείας
537 580 860 656 κεφάλαιον,
912 582 1184 657 βούλομαι
1242 580 1535 658 προλαϐὼν
1603 584 1769 659 μικρὰ
1825 583 1959 657 πρὸς

314 671 455 742 ὑμᾶς
500 669 666 725 εἷπεῖν
718 670 808 724 καὶ
840 668 1289 748 πληροφορῆσαι,
1322 675 1395 734 ὡς
1426 672 1485 727 ἂν
1524 675 1597 747 μὴ
1631 673 1954 743 ἐξαπιναίως

313 757 635 820 ἀκούσαντες
693 761 1078 833 ταραχθείητε,
1142 760 1282 833 μηδέ
1344 783 1395 817 τι
1453 764 1616 816 πάλιν
1679 764 1839 833 ἡμῶν
1893 761 1956 814 τὸ

311 847 447 919 πρὸς
506 852 637 922 σφᾶς
699 842 1084 921 κυϐερνητικὸν
1147 845 1348 909 ἷλδὸντες
1407 850 1661 922 ὑποψίαις
1717 853 1835 909 ταῖς
1891 847 1953 901 οὐ

307 932 505 996 καλαῖς
561 935 684 1008 περὶ
741 937 900 1006 ἡμῶν
966 936 1276 1011 βληθείη-τε.
1341 938 1479 1011 Ἐγὼ
1522 936 1772 1011 γὰρ,κᾶν
1808 936 1954 989 συνί-

308 1045 451 1098 στωρ
510 1025 594 1094 εἷή
654 1025 804 1094 Θεὸς,
867 1025 997 1099 ὑπὲρ
1054 1030 1147 1078 τοῦ
1210 1027 1283 1097 μή
1337 1031 1799 1099 τιπαραηυθῆναι
1843 1028 1950 1077 τῶν

306 1114 589 1186 ἡμετέρων
645 1113 809 1186 μέχρι
840 1112 929 1166 καὶ
962 1113 1129 1182 αὐτῆς
1156 1114 1371 1186 κεραίας
1400 1115 1433 1183 ἢ
1472 1114 1579 1186 μὴν
1640 1112 1792 1183 ἰῶτα,
1856 1111 1953 1164 αὗ-

305 1202 398 1263 τὸς
428 1201 537 1274 ἐγὼ
572 1206 1050 1275 καθυπισχνοῢμαι
1082 1201 1211 1255 αὐτὸ
1248 1202 1311 1256 τὸ
1346 1207 1485 1264 θεῖον
1518 1198 1814 1273 Σύμϐολον
1848 1205 1953 1254 τῶν

306 1287 561 1364 Ηατέρων
616 1288 841 1352 ἐνθεῖναι
873 1289 1098 1361 σημαία,
1152 1289 1241 1343 καὶ
1272 1288 1589 1362 πολεμῆσαι
1644 1290 1719 1360 μὴ
1770 1288 1851 1342 ὅτι
1895 1309 1953 1361 γε

303 1376 559 1445 Ἰταλοῖς,
608 1375 754 1431 ἀλλὰ
798 1378 886 1431 καὶ
939 1379 1096 1432 παντὶ
1147 1373 1285 1441 ἔθνει
1347 1379 1478 1451 ὑπὲρ
1527 1376 1731 1431 τούτων
1782 1376 1952 1449 ἀμφι-

303 1461 615 1535 σϐητοῦντι.
676 1466 778 1521 Καὶ
839 1465 973 1536 αὕτη
1038 1467 1131 1538 μέν
1190 1465 1329 1520 ἐστιν
1392 1468 1427 1534 ἡ
1485 1463 1949 1541 πληροφορία,ἥθ

305 1552 507 1626 δίδωμι
561 1554 695 1626 πρὸς
758 1555 918 1625 ὑμᾶς·
982 1552 1167 1615 ἄλλως
1225 1553 1282 1608 δὲ
1341 1549 1664 1629 κυϐερνῆσαι
1713 1552 1801 1607 καὶ
1838 1554 1951 1623 μετ’

304 1642 529 1717 εἲρήνης
563 1643 884 1715 ἀποπέμψαι
917 1645 996 1713 [Ρ.
1029 1645 1154 1715 314]
1208 1643 1335 1703 τοὺς
1384 1637 1635 1716 πρέσϐεις
1686 1638 1795 1694 οὔτ’
1827 1640 1949 1712 ἐμοὶ

304 1732 522 1801 νέμεσις
551 1731 766 1791 πάντως
801 1726 911 1793 οὔθ’
946 1731 1072 1802 ὑμῖν
1128 1728 1313 1785 ἀδικία
1366 1731 1427 1785 τὸ
1482 1728 1731 1784 σύνολον.
1790 1730 1950 1799 Ἀξιῶ

302 1818 399 1873 οὖν
458 1818 547 1873 καὶ
595 1818 1061 1892 προσπτύσσεσθαι
1119 1825 1253 1895 σφᾶς
1304 1818 1534 1893 φιλικῶς
1583 1818 1670 1872 καὶ
1720 1817 1952 1885 ἀσπάζε-

2060 582 2217 636 αὐτὸν
2272 583 2622 657 πραχθέντων
2677 580 2870 657 γνῶσίν
2936 601 3057 635 τινα
3130 582 3428 653 παρασχεῖν
3508 576 3651 655 σιρίσι
3688 596 3701 609 ·

2059 677 2166 725 τῶν
2225 669 2270 725 δ’
2329 671 2627 746 ἀρχιερέων
2682 693 2740 725 τε
2780 670 2869 725 καὶ
2920 675 3026 725 τῶν
3074 668 3336 745 ἐκκρίτων
3366 671 3461 722 τοῦ
3491 665 3702 740 κλήρου

2062 759 2194 835 ἀμφ’
2251 760 2407 814 αὐτὸν
2472 761 2843 834 συναχθέντων
2889 758 3270 834 ποραγίνονται
3335 757 3424 811 καὶ
3474 756 3525 810 οἳ
3569 757 3707 828 πρέ-

2062 843 2231 909 σϐεις.
2277 849 2379 903 Καὶ
2428 850 2493 902 τὰ
2535 853 2633 914 τῆς
2679 844 2967 920 πρεσϐείας
3015 852 3306 913 κινοῦντες,
3359 842 3525 913 δῆλον
3562 844 3699 912 ἦσαν

2060 937 2237 991 ἐκεῖνα
2280 938 2649 1011 προτείνοντες
2698 936 2729 991 ἂ
2783 936 2847 1005 δὴ
2900 936 3101 1009 φθάσας
3161 938 3188 989 ὸ
3244 932 3494 1004 βασιλεὺς
3539 953 3707 1008 προε-

2062 1022 2256 1093 δήλου·
2317 1028 2444 1099 παρ’
2504 1029 2565 1095 ἣν
2614 1026 2789 1079 αἰτίαν
2844 1026 2932 1079 καὶ
2963 1023 3431 1098 προενηχηθέντες
3464 1022 3705 1093 εὐμενῶς

2057 1110 2283 1183 ἤκουον,
2342 1112 2373 1167 ἂ
2431 1113 2495 1184 δὴ
2534 1116 2609 1187 μὴ
2660 1116 3030 1190 προμαθόντες
3053 1116 3140 1168 καὶ
3175 1113 3294 1167 λίαν
3337 1109 3613 1185 δυσχερῶς
3640 1109 3705 1169 ἂν

2059 1202 2413 1271 ἡνωτίζοντο.

2130 1364 2216 1425 ις’.
2271 1365 2458 1426 ’Όπως
2507 1361 2882 1431 ἀπεστάλησαν
2935 1365 2986 1416 οἱ
3035 1355 3285 1433 πρέσϐεις
3339 1357 3471 1414 ἰδεῖν
3503 1358 3628 1420 τοὺς

2508 1434 2900 1497 ἀποκλείστους
2924 1434 2974 1488 ἐν
3006 1435 3246 1511 φυλακῇ.

2126 1558 2289 1612 Ταῦτ’
2350 1554 2449 1631 ἄρα
2504 1557 2591 1612 καὶ
2657 1557 2909 1633 βασιλεὺς
2963 1558 3035 1619 ὡς
3094 1557 3153 1611 οὐ
3186 1554 3393 1630 χλεύην
3428 1554 3686 1622 εἶναιτὴν

2057 1645 2276 1718 εἰρήνην
2336 1646 2735 1723 πληροφορῶν,
2793 1649 2883 1701 τὸν
2944 1647 3166 1720 Ἐφέσου
3200 1647 3380 1702 Ἰσαὰκ
3429 1642 3519 1697 σὺν
3569 1643 3700 1717 πρέ-

2054 1729 2230 1787 σϐεσιν
2292 1735 2613 1797 ἀποστείλας
2678 1737 3107 1811 καθειργμένους
3185 1733 3388 1789 ἐδείκνυ
3468 1753 3701 1808 προσγε-

2053 1827 2161 1884 νεῖς
2218 1821 2268 1876 ἐν
2328 1830 2445 1887 ταῖς
2471 1824 2758 1897 φυλακαῖς.
2791 1827 2857 1881 0".
2918 1824 2963 1880 δ’
3013 1826 3145 1893 ἦσαν
3181 1825 3207 1877 ὁ
3260 1822 3694 1897 πρωτοστράτωρ

303 1909 423 1962 σθαι
484 1882 748 1979 εὐμενῶς,
814 1909 1012 1980 μήπως
1058 1882 1174 1962 καὶ⁸
1204 1882 1326 1976 τὴν⁵
1360 1908 1553 1979 Θήραν,
1613 1906 1641 1959 ’ὁ
1674 1903 1739 1974 δή
1769 1882 1946 1982 φασίν,
1978 1882 2025 1947 Β
2057 1882 2819 1988 ΠαλαιολόγοςλᾸνδρόνικος,
2849 1917 2876 1969 ὁ
2897 1882 3189 1990 πιγκέρνης
3210 1882 3406 1969 Ῥαοὺλ
3429 1882 3695 1981 Μανουὴλ

302 1991 752 2066 ἀνασοϐήσωμεν,
811 1995 900 2049 καὶ
961 1993 1173 2067 μᾶλλον
1233 1995 1425 2049 πάππα
1470 1993 1757 2068 γεγονότος
1802 1994 1945 2063 νέου,

298 2084 389 2140 καὶ
424 2084 488 2139 οὐ
518 2084 655 2138 κατὰ
698 2084 788 2138 τὸν
822 2085 1121 2160 Γρηγόριον
1163 2080 1319 2147 ὄντος
1374 2084 1629 2154 εὐμενοῦς
1661 2081 1801 2135 οὕτω
1830 2086 1947 2141 τοῖς

300 2172 594 2247 ἡμετέροις
626 2171 924 2247 πράγμασι.
987 2173 1060 2229 Τὸ
1119 2170 1165 2226 δ’
1218 2171 1455 2227 ἐντεῦθεν
1517 2170 1638 2242 ἐμοὶ
1699 2168 1949 2241 μελήσει,

307 2262 449 2336 μηδὲ
476 2261 698 2337 διωρίαν
732 2258 954 2317 λαϐόντι
989 2260 1219 2335 βουλῆς,
1260 2269 1358 2331 τῆς
1408 2261 1543 2334 πρὸς
1574 2258 1768 2320 αὐτοὺς
1816 2259 1948 2312 ἀπο-

300 2353 555 2425 κρίσεως.
588 2376 617 2405 ››
677 2354 860 2408 Ταῦτα
889 2355 985 2405 τοῦ
1035 2349 1301 2425 βασιλέως
1348 2349 1593 2411 εἶ’πόντος
1622 2348 1649 2401 ὁ
1706 2348 1800 2419 μὲν
1847 2368 1952 2401 πα-

302 2441 577 2517 τριάρχης
637 2438 911 2520 ἐφίσταται
968 2443 1036 2513 τῇ
1096 2443 1202 2493 τῶν
1256 2439 1568 2513 Μαγγάνων
1631 2438 1807 2509 μονῇ,
1859 2435 1948 2490 καὶ

303 2657 591 2714 nimirum
645 2654 962 2710 discidium
1022 2654 1182 2709 cordi
1228 2658 1337 2722 est,
1382 2654 1577 2708 nescio
1636 2670 1752 2724 qua
1804 2652 1947 2707 moti

307 2762 490 2801 causa
512 2744 645 2814 (nisi
659 2743 792 2815 quis
819 2742 1025 2797 dixerit
1043 2742 1112 2798 ad
1132 2743 1533 2813 probationem
1548 2741 1668 2796 hinc
1682 2745 1945 2797 nostram

309 2838 370 2889 et
429 2848 709 2902 angorum
785 2830 1087 2887 cumulum
1161 2831 1313 2887 458
1392 2829 1750 2901 contingere)
1811 2845 1943 2883 cum

308 2918 525 2974 Freriis
556 2919 705 2990 apud
740 2923 992 2973 Peraeam
1025 2918 1323 2989 congressi
1356 2916 1629 2971 dixerunt
1657 2915 1801 2970 nihil
1833 2915 1945 2969 nisi

307 3006 627 3064 ludibrium
680 3012 736 3063 et
781 3008 1046 3062 fraudem
1101 3006 1251 3062 banc
1310 3022 1508 3076 pacem
1566 3021 1716 3072 esse,
1750 3008 1805 3059 et
1836 3004 1943 3058 hoc

300 3097 660 3168 imprudenti
709 3096 864 3151 dicto
916 3095 1136 3151 Latinis
1167 3096 1529 3151 occasionem
1564 3094 1933 3165 praebuerunt

299 3185 641 3256 exquirendi
674 3184 808 3255 plus
841 3185 1081 3253 aliquid,
1107 3189 1173 3239 ut
1201 3184 1595 3255 experimento
1618 3183 1761 3238 satis
1782 3186 1939 3236 certo

2514 2007 2537 2016 υ

2059 2000 2085 2053 ὁ
2117 1998 2349 2074 ἀδελφὸς
2379 2001 2541 2056 αὐτοῦ
2576 2004 2860 2071 Ἰσαάκιος,
2889 2004 2979 2057 καὶ
3010 2002 3261 2075 τέταρτος
3292 2003 3318 2056 ὁ
3353 2006 3449 2056 τοῦ
3480 2020 3694 2073 πρωτο-

2057 2087 2351 2163 στράτορος
2398 2090 2712 2164 αὐτανέψιος
2765 2090 3141 2166 ΙΙαλαιολόγος
3191 2091 3467 2159 Ἰωάννης·
3520 2086 3571 2141 οἳ
3627 2087 3693 2155 δὴ

2054 2177 2141 2230 καὶ
2194 2175 2432 2251 τέτραχα
2460 2179 2847 2251 κοσμηθέντες,
2882 2179 3024 2235 εἴποι
3052 2199 3133 2239 τις
3163 2179 3422 2249 ποιητὴς,
3459 2175 3693 2251 βαρείαις

2056 2262 2277 2318 ἁλύσεσι
2337 2266 2584 2339 φυλακῆς
2639 2270 2977 2343 τετραγώνου
3037 2267 3232 2341 γωνίαν
3294 2266 3508 2339 ἐπεῖχεν
3565 2261 3696 2319 ἕκα-

2057 2372 2199 2414 στος.
2256 2354 2394 2409 Τότε
2450 2356 2539 2409 καὶ
2597 2354 3173 2431 ὁπιγκέρνῃςῬαοὺλ
3206 2352 3334 2408 ἰδὼν
3390 2354 3484 2407 τὸν
3544 2349 3693 2429 Ἐφέ-

2060 2459 2174 2511 σου,
2222 2443 2310 2494 καὶ
2369 2444 2484 2496 οἷον
2544 2442 2923 2518 ὑπερπαθήσας
2981 2444 3024 2498 εἰ
3083 2443 3243 2505 αὐτὸς
3298 2441 3470 2515 μὲνέν
3525 2439 3697 2495 ἀνέσει

2056 2653 2249 2710 favore
2297 2656 2357 2710 in
2406 2674 2497 2712 res
2542 2662 2773 2714 nostras
2831 2658 3165 2714 instinctus.
3222 2658 3357 2713 Meae
3389 2661 3459 2713 de
3491 2661 3692 2713 caetero

2056 2757 2206 2797 curae
2239 2745 2413 2800 fuerit
2450 2747 2529 2801 ita
2575 2747 2690 2802 illis
2744 2749 3148 2820 respondendo
3182 2747 3537 2811 satisfacere,
3571 2752 3695 2802 uta

2054 2831 2167 2886 ﬁxa
2214 2833 2273 2887 in
2325 2838 2543 2890 statuto
2594 2836 2717 2905 jam
2772 2836 3017 2892 consilio
3058 2837 3209 2894 459
3244 2836 3572 2891 constantia
3619 2852 3692 2891 ne

2054 2922 2366 2979 minimum
2398 2924 2633 2995 quidem
2667 2926 3067 2981 deﬂectemus.
3094 2946 3121 2977 η
3158 2926 3322 2981 Talia
3354 2926 3544 2981 locuto
3578 2926 3691 2979 im-

2054 3015 2340 3078 peratore,
2374 3012 2699 3082 patriarcha
2756 3014 2990 3084 quidem
3024 3015 3083 3069 in
3112 3015 3530 3087 Manganorum
3566 3031 3692 3069 mo-

2054 3100 2374 3153 nasterium
2434 3118 2495 3155 se
2552 3100 2818 3169 contulit,
2852 3107 2909 3157 et
2952 3103 3033 3157 ita
3080 3119 3141 3157 se
3189 3104 3371 3174 gessit
3418 3108 3483 3157 ut
3531 3102 3692 3157 nulla

2051 3200 2249 3240 eorum
2285 3205 2413 3258 quae
2446 3189 2501 3243 in
2535 3205 2667 3244 eum
2717 3194 2849 3245 acta
2897 3191 3127 3246 fuerant
3174 3192 3379 3246 notitia
3420 3208 3519 3261 per
3556 3207 3690 3245 eum

300 3277 531 3329 constet
586 3273 737 3328 serio
787 3290 853 3328 ac
900 3290 1030 3327 vere
1082 3290 1203 3329 rem
1265 3278 1578 3343 peractam,
1613 3272 1766 3327 unde
1798 3271 1936 3337 11330,
1971 3285 2013 3351 ρ
2052 3274 2123 3327 ad
2158 3275 2382 3344 legatos
2411 3282 2730 3332 emanaret.
2756 3280 3133 3350 Congregatis
3162 3297 3332 3350 porro
3358 3279 3437 3335 ibi
3460 3279 3531 3334 ad
3554 3295 3690 3334 eum

292 3379 470 3434 quam
517 3361 777 3417 audituri
813 3379 943 3417 mox
973 3378 1203 3427 sumus,
1228 3361 1439 3433 legatio
1473 3366 1605 3415 nata
1631 3364 1739 3427 est,
1773 3360 1942 3428 cujus

298 3467 543 3522 scopum
576 3451 935 3521 praecipuum
964 3465 1091 3505 esse
1125 3451 1378 3521 comperi
1414 3450 1521 3505 hoc
1573 3450 1725 3520 quod
1777 3448 1947 3502 modo

300 3539 422 3594 dixi
453 3557 486 3594 ει
516 3539 685 3594 nobis
735 3539 981 3610 exigere,
1013 3539 1143 3593 volo
1192 3539 1392 3610 paucis
1442 3552 1844 3610 praeoccupare
1884 3552 1947 3590 ac

306 3628 658 3701 praemunire
688 3645 810 3695 vos,
834 3643 907 3682 ne
938 3626 1037 3681 ubi
1070 3644 1197 3698 quas
1226 3627 1305 3681 illi
1334 3626 1644 3697 loquentur
1674 3624 1943 3690 audietis,

302 3717 500 3773 subito
531 3716 985 3783 conturbemini,
1019 3732 1157 3771 neve
1204 3716 1264 3769 in
1311 3724 1529 3770 vestros
1572 3715 1799 3769 animos
1842 3730 1946 3768 su-

303 3806 555 3878 spicioni
588 3808 658 3862 de
682 3806 851 3862 nobis
873 3806 1126 3861 sinistras
1153 3804 1258 3859 ulli
1290 3809 1481 3875 pateat
1503 3805 1721 3869 aditus,
1744 3804 1947 3873 utique

300 3901 615 3968 postquam
651 3894 803 3950 clare
835 3894 1245 3966 perspexeritis
1272 3910 1448 3965 quam
1481 3894 1707 3948 sincera
1737 3907 1943 3962 quam.

304 4000 419 4056 quo
463 3984 754 4039 constanti
797 3984 1019 4039 ratione
1048 3983 1106 4037 in
1138 3986 1258 4037 tota
1306 3982 1484 4052 hujus
1532 3998 1665 4037 cum
1721 3978 1943 4035 Latinis

301 4072 725 4144 gubernatione
774 4072 989 4143 negotii
1027 4085 1348 4126 versemur.
1382 4072 1495 4138 Ego
1539 4070 1693 4125 enim
1746 4072 1945 4125 sancte

300 4160 600 4232 polliceor,
631 4165 688 4217 et
720 4164 782 4215 ut
813 4160 1112 4215 conscium
1158 4160 1344 4215 habeo
1395 4164 1597 4223 Deum,
1625 4158 1706 4213 ita
1735 4161 1942 4213 testem

299 4250 507 4304 invoco
540 4250 808 4305 eumdem
840 4248 1234 4304 irrevocabilis
1287 4248 1569 4319 propositi
1601 4263 1615 4302 :
1650 4246 1941 4318 proﬁteor,

300 4341 567 4409 inquam,
585 4342 641 4392 et
661 4337 963 4393 verissime
993 4337 1267 4407 promitto
1288 4337 1532 4408 rigorem
1568 4335 1941 4391 inﬂexibilem

298 4443 492 4497 usque
518 4427 588 4481 ad
620 4425 1012 4481 exclusionem
1064 4425 1152 4479 vel
1204 4426 1330 4481 ictae
1373 4425 1460 4481 vel
1510 4425 1693 4496 apicis
1743 4423 1941 4479 unius.

301 4516 714 4586 Conﬁrmoque
744 4530 838 4570 me
869 4514 1211 4584 neutiquam
1272 4530 1583 4584 passurum
1615 4513 1750 4568 addi
1780 4513 1942 4582 Sym-

301 4603 439 4659 bolo
469 4608 707 4659 Patrum
749 4603 837 4696 vel
886 4602 1190 4659 minimam
1237 4602 1539 4663 notulam;
1588 4606 1661 4696 et.
1691 4602 1740 4655 si
1792 4616 1938 4671 opus
1973 4632 2015 4696 Β

299 4692 402 4759 sit,
428 4707 493 4747 ea
524 4709 701 4748 causa
730 4690 947 4746 bellum
978 4694 1410 4762 suscepturum,
1435 4708 1547 4745 non
1580 4689 1769 4745 solum
1805 4706 1935 4743 cum

298 4779 490 4848 Italis,
509 4780 608 4835 sed
624 4795 755 4834 cum
772 4779 976 4850 quavis
990 4776 1228 4833 omnino
1241 4783 1411 4849 gente
1432 4778 1500 4831 ad
1517 4778 1572 4831 id
1590 4793 1694 4831 nos
1708 4776 1938 4846 adigere

295 4867 548 4923 volente.
598 4874 681 4923 De
724 4867 833 4923 hoc
891 4867 1031 4922 certi
1083 4870 1290 4932 estote,
1340 4866 1398 4920 in
1447 4867 1600 4936 quod
1653 4867 1725 4919 do
1774 4863 1937 4919 vobis

295 4957 478 5012 ﬁdem
528 4956 955 5027 plenissimam.
1000 4957 1143 5011 Cum
1194 4971 1259 5010 eo
1303 4958 1501 5009 tamen
1545 4954 1823 5023 deprecor
1867 4968 1938 5006 ne

297 5044 525 5116 placide
556 5061 677 5099 rem
711 5043 1122 5099 administrare
1150 5060 1214 5097 ac
1243 5043 1482 5114 pacifice
1530 5042 1823 5096 dimittere
1854 5041 1937 5093 le—

295 5136 470 5204 gatos
499 5132 586 5188 vel
618 5133 765 5187 mihi
797 5135 869 5187 ad
902 5131 1412 5203 reprehensionem
1464 5130 1805 5200 imputetur,
1839 5137 1939 5184 aut

292 5222 370 5277 ad
404 5221 687 5277 damnum
734 5220 919 5275 ullum
951 5224 1211 5274 vestrum
1256 5219 1604 5289 injuriamve
1653 5217 1937 5287 pertinere

292 5309 538 5366 omnino
590 5313 917 5365 censeatur.
967 5308 1114 5363 Volo
1172 5307 1353 5379 igitur
1400 5312 1457 5361 et
1512 5306 1784 5377 amplecti
1840 5321 1938 5360 eos

296 5398 487 5453 amice
516 5402 572 5454 et
601 5397 857 5453 salutare
884 5397 1183 5460 benevole,
1217 5411 1288 5451 ne
1318 5395 1484 5464 forte,
1518 5396 1673 5466 quod
1704 5393 1936 5463 dicitur,

294 5485 440 5542 feris
493 5486 901 5557 intempestive
957 5485 1240 5541 terrendis
1295 5484 1617 5540 venationis
1684 5485 1936 5539 fructum

298 5574 644 5648 perdamus.
677 5576 812 5642 Quae
843 5574 1032 5646 magis
1063 5588 1219 5629 nunc
1249 5571 1578 5629 necessaria
1609 5575 1697 5628 est
1724 5572 1940 5638 cautio,

296 5681 441 5721 cum
473 5680 625 5737 papa
656 5678 841 5720 novus
870 5660 967 5732 sit,
1000 5661 1165 5735 isque
1196 5658 1353 5719 haud
1379 5658 1506 5733 pari
1537 5677 1603 5718 ac
1631 5660 1943 5734 Gregorius

2051 3362 2338 3432 episc0pis
2369 3382 2433 3419 ac
2466 3365 2822 3436 primoribus
2854 3367 2991 3422 cleri
3023 3369 3336 3423 adfuerunt
3387 3373 3443 3422 et
3490 3367 3691 3438 legati,

2052 3456 2107 3505 et
2135 3451 2399 3505 videlicet
2442 3453 2634 3523 palam
2667 3458 2723 3509 et
2755 3455 2929 3510 libere
2988 3456 3082 3510 illa
3134 3456 3264 3527 ipsa
3323 3456 3693 3526 protulerunt

2051 3553 2084 3606 q
2097 3553 2177 3591 uae
2193 3536 2482 3607 postulatu
2493 3556 2586 3593 ros
2602 3541 2893 3610 ipsosjam
2916 3542 3230 3611 imperator
3245 3548 3685 3611 praemouuerat.

2052 3626 2116 3680 In
2142 3643 2255 3695 quo
2279 3626 2405 3695 ejus
2428 3627 2798 3695 providentiae
2823 3630 3044 3683 fructus
3070 3630 3118 3684 is
3141 3629 3423 3697 constitit,
3440 3634 3685 3685 uttantze

2050 3713 2387 3769 offensionis
2409 3714 2578 3767 verba
2608 3714 2830 3783 placide
2854 3733 2918 3771 ac
2939 3717 3066 3771 sine
3086 3717 3340 3771 tumultu
3372 3717 3683 3785 audierint,

2049 3801 2361 3857 irritabiles
2419 3800 2635 3872 alioqui
2694 3801 2982 3872 homines,
3025 3821 3193 3874 quos,
3237 3804 3350 3859 nisi
3409 3806 3684 3875 prudenti

2050 3890 2302 3945 fuissent
2349 3889 2748 3945 admonitione
2796 3893 3122 3962 praeparati,
3154 3901 3307 3947 cerlo
3350 3894 3566 3948 certius
3596 3898 3685 3948 est

2051 3979 2109 4033 in
2143 3996 2273 4034 acre
2294 3979 2555 4049 jurgium
2585 3978 2773 4049 prima
2801 3978 2900 4034 illa
2930 3981 3226 4035 mentione
3274 3984 3681 4053 prorupturos.

2051 4139 2135 4193 16.
2173 4139 2234 4193 Ut
2286 4136 2498 4210 deducti
2552 4138 2663 4191 sint
2702 4136 3019 4210 iegatiad
3071 4137 3352 4192 custodias
3406 4139 3677 4210 publicas,

2294 4206 2472 4262 visuri
2497 4223 2583 4263 eos
2615 4208 2711 4278 qui
2739 4206 2858 4263 illic
2885 4208 3063 4266 clausi
3089 4206 3431 4265 tenebantur.

2119 4332 2475 4403 Excogitavit
2500 4335 2556 4387 et
2577 4333 2733 4388 aliud
2754 4332 3071 4403 imperator
3087 4334 3391 4404 perefﬁcax
3416 4334 3678 4389 futurum

2048 4422 2118 4476 ad
2177 4422 2648 4492 persuadendum
2722 4422 2927 4493 legatis
3007 4439 3120 4477 non
3172 4439 3300 4477 esse
3354 4421 3677 4477 ludibrium

2048 4511 2375 4580 pacemjam
2405 4509 3085 4565 factam.Misitvidelicet
3108 4510 3675 4583 Ephesiepiscopum

2048 4601 2312 4653 Isaacum
2345 4615 2476 4652 cum
2508 4597 2716 4668 legatis
2748 4598 2805 4652 in
2840 4600 3136 4654 custodias
3163 4600 3677 4671 publicas,jubens

2048 4687 2193 4757 ipsis
2240 4685 2359 4741 illic
2410 4686 2636 4741 ostendi
2695 4691 2972 4757 cognatos
3030 4687 3190 4758 ipsos
3222 4705 3286 4743 ac
3320 4687 3676 4744 necessarios

2046 4792 2186 4829 suos
2235 4774 2314 4828 ibi
2361 4775 2647 4845 detentos,
2681 4777 2830 4845 quod
2880 4776 3008 4847 paci
3056 4792 3169 4832 non
3218 4778 3675 4833 consensissent.

2048 4862 2112 4917 Ili
2143 4866 2308 4917 erant
2339 4865 2722 4932 protostrator
2746 4862 3098 4935 Palaaologus
3130 4866 3510 4936 Andronicus,
3544 4867 3676 4938 pin—

2050 4967 2222 5005 cerua
2241 4950 2385 5005 Raul
2408 4950 2658 5020 Manuel,
2681 4952 2856 5007 frater
2879 4951 3055 5022 hujus
3074 4954 3413 5024 Isaacius,et
3433 4959 3680 5025 quartus

2050 5040 2487 5112 protostratoris
2509 5057 2576 5095 ex
2593 5042 2766 5095 fratre
2798 5057 2976 5111 nepos
3010 5042 3364 5114 Palzeologus
3393 5044 3680 5113 Joannes;

2053 5129 2151 5200 qui
2179 5146 2317 5184 sane
2340 5130 2395 5183 in
2420 5146 2624 5200 aspero
2656 5134 2887 5197 ornatu,
2911 5134 2974 5184 ut
3004 5137 3171 5201 poeta
3201 5131 3494 5203 quispiam
3527 5134 3682 5188 dice-

2050 5217 2892 5288 ret,quadratiuniuscarceris
2917 5219 3182 5290 singulos
3208 5219 3421 5290 singuli
3439 5220 3683 5291 angulos

2052 5307 2345 5374 tenebant,
2380 5306 2655 5378 gravibus
2702 5306 2880 5362 vincti
2928 5306 3166 5362 catenis.
3199 5308 3361 5362 Tunc
3408 5310 3685 5379 pincerna

2054 5392 2201 5449 Raul
2232 5394 2587 5466 Ephesinum
2618 5394 2843 5461 videns,
2876 5399 2933 5450 et
2956 5394 3177 5450 scilicet
3206 5395 3517 5467 indignans
3548 5414 3681 5453 eum

2052 5482 2283 5553 quidem
2336 5481 2514 5537 libere
2562 5484 2620 5537 in
2665 5482 3008 5537 remissione
3038 5497 3103 5536 ac
3136 5480 3354 5537 deliciis
3383 5484 3591 5552 vivere,
3625 5502 3684 5541 se

2048 5574 2242 5627 autem
2274 5586 2408 5625 cum
2439 5570 2613 5626 sociis
2641 5570 2965 5625 conﬂictari
2984 5568 3116 5625 tetri
3135 5570 3384 5627 carceris
3403 5573 3681 5629 aerumnis

2050 5655 2504 5717 ecclesiasticam
2525 5657 2596 5713 ob
2613 5673 2869 5729 causam,
2893 5674 2994 5730 pro
3018 5672 3134 5728 qua
3153 5654 3351 5729 ipsum
3375 5659 3652 5717 nimirum
3672 5701 3687 5729 ,
