4110 6280
454 366 560 421 919

1744 374 2045 430 GEORGII
2083 370 2543 433 PACHYMERE

3737 380 3840 435 920

458 488 773 575 {fhréxsivm
806 487 861 543 δὲ
892 490 1507 567 προσταλαιπωρυῦνται
1552 496 1621 567 τῇ
1670 493 1908 571 φυλακῇ,
1961 494 2091 568 ὑπὲρ
2123 503 2173 567 Α
2204 496 2292 551 καὶ
2326 497 2538 569 μᾶλλον
2566 497 2797 575 ἐλὲγχου
2851 505 2968 561 τοῖς
3020 500 3117 568 τὴν
3181 500 3368 553 κακίαν
3426 497 3563 561 οἵοις
3614 502 3664 553 τ’
3722 503 3837 555 οῦσι

456 572 528 628 ὧν
563 574 763 629 ἐκεῖνον
798 574 1073 649 μᾶλλονῆ
1121 578 1314 641 αὐτοὺς
1375 575 1479 634 ἔδει
1539 582 1827 655 μάχεσθαι,
1884 582 2093 656 συνάγει

454 684 511 717 τε
565 662 880 734 Λεληθότως
925 668 1026 735 τὴν
1076 663 1265 721 ἅλυσιν
1317 670 1376 736 ἣν
1428 668 1631 744 ἐφόρει,
1684 670 1939 744 προάγων
1972 672 2094 723 ὅσον

456 751 521 820 ἦν
579 752 869 827 ἐγγυτέρω,
946 756 1036 809 καὶ
1094 754 1399 828 σφάκελλον
1472 760 1705 827 ποιήσας
1770 760 1830 812 τὸ
1881 758 2099 831 πτύγμα

454 842 570 895 κατ’
603 840 808 895 ἐκείνου
843 842 1018 917 ῥίπτει
1050 844 1123 904 ὡς
1164 845 1408 914 πλήξων,
1461 846 1555 899 κάν
1604 845 1970 921 ἀπετύγχανεν
2021 845 2099 906 εἲς

456 928 642 984 ἑαυτὸν
674 935 767 984 τοῦ
796 932 1083 1006 τραχήλου
1113 934 1212 1000 τήν
1246 932 1433 987 ἅλυσιν
1465 930 1744 995 ἕλκοντος.

458 1088 542 1156 ιζ’.
573 1091 760 1151 ’Όπως
786 1090 1000 1163 ἀνήχθη
1038 1090 1065 1142 ὁ
1127 1091 1377 1167 ’[ωοὶννης
1431 1091 1481 1152 ἐς
1511 1093 1573 1146 τὸ
1615 1096 2004 1167 πατριαρχεῖον
2037 1092 2098 1145 τὸ

1140 1158 1410 1235 δεύτερον.

527 1285 612 1354 [Ρ.
646 1286 769 1356 315]
801 1282 953 1339 Ἀλλ’
1015 1285 1042 1338 ὁ
1103 1282 1354 1358 βασιλεὺς
1404 1286 1457 1348 ἐς
1505 1286 1682 1341 πίστιν
1711 1286 1944 1351 ἐντεῦθεν
2002 1290 2098 1341 τοῦ

458 1369 642 1441 ἀληΟῆ
723 1372 971 1446 πράττειν
1061 1378 1177 1434 τοῖς
1262 1370 1544 1450 πρέσϐεσιν
1630 1376 2098 1452 ἀφοσιωσάμενος,

458 1458 734 1535 προύργου
788 1462 988 1523 παντὸς
1043 1461 1243 1525 τίθεται
1302 1464 1363 1516 τὸ
1422 1463 1508 1517 καὶ
1542 1463 1812 1525 αῦθιςτὸν
1845 1466 2099 1540 πατριάρ-

462 1569 567 1624 χην
618 1551 924 1627 ἀναγαγεῖν.
983 1548 1121 1607 Οὔτε
1172 1553 1270 1626 γὰρ
1304 1553 1354 1606 ἐν
1392 1552 1684 1629 παραδοχῇ
1710 1556 1777 1608 τὰ
1817 1562 1915 1623 τῆς
1962 1575 2098 1628 παρ-

460 1642 723 1709 αιτήσεως
758 1647 873 1703 τοῖς
931 1641 1266 1715 ἀρχιερεῦσι,
1320 1641 1412 1697 κᾶν
1476 1645 1502 1697 ὁ
1566 1644 1817 1716 βασιλεὺς
1880 1642 2097 1719 ἐδέχετο

455 1730 679 1800 ταύτην”
713 1728 840 1784 ἀλλ’
870 1728 959 1784 οὖν
1015 1732 1076 1785 οὗ
1109 1732 1407 1806 προΐσχετο
1441 1732 1586 1795 ὅλως
1616 1733 1747 1804 αὕτη
1779 1739 1885 1787 τῶν
1938 1736 2095 1809 ἱερῶν

2204 584 2456 644 κωλύειν.
2517 589 2669 651 Ὅθεν
2727 587 2815 642 καὶ
2871 591 3029 661 κοινῇ
3086 588 3268 659 σκέψει
3319 588 3554 656 ἀξιοῦσιν
3606 588 3842 663 ἀρχῆθεν

2203 674 2291 727 τὸν
2355 673 2520 746 ἄνδρα
2570 677 2669 744 τὴν
2730 676 3054 751 προστασίαν
3085 674 3356 750 δέχεσθαι.
3387 677 3448 732 Ὁ
3491 674 3537 729 δ’
3569 677 3676 752 οὐχ
3707 677 3837 747 ὀπῆ-

2205 783 2350 831 κουε,
2406 768 2578 832 ζητῶν
2611 766 2709 832 τὴν
2743 763 2827 818 ἐπὶ
2860 769 2975 826 τοῖς
3027 763 3381 837 συκοφάνταις
3418 761 3724 833 ἐκδίκησιν.
3782 767 3839 819 Τὸ

2209 847 2255 902 δ’
2308 852 2372 918 ἦν
2424 852 2511 904 καὶ
2541 850 2593 905 ἓν
2626 856 2732 906 τῶν
2766 849 3034 906 ἀδυνάτων
3068 856 3145 922 τῷ
3180 849 3413 926 βασιλεῖ,
3453 853 3840 928 προϊσχομένῳ

2209 940 2486 1007 συνήθειαν
2538 942 2734 1016 ἄλογον
2784 942 2889 995 τῶν
2939 941 3307 1015 κρατούντων,
3357 943 3472 995 καθ’
3504 942 3564 1008 ἣν
3595 942 3699 1008 τήν
3758 942 3840 1012 μὲν

2208 1026 2558 1102 συκοφαντίαν
2595 1027 2771 1081 ἴᾶσθαι
2803 1027 2890 1081 καὶ
2920 1027 3009 1081 τὸν
3067 1025 3565 1104 συκοφαντούμενον
3631 1024 3845 1100 ῥύεσθαι

2205 1119 2300 1167 τοῦ
2355 1113 2627 1185 κινδύνου,
2659 1114 2993 1191 συκοφάντην
3038 1113 3093 1169 δὲ
3129 1114 3256 1188 μηδ’
3302 1116 3551 1169 ὁπωσοῦν
3579 1120 3846 1188 τιμωρεῖο

2208 1213 2351 1273 σθαι,
2399 1200 2492 1256 κᾶν
2545 1203 2901 1279 συκοφαντοίη
2963 1204 3031 1257 τὰ
3084 1202 3303 1278 ἔσχατα,
3363 1203 3640 1257 τέτακται·
3713 1199 3848 1273 μηδὲ

2207 1291 2309 1363 γὰρ
2342 1292 2471 1344 εἶναι
2501 1292 2561 1345 τὸ
2596 1292 2793 1362 ἀληθὲς
2839 1296 2916 1362 τῷ
2947 1290 3165 1366 βασιλεῖ
3211 1292 3518 1363 μανθάνειν,
3577 1289 3723 1344 ὅπου
3776 1294 3845 1360 τῷ

2211 1380 2284 1449 μὴ
2345 1377 2676 1449 ἀποδείξοντι
2724 1378 2968 1435 κίνδυνον
3015 1379 3247 1456 ἐφῆφθαι
3298 1375 3605 1451 ξυμϐαίνοι.
3678 1380 3845 1434 Ταῦτ’

2208 1464 2315 1539 ἄρα
2354 1468 2443 1521 καὶ
2498 1470 2573 1539 μὴ
2620 1468 2815 1540 ἀνύων,
2866 1468 2953 1522 καὶ
3003 1467 3214 1541 μᾶλλον
3274 1467 3480 1543 ἀφιὲναι
3511 1467 3574 1521 τὸ
3606 1471 3849 1538 πταῖσμα

2208 1555 2711 1629 παρακαλούμενος,
2765 1556 2995 1629 μίμησιν
3032 1558 3261 1632 φέροντα
3284 1559 3380 1609 τοῦ
3430 1558 3691 1629 Χριστοῦ,
3756 1557 3848 1623 τήν

2599 1642 2843 1718 δέχεται,
2933 1645 3020 1698 καὶ
3093 1640 3219 1717 ἕκτῃ
3299 1641 3666 1705 Ποσειδεῶνος

2210 1730 2437 1805 λαμπρᾷ
2490 1737 2557 1806 τῇ
2618 1731 2915 1810 δορυφορίᾳ
2965 1731 3346 1808 συγκλητικῶν
3392 1754 3450 1786 τε
3508 1733 3618 1805 ἅμα
3647 1732 3742 1785 καὶ
3776 1731 3854 1785 ἐκ·

2207 1643 2509 1715 πρόκλησιν
2599 1643 2843 1715 δέχεται,
2933 1645 3020 1698 καὶ
3093 1643 3219 1715 ἕκτῃ
3299 1643 3666 1705 Ποσειδεῶνος
3757 1643 3853 1697 ὑπὸ

458 1820 794 1893 πραγμάτων
846 1820 1057 1889 ἀνάξιον
1092 1864 1105 1889 ,
1169 1820 1331 1893 μόνον
1395 1818 1451 1876 δὲ
1508 1817 1738 1895 Θόρυϐον
1793 1822 1936 1896 παρά
1990 1828 2095 1877 τῶν
2130 1847 2176 1911 Β
2210 1819 2633 1892 κλησιαστικῶν,
2714 1825 2811 1889 τῆς
2893 1823 3061 1890 αὐτῆς
3148 1819 3505 1889 ἷνδικτιῶνος,
3578 1821 3853 1893 ἀνάγεται.

458 1909 548 1963 καὶ
604 1910 848 1983 ταραχὴν
893 1906 1118 1984 ἄλογον,
1176 1912 1265 1965 καὶ
1324 1913 1405 1966 ὅτι
1454 1912 1813 1986 πληχθὲντων
1859 1912 1945 1966 ἐπὶ
1973 1915 2101 1967 τού-

452 2015 570 2056 τοις
619 1995 713 2056 τὰς
764 1992 1092 2065 συνειδήσει(
1134 2002 1296 2051 τινῶν
1347 1998 1445 2052 οὐκ
1492 1995 1666 2073 ἔκρινε
1696 1996 1803 2053 δεῖν
1857 1999 2095 2073 προσμέ-

450 2104 585 2152 νειν,
643 2084 717 2156 μή
749 2105 884 2151 πως,
914 2084 1065 2160 φησὶ,
1098 2085 1202 2139 τισὶ
1237 2087 1385 2161 παρά
1435 2084 1741 2156 συνείδησιν
1836 2086 1898 2139 τὸ
1927 2107 2096 2161 προσ-

453 2169 726 2247 έρχεσθαι.
784 2176 951 2227 Τοῦτο
1013 2170 1068 2226 δὲ
1122 2172 1174 2227 τί
1206 2174 1263 2227 ἂν
1322 2177 1700 2248 παραιτήσεως
1741 2172 1901 2248 ἔχοι;
1936 2174 1983 2228 εἷ’
2016 2176 2092 2247 μὴ

455 2391 655 2458 utpote
694 2388 1039 2455 antistitem,
1070 2394 1293 2445 certare
1343 2407 1408 2444 ac
1458 2391 1604 2445 dura
1650 2391 1853 2446 subire
1904 2391 2095 2447 fuerat

456 2477 704 2548 aequius,
735 2476 967 2548 collegit
1025 2477 1172 2533 clam
1223 2478 1281 2532 in
1341 2494 1581 2533 manum
1619 2496 1648 2533 e
1692 2480 2091 2549 pendentium,

459 2565 675 2636 quibus
703 2566 1013 2636 ligabatur,
1052 2570 1239 2620 tractu
1271 2567 1424 2620 460
1456 2571 1790 2622 catenarum
1822 2568 2093 2622 volumen

457 2669 649 2724 grave,
678 2658 733 2709 et
785 2654 1090 2709 observato
1140 2658 1403 2725 tempore
1458 2672 1572 2726 quo
1624 2656 1931 2726 episcopus
1975 2662 2093 2709 tam

457 2758 636 2813 prope
668 2743 737 2796 ad
774 2742 965 2813 ipsum
999 2748 1319 2799 accesserat
1368 2748 1432 2799 ut
1479 2744 1789 2815 contiguus
1832 2744 1983 2798 intra
2004 2745 2094 2813 ja-

457 2831 963 2899 ctumvideretur,
999 2832 1245 2888 ferream
1300 2832 1356 2887 in
1411 2850 1545 2888 eum
1596 2833 1828 2888 intorsit
1859 2834 2094 2898 fascem,

458 2919 631 2975 ferire
677 2921 956 2988 studens;
984 2922 1091 2977 etsi
1123 2922 1411 2978 aberravit
1441 2922 1535 2977 ille
1568 2922 1825 2992 quidem,
1854 2920 2095 2985 catenis,

452 3008 579 3078 ipso
605 3008 820 3064 collum
853 3011 1183 3066 retrahente
1217 3013 1371 3066 unde
1401 3011 1758 3081 pendebant,
1795 3011 1866 3064 ad
1900 3010 2095 3081 ipsum

457 3095 674 3157 intacto
708 3097 967 3153 antistite
998 3099 1403 3153 redeuntibus.

457 3256 540 3310 17.
574 3255 634 3312 Ut
659 3260 901 3313 Joannes
930 3255 992 3311 in
1017 3256 1420 3327 patriarchales
1449 3256 1593 3313 mdes
1623 3255 1886 3311 inductus
1917 3255 2096 3311 denuo
2124 3224 2167 3290 ϐ

1231 3330 1317 3382 sit.

531 3452 815 3507 Caeterum
868 3452 1191 3523 imperator
1220 3451 1331 3507 hoc
1364 3450 1529 3522 quasi
1562 3450 1747 3522 primo
1779 3451 1968 3506 officio
2000 3452 2101 3507 de-

461 3539 699 3594 functus
738 3541 1177 3595 demonstrandi
1202 3540 1403 3609 legatis
1428 3539 1574 3594 serio
1599 3556 1718 3594 rem
1743 3556 1775 3594 a
1792 3556 1854 3594 se
1885 3544 2098 3606 actam,

468 3628 570 3698 qui
607 3645 720 3683 non
770 3628 1097 3683 dubitasset
1146 3633 1316 3683 tantae
1365 3628 1666 3700 dignitatis
1714 3628 1867 3683 viros
1918 3645 1986 3683 ea
2032 3630 2101 3683 de

466 3732 643 3771 causa
665 3721 812 3772 tetro
830 3716 1046 3771 carceri
1069 3717 1354 3785 addicere,
1375 3733 1559 3787 operae
1582 3716 1833 3786 pretium
1867 3733 1928 3771 se
1959 3733 2099 3785 pra-

465 3808 622 3859 terea
672 3806 961 3860 facturum
1006 3804 1379 3872 existimavit,
1413 3805 1461 3859 si
1494 3803 1880 3875 patriarcham
1909 3803 2100 3859 liberae

463 3910 581 3948 suae
632 3896 937 3963 potestatis
970 3895 1254 3949 functioni
1289 3893 1641 3949 restitueret.
1678 3893 1819 3947 Rem
1851 3909 1978 3947 eam
2012 3892 2103 3947 sui

464 3981 691 4036 arbitrii
718 3983 960 4052 putabat
991 3999 1136 4049 esse,
1164 3983 1378 4053 quippe
1411 3998 1523 4043 non
1557 3981 1668 4036 alia
1700 3981 2103 4053 corrogatione

462 4070 878 4140 suﬂ'ragiorum
929 4076 1031 4125 aut
1074 4071 1416 4141 repetitione
1465 4069 1765 4125 electionis
1814 4074 2099 4141 egentem.

463 4158 629 4212 Haud
662 4158 816 4213 enim
850 4175 980 4213 vere
1010 4174 1249 4213 vacasse
1281 4174 1542 4227 unquam
1574 4158 2105 4230 Constantinopoli-

461 4248 660 4301 tanam
708 4248 905 4301 sedem
950 4247 1113 4303 Vecci
1161 4246 1547 4315 abdicatione,
1582 4263 1755 4316 quam
1806 4250 2103 4316 utcunque

462 4330 799 4403 imperatori
857 4334 1246 4406 signiﬁcatam
1293 4338 1349 4389 et
1391 4333 1647 4388 oblatam
1693 4334 1948 4405 episcopi
1998 4352 2102 4390 nec

462 4422 842 4477 admisissent
900 4439 1002 4477 nec
1062 4424 1426 4493 probassent.
1478 4422 1587 4477 Sed
1649 4439 1829 4491 neque
1879 4423 1928 4477 is
1976 4423 2101 4494 ipse

461 4508 693 4565 libellus
706 4511 1085 4565 recusationis
1101 4511 1275 4577 sedis,
1293 4527 1467 4582 quem
1484 4510 1821 4581 imperatori
1837 4510 2102 4565 aJoanne

2207 1909 2342 1963 Τότε
2374 1907 2822 1981 συμπλασάμενοι
2882 1912 3111 1983 γράμμα
3163 1916 3261 1978 τῆς
3318 1910 3453 1980 πρὸς
3485 1908 3574 1962 τὸν
3626 1910 3851 1962 πάππαν

2206 1995 2507 2071 ἀπολογίας
2540 1992 2833 2071 (Οὐρϐανὸς
2863 1995 2919 2051 δὲ
2942 1998 3065 2051 τότε
3113 1998 3205 2070 ἦν)
3260 1995 3499 2059 πολλαῖς
3564 1998 3660 2069 μὲν
3719 1996 3849 2051 ὐπο-

2205 2091 2434 2162 γραφαῖς
2472 2087 2599 2157 μήτ’
2631 2082 2797 2139 ὄντων
2847 2085 3155 2140 ἐπισκόπων
3211 2087 3337 2158 μήτ’
3390 2084 3700 2140 ἐπισκοπῶν
3759 2088 3845 2140 οὗ·

2208 2178 2337 2242 σῶν,
2401 2178 2499 2245 μιᾷ
2552 2173 2642 2226 καὶ
2670 2177 2739 2247 τῇ
2775 2172 2907 2246 αὐτῇ
2935 2172 3080 2248 χειρὶ
3106 2170 3201 2227 τοῦ
3249 2174 3519 2248 γραφέως,
3564 2175 3642 2235 ῶς
3695 2170 3847 2243 δῆθεν

2191 2390 2409 2456 animo,
2433 2396 2489 2444 et
2517 2390 2661 2445 forte
2682 2393 2882 2445 contra
2904 2389 3076 2445 officii
3106 2390 3509 2461 praescriptum
3533 2406 3605 2444 ex
3662 2406 3843 2446 errore

2203 2483 2403 2531 natum
2435 2483 2833 2548 operarentur.
2855 2482 2933 2532 Ea
2959 2478 3029 2532 de
3063 2494 3241 2533 causa
3271 2480 3479 2532 ducere
3528 2478 3710 2532 satius
3755 2495 3834 2531 re-

2207 2564 2479 2619 nuntiare
2511 2564 2803 2636 dignitati,
2828 2569 2969 2619 eteo
3003 2565 3127 2620 loco
3162 2566 3363 2620 cedere
3396 2565 3495 2619 ubi
3530 2582 3592 2619 se
3621 2565 3829 2620 nonnisi

2207 2669 2341 2707 cum
2391 2652 2587 2723 aliquo
2620 2652 2897 2707 seandalo
2925 2656 3025 2707 aut
3054 2654 3260 2708 saltem
3313 2652 3572 2723 periculo
3617 2658 3814 2707 teneras

2204 2740 2555 2812 pusillorum
2587 2741 2972 2796 conscientias
3006 2741 3250 2797 laedendi
3282 2740 3504 2796 haerere
3532 2757 3636 2795 non
3661 2756 3806 2811 posse

2194 2829 2510 2899 judicaret.
2541 2829 2602 2883 In
2652 2828 2745 2884 his
2800 2834 2994 2884 autem
3048 2847 3171 2900 quas
3202 2829 3330 2884 vola
3361 2830 3641 2901 quodque
3668 2829 3811 2883 vesti-

2203 2918 2364 2988 gium
2420 2917 2806 2980 abdicationis
2863 2918 3213 2989 appareret?
3244 2917 3351 2973 Ubi
3409 2917 3608 2988 potius
3667 2917 3827 2972 tacita

2204 3004 2441 3074 querela
2494 3004 2909 3074 sugillarentur
2977 3005 3062 3059 illi
3137 3006 3234 3076 qui
3308 3022 3441 3060 cum
3517 3006 3833 3077 potuissent

2204 3092 2604 3161 improborum
2657 3093 2891 3148 malitiae
2942 3094 3249 3162 obsistere,
3276 3093 3541 3148 auxiliari
3595 3095 3833 3149 circum-

2202 3185 2381 3236 ventae
2414 3181 2755 3237 innocentiae
2787 3181 3144 3237 omisissent.
3174 3183 3278 3237 His
3309 3199 3442 3237 cum
3483 3183 3555 3237 ab
3588 3182 3835 3253 impera-

2206 3274 2331 3325 tore
2360 3276 2485 3325 tum
2506 3286 2538 3324 a
2557 3272 2778 3342 synodo
2803 3271 3209 3336 consideratis,
3243 3271 3542 3327 communi
3572 3272 3840 3327 omnibus

2204 3374 2493 3413 consensu
2525 3358 2715 3413 visum
2746 3363 2837 3414 est
2867 3359 3294 3414 restituendum
3338 3360 3626 3415 Joannem
3661 3362 3721 3415 in
3752 3360 3837 3413 in-

2202 3446 2904 3520 termissumzexercitium
2924 3464 3223 3519 nunquam
3254 3449 3540 3519 abrogatis
3571 3448 3840 3504 ablatave

2205 3536 2527 3605 potestatis.
2557 3536 2703 3591 461
2740 3538 2819 3590 Ad
2855 3537 3007 3608 quod
3038 3553 3169 3591 cum
3218 3536 3375 3591 idem
3422 3542 3845 3609 consequenter

2204 3629 2524 3693 vocaretur,
2546 3625 2829 3679 renuebat
2860 3624 3127 3695 obsequi,
3161 3625 3463 3695 postulans
3496 3626 3660 3697 prius
3690 3625 3840 3680 afﬁci

2206 3713 2392 3783 pomis
2423 3712 2670 3782 meritis,
2705 3713 2804 3784 qui
2836 3729 2898 3767 se
2938 3712 3300 3768 calumniose
3332 3713 3698 3769 criminando
3730 3718 3841 3768 tra-

2204 3801 2525 3857 duxissent.
2546 3802 2759 3856 Verum
2792 3802 2845 3856 id
2881 3819 3051 3873 posse
3080 3803 3377 3873 impetrari
3401 3803 3472 3857 ab
3495 3803 3842 3873 imperatore

2207 3892 2563 3961 sperandum
2613 3907 2729 3945 non
2771 3895 2895 3945 erat
2928 3907 2939 3945 :
2977 3892 3330 3946 causabatur
3377 3891 3533 3946 enim
3564 3890 3663 3946 ille
3694 3908 3755 3947 se
3785 3891 3838 3945 id

2207 3979 2396 4034 facere
2435 3979 2690 4048 nequire.
2726 3980 2984 4035 Tenebat
3012 3978 3280 4034 videlicet
3306 3980 3602 4034 mordicus
3634 3980 3839 4035 invete-

2212 4072 2405 4121 ratum
2452 4068 2509 4121 in
2561 4068 2712 4121 aulis
2766 4083 2983 4121 morem
3035 4067 3356 4122 delationes
3401 4067 3839 4139 cujusquemodi

2204 4155 2357 4209 inter
2388 4155 2747 4226 principatus
2777 4156 3170 4211 instrumenta
3202 4156 3497 4224 censendi,
3550 4162 3606 4212 et
3637 4158 3719 4212 sic
3748 4174 3837 4212 ca-

2205 4243 2439 4297 lumnias
2497 4242 2786 4309 medendi,
2836 4259 2969 4297 cum
3026 4244 3405 4315 regnantibus
3459 4245 3692 4316 expedit
3748 4248 3838 4299 aut

2207 4331 2367 4396 libet,
2400 4334 2465 4384 ut
2515 4331 2804 4385 eximatur
2835 4330 3071 4401 quidem
3105 4332 3364 4403 periculo
3396 4332 3546 4387 male
3578 4332 3831 4405 culpatus

2205 4418 2430 4485 insons,
2455 4418 2693 4489 impune
2719 4422 2913 4473 autem
2948 4419 3181 4474 omnino
3214 4421 3360 4475 ferat
3400 4418 3645 4491 iniquus
3677 4438 3832 4476 accu-

2206 4511 2364 4561 sator
2393 4506 2769 4576 quantumvis
2801 4505 2955 4562 falsaa
2987 4512 3157 4578 atque
3186 4507 3838 4580 impudentichrimina-

460 4597 661 4651 datum
695 4598 976 4667 diximus,
1001 4598 1071 4653 iis
1095 4603 1217 4653 erat
1240 4601 1521 4654 formatus
1542 4598 1752 4667 verbis,
1776 4616 1901 4670 quae
1932 4615 2096 4655 veras
2131 4582 2171 4645 D
2203 4594 2379 4649 tionis
2436 4593 2647 4649 scelus.
2689 4594 2790 4649 Cui
2838 4594 3127 4666 ﬂagitioso
3189 4596 3401 4652 abusui
3451 4596 3602 4652 hanc
3661 4597 3839 4653 solent

460 4685 886 4755 canonicasque
932 4685 1204 4756 legitimae
1232 4687 1619 4757 dopositionis
1666 4703 1873 4743 causas
1906 4687 2094 4759 expri-

460 4777 702 4826 merent.
734 4774 960 4827 Etenim
992 4774 1146 4829 haud
1178 4773 1234 4827 in
1266 4792 1331 4829 eo
1363 4776 1681 4846 quidquam
1737 4775 2098 4848 allegabatur

462 4877 576 4930 quo
597 4865 899 4931 appareret
927 4861 1210 4916 Joannem
1245 4868 1306 4916 ut
1338 4863 1646 4935 indignum
1667 4881 1731 4919 eo
1756 4864 1879 4919 loco
1911 4868 1967 4919 ct
1992 4865 2097 4918 ad-

463 4950 879 5007 ministrationi
930 4950 1199 5006 Ecclesiae
1228 4951 1489 5023 ineptum
1525 4958 1624 5007 aut
1655 4954 1931 5024 imparem
1963 4953 2098 5008 inde

460 5038 813 5096 submoveri.
874 5036 1233 5094 Causabatur
1290 5040 1369 5094 ibi
1425 5046 1652 5095 tantum
1711 5042 1835 5111 ipse
1882 5043 2095 5097 Veccus

459 5125 806 5183 tumultuari
840 5129 1043 5180 contra
1075 5143 1135 5180 se
1167 5129 1475 5197 quosdam,
1502 5147 1534 5184 a
1556 5129 1768 5199 quibus
1797 5129 1901 5183 etsi
1936 5134 2093 5199 pate-

458 5221 619 5272 retur
664 5216 945 5284 injustam
980 5214 1342 5270 vexationem
1398 5217 1522 5287 ipse
1572 5217 1863 5282 innoxius,
1896 5221 2093 5272 tamen

454 5305 636 5361 vereri
695 5321 822 5359 sese
877 5303 1259 5359 offensionem
1340 5305 1729 5374 inﬁrmorum,
1789 5306 1887 5377 qui
1948 5308 2093 5361 forte

454 5394 705 5467 vulgatis
738 5394 793 5447 in
828 5410 889 5448 se
922 5393 1237 5447 calumniis
1270 5395 1411 5449 moli
1459 5397 1529 5450 ad
1580 5396 1966 5451 dubitandum
2000 5413 2089 5450 ec-

454 5484 593 5554 quid
649 5482 790 5536 citra
838 5492 1045 5535 noxam
1080 5485 1138 5535 et
1171 5482 1384 5551 piaculi
1419 5485 1820 5554 contagionem
1856 5489 2092 5555 possent

452 5575 576 5625 tam
624 5569 899 5624 dil‘famati
957 5568 1214 5625 hominis
1264 5570 1349 5626 uti
1404 5573 1845 5641 consuetudine,
1880 5573 2090 5629 oblatis

454 5658 662 5713 deinde
735 5657 1140 5714 occasionibus
1197 5675 1331 5716 cum
1388 5677 1452 5718 eo
1512 5662 1719 5734 agendi
1778 5667 2089 5717 azstuarent

2204 4700 2440 4738 causam
2495 4683 2825 4750 obtendere,
2860 4684 3012 4754 quod
3063 4685 3251 4740 omnis
3302 4701 3436 4756 spes
3482 4702 3549 4743 ac
3600 4686 3836 4742 facultas

2205 4771 2455 4842 principi
2486 4770 2805 4842 eriperetur
2833 4774 3218 4843 cognoscendi
3251 4774 3580 4844 quidquam
3616 4775 3685 4830 de
3721 4791 3839 4829 ma-

2205 4858 2638 4914 chinationibus
2660 4859 2923 4930 occultis,
2949 4877 3074 4931 qua:
3102 4866 3302 4916 contra
3335 4862 3533 4934 ipsum
3567 4867 3670 4919 aut
3700 4878 3840 4918 rem-

2208 4945 2502 5016 publicam
2530 4946 2663 4999 iniri
2696 4947 3081 5017 contingeret,
3101 4950 3149 5002 si
3184 4949 3345 5019 gravi
3379 4951 3636 5020 periculo
3658 4951 3844 5005 deter—

2206 5041 2474 5092 rerentur
2502 5037 2571 5091 ab
2604 5038 2872 5091 audenda
2914 5038 3354 5095 denuntiatione
3410 5040 3844 5111 qualescunque

2206 5125 2514 5181 delatores.
2566 5126 2711 5197 Ergo
2759 5126 3079 5196 imperator
3126 5133 3322 5184 certus
3376 5130 3669 5184 convictos
3715 5128 3844 5183 licet

2204 5214 2655 5269 calumniatores
2714 5232 2825 5268 non
2885 5214 3106 5285 ulcisci,
3141 5216 3258 5288 egit
3306 5218 3431 5289 ipse
3483 5234 3615 5272 cum
3646 5217 3842 5285 Vecco,

2204 5321 2415 5373 rogans
2461 5303 2630 5358 etiam
2684 5307 2857 5373 atque
2910 5303 3105 5374 etiam,
3141 5306 3505 5361 condonaret
3534 5306 3604 5361 iis
3634 5322 3838 5359 noxam

2203 5393 2465 5464 exemplo
2497 5392 2729 5447 Christi.
2754 5392 2867 5445 Nec
2900 5392 2996 5446 ille
3028 5395 3098 5447 ad
3124 5400 3453 5448 extremum
3497 5394 3739 5463 abnuit;
3783 5398 3843 5447 et

2201 5498 2480 5538 assensus
2515 5482 2636 5551 jam
2686 5480 2899 5535 studiis
2931 5486 3273 5537 cunctorum
3307 5483 3400 5537 die
3425 5488 3587 5539 sexta
3619 5482 3836 5537 rrensis

2200 5569 2449 5642 Augusti
2497 5569 2761 5638 ejusdem
2809 5568 3165 5639 indictionis,
3201 5569 3505 5641 splendido
3549 5570 3834 5626 deductus

2201 5661 2477 5717 comitatu
2497 5664 2831 5715 senatorum
2860 5668 2914 5715 et
2936 5658 3200 5715 Ecclesia“:
3237 5676 3561 5731 procerum,
3582 5660 3641 5715 in
3677 5659 3832 5732 pala-
