4110 6280
307 402 409 457 921
1358 401 1450 453 DE
1489 401 1858 455 MICHAEI.B
1897 399 2337 452 PALBOLOGO
2373 399 2503 452 LIB.
2544 399 2637 450 VI.
3583 385 3692 439 922

309 523 539 580 πολλῶν
566 522 733 594 ῗερῶν
760 518 970 593 ἀνδρῶν
1029 522 1116 575 καὶ
1170 520 1422 596 μεγάλων
1461 521 1948 597 κατησφαλίζοντο,
1979 527 2031 591 Α
2061 519 2496 594 ἐξεκηρύχθησαν
2557 521 2608 572 οἱ
2660 516 2958 590 ὀρθόδοξοι,
3017 514 3107 570 καὶ
3153 514 3203 568 αἱ
3235 513 3369 584 πρὸς
3395 510 3487 564 τὸν
3545 509 3692 562 πάπ-

311 612 356 667 ei
394 613 486 683 μὶν
533 611 623 665 καὶ
678 609 992 684 πατριάρχῃ
1047 607 1258 676 δοκοῦν,
1293 609 1390 662 οὐκ
1437 607 1581 678 οἶδα,
1629 612 1763 669 τέως
1806 606 1862 662 δέ
1888 629 1951 681 γε

315 702 404 755 καὶ
463 698 586 754 λίαν
643 703 721 769 τῷ
784 696 1042 770 βασιλεῖ,
1102 697 1280 771 φέρειν
1340 698 1544 759 πίστεις
1597 698 1952 771 προνουμένῳ

316 788 504 860 ἰπὶτῇ
565 792 671 841 τῶν
734 786 1071 855 Ἐκκλησιῶν
1128 781 1389 857 συμϐάσει
1447 787 1592 859 παρὰ
1649 785 1948 840 δοκούντων

2053 629 2153 660 παν
2186 610 2409 685 γραφαὶ,
2469 607 2617 677 φασὶ,
2685 608 2946 680 μάρτυροι
3009 605 3332 680 σοφώτατοι.
3395 599 3470 656 Τὸ
3520 596 3692 665 δ’,ὡς

2055 695 2150 767 ἐμὲ
2181 701 2308 768 γοῦν
2339 694 2556 764 εἰδέναι,
2589 694 2772 755 ἄλλως
2824 696 2988 767 εἶχεν,
3026 691 3073 746 εἶ’
3118 691 3207 744 καὶ
3256 689 3390 763 πρὸς
3435 688 3524 739 τὸν
3549 687 3696 739 πάπ-

2055 805 2154 837 παν
2186 787 2320 838 κατά
2349 806 2467 838 τινα
2496 783 2936 855 θωπείανζοῧτως
2971 783 3249 856 ἐγράφετο.

313 876 541 932 πολλῶν
601 877 691 930 καὶ
749 877 865 929 κατ’
925 874 1157 936 ἐκείνους
1211 874 1539 930 ἐπισκόπων.
1575 875 1669 928 Καὶ
1699 877 1799 949 γάρ
1833 875 1952 951 σφί-

315 987 396 1020 σιν
429 965 572 1020 οὕτω
605 963 671 1018 τὰ
700 967 805 1017 τῶν
858 962 1164 1017 ἐπισκόπων
1216 962 1563 1017 ἐπεπύκνωτο
1613 965 1698 1034 [Ρ.
1723 965 1846 1033 316]
1880 963 1952 1023 ὡς

315 1053 404 1109 καὶ
465 1053 541 1114 εἷς
599 1050 920 1112 ἑκατοστύας
977 1051 1317 1124 ἀριθμεῖσθαι
1367 1049 1624 1111 πλείστας
1671 1051 1768 1118 τὴν
1830 1051 1955 1122 παρ’

319 1142 544 1202 ἐκείνοις
602 1136 844 1194 σύνοδον.
898 1143 1037 1192 Ταῦτ
1086 1135 1186 1211 ἄρα
1234 1139 1322 1192 καὶ
1375 1140 1442 1192 τά
1498 1140 1738 1212 ἡμέτερα
1785 1139 1956 1208 ἐξισά-

319 1236 428 1299 ζειν
467 1227 638 1292 θέλων
697 1226 919 1288 ἐκείνοις
951 1230 1097 1299 ἰταῐὶτι
1129 1221 1372 1300 ἔπραττε.
1410 1225 1663 1289 Πολλαῖς¹
1679 1224 1722 1279 δ’
1753 1227 1958 1300 ἑτέραις

319 1321 552 1394 γραφαῖς
592 1320 696 1369 τῶν
746 1314 1029 1388 ἡμετέρων
1091 1315 1366 1389 Πατέρων,
1398 1319 1520 1375 ταῖς
1574 1313 1633 1368 ἐκ
1686 1318 1780 1367 τοῦ
1834 1315 1958 1366 Υἱοῦ

320 1403 535 1475 δηλαδὴ
594 1405 940 1477 προχεῖσθαι,
990 1408 1368 1476 χορηγεῖσθαι,
1417 1399 1699 1467 δίδοσθαι,
1752 1400 1958 1472 ἐκλάμ-

318 1512 462 1557 πειν,
519 1488 1000 1566 έκφαίνεσθαι,καὶ
1056 1495 1176 1550 ταῖς
1235 1491 1600 1560 όμοίαις,την
1651 1494 1746 1543 τοῦ
1805 1494 1961 1542 ἐκπο-

322 1580 564 1654 ρεύεσθαι
621 1577 764 1649 λέξιν
827 1575 1098 1646 ἐπείλυον,
1158 1575 1452 1647 δηλοῦντες
1508 1579 1594 1631 καὶ
1652 1582 1832 1644 τοῦτο,
1887 1578 1960 1637 ὡς

321 1692 351 1719 ‹‹
402 1667 506 1722 Καὶ
554 1666 680 1728 τοὺς
744 1669 819 1738 μή
879 1667 1232 1738 πειθομένους
1295 1666 1587 1740 εἶ’ρηνεύειν
1618 1673 1734 1728 ταῖς
1793 1667 1960 1736 ἀξίαις

325 1753 504 1817 δίκαις
562 1750 1084 1826 καθυποϐἀλλομεν.
1118 1777 1145 1805 ››
1204 1755 1281 1810 Τὸ
1309 1753 1353 1808 δ’
1386 1755 1450 1829 ἄρ
1506 1756 1570 1822 ἦν
1605 1752 1832 1827 ὄνειρος,
1873 1755 1962 1808 καὶ

2059 946 2148 1014 ιη’.
2185 945 2267 1001 Τά
2304 945 2438 998 κατὰ
2486 945 2576 1016 τὸν
2632 944 2895 1016 Ἰγνάτιον
2950 939 3386 1016 καὶΛΜελέτιον,
3420 936 3566 994 ὅπως
3624 933 3701 995 εἷς

2483 1015 2572 1069 τὸν
2623 1010 2840 1068 κάππαν
2872 1010 3270 1080 ἀπεστάλησαν.

2130 1142 2247 1196 Ὀτι
2283 1137 2339 1194 δὲ
2391 1137 2662 1201 κάκεῖνοις
2727 1137 2926 1210 μάταια
2979 1138 3113 1204 ἦσαν
3165 1134 3231 1187 τά
3280 1139 3380 1200 τῆς
3439 1128 3699 1196 θωπείας,

2061 1225 2320 1287 Μελέτιός
2349 1249 2405 1281 τε
2435 1229 2520 1280 καὶ
2555 1227 2815 1300 Ἰγνάτιος
2860 1223 3079 1296 ἔδειξαν,
3133 1229 3212 1297 [P'
3273 1224 3399 1290 317]
3432 1213 3698 1292 σχιζόμε-

2061 1336 2142 1368 νοι
2202 1316 2294 1385 μὲν
2353 1318 2449 1382 τῆς
2504 1314 2832 1383 Ἐκκλησίας
2887 1315 3212 1389 περιφανῶς.
3252 1307 3403 1375 δίκην
3457 1304 3514 1359 δὲ
3564 1305 3699 1378 πρὸς

2067 1403 2333 1477 βασιλέως
2395 1405 2727 1477 ὑποσχιίντες
2787 1403 3097 1475 ἀπαχθῆναι
3153 1398 3286 1472 πρὸς
3346 1397 3567 1450 πάππαν
3627 1393 3701 1454 ὡς

2061 1491 2127 1545 τά
2155 1491 2240 1544 καῖ
2274 1492 2337 1544 τά
2378 1492 2710 1562 πεισόμενοι.
2766 1492 2865 1546 Καὶ
2916 1485 3270 1560 παρεδίδοντο
3323 1479 3576 1558 πρέσϐεσι
3609 1479 3698 1532 καὶ

2065 1579 2358 1652 ἀπήγοντο.
2393 1583 2484 1648 Τῷ
2544 1577 2599 1632 δὲ
2654 1584 2908 1632 τοσοῦτον
2939 1577 3188 1643 κολάζειν
3243 1573 3530 1645 ἐμέλησεν,
3564 1569 3701 1623 ὥστε

2063 1669 2150 1721 καὶ
2211 1667 2603 1734 ἐποικτὶζεσθαι
2663 1667 2705 1720 εἶ

2765 1665 3100 1732 Ἐκκλησιῶν
3181 1660 3433 1734 μεγάλων
3513 1659 3700 1732 εἰρήνῃ

2065 1753 2317 1827 ἐμποδῶν
2372 1753 2638 1810 ἵστανται.
2703 1755 2799 1808 Καὶ
2859 1754 2972 1824 μεθ’
3027 1750 3356 1824 ἱλαρότητος
3413 1749 3590 1814 πάσης
3624 1749 3700 1814 τῷ

318 1843 411 1898 ἐπὶ
442 1834 686 1917 ψεύδεσιν
719 1841 1066 1918 ἐγκληθέντες
1123 1841 1558 1916 ἀπολογούμενοι
1606 1841 1666 1895 οὐ
1700 1840 1962 1914 διαλύειν,
1993 1868 2039 1931 Β
2073 1843 2288 1918 βασιλεῖ
2334 1843 2758 1915 ἀντεπέμποντο,
2793 1843 3064 1911 ἀξιοῦντος
3122 1844 3218 1893 τοῦ
3261 1838 3452 1891 πάππα
3482 1837 3568 1889 καὶ
3607 1834 3705 1907 βα-

319 1930 470 1986 ἀλλά
500 1936 743 2001 συνιστᾷν
775 1931 836 1985 τὸ
868 1927 1120 2006 ἔγκλημα
1161 1935 1279 1991 τοῖς
1333 1927 1500 1983 εἰδόσι
1533 1927 1960 2004 διεγινώσκοντο.

321 2018 571 2093 ’Έμελλε
604 2017 660 2074 δὲ
687 2020 777 2074 καὶ
808 2023 968 2074 τοῦτο
997 2024 1114 2081 τοῖς
1157 2019 1528 2092 ταλαιπώροις
1559 2021 1678 2085 τῆς.
1724 2018 1964 2088 Ἐκκλη-

317 2108 440 2170 σίας
486 2107 763 2182 ἐσύστερον
823 2107 1138 2184 πρόσκομμ’
1195 2109 1351 2175 εἶναι,
1413 2105 1841 2182 ἐγκαλουμένοις
1887 2107 1960 2168 ὡς

312 2327 473 2382 tium
506 2326 848 2399 patriarchas
878 2325 1090 2380 iterum
1119 2323 1363 2380 solemni
1416 2324 1527 2378 ritu
1561 2325 1823 2378 invectus
1854 2328 1963 2392 est,

313 2415 468 2471 Hinc
493 2417 616 2484 jam
649 2417 786 2470 data
814 2421 900 2470 est
932 2430 1102 2484 opera
1138 2413 1545 2467 concinnando
1595 2413 1810 2482 scripto
1849 2427 1963 2483 quo

323 2521 487 2574 papae
517 2504 591 2575 (is
622 2509 761 2558 tunc
794 2507 919 2557 erat
961 2501 1252 2569 Urbanus)
1302 2517 1480 2570 super
1529 2501 1818 2554 mandatis
1870 2516 1970 2570 per

318 2591 546 2662 legatos
598 2590 948 2646 renuntiatis
993 2589 1325 2644 satisfieret.
1361 2588 1522 2642 Hunc
1552 2587 1813 2643 libellum
1845 2595 1969 2643 stu-

325 2676 1419 2746 dueruntambitiosasubscriptionum
1441 2693 1654 2747 pompa
1679 2693 1969 2731 commen-

332 2769 506 2835 dare;
556 2767 613 2820 in
650 2783 764 2836 quo
791 2764 1010 2820 multos
1042 2781 1143 2835 pro
1176 2764 1465 2834 episcopis
1520 2764 1821 2818 obtrusere
1871 2765 1968 2835 qui

336 2869 445 2908 nec
494 2852 742 2908 ordinati
793 2869 1048 2922 unquam
1109 2853 1340 2906 fuerant
1371 2852 1428 2905 in
1464 2853 1642 2906 istum
1697 2853 1968 2922 gradum,

340 2958 443 2996 nec
495 2958 527 2996 a
579 2941 794 3012 quibus
847 2941 1372 2994 denominabantur
1429 2941 1572 3005 loca,
1604 2939 1970 3010 episcopatus

339 3028 574 3083 titulum
632 3028 866 3084 aliunde
923 3028 1249 3083 habuerant
1301 3044 1476 3097 quam
1519 3044 1552 3080 a
1593 3026 1836 3094 librarii,
1872 3027 1970 3096 qui

333 3117 617 3188 scriptum
665 3117 772 3173 hoc
822 3117 1115 3181 formavit,
1147 3132 1356 3182 manu;
1415 3131 1542 3184 quae
1592 3115 1762 3168 etiam
1815 3114 1973 3168 varia

331 3207 535 3278 peritia
567 3205 988 3276 chirographus
1041 3204 1349 3266 eifingendi
1381 3203 1451 3256 de
1481 3218 1587 3256 suo
1621 3201 1840 3256 addidit
1871 3218 1970 3256 no-
1999 3235 2042 3300 Β

326 3294 485 3349 mina
507 3293 920 3364 plerorumque
943 3291 1060 3346 illic
1091 3292 1560 3360 subscriptorum
1585 3295 1863 3360 tanquam
1895 3289 1968 3342 ab

325 3382 472 3453 ipsis
514 3380 784 3436 videlicet
841 3381 1051 3450 pcsita,
1085 3396 1217 3433 eum
1275 3395 1506 3450 quoque
1549 3378 1608 3432 in
1656 3393 1965 3432 numerum

328 3485 646 3540 congerens
669 3468 882 3523 multos
898 3485 926 3523 e
944 3468 1127 3523 sacris
1151 3466 1489 3521 hominibus
1512 3466 1664 3520 fama
1685 3465 1966 3532 illustres,

333 3561 398 3610 ut
418 3561 581 3611 tanto
607 3556 822 3610 certius
856 3555 1304 3625 persuaderetur
1334 3555 1487 3624 quod
1521 3555 1818 3624 optabant.
1841 3557 1969 3607 Haec

335 3661 406 3699 an
438 3644 668 3698 conscio
697 3644 1021 3714 patriarcha
1050 3644 1134 3697 sic
1167 3647 1294 3696 acta
1338 3645 1473 3710 sint,
1499 3643 1652 3696 haud
1698 3642 1967 3713 equidem

337 3733 520 3788 habeo
543 3730 1316 3802 compertum.lmperatoris
1338 3730 1764 3784 aemulationem
1793 3732 1848 3784 in
1867 3731 1971 3784 hoc

337 3821 657 3893 quamdam
690 3819 874 3889 video,
911 3818 1223 3874 ambitiose
1255 3819 1443 3872 conati
1491 3834 1788 3887 exaequare
1837 3835 1971 3872 cum

341 3908 558 3964 Latinis
602 3925 691 3964 res
740 3907 1002 3962 Ecclesiae
1035 3907 1383 3961 Grecorum.
1433 3904 1575 3959 Cum
1609 3905 1761 3960 enim
1795 3905 1848 3958 in
1885 3906 1974 3959 in-

338 3997 684 4051 strumentis
714 3997 866 4052 462
913 3994 1110 4050 allatis
1159 3997 1340 4048 Roma
1389 3993 1623 4048 sancite
1673 3991 1790 4046 illic
1839 4009 1972 4046 cum

339 4084 549 4140 Graacis
605 4085 926 4140 concordiae
985 4082 1342 4138 densissima
1373 4081 1870 4136 subscribentium
1903 4080 1973 4134 iis

339 4173 746 4244 episcoporum
778 4174 1016 4229 nomina
1046 4171 1287 4226 vidisset
1319 4169 1526 4241 (crebri
1558 4168 1708 4224 enim
1743 4169 1884 4224 adeo
1915 4169 1973 4222 in

340 4260 458 4315 illis
499 4261 761 4332 partibus
817 4261 1190 4332 episcopatus
1241 4262 1398 4323 sunt,
1435 4265 1491 4312 ut
1523 4273 1722 4312 eorum
1749 4256 1976 4328 [synodi

339 4349 610 4420 plurimis
661 4365 812 4420 saepe
871 4348 1156 4404 centuriis
1208 4347 1615 4417 episcoporum
1665 4346 1972 4416 constent),

337 4439 659 4511 imperator
679 4438 767 4494 vel
789 4439 861 4494 ad
886 4439 1058 4492 fidem
1082 4440 1244 4491 tanto
1267 4435 1587 4506 pleniorem
1623 4435 1972 4503 faciendam,

337 4527 448 4595 vel,
483 4532 545 4582 ut
576 4527 712 4595 dixi,
741 4529 811 4582 ad
852 4524 1297 4582 ostentationem
1343 4524 1508 4594 quasi
1557 4523 1864 4591 cujusdam
1917 4523 1975 4576 in

2073 1930 2226 1985 σιλέα
2273 1933 2580 2003 ἀνθρώποις
2635 1929 2855 1984 δοκοῦσι
2910 1933 3006 1983 τοῦ
3054 1927 3330 1987 ἀσφαλοῦς
3389 1924 3706 1996 ἀντέχεσθαι

2070 2020 2187 2073 κατ’
2220 2015 2498 2073 εύλαϐειαν
2528 2019 2733 2090 ἱλαρῶς
2783 2017 2870 2072 καὶ
2925 2017 3082 2070 αὐτὸν
3142 2015 3558 2090 προσφέρεσθαι.
3605 2010 3706 2063 Ἢν

2073 2108 2162 2160 οὖν
2193 2106 2400 2178 ὁμοίως
2437 2106 2526 2161 καὶ
2574 2108 2639 2161 τά
2693 2111 2799 2160 τῶν
2859 2105 3196 2180 γραμμάτων
3252 2101 3462 2156 ἐκείνων
3498 2112 3712 2162 θωπευ-

2077 2325 2296 2380 aversis
2317 2343 2349 2380 a
2371 2325 2715 2397 requirendo
2739 2328 3061 2399 quidquam
3085 2327 3328 2383 ulterius
3349 2343 3380 2380 a
3403 2323 3710 2379 nobis.Ad-

2077 2413 2323 2466 debatur
2346 2414 2399 2466 in
2427 2415 2642 2485 scripto
2665 2417 2734 2470 ad
2752 2422 3103 2471 extremum:
3127 2436 3148 2463 α
3165 2416 3223 2471 Si
3243 2415 3374 2486 quis
3395 2414 3527 2468 huic
3550 2411 3710 2482 pacis

2077 2503 2439 2555 conventioni
2474 2519 2587 2556 non
2621 2503 3128 2576 oivtemperabunt,
3157 2520 3256 2559 eos
3284 2502 3475 2573 dignis
3526 2499 3711 2571 pinnis

2079 2590 2415 2644 afficiendos
2447 2591 2834 2647 decernimus.
2873 2616 2900 2642 »
2935 2597 3070 2658 Quze
3099 2609 3246 2646 vana
3275 2594 3438 2645 erant
3481 2593 3711 2656 cuncta,

2079 2692 2183 2730 nec
2212 2675 2365 2730 ultra
2397 2676 2628 2732 inanem
2661 2679 2825 2747 quasi
2859 2681 3069 2734 somnii
3102 2678 3352 2750 speciem
3408 2675 3615 2740 solida,
3648 2689 3714 2728 eo

2079 2763 2310 2832 quidem
2345 2765 2634 2834 affectata,
2667 2771 2730 2820 ut
2761 2769 3054 2837 abjectum
3103 2765 3386 2820 mendacii
3422 2781 3485 2818 ac
3521 2768 3712 2817 trans-

2081 2853 2191 2904 acti
2224 2867 2336 2905 non
2375 2853 2526 2906 bona
2559 2854 2670 2907 fide
2701 2854 2879 2924 hujus
2913 2855 3126 2925 negotii
3156 2853 3370 2908 crimen
3405 2851 3712 2911 diluerent,

2081 2939 2179 2993 sed
2215 2955 2432 3004 revera,
2459 2942 2504 2995 si
2539 2942 2670 3011 quis
2703 2941 3109 3013 introspiceret
3141 2943 3372 3014 penitus
3405 2947 3461 2994 et
3492 2956 3610 2994 rem
3643 2939 3713 2991 ad

2081 3026 2369 3097 liquidum
2430 3035 2818 3098 pernosceret,
2861 3031 3000 3085 talia
3049 3048 3171 3101 quae
3223 3030 3395 3084 istius
3451 3027 3715 3098 ejusdem

2081 3115 2345 3170 criminis
2394 3132 2521 3172 reos
2568 3123 2910 3188 peragerent
2937 3136 3034 3173 eos
3059 3121 3215 3187 ipsos
3249 3118 3348 3190 qui
3379 3117 3524 3171 illud
3553 3120 3719 3170 tanta

2081 3219 2217 3257 cura
2248 3203 2631 3274 depellebant.
2663 3210 2949 3260 Caeterum
2982 3207 3098 3261 haec
3132 3207 3188 3260 in
3221 3207 3480 3259 futurum
3532 3220 3717 3275 quon-

2085 3292 2216 3344 dam
2240 3291 2714 3347 criminationum
2730 3300 3138 3364 argumentum
3154 3294 3538 3349 etvexationis
3551 3308 3717 3346 occa-

2083 3377 2306 3432 sionem
2347 3381 2574 3435 miseris
2621 3381 3031 3437 ecclesiasticis
3079 3399 3314 3437 cessura
3361 3385 3546 3445 erant,
3574 3378 3712 3434 olim

2084 3469 2430 3521 accusandis
2471 3469 2638 3538 quasi
2684 3471 3019 3525 orthodoxis
3051 3471 3361 3524 anathema
3394 3469 3710 3534 dixissent;

2084 3554 2252 3623 cujus
2275 3555 2355 3608 rei
2378 3555 2534 3609 velut
2563 3563 2741 3612 testes
2773 3559 3082 3613 certissimi
3116 3560 3200 3612 hac
3231 3563 3370 3612 tunc
3402 3559 3470 3611 ad
3505 3572 3715 3627 papam

2084 3643 2308 3711 scriptae
2367 3643 2564 3697 litterae
2618 3646 2931 3715 allegandaa
2980 3652 3162 3700 erant.
3213 3650 3554 3716 Quanquam
3610 3643 3719 3697 illae

2085 3746 2214 3783 meo
2245 3731 2473 3800 quidem
2501 3731 2724 3800 judicio
2753 3751 2864 3787 non
2907 3751 2971 3787 co
3018 3751 3211 3788 revera
3256 3734 3488 3803 scriptis
3538 3748 3716 3786 sensu

2084 3823 2244 3882 sunt,
2269 3834 2442 3888 quem
2469 3817 2554 3871 vel
2588 3819 2643 3871 in
2681 3820 2931 3890 speciem
2966 3819 3449 3890 przel'erebantvel
3479 3836 3719 3889 persua-

2085 3922 2217 3959 sum
2255 3910 2394 3959 tunc
2440 3906 2629 3959 Latini
2680 3905 3032 3972 habuerunt,
3069 3911 3268 3961 fucatae
3301 3907 3589 3977 siquidem
3625 3922 3720 3972 per

2086 3995 2536 4047 assentationem
2584 3996 2652 4048 ad
2707 4011 2909 4065 papam
2946 3996 3174 4050 fuerant
3202 3995 3262 4050 in
3295 3995 3543 4066 speciem
3602 3993 3720 4048 illic

2086 4080 2456 4150 placituram.

2089 4241 2173 4294 18.
2225 4242 2300 4295 De
2339 4243 2556 4310 lauatio
2601 4248 2651 4298 et
2703 4245 2939 4384 Meﬁetio,
2983 4247 3047 4368 tut
3093 4245 3144 4299 ii
3189 4245 3265 4299 ad
3312 4261 3514 4315 papam
3564 4242 3722 4296 missi

2813 4332 2977 4370 uerm
3010 4358 3022 4370 .

2813 4332 3022 4370 uermt.

2157 4435 2270 4491 Nec
2298 4436 2554 4491 vicissim
2589 4453 2701 4491 non
2752 4436 2863 4508 ipsi
2915 4438 3103 4493 Latini
3149 4438 3427 4493 assentati
3461 4437 3627 4492 nobis
3656 4437 3714 4489 in

2088 4523 2196 4577 hoc
2252 4525 2482 4594 negotio
2538 4525 2802 4594 quaedam
2863 4531 3022 4591 sunt,
3071 4533 3242 4596 prout
3294 4527 3350 4580 in
3396 4525 3604 4581 Meletii
3663 4529 3720 4579 et

340 4583 451 4671 hoc
482 4583 713 4687 quoque
761 4613 1114 4686 aequalitatis
1164 4583 1472 4666 Orientalis
1528 4583 1797 4664 Ecclesia
1844 4627 1978 4664 cum
2011 4583 2058 4644 D
2089 4612 2296 4681 Ignatii
2326 4583 2503 4667 causa
2535 4583 2820 4683 apparuit.
2845 4614 2911 4667 Hi
2950 4583 3101 4684 quod
3136 4615 3286 4668 463
3321 4614 3488 4686 plane
3519 4631 3583 4668 ac
3615 4630 3719 4684 pa-

343 4704 620 4775 Occidua,
643 4705 814 4759 istam
834 4707 961 4758 tum
987 4700 1252 4757 adhibuit
1281 4698 1828 4769 multiplicationem
1851 4716 1982 4768 spe-

344 4795 562 4849 ciosam
587 4793 933 4848 nostratium
955 4789 1293 4861 praesulum.
1321 4788 1465 4842 Illud
1498 4786 1672 4841 etiam
1696 4786 1754 4840 in
1781 4787 1980 4841 eodem

341 4883 561 4952 scripto
591 4886 857 4936 curatum
889 4885 998 4946 est,
1023 4883 1088 4933 ut
1109 4878 1166 4931 in
1190 4894 1252 4930 ex
1266 4875 1563 4948 pressione
1590 4875 1879 4944 dogmatis
1911 4875 1982 4929 de

340 4970 598 5039 Spiritus
628 4968 814 5024 sancti
845 4965 1212 5038 processione
1245 4979 1489 5018 numero
1521 4962 1739 5030 ingenti
1771 4977 1978 5031 conge-

338 5062 608 5113 rerentur
646 5055 813 5112 variae
869 5055 1254 5122 undecunque
1296 5067 1539 5105 corrasae
1587 5049 1822 5103 Patrum
1875 5065 1982 5102 no-

339 5151 599 5202 strorum
632 5145 973 5207 locutiones,
999 5141 1281 5196 aientium
1315 5143 1582 5193 sanctum
1608 5137 1888 5207 Spiritum
1914 5154 1980 5191 ex

339 5235 486 5291 Filio
511 5231 802 5305 profundi,
829 5228 1090 5301 praeberi,
1114 5228 1261 5292 dari,
1284 5226 1748 5297 explendescere,
1766 5225 1979 5280 micare

335 5319 1103 5389 autostendi,similesque,q
1116 5315 1288 5370 uibus
1301 5314 1741 5370 accumulandis
1756 5313 1808 5365 id
1826 5312 1975 5368 clam

339 5407 864 5481 agebant,utquasi
881 5407 1192 5459 obruerent
1211 5401 1559 5472 procedendi
1579 5402 1857 5455 usitatum
1877 5401 1976 5455 La-

342 5498 480 5553 linis
493 5498 759 5563 verbum,
785 5499 983 5549 etcum
1001 5492 1057 5546 id
1072 5491 1320 5546 aliorum
1348 5491 1594 5546 istorum
1617 5489 1857 5544 obtentu
1891 5495 1973 5543 te-

345 5584 712 5657 geretur,taci
722 5588 776 5638 te
793 5583 1158 5652 abrogarent,
1173 5581 1300 5650 ejus
1314 5576 1699 5634 assertoribus
1715 5575 1828 5631 ista
1841 5592 1970 5648 pro-

347 5677 597 5730 latorum
619 5691 652 5728 υ,
673 5669 958 5728 nostrisin
979 5668 1227 5741 speciem
1260 5665 1757 5739 equipollentium
1779 5665 1970 5737 specie

2085 4700 2202 4753 lam
2229 4716 2289 4753 se
2320 4699 2610 4753 abscissos
2650 4701 2720 4754 ab
2762 4699 3015 4756 Ecclesia
3047 4703 3323 4770 ferebant,
3355 4701 3612 4756 damnati
3645 4701 3718 4755 ab

2086 4787 2436 4858 imperatore
2481 4803 2546 4841 ac
2593 4788 2770 4840 dediti
2826 4793 2990 4858 Papae
3049 4795 3208 4854 sunt,
3247 4789 3522 4860 gravibus
3554 4789 3624 4843 ab
3652 4804 3718 4842 eo

2086 4875 2353 4928 videlicet
2385 4875 2666 4929 multandi
2701 4877 2920 4946 pinnis;
2972 4879 3043 4932 ad
3085 4880 3258 4949 idque
3291 4878 3715 4933 revertentibus

2090 4964 2330 5018 Romam
2365 4963 2560 5017 traditi
2597 4963 2789 5034 legati,
2823 4981 2886 5019 eo
2919 4967 3154 5020 demum
3187 4967 3467 5037 perducti.
3502 4970 3713 5019 Verum

2087 5055 2319 5105 tantum
2348 5051 2532 5106 abfuit
2555 5057 2617 5105 ut
2638 5053 2720 5106 eis
2744 5053 2991 5122 pontifex
3020 5053 3206 5107 ullum
3239 5053 3589 5124 supplicium
3610 5051 3713 5104 de-

2087 5146 2363 5206 cerneret,
2395 5146 2458 5195 ut
2492 5141 2642 5196 ultro
2686 5142 2997 5198 miseratus
3045 5144 3204 5214 ipsos
3254 5144 3348 5210 sit,
3381 5142 3531 5212 quod
3564 5139 3714 5192 invi-

2088 5230 2250 5284 diosa
2281 5229 2610 5298 suspicione
2635 5237 3029 5299 gravarentur,
3055 5231 3219 5298 quasi
3251 5231 3482 5284 obstare
3505 5226 3716 5281 vellent

2086 5334 2156 5371 ne
2182 5319 2334 5371 inter
2364 5334 2607 5387 magnas
2656 5317 2936 5372 Ecclesiae
2972 5336 3078 5389 pax
3110 5317 3478 5372 stabiliretur.
3515 5317 3715 5383 Itaque

2084 5422 2216 5459 cum
2249 5406 2406 5459 omni
2439 5405 2864 5476 signiﬁcatione
2914 5404 3326 5461 benevolentiae
3357 5402 3585 5458 remissi
3619 5401 3710 5454 adi

2082 5493 2513 5564 imperatorem,
2581 5496 2753 5548 etiam
2831 5491 3338 5548 commendatitias
3397 5507 3429 5544 a
3482 5505 3631 5559 papa
3685 5504 3715 5541 e

2081 5579 2480 5649 reddiderunt,
2504 5580 2720 5651 quibus
2751 5579 2848 5634 ille
2881 5579 3194 5650 rogabatur
3218 5582 3279 5631 ut
3299 5576 3564 5631 homines
3587 5575 3712 5629 sine

2078 5685 2256 5724 causa
2281 5673 2607 5740 suspectos,
2633 5670 2688 5723 et
2722 5665 2822 5738 qui
2852 5667 3193 5723 viderentur
3221 5677 3434 5723 rectam
3461 5669 3519 5720 et
3549 5674 3722 5721 secu'
