4110 6280
384 282 489 339 923

1680 297 1979 354 GEORGII
2017 298 2476 352 ΡΔΟΗῨΜΕΒΛΕ

3663 287 3780 343 924

382 406 526 493 τικάι
560 404 745 469 ἄλλως
772 404 1059 481 προϐάσης
1094 412 1169 475 ὡς
1197 413 1442 476 πολλοὺς
1474 413 1667 471 εἷδέναι
1700 425 1798 486 τῆς
1844 418 2014 487 ἑκκη-
2047 428 2094 489 Α
2130 419 2390 492 ζομὲνων,
2432 419 2577 487 πλὴν
2635 417 2717 473 ἐπ’
2773 416 3036 493 ἀσφαλείᾳ
3092 418 3423 491 περιφανεῖς,
3461 414 3535 466 ὦν
3588 413 3667 473 εἷς
3697 410 3770 478 ἦν

386 492 603 563 ρύξεως.
666 496 888 564 Ἐπειδὴ
939 498 1041 572 γὰρ
1090 520 1231 562 τινες
1279 507 1386 555 τῶν
1436 510 1698 578 περιττῶν
1750 506 1837 560 καὶ
1871 505 2025 560 εὐκό-

384 578 516 649 λων,
551 584 632 645 οἷς
662 581 777 637 οὐδ’
808 585 871 652 ἦν
902 587 965 639 τὸ
1016 590 1263 661 παράπαν
1324 589 1513 645 εῗδέναι
1562 595 1625 646 τα
1656 601 1753 662 τῆς
1792 593 2024 663 Ἐκκλη-

384 668 502 731 σίας
558 674 659 723 τῶν
721 673 968 741 Ἰταλῶν,
1011 672 1133 730 οὔτε
1196 680 1299 749 μὴν
1361 681 1450 733 καὶ
1511 680 1716 752 ἀξιοῦσι
1776 682 2022 751 ξυνιέναι,

384 757 457 817 ὡς
487 756 655 813 πάλαι
687 762 816 814 ποτε
844 763 978 829 ἦσαν
1013 763 1063 816 ἐν
1101 766 1340 838 πρώτοις
1373 768 1647 839 ἡνωμένοι
1693 776 1798 823 τῶν
1833 769 2017 824 ἄλλων

381 843 570 914 πλέον,
603 847 696 902 κάν
729 872 779 903 τι
814 854 1083 923 συμπεσὸν
1134 855 1402 926 παρέλυσε
1447 858 1538 911 τὸν
1594 856 1813 930 δεσμὸν,
1868 858 2021 928 ὅμως

386 930 442 987 δὲ
491 935 655 990 πάλιν
708 938 1119 1011 ἀπαραθραυστα
1165 945 1414 1013 μένουσιν
1461 948 1595 1016 ἡμῖν
1646 968 1703 1000 τε
1750 947 2021 1007 κάκείνοις

384 1021 449 1075 τὰ
476 1027 572 1075 τοῖ’)
603 1030 1033 1099 Χριστιανισμοῦ
1068 1033 1336 1106 μυστήρια
1357 1077 1369 1100 ,
1402 1034 1475 1094 ὡς
1526 1032 1694 1105 μηδὲν
1726 1055 2022 1110 παρεγχει-

389 1116 497 1182 ρεῖν
530 1110 745 1185 τολμᾷν
778 1137 925 1176 τινας
980 1117 1062 1170 ἑοὶ
1118 1140 1175 1172 τε
1226 1120 1476 1193 τελεσμῷ
1535 1123 1904 1197 βαπτίσματος
1936 1123 2022 1177 καὶ

388 1198 652 1275 ἱερωσύνῃ
711 1204 797 1257 καὶ
857 1204 1018 1277 γάμῳ
1069 1208 1159 1260 καὶ
1219 1215 1490 1283 μοναχικῇ
1560 1212 1873 1267 καταστάσει
1934 1213 2019 1266 καὶ

382 1292 498 1348 τοῖς
523 1288 740 1351 λοιποῖς
772 1295 852 1352 οἷς
887 1292 986 1367 ἄρα
1023 1297 1111 1348 καὶ
1144 1298 1176 1364 ἡ
1211 1297 1473 1367 καθολικὴ
1516 1300 1604 1353 καὶ
1663 1300 1757 1372 μία
1791 1300 2026 1369 Ἐκκλη-

386 1375 472 1429 σία
501 1376 628 1439 τοὺς
678 1378 844 1447 αὐτῆς
896 1382 1133 1438 ἐπιτελεῖ
1187 1387 1516 1463 τροφίμους,
1570 1387 1696 1443 ἀλλ’
1729 1386 1906 1459 ὥσπερ
1964 1388 1996 1442 ἃ

383 1464 442 1517 ἐκ
496 1462 719 1535 δρυὸςῆ
753 1468 857 1523 ἀπὸ
914 1470 1118 1546 πέτρης
1178 1462 1415 1548 ἀρχῆθεν
1469 1478 1625 1544 ἦσαν,
1691 1475 1856 1548 μηδὲν
1917 1482 2023 1534 τῶν

382 1556 500 1612 τοῖς
550 1555 894 1629 Χριστιανοῖς
950 1560 1259 1628 ἀνηκόντων
1323 1560 1522 1625 εἷδότες
1572 1564 1659 1617 καὶ
1719 1562 1807 1618 διὰ
1862 1569 2027 1620 ταῦτα

386 1639 621 1703 ἐκείνους
702 1643 945 1707 ἐκτόπως
1023 1647 1532 1723 ἀποστρεφόμενοι,
1602 1654 1687 1706 καὶ
1750 1653 1815 1706 τὰ
1884 1655 2026 1728 παρᾶ

2130 507 2218 562 καὶ
2265 510 2291 562 ὁ
2342 507 2391 561 ἐν
2439 512 2741 583 Φρυγανοῖς
2803 504 3049 566 Ἀκάκιος
3106 504 3195 558 καὶ
3236 505 3262 557 ὁ
3299 502 3545 575 μαθητὴς
3605 500 3773 553 αὐτοῦ

2131 597 2401 670 Γερμανὸς
2460 596 2548 651 καὶ
2607 594 2793 651 λοιποὶ
2850 593 3140 661 πλεῖστοι,
3213 592 3302 646 καὶ
3376 590 3539 661 μέσον
3586 588 3769 641 αὐτῶν

2125 681 2364 754 ἵσταται,
2396 682 2485 737 καὶ
2534 682 2882 746 ’καθικετεύει
2935 680 2992 735 ἐκ
3040 684 3148 734 τῶν
3200 677 3523 752 Ἰχνηλάτου
3581 681 3770 748 Παρα-

2131 766 2517 843 ϐολικῶν,τοῦ
2570 773 2643 844 μὴ
2704 765 3002 842 προλαϐεῖν
3058 767 3185 828 τοὺς
3240 765 3640 838 ἐπιτιθεμένους
3670 765 3771 836 ἀρ-

2130 859 2393 935 γούντων,
2462 861 2535 920 ὡς
2590 858 2680 913 καὶ
2738 856 2985 919 πολλοὺς
3048 854 3406 929 μνημονεύειν
3446 894 3461 920 ,
3520 853 3653 906 κατὰ
3697 851 3766 904 τὸ

2130 948 2441 1021 πρόσφορον
2486 949 3035 1021 προοιμιασάμενος,
3098 949 3172 1017 μὴ
3248 939 3496 1015 παριδεῖν
3577 937 3771 995 κινδυ-

2129 1047 2382 1091 νεύουσαν
2439 1038 2535 1103 τὴν
2591 1037 2879 1110 Θρησκείαν
2916 1080 2930 1102 ,
3001 1031 3141 1105 μηδὲ
3198 1034 3449 1106 σχήματι
3497 1023 3771 1088 εὐσεϐείας

2128 1122 2499 1196 προδιδόμενο.
2529 1125 2594 1177 τὰ
2622 1124 2778 1196 τίμια
2806 1123 2932 1196 παρ’
2980 1118 3132 1175 οὐδὲν
3175 1118 3436 1188 τίθεσθαι,
3470 1113 3595 1169 ἀλλ’
3626 1113 3771 1186 ἀμύ-

2128 1233 2235 1265 νειν
2296 1211 2454 1266 παντὶ
2505 1212 2694 1285 τρόπῳ
2750 1217 2871 1271 τοῖς
2925 1215 3025 1277 τῆς
3080 1204 3411 1275 Ἐκκλησίας
3474 1206 3579 1276 [Ρ.
3640 1204 3769 1275 318]

2131 1303 2376 1372 Θεσμοῖς.
2412 1300 2560 1354 Εἶναι
2610 1300 2710 1375 γὰρ
2762 1297 3009 1373 μεγάλην
3059 1297 3234 1366 ἀνίαν,
3286 1296 3351 1364 ἢν
3406 1290 3495 1346 διά
3548 1312 3599 1345 τι
3626 1311 3767 1366 παρ-

2131 1396 2422 1465 εισφρῆσαν
2457 1390 2572 1443 κατ’
2606 1388 2925 1461 οἰκονομίαν
2978 1390 3085 1441 τῶν
3140 1386 3215 1458 μὴ
3276 1384 3545 1452 συνήθων,
3597 1380 3767 1453 ἀνάγ-

2130 1499 2231 1547 κης
2290 1476 2731 1553 παραπεσούσης,
2789 1476 2941 1531 αὐτοὶ
2997 1481 3097 1543 τῆς
3148 1469 3481 1541 Ἐκκλησίας
3536 1470 3773 1523 ἀποστα-

2129 1570 2342 1628 τοῦντες
2378 1566 2486 1640 οὐχ
2516 1564 2663 1629 ὅπως
2694 1568 2751 1619 τὸ
2817 1565 2891 1636 μὴ
2955 1561 3147 1617 δοκοῦν
3209 1559 3568 1637 φυλάττοιντο
3628 1556 3776 1632 σφίσι

2130 1656 2245 1709 καθ’
2301 1654 2539 1725 αὐτοὺς,
2600 1653 2743 1709 ἀλλᾶ
2810 1654 2897 1707 καὶ
2956 1651 3157 1723 νόμους
3212 1647 3541 1717 Ἐκκλησίας
3596 1666 3775 1719 παρα-

382 1734 501 1792 τοῖς
544 1733 834 1804 ἡμετέροις
883 1730 1277 1791 ἐϐδελῦστοντο
1334 1738 1459 1813 ἅγια
1501 1738 1590 1793 καί
1638 1746 1907 1812 κρημνοῖς
1937 1741 2024 1794 καὶ
2059 1745 2281 1843 Βλύειν
2313 1740 2589 1814 τολμῷεν,
2641 1743 2713 1795 ὧν
2740 1747 2858 1803 τοῖς
2915 1738 3268 1812 τολμήμασιν
3298 1737 3352 1791 ’ὲν
3392 1737 3557 1808 μόνον
3612 1736 3774 1788 κακὸν

388 1820 772 1843 ..η-...μῖωηηὶ
828 1818 853 1839 ν
1062 1823 1171 1843 vara
1322 1828 1335 1843 ρ
1528 1825 1571 1843 δι
1672 1824 1696 1843 ν
1891 1828 1901 1843 ι
2139 1831 2157 1843 ς
2213 1832 2222 1843 .
2408 1832 2419 1843 1
2517 1832 2529 1843 ι
2838 1829 2882 1843 ι.-
3027 1830 3039 1843 ι
3148 1835 3155 1843 .
3269 1831 3291 1841 υ
3373 1828 3433 1843 ειη
3702 1823 3713 1842 ο

386 1824 657 1889 ποταμοῖς
686 1820 774 1873 καὶ
825 1818 1001 1895 ὄρεσιν
1059 1823 1269 1879 ἐδίδουν
1307 1828 1380 1888 ὡς
1442 1825 1608 1900 μηδὲν
1669 1824 1795 1882 ὄντα
1850 1828 2027 1899 τίμια,

386 1905 663 1961 κάντεῦθεν
723 1907 964 1964 ἐκώλυον
1024 1914 1089 1966 τά
1144 1921 1243 1982 τῆς
1298 1915 1529 1979 πίστεως
1563 1959 1576 1983 ,
1660 1913 2027 1989 ἀναλαμϐάνει

392 1992 558 2061 ζῆλον
607 1996 633 2049 ὁ
679 1996 952 2071 βασιλεὺς,
1011 2001 1100 2053 καὶ
1158 2002 1360 2065 πάντας
1411 2003 1736 2067 ἐπισκόπους
1792 2026 2027 2079 προσκα-

390 2077 565 2137 λεῖται
611 2085 700 2138 καὶ
760 2088 1037 2162 μοναχοὺς
1059 2133 1073 2159 ,
1123 2086 1232 2145 ἔστι
1267 2089 1313 2145 δ’
1345 2093 1405 2145 οὗ
1436 2092 1525 2148 καὶ
1554 2114 1704 2155 τινας
1733 2098 1838 2147 τῶν
1901 2112 2028 2167 σχι-

395 2320 518 2359 ram
569 2303 867 2376 religionis
914 2306 1067 2363 viam
1116 2307 1409 2377 insistere,
1456 2308 1665 2365 blande
1712 2310 1837 2382 ipse
1886 2328 2031 2381 quo-

395 2409 505 2463 que
536 2409 601 2448 ac
630 2393 967 2450 humaniter
1020 2397 1308 2469 exciperet
1339 2399 1492 2470 apud
1548 2415 1724 2468 seque
1772 2398 2029 2455 haberet.

398 2479 467 2535 Ut
490 2480 610 2536 haec
641 2498 811 2553 porro
843 2486 1223 2540 assentatorie
1256 2487 1583 2557 agebantur
1611 2491 1667 2541 et
1697 2488 2031 2542 scribeban-

395 2572 493 2623 tur
520 2586 587 2624 ex
619 2575 779 2641 parte
802 2572 1161 2642 Latinorum,
1187 2575 1270 2630 sic
1293 2580 1461 2631 erant
1481 2580 1537 2631 et
1560 2575 1692 2644 illae,
1715 2593 1862 2648 quas
1892 2575 2029 2645 dixi,

397 2674 430 2711 a
451 2657 663 2713 nostris
685 2660 755 2714 ad
781 2677 989 2732 papam
1023 2663 1170 2717 datas
1204 2663 1408 2719 littera
1441 2681 1556 2719 non
1589 2670 1853 2736 expertes
1883 2666 2032 2721 adu-

394 2744 583 2800 latorii
644 2747 778 2817 fuci,
812 2752 1153 2821 profitentes
1204 2752 1471 2809 videlicet
1517 2771 1620 2809 nec
1670 2754 1855 2809 ullum
1908 2755 2031 2823 jam

397 2835 632 2905 agnosci
652 2837 763 2906 'qui
796 2838 1026 2895 Latinos
1056 2845 1155 2895 aut
1185 2842 1258 2897 iis
1290 2842 1653 2898 adhaerentes
1677 2860 1778 2913 pro
1800 2858 2034 2897 excom-

398 2923 714 2979 munioatis
791 2926 1049 2999 haberet,
1112 2938 1168 2984 et
1215 2932 1261 2985 si
1320 2934 1452 3002 quis
1510 2932 1565 2984 in
1622 2935 1920 3000 posterum
1975 2931 2032 2984 id

396 3012 609 3067 audere
660 3014 1043 3086 detegeretur,
1078 3017 1235 3072 haud
1293 3018 1532 3088 impune
1588 3017 1869 3087 laturum,
1902 3034 2034 3073 cum

394 3106 593 3157 tamen
643 3102 845 3158 multis
876 3110 1074 3160 notum
1108 3111 1262 3161 esset
1293 3123 1407 3160 non
1440 3107 1639 3162 deesse
1670 3107 1766 3177 qui
1796 3107 1874 3162 ita
1905 3124 2034 3162 sen-

2139 1831 2337 1901 λείπει,
2368 1832 2430 1885 τὸ
2465 1832 2538 1902 μὴ
2576 1829 2961 1905 χριστιανίζειν
3020 1830 3337 1901 ὁμολογεῖν.
3373 1828 3531 1879 Ὥστε
3578 1823 3779 1897 παρόν-

2137 1940 2229 1981 τος
2255 1918 2453 1973 τούτου
2486 1920 2641 1994 ἰσχὺν
2696 1918 2825 1981 τοὺς
2882 1917 3329 1992 ἆναχαιτίσοντας
3384 1909 3534 1989 ἔχειν
3560 1912 3641 1984 τῷ
3672 1912 3778 1965 ἀπὸ

2136 2013 2235 2075 τῆς
2269 2006 2594 2077 Έκκλησίας
2626 2005 2828 2079 δεσμῷ,
2861 2007 2940 2082 ἐφ’
2971 2007 3015 2077 ᾧ
3046 2007 3080 2075 ἢ
3107 2004 3196 2059 καὶ
3226 2001 3377 2057 αὐτοὶ
3408 2000 3513 2055 δὲει
3544 1998 3780 2077 ληφθὲν-

2136 2115 2223 2157 τες
2251 2095 2593 2170 ἆπόσχοιντο
2630 2101 2731 2150 τοῦ
2787 2095 2924 2150 κατὰ
2975 2098 3083 2149 τῶν
3144 2091 3296 2147 ῒδίων
3351 2090 3677 2164 σπλάγχνων
3715 2088 3781 2142 τὸ

2141 2328 2289 2368 cere.
2335 2317 2468 2368 Haec
2524 2328 2659 2369 cum
2706 2312 2764 2367 in
2811 2325 3046 2381 gravem
3078 2326 3143 2364 ac
3173 2306 3562 2379 perniciosam
3614 2304 3780 2360 Chri-

2141 2401 2343 2455 stianas
2403 2401 2535 2455 fidei
2593 2399 2844 2471 grassari
2901 2396 3399 2470 perturbationem
3461 2396 3777 2465 imperator

2141 2493 2420 2554 cerneret,
2443 2489 2561 2545 zelo
2594 2505 2693 2560 pro
2724 2487 3070 2559 indignitate
3101 2485 3183 2541 rei
3214 2488 3540 2556 assumpto,
3571 2500 3765 2540 omnes

2142 2580 2213 2634 ad
2246 2595 2306 2634 se
2336 2595 2469 2633 cum
2496 2578 2797 2649 episc0pos
2844 2581 2973 2631 tum
3018 2574 3335 2631 monachos
3392 2576 3672 2638 convocat,
3703 2574 3756 2625 et

2140 2666 2199 2721 in
2232 2666 2325 2721 his
2357 2667 2642 2738 quosdam
2674 2666 2733 2719 in
2766 2669 2927 2737 parte
2957 2662 3466 2719 schismaticorum
3499 2661 3755 2725 illustres,

2143 2754 2280 2809 data
2326 2754 2470 2825 ipsis
2517 2754 2587 2808 ad
2637 2753 2744 2808 hoc
2803 2752 3133 2807 securitate.
3166 2751 3385 2806 Horum
3443 2766 3598 2804 unus
3656 2750 3769 2802 erat

2142 2842 2387 2897 Aeacius
2417 2842 2876 2913 Phryganorum,
2909 2840 3055 2895 alter
3096 2840 3225 2909 ejus
3272 2836 3600 2908 discipulus
3644 2835 3780 2889 Ger-

2146 2948 2378 2996 manus,
2412 2946 2663 3000 cumque
2693 2928 2784 2984 his
2816 2927 2915 2983 alii
2947 2943 3181 2999 quoque
3235 2925 3495 2997 plurimi.
3530 2924 3786 2979 Istorum

2146 3019 2204 3074 in
2228 3036 2503 3074 consessu
2536 3022 2878 3073 cunctorum
2911 3018 3142 3072 medius
3167 3015 3482 3085 imperator
3502 3012 3691 3067 oravit
3719 3028 3789 3066 ex

2149 3106 2454 3161 Ichnelataa
2512 3105 2884 3171 Paraboliois,
2924 3105 3096 3173 cujus
3148 3102 3279 3158 libri
3309 3107 3365 3157 et
3395 3100 3506 3158 loci
3555 3102 3629 3157 ad
3679 3099 3790 3155 hoc

392 3189 568 3244 tirent
598 3194 655 3245 et
687 3156 2035 3266 palvarnﬂanathe'm‘a'dice-renl'amplectentibus
2070 3156 2112 3223 Ο
2150 3200 2379 3267 tempus
2399 3194 2709 3266 opportuni
2732 3156 3039 3264 plerosqu'e
3060 3193 3320 3263 ipsorum
3345 3189 3632 3245 recordari
3656 3205 3791 3244 con-

396 3293 620 3347 pacem.
656 3279 832 3334 Erant
880 3280 939 3334 hi
992 3298 1421 3351 supervacanea
1452 3284 1669 3338 morosi
1700 3284 1941 3353 quidam
1985 3287 2040 3338 et

399 3365 663 3421 delicatis
694 3368 1090 3437 superstitiosi
1122 3370 1389 3433 fastidiis,
1413 3371 1670 3441 quicum
1694 3376 1750 3426 et
1772 3371 2039 3426 funditus

399 3453 737 3525 ignorarent
772 3460 829 3510 et
876 3456 1097 3511 discere
1147 3475 1263 3512 non
1313 3464 1583 3513 curarent
1633 3476 1723 3514 res
1774 3458 2039 3514 Ecclesia:

407 3541 763 3609 Latinorum,
792 3547 855 3597 ut
873 3544 1143 3600 videlicet
1172 3563 1304 3601 cum
1330 3546 1402 3602 iis
1425 3546 1564 3601 olim
1589 3547 1644 3601 in
1668 3548 2042 3618 dogmatibus

404 3630 813 3701 mysteriisque
831 3634 1140 3704 praecipuis
1165 3635 1251 3689 vel
1273 3635 1535 3690 omnium
1570 3636 1773 3691 intime
1800 3638 2041 3706 conjun-

401 3720 477 3773 cti
508 3722 719 3775 Graecis
749 3722 1019 3794 fuissent,
1054 3724 1162 3780 etsi
1208 3726 1403 3780 nescio
1452 3725 1594 3797 quid
1639 3726 1849 3781 deinde
1898 3725 2042 3780 inci-

404 3809 547 3863 dens
578 3808 721 3864 illud
755 3812 1008 3883 antiquae
1055 3814 1373 3870 concordiae
1405 3813 1705 3869 vinculum
1751 3813 2046 3885 paulisper

403 3896 692 3954 relaxasse
713 3898 903 3956 visum
927 3906 1100 3969 esset,
1124 3907 1319 3958 tamen
1345 3903 1520 3958 etiam
1548 3908 1752 3973 postea
1771 3902 2046 3958 inviolata

405 3987 795 4057 permanserit
852 3990 1129 4061 utrinque
1188 3990 1493 4047 consensio
1544 3990 1603 4045 in
1660 3992 1772 4047 ﬁde
1821 4008 1885 4047 ac
1936 4008 2045 4047 usu

406 4074 741 4144 capitalium
801 4077 1238 4133 Christianismi
1296 4084 1823 4148 sacramentorum,
1856 4082 1936 4135 ita
1982 4085 2046 4134 ut

407 4163 675 4217 neutrubi
698 4165 1017 4235 quidquam
1047 4170 1261 4221 temere
1283 4171 1631 4221 attentatum
1658 4168 1889 4238 publico
1906 4185 2044 4223 conv

407 4250 538 4306 silio
588 4252 763 4306 fuerit
810 4254 965 4308 circa
996 4254 1176 4308 ritum
1210 4254 1602 4324 baptismatis,
1632 4258 2045 4322 sacerdotium,

411 4339 874 4407 matrimonium,
904 4343 1295 4397 monasticum
1320 4348 1563 4409 statum,
1588 4348 1641 4397 et
1665 4344 1889 4413 reliqua
1919 4362 2047 4415 my—

410 4428 587 4481 steria
618 4429 831 4498 quibus
864 4446 980 4484 una
1012 4434 1066 4483 et
1095 4430 1381 4485 catholica
1412 4431 1668 4487 Ecclesia
1725 4448 1864 4486 suos
1919 4432 2046 4487 alu-

2142 3283 2376 3345 ﬁdebat,
2410 3299 2481 3337 ne
2524 3283 2717 3353 potius
2751 3280 2993 3336 mallent
3018 3297 3185 3336 ruere
3216 3278 3538 3334 imitatione
3570 3278 3783 3348 praefe-

2143 3370 2489 3425 stinantium
2520 3369 2897 3441 impatienter
2917 3371 2976 3424 in
2998 3368 3271 3439 negotiis,
3295 3383 3470 3439 quam
3505 3365 3785 3421 adhibere

2142 3459 2552 3514 cunctatricem
2586 3460 2971 3513 cessationem
3002 3458 3267 3512 dantium
3298 3456 3555 3527 spatium
3589 3470 3786 3526 perco-

2144 3549 2385 3618 quendaa
2409 3548 2730 3603 maturitati
2753 3553 3073 3618 coeptorum
3096 3546 3251 3601 lente
3268 3543 3700 3616 proﬁcientium
3721 3544 3779 3597 in

2145 3652 2454 3692 successus
2478 3652 2657 3693 seros.
2680 3635 2769 3690 Sic
2799 3651 3127 3691 sermonem
3156 3634 3483 3705 ingressus,
3510 3633 3780 3687 obsecra-

2144 3725 2225 3780 vit
2249 3730 2489 3779 cunctos
2521 3724 2619 3795 qui
2647 3724 2907 3792 aderant,
2933 3739 3004 3777 ne
3036 3721 3374 3793 religionem
3422 3719 3785 3791 despicerent

2147 3814 2590 3886 periclitantem,
2624 3831 2765 3870 neve
2793 3812 2963 3869 otiosi
3012 3813 3232 3881 absque
3284 3808 3604 3866 auxiliandi
3637 3824 3778 3863 cura

2145 3905 2337 3960 videre
2356 3903 2730 3970 sustinerent,
2754 3905 2893 3958 dum
2917 3901 3110 3973 specie
3142 3900 3380 3972 pietatis
3408 3897 3785 3955 sanctissima

2147 4010 2391 4065 quaeque
2421 3994 2820 4064 proderentur.
2852 3992 2954 4046 Cui
3000 3991 3157 4047 enim
3210 3994 3365 4045 recte
3412 4004 3551 4060 erga
3591 3986 3786 4042 Eccle-

2147 4082 2294 4139 siam
2328 4082 2528 4137 allecto
2559 4098 2671 4136 non
2704 4096 2933 4152 gravem
2978 4094 3284 4134 mmrorem
3353 4077 3556 4133 afferat
3603 4079 3781 4130 certo-

2147 4187 2275 4225 rum
2308 4171 2611 4225 hominum
2643 4167 2949 4223 temeraria
2978 4167 3288 4239 protervia,
3320 4165 3418 4237 qui
3457 4182 3571 4221 non
3608 4165 3787 4218 feren-

2148 4264 2235 4314 tes
2291 4258 2488 4313 induci
2547 4256 2848 4328 quidpiam
2906 4256 2966 4311 in
3023 4272 3194 4311 usum
3254 4258 3461 4326 praeter
3517 4251 3779 4320 solitum,

2149 4364 2481 4418 quanquam
2514 4362 2580 4401 ea
2609 4350 2665 4401 et
2693 4362 2934 4401 summae
2966 4344 3047 4400 rei
3080 4344 3226 4399 nihil
3255 4360 3491 4411 nocens,
3521 4357 3784 4396 necessa-

2152 4435 2255 4489 riis
2284 4435 2679 4490 incidentibus
2708 4434 2902 4490 causis
2926 4450 3025 4505 per
3052 4434 3396 4504 prudentem
3446 4445 3780 4487 accommo-

410 4532 580 4570 mnos
640 4516 869 4572 initiare
918 4519 1233 4573 consuevit.
1288 4520 1453 4585 Cum,
1506 4520 1768 4590 inquam,
1819 4521 1878 4574 hi
1929 4538 2045 4576 non
2078 4503 2121 4567 D
2154 4524 2447 4579 dationem
2481 4524 2628 4577 facta
2658 4522 2952 4577 innovatio
2983 4522 3176 4586 fuerit,
3211 4519 3606 4591 erumpuntin
3640 4518 3786 4572 feros

411 4604 596 4674 magis
623 4604 827 4659 horum
861 4606 1178 4676 quidquam
1204 4624 1327 4678 quae
1348 4608 1407 4661 in
1432 4608 1896 4663 Christianorum
1923 4609 2043 4677 jam

411 4692 549 4746 olim
584 4694 737 4749 464
768 4695 1064 4766 republica
1094 4698 1472 4752 versabantur
1519 4702 1717 4753 notum
1774 4698 2050 4753 haberent

415 4796 591 4850 quam
627 4781 673 4836 si
710 4784 908 4852 querei
962 4784 1190 4853 stipites
1223 4789 1322 4839 aut
1351 4784 1589 4855 lapideas
1620 4786 1801 4842 moles
1831 4774 2055 4853 essent,

414 4884 480 4924 ea
508 4868 637 4939 ipsa
666 4869 996 4940 ignorantia
1025 4872 1083 4926 in
1116 4872 1563 4943 superciliosum
1612 4873 1747 4929 elati
1793 4880 2048 4931 contem-

415 4962 579 5027 ptum
611 4974 744 5012 cum
793 4961 1030 5015 Latinos
1078 4961 1231 5029 ipsos
1277 4960 1763 5032 impotentissime
1822 4980 2049 5018 aversa-

417 5046 656 5112 bantur,
687 5052 813 5102 tum
845 5052 1043 5103 nostra
1070 5049 1332 5119 ipsorum
1386 5066 1551 5105 sacra
1594 5054 1724 5120 post
1764 5053 2049 5107 sancitam

417 5149 639 5203 pacem,
674 5135 839 5205 quasi
872 5136 1230 5191 admissione
1262 5137 1669 5208 consortioque
1716 5138 2050 5195 Latinorum

418 5222 721 5292 profanata
777 5224 1134 5296 pollutaque,
1185 5241 1299 5279 non
1352 5227 1698 5280 verebantur
1748 5228 2050 5293 exsecrari,

418 5312 695 5369 devovere
726 5314 891 5384 diris,
920 5322 975 5371 et
1005 5316 1153 5388 (qua:
1185 5320 1351 5371 erant
1378 5314 1731 5386 blasphemas
1788 5318 2051 5390 ipsorum

416 5404 608 5474 voces)
628 5405 959 5477 praecipitiis
981 5423 1045 5462 ac
1066 5406 1261 5462 ﬂuviis
1274 5410 1816 5479 praeruptorumque
1828 5407 2054 5479 tesquis

419 5489 591 5545 inviis
626 5493 917 5549 montium
948 5494 1277 5565 abjicienda
1316 5493 1742 5567 abolendaque,
1775 5499 2051 5566 tanquam

396 5575 649 5632 nullum
676 5577 799 5649 jam
833 5581 1035 5652 priscas
1066 5579 1359 5654 religionis
1398 5580 1575 5639 decus
1618 5583 1932 5650 servantia,
1964 5583 2054 5639 di-

2158 4616 2372 4680 motus,
2406 4611 2753 4666 rebellantes
2782 4610 2840 4665 in
2874 4609 3225 4676 Ecclesiam;
3272 4612 3329 4662 et
3376 4624 3563 4677 neque
3610 4606 3784 4661 istum

2158 4701 2409 4755 furorem
2444 4700 2591 4755 ferre
2622 4700 2829 4755 saltem
2858 4699 3101 4753 tacitum
3136 4713 3202 4752 ac
3223 4701 3568 4766 conceptum
3595 4694 3787 4750 animo

2159 4789 2302 4843 citra
2340 4788 2643 4843 hominum
2693 4786 3109 4843 conscientiam
3156 4788 3349 4854 tegere
3379 4783 3656 4852 volentes,
3688 4798 3789 4852 pa-

2158 4876 2271 4931 lam
2296 4875 2562 4931 Ecclesias
2584 4877 2739 4945 leges
2762 4876 3065 4946 ell‘ringere
3082 4889 3196 4929 non
3219 4873 3513 4940 dubitant,
3542 4885 3787 4941 quorum

2160 4965 2414 5019 audacias
2448 4981 2630 5019 unum
2663 4965 2814 5021 465
2851 4964 3022 5018 modo
3054 4961 3199 5016 illud
3234 4962 3418 5025 deest,
3445 4965 3507 5015 ut
3537 4976 3597 5015 se
3627 4956 3794 5014 Chri-

2162 5053 2382 5108 stianos
2414 5070 2526 5108 non
2558 5068 2686 5108 esse
2718 5054 3024 5108 fateantur.
3074 5050 3235 5115 Quod
3281 5066 3416 5105 cum
3452 5063 3661 5120 negare
3690 5060 3793 5101 nec

2162 5141 2415 5196 audeant
2437 5157 2540 5195 nec
2574 5139 2820 5212 possint,
2842 5139 2954 5194 isto
2984 5138 3112 5210 ipso
3129 5136 3363 5193 vinculo
3396 5134 3796 5192 ecclesiastica:

2162 5228 2613 5299 conjunctionis,
2645 5246 2759 5299 quo
2788 5245 2850 5283 se
2879 5227 3063 5283 teneri
3110 5226 3300 5281 adhuc
3332 5226 3673 5295 agnoscunt,
3705 5223 3796 5276 in-

2162 5316 2421 5387 telligere
2470 5317 2751 5373 debemus
2778 5316 2897 5371 vim
2946 5315 3115 5371 nobis
3166 5318 3340 5385 atque
3390 5311 3793 5368 auctoritatem

2164 5406 2411 5463 conferri
2457 5406 2691 5478 plenam
2740 5423 2838 5463 eos
2885 5421 2988 5479 pro
3035 5406 3324 5477 potestate
3381 5400 3702 5467 coercendi,
3730 5400 3796 5453 ut

2162 5493 2253 5549 vel
2282 5494 2394 5565 ipsi
2425 5499 2579 5552 metu
2609 5494 2858 5566 repressi
2888 5492 3158 5550 desinant
3204 5491 3265 5547 in
3312 5489 3557 5563 prepriaa
3588 5485 3793 5544 matris

2166 5580 2428 5639 Ecclesia
2476 5583 2699 5641 viscera
2742 5597 2940 5640 ensem
2971 5578 3131 5637 velut
3175 5575 3487 5650 quemdam
3536 5571 3793 5633 factiosa
