4110 6280
261 365 368 420 925

1308 371 1406 424 DE
1441 368 1813 423 MICHAELE
1850 365 2292 423 PALBOLOGO
2325 367 2459 420 LIB.
2500 367 2596 418 VI.

3551 357 3659 413 926

265 490 417 568 ξίφος
440 490 617 559 ὠθεῖν,
650 490 686 559 ἢ
722 493 828 563 μὴν
861 490 1166 565 ἆποναρκᾷν
1217 490 1300 561 εἷή
1354 490 1444 552 οὕς
1495 489 1762 564 μέλλουσι
1791 488 1902 544 πεί·
1935 495 1985 560 Α
2021 493 2190 562 χανᾶν
2220 489 2445 560 ἡρεμεῖς
2500 486 2850 562 ἀφαιρεθέντα
2904 485 2990 538 καὶ
3045 477 3314 558 Τερνόϐου
3359 480 3448 536 καὶ
3475 502 3658 568 συνοι-

270 588 377 640 θειν
408 577 658 650 πράττειν
689 577 901 633 ἀνόσια.
960 578 1122 634 Ταῦτ’
1174 578 1242 646 ἦν
1294 580 1418 632 τότε
1470 578 1537 631 τά
1585 581 1664 648 τῷ
1699 575 1911 651 βασιλεῖ

267 659 716 739 προϐαλλόμενα,
771 668 845 739 μὴ
906 666 1224 740 ἀνθρώπους
1275 665 1618 737 ἐκκηρύττειν
1675 663 1909 742 ἀσφαλι-

273 751 553 825 ζομένους,
594 750 888 824 οὕμενουν,
948 752 1092 808 ἀλλά
1145 754 1336 808 κακίαν
1390 751 1735 808 ἀναστέλλειν
1768 751 1911 825 παρᾶ

268 841 332 894 τὸ
363 839 505 902 εἰκὸς
564 836 982 914 προϐαίνουσαν,
1033 840 1147 895 ἐπεὶ
1206 839 1416 895 πολλοί
1462 861 1522 916 γε
1569 845 1673 895 τῶν
1704 841 1802 908 τὴν
1836 838 1910 893 εί-

270 931 442 1002 ρήνην
518 929 722 1000 ἐκείνην
801 928 1258 1004 δυσχεραινόντων
1336 936 1582 1004 παρῆσαν
1660 928 1770 984 ἐκεῖ
1820 927 1907 981 καὶ

271 1017 806 1096 συγκατεψηφίζοντο
842 1021 940 1088 τήν
987 1019 1218 1093 κατάραν
1268 1024 1385 1080 τοῖς
1429 1020 1497 1072 τά
1542 1017 1698 1082 τίμια
1748 1029 1910 1080 καθυ-

269 1103 536 1182 ϐρίζουσι.
580 1109 892 1183 Μαρτύριον
941 1113 1047 1163 τῶν
1095 1107 1402 1181 λεγομένων
1452 1107 1512 1162 τὸ
1562 1105 1790 1162 πολλῶν
1821 1106 1908 1160 καὶ

271 1195 521 1269 μεγάλων
572 1191 739 1251 ὄντων
794 1197 884 1251 καὶ
943 1196 1412 1271 συμπληρούντων
1474 1194 1584 1249 ἐκεῖ
1639 1193 1905 1268 σύλλογον

271 1281 478 1356 μηδένα
533 1281 800 1352 διστάσαι,
868 1287 942 1358 μὴ
1001 1285 1290 1356 ἀντειπεῖν,
1355 1287 1430 1357 μὴ
1490 1285 1908 1358 ἀποσκιρτῆσαι,

275 1373 414 1444 μήτε
484 1374 590 1444 μὴν
663 1372 988 1443 ένδείξασθαί
1062 1394 1183 1428 τινα
1258 1374 1430 1447 ῥοπὴν
1505 1368 1906 1446 ὑπολογισμοῦ.

282 1462 468 1534 Εχρῆν
519 1459 577 1514 δὲ
621 1462 861 1533 πάντως,
916 1461 961 1515 εἰ
1019 1461 1192 1524 οὕτως
1241 1459 1432 1532 ἀνέδην
1493 1458 1911 1535 Αριστιανοίἐκ-

265 1549 643 1621 κηρύττοιντο.
689 1547 846 1604 Ἀλλ’
887 1550 952 1617 ἧν
1003 1555 1124 1611 ταῖς
1175 1548 1456 1616 ἀληθείαις
1495 1545 1799 1624 πρόϐλημα
1829 1547 1910 1602 εὖ·

268 1629 490 1696 λαϐείας
519 1637 581 1689 τὸ
610 1637 854 1712 πραχθὲν
907 1636 1079 1690 ἐκεῖνο
1124 1641 1220 1690 τοῦ
1274 1637 1348 1707 μή
1395 1637 1565 1690 πάντα
1593 1633 1905 1708 τολμᾶσθαι

269 1722 327 1776 ἐκ
376 1727 476 1777 τοῦ
532 1725 766 1798 πρώτως
823 1724 1192 1800 παραστάντος
1247 1725 1407 1793 τισὶν,
1462 1724 1605 1780 ἀλλὰ
1663 1723 1752 1777 καί
1806 1724 1904 1790 τὴν

267 1812 501 1884 κατάραν
535 1812 612 1868 εἲς
645 1811 1017 1888 ὑπολογισμὸν
1064 1814 1196 1867 εἶναι
1241 1814 1454 1874 πάντως
1508 1817 1624 1873 τοῖς
1662 1806 1906 1871 εὐλαϐῶς

268 1905 512 1972 μετιοῦσι
532 1900 598 1955 τὰ
626 1901 803 1974 τίμια.
837 1900 1014 1956 Ἀλλὰ
1041 1905 1208 1956 ταῦτα
1244 1901 1337 1974 μὲν
1371 1900 1422 1962 ἐς
1451 1904 1731 1956 τοσοῦτον.

269 2067 352 2125 ιϐ’.
410 2060 580 2119 Ηάλιν
636 2063 704 2117 τά
757 2061 892 2116 κατά
946 2063 1038 2117 τὸν
1091 2066 1362 2154 Λαχανᾶν,
1417 2062 1508 2116 καὶ
1569 2059 1716 2122 ὅπως
1762 2059 1907 2135 παρὰ

746 2138 843 2187 τοῦ
891 2139 1038 2207 Νογᾶ
1068 2138 1391 2208 πεφόνευται
1403 2175 1413 2188 .

335 2257 416 2330 [Ρ.
443 2259 568 2329 319]
600 2259 713 2314 Τοῦ
761 2255 808 2311 δ’
855 2255 1019 2311 αὐτοῦ
1068 2254 1240 2327 ἔτους,
1285 2255 1399 2310 ἐπεὶ
1452 2255 1553 2310 οὐκ
1580 2255 1644 2323 ἦν
1675 2255 1764 2309 τὸν
1799 2260 1906 2307 Λα-

265 2472 567 2530 scissionis
597 2473 866 2546 adigere;
916 2476 1020 2528 aut
1050 2472 1099 2528 si
1135 2472 1308 2527 fuerit
1337 2472 1599 2543 ipsorum
1631 2469 1901 2526 immedi-

263 2561 470 2618 cabilis
503 2561 682 2631 furor,
715 2560 922 2617 saltem
952 2560 1051 2616 alli
1111 2562 1478 2617 retardentur
1512 2578 1545 2616 a
1575 2560 1766 2631 pravis
1798 2557 1901 2612 ho-

264 2668 400 2707 rum
432 2651 808 2707 suasionibus
839 2651 1154 2720 sequendis
1181 2654 1238 2705 et
1270 2649 1554 2704 imitanda
1579 2646 1904 2703 temeritate

264 2756 550 2794 ausorum
583 2739 918 2810 impiorum.
940 2739 1100 2794 Talis
1129 2739 1392 2808 quaedam
1419 2741 1558 2792 tunc
1590 2736 1697 2790 fuit
1728 2736 1907 2805 impe-

265 2826 481 2882 ratoris
531 2827 733 2894 oratio,
788 2828 990 2884 fucans
1069 2827 1533 2897 inumbransque
1590 2823 1904 2880 artiﬁcioso

269 2915 510 2970 obtentu
544 2930 743 2969 verum
777 2919 993 2970 statum
1025 2915 1449 2980 controversiae,
1506 2929 1611 2968 nec
1659 2913 1728 2966 de
1775 2911 1903 2982 ipso

267 3001 540 3074 dogmate
573 3003 952 3072 prmscribens
983 3005 1329 3075 quidquam,
1354 3005 1450 3058 sed
1485 3003 1542 3056 in
1575 3016 1783 3073 genere
1805 3001 1904 3054 da-

267 3091 458 3145 mnari
490 3090 755 3148 homines
777 3097 879 3148 aut
933 3109 1034 3164 pro
1086 3091 1610 3147 excommunicatis
1659 3106 1692 3143 a
1751 3103 1904 3159 quo-

264 3195 443 3250 quam
475 3180 743 3251 privatim
776 3180 978 3236 haberi
1007 3185 1242 3249 vetans;
1265 3196 1380 3250 quo
1413 3195 1525 3234 non
1563 3177 1905 3233 excludeba-

264 3272 365 3323 tur
415 3269 586 3323 tacita
629 3270 887 3340 exceptio
947 3268 1368 3324 subintellectee
1417 3266 1794 3330 conditionis,
1855 3264 1904 3319 si

265 3371 474 3428 nempe
505 3356 586 3410 illi
619 3357 937 3412 orthodoxe
959 3356 1266 3423 sentirent;
1295 3356 1448 3411 unde
1478 3356 1594 3410 ista
1621 3352 1907 3425 generalis

268 3441 629 3512 praescriptio
653 3443 1037 3513 reprimendae
1070 3443 1128 3497 in
1161 3461 1306 3498 ausa
1363 3443 1582 3498 nefaria
1638 3457 1906 3512 prorum-

271 3531 464 3600 pentis
494 3529 740 3586 licentia:
758 3537 932 3602 caput
953 3533 1149 3603 ipsum
1171 3532 1310 3587 mali
1331 3547 1641 3603 veramque
1670 3547 1905 3586 causam

273 3616 638 3674 tumultuum
671 3635 784 3674 non
811 3620 1106 3690 tangebat.
1156 3625 1584 3691 Argumentum
1617 3620 1793 3689 hujus
1825 3618 1908 3674 rei

273 3705 652 3762 manifestum
676 3710 784 3775 est,
804 3707 958 3777 quod
983 3723 1114 3761 cum
1151 3706 1208 3760 in
1239 3722 1304 3760 eo
1336 3712 1482 3761 ccetu
1513 3706 1681 3761 multi
1712 3710 1909 3762 essent

273 3795 369 3864 qui
404 3809 553 3863 aegre
576 3794 790 3849 ferrent
836 3795 1117 3850 sancitam
1162 3811 1361 3864 pacem
1411 3810 1655 3865 eamque
1686 3796 1906 3866 impro-

273 3883 500 3951 barent,
559 3898 730 3938 nemo
779 3886 975 3937 tamen
1025 3898 1227 3938 eorum
1290 3887 1576 3937 recusavit
1631 3883 1906 3953 suffragio

272 3967 652 4039 comprobare
679 3969 911 4040 proprio
953 3969 1126 4024 istam
1185 3969 1573 4024 universalem
1618 3970 1907 4024 deﬁnitio-

272 4071 427 4126 nem,
461 4073 578 4127 qua
603 4057 745 4112 diris
777 4058 834 4112 in
867 4073 1077 4129 genere
1107 4059 1525 4113 devoverentur
1553 4058 1649 4128 qui
1709 4061 1910 4112 sancta

271 4142 489 4199 violare
519 4145 937 4201 contumeliose
978 4149 1308 4214 attentaret,
1364 4161 1478 4200 non
1531 4145 1906 4216 exprimendo

272 4231 608 4289 distinctius
639 4233 878 4304 quinam
910 4233 992 4288 illi
1025 4235 1261 4289 tandem
1310 4233 1514 4288 forent.
1559 4232 1788 4303 Nullus,
1818 4234 1906 4287 in-

272 4335 473 4391 quam,
501 4321 692 4391 palam
727 4322 1086 4377 infensorum
1122 4321 1270 4393 paci,
1317 4321 1519 4392 quales
1568 4326 1625 4376 et
1672 4320 1904 4392 plurimi

269 4409 326 4460 et
348 4423 572 4479 magna:
603 4408 960 4463 auctoritatis
991 4425 1056 4463 ac
1099 4408 1366 4479 potentiae
1422 4409 1531 4462 viri
1594 4412 1905 4478 praesentes

266 4493 379 4550 isto
411 4495 472 4548 in
502 4500 785 4551 conventu
817 4497 1224 4564 cernebantur,
1246 4497 1314 4551 ad
1348 4495 1477 4564 ejus
1508 4496 1905 4551 damnationis

266 4582 720 4654 propositionem
752 4583 982 4639 resiluit
1011 4562 1292 4640 restititve
1317 4601 1331 4652 ;
1366 4562 1438 4638 ne
1467 4584 1753 4640 dubitavit
1775 4584 1903 4655 qui-
1933 4562 1980 4626 Ῑ)

265 4671 399 4727 dem
465 4671 553 4727 vel
608 4673 936 4739 minimum,
1019 4678 1118 4728 aut
1171 4672 1354 4728 ullum
1405 4672 1758 4728 reclamandi
1815 4672 1902 4727 vel

266 4759 570 4831 quidpiam
596 4762 651 4815 in
705 4762 1064 4818 contrarium
1114 4761 1438 4833 excipiendi
1496 4763 1583 4815 vel
1642 4763 1902 4832 primum

264 4849 551 4919 impetum
571 4849 1326 4920 signiﬁcavitﬂbstitissent
1357 4854 1550 4904 autem
1571 4851 1696 4904 sine
1726 4851 1902 4904 dubio

263 4936 478 4993 acriter
501 4937 992 5009 vehementerque
1023 4939 1459 5003 reclamassent,
1493 4937 1542 4993 si
1573 4938 1745 4993 istam
1778 4939 1903 4992 uni-

259 5022 478 5079 versim
512 5024 726 5079 editam
763 5025 1125 5081 Christianos
1160 5042 1539 5097 quoscunque
1583 5026 1902 5081 damnandi

259 5116 317 5167 et
345 5116 632 5180 tanquam
660 5113 820 5182 pravi
848 5130 976 5168 reos
1009 5113 1299 5184 dogmatis
1349 5114 1649 5168 aversandi
1710 5114 1901 5185 prohi-

259 5198 547 5254 bitionem
579 5199 638 5253 in
671 5216 732 5254 se
761 5199 1013 5270 quisque
1044 5199 1205 5271 ipsos
1253 5199 1648 5271 intelligerent
1693 5200 1896 5256 latam.

262 5286 414 5357 Ergo
445 5301 640 5341 revera
680 5288 950 5342 obtenlus
978 5286 1072 5342 hic
1106 5303 1298 5342 merus
1339 5288 1448 5343 fuit
1473 5294 1530 5344 et
1562 5289 1902 5360 superﬁcia-

266 5374 353 5429 ria
383 5373 656 5445 provisio,
690 5391 791 5445 pro
819 5379 1102 5447 tempore,
1143 5380 1426 5445 quantum
1487 5393 1632 5448 opus
1676 5381 1798 5432 erat
1827 5378 1899 5432 ad

261 5463 541 5532 speciem,
573 5464 936 5520 retardatura
965 5463 1302 5519 tervidiores
1331 5480 1691 5536 quosque,ne
1723 5465 1898 5536 quid~

261 5551 349 5606 vis
379 5550 654 5607 licentius
697 5553 978 5608 auderent
1002 5557 1060 5608 et
1088 5553 1160 5608 ad
1191 5552 1446 5623 primum
1477 5554 1758 5626 prolatam
1787 5553 1897 5609 im-

263 5639 518 5707 probatae
549 5637 693 5710 ipsis
724 5640 806 5697 rei
828 5639 1410 5698 mentionemeﬂ'erati
1445 5640 1900 5700 vociferarentur

2017 576 2244 647 κοῦσης,
2279 575 2410 630 λαὸν
2452 574 2805 651 συναθροίσας
2852 573 2941 627 τὸν
2997 573 3179 626 ἱκανὸν
3230 575 3348 631 τοῖς
3396 565 3655 642 Τερνοϐί-

2017 686 2132 726 ταις
2163 666 2542 739 περιεκάθητο.
2578 663 2681 718 Καὶ
2739 659 2816 716 ἔτι
2874 661 2966 733 μὲν
3023 663 3118 714 τοῦ
3178 660 3336 715 Ἀσὰν
3385 656 3533 718 ἐντὸς
3565 653 3654 711 ὅν-

2015 773 2130 817 τος,
2163 750 2302 826 ἔχων
2356 753 2468 823 μεθ’
2522 751 2710 806 ἑαυτοῦ
2756 748 3124 821 Τζασίμπαξιν
3174 744 3649 820 πρωτοστράτορα,

2019 839 2075 893 ὅν
2121 841 2206 893 καὶ
2268 838 2522 913 βασιλεὺς
2581 839 2739 910 ἐτίμα
2792 843 2870 908 τῷ
2927 835 3071 906 αὐτῷ
3118 833 3342 911 ὀφφικίφ
3375 833 3535 888 Ἀσὰν
3569 832 3654 886 εὖ·

2017 932 2246 982 νοοῦντα
2301 928 2361 981 τὸ
2411 927 2697 1001 πρότερον,
2740 927 2836 987 τὰς
2890 930 2997 979 τῶν
3059 922 3340 996 Ῥωμαίων
3401 919 3652 992 δυνάμεις

2017 1013 2144 1090 ἔδρα
2196 1017 2263 1070 τά
2314 1016 2582 1090 χείριστα.
2637 1014 2741 1069 Καὶ
2799 1013 2901 1087 γάρ
2961 1017 3174 1086 πρῶτον
3238 1011 3330 1082 μὲν
3373 1011 3492 1083 περὶ
3529 1005 3656 1062 δέκα

2017 1102 2273 1177 χιλιάδας
2308 1101 2467 1166 οὔσας
2513 1103 2599 1156 καὶ
2652 1099 3051 1175 συμμαχούσας
3102 1097 3289 1168 ἔξωθεν
3336 1103 3453 1157 τοῖς
3485 1095 3653 1168 ἐντὸς,

2017 1193 2078 1254 ἅς
2135 1194 2162 1246 ὁ
2214 1187 2748 1265 πρωτοϐεστιαρίτης
2807 1192 3080 1263 Μουρῖνος
3128 1189 3254 1262 ἦγεν
3302 1185 3388 1240 ἐπὶ
3416 1190 3496 1256 τῷ
3527 1192 3652 1238 Δια-

2016 1275 2174 1348 ϐαινᾷ
2247 1275 2859 1353 στρατοπεδευσάμενος,
2931 1280 3184 1350 Λαχανᾶς
3256 1271 3492 1334 πολλοῖς
3554 1273 3648 1345 μὲν

2017 1369 2132 1440 μετ’
2187 1365 2384 1439 ὀλίγων
2447 1361 2806 1441 προσϐάλλει,
2867 1365 2957 1418 καὶ
3011 1359 3433 1434 ἑπτακαιδεκάτῃ
3480 1361 3650 1432 μηνὸς

2013 1458 2477 1529 Ἀνθεστηριῶνος
2535 1455 2794 1530 συῤῥάξας
2850 1450 3097 1526 πόλεμον
3148 1450 3295 1528 σφίσι
3357 1448 3492 1503 κατὰ
3520 1451 3656 1522 κρά-

2013 1565 2109 1604 τος
2137 1547 2279 1613 νικᾷ,
2311 1543 2400 1596 καὶ
2456 1542 2625 1596 πολὺν
2688 1544 2846 1619 φόνον
2908 1541 3210 1615 ἐργάζεται,
3261 1537 3351 1599 οὕς
3398 1539 3490 1608 μὲν
3522 1535 3660 1590 κατὰ

2014 1631 2285 1702 πόλεμον,
2317 1630 2409 1693 οὕς
2440 1628 2496 1684 δὲ
2542 1629 2631 1684 καὶ
2689 1631 2845 1689 αὐτὸς
2902 1629 3215 1700 κατασχὼν,
3247 1626 3470 1695 ἀπηνῶς
3502 1622 3654 1678 ὕστε-

2017 1740 2106 1795 ρον
2151 1721 2507 1796 κατασφάξας.
2548 1716 2713 1781 Αὖθις
2765 1715 2822 1772 δὲ
2879 1718 2991 1788 μετ’
3053 1716 3240 1790 ὀλίγον
3283 1711 3651 1774 Ηοσειδεῶνος

1937 1803 2460 1906 Βπεντεκαιδεκατῃ
2516 1810 2633 1865 τοῖς
2690 1803 2830 1878 ἀμφὶ
2888 1804 2980 1857 τὸν
3040 1802 3315 1874 Ἀπρηνὸν
3374 1794 3651 1873 πρωτοϐε·

2181 1893 2191 1906 1
2357 1892 2369 1906 9
2622 1894 2634 1906 ι
2868 1892 2880 1906 \
2995 1892 3009 1906 ἱ
3128 1889 3173 1906 "I-
3295 1895 3320 1906 n
3397 1890 3410 1906 \
3539 1888 3552 1906 (
3633 1888 3647 1906 \

2013 1893 2292 1967 στιειρίτην
2353 1892 2684 1946 ἐπεισπεσὼν
2756 1892 2892 1946 κατά
2958 1892 3047 1944 τὸν
3126 1889 3225 1962 ἔξω
3295 1890 3473 1962 ζυγὸν,
3524 1888 3648 1941 ὡσεὶ

2014 1983 2171 2038 πέντε
2201 1980 2458 2056 χιλιάδας
2511 1980 2770 2054 μαχίμων
2824 1978 3042 2055 ἂγοντα,
3094 1979 3220 2043 τοὺς
3270 1979 3362 2051 μὲν
3393 1976 3468 2039 εἷς
3497 1975 3653 2036 τέλος

2015 2070 2450 2144 κατηγωνίσατο,
2499 2072 2589 2123 τὸν
2643 2067 2687 2122 δ’
2735 2065 2892 2144 ἔργον
2943 2067 3171 2122 δεικνύει
3225 2065 3519 2140 μαχαίρας.
3556 2062 3652 2119 Καὶ

2011 2159 2202 2215 πολλὰ
2255 2160 2376 2214 τὸτε
2432 2158 2800 2232 λυσσομαχῶν
2857 2156 3256 2232 κατειργάζετο.
3313 2157 3560 2227 Ὕστερον
3598 2149 3654 2204 δὲ

2015 2245 2482 2323 ἄποχωρήσαντος
2528 2251 2624 2300 τοῦ
2676 2246 2856 2318 Ἀσάν,
2905 2250 3000 2300 τοῦ
3047 2247 3282 2320 Τερτερῆ
3332 2239 3388 2297 δὲ
3417 2242 3515 2309 τήν
3555 2240 3654 2315 βα-

2014 2471 2070 2522 et
2093 2466 2292 2537 jurgia
2322 2466 2787 2522 miscerent.Hos
2819 2469 3014 2521 autem
3047 2466 3105 2520 in
3165 2463 3395 2520 silentio
3443 2479 3510 2519 ac
3552 2479 3652 2534 pa-

2017 2554 2221 2610 tientia
2252 2554 2542 2610 continuit
2571 2554 2668 2609 illa
2693 2553 2961 2610 videlicet
2990 2557 3211 2610 secreta
3267 2552 3502 2620 ﬁducia,
3535 2568 3651 2622 qua

2013 2649 2102 2698 est
2130 2659 2327 2698 eorum
2362 2643 2474 2699 sibi
2506 2643 2755 2715 quisque
2787 2645 2957 2699 tacite
3009 2643 3330 2713 blanditus,
3365 2642 3507 2697 diris
3537 2643 3651 2697 ista

2015 2732 2308 2788 sanctione
2339 2733 2660 2804 generatim
2689 2733 2922 2788 intortis
2955 2732 3182 2787 nullum
3209 2731 3471 2787 devoveri
3495 2730 3648 2785 466

2014 2821 2114 2891 qui
2155 2825 2306 2876 recte
2368 2821 2610 2876 sentiret
2665 2827 2720 2877 et
2779 2825 2981 2877 sancta
3038 2821 3308 2892 religiose
3352 2824 3648 2886 tractaret,

2015 2909 2216 2979 quales
2247 2926 2378 2964 cum
2431 2925 2493 2965 se
2549 2914 2824 2980 putarent
2863 2927 3010 2977 esse,
3065 2909 3210 2964 nihil
3267 2909 3360 2964 hic
3418 2906 3652 2963 decerni

2015 2998 2168 3070 quod
2200 2997 2343 3070 ipsis
2371 2998 2644 3068 privatim
2679 2999 2910 3055 obesset
2939 3015 3042 3070 pro
3091 3003 3244 3054 certo
3303 2999 3650 3060 statuentes,

2015 3103 2216 3142 secure
2247 3087 2716 3157 acquiescebant.
2751 3087 2861 3142 Sed
2893 3089 2960 3142 de
2992 3086 3084 3141 his
3117 3086 3422 3141 hactenus.

1936 3209 1978 3276 α
2017 3245 2101 3298 49.
2137 3249 2342 3301 Rursus
2369 3247 2433 3301 de
2454 3247 2729 3314 Lachana,
2769 3250 2910 3301 etut
2961 3248 3007 3301 is
3058 3263 3092 3300 α
3140 3247 3285 3315 Nega
3337 3244 3653 3315 interfectus

2735 3317 2932 3387 fuerit.

2089 3440 2300 3495 Eodem
2334 3458 2504 3511 porro
2537 3457 2690 3496 anno
2723 3441 3038 3511 Lachanas,
3069 3458 3240 3511 quem
3290 3440 3648 3511 sperandum

2015 3547 2130 3585 non
2163 3535 2286 3584 erat
2314 3535 2508 3600 erepta
2527 3531 2638 3602 ipsi
2673 3533 2813 3586 urbe
2858 3532 3016 3601 regia
3063 3532 3323 3586 Ternobo
3364 3535 3422 3585 et
3474 3545 3650 3584 uxore

2016 3619 2218 3688 regina
2247 3617 2600 3686 quieturum,
2633 3624 2926 3674 contracto
2955 3619 3100 3674 satis
3132 3635 3344 3690 magno
3394 3618 3646 3673 exercitu

2014 3706 2354 3761 Ternobitas
2384 3705 2780 3776 circumsedit,
2826 3725 2959 3763 cum
2993 3709 3063 3762 iis
3096 3708 3285 3762 adhuc
3318 3707 3470 3760 intra
3517 3720 3644 3760 eam

2018 3796 2220 3850 urbem
2264 3794 2513 3849 haerente
2541 3796 2750 3859 Asane,
2802 3796 2926 3865 ipse
2979 3796 3200 3850 habens
3249 3811 3448 3850 secum
3505 3793 3648 3847 Tza-

2016 3882 2324 3953 simpaxim
2357 3883 2799 3954 protostratoris
2835 3883 3026 3938 ofﬁcio
3094 3883 3206 3936 sibi
3274 3881 3642 3948 servientem,

2016 3986 2190 4039 quem
2240 3971 2405 4040 prius
2464 3971 2800 4041 imperator,
2844 3976 2984 4026 tunc
3040 3971 3216 4026 Asani
3277 3968 3642 4034 benevolum,

2015 4057 2187 4112 titulo
2244 4057 2423 4113 simili
2480 4059 2883 4114 honoraverat.
2943 4065 3049 4114 Per
3097 4074 3222 4114 eam
3281 4058 3643 4113 obsidionem

2017 4145 2205 4215 magis
2236 4161 2269 4200 a
2300 4144 2564 4201 Lachana
2613 4145 2880 4202 cladibus
2937 4146 3120 4202 attriti
3180 4146 3422 4202 Romani
3483 4149 3641 4203 sunt.

2016 4234 2277 4287 Primum
2310 4233 2465 4288 enim
2497 4233 2724 4290 circiter
2747 4235 2946 4291 decem
2981 4235 3142 4290 milia
3167 4240 3500 4290 nostrorum
3543 4233 3646 4288 mi-

2016 4319 2183 4375 litum
2217 4321 2274 4375 in
2299 4321 2672 4377 obsessorum
2698 4323 2978 4378 auxilium
3011 4323 3299 4378 venientia
3336 4323 3482 4377 duce
3513 4338 3646 4391 pro-

2015 4409 2370 4464 tovestiarite
2408 4409 2657 4479 Murino,
2691 4428 2823 4466 cum
2874 4411 2997 4467 loco
3055 4411 3325 4466 Diabeena
3373 4409 3526 4465 dicto
3583 4424 3645 4463 se

2015 4495 2428 4564 admovissent,
2471 4497 2569 4551 ubi
2628 4502 2821 4553 castra
2877 4498 3172 4553 Lachanas
3231 4498 3481 4552 habebat
3536 4496 3644 4551 hoc

2012 4601 2142 4639 cum
2177 4585 2376 4655 paucis
2406 4591 2745 4656 erumpente
2777 4587 2870 4641 die
2901 4587 3149 4657 septima
3169 4586 3394 4641 decima
3424 4585 3644 4640 mensis

2012 4672 2151 4728 Julii
2179 4673 2292 4729 fusi
2323 4673 2573 4743 victique
2601 4679 2902 4740 sunt,cum
2935 4680 3127 4746 strage
3175 4674 3393 4745 ingenti
3429 4674 3641 4744 partim

2015 4762 2209 4832 praelio
2241 4777 2541 4829 caasorum,
2578 4763 2788 4834 partim
2817 4767 3117 4834 captorum
3175 4780 3209 4817 a
3270 4763 3531 4818 Lachana
3586 4767 3643 4816 et

2013 4851 2083 4905 ab
2114 4851 2318 4905 eodem
2349 4850 2659 4905 crudeliter
2700 4856 2899 4921 postea
2931 4851 3384 4906 interfectorum.
3422 4851 3644 4905 Rursus

2012 4937 2185 5007 paulo
2205 4943 2354 5008 post,
2389 4939 2481 4992 die
2511 4937 2941 5009 quintadecima
2973 4939 3192 4994 mensis
3213 4939 3642 5009 Augusti,idem

2013 5025 2314 5081 Lachanas
2344 5025 2497 5081 circa
2519 5027 2732 5097 jugum
2764 5027 3016 5082 exterius
3049 5028 3106 5081 in
3165 5028 3456 5097 Aprenum
3511 5041 3642 5096 pro-

2010 5114 2402 5170 tovestiariten
2435 5115 2680 5185 irruens,
2715 5117 2972 5188 quinque
3021 5115 3249 5170 circiter
3297 5113 3640 5172 bellatorum

2011 5202 2248 5257 fortium
2280 5202 2468 5258 millia
2497 5205 2857 5272 ductantem,
2892 5204 2999 5259 hos
3038 5203 3274 5274 quidem
3333 5203 3504 5273 plane
3543 5201 3643 5255 de-

2008 5290 2436 5356 bellavit,illum
2467 5292 2659 5362 gladio
2683 5293 2952 5348 confecit.
2974 5291 3204 5346 Similia
3236 5290 3388 5344 idem
3447 5291 3639 5342 exem-

2010 5379 2106 5449 pla
2137 5381 2324 5434 multa
2353 5382 2489 5434 tunc
2520 5380 2701 5435 edidit
2730 5380 2946 5436 rabiosi
2969 5380 3192 5435 ardoris
3217 5378 3272 5432 in
3306 5376 3638 5447 pugnando.

2005 5467 2316 5537 Aliquanto
2348 5471 2479 5537 post
2508 5467 2648 5538 haec,
2682 5484 2914 5540 egresso
2937 5468 3063 5537 jam
3088 5471 3277 5520 Asane
3298 5463 3560 5518 Ternobo
3586 5465 3644 5515 et

2007 5555 2240 5610 Tertere
2267 5553 2388 5610 illic
2435 5560 2729 5627 regnante,
2788 5557 3041 5611 decrevit
3094 5552 3392 5609 Lachanas
3430 5548 3634 5604 confu-

2005 5657 2139 5714 gere
2159 5641 2232 5699 ad
2261 5639 2484 5714 Nogam
2515 5649 2574 5700 et
2621 5644 2750 5715 ejus
2793 5657 2962 5714 opem
3007 5641 3339 5712 implorare.
3390 5635 3638 5692 Aliunde
