4110 6280
476 330 578 384 927

1772 329 2072 387 GEORGII
2110 333 2570 387 PACHYMERB

3756 324 3850 379 928

477 450 681 505 σιλείαν
739 448 1024 519 λαϐόντος,
1080 446 1217 525 ἔγνω
1272 457 1426 525 Νογᾷ
1480 459 1847 528 προσχωρεῖν,
1904 455 1992 508 καὶ
2026 456 2188 523 ὀῖΑ
2221 452 2388 525 μηδὲν
2416 456 2667 528 πράττειν
2713 451 2954 527 μέλλων,
3004 454 3294 524 κατασχεῖν
3347 450 3440 503 τὸν
3495 453 3754 523 Λαχανᾶν
3781 450 3847 509 ὡς

479 538 699 610 ἀμύνειν
748 539 1095 594 καθικετεύει.
1156 540 1231 596 Οὐ
1294 543 1402 611 μὴν
1456 538 1511 593 δὲ
1566 542 1655 593 καὶ
1714 539 1965 614 βασιλεύς
2004 541 2114 596 ἐτέ-

480 639 649 699 ρωοεν
688 626 1008 699 κατημέλει,
1070 626 1215 681 ἀλλὰ
1270 630 1356 682 καὶ
1415 628 1570 690 αὐτὸς
1623 631 1755 702 πρὸς
1813 632 1989 705 Νογᾶν
2020 631 2110 684 τὸν

479 716 633 770 Ἀσάν
692 716 893 787 πέμπει
955 716 1164 787 σύναμα
1216 718 1305 770 καὶ
1366 715 1563 791 δώροις
1618 716 1917 786 πλείστοις,
1952 720 2109 789 ἀξιῶν

482 804 555 874 μή
590 801 831 875 παριδεῖν
864 805 954 858 τὸν
989 805 1046 858 ἐκ
1073 804 1255 878 γένους
1285 804 1610 879 Βουλγάρων
1658 807 1917 879 ἄρχοντα,
1969 805 2113 859 ἀλλά

477 891 911 962 προσεπαμύνειν
964 889 1183 967 ἀδελφῷ
1243 888 1352 945 ὄντι
1413 893 1503 946 καὶ
1557 897 1662 946 τῶν
1692 894 1810 955 καθ’
1840 893 1998 946 αὑτὸν
2032 891 2111 945 δι-

476 977 641 1031 καίων
700 980 986 1051 χρῄζοντι.
1044 982 1105 1036 Ὁ
1164 982 1346 1051 μέντοι
1405 1002 1467 1054 γε
1513 983 1688 1056 Νογᾶς
1749 978 1965 1055 δέχεται
2018 982 2109 1051 μὲν

475 1065 562 1119 καὶ
600 1074 846 1140 Λαχανᾶν
894 1068 1120 1130 ἐλθόντα
1160 1069 1445 1142 πρότερον,
1498 1066 1711 1144 δέχεται
1746 1067 1801 1122 δὲ
1832 1069 1920 1122 καὶ
1944 1070 2109 1131 ,Ἀσαν

476 1156 736 1226 εὐμενῶς.
771 1156 920 1223 Πλὴν
956 1155 1103 1231 δῶρα
1146 1160 1236 1228 μὲν
1291 1156 1442 1211 δέκτο
1495 1159 1581 1211 καὶ
1637 1158 1982 1235 ἀμφοτέρων,
2013 1159 2112 1210 πό-

475 1263 561 1295 νον
606 1242 649 1296 δ’
692 1243 993 1317 ἀμέγαρτον
1050 1242 1270 1317 ὄφελλε.
1319 1246 1576 1319 Κατέχων
1620 1247 1721 1321 γὰρ
1763 1246 1993 1306 ἐκείνους
2026 1245 2112 1298 ἐπὶ

475 1329 640 1397 πολὺ,
673 1331 759 1383 καὶ
792 1352 853 1403 γε
880 1334 1186 1406 περιφέρων
1236 1334 1350 1404 μεθ’
1399 1333 1587 1387 ἐαυτοῦ
1636 1338 1687 1402 (ἡ
1727 1335 1825 1408 γὰρ
1858 1330 2114 1407 πρεσϐεία

481 1417 574 1488 μία
629 1419 693 1485 ἦν
755 1419 1082 1494 ἀμφοτέροις
1138 1422 1272 1474 κατὰ
1328 1427 1423 1474 τοῦ
1482 1426 1743 1494 Τερτερῆ,
1780 1422 1823 1475 εἰ
1875 1423 1961 1475 καὶ
1994 1423 2113 1483 καθ’

475 1504 697 1566 ἑαυτοὺς
755 1503 1137 1584 ἠμφισϐήτουν
1184 1510 1325 1580 πρὸσ
1391 1508 1672 1577 ἀλλήλους
1724 1511 1806 1578 [Ρ.
1841 1513 1963 1578 32οἶ
2013 1517 2112 1577 τῆς

479 1593 756 1667 βασιλείας
814 1597 901 1648 καὶ
966 1595 1221 1649 πλεῖστον
1297 1595 1419 1649 ὅσον
1497 1595 1895 1670 διενηνεγμένοι
1954 1598 2113 1666 ἦσαν)

473 1680 624 1735 οὐδὲν
685 1682 882 1743 ἐκεῖνος
944 1684 1132 1750 ἐποίει,
1195 1682 1318 1737 ἀλλ’
1377 1680 1554 1749 ἔτριϐε
1598 1688 1821 1759 χρόνον,
1854 1687 1985 1739 ποτὲ
2017 1685 2111 1757 μὶν

469 1770 669 1841 τούτῳ,
724 1772 856 1824 ποτέ
915 1770 971 1825 δὲ
1024 1772 1232 1846 θατέρῳ
1288 1772 1889 1848 προσυπισχνοόμενος,
1923 1771 2108 1827 Ἐδού-
2143 1758 2282 1878 Βκ’.

472 1857 494 1878 Ἰ
668 1857 711 1878 Ῠδῒ
761 1858 774 1875 9
845 1864 867 1874 υ
1074 1861 1087 1878 \
1146 1857 1173 1878 ,Ῑ
1474 1867 1493 1876 αι·
1583 1861 1595 1878 ε
1712 1868 1735 1877 υ
1818 1861 1910 1878 7""

472 1857 629 1912 λευον
665 1857 711 1911 δ’
756 1858 949 1913 ἐκεῖνοι
1000 1861 1089 1914 καὶ
1139 1857 1357 1922 ἄκοντες
1404 1867 1521 1924 ταῖς
1570 1861 1784 1936 ῥοπαῖς.
1818 1861 1986 1923 Τέλος
2019 1884 2112 1916 κα-

473 1946 603 2013 θίζει
635 1947 959 2018 συμπόσιον,
1006 1948 1095 2001 καὶ
1146 1950 1172 2001 6
1222 1950 1387 2010 πότος
1435 1949 1487 2011 ἐς
1533 1948 1675 2004 πολὺ
1705 1946 1993 2024 προέϐαινε
2023 1950 2113 2004 πί-

471 2054 674 2091 νουσιν,
731 2036 817 2097 Ὠς
868 2033 925 2090 δὲ
977 2037 1171 2109 μέθυος
1230 2038 1364 2105 ἦσαν
1409 2037 1641 2111 πλήρεις
1670 2039 1813 2091 καὶὸ
1847 2037 2111 2113 λογισμὸς

474 2121 692 2184 ἐκείνοις
730 2126 1027 2197 παρήγετο,
1079 2124 1232 2187 εὐτὺς
1289 2128 1317 2180 ὁ
1374 2129 1556 2199 Νογᾶς
1603 2128 1714 2180 οἷον
1751 2127 1801 2195 ἐξ
1828 2126 1996 2180 ὕπνου
2029 2138 2115 2189 θο-

475 2211 580 2284 ρὼν
638 2210 725 2265 καὶ
780 2218 886 2267 τῶν
941 2209 1399 2290 ἀμφισϐητήσεων
1468 2214 1681 2269 ἐκείνων
1742 2215 1814 2275 ὡς
1868 2214 1933 2282 ἧν
1993 2214 2117 2268 τότε

478 2300 824 2372 μνησάμενος
860 2302 968 2373 (καὶ
1000 2304 1101 2376 γὰρ
1132 2303 1222 2356 τὸν
1280 2304 1372 2375 μὲν
1400 2302 1565 2357 Ἀσάν
1626 2305 1753 2375 παρ’
1806 2303 1976 2373 ἐαυτῷ
2002 2304 2116 2376 εἶχε

477 2388 806 2460 καθήμενον,
856 2395 1109 2464 Λαχανᾶν
1172 2389 1229 2444 δὲ
1284 2391 1372 2445 καὶ
1428 2392 1519 2445 τὸν
1561 2391 1722 2445 αὐτοῦ
1771 2390 2116 2465 πρωτοστρά-

471 2495 607 2549 τορα
632 2477 999 2549 Τζασίμπαξιν
1027 2480 1334 2553 κατωτέρω,
1358 2482 1504 2548 πλὴν
1550 2479 1631 2555 ἐφ’
1674 2478 1917 2553 ἐκάτερα)
1947 2499 2115 2550 προσ-

469 2563 654 2619 τάσσει
730 2571 847 2628 τοῖς
925 2567 1087 2621 αὐτοῦ
1168 2568 1610 2645 ἀπεριμερίμνως
1688 2568 1882 2638 οὕτως,
1937 2567 2115 2643 ὥσπερ

486 2782 806 2856 imperator
834 2786 989 2841 haud
1014 2786 1314 2859 negligens
1341 2805 1432 2843 res
1480 2787 1837 2860 Bulgaricas.
1870 2790 2117 2840 Asanem

488 2875 559 2927 ad
641 2874 861 2944 Nogam
938 2877 1209 2931 eumdem
1279 2877 1458 2931 mittit
1518 2893 1650 2931 cum
1726 2877 1872 2930 467
1952 2873 2120 2927 donis

484 2960 757 3032 plurimis
790 2966 1069 3033 majorem
1119 2965 1179 3019 in
1227 2968 1467 3020 modum
1519 2980 1728 3032 rogans
1777 2980 1847 3017 ne
1904 2960 2118 3015 auxilio

480 3049 824 3105 destitutum
849 3052 1067 3106 sineret
1097 3052 1416 3122 legitimum
1451 3053 1655 3120 etjure
1675 3050 1904 3121 generis
1936 3050 2119 3103 haere-

481 3137 690 3192 ditario
738 3138 1016 3193 nitentem
1069 3140 1448 3209 Bulgarorum
1504 3154 1721 3208 regem,
1774 3137 1885 3209 ipsi
1946 3139 2115 3206 Noga

482 3227 650 3295 quasi
685 3226 939 3281 fraterna
967 3227 1396 3281 necessitudine
1427 3227 1779 3294 devinctum,
1803 3226 1957 3296 quod
1982 3242 2115 3279 uxo-

481 3330 572 3367 res
604 3314 818 3369 Asanis
850 3320 905 3369 et
938 3315 1107 3385 Nogaa
1138 3332 1365 3370 sorores
1386 3321 1786 3384 essent;quare
1820 3314 2115 3368 hominem

480 3404 600 3455 tam
633 3401 841 3457 intima
864 3403 974 3457 sibi
1006 3403 1579 3473 affinitatejunctum
1603 3419 1709 3473 ope
1735 3402 1924 3472 ipsius
1941 3419 2114 3473 egen-

481 3493 596 3542 tem
623 3491 829 3557 juvare
861 3507 932 3545 ne
961 3498 1295 3561 graveretur
1342 3493 1401 3546 in
1450 3493 1844 3562 recuperando
1900 3491 2116 3560 injuste

485 3576 677 3631 ablato
711 3578 1062 3649 principatu.
1096 3581 1429 3650 Nogasjam
1476 3584 1647 3634 antea
1676 3578 2115 3634 venientemLa-

484 3664 731 3720 chanam
764 3666 1099 3722 humaniter
1128 3670 1708 3740 exceperat;Asanem
1741 3684 1974 3738 quoque
2009 3684 2115 3736 po-

490 3753 701 3807 sterius
750 3755 1065 3825 appulsum
1116 3756 1363 3827 benigne
1420 3757 1678 3811 admisit.
1710 3757 1986 3810 Caeterum
2019 3754 2116 3808 ille

482 3842 705 3911 accepit
736 3844 972 3914 quidem
1005 3847 1313 3916 utriusque
1357 3862 1620 3912 munera,
1670 3859 1931 3898 {erumna
1978 3858 2115 3896 vero

486 3945 647 3999 aeque
678 3932 881 3986 ambos
912 3932 1203 3989 immensa
1233 3933 1573 4002 cumulavit,
1616 3933 1881 3987 detinens
1940 3930 2113 3985 simul

483 4022 799 4088 utrumque
830 4021 1031 4089 perdiu
1065 4026 1120 4075 et
1152 4038 1351 4076 secum
1384 4036 1737 4092 quocunque
1785 4020 2115 4073 circumdu-

449 4105 812 4160 -cens.Unus
841 4107 1147 4178 utriusque
1196 4108 1502 4178 legationis
1533 4126 1746 4179 scopus
1777 4112 1902 4162 erat
1932 4107 2115 4176 impe-

482 4196 637 4247 trare
669 4195 886 4248 auxilia
914 4201 1116 4250 contra
1140 4196 1433 4250 Terterem
1485 4213 1855 4251 communem
1889 4196 2115 4251 hostem

483 4281 812 4349 amborum,
846 4300 878 4337 a
908 4300 969 4338 se
992 4283 1237 4337 invicem
1271 4301 1384 4339 non
1418 4284 1599 4338 levius
1648 4301 1821 4354 quam
1852 4285 1940 4343 .‘ab
1976 4285 2116 4353 ipso

482 4368 715 4424 Tertere
747 4370 1180 4426 dissidentium.
1215 4374 1358 4427 Cum
1391 4372 1624 4442 ergoilli
1652 4389 1753 4442 pro
1784 4388 1845 4426 se
1869 4372 2117 4443 quisque

480 4458 713 4511 assidue
744 4460 1326 4528 contendentesjuris
1358 4462 1430 4515 ad
1464 4476 1709 4530 regnum
1741 4460 2110 4530 Bulgaricum

2218 544 2359 616 εἶχεν
2393 543 2595 603 ἐκεῖνος
2634 544 2959 613 καθήμενος,
3022 540 3119 593 Καὶ
3178 539 3269 592 τὸν
3329 538 3420 609 μὲν
3458 536 3653 605 εἷπεῖν,
3689 562 3716 588 ‹‹
3749 538 3847 592 Οὗ-

2214 652 2305 691 τος
2334 630 2533 705 ἐχθρός
2564 630 2676 685 ἐστι
2724 633 2821 683 τοῦ
2878 628 3079 702 πατρός
3145 648 3249 699 μου
3313 623 3605 700 βασιλέως,
3637 624 3727 678 καὶ
3756 629 3840 697 ζῇν

2215 718 2362 779 ’ὀλως
2394 719 2492 772 οὐκ
2544 720 2711 791 ἄξιος,
2773 717 2918 773 ἀλλά
2972 717 3280 788 τέμνεσθαι,
3312 738 3338 765 ››
3400 714 3638 775 ἐκείνους
3674 712 3720 765 δ’
3748 712 3844 781 ἔξα-

2216 806 2445 867 πιναίως
2492 807 2862 881 κατασχόντας
2909 806 3004 867 τὰς
3053 810 3244 878 χεῖρας
3292 801 3615 877 ἑκατέρωθεν
3654 801 3845 873 μάχαι-

2218 914 2310 967 ραν
2372 889 2629 967 ἐμϐαλεῖν
2687 899 2767 965 τῷ
2825 893 3058 970 φάρυγγι
3116 891 3204 945 καὶ
3265 890 3505 967 φονεύειν
3564 890 3735 943 ἐκεῖσε
3762 909 3847 943 πε-

2250 982 2276 1036 ό
2490 983 2507 1003 τ
2544 985 2557 1003 ν
2647 982 2674 1002 τ
2894 981 2909 1003 κ
3006 982 3019 997 ‘
3267 979 3277 1000 Ι
3676 977 3687 993 ’

2218 1003 2247 1035 σ
2280 1003 2395 1037 ντα.
2445 989 2539 1036 Ειτ
2615 995 2765 1046 αυθις
2820 1003 2910 1036 και
2967 1002 3059 1035 τον
3117 979 3482 1050 Τζασιμπαξιν
3532 979 3845 1048 θεασαμενον

2215 1071 2506 1140 προστάξαι
2560 1072 2651 1143 μὶν
2700 1072 2813 1124 κατ’
2864 1069 3072 1123 ἐκείνου
3111 1072 3177 1122 τὰ
3226 1066 3497 1140 χείριστα,
3544 1065 3631 1120 καὶ
3664 1062 3728 1132 δὴ
3758 1066 3849 1118 κά-

2214 1164 2388 1212 κεῖνον
2435 1159 2590 1220 εὐθὺς
2647 1157 2871 1213 κτείνειν
2930 1157 3022 1210 τὸν
3087 1156 3385 1228 ὑπηρέτην,
3443 1148 3853 1227 ἐμϐαλόντατῷ

2215 1247 2407 1320 αὐχένι
2454 1244 2675 1302 κοπίδα.
2725 1244 2855 1299 Τότε
2901 1244 2991 1298 καὶ
3041 1244 3068 1296 6
3118 1244 3274 1298 ’Λσάν
3328 1241 3546 1316 βλέπων
3593 1240 3726 1315 πρὸς
3762 1242 3850 1307 τὴν

2217 1334 2337 1397 θέαν
2389 1333 2534 1395 ὅλως
2583 1335 2961 1399 ἀποπέπηκτο,
3010 1333 3096 1385 καὶ
3149 1329 3273 1404 περὶ
3314 1329 3487 1400 ἐαυτῷ
3539 1324 3709 1402 φόϐον
3747 1329 3853 1400 εἶχε

2214 1424 2304 1477 τὸν
2344 1425 2619 1495 μέγιστον,
2662 1420 2756 1475 κᾶν
2805 1422 2873 1474 τὰ
2920 1422 3091 1492 ὃμοια
3136 1419 3386 1480 κακεῖνος
3424 1420 3547 1471 τότε
3577 1412 3847 1485 πεπόνθει,

2217 1510 2262 1564 εἰ
2324 1513 2397 1582 μή
2458 1532 2519 1585 γε
2591 1513 2625 1579 ἡ
2695 1511 2979 1585 Εόφροσνη
3039 1508 3511 1581 περιποιησαμένη
3571 1507 3850 1576 ἀπέπεμπε

2220 1600 2335 1669 μετ’
2377 1598 2587 1671 ὀλίγον.
2622 1595 2798 1653 Ἀλλὰ
2826 1601 2995 1651 ταῦτα
3030 1596 3123 1669 μὲν
3154 1597 3205 1658 ἐς
3235 1594 3511 1650 τοσοῦτον.

2358 1758 2544 1818 Ὃπως
2629 1755 2964 1830 ἐκστρατεόει
3050 1757 3077 1809 6
3124 1753 3418 1830 *βασιλεὺς
3506 1751 3853 1825 Ἀνδρόνικος

2824 1826 2905 1881 sic
2926 1824 3251 1896 Ἀνατολῆν.

2291 1953 2351 2008 Ὁ
2382 1949 2438 2005 δὲ
2481 1951 2737 2025 βασιλεὺς
2787 1954 2875 2006 καὶ
2931 1953 3096 2006 πάλιν
3139 1952 3207 2005 τὰ
3263 1951 3397 2005 κατά
3443 1952 3543 2019 τήν
3592 1949 3857 2018 ἀνατολήν

2221 2044 2480 2093 νοσοῦντα
2514 2042 2719 2111 μαθὼν,
2766 2039 2814 2111 ἐξ
2874 2037 3001 2094 ὅτου
3057 2059 3158 2110 περ
3213 2040 3239 2091 6
3302 2036 3571 2107 δεσπότης
3615 2040 3861 2107 Ἰωάννης

2223 2125 2273 2195 ἐξ
2324 2127 2621 2196 ἀνθρώπων
2665 2128 2903 2202 γεγονὼς
2954 2125 3251 2201 ἐκεχειρίαν
3298 2132 3561 2201 παρεῖχεν
3594 2126 3649 2188 ἐς
3684 2132 3864 2181 τοσοῦ-

2220 2234 2313 2268 τον
2372 2216 2604 2289 Πέρσαις
2664 2214 2803 2269 ὥστε
2870 2214 2959 2269 καὶ
3020 2214 3226 2288 ἰσχύειν
3287 2215 3586 2287 Ῥωμαίοις
3646 2214 3864 2278 ἐπιτίθε-

2224 2304 2344 2356 σθαι
2369 2303 2455 2356 καὶ
2515 2307 2709 2356 κακοῦν
2772 2304 2855 2375 (τὰ
2910 2304 3013 2376 γὰρ
3069 2303 3205 2357 κατά
3261 2300 3570 2378 Μαίανδρον
3632 2304 3721 2357 καὶ
3763 2306 3861 2359 Κα-

2226 2390 2339 2462 ρίαν
2393 2389 2480 2443 καὶ
2541 2391 2872 2465 Ἀντιόχειαν
2929 2388 3035 2459 ἤδη
3096 2389 3189 2444 καί
3244 2390 3643 2460 τετελευτήκει,
3698 2393 3761 2445 τὰ
3809 2389 3860 2445 δὶ

2223 2478 2426 2531 τούτων
2459 2479 2546 2531 καὶ
2609 2483 2689 2548 [Ρ.
2740 2481 2865 2551 321]
2927 2477 3005 2531 ἔτι
3055 2476 3321 2551 ἐνδοτέρω
3378 2476 3568 2540 δεινῶς
3602 2478 3858 2550 ἐξησθένει

2224 2567 2439 2621 καὶτοῦ
2470 2565 2842 2643 ἷατρεύσοντος
2888 2563 3146 2643 ἔχρῃζον,
3192 2567 3281 2621 καὶ
3330 2567 3626 2637 ἡλίσκοντο
3675 2569 3766 2640 μὲν
3793 2569 3853 2623 τὰ

2230 2783 2807 2840 convivium.Pocula
2837 2798 3095 2853 eousque
3144 2783 3552 2853 frequentatur
3599 2785 3659 2835 ut
3704 2779 3837 2834 ebrii

2221 2873 2347 2942 jam
2378 2870 2572 2926 cuncti
2601 2872 2696 2924 vix
2727 2874 2919 2925 mente
2942 2871 3469 2925 constarent.Tunc
3492 2870 3685 2924 subito
3700 2868 3851 2938 quasi

2228 2976 2258 3012 e
2289 2976 2494 3014 somno
2528 2959 2935 3029 expergiscens
2964 2958 3176 3029 Nogas,
3202 2963 3259 3012 et
3290 2956 3722 3027 ancipitesillas
3746 2957 3859 3010 fru-

2228 3050 2562 3114 strationes,
2604 3048 2818 3118 quibus
2850 3064 2911 3102 se
2945 3064 3113 3102 usum
3154 3047 3441 3101 hactenus
3502 3047 3863 3109 meminerat,

2229 3137 2493 3193 decidere
2524 3136 2833 3206 aliquando
2864 3136 3062 3191 volens
3084 3136 3141 3190 in
3177 3136 3429 3190 favorem
3459 3134 3673 3189 Assnis
3724 3134 3866 3189 forte

2226 3232 2368 3281 tunc
2400 3225 2511 3279 sibi
2543 3226 2615 3279 ad
2648 3225 2801 3279 latus
2833 3224 3148 3279 assidentis
3179 3223 3447 3291 (inferius
3501 3227 3729 3290 autem,
3768 3222 3868 3277 sed

2217 3314 2468 3368 invicem
2505 3312 2729 3367 adversi
2760 3312 2895 3366 hinc
2928 3312 3251 3377 Lachanas,
3285 3311 3422 3366 inde
3473 3315 3862 3381 protostrator

2220 3402 2397 3470 hujus
2427 3400 2822 3471 Tzasimpaxis
2854 3401 3259 3469 consederant)
3286 3399 3533 3469 imperat
3556 3399 3713 3455 468
3739 3398 3862 3452 suis

2216 3489 2530 3558 tranquille
2563 3505 2628 3543 ac
2659 3489 2826 3559 quasi
2860 3488 3004 3542 nihil
3035 3493 3293 3553 acturus,
3318 3487 3635 3557 corripiant
3658 3503 3861 3542 secure

2218 3577 2675 3642 recumbentem,
2710 3582 2773 3630 ut
2798 3581 2942 3643 erat,
2985 3577 3310 3631 Lachanam
3339 3594 3353 3643 ;
3386 3575 3560 3645 idque
3600 3575 3740 3629 dum
3776 3574 3862 3628 illi

2219 3664 2734 3734 agunt,dicit:«Hic
2767 3664 2951 3720 hostis
2982 3670 3071 3719 est
3100 3663 3469 3734 imperatoris
3508 3664 3689 3733 patris
3721 3663 3857 3727 mei,

2218 3757 2275 3807 et
2303 3751 2473 3822 plane
2503 3751 2780 3823 indignus
2811 3752 2909 3822 qni
2936 3752 3125 3806 vivere
3158 3751 3442 3818 sinatur;»
3477 3768 3603 3821 quae
3636 3750 3723 3805 illi
3754 3768 3860 3804 au-

2219 3840 2444 3895 dientes
2465 3840 2746 3911 correptis
2758 3839 3006 3895 infelicis
3022 3840 3299 3910 utrinque
3314 3839 3585 3893 manibus
3599 3836 3857 3892 cultrum

2219 3928 2574 3999 injugulum
2606 3929 2945 3994 demittunt,
2989 3933 3045 3983 et
3102 3944 3236 3983 mox
3284 3927 3501 3982 ibidem
3551 3927 3859 3981 cadentem

2219 4021 2480 4071 enecant.
2505 4016 2752 4071 Iteratur
2783 4034 2916 4071 mox
2943 4017 3128 4071 ferum
3161 4015 3474 4086 imperium
3506 4015 3565 4069 in
3597 4014 3858 4069 Tzasim-

2222 4106 2410 4175 paxim
2434 4112 2490 4161 et
2518 4107 2755 4161 adverso
2789 4106 3278 4176 spectantem,qui
3326 4105 3580 4175 impacta
3611 4104 3667 4157 in
3729 4104 3857 4173 ejus

2221 4195 2500 4249 cervicem
2531 4210 2706 4248 manu
2739 4193 3009 4249 satellitis
3035 4193 3224 4250 securi
3258 4192 3855 4263 trucidatur.Tragico

2220 4281 2549 4349 spectaculo
2583 4282 2887 4351 perculsus
2921 4284 3071 4337 Asan
3095 4281 3206 4337 sibi
3236 4279 3757 4336 vehementissime
3785 4280 3855 4331 ti-

2222 4370 2386 4435 muit,
2422 4386 2535 4423 non
2570 4370 2695 4425 sine
2724 4386 2903 4425 causa
2936 4386 2949 4424 :
2982 4385 3115 4424 nam
3149 4368 3313 4440 paria
3356 4373 3412 4423 et
3463 4369 3589 4439 ipse
3646 4382 3849 4438 passus

2221 4461 2394 4522 esset,
2432 4458 2489 4510 ni
2522 4463 2659 4512 tunc
2708 4459 3115 4529 Euphrosynes
3165 4458 3492 4512 interventu
3550 4472 3617 4511 ac
3661 4453 3851 4510 studio

478 4546 566 4597 sui
588 4546 952 4601 ﬁrmamenta
976 4529 1714 4618 proferrent,disceptantes
1737 4553 1792 4602 et
1813 4529 1981 4617 quasi
2003 4549 2112 4603 sub
2143 4529 2188 4591 D
2221 4549 2506 4613 servatus,
2540 4545 2711 4615 paulo
2741 4552 2871 4616 post
2899 4546 3209 4601 incolumis
3240 4545 3522 4600 dimissus
3552 4548 3729 4599 esset.
3754 4547 3859 4597 At-

469 4632 669 4700 judice
699 4651 935 4689 causam
955 4641 1287 4704 perorantes
1307 4637 1727 4708 propriam,ille
1743 4636 1826 4691 sic
1840 4637 2111 4691 audiebat

479 4723 542 4773 ut
573 4721 923 4777 sententiam
947 4724 1811 4795 expediretnunquam,inﬁnita
1832 4742 1928 4780 eos
1948 4741 2111 4779 mora

478 4809 1127 4882 suspenderet,utrique
1159 4830 1221 4867 se
1250 4819 1445 4868 tamen
1483 4831 1581 4884 per
1598 4816 1752 4870 vices
1781 4805 2105 4881 venditans,

475 4901 533 4950 et
563 4898 734 4951 modo
766 4898 901 4953 huic
925 4901 1095 4955 modo
1119 4901 1281 4955 alteri
1302 4902 2106 4974 promittens,miserisquan-

474 4983 747 5037 tumlibet
776 4985 974 5040 invitis
1004 4989 1593 5059 adulantibus,eoque
1626 4991 1813 5059 magis
1844 5008 1904 5046 se
1935 4991 2107 5045 obno-

474 5069 599 5124 xios
634 5071 1025 5140 praebentibus
1085 5075 1153 5129 ad
1211 5081 1391 5131 nutus
1421 5077 1549 5145 ejus
1606 5092 1833 5143 omnes,
1865 5093 1977 5147 quo
2008 5077 2107 5131 ille

476 5157 700 5213 alterna
730 5161 1113 5216 ostentatione
1145 5164 1355 5219 favoris
1385 5168 1486 5218 aut
1513 5164 1668 5217 taadii
1714 5165 1985 5234 sperandi
2035 5165 2106 5219 ti-

476 5247 788 5317 mendique
818 5248 1103 5305 miscebat
1132 5268 1337 5305 causas
1394 5251 1705 5306 artiﬁcioso
1754 5252 1999 5320 intexlu,
2050 5258 2107 5307 et

474 5335 878 5391 communium
910 5343 1177 5393 votorum
1209 5340 1560 5394 accendebat
1582 5340 1807 5411 cupidis
1831 5341 2101 5411 pretium.

475 5420 640 5476 Hunc
669 5426 904 5480 tandem
927 5426 1145 5481 exitum
1169 5444 1258 5482 res
1280 5427 1486 5481 habuit
1508 5432 1638 5498 post
1659 5428 2101 5500 suspensionem

474 5509 830 5568 diuturnam.
867 5516 1115 5571 Scdebat
1156 5518 1222 5571 ad
1283 5532 1547 5571 mensam
1597 5516 1911 5587 aliquando
1968 5534 2099 5571 cum

479 5595 705 5669 hospite
737 5607 981 5677 utroque
1015 5605 1225 5677 Nogas.
1257 5603 1595 5660 Celebratur
1612 5603 1910 5661 hilaritate
1933 5621 2104 5677 maga

2220 4651 2331 4703 que
2358 4635 2475 4689 haec
2510 4635 2744 4704 quidem
2777 4652 2839 4689 se
2869 4636 2928 4689 in
2961 4635 3116 4690 hunc
3149 4635 3388 4689 modum
3419 4634 3703 4689 habuere.

2286 4775 2357 4827 2O
2388 4775 2681 4846 Expeditz'o
2711 4775 3059 4847 imperatoris
3082 4776 3379 4832 Andronici
3398 4776 3459 4829 in
3483 4775 3779 4831 Orientem.

2288 4902 2362 4951 At
2391 4899 2723 4969 imperator,
2756 4903 3050 4970 comperto
3084 4898 3347 4952 laborare
3377 4913 3468 4952 res
3503 4893 3862 4957 Orientales,

2216 5002 2285 5041 ex
2316 5004 2428 5058 quo
2461 4988 2690 5043 sublato
2722 5006 2791 5044 ex
2823 4987 3099 5043 humanis
3128 4991 3353 5042 Joanne
3399 4988 3643 5058 despota
3701 4986 3864 5039 ﬁdu-

2216 5075 2361 5130 ciam
2395 5082 2609 5131 lantam
2662 5079 2845 5133 Persae
2878 5081 3275 5146 sumpserant,
3302 5081 3366 5129 ut
3386 5091 3498 5130 non
3533 5075 3705 5129 modo
3739 5090 3867 5127 non

2216 5164 2552 5219 dubitarent
2600 5165 2751 5220 ultro
2803 5169 3098 5220 Romanos
3139 5163 3431 5228 invadere,
3479 5163 3579 5217 sed
3630 5161 3868 5233 passim

2215 5252 2360 5306 ﬁnes
2390 5269 2590 5308 eorum
2619 5253 2976 5309 incursando
3008 5256 3324 5307 vastarent.
3360 5251 3649 5321 Regiones
3700 5250 3873 5304 circa

2212 5343 2426 5395 Maeand
2437 5358 2563 5396 rum
2578 5346 2632 5396 et
2652 5342 2881 5397 Cariam
2895 5346 2951 5397 et
2977 5338 3337 5395 Antiochiam
3354 5340 3479 5409 jam
3518 5340 3689 5407 plane
3730 5354 3868 5408 per-

2211 5428 2400 5483 ierant
2431 5445 2444 5483 :
2478 5431 2577 5485 sed
2609 5436 2665 5486 et
2696 5430 2787 5486 his
2813 5430 3004 5486 adhuc
3034 5428 3311 5482 interiora
3343 5426 3594 5499 graviter
3641 5425 3870 5481 debili-

2212 5520 2331 5570 tata
2356 5518 2628 5585 jacebant
2659 5518 2869 5575 medici
2913 5515 3282 5587 sospitatoris
3313 5531 3419 5586 ope
3468 5514 3873 5570 vehementer

2211 5606 2459 5675 egentia.
2492 5605 2928 5679 Diripiebantur
2945 5604 3136 5660 vicina
3155 5604 3386 5675 Caystro
3407 5608 3465 5657 et
3478 5603 3700 5659 Priene
3722 5601 3871 5657 loca
