4110 6280
322 388 433 443 929

1373 386 1472 439 DE
1506 383 1876 439 MICHAELE
1911 380 2355 438 PALEOLOGO
2390 385 2524 439 LIB.
2565 385 2661 438 VI.

3606 381 3714 435 930

311 511 456 566 κατᾶ
504 509 784 583 Κάϋστρον
815 505 906 562 καὶ
939 509 1206 582 Πριήνην,
1237 505 1534 576 ἡλίσκοντο
1569 503 1615 560 δ’
1640 502 1745 575 ἤδη
1780 505 1870 559 καὶ
1899 504 1961 558 τὸ
1991 508 2045 574 Α
2074 503 2312 574 ἥπτοντο
2341 507 2429 561 καὶ
2461 503 2804 583 προῦκοπτον
2864 503 3375 578 ἀνοικοδομοῦντες,
3420 507 3518 572 τὴν
3553 504 3625 566 εἷς
3657 505 3716 558 τὸ

313 600 461 655 κατά
519 597 794 667 Μίλητον,
853 597 940 650 καὶ
980 593 1250 670 Μαγεδὼν
1283 595 1471 649 καὶτά
1510 594 1814 669 πρόσχωρα
1837 592 1974 646 κατὰ

312 688 540 756 πολλὴν
566 692 663 742 τοῦ
710 683 1058 747 κωλύσοντος
1111 685 1340 759 ἐρημίαν
1393 684 1819 759 ἐξηφανίζοντο),
1865 680 1972 736 δεῖν

313 772 461 851 ἔγνω
492 777 582 830 τὸν
621 776 734 829 υἱὸν
769 771 932 828 αὖτοῦ
975 773 1065 827 καὶ
1100 772 1325 848 βασιλέα
1373 770 1716 846 Ἀνδρόνικον
1764 772 1973 841 σύναιμα

316 866 413 920 καὶ
443 871 562 926 ταῖς
599 865 715 918 κατ’
778 860 1046 930 ἀνατολὴν
1111 859 1364 933 δυνάμεσι
1426 863 1680 932 πέμπειν.
1744 861 1844 915 Καὶ
1903 856 1967 927 δὴ

318 954 710 1027 παραγεγονὼς
786 951 898 1022 ἅμα
975 947 1226 1023 δεσποίνῃ
1301 950 1456 1004 τάκεῖ
1515 949 1758 1016 καθίστα,
1826 943 1969 1021 ἔχων

319 1041 461 1118 ἄμφ’
516 1041 678 1094 αὐτὸν
730 1038 819 1092 σὺν
854 1035 1093 1100 πολλοῖς
1138 1037 1332 1100 ἄλλοις
1365 1043 1643 1111 μεγιστᾶσι
1670 1036 1758 1089 τόν
1787 1056 1844 1089 τε
1878 1036 1973 1106 μέ-

319 1149 426 1202 γαν
457 1127 774 1200 δομὲστικον
808 1128 1040 1200 Μιχαὴλ
1073 1124 1166 1178 τὸν
1210 1125 1660 1200 Ταρχανειώτην,
1693 1125 1749 1177 ὃν
1785 1121 1850 1190 δὴ
1881 1123 1968 1177 καὶ

322 1215 704 1288 Παλαιολόγον
738 1213 970 1291 ἔγραφον
1027 1218 1468 1286 μητρωνυμικῶς
1517 1213 1605 1266 καὶ
1657 1213 1709 1273 ἐς
1757 1232 1971 1285 πρωτο-

324 1299 636 1379 ϐεστιαρίου
668 1304 871 1376 ἀνῆγον
929 1304 1096 1373 τιμὴν
1159 1301 1461 1374 ἐσύστερον,
1519 1301 1607 1354 καὶ
1663 1301 1751 1353 τὸν
1794 1320 1973 1373 παρα-

320 1393 679 1465 κοιμώμενον
705 1397 804 1458 τῆς
859 1389 1104 1463 μεγάλης
1151 1387 1443 1465 σφενδόνης
1491 1388 1823 1461 Νοστόγγον,
1880 1389 1966 1441 καὶ

317 1479 420 1533 σὺν
477 1479 660 1540 αὐτοῖς
690 1477 771 1532 ὅτι
817 1477 1108 1539 πλείστους
1134 1479 1202 1531 τά
1229 1481 1336 1530 τῶν
1371 1474 1631 1531 δουλειῶν
1666 1474 1970 1538 διευθῦνον-

315 1589 444 1628 τας.
496 1569 558 1623 Ὁ
618 1565 675 1621 δὲ
710 1564 964 1641 βασιλεὺς
993 1563 1343 1639 Ἀνδρόνικος
1374 1567 1434 1618 τὸ
1482 1564 1627 1638 παρά
1664 1562 1968 1639 Μαίανδρον

311 1654 685 1730 διερχόμενος
714 1651 820 1708 εἶδε
849 1653 938 1706 καὶ
994 1652 1158 1707 πόλιν
1213 1655 1472 1727 μεγίστην
1529 1653 1623 1714 τάς
1675 1652 1967 1724 Τράλλεις,

305 1744 416 1799 καῖ
476 1741 542 1810 δή
602 1742 746 1798 ἑάλω
798 1763 854 1795 τε
883 1747 1004 1802 ταῖς
1034 1745 1131 1794 τοῦ
1160 1741 1332 1794 τόπου
1367 1742 1576 1815 χάρισι,
1609 1740 1697 1794 καὶ
1730 1741 1781 1792 οἱ
1813 1738 1968 1814 λογι-

310 1833 466 1904 σμὸς
499 1830 652 1903 ἐπῄει
687 1830 972 1904 ἀνεγείρειν
1006 1834 1268 1883 πεσοῢσαν
1319 1829 1409 1882 καὶ
1459 1828 1586 1889 τοὺς
1636 1827 1972 1899 έξῳκηκότας

313 1920 529 1983 ἐκεῖθεν
562 1920 652 1972 σὺν
685 1917 876 1979 ἄλλοις
923 1916 1202 1978 πλείστοις
1235 1917 1481 1984 οἰκίζειν,
1531 1917 1620 1969 καὶ
1672 1918 1973 1989 καταστάσῃ

318 2010 588 2082 παρέχειν
642 2007 704 2062 τὸ
753 2006 802 2078 ἐξ
855 2007 1023 2060 αὑτοῦ
1056 2001 1251 2077 ὄνομα,
1284 2006 1358 2068 ὡς
1391 2006 1463 2076 μὴ
1497 2003 1766 2076 Τράλλεις
1799 2005 1976 2058 ἐντεῦ-

317 2109 431 2164 θεν,
468 2094 595 2149 ἀλλ’
655 2094 1135 2167 Ἀνδρονικόπολιν
1170 2091 1265 2147 εἶτ’
1323 2091 1414 2146 οὖν
1460 2090 1973 2165 Παλαιολογόπολιν

315 2181 712 2253 ὀνομάζεσθαι.
755 2177 1010 2246 Σπουδήν
1056 2183 1185 2252 γοῦν
1227 2179 1325 2245 τὴν
1360 2178 1618 2251 μεγίστην
1669 2179 1792 2252 περὶ
1841 2177 1976 2231 ἐκεί-

309 2291 416 2338 νην
486 2269 714 2342 εἷσῆγε,
769 2267 859 2322 καὶ
917 2268 1006 2320 τὸν
1074 2266 1236 2342 μέγαν
1298 2263 1620 2337 δομέστικον
1681 2265 1974 2336 ἐπιστήσας

316 2354 708 2429 ἀνοικοδομεῖν
755 2354 969 2409 ἐκέλευε
1014 2355 1114 2424 τήν
1160 2354 1450 2429 ταχίστην.
1497 2360 1580 2416 Ὡς
1636 2359 1765 2428 γοῦν
1817 2353 1975 2428 ἔργου

327 2573 677 2629 ferebantur
705 2569 879 2626 etiam
910 2575 967 2625 et
996 2572 1319 2642 agebantur
1373 2570 1730 2641 quotidiauis
1786 2569 1980 2625 incur-

333 2661 603 2717 santium
635 2658 845 2730 praedis
869 2659 1133 2714 Milesius
1164 2675 1302 2730 ager
1330 2664 1386 2713 et
1416 2660 1718 2730 Magcdon,
1739 2676 1982 2730 quaeque

336 2750 437 2803 his
470 2747 688 2816 affinis,
722 2747 780 2800 in
812 2763 1047 2801 summa
1074 2747 1450 2802 destitutione
1498 2747 1751 2818 praesidii
1789 2750 1981 2803 omnis

339 2834 583 2904 injuriis
606 2835 864 2889 hostium
891 2836 1320 2904 exposita.Cum
1351 2836 1490 2903 haec,
1547 2837 1812 2906 inquam,
1861 2842 1982 2892 Au-

343 2927 555 2994 gustus
587 2927 900 2994 reputaret,
933 2924 1260 2978 faciendum
1293 2923 1405 2978 sibi
1444 2926 1650 2978 statuit
1679 2930 1744 2979 ut
1795 2925 1980 2978 filium

341 3027 522 3066 suum
555 3015 610 3064 et
640 3011 697 3063 in
721 3011 960 3081 imperio
983 3012 1258 3080 collegam
1283 3013 1678 3067 Andronicum
1699 3029 1764 3066 eo
1790 3013 1982 3067 mitte-

337 3103 430 3153 ret
461 3115 594 3152 eum
637 3099 820 3168 copiis
868 3105 1097 3169 quantae
1149 3116 1250 3171 per
1303 3099 1622 3154 Orientales
1678 3101 1828 3154 469
1863 3116 1985 3169 pro-

335 3187 566 3241 vincies
595 3191 778 3240 erant.
812 3187 864 3241 Is
896 3188 1078 3256 igitur
1107 3204 1173 3242 eo
1206 3204 1338 3241 cum
1371 3189 1634 3257 Augusta
1692 3188 1980 3258 profectus

332 3274 535 3344 lapsas
558 3274 634 3327 ibi
659 3290 751 3328 res
774 3276 1095 3337 constituit,
1121 3275 1342 3329 habens
1365 3276 1516 3330 circa
1539 3291 1600 3330 se
1619 3293 1750 3330 cum
1779 3276 1983 3330 multis

334 3361 474 3417 aliis
512 3377 810 3432 procerem
860 3378 1142 3434 magnum
1201 3363 1582 3418 domesticum
1647 3362 1984 3419 Michaelem

333 3449 816 3519 Tarebaniotam,
851 3468 1020 3520 quem
1052 3452 1113 3505 in
1141 3451 1522 3520 Palaeologam
1566 3453 1984 3522 transcriptum

340 3542 580 3608 gentem
613 3554 646 3591 a
679 3542 862 3592 matre
884 3539 1340 3594 denominabant
1367 3544 1422 3594 et
1455 3541 1512 3594 in
1563 3540 1988 3610 protovestiarii

344 3625 700 3696 dignitatem
735 3632 938 3696 postea
966 3633 1301 3680 evexerant.
1360 3628 1571 3681 Aderat
1604 3633 1870 3698 praeterea
1895 3645 1988 3681 cu-

345 3719 475 3769 stos
509 3714 704 3783 magni
726 3713 900 3782 sigilli
926 3715 1280 3783 Nostongus,
1313 3719 1370 3767 et
1400 3731 1531 3768 cum
1583 3715 1726 3786 ipsis
1782 3732 1990 3785 quam-

340 3801 745 3874 plurimiaulae
770 3801 1113 3855 ministeriis
1133 3801 1456 3871 fungentes.
1484 3803 1655 3857 Porro
1679 3806 1992 3872 imperator

341 3888 720 3944 Andronicus
751 3887 1018 3957 regiones
1051 3889 1121 3942 ad
1156 3889 1507 3942 Maeandrum
1541 3890 1799 3944 lustrans
1850 3892 1992 3946 vidit

347 3978 646 4030 civitatem
680 3974 818 4027 olim
853 3974 1190 4040 maximam,
1222 3980 1362 4028 tunc
1393 3992 1651 4030 eversam
1687 3979 1993 4044 Tralles,et

343 4063 459 4117 loci
485 4063 914 4131 opportunitate
945 4068 1225 4133 grataque
1257 4065 1588 4118 amoenitate
1620 4071 1821 4136 cal)tus
1842 4069 1994 4137 οοὲί·

347 4149 632 4203 tationem
668 4149 923 4220 suscepit
951 4151 1080 4220 ejus
1114 4152 1505 4206 restaurandae
1531 4154 1990 4222 frequentandae-

349 4252 466 4306 que
491 4236 837 4290 reducendis
854 4237 1209 4307 postliminio
1234 4240 1331 4310 qui
1353 4240 1588 4310 reperiri
1607 4240 1832 4311 uspiam
1859 4259 1990 4312 pos-

351 4329 486 4377 sent
507 4323 729 4378 dudum
756 4326 1152 4382 exterminatis
1187 4327 1358 4396 hujus
1377 4328 1619 4394 civibus,
1653 4335 1709 4382 et
1729 4329 1857 4384 aliis
1883 4348 1990 4383 un-

350 4412 658 4482 decunque
689 4414 758 4468 ad
795 4414 1022 4483 justum
1078 4414 1241 4468 urbis
1301 4431 1524 4486 magnae
1584 4418 1992 4488 complendum

353 4515 668 4554 numerum
701 4502 1003 4558 addendis.
1056 4502 1314 4557 Decrevit
1345 4509 1536 4558 autem
1600 4504 1680 4558 sic
1715 4507 1994 4559 restitutae

354 4586 574 4642 civitati
606 4605 814 4644 nomen
844 4607 876 4642 ει
907 4607 968 4645 se
999 4608 1209 4646 novum
1246 4592 1464 4661 indere,
1516 4597 1577 4646 ut
1610 4609 1720 4646 non
1774 4593 1993 4648 Tralles

354 4675 652 4746 dienceps,
684 4677 784 4731 sed
834 4678 1317 4749 Andronicopolis
1367 4684 1468 4733 aut
1523 4680 1993 4750 Palaeologopolis

350 4770 676 4819 vocaretur.
713 4766 917 4819 Studio
949 4767 1127 4836 igitur
1156 4783 1331 4837 quam
1367 4767 1619 4821 maximo
1654 4769 1709 4821 in
1748 4769 1799 4820 id
1836 4769 1994 4823 incu-

351 4851 503 4919 buit,
539 4855 848 4922 praeposito
880 4853 977 4908 isti
1017 4855 1176 4923 operi
1235 4871 1446 4923 magno
1502 4855 1842 4920 domestico,
1894 4857 1992 4925 qui

353 4937 604 5009 impigre
633 4941 909 4995 fabricam
943 4943 1192 4996 adorsus
1223 4942 1412 4996 moliri
1467 4948 1617 4997 tecta
1674 4959 1739 4996 ac
1796 4961 1994 4999 muros

353 5027 550 5097 erepit.
585 5030 962 5082 Commodum
990 5035 1208 5096 autem,
1241 5029 1390 5084 mole
1431 5031 1556 5099 jam
1588 5031 1813 5085 aedificii
1873 5049 1992 5085 cre-

356 5114 941 5180 scente,alacritatem
966 5118 1317 5187 perducendi
1336 5118 1405 5171 ad
1421 5117 1799 5188 eolophonem
1823 5122 1995 5189 empti

355 5201 569 5256 miram
604 5202 804 5272 injecit
837 5205 982 5258 forte
1036 5205 1332 5258 inventum
1375 5205 1524 5259 inter
1554 5208 1762 5260 rudera
1793 5224 1995 5261 oracu-

359 5288 505 5359 lum,
536 5289 895 5361 insculptum
920 5293 1217 5359 marmori,
1243 5292 1447 5348 litteris
1469 5296 1684 5362 quibus
1705 5296 1995 5362 signiﬁca-

361 5377 532 5431 batur
563 5379 907 5433 exsti'turum
942 5381 1248 5449 quemdam
1287 5383 1386 5449 qui
1447 5382 1647 5435 urbem
1707 5398 1832 5436 eam
1867 5400 1995 5453 pro-

357 5469 599 5520 stratam
636 5467 842 5522 iterum
865 5469 1297 5524 attolleretetin
1317 5469 1610 5524 meliorem
1636 5487 1810 5540 quam
1836 5473 1995 5542 prius

359 5552 600 5608 fortuna
633 5571 698 5609 ae
728 5556 1018 5612 felicitatis
1076 5561 1290 5611 statum
1345 5559 1637 5612 excitaret.
1697 5558 1773 5614 lis
1802 5564 1994 5614 autem

360 5641 545 5710 signis
575 5643 1034 5700 adumbrabatur
1063 5645 1176 5701 iste
1206 5661 1389 5702 novus
1420 5646 1780 5702 instaurator
1830 5647 1992 5702 Tral-

2076 600 2257 647 πονεῖν
2292 595 2596 666 προθυμίαν
2646 595 2734 648 καὶ
2766 592 2977 666 μᾶλλον
3019 593 3232 664 ἔπη-ὄξει
3268 593 3522 666 χρησμὸς
3571 591 3714 666 εὐρε-

2077 683 2188 745 θεὶς
2234 681 2399 737 ἐκεῖσε
2443 685 2878 758 ἐγγεγραμμένος
2932 684 3204 756 μαρμάρῳ
3251 683 3324 742 ὡς
3386 678 3544 749 δῆθεν
3593 680 3714 734 ἀνα-

2077 771 2370 839 στήσοντός
2455 792 2601 832 τινος
2685 773 2884 840 ταύτην
2956 775 3218 825 πεσοῦσαν
3291 769 3378 823 καὶ
3452 770 3589 842 πρὸς
3654 771 3714 822 τὸ

2075 864 2318 932 κρεῖττον
2364 859 2397 928 ἢ
2442 860 2702 934 πρότερον
2753 859 3128 928 ἐπανάξοντος.
3177 860 3275 919 "Oc
3327 856 3390 926 δὴ
3443 859 3529 910 καὶ
3577 877 3714 930 παρ-

2077 948 2317 1022 εμφερὴς
2367 947 2520 1018 ἐῴκει
2577 949 2710 1018 πρός
2780 967 2837 1000 τε
2909 948 2975 1000 τὰ
3047 947 3387 1021 πραττόμενα
3461 946 3550 998 καὶ
3623 946 3712 998 τὸν

2075 1033 2443 1103 ἀναστήσοντα
2517 1035 2651 1088 κατὰ
2702 1036 2920 1101 πάντα,
2980 1032 3107 1088 ὥστ’
3177 1034 3334 1087 αὐτὸν
3405 1031 3712 1106 λογίζεσθαι

2080 1121 2303 1196 βασιλέα
2353 1125 2469 1176 καθ’
2515 1124 2572 1176 ’ὀν
2607 1121 2662 1177 εὖ
2695 1125 2910 1197 πράξειν
2963 1120 3442 1196 ἐχοησμολογεῖτο
3482 1123 3579 1188 τήν
3615 1121 3717 1174 πό-

2077 1209 2186 1266 λιν.
2237 1211 2339 1265 Καὶ
2393 1209 2480 1264 διὰ
2524 1217 2689 1265 ταῦτα
2729 1210 2904 1274 πολὺς
2949 1211 3014 1279 ἦν
3068 1209 3411 1282 Ἀνδρόνικος
3463 1209 3714 1283 βασιλεὺς

2077 1297 2412 1353 ἐπισπεύδων
2448 1301 2547 1367 τὴν
2600 1305 2699 1365 τῆς
2757 1300 2973 1360 πόλεως
3033 1297 3392 1370 ἐξανάστασιν’
3455 1298 3718 1370 εἱμαρμέ-

2075 1407 2198 1441 νους
2247 1387 2333 1440 καὶ
2359 1387 2458 1462 γὰρ
2490 1388 2722 1463 χρόνους
2772 1385 2953 1442 ἐδίδου
3006 1392 3084 1457 τῷ
3135 1387 3484 1455 ἀναστήσοντι
3518 1387 3544 1438 ὁ
3573 1405 3719 1460 χρη-

2076 1475 2231 1546 σμός.
2263 1475 2363 1530 Καὶ
2395 1474 2782 1548 ἀνῳκοδόμουν
2846 1473 3013 1547 μηδὲν
3066 1473 3388 1548 μέλλοντες.
3442 1472 3623 1542 Χλεόη
3672 1472 3717 1527 δ’

2076 1563 2156 1634 ἄρ’
2217 1564 2350 1630 ἦσαν
2407 1564 2498 1617 καὶ
2555 1561 2760 1638 ὄνειρος
2809 1566 2878 1618 τὰ
2931 1563 3277 1640 γραφόμενα·
3339 1560 3563 1637 ε’ίμαρτο
3618 1563 3718 1636 γὰρ

2071 1651 2348 1704 κάντεῦθεν
2379 1654 2469 1706 καὶ
2508 1652 2838 1725 μυριοστῦας
2889 1652 3020 1713 ὅλας
3063 1651 3280 1706 ὀλέσθαι
3310 1655 3415 1705 τῶν
3448 1651 3561 1705 ἐκεῖ
3587 1672 3718 1704 κατ-

2077 1740 2433 1809 οικησόντων,
2464 1741 2537 1802 ὡς
2584 1741 2610 1793 ὁ
2661 1740 2827 1813 λόγος
2874 1737 2982 1808 ἤδη
3021 1737 3280 1808 δηλώσει.
3333 1740 3421 1799 Ὠς
3468 1737 3566 1813 γὰρ
3600 1739 3718 1791 ἀνί-

2089 1845 2278 1878 σταντο
2339 1827 2432 1897 μέν
2482 1829 2548 1880 τὰ
2594 1828 2752 1900 τείχη
2803 1829 2892 1880 καὶ
2949 1827 3111 1887 πόλις
3165 1831 3269 1880 τῶν
3335 1828 3602 1900 μεγίστων
3659 1828 3718 1879 τὸ

2089 1912 2320 1985 ἐρείπιον
2350 1915 2414 1981 ἦν
2461 1916 2603 1988 παρὰ
2633 1916 2848 1988 γαληνὰ
2899 1915 3084 1989 ῥέοντα
3135 1912 3469 1986 Μαίανδρον,
3527 1912 3629 1968 ἔδει
3664 1912 3721 1967 δὲ

2084 2001 2173 2054 καὶ
2243 2001 2368 2063 τοὺς
2443 2006 2869 2073 κατοικήσαντας
2947 2005 3288 2076 πανταχόθεν
3347 2001 3718 2075 συλλέγεσθαι,

2085 2090 2158 2149 ὡς
2191 2087 2246 2142 ἂν
2285 2091 2358 2161 μή
2397 2092 2557 2160 μόνον
2584 2091 2841 2164 τείχεσιν,
2874 2089 3019 2144 ἀλλά
3047 2091 3134 2144 καὶ
3166 2089 3417 2163 ἀνδράσιν
3468 2089 3517 2143 ἐν
3568 2111 3722 2162 περι-

2085 2177 2270 2253 φανέσι
2315 2182 2422 2231 τῶν
2471 2177 2685 2232 πόλεων
2754 2180 3057 2254 ἀριθμῷτο,
3116 2178 3191 2238 ὡς
3253 2179 3384 2252 ὑπὲρ
3440 2178 3727 2253 τριάκοντα

2088 2265 2180 2337 μὲν
2237 2265 2324 2318 καὶ
2380 2263 2432 2336 ἓξ
2490 2265 2746 2340 χιλιάδας
2797 2267 2887 2320 τὸν
2937 2271 3042 2320 τῶν
3097 2265 3329 2320 ἐποίκων
3385 2268 3727 2341 ἀριθμεῖσθαι

2084 2354 2237 2419 Λαὸν,
2294 2353 2502 2428 μεγάλα
2534 2353 2578 2409 δ’
2610 2354 2851 2424 ἐλπίζειν
2885 2361 3016 2432 σςρᾶς
3066 2357 3290 2429 σχήσειν
3335 2360 3413 2426 τῷ
3463 2355 3702 2428 οἷ’κισμῷ

2090 2570 2233 2626 lium
2265 2586 2616 2638 eversarum,
2677 2588 2801 2641 quae
2861 2572 3164 2626 commode
3225 2572 3281 2625 in
3339 2571 3729 2626 Andronicum

2091 2660 2293 2714 cadere
2323 2660 2683 2721 viderentur,
2719 2666 2779 2712 ut
2807 2677 2916 2713 non
2955 2664 3258 2730 putaretur
3289 2659 3532 2713 dubium
3589 2662 3728 2730 quin

2090 2747 2212 2801 haec
2236 2746 2361 2817 ipsa
2393 2763 2518 2816 quae
2542 2753 2674 2800 tunc
2700 2747 3235 2815 gmebanturverus
3265 2752 3511 2801 eventus
3559 2747 3729 2802 istius

2092 2840 2286 2889 essent
2315 2835 2596 2903 vaticinii,
2625 2836 2884 2904 adeoque
2916 2836 3014 2903 qui
3065 2836 3261 2889 aderat
3317 2835 3604 2905 princeps,
3634 2834 3731 2889 ille

2092 2922 2262 2994 plane
2292 2922 2415 2992 ipse
2461 2923 2606 2976 foret
2662 2924 2828 2990 cujus
2858 2924 3011 2976 470
3062 2923 3399 2976 melioribus
3453 2923 3730 2994 auspiciis

2094 3011 2485 3080 reponendam
2521 3011 2580 3064 in
2613 3011 3006 3066 ﬂorentiorem
3043 3028 3220 3080 quam
3255 3027 3514 3081 unquam
3563 3016 3733 3064 antea

2095 3100 2388 3152 fortunam
2423 3098 2772 3169 prophetiee
2801 3099 2927 3153 istas
2948 3099 3150 3153 litterae
3183 3099 3569 3169 spondebant.
3594 3099 3735 3153 Hinc

2096 3187 2320 3241 scilicet
2349 3187 2644 3241 animatus
2668 3187 3036 3241 Andronicus
3068 3190 3289 3241 multus
3319 3194 3444 3241 erat
3476 3187 3530 3240 in
3567 3204 3736 3256 opere

2095 3275 2376 3343 urgendo,
2410 3274 2637 3328 illectus
2670 3290 2718 3328 m
2745 3276 2916 3329 ixime
2962 3291 3063 3346 spe
3125 3274 3454 3345 longissimi
3511 3275 3641 3329 vitae
3672 3291 3736 3328 ac

2095 3363 2257 3430 regni
2286 3362 2486 3432 spatii,
2521 3363 2673 3432 quod
2705 3362 2987 3418 ’l‘rallium
3021 3363 3392 3418 instauratori
3453 3367 3585 3433 post
3643 3379 3736 3417 cas

2095 3450 2394 3504 restitutas
2417 3450 2696 3504 divinitus
2731 3451 2806 3504 ibi
2840 3451 3099 3520 promitti
3131 3451 3451 3505 videbatur.
3497 3452 3735 3504 Summa

2095 3554 2230 3606 ergo
2254 3537 2622 3592 festinatione
2655 3545 2990 3592 accuratum
3017 3555 3162 3610 opus
3179 3544 3287 3608 est,
3306 3545 3362 3593 et
3381 3544 3552 3593 tanta:
3577 3539 3736 3593 urbis

2096 3625 2398 3679 aediﬁcatio
2424 3626 2576 3679 brevi
2613 3630 2888 3696 perfecta.
2922 3633 2996 3681 At
3024 3627 3345 3680 ludibrium
3366 3634 3421 3680 et
3440 3627 3733 3681 somnium

2096 3730 2162 3767 ea
2182 3713 2287 3766 fuit
2310 3712 2632 3782 inscriptio:
2663 3713 2715 3766 id
2752 3714 2907 3768 enim
2933 3730 3064 3768 vere
3091 3715 3325 3768 demum
3356 3717 3409 3768 in
3437 3715 3569 3768 fatis
3593 3720 3734 3783 erat,

2098 3806 2270 3870 prout
2323 3806 2529 3855 eventa
2583 3805 3098 3867 demonstrarunt,
3163 3803 3342 3855 multa
3403 3803 3734 3856 mortalium

2099 3889 2304 3952 millia,
2339 3889 2436 3959 qui
2470 3905 2669 3943 recens
2704 3889 2876 3942 isthic
2907 3889 3203 3942 domicilia
3245 3890 3528 3956 ﬁxissent,
3590 3890 3739 3944 male

2100 3976 2376 4046 peritura,
2412 3983 2583 4045 prout
2607 3976 2922 4046 contigisse
2943 3994 3073 4030 mox
3097 3978 3454 4030 docebimus.
3482 3977 3552 4031 Ut
3583 3980 3735 4031 enim

2099 4069 2289 4118 erecta
2313 4081 2412 4134 per
2446 4063 2754 4118 circuitum
2787 4065 3003 4118 mmnia
3062 4067 3320 4131 fuerunt,
3354 4082 3383 4119 e
3442 4065 3739 4135 parietinis

2101 4152 2352 4205 rediviva
2383 4152 2522 4205 urbs
2554 4152 2776 4205 exstitit
2808 4153 3081 4218 maxima,
3117 4153 3255 4223 risz
3287 4153 3565 4207 insistens
3597 4171 3738 4224 pra}-

2099 4240 2424 4293 terﬂueutis
2450 4239 3122 4307 placidetiazandrmiam
3141 4258 3307 4304 porro
3333 4257 3402 4295 ne
3425 4241 3739 4296 structuris

2101 4328 2416 4397 conspicua
2456 4327 2595 4381 solis
2637 4328 2694 4382 in
2723 4329 3045 4382 claritatem
3074 4346 3219 4383 novo
3244 4330 3530 4382 conditori
3562 4329 3738 4383 desti-

2102 4420 2296 4468 natam
2324 4431 2437 4467 non
2462 4414 3231 4486 ellioreseeret,frequentari
3266 4416 3543 4471 nimirum
3567 4435 3734 4486 opor-

2102 4503 2214 4555 tuit
2237 4503 2562 4556 convocatis
2585 4519 2795 4573 magno
2828 4521 3069 4558 numero
3115 4506 3354 4558 colonis.
3407 4509 3647 4558 Summo
3678 4505 3733 4559 id

2104 4591 2298 4644 studio
2329 4595 2619 4657 curatum,
2652 4608 2716 4645 eo
2749 4607 3023 4646 successu
3059 4598 3120 4646 ut
3148 4593 3309 4646 brevi
3341 4609 3544 4647 recens
3566 4595 3733 4646 indu-

2101 4682 2325 4731 etorum
2353 4678 2488 4732 illuc
2509 4678 2722 4732 civium
2743 4696 2843 4733 sex
2863 4685 2918 4733 et
2940 4680 3180 4750 triginta
3200 4680 3463 4735 millibus
3478 4682 3730 4751 capitum

2100 4768 2423 4821 multitudo
2455 4774 2810 4822 censeretur.
2881 4769 2944 4822 Hi
2986 4786 3188 4823 omnes
3221 4771 3461 4840 optimis
3508 4770 3731 4824 alacres

2104 4855 2340 4924 spebus,
2366 4854 2580 4924 quippe
2603 4856 2880 4926 auspiciis
2905 4857 3266 4912 faustissima
3288 4859 3734 4930 Spondentibus,

2104 4959 2261 4996 novae
2277 4942 2652 4998 habitationis
2683 4945 2938 4999 encrenia
2967 4944 3552 5018 celebrabanl,ignari
3585 4964 3646 5000 se
3677 4965 3736 5002 re

2105 5031 2353 5084 maxime
2375 5032 2702 5085 necessaria
2733 5049 2944 5087 carere.
2976 5034 3099 5088 Non
3132 5034 3288 5088 enim
3321 5035 3600 5089 cisternas
3638 5053 3734 5106 pa-

2105 5124 2388 5185 raverant,
2420 5125 2518 5172 aut
2551 5137 2724 5173 manu
2777 5122 2984 5176 effossa
3035 5123 3373 5192 circumque
3430 5127 3649 5178 structo
3681 5129 3738 5177 et

2105 5207 2287 5262 solide
2316 5206 2555 5261 inductu
2588 5208 2825 5262 tectorio
2858 5211 3083 5263 munita
3112 5212 3523 5280 conceptacula
3555 5228 3734 5280 aqua-

2105 5312 2234 5348 rum
2266 5296 2350 5349 vel
2382 5295 2856 5366 excipiendarum
2889 5315 2918 5350 e
2949 5300 3112 5364 cmlo,
3144 5315 3273 5353 cum
3307 5297 3552 5368 plueret,
3586 5299 3672 5352 vel
3707 5316 3736 5353 e

2105 5383 2279 5436 ﬂuvio
2307 5386 2856 5452 comportandarum
2881 5387 2938 5439 in
2961 5404 3101 5440 usus
3131 5386 3480 5439 domesticos
3504 5391 3559 5438 et
3586 5391 3736 5440 tem-

2106 5487 2312 5541 porum
2345 5487 2632 5526 annonam
2659 5474 2994 5529 dubiorum.
3015 5475 3198 5542 Hujus
3227 5474 3306 5526 rei
3333 5475 3734 5541 praevertendae

2107 5573 2280 5614 causa
2308 5563 2452 5626 erat,
2483 5560 2529 5612 si
2556 5562 2961 5626 advertissent,
2999 5560 3344 5625 necessaria,
3388 5562 3595 5610 natura
3628 5560 3736 5612 soli

2106 5645 2262 5701 illius
2293 5661 2569 5702 venarum
2591 5663 2795 5722 expers
2815 5649 3024 5704 subtus
3056 5647 3346 5702 manantis
3377 5645 3650 5714 aqua,ita
3672 5651 3737 5699 ut
