4130 6270
485 365 586 421 931

1787 343 2086 398 GEORGII
2121 343 2580 399 PACHYMERE

3719 349 3808 405 932

488 484 741 561 Ἥγνόουν
777 483 857 555 [Ρ,
891 479 1016 550 322]
1060 473 1118 529 δὲ
1166 471 1268 546 ἄρα
1319 471 1394 543 μὴ
1441 467 1662 561 ἔχοντες
1714 466 1776 520 τὸ
1826 463 2117 561 ἀναγκαιὸῖ
2151 467 2204 532 Α
2234 462 2556 561 λειπούσης,
2612 463 2740 526 τοὺς
2803 465 2896 561 μὲν
2948 465 3521 561 καρποὺςῃτρὲφεσθαι.
3565 464 3806 539 ξυμϐαίνοι

486 553 665 631 τατον.
700 553 836 629 Οὔτε
879 567 980 642 γάρ
1034 562 1236 619 ὑδάτων
1285 561 1436 633 εἶχον
1499 554 1800 629 ὑποδοχὰς.
1861 555 1934 613 ὡς
1992 553 2128 607 κατὰ

487 664 672 738 καιρὸν
748 651 1131 734 ὑδρευσόμενοι
1189 641 1642 721 καταφερομένων
1712 637 1959 716 ὄμϐρων,
2021 639 2127 695 εἶ’τε

489 731 591 808 καὶ·
632 755 728 806 τοῦ
781 731 1034 816 ποταμοῦ
1093 736 1455 811 ἀνιμωμὲνουο
1505 734 1566 788 τό
1621 753 1679 786 τε
1733 731 2125 803 κατορύξαντας

489 842 660 912 εὑρεῖν
712 835 858 911 ὕδωρ
901 831 1152 906 ὑπόγαιον
1210 831 1316 880 τῶν
1376 821 1645 877 ἀδυνάτων
1705 819 1970 896 ἐφαίνετο,
2024 816 2126 872 Αἵ-

482 906 596 985 τιον
632 926 676 981 δ’
709 906 860 996 οἶμαι
889 923 951 976 τὸ
987 920 1060 992 μὴ
1113 914 1364 989 στεγανὸν
1395 915 1490 965 τοῦ
1542 907 1734 963 πεδίου
1768 906 1855 960 διὰ
1883 908 1980 973 τὴν
2013 926 2127 980 γει-

480 1021 737 1074 τονοῦσαν
773 1008 973 1084 ἰκμάδα
1001 1011 1096 1061 τοῦ
1154 1005 1427 1073 ποταμοῦ,
1453 1000 1512 1067 ἣν
1548 995 1660 1050 ο⁹ίαν
1720 1017 1776 1049 τε
1838 997 1910 1066 μή
1963 994 2121 1047 οὖσαν

483 1107 732 1180 ἐμμένειν
785 1103 811 1155 ὁ
869 1091 1231 1180 προσϐάλλων
1279 1088 1440 1180 ἥλιος
1493 1086 1690 1180 θερμὸς
1731 1082 2121 1180 ἰὺνάνᾲιμᾶσεῖαι

481 1174 710 1270 πεᾲυόκοι
741 1189 875 1264 πρὸς
922 1186 983 1239 τὸ
1024 1179 1357 1246 ἐπιπολάζον
1394 1174 1799 1247 ἀνασυρομένην
1846 1178 1943 1238 τῆς
1993 1177 2121 1243 γῆς,

481 1259 575 1338 καί
599 1284 660 1336 τὸ
694 1259 855 1351 ξηράν
887 1273 994 1344 ἤδη
1043 1270 1282 1339 καθάπαξ
1334 1264 1573 1340 γίνεσθαι
1617 1267 1695 1332 τῷ
1745 1264 1958 1335 συχνῶς
2007 1259 2124 1312 ἀνι-

486 1348 788 1444 μᾶσθαιτῷ
835 1363 982 1434 ἡλίῳ
1009 1361 1106 1427 τὴν
1142 1353 1344 1428 ἰκμάδα
1403 1351 1490 1406 διὰ
1543 1352 1604 1405 τὸ
1664 1357 1763 1416 τῆς
1821 1348 2122 1421 ὑγρότητος

486 1436 786 1532 ἑλᾶσθαιτῷ
835 1451 984 1522 ἡλίῳ
1012 1449 1110 1516 τὴν
1163 1441 1367 1516 ἰκμάδα
1425 1439 1513 1495 διὰ
1568 1441 1629 1492 τὸ
1687 1445 1783 1505 τῆς
1816 1436 2121 1509 ὑγρότητος

478 1523 706 1602 ἔκλυτον
738 1549 836 1611 τῆς
864 1544 1070 1613 συγνῆς
1100 1535 1158 1588 ἐκ
1185 1537 1282 1586 τοῦ
1315 1531 1564 1599 ποταμοῦ
1595 1526 1682 1580 καὶ
1741 1525 1891 1584 αὖθις
1923 1523 1999 1583 εἷς
2055 1523 2121 1576 τὰ

478 1635 606 1692 κενᾶ
633 1629 982 1707 προσρ·5σειυς
1018 1625 1092 1697 μὴ
1126 1622 1327 1688 ἐώσης,
1359 1618 1421 1670 τὸ
1453 1614 1498 1670 δ’
1530 1615 1603 1676 εἰς
1638 1611 1801 1687 βάοος
1852 1606 2118 1684 προσϐαί-

477 1747 581 1779 νειν
611 1699 704 1782 τάξ
734 1699 984 1784 λιϐάδας,
1035 1713 1107 1772 ὡς
1153 1709 1242 1764 καὶ
1295 1706 1368 1766 εἰς
1421 1702 1696 1775 διώρυχας
1749 1699 1986 1760 εὐπετεῖς
2046 1699 2116 1752 εἶ-

2235 553 2287 613 ἐς
2345 552 2425 607 ὅτι
2463 552 2717 625 μάλιστα,
2752 552 3068 629 ὑφίστασθαι
3107 550 3152 606 δ’
3186 549 3328 626 ὕδωρ
3359 553 3431 616 εἷς
3462 553 3610 626 βάθος
3641 557 3706 627 μὴ
3731 579 3809 612 πε-

2234 640 2474 716 φυκὲναι.
2557 645 2723 695 Τοῦτο
2785 643 2850 696 τὰ
2935 640 3163 696 πλεῖστα
3248 639 3372 702 τοὺς
3435 645 3806 712 κατοικήσαντας

2234 727 2453 805 ἔσφηλε.
2483 728 2624 790 Ἰπὲως
2653 729 2756 803 γάρ
2786 733 2881 782 τοῦ
2911 726 3160 801 ποταμοῦ
3193 727 3431 790 πίνοντες
3477 730 3560 783 καὶ
3603 732 3658 784 τὸ
3699 731 3806 803 μέλ.

2233 815 2327 870 λον
2391 819 2465 888 μὴ
2497 818 2879 892 προορώμενοι
2916 815 3279 893 ἀφροντίστως
3312 817 3475 890 εἶχον.
3508 819 3738 891 Ἡγθόουν
3766 817 3808 874 δὲ

2231 902 2331 979 ἄρα
2362 904 2443 958 ὅτι
2475 906 2800 979 Προμηθεὺς
2846 905 3042 977 πολλῷ
3078 911 3319 980 κρεῖττον
3352 905 3690 977 Ἐπιμηθέως,
3737 909 3808 961 καὶ

2229 993 2288 1046 τὸ
2345 994 2461 1046 κατ’
2519 995 2751 1069 ἀνάγκην
2812 989 3099 1066 ξυμϐαῖνον
3162 991 3378 1067 διωρίαν
3425 993 3519 1048 οὐκ
3560 992 3664 1068 ἔχει
3711 996 3809 1069 βου-

2230 1079 2354 1150 λῆς.

2383 1287 2571 1348 ’Ὸπως
2641 1287 2693 1339 αἱ
2769 1284 3036 1355 Τράλλεις
3115 1285 3502 1349 ἀνακτισθεῖσαι
3574 1285 3668 1339 ὑπὸ
3724 1291 3809 1340 τῶν

2792 1361 3006 1430 Περσῶν
3034 1355 3297 1412 ἑάλωσαν.

2225 1287 2326 1342 κα’.

2299 1526 2377 1595 [Ρ.
2412 1525 2535 1594 323]
2566 1523 2722 1580 Οὕτω
2779 1524 2958 1578 τοίνυν
3016 1522 3227 1598 ἔχουσι,
3282 1525 3373 1578 καὶ
3425 1522 3561 1578 οὕτω
3589 1528 3816 1598 χρησταῖς

2225 1610 2621 1684 ἀπῃωρημὲνος
2677 1617 2796 1672 ταῖς
2855 1611 3066 1666 ἐλπίσιν
3126 1613 3198 1673 ὡς
3266 1609 3517 1672 πολίταις
3573 1609 3817 1688 διαφερόν-

2223 1721 2330 1760 τως
2360 1704 2455 1753 τοῦ
2492 1698 2757 1774 βασιλέως
2807 1698 3098 1772 διάξουσιν,
3133 1699 3408 1776 ἐφίσταταί
3451 1721 3590 1777 σφισι
3634 1699 3816 1767 πλῆθος

477 1836 563 1869 ναι
621 1811 709 1865 καὶ
744 1805 968 1878 ἀνοίξεις
1001 1800 1267 1878 φρεάτων,
1326 1798 1421 1847 τοῦ
1479 1789 1802 1846 ἐπιπολαίου
1859 1795 1958 1856 τῆς
2011 1795 2116 1861 γῆς
2150 1811 2195 1875 Β
2229 1789 2465 1856 Περσῶν·
2499 1788 2634 1862 πρὸς
2680 1790 2776 1861 γὰρ
2825 1791 2886 1841 τὸ
2938 1786 3296 1859 ἐλπιζόμενον
3350 1789 3700 1862 ἀντιπράττειν
3747 1786 3818 1841 καὶ

478 1899 810 1966 κωλύοντος,
866 1875 1040 1964 οἶμαι,
1101 1887 1212 1958 ἅμα
1243 1881 1544 1958 δεχομένου
1589 1881 1687 1948 τὴν
1741 1875 2112 1950 ἐπεισρέουσαν

474 1987 663 2044 νοτίδα
709 1963 806 2039 καὶ.
860 1963 949 2053 ἅμ’
1004 1977 1341 2048 ἒξεμοῦντος.
1403 1970 1610 2045 Πὲφυκε
1667 1967 1769 2042 γάρ
1821 1965 1910 2020 καὶ
1969 1963 2114 2036 ὕδωρ

473 2079 563 2133 καὶ
620 2078 831 2144 πνεῦμα
876 2073 944 2142 τῇ
997 2067 1143 2140 ἀρχῇ
1205 2064 1568 2135 συγκινεῖσθαι
1629 2057 1690 2109 τὸ
1747 2060 1849 2108 πᾶν
1907 2054 2114 2130 ἐφεξῆς,

475 2168 551 2229 ὡς
583 2164 688 2233 ὅπη
721 2142 854 2216 ποτε
1015 2175 1066 2208 τι
1096 2152 1302 2206 τούτων
1353 2142 1520 2202 λαϐὸν
1571 2143 1773 2218 ἀρχὴν,
1833 2142 2002 2196 ἐκεῖσε
2026 2142 2114 2196 καὶ

474 2256 535 2310 τὸ
565 2230 760 2308 λοιπὸν
790 2249 841 2318 ἐξ
878 2230 1116 2319 ἆνάγκης
1147 2241 1386 2312 συνεχῶς
1436 2235 1706 2312 φέρεσθαι.
1759 2232 1890 2305 11αρ’
1934 2232 1993 2298 ἣν
2028 2230 2116 2284 αἷ-

472 2341 590 2396 τίαν
621 2338 711 2395 καὶ
740 2341 817 2408 τῷ
848 2335 1086 2407 συνεχῶς
1123 2329 1218 2401 μὲν
1247 2327 1309 2381 τὸ
1341 2325 1400 2378 δν
1431 2321 1840 2408 ἀπογίγνεσβαι,
1874 2323 2114 2408 συνεχῶς

478 2427 535 2484 δὲ
563 2430 648 2484 καὶ
681 2427 743 2480 τὸ
779 2405 852 2497 μὴ
887 2421 942 2476 ὅν
975 2405 1396 2495 ήπροσγίνεσοαι,
1438 2417 1535 2480 τῆς
1593 2405 1826 2480 ἰκμάδος
1870 2410 1944 2479 μή
1999 2405 2114 2460 ἐπι-

477 2559 689 2628 puteus
717 2549 1012 2606 Trallibus
1042 2544 1170 2599 viva
1200 2537 1557 2608 scaturigine
1598 2532 1867 2606 perennis
1925 2547 1993 2586 ex
2042 2531 2115 2587 iis

473 2621 629 2698 esset
660 2641 832 2696 rebus
865 2651 990 2706 quae
1021 2629 1244 2703 sperari
1276 2644 1390 2683 non
1417 2626 1674 2696 possent,
1709 2637 1972 2693 quasque
2013 2621 2113 2690 qui

472 2733 782 2787 conaretur
796 2739 1030 2796 operam
1050 2719 1332 2791 perderet.
1350 2715 1559 2779 Causa,
1585 2712 1808 2782 opinor,
1829 2713 1917 2764 est
1938 2707 2112 2780 paulo

471 2815 822 2893 profundius
853 2807 1215 2867 subsidentia
1247 2802 1354 2859 soli
1389 2802 1628 2856 ariditas
1678 2815 1942 2863 exsucca,
2007 2813 2138 2850 nec

470 2885 575 2981 par
606 2905 868 2962 soliditas
913 2897 1126 2970 liquori
1184 2891 1533 2950 continendo
1571 2905 1700 2981 prae
1759 2885 2114 2981 solubilitate

471 2973 711 3054 cinerem
741 2990 940 3057 simili,
969 3003 1102 3042 cum
1134 2989 1330 3039 tamen
1381 2979 1746 3049 superficiem
1805 2990 2009 3028 versus
2042 2973 2111 3027 ad

470 3086 729 3156 aliquam
758 3077 1128 3134 altitudinem
1161 3073 1368 3127 exudet
1392 3064 1858 3156 passimhumus
1880 3063 2112 3156 madpre

466 3150 682 3230 lutoso.
717 3170 776 3224 Id
811 3166 993 3222 oritur
1022 3180 1089 3216 ex
1121 3175 1297 3230 prope
1339 3152 1670 3224 stagnantis
1702 3151 1944 3205 humore
2001 3150 2110 3202 ﬂu-

469 3264 669 3326 minis,
702 3271 871 3328 quem
913 3253 999 3306 vis
1032 3251 1177 3304 471
1217 3244 1356 3299 solis
1387 3243 1466 3297 ibi
1514 3239 1802 3328 potentior
1859 3237 2110 3292 sustinet

460 3350 589 3422 jugi
617 3327 888 3407 attractu,
914 3356 1018 3394 nec
1037 3334 1268 3393 sublabi
1285 3327 1842 3422 einit,extenuansin
1866 3341 2108 3422 vapores

465 3415 660 3494 tenrrze
694 3447 946 3504 superne
967 3445 1106 3482 rarm
1133 3422 1437 3478 meabilem
1461 3417 1755 3472 levitatem
1781 3415 2109 3469 imbuentes

471 3528 723 3596 indeque
750 3534 985 3576 sursum
1017 3514 1378 3574 exhalantes,
1417 3508 1502 3561 sic
1531 3506 1588 3559 in
1647 3505 1740 3558 his
1797 3504 2110 3572 absumpta

473 3591 818 3669 humiditate
848 3612 968 3662 tota
999 3601 1208 3659 suffusi
1239 3596 1450 3661 laticis,
1487 3598 1551 3648 ut
1581 3609 1651 3647 ne
1683 3593 1838 3647 stilla
1871 3591 2106 3661 quidem

467 3699 883 3758 reconditiores
899 3694 1107 3748 influat
1127 3687 1353 3744 telluris
1368 3683 1571 3738 intime
1586 3679 2108 3752 equallentissinus

468 3785 982 3857 naturasiquidem
1007 3781 1127 3834 haec
1151 3777 1413 3847 quasdam
1429 3777 1484 3827 et
1504 3769 1757 3825 conditio
1780 3768 2109 3822 communis

471 3897 630 3952 aquae
662 3882 719 3932 et
750 3891 906 3930 aurae
936 3878 1043 3935 est,
1078 3873 1142 3922 ut
1170 3867 1225 3920 in
1253 3861 1542 3934 principia
1574 3858 1958 3913 refundantur
1979 3873 2106 3919 sua,

469 3947 791 4036 eodemque
822 3959 1188 4016 resolvantur
1218 3952 1547 4007 desinentes
1606 3947 1756 4000 unde
1805 3949 2109 3999 nascentes

469 4035 752 4130 prodiere,
782 4052 1031 4105 decursu
1066 4043 1274 4099 nativis
1307 4055 1493 4110 usque
1524 4035 1833 4090 effluxibus
1865 4049 2108 4088 consen-

469 4122 661 4208 taneo,
695 4157 797 4194 nec
829 4136 1187 4192 exorbitante
1245 4130 1361 4184 fere
1391 4145 1424 4181 a
1446 4126 1631 4179 limite
1665 4140 1836 4194 quem
1869 4122 2109 4192 originis

470 4236 729 4304 impetus
752 4224 1020 4298 signavit.
1050 4221 1164 4274 Nec
1197 4217 1432 4271 aliunde
1465 4214 1837 4284 repetendam
1870 4226 2107 4265 causam

468 4299 733 4377 dunerim
765 4315 1063 4371 celebratae
1116 4304 1408 4363 felicitatis
1441 4302 1547 4356 soli
1593 4300 1988 4354 Trallensisin
2022 4299 2106 4369 gi-

465 4409 716 4484 gnendis
774 4398 1254 4468 maturandisque
1324 4406 1495 4448 omne
1569 4406 1753 4459 genus
1804 4389 2104 4442 fructibus.

468 4477 683 4555 Praesto
712 4493 990 4548 nimirum
1049 4491 1138 4542 est
1194 4483 1504 4538 abundans
1561 4479 1632 4532 iis
1692 4477 1918 4531 alendis
1970 4477 2110 4530 uber

470 4586 766 4659 quoddam
800 4579 907 4636 soli
941 4570 1523 4645 contiguistirpibus,
1550 4565 1944 4635 superficiario
1977 4582 2113 4620 exu-
2146 4557 2190 4621 D

470 4654 666 4731 dantis
697 4686 892 4733 succo,
917 4682 1022 4720 nec
1053 4661 1377 4733 quidquam
1411 4655 1724 4710 derivantis
1783 4671 1900 4708 suae
1935 4654 2110 4723 copiae

470 4766 529 4818 in
561 4759 934 4817 demissiores
967 4757 1158 4824 partes
1191 4747 1464 4803 ariditate
1507 4749 1827 4800 maceratae
1884 4744 2111 4810 intima,

473 4853 571 4909 sed
596 4848 826 4904 vitalem
855 4845 1021 4898 illum
1055 4845 1241 4894 totum
1303 4835 1658 4890 effundentis
1719 4833 2019 4888 humorem
2054 4833 2111 4886 in

473 4937 887 5015 pinguedinem
949 4943 1255 5002 pomorum
1305 4929 1362 4978 et
1431 4925 1740 4977 baccarum
1801 4921 2115 4976 mitissima

472 5011 654 5085 saliva
685 5022 1024 5080 celebrium.
1051 5017 1190 5071 Inde
1216 5018 1298 5080 (ut
1329 5014 1400 5067 ad
1433 5028 1554 5066 rem
1585 5027 1674 5064 me
1718 5011 1986 5077 referam)
2017 5011 2111 5063 ir:—

466 5119 696 5188 telliges
728 5107 1088 5168 excavaturis
1121 5103 1292 5158 isthic
1322 5105 1526 5173 puteos
1559 5101 1672 5153 duo
1703 5099 1948 5152 invicem
1977 5115 2110 5152 con-

470 5186 649 5263 traria
678 5201 992 5260 obstitisse.
1029 5194 1194 5249 Prius
1226 5196 1351 5247 erat
1383 5189 1667 5260 paludosa
1724 5186 2000 5241 mollities
2030 5188 2110 5240 vi-

473 5298 614 5351 cinae
647 5288 972 5364 superficiei
1006 5291 1192 5350 terrae,
1218 5280 1277 5333 in
1301 5294 1473 5349 grave
1497 5275 1842 5331 fodientium
1868 5276 2112 5346 impedi-

478 5389 737 5441 mentum
775 5377 1134 5439 redundans;
1189 5383 1367 5440 quam
1421 5365 1469 5419 si
1518 5365 1651 5434 quis
1712 5364 2110 5419 difficultatem

473 5475 758 5546 patienter
789 5453 2112 5546 egerendovinceretlutojoccurrebatalterum

473 5542 984 5632 impedimentum,
1011 5548 1116 5604 soli
1147 5542 1530 5616 depressioris
1564 5543 1802 5614 strigosa
1858 5542 2111 5613 siccitas,

475 5631 681 5724 praeter
709 5644 867 5701 sitim
899 5637 1116 5696 arentis
1142 5634 1322 5707 glebae
1351 5631 1525 5688 etiam
1583 5632 1654 5688 ob
1714 5631 2110 5688 friabilitatem

2143 3201 2184 3267 C

2225 1876 2355 1949 ὑπὲρ
2386 1880 2491 1929 τῶν
2521 1875 2728 1930 λοιπῶν
2775 1875 3016 1930 ἵστασθαι
3047 1879 3080 1945 ἡ
3133 1875 3342 1945 σπουδή
3374 1881 3480 1930 τῶν
3537 1875 3815 1947 ἀνθισταμέ-

2224 1987 2330 2018 νων
2383 1963 2552 2035 ἕρπει.
2623 1966 2717 2018 Καὶ
2775 1964 3054 2026 Σάλπακις
3107 1966 3224 2037 μὲν,
3292 1967 3351 2020 ὃν
3432 1964 3491 2019 ἂν
3549 1969 3582 2034 ἡ
3636 1964 3820 2019 ἐκείνων

2222 2053 2440 2126 γλῶσσα
2470 2051 2710 2128 ἀνδρεῖον
2758 2053 2926 2120 εἴποι,
2982 2055 3298 2127 Μανταχίας
3347 2053 3608 2126 τοῦνομα,
3660 2053 3826 2125 πολλῷ

2221 2163 2326 2196 τινι
2379 2147 2612 2217 γαυριῶν
2659 2146 2738 2212 τῷ
2790 2141 2990 2211 πλήθει
3046 2147 3113 2215 τῇ
3167 2142 3325 2198 πόλει
3388 2139 3706 2218 προσϐάλλει
3755 2144 3826 2197 καὶ

2222 2231 2597 2306 περικάθηται,
2649 2232 2676 2284 ὁ
2732 2228 2789 2284 δὲ
2819 2231 3122 2306 στρατηγὸς
3169 2232 3196 2284 ὁ
3253 2231 3425 2305 μέγας
3474 2229 3828 2307 χαρτουλὰριος

2226 2315 2552 2393 Λιϐαδάριος
2584 2318 2634 2372 ἐν
2669 2319 3002 2393 ἀμηχανίαις
3062 2319 3344 2381 παντοίαις
3401 2321 3491 2391 ἧν,
3534 2322 3584 2375 οἱ
3629 2317 3672 2374 δ’
3713 2320 3829 2380 ἐντὸς

2225 2407 2524 2480 ἐλίμωττον
2585 2407 2673 2461 καὶ
2723 2405 2888 2460 πλέον
2947 2405 3515 2482 προσεταλαιπώρουν
3563 2412 3626 2480 τῇ
3680 2406 3825 2480 λειψυ-

2223 2533 2359 2587 fluxi
2391 2532 2644 2604 pulveris
2675 2533 2922 2587 fundum
2979 2549 3200 2604 negans
3257 2549 3539 2604 capacem
3595 2535 3824 2590 faticite-

2224 2622 2438 2687 nendo,
2471 2621 2584 2676 nisi
2618 2627 2673 2675 et
2704 2621 3101 2692 pavimentum
3134 2621 3547 2678 substerneres
3601 2630 3654 2678 et
3681 2622 3817 2678 latera

2223 2711 2759 2765 circumsedificares
2817 2726 2986 2779 opere
3042 2709 3226 2764 solido
3282 2711 3809 2783 perduceresquead

2223 2816 2548 2867 summum,
2583 2801 2736 2853 unde
2759 2815 2932 2853 manu
2959 2799 3274 2869 repositam
3298 2802 3394 2855 vel
3426 2799 3568 2855 ccelo
3598 2800 3812 2870 illapsam

2223 2887 2432 2941 deinde
2461 2903 2673 2957 aquam
2706 2887 2776 2941 ad
2812 2901 2982 2940 usum
3025 2902 3342 2955 promeres.
3412 2888 3473 2942 Id
3508 2891 3629 2942 tum
3675 2889 3824 2942 facere

2223 2975 2353 3030 novi
2385 2974 2715 3029 Trallenses
2743 2973 3145 3044 neglexerunt,
3170 2974 3330 3043 gravi
3361 2980 3419 3030 et
3447 2977 3686 3046 graviter
3709 2973 3825 3044 ipsis

2224 3065 2434 3119 luendo
2493 3064 2862 3135 postmodum
2921 3079 3134 3117 errore.
3172 3065 3234 3117 In
3292 3080 3558 3134 presens
3605 3062 3830 3119 videlicet

2225 3153 2452 3207 abunda
2484 3153 2629 3222 ipsis
2659 3153 2728 3206 ad
2763 3157 2965 3222 potum
2999 3153 3352 3222 suppetebat
3383 3152 3538 3208 latex
3581 3151 3828 3222 limpidus

2223 3259 2287 3295 ex
2301 3258 2472 3296 amne
2492 3241 2836 3310 profluente,
2861 3257 2974 3310 quo
2997 3256 3059 3295 se
3083 3241 3476 3296 interclusum
3501 3241 3566 3296 iri
3591 3241 3642 3295 vi
3662 3237 3829 3295 hostili

2219 3331 2372 3384 haud
2399 3335 2523 3383 tum
2550 3345 2690 3383 sane
2712 3329 3110 3399 providebant,
3132 3328 3401 3384 infelices
3426 3330 3524 3401 qui
3551 3330 3830 3391 nescirent,

2221 3423 2436 3489 quanto
2494 3417 2869 3471 Prometheus
2923 3418 3289 3485 praestantior
3371 3418 3450 3472 sit
3509 3415 3830 3488 Epimetbeo,

2220 3511 2458 3575 quanto,
2535 3506 2798 3574 inquam,
2856 3505 3006 3559 472
3085 3503 3388 3559 salubrius
3447 3508 3834 3574 praevertentur

2218 3593 2294 3647 im
2307 3592 2616 3664 pendentia
2639 3591 2792 3646 mala
2805 3592 3030 3661 sagacis
3045 3593 3443 3662 praecautione
3465 3589 3826 3664 providentiae,

2220 3699 2395 3753 quam
2430 3681 2509 3734 nil
2544 3680 2866 3751 profuturis
2895 3681 2965 3734 ad
2997 3685 3321 3734 extremum
3391 3680 3660 3736 lamentis
3710 3694 3828 3733 serie

2220 3770 2565 3842 poenitentiae
2591 3768 2999 3839 deplorentur:
3033 3785 3232 3823 verum
3266 3771 3431 3840 quod
3475 3768 3630 3824 fatali
3655 3782 3827 3822 neces-

2221 3859 2393 3913 sitate
2415 3856 2655 3927 ingruit,
2683 3873 2787 3912 nec
2809 3857 2986 3912 averti
3007 3872 3110 3912 nec
3135 3857 3358 3912 differri
3382 3858 3626 3913 consilio
3657 3859 3835 3928 potest.

2343 4002 2432 4054 21.
2469 4001 2528 4055 Ut
2555 4000 2754 4054 T-alles
2779 4004 3104 4055 restaurata?
3135 4017 3165 4053 α
3197 4000 3379 4055 Persis
3410 4003 3582 4072 captaa
3610 4000 3732 4055 sint.

2297 4125 2468 4180 Novis
2499 4123 2654 4178 enim
2688 4122 3095 4177 Trallensibus
3122 4123 3180 4177 in
3210 4122 3308 4178 illa
3354 4125 3613 4179 felicium
3669 4119 3840 4191 auspi-

2225 4216 2444 4270 ciorum
2469 4214 2854 4285 gratulatione
2877 4215 3086 4268 szecula
3108 4215 3219 4269 sibi
3241 4231 3423 4270 aurea
3449 4212 3842 4286 spondentibus

2224 4304 2384 4374 (nam
2417 4303 2554 4374 quid
2589 4320 2701 4357 non
2727 4319 2827 4372 spe
2861 4303 3570 4373 praesumerentJunioris
3603 4296 3839 4371 Augusti.

2225 4393 2486 4461 longum,
2524 4391 2742 4464 ut[erat
2771 4391 3105 4459 verisimile,
3165 4407 3230 4445 ac
3282 4391 3504 4446 florens
3561 4388 3838 4460 imperium

2228 4481 2580 4547 inchoantis,
2614 4479 2934 4550 peculiares
2956 4480 3194 4534 clientes
3215 4495 3279 4534 ac
3300 4480 3483 4545 cives,
3517 4481 3649 4534 inde
3672 4472 3840 4549 prisci-

2223 4587 2337 4643 puo
2371 4585 2600 4640 semper
2631 4570 2785 4638 apud
2817 4584 2950 4622 eum
2987 4569 3045 4622 in
3094 4568 3216 4622 loco
3248 4569 3452 4638 gratias
3486 4567 3712 4637 futuri?)
3763 4577 3842 4617 su-

2221 4659 2482 4731 pervenit
2502 4674 2630 4712 ecce
2661 4657 3171 4727 inopinatissimus
3194 4658 3492 4712 exercitus
3541 4662 3843 4714 Persarum,

2223 4766 2371 4820 quos
2403 4749 2616 4803 eaedem
2649 4747 2917 4801 videlicet
2945 4745 3017 4800 ad
3049 4746 3407 4801 obstandum
3452 4746 3640 4802 initiis
3692 4741 3846 4810 hujus

2224 4837 2460 4893 coloniae
2493 4834 2872 4906 impellebant
2900 4850 3095 4902 causa,
3148 4851 3275 4904 quae
3333 4836 3735 4890 Andronicum
3789 4825 3844 4880 ad

2225 4926 2588 4980 condendam
2622 4940 2745 4978 eam
2783 4927 3098 4978 moverant:
3160 4927 3224 4976 ut
3269 4923 3429 4976 enim
3487 4923 3583 4977 hic
3645 4921 3846 4974 frenum

2223 5014 2470 5068 licentia:
2521 5011 2818 5082 praedandi
2867 5027 2931 5064 ac
2979 5011 3418 5082 receptaculum
3485 5011 3774 5082 copiarum
3801 5003 3847 5054 in

2224 5103 2415 5158 clades
2449 5101 2700 5155 Persidis
2734 5100 3168 5155 imminentium
3216 5102 3610 5155 constitutum
3670 5097 3724 5151 in
3755 5095 3849 5148 ista

2222 5191 2434 5246 vicinia
2463 5189 2740 5250 voluerat,
2793 5190 2874 5243 ita
2924 5188 3002 5242 illi
3036 5205 3100 5243 ea
3158 5189 3285 5259 ipsa
3315 5193 3652 5243 metuentes
3707 5175 3849 5238 omni

2225 5284 2448 5333 mature
2480 5277 2936 5332 incumbendum
2969 5282 3178 5332 conatu
3209 5279 3538 5332 censebant
3583 5275 3651 5328 ad
3699 5282 3846 5326 excu-

2222 5368 2484 5422 tiendum
2519 5366 2624 5420 hoc
2648 5366 2855 5436 jugum
2880 5366 3036 5422 velut
3071 5365 3414 5437 impositum
3446 5362 3784 5424 cervicibus,
3805 5359 3851 5408 et

2224 5460 2439 5510 certam
2472 5454 2786 5525 perniciem
2821 5471 2853 5507 a
2882 5470 2986 5508 suo
3022 5453 3203 5508 limite
3235 5453 3676 5507 removendam.
3722 5447 3851 5512 Ergo

2223 5542 2583 5598 Mantachiae
2614 5542 2852 5614 quidam
2885 5546 3266 5613 cognomento
3289 5538 3584 5611 Salpacis,
3622 5552 3741 5608 quas
3760 5545 3853 5586 vox

2224 5632 2384 5703 linga
2413 5631 2646 5686 Persica
2669 5632 2874 5687 fortem
2908 5635 3098 5700 sonat,
3131 5629 3464 5685 innumeris
3492 5643 3641 5698 quas
3670 5625 3852 5678 ducta-
