4110 6280
216 382 323 438 933

1253 378 1350 431 DE
1385 371 1756 430 MICHAELE
1791 365 2234 422 PALBOLOGO
2269 368 2401 421 LIB.
2442 368 2540 420 VI.

3497 370 3604 428 934

220 503 360 578 δρίᾳ,
393 500 695 570 ὡς,ἐκεῖθεν
733 500 827 572 μὲν
865 500 955 553 καὶ
1010 501 1118 552 τῶν
1172 493 1635 570 ἀπηγορευμένων
1693 489 1853 544 ἄπτε-
1885 495 1935 560 Α
1966 485 2212 578 θεμέλια,
2242 488 2311 578 τὸ.
2336 485 2392 540 δέ
2424 487 2496 578 -.γ’
2529 485 2912 578 ἐπικείμενον-
2936 492 3044 543 τῶν
3077 490 3386 563 κτισμδίτων
3420 492 3606 564 ξύλοις

221 603 365 659 σθαι,
399 590 632 644 ἐντεῦθεν
680 585 737 641 δὲ
783 584 936 641 ὕδατι
993 590 1290 646 πονοῦντας
1345 583 1509 656 ὑγροῦ
1555 599 1701 640 τινος
1757 598 1864 649 μη-

221 680 401 756 χανὴν
462 676 749 746 ἐκζητεῖν,
801 659 896 728 ’καὶ
967 677 1205 745 σννεχῶς
1260 665 1464 745 φλέϐας
1520 672 1626 722 τῶν
1675 665 1862 719 *ίππων

221 753 520 840 τέμνοντας
550 764 646 817 τοῦ
706 761 934 834 α’ίματος
996 759 1251 836 ἐκροφᾷν.
1310 755 1470 813 Ἀλλ’
1532 755 1630 810 οὐκ
1684 755 1750 822 ἦν
1783 753 1864 806 ἐν-

224 857 405 912 τεῦθεν
434 854 493 907 τὸ
538 857 640 906 πᾶν
673 858 774 919 τῆς
821 849 984 923 δίψης
1034 848 1232 902 ἰᾶσθαι.
1278 845 1368 900 καὶ
1418 842 1674 914 ἔθνησκον
1706 840 1866 895 ἐπασ-

229 944 460 1016 σύτεροι.
495 940 635 1013 Πρὸς
664 940 767 1014 γὰρ
797 939 887 993 τὸν
944 935 1108 1008 λιμὸν
1165 935 1255 989 καὶ
1320 932 1529 1006 μᾶλλον
1579 932 1858 1003 ἀντεῖχον·

232 1033 501 1104 ἐπήρκουν
535 1025 632 1102 δὰρ
692 1027 842 1100 σφίσι
873 1026 962 1080 καὶ
992 1025 1056 1078 τὰ
1085 1028 1193 1078 τῶν
1254 1021 1598 1091 θνησκόντων
1654 1018 1865 1091 ἀλόγων

231 1122 478 1192 σώματα.
534 1117 624 1170 καὶ
657 1136 719 1189 γε
769 1114 940 1170 αὐτῶν
977 1112 1317 1182 θνησκόντων
1378 1108 1670 1175 πολλάκις,
1703 1106 1872 1166 οὕτως

233 1206 427 1268 ἐνδεῶς
461 1205 610 1279 εἶχον
639 1208 746 1258 τῶν
780 1202 1081 1275 ἀναγκαίων
1113 1203 1187 1262 ὡς
1231 1199 1320 1254 καὶ
1372 1198 1546 1252 αὐτῶν
1595 1197 1870 1251 ἅπτεσθαι.

240 1300 324 1368 Τῇ
359 1293 416 1349 δέ
447 1314 507 1367 γε
539 1290 671 1365 δίψη
729 1291 818 1345 καὶ
877 1289 1086 1363 μᾶλλον
1146 1285 1278 1360 οὔσῃ
1343 1284 1621 1361 βιαιοτέρᾳ
1679 1283 1776 1337 οὐκ
1803 1281 1870 1349 ἦν

232 1385 514 1452 ἐπινοῆσαι
570 1379 877 1454 θεραπείαν,
905 1378 996 1432 καὶ
1042 1381 1212 1431 ταῦτα
1262 1375 1324 1429 τὸ
1362 1368 1734 1446 μεσημϐρινὸν
1773 1374 1871 1424 τοῦ

230 1474 396 1540 ἡλιου
454 1470 768 1546 φλέγοντος.
823 1467 980 1523 ’Ὀθεν
1053 1465 1142 1519 καὶ
1198 1461 1586 1538 προσεχώρουν
1661 1460 1873 1520 ἐκόντες

225 1564 346 1622 τοῖς
374 1545 683 1628 πολεμίοις.
719 1553 1096 1628 ἀνκεκτότερον
1145 1551 1446 1626 ἡγούμενοι
1489 1548 1716 1613 θανάτου
1746 1545 1873 1621 τρό-

228 1667 333 1701 πον
368 1648 574 1700 ἅπαντα
610 1648 706 1697 τοῦ
752 1640 840 1697 διὰ
897 1639 1068 1714 λιμοῦ
1122 1662 1180 1695 τε
1225 1641 1314 1694 καὶ
1373 1637 1560 1711 δίψης,
1592 1638 1681 1690 καὶ
1738 1655 1872 1708 καγ-

233 1736 424 1795 κεὶνοις
478 1729 980 1806 προσλιπαροῦντες
1037 1734 1154 1790 τοῖς
1214 1727 1477 1802 χείλεσιν,
1511 1728 1583 1787 ὡς
1636 1724 1873 1786 ἐντεῦθεν

230 1822 425 1885 ἐλέους
497 1821 715 1895 τύχοιεν
752 1863 766 1887 ,
829 1817 1140 1872 ἐκεκθτοῦντο
1197 1817 1286 1870 καὶ
1331 1810 1553 1868 ἔπιπτον
1632 1809 1872 1881 ἀκηδεῖς,

232 1909 383 1985 μηδὲ
411 1917 585 1986 ταφῆς
625 1905 957 1979 ἀξιούμενοι.
1010 1906 1208 1979 Πέρσαι
1240 1901 1412 1958 δὲκαὶ
1455 1898 1531 1956 ἔτι
1565 1907 1679 1962 τοῖς
1731 1900 1878 1963 ἐντὸς

229 1997 586 2072 ἀντίσχουσιν
645 1994 902 2069 (ἤλπιζον
958 1995 1057 2068 γὰρ
1117 1991 1392 2067 ἀφίξεσθαί
1449 1993 1607 2045 ποθεν
1657 2009 1876 2061 συμμα-

226 2086 430 2164 χίανῆ
468 2086 582 2158 μήη
645 2082 953 2156 ἐπικουρίαν
1006 2089 1105 2150 τῆς
1165 2084 1471 2154 συμφορᾶς)
1529 2077 1781 2132 ἓπενόουν
1813 2076 1879 2131 τὰ

227 2174 626 2253 χαλεπώτατα,
686 2172 773 2226 καὶ
832 2169 1059 2231 πέλσαις
1118 2168 1312 2242 συχνοὶ
1367 2172 1474 2222 τῶν
1533 2165 1874 2241 θυρεαφόρων

226 2252 575 2343 ἐιριζάνοντες
652 2257 962 2314 ἐκολλῶντο
1020 2262 1137 2318 τοῖς
1182 2256 1416 2330 τείχεσιν
1453 2297 1466 2310 .
1537 2253 1604 2310 O'i
1662 2253 1728 2321 δὴ
1787 2252 1878 2308 καὶ

233 2342 437 2428 ὑψόθεν
495 2351 716 2424 πέτραις
779 2346 1116 2423 βαλλόμενοι
1185 2350 1292 2399 τῶν
1375 2343 1554 2418 βολῶν
1611 2342 1875 2428 ἠλόγουνσ

237 2426 463 2514 πατάγῳ
516 2439 615 2513 γὰρ
672 2435 760 2490 καὶ
823 2434 974 2507 μόνῳ
1023 2440 1218 2509 περιῆν
1277 2431 1502 2494 ἐκείνοις
1536 2433 1598 2486 τὸ
1630 2426 1878 2504 φοϐερὸν,

241 2528 479 2590 κάτωθεν
515 2523 876 2598 ὑπορύσσουσι
934 2520 1174 2596 μοχλοῖς
1227 2541 1285 2574 τε
1339 2519 1429 2573 καὶ
1485 2517 1876 2580 κατασείσταις.

243 2620 420 2674 Τοῦτο
449 2613 743 2687 πολλαχοῦ
789 2612 1009 2687 γεγονὸς
1039 2614 1136 2664 τοῦ
1183 2607 1402 2682 τείχους
1435 2607 1751 2662 ὑπεσπῶντο
1785 2605 1878 2678 μὶν

245 2838 349 2892 bat
380 2831 719 2889 succinctus
749 2829 932 2902 copiis
992 2828 1121 2884 urbi
1154 2825 1438 2883 Trallium
1482 2841 1542 2880 se
1591 2824 1882 2890 admovet,

253 2936 502 2991 eamque
533 2919 792 2990 undique
823 2917 1126 2973 obsidione
1167 2914 1555 2986 amplectitur.
1589 2912 1888 2979 Statim,ut

257 3012 315 3066 in
352 3006 664 3079 improvisa
693 3023 776 3073 re,
809 3005 1037 3075 magnis
1069 3004 1437 3060 conflictatus
1483 2999 1772 3071 angustiis
1802 3003 1892 3054 est

260 3113 532 3154 summus
563 3111 718 3150 novae
751 3093 999 3150 civitatis
1034 3093 1694 3162 magistratus,magnus
1718 3087 1890 3142 char-

1970 576 2214 646 ἓτοιμοις
2269 574 2348 636 εἷς
2419 572 2603 646 ἄναψιν
2692 574 3060 649 ὑπηρείδετο,
3145 580 3232 632 καί
3295 580 3454 652 μόνον
3538 583 3604 651 ἦν

1969 669 2074 737 πῦρ
2135 659 2391 736 ἐμϐαλεῖν
2463 664 2536 724 ὡς
2619 659 2757 734 μηδὲ
2835 665 2971 739 πρὸς
3049 666 3233 743 ὀλίγον
3313 669 3608 740 ἀνθέξουσι.

1971 752 2076 808 Καὶ
2125 749 2191 820 δὴ
2249 749 2524 814 πολλάκις
2580 750 2899 825 ὁμολογίαις
2947 755 3043 823 τὴν
3113 754 3274 811 πόλιν
3332 761 3609 831 παραστή-

1976 844 2160 896 σασθαι
2224 841 2620 916 βουληθέντες,
2683 844 2788 914 [Ρ.
2839 846 2986 918 324]
3069 847 3144 908 ὡς
3215 849 3301 901 καὶ
3364 849 3610 918 πέμπον-

1971 951 2059 994 τες
2135 931 2320 1000 ἡξίουν
2359 976 2372 998 ,
2424 931 2514 984 καὶ
2586 931 2776 998 σώζειν
2859 932 2986 993 τοὺς
3061 935 3392 1009 περιόντας,
3452 939 3504 991 οἱ
3566 935 3612 992 δ’

1976 1019 2424 1093 ἀποκρουσθέντες
2480 1022 2588 1071 τῶν
2644 1020 2798 1095 σφίσε
2873 1017 3317 1095 βεϐουλευμένων
3411 1027 3613 1100 μάχαις

1976 1107 2187 1181 αἱροῦσι
2243 1107 2329 1161 καὶ
2387 1107 2845 1177 κατασκάπτούσι,
2906 1110 2997 1163 καί
3051 1111 3149 1178 τὴν
3201 1112 3325 1184 πρὶν
3389 1111 3438 1166 ἐν
3472 1133 3614 1188 χρη-

1977 1201 2137 1266 σμοῖς
2185 1193 2440 1266 κειμένην
2491 1197 2802 1270 περιφανέσι
2861 1197 2951 1251 καί
3000 1196 3046 1252 δ’
3077 1199 3290 1254 ἐλπίσιν
3347 1201 3616 1276 ἀπῃωρη-

1983 1283 2144 1356 μένην
2178 1289 2446 1358 χρησταῖς
2473 1283 2548 1344 εἷς
2593 1289 2726 1358 χοῦν
2779 1282 3206 1354 καταϐάλλουσι,
3263 1288 3351 1342 καὶ
3401 1288 3615 1359 πλῆθος

1979 1371 2153 1426 ἐκεῖνο
2212 1373 2314 1425 πὰν
2371 1371 2432 1426 οὐ
2489 1369 2690 1447 ῥᾳδίως
2748 1373 3048 1448 ἀριθμητὸν
3111 1371 3268 1448 ἔργον
3339 1377 3614 1451 μαχαίρας

1979 1464 2281 1515 ποιοῦνται.
2332 1462 2508 1515 Τοῦτο
2567 1456 2769 1531 ξυμϐἀν
2819 1462 3149 1536 κατόρθωμα
3200 1461 3446 1536 δεύτερον
3481 1465 3613 1540 Πέρ-

1983 1569 2097 1610 σαις
2135 1550 2266 1620 μετᾶ
2299 1549 2360 1601 τὸ
2390 1553 2602 1621 πρῶτον
2657 1551 2716 1602 τὸ
2775 1552 2910 1604 κατὰ
2964 1551 3194 1622 Νόσσαν,
3252 1554 3296 1625 ᾦ
3329 1553 3394 1623 δή
3455 1556 3482 1609 ὁ
3513 1576 3614 1608 πα-

1985 1637 2402 1712 ρακοιμώμενος
2482 1636 2792 1710 Νοστόγγος
2855 1637 3284 1711 ἐλλελειμμένος
3345 1642 3614 1716 μεγίστοις

1984 1726 2224 1799 ἀνιαροῖς
2269 1725 2395 1787 τοὺς
2455 1727 2586 1802 ἀμφ’
2647 1726 2804 1780 αὐτὸν
2862 1723 3226 1800 περιέϐαλεν,
3281 1729 3417 1784 ὥστε
3485 1733 3616 1803 μετά

1908 1851 1952 1915 Β
1983 1815 2080 1881 τήν
2109 1818 2252 1890 σφῶν
2285 1815 2356 1866 ὢν
2395 1813 2488 1884 μὲν
2547 1815 2778 1889 σφαγὴν,
2839 1813 2911 1868 ὦν
2973 1813 3018 1868 δ’
3051 1816 3256 1870 ἅλωσιν
3311 1820 3397 1872 καὶ
3454 1819 3612 1874 αὐτὸν

1983 1900 2213 1968 ἁλῶναι,
2276 1903 2526 1974 μεγάλως
2575 1903 2709 1972 πρὸς
2767 1902 2962 1978 θάῥρος
3017 1903 3204 1978 ἐπῇρε,
3253 1906 3342 1959 καί
3397 1911 3462 1960 τᾶ
3517 1915 3615 1976 τῆς

1984 1989 2251 2058 ἀνατολῆς
2298 1991 2541 2043 κατέθεον
2587 1990 2993 2064 κραταιότερον.
3043 1990 3304 2055 Βασιλεὺς
3357 1992 3412 2047 δὲ
3445 1996 3472 2048 ὁ
3500 1993 3619 2058 νέος

1986 2077 2240 2145 πόλίζετο
2279 2076 2411 2137 τέως
2457 2077 2591 2130 κατά
2633 2079 2694 2131 τὸ
2743 2078 3052 2154 Νύμφαιον,
3108 2079 3486 2156 ἐμπρόθεσμος
3543 2080 3615 2136 ὢν

1988 2167 2221 2236 ἀπαντᾳν
2254 2166 2389 2238 πρὸς
2419 2166 2508 2219 τὸν
2541 2165 2744 2239 πατέρα
2779 2168 2914 2221 κατὰ
2945 2168 3156 2239 μικρὸν.

2093 2324 2198 2397 κβ’.

2257 2326 2456 2402 Ὅπως
2479 2325 2506 2377 ὁ
2546 2327 3517 2402 πορφυρογέννητος.-Ιῇωνσταντῖνος

2305 2395 2378 2456 εἷς
2403 2396 2468 2450 τὰ
2493 2395 2633 2450 πατᾶ
2669 2395 2839 2451 ’Δόσιν
2882 2395 3300 2456 ἀποστέλλεται.

2062 2517 2324 2581 Βασιλεὺς
2358 2516 2414 2573 δέ
2451 2520 2539 2573 καὶ
2597 2522 2688 2574 τὸν
2743 2521 2874 2594 μετά
2900 2522 2991 2576 τὸν
3055 2521 3283 2597 βασιλέα
3339 2543 3626 2600 πορφυρο-

1988 2610 2243 2681 γέννητον
2302 2613 2697 2663 Κωνσταντῖνον
2754 2611 3042 2685 γυμνάζειν
3121 2613 3200 2665 οἷν
3271 2609 3443 2674 θέλων
3498 2613 3630 2686 πρὸς

1995 2825 2142 2880 Tum
2177 2826 2366 2880 securi
2383 2833 2616 2898 experta
2642 2828 2934 2883 soliditate
2957 2829 3252 2900 tegminis,
3272 2847 3444 2886 omne
3472 2830 3627 2886 aliud

2000 2922 2382 2984 praeterquam
2433 2916 2712 2986 strepitus
2750 2921 2806 2970 et
2852 2917 3044 2971 inanis
3095 2918 3221 2972 soni
3272 2919 3628 2987 dejecturum

1999 3019 2247 3072 superne
2279 3020 2344 3057 ac
2370 3004 2514 3058 citra
2545 3004 2823 3059 damnum
2849 3006 3233 3060 resilientium
3266 3007 3508 3062 telorum
3541 3007 3630 3061 in-

2002 3093 2371 3146 commodum
2405 3092 2677 3158 arcentis,
2719 3094 3055 3148 ευποεείοηί
3089 3094 3240 3148 muri
3299 3111 3396 3165 per
3445 3095 3628 3150 otium

257 3184 509 3242 tularius
543 3181 1059 3238 Libadarius.Nam
1092 3181 1245 3234 cives
1270 3177 1438 3232 famis
1461 3176 1654 3231 subito
1677 3193 1740 3230 ac
1765 3175 1890 3230 sitis

2003 3180 2559 3246 vacabant,terebris
2578 3181 3126 3252 fcrramentisqueid
3152 3199 3336 3254 genus
3355 3183 3630 3238 emolien-

257 3274 629 3329 incommoda
671 3280 785 3326 lam
817 3270 1016 3340 gravia
1055 3270 1385 3333 senserunt,
1426 3271 1490 3319 ut
1518 3270 1574 3319 et
1602 3265 1751 3318 cibis
1782 3263 1890 3317 im-

260 3362 499 3418 mundis
531 3360 904 3428 infandisque
935 3373 1037 3412 ora
1087 3355 1368 3426 polluere,
1418 3358 1474 3408 et
1503 3369 1635 3408 cum
1667 3356 1896 3406 arentes

257 3455 456 3508 fauces
486 3453 697 3507 humor
721 3453 910 3505 omnis
931 3446 1406 3509 deﬁceret_sectis
1428 3460 1707 3515 equorum
1733 3442 1896 3497 venis

259 3542 537 3595 eductum
571 3537 919 3607 sanguinem
953 3534 1120 3590 avide
1151 3533 1385 3587 haurire
1425 3537 1788 3602 cogerentur.
1820 3533 1898 3584 Ac

263 3627 378 3683 cibi
410 3625 643 3697 quidem
668 3623 1027 3679 desiderium
1051 3621 1411 3676 tolerabilius
1434 3621 1600 3674 initio
1624 3619 1900 3674 fallebant

260 3712 882 3771 substitutisinlocum
908 3710 1212 3765 meliorum
1240 3709 1514 3763 carnibus
1530 3707 1897 3762 morientium

261 3806 468 3872 sponte
495 3802 902 3871 jumentorum
935 3801 993 3852 et
1024 3796 1216 3850 omnis
1248 3796 1476 3865 generis
1510 3795 1897 3849 animantium

259 3893 570 3947 brutorum
602 3908 615 3956 ;
643 3902 889 3958 quarum
916 3902 1029 3940 non
1059 3883 1446 3939 sufﬁcientem
1479 3883 1704 3952 copiam
1728 3882 1900 3936 multi

261 3995 381 4033 non
409 3993 538 4032 raro
569 3975 923 4046 supplebunt
951 3970 1220 4027 vorandis
1239 3971 1390 4024 473
1427 3969 1727 4024 hominum
1760 3986 1900 4038 quo-

252 4081 364 4135 que
402 4067 516 4120 fato
559 4065 1010 4132 absumptorum
1043 4057 1447 4114 cadaveribus.
1481 4057 1619 4110 Sitis
1649 4055 1902 4110 levandas

258 4152 561 4207 difficilior
590 4156 712 4206 erat
743 4149 912 4215 ratio,
957 4147 1110 4218 quod
1155 4145 1255 4200 illa
1287 4161 1465 4216 quam
1497 4143 1637 4209 dixi,
1673 4145 1897 4198 cruoris

260 4241 464 4312 equini
499 4241 656 4312 potio
688 4256 790 4294 nec
823 4238 965 4294 satis
997 4237 1263 4291 ardorem
1299 4234 1704 4303 restingueret,
1737 4236 1794 4287 et
1822 4237 1902 4286 ta-

261 4331 399 4386 bem
433 4330 777 4398 ingenerans
791 4331 1005 4381 mortes
1019 4325 1430 4394 frequentaret.
1443 4324 1643 4392 Itaque
1659 4321 1902 4375 destitu-

269 4419 312 4474 ti
341 4419 566 4489 liquore
595 4415 775 4483 omni,
811 4414 1053 4469 meridie
1084 4412 1404 4484 praesertim
1451 4409 1570 4465 sole
1601 4410 1902 4479 ﬂagrante,

266 4508 422 4562 ultro
453 4507 523 4560 ad
555 4505 752 4560 hostes
782 4503 1154 4566 accedebant,
1202 4499 1468 4570 quamvis
1500 4498 1684 4553 diram
1702 4513 1904 4553 necem

2005 3271 2093 3322 tes
2126 3267 2267 3323 locis
2299 3269 2546 3324 subinde
2577 3269 2739 3334 varii,
2772 3274 2828 3324 et
2874 3275 3171 3340 egerentes
3223 3289 3381 3340 saxa,
3438 3273 3627 3343 quoad

2003 3357 2511 3427 fondamentaipsa
2526 3357 3258 3430 sulivellerentmolemque
3275 3360 3626 3430 superiorem

2002 3443 2338 3499 tibicinibus
2367 3461 2396 3499 e
2416 3446 2572 3516 ligno
2601 3446 3476 3518 subditissuspenderent.certa
3500 3465 3631 3502 mox

2004 3537 2276 3587 secutura
2306 3550 2605 3588 murorum
2642 3536 2960 3605 strage,ubi
2991 3537 3372 3606 subjicendus
3403 3537 3459 3590 in
3494 3543 3633 3591 tem-

2004 3637 2140 3692 pore
2167 3621 2321 3692 ignis
2349 3623 2512 3692 tigna
2541 3623 2988 3694 consumpserit.
3040 3625 3194 3680 inter
3245 3625 3369 3679 haec
3417 3625 3638 3679 crebris

2002 3709 2368 3765 lacessebant
2398 3710 2839 3766 invitatiunibus
2860 3713 3133 3768 obsessos
3165 3713 3232 3767 ad
3271 3712 3520 3768 salutem
3541 3713 3636 3767 de-

2005 3800 2222 3853 ditione
2247 3798 2686 3869 paciscendam;
2712 3799 3099 3869 quascumilli
3126 3799 3640 3870 repellerent,sub-

2007 3889 2123 3943 ruti
2159 3889 2418 3958 undique
2451 3888 2602 3943 muri
2656 3888 2885 3943 ruinam
2935 3890 3217 3959 fecerunt,
3267 3891 3463 3945 aditus
3507 3906 3640 3961 ape-

2007 3978 2223 4032 rientes
2254 3981 2446 4031 vastos
2478 3977 2837 4032 irruentibus
2861 3977 3165 4032 Persis.Sic
3191 3979 3488 4031 destructa
3511 3994 3643 4032 mox

2009 4066 2078 4119 ab
2103 4069 2233 4118 ortu
2262 4081 2366 4118 suo
2385 4069 2472 4118 est
2493 4065 2692 4119 infelix
2717 4065 3644 4132 civitas,mendacibusominibus

2007 4151 2415 4206 vaticiniorum
2448 4155 2600 4206 474
2633 4152 2948 4207 illustrium
3003 4153 3062 4206 in
3111 4170 3242 4223 spes
3288 4153 3642 4208 vanissimas

2008 4239 2246 4306 inﬂata;
2278 4247 2328 4293 et
2360 4239 2456 4294 ille
2489 4257 2603 4295 non
2638 4241 2801 4295 facile
2831 4240 3211 4296 numerabilis
3246 4241 3495 4311 populus
3521 4240 3638 4311 gla—

2011 4328 2089 4382 dii
2124 4328 2406 4382 barbarici
2439 4329 2791 4383 miserabilis
2822 4328 3056 4383 victima
3088 4329 3536 4384 concidit.Alter
3555 4329 3650 4384 hic

2011 4433 2316 4472 successus
2356 4417 2465 4471 fuit
2511 4434 2806 4472 armorum
2855 4418 3222 4472 Persicorum
3265 4435 3296 4472 a
3349 4417 3525 4488 priori
3579 4418 3652 4470 ad

2009 4506 2256 4577 Nyssam
2291 4506 2470 4560 relata
2498 4505 2758 4571 victoria,
2807 4523 2925 4577 qua
2972 4507 3277 4576 praefectus
3327 4505 3501 4576 sigilli
3533 4505 3644 4559 No-

268 4595 465 4650 minus
499 4593 838 4649 horribilem
873 4591 981 4645 rati
1009 4590 1165 4645 lento
1199 4588 1327 4643 sitis
1385 4604 1452 4642 ac
1483 4587 1656 4642 famis
1685 4590 1908 4641 viscera
1940 4569 1982 4633 D
2017 4600 2262 4665 stongug
2293 4611 2425 4648 cum
2459 4594 2583 4648 suis
2615 4594 3044 4648 circumventus
3066 4594 3196 4649 etin
3231 4595 3502 4648 maximis
3525 4593 3650 4648 sine

271 4682 713 4754 depascentium
733 4677 1179 4735 vivicomburio.
1210 4678 1281 4731 At
1313 4675 1511 4731 miseri
1534 4675 1708 4730 siccis
1733 4674 1913 4730 labris

266 4789 483 4844 aquam
516 4769 863 4842 suppliciter
888 4771 1150 4838 petentes
1183 4765 1325 4819 adeo
1356 4780 1472 4818 non
1505 4763 1814 4818 ﬂectebant
1843 4763 1912 4818 ad

267 4860 741 4916 misericordiam
775 4857 1078 4921 barbaros,
1105 4857 1170 4908 ut
1199 4851 1500 4906 hastilium
1534 4851 1916 4906 mucronibus

267 4947 520 5005 confossi
560 4945 1026 5018 repellerentur;
1058 4945 1116 4997 et
1139 4941 1240 5011 qui
1264 4939 1524 5011 plerique
1553 4939 1685 4994 istis
1717 4940 1914 4994 vulne-

267 5038 434 5093 ribus
468 5033 913 5100 occumbebant,
947 5030 1093 5084 finde
1141 5027 1432 5082 inhumati
1481 5028 1767 5096 jacerent,
1815 5044 1918 5082 nec

274 5123 536 5198 pulveris
564 5121 876 5191 injectione
907 5117 1151 5189 dignati.
1186 5119 1249 5172 In
1281 5115 1374 5170 his
1405 5119 1601 5169 tamen
1637 5131 1741 5186 spe
1763 5117 1918 5170 auxi-

265 5215 331 5268 lii
363 5231 397 5268 a
420 5212 648 5267 Cesare
677 5206 906 5262 venturi
928 5203 1315 5260 constantiam
1351 5204 1918 5259 circumsessiobsti-

269 5302 521 5366 nabant,
564 5314 682 5368 qua
709 5297 898 5351 Persae
933 5292 1220 5364 indignati
1266 5307 1606 5363 oppugnare
1634 5292 1921 5348 hactenus

270 5394 505 5446 tantum
541 5387 816 5441 obsessos
851 5381 1010 5437 omni
1047 5397 1154 5451 ope
1203 5382 1598 5435 decreverunt.
1631 5379 1920 5437 Moenibus

283 5479 471 5551 igitur
503 5492 564 5530 se
596 5473 760 5528 densi
795 5472 1124 5539 admovent,
1155 5468 1394 5540 illicque
1426 5472 1686 5540 perstant
1737 5471 1922 5525 scutis

277 5567 473 5638 capita
505 5562 769 5636 protecti,
801 5565 858 5615 et
887 5559 995 5615 sub
1038 5561 1160 5612 tuta
1183 5557 1476 5613 testudine
1505 5573 1676 5612 casus
1718 5574 1921 5614 omnes

285 5653 696 5713 devolutarum
731 5666 799 5706 ex
829 5647 944 5705 alto
986 5646 1227 5702 molium
1282 5646 1636 5717 excipientes
1668 5645 1916 5704 innoxie.

2019 4682 2231 4738 auxilio
2263 4681 2575 4737 derelictus
2606 4682 2918 4752 angustiis,
2959 4683 3185 4737 cunctis
3215 4699 3362 4753 quos
3403 4682 3652 4737 habebat

2023 4788 2216 4826 secum
2245 4779 2344 4825 aut
2374 4774 2558 4825 morte
2583 4770 2804 4826 affectis
2827 4775 2928 4825 aut
2959 4771 3222 4825 servituti
3252 4770 3651 4840 addictis,ipsc

2024 4875 2253 4931 quoque
2286 4864 2493 4929 captus
2525 4858 2776 4913 multum
2809 4864 2864 4914 et
2894 4859 3112 4913 ﬁduciis
3144 4865 3201 4914 et
3249 4858 3540 4914 facultatis
3567 4857 3652 4911 vi-

2024 4949 2284 5003 ctoribus
2325 4947 2550 5001 addidit
2597 4947 2932 5002 universum
2977 4947 3250 5017 deinceps
3297 4946 3650 5003 Orientalem

2025 5037 2272 5092 limitem
2307 5036 2546 5106 impune
2577 5035 3011 5090 incursionibus
3039 5037 3324 5090 vastandi.
3361 5041 3503 5089 Dum
3537 5035 3656 5088 haec

2025 5127 2364 5197 agebantur,
2386 5123 2589 5193 junior
2618 5126 2918 5194 Augustus
2949 5123 3019 5176 ad
3052 5123 3432 5194 Nymphtsum
3465 5120 3652 5172 diver-

2028 5215 2287 5280 sabatur,
2322 5211 2702 5266 constitutam
2736 5211 3062 5283 propinquo
3101 5213 3169 5265 ad
3200 5216 3419 5280 patrem
3453 5223 3655 5263 occur-

2027 5303 2118 5358 sui
2149 5300 2480 5372 opperiens.

2025 5393 2115 5446 22.
2179 5393 2241 5448 Ut
2297 5389 2804 5467 Parpliyrugenitus
2880 5388 3266 5467 Constantinus
3341 5389 3400 5440 in
3457 5384 3660 5438 tractus

2536 5463 2800 5517 Occiduos
2827 5463 3026 5514 missus
3068 5463 3144 5512 ,it.

2102 5553 2429 5622 Imperator
2459 5555 2650 5605 autem
2676 5549 2931 5618 junioris
2965 5545 3212 5616 Augusti
3252 5545 3488 5599 fratrem
3520 5542 3659 5594 natu

2031 5641 2316 5698 minorem
2348 5639 2910 5713 Porphyrogenitum
2935 5633 3378 5692 Constantinum
3402 5631 3664 5686 imbuere
