4110 6280
499 283 606 341 935

1792 289 2093 347 GEORGII
2128 291 2584 351 ΡΔΟΗῩΜΕΒΒ

3766 296 3867 353 936

498 408 695 481 Μάχας
750 407 989 481 ἀρεϊκάς,
1046 404 1231 468 ἄλλως
1267 426 1326 461 τε
1383 405 1441 461 δὲ
1495 408 1584 463 καὶ
1639 412 1748 463 τῶν
1806 406 2128 483 Τριϐαλλῶδ
2161 420 2215 485 Α
2240 415 2363 470 κίαν
2390 418 2490 487 τήν
2520 422 2619 472 τοῦ
2649 416 2953 491 Κοσμιδίου
3009 420 3204 491 μονήν.
3253 420 3357 475 Καὶ
3400 417 3488 474 διὰ
3530 423 3699 474 ταῦτα
3723 419 3810 473 καὶ
3840 422 3867 474 ὁ

488 496 883 566 κεκινημένων,
916 496 988 555 ὡς
1035 494 1124 548 καὶ
1181 516 1287 549 τινι
1348 498 1643 570 Κοτανίτζῃ
1699 499 2128 570 ἆποστατήσαντι

492 581 761 657 βασιλέως
845 582 909 636 τὰ
991 581 1207 636 ἐκείνων
1284 583 1655 657 στρατεύματα
1732 584 2128 660 ἐγχειρίζεσθαι

489 673 577 724 καὶ
615 669 778 746 μέχρι
830 671 1046 747 Σερῥῶν
1107 669 1176 725 δι’
1230 670 1402 725 αὐτῶν
1462 674 1753 727 κακοῦσθαι
1784 676 1882 743 τήν
1917 677 2127 750 χώραν,

489 758 738 822 πολλοὺς
768 761 857 813 καὶ
903 758 1173 832 μεγάλους
1223 758 1492 834 ἄρχοντας
1540 759 1811 835 παραδοὺς
1873 764 2008 837 πρὸς
2036 761 2129 818 δό-

492 869 573 902 σιν
621 848 902 921 ἐκπέμπει·
950 848 1112 910 αὑτὸς
1167 846 1223 902 δὲ
1278 853 1387 902 τῶν
1445 852 1560 913 καθ’
1615 846 1690 904 ἕω
1749 856 1926 912 κακῶς
1980 849 2125 926 ἔχειν

490 937 937 1012 ἀγγελλομένων,
973 938 1095 991 ὅσον
1150 936 1273 1010 περὶ
1336 937 1603 1012 Σάγγαριν
1654 938 1719 1005 ἧν
1783 935 1842 992 ἔκ
1897 960 1959 1013 γε
2005 960 2124 993 στο-

492 1026 619 1098 μίου
650 1024 737 1080 καὶ
774 1026 943 1099 μέχρῖ
975 1024 1247 1099 Προόσης,
1280 1023 1331 1093 ἐξ
1362 1024 1551 1094 αὐτῆς,
1586 1026 1661 1089 ὡς
1707 1027 1852 1101 εἶχεν
1883 1025 2126 1081 ἐνσκευα-

490 1114 631 1177 σθεῖς
662 1112 888 1187 διαπερᾷ
915 1112 1006 1166 τὸν
1059 1113 1363 1187 Βόσπορον,
1394 1113 1482 1166 καὶ
1530 1114 1665 1184 πρὸς
1718 1120 1835 1177 τοῖς
1890 1116 2124 1189 πρόποσι

481 1209 580 1259 τοῦ
612 1203 765 1277 ἁγίου
796 1201 1084 1274 Αὐξεντίου
1137 1203 1334 1276 βουνοῦ
1388 1201 1557 1256 ἐκεῖσὲ
1612 1225 1715 1258 που
1772 1210 2124 1274 κατασκηνοῖ,

484 1293 765 1365 ἀναμένων
820 1292 1126 1364 στράτευμα
1196 1288 1407 1345 δυτικὸν
1474 1289 1561 1345 ἐπὶ
1616 1292 1801 1367 ῥητοῖς
1860 1291 2124 1367 συλλεγό-

490 1402 649 1454 μενον
713 1378 850 1433 ὥστε
905 1381 1033 1452 παρ’
1086 1378 1286 1433 ἐκεῖνον
1363 1378 1492 1432 ἰέναι
1555 1382 2120 1452 συνεκστρατεόσοντα.

489 1469 595 1524 Καὶ
628 1465 694 1537 δὴ
727 1468 839 1522 ἐπεὶ
871 1467 960 1522 καὶ
1012 1468 1155 1538 παρὰ
1195 1471 1291 1521 τοῦ
1350 1469 1569 1544 Ἰωσηφ,
1598 1468 1655 1528 ’ὀς
1688 1465 1752 1537 δὴ
1808 1468 1883 1531 εἷς
1932 1468 2123 1539 Χηλὴν

487 1555 763 1631 ἐξώριστο,
797 1557 1017 1626 ἠξιοῦτο
1046 1554 1124 1630 ἐφ’
1149 1555 1222 1624 ᾦν
1260 1556 1654 1624 μετοικίζεσθαι
1692 1557 1846 1628 (εἶναι
1888 1556 1988 1630 γὰρ
2031 1559 2119 1611 τὸν

483 1645 653 1699 τόπον
694 1642 931 1716 δυσχερῆ
985 1646 1384 1716 χειμεριοῦσιν,
1419 1644 1496 1713 [Ρ.
1545 1645 1670 1715 325]
1719 1644 1792 1704 ὡς
1844 1644 1934 1697 καὶ
1966 1645 2124 1719 πείρᾳ

2230 503 2401 578 γὲρων
2457 506 2637 574 ἠπίως
2691 507 2780 561 καὶ
2834 511 3124 579 προσηνῶς
3178 507 3540 582 προσεφέρετό
3593 509 3669 575 οἱ,
3730 506 3863 562 ὥστε

2232 590 2439 646 καὶτὸν
2469 594 2562 665 μὲν
2626 594 2854 669 βασιλέα
2907 594 3382 672 ’χαριεντιζόμενον
3440 595 3641 650 ἐκεῖνον
3699 596 3779 656 εἰς
3804 597 3861 650 τὸ

2229 686 2620 754 πατριαρχεῖον
2666 682 2876 751 καλεῖν,
2920 683 3160 737 κάκεῖνον
3204 681 3383 757 λέγειν
3437 680 3658 755 ἕτοιμον
3712 685 3861 754 εἶναι,

2232 766 2277 820 εἰ
2340 767 2503 839 μόνον
2564 769 2854 840 άναλυθείη
2912 772 2978 825 τὰ
3031 771 3313 845 γεγονότα.
3373 771 3489 827 Οὐκ
3543 772 3609 839 ἧν
3669 768 3727 826 δὲ
3756 770 3851 847 ἄρα

2227 855 2349 908 τότε
2380 855 2600 911 λόεσθαι
2654 862 2839 925 ταῦτα,
2882 856 3027 913 ἀλλᾶ
3081 860 3170 913 καὶ
3228 860 3378 922 αὗθις
3408 858 3531 914 νέου
3584 860 3861 934 γεγονότος

2227 942 2421 998 πάππα
2458 948 2554 998 τοῦ
2613 947 2889 1001 ΝικοΛάου
2920 947 2947 1000 ὁ
2983 946 3078 1019 μὲν
3135 951 3344 1020 κρατῶν
3396 949 3488 1001 καὶ
3539 945 3704 1001 πάλιν
3734 947 3858 1010 τοὺς

2225 1032 2352 1102 παρ’
2412 1031 2613 1086 ἐκεῖνον
2673 1031 3063 1105 ἐλευσομένους
3120 1029 3380 1107 ἔπεμπεν.
3433 1032 3757 1091 ’Λπέστελλε
3797 1033 3854 1089 δὲ

2230 1118 2364 1190 μετᾶ
2415 1123 2580 1174 ταῦτα
2634 1122 2723 1175 καὶ
2795 1122 2887 1176 τὸν
2969 1129 3069 1191 τῆς
3139 1120 3467 1191 Ἐκκλησίας
3539 1120 3854 1195 δομέστικον

2228 1205 2444 1263 Μανδᾶν
2500 1210 2535 1278 ἢ
2578 1211 2667 1264 καὶ
2723 1209 3062 1285 Μερκοὺριον
3121 1211 3198 1273 εἷς
3244 1212 3311 1266 τὰ
3357 1212 3479 1287 περὶ
3540 1210 3855 1285 Ἀπουλίαν,

2224 1292 2425 1349 ἔννοιαν
2477 1293 2665 1351 δώσων
2714 1296 2934 1360 ἐκείνοις
2982 1299 3076 1354 τὸν
3117 1298 3364 1372 πάππαν,
3414 1298 3463 1353 εἷ
3516 1299 3591 1372 μὴ
3649 1305 3856 1355 ποιοῖεν

2223 1382 2290 1436 τὰ
2321 1380 2709 1456 ἐπεσταλμένα⁸
2762 1385 2837 1447 εἰς
2896 1390 3056 1440 τοῦτο
3111 1387 3201 1441 καὶ
3253 1387 3353 1461 γὰρ
3408 1390 3526 1449 τοῖς
3582 1385 3862 1457 ἐκκλησια-

2226 1476 2432 1533 στικοῖς
2462 1476 2701 1546 χρῆσθαι
2730 1469 3035 1547 πρέσϐεσιν.
3092 1476 3194 1536 "Oc
3248 1474 3338 1529 καὶ
3395 1476 3697 1548 περιπεσὼν
3747 1480 3858 1537 τοῖς

2221 1563 2322 1613 τοῦ
2355 1558 2524 1634 ῥηγὸς
2569 1560 2856 1631 Καρούλου
2906 1561 3204 1617 ἁλίσκεται·
3254 1562 3346 1617 καὶ
3396 1561 3549 1626 αὖθις
3603 1560 3854 1638 ἀγγελθὲν

2224 1648 2298 1707 ὡς
2354 1648 2710 1723 πρωτοκῆρυξ
2762 1656 2861 1717 τῆς
2928 1649 3252 1720 Ἑκκλησίας
3294 1651 3321 1705 ὁ
3381 1650 3662 1724 συσχεθεὶς
3699 1692 3716 1717 ,
3769 1653 3854 1703 καὶ

483 1731 643 1806 γνοὺς
716 1731 1001 1802 ἐμάνθανεν
1069 1728 1237 1783 ἐκεῖσε
1310 1729 1401 1782 τὸν
1460 1730 1707 1803 χειμῶνα
1792 1728 2114 1805 διενεγκὼν,
2152 1763 2196 1826 Β
2225 1736 2561 1809 προσταχθὲν
2619 1735 2806 1791 αὐτίκα
2856 1740 3000 1812 παρὰ
3045 1743 3141 1792 τοῦ
3188 1738 3400 1808 πάππα,
3432 1738 3680 1815 φυλακῆς
3729 1739 3857 1792 ἀπο-

482 1818 578 1874 κᾶν
634 1819 676 1872 εἷ
733 1818 823 1871 τὸν
883 1816 1107 1870 ἐπιόντα
1166 1814 1445 1890 διαγαγεῖν
1500 1817 1874 1890 ἀναγκάζοιτο,
1937 1820 2010 1890 μὴ
2056 1816 2114 1871 ἂν

482 1906 809 1981 ἀντισχόντα
860 1907 1197 1978 περιεῖναι),
1264 1904 1483 1977 πέμψας
1541 1903 1968 1977 μετακαλεῖται,
2027 1908 2115 1962 καὶ

482 2018 544 2073 γε
572 1997 699 2069 παρ’
729 1995 902 2065 ἑαυτῷ
943 1999 1192 2068 κατεῖχεν
1248 1992 1299 2046 ἐν
1350 1999 1468 2057 ταῖς
1515 1999 1753 2060 σκηναῖς.
1796 1994 1900 2050 Καὶ
1955 2000 2121 2050 ταῦτα

492 2087 585 2158 μὲν
644 2084 931 2159 ἐπράττετο
1010 2084 1178 2155 μηνὸς
1246 2083 1745 2156 Μαιμακτηριῶνος
1776 2125 1791 2148 ,
1872 2084 2117 2138 κάκεῖνον

485 2171 631 2249 ἔχων
658 2173 783 2247 παρ’
827 2173 999 2241 ἑαυτῷ
1049 2170 1139 2224 καὶ
1170 2167 1439 2230 πολλάκις
1493 2176 1591 2237 τῆς
1634 2170 1843 2243 ἡμέρας
1905 2169 2120 2246 βλέπων

487 2259 924 2332 ὑποποιούμενος
1007 2256 1395 2331 περιέθαλπεν,
1480 2254 1657 2326 ἡδέως
1742 2257 1954 2313 ἀκούων
2030 2258 2119 2314 καὶ

480 2347 717 2410 πολλοῖς
776 2344 954 2401 ἀνόωο
1008 2342 1079 2399 δι’
1136 2343 1343 2399 ἐκείνου
1416 2344 1791 2417 μεσιτεύοντος
1842 2345 1910 2400 τὰ
1963 2346 2118 2417 αἰτη-

483 2459 644 2511 ματα.
703 2435 957 2506 Ἀπένεμε
1014 2431 1070 2487 δέ
1127 2435 1180 2487 οἱ
1221 2433 1310 2487 καὶ
1339 2434 1475 2508 πρὸς
1525 2434 1624 2503 τὴν
1680 2432 1892 2496 ἐσαῦθις
1933 2455 2123 2489 κατοι-

474 2560 827 2620 rudimentis
860 2558 1129 2613 militaris
1160 2558 1305 2613 artis
1336 2562 1396 2612 et
1424 2558 1780 2629 experientia
1830 2561 1950 2629 jam
1982 2563 2111 2614 tum

481 2654 733 2708 formare
764 2649 834 2703 ad
870 2647 1270 2702 fortitudinem
1305 2645 1569 2701 bellicam
1603 2646 1866 2716 cupiens,
1898 2650 2030 2716 ejuo
2052 2648 2108 2703 in

485 2737 912 2811 expeditionem
986 2734 1253 2789 mittendi
1317 2735 1679 2789 occasionem
1740 2735 1994 2806 sumpsit
2047 2752 2114 2788 ex

482 2828 736 2900 quodam
771 2828 931 2880 motu
965 2822 1378 2890 Triballorum,
1405 2840 1664 2895 eousque
1711 2840 2018 2895 progresso
2049 2828 2115 2878 ut

481 2917 522 2971 ii
554 2915 775 2971 adscito
803 2915 858 2968 in
912 2913 1124 2967 ducem
1173 2912 1531 2967 exercituum
1583 2928 1825 2965 suorum
1858 2912 2110 2982 quodam

480 3004 797 3069 Cotanitza,
844 3001 942 3069 qui
992 3002 1065 3054 ab
1109 3000 1451 3070 imperatore
1495 2999 1802 3059 defecerat.
1850 2999 2114 3069 regiones

480 3092 726 3164 imperio
802 3091 1098 3159 subjectae
1162 3089 1461 3142 incursare
1537 3103 1722 3157 usque
1793 3090 1863 3142 ad
1918 3089 2114 3143 Serras

2228 1822 2432 1879 λύεται.
2496 1825 2592 1876 Καί
2641 1828 2808 1879 ταῦτα
2868 1827 2959 1897 μὲν
3003 1828 3270 1899 ὁκρατῶν
3330 1827 3521 1890 ἐποίει,
3579 1824 3757 1888 πολὺς
3782 1824 3851 1880 ὣν

2224 1918 2325 1980 τῆς
2383 1913 2714 1987 φαινομένης
2771 1912 2975 1984 ἐκείνης
3033 1914 3255 1989 εἰρήνης
3318 1914 3630 1985 διανιστᾷν.
3702 1917 3853 1977 *Οθεν

2225 1999 2315 2054 καὶ
2358 2000 2546 2075 χώραν
2608 2002 2708 2055 οὐκ
2764 2002 2912 2077 εἶχον
2974 2004 3024 2058 οἱ
3080 2006 3175 2057 τοῦ
3232 2004 3431 2080 Ἰωσὴφ
3478 2003 3614 2078 πρὸς
3661 2001 3857 2057 ἐκεῖνον

2225 2086 2402 2161 λόγοι,
2437 2086 2582 2155 πλὴν
2609 2093 2706 2142 τοῦ
2738 2087 2968 2166 φιλικῶς
3000 2086 3146 2164 ἔχειν
3193 2090 3282 2145 καὶ
3327 2092 3395 2145 τὰ
3439 2091 3515 2152 είς
3559 2088 3856 2145 ἀνάπαυσιν

2227 2173 2413 2246 ἐκείνῳ
2444 2177 2791 2249 προσνέμειν.

2225 2286 2324 2355 κγ’.
2390 2282 2580 2344 Ὃπως
2639 2281 2667 2335 ὁ
2722 2280 3208 2358 Βέκκοςὲγράφων
3277 2281 3366 2358 δι’-
3411 2285 3471 2347 ἣν
3531 2280 3709 2339 αῒτίαν
3774 2283 3859 2339 καὶ

2615 2352 2739 2427 περὶ
2784 2358 2891 2408 τῶν
2948 2350 3235 2429 δόγμᾶτων
3286 2353 3468 2410 ἐκίνει.

2296 2443 2384 2511 Τῷ
2416 2437 2473 2493 δὲ
2500 2441 2957 2516 πατριαρχεύοντι
3016 2442 3233 2516 Ἰωάννῃ
3281 2444 3386 2497 οὐκ
3429 2441 3492 2509 ἦν
3522 2443 3620 2504 τὰς
3648 2440 3854 2515 ὁμολο-

2294 2563 2625 2635 Assignavit
2657 2573 2851 2621 autem
2884 2567 2933 2621 ei
2955 2566 3013 2621 in
3043 2567 3465 2623 habitationem
3498 2569 3839 2623 commodio-

2222 2666 2488 2723 rem,qua
2517 2654 2790 2724 deinceps
2813 2656 3525 2720 uteretur,monaslerium
3557 2656 3827 2710 Cosmidii.

2221 2740 2326 2794 His
2355 2741 2635 2797 delinitus
2666 2743 2862 2797 senior
2887 2742 3119 2813 placide
3148 2745 3476 2814 amiceque,
3508 2742 3820 2799 oblitteratis

2221 2828 2801 2897 otfensionibus,cum
2826 2833 3082 2902 Augusto
3105 2832 3310 2903 agebat
3322 2833 3443 2902 pari
3463 2829 3829 2887 familiaritate

2222 2917 2778 2986 respondente,adeo
2812 2923 2872 2972 ut
2896 2921 3145 2989 quodam
3175 2919 3326 2975 inier
3355 2936 3454 2975 eos
3476 2920 3604 2990 ejus
3625 2919 3844 2990 generis

2222 3004 2509 3076 colloquio
2541 3005 2708 3076 quasi
2732 3006 2939 3075 jocans
2968 3007 3285 3077 imperator
3320 3008 3444 3063 seni
3470 3009 3689 3063 diceret
3713 3006 3851 3061 velle

2223 3110 2285 3147 se
2317 3093 2479 3148 illum
2514 3094 2888 3164 patriarchali
2917 3096 3036 3149 sedi
3093 3096 3437 3164 restituere;
3486 3094 3582 3151 cui
3632 3096 3852 3166 pariter

476 3183 736 3238 vexaudo
792 3181 1193 3246 vastandoque
1265 3177 1695 3231 nuntiarentur.
1743 3177 1919 3232 Movit
1975 3194 2109 3250 ergo
2142 3193 2185 3259 ρ
2224 3181 2497 3235 renidens
2530 3182 2789 3251 reposuit
2816 3183 3104 3253 Josepbus
3130 3188 3395 3252 paratum
3427 3185 3494 3238 ad
3525 3182 3582 3237 id
3617 3199 3679 3238 se
3708 3199 3852 3251 esse,

477 3270 895 3329 Constantinus
923 3268 982 3321 in
1015 3267 1383 3322 Occidentem
1412 3268 1580 3336 jussu
1616 3267 1923 3338 patris,qui
1956 3268 2112 3323 viros

482 3361 531 3416 ei
565 3358 851 3430 primaria
894 3355 1198 3426 dignitatis
1230 3353 1444 3409 multos
1494 3360 1551 3408 et
1596 3370 1837 3426 magnos
1887 3356 2110 3411 militia:

478 3448 718 3504 comites
756 3447 932 3501 istius
960 3450 1017 3499 et
1046 3444 1345 3499 ministros
1396 3445 1693 3514 potestatis
1742 3447 2061 3517 assignavit
2092 3463 2107 3502 :

478 3538 607 3609 Ipse
639 3542 832 3591 autem
867 3539 1168 3606 Augustus
1201 3535 1390 3588 denuo
1420 3539 1707 3604 comperto
1743 3537 1923 3591 certis
1957 3553 2110 3592 nun-

474 3626 575 3679 tiis
632 3624 939 3693 periclitari
1000 3622 1309 3693 vexarique
1372 3622 1723 3677 Orientalem
1771 3639 1946 3692 quam
1993 3624 2107 3680 late

472 3718 632 3784 patet
676 3712 829 3766 circa
880 3709 1180 3781 Sangarim
1250 3715 1523 3777 tractum,
1600 3711 1671 3764 ab
1723 3710 1903 3777 hujus
1960 3711 2106 3766 ostio

466 3806 618 3857 retro
650 3816 837 3870 usque
867 3800 937 3853 ad
968 3799 1544 3866 Prusam,confestim
1580 3798 1902 3851 instructus
1928 3815 2103 3869 quam

467 3889 686 3960 Optime
717 3888 882 3943 licuit
913 3904 981 3941 ex
1010 3887 1179 3956 copia
1214 3885 1854 3953 praesenti,transfretat
1885 3887 2102 3957 Bospov

462 3995 619 4044 rum,
653 3983 711 4031 et
737 3978 807 4030 ad
842 3976 1065 4030 radices
1096 3973 1263 4029 collis
1303 3975 1500 4029 Sancti
1551 3974 1817 4029 Auxentii
1854 3975 1982 4028 fixis
2013 3980 2106 4029 ta-

472 4063 801 4120 bernaculis
854 4067 1118 4118 moratur
1176 4068 1520 4131 exspectans
1597 4061 1835 4116 Occidui
1897 4062 2101 4116 limitis

469 4152 808 4218 exercitum,
841 4152 937 4221 qui
990 4150 1133 4205 locis
1174 4150 1407 4203 interim
1456 4149 1741 4204 condictis
1789 4166 2102 4220 congrega-

472 4241 666 4306 batur,
704 4256 820 4311 quo
876 4239 1084 4294 deinde
1149 4237 1326 4291 simul
1367 4238 1610 4304 junctus
1653 4237 1991 4307 imperatori
2043 4255 2104 4294 se

469 4330 618 4385 475
646 4329 989 4399 adjungeret
1036 4342 1285 4395 eumque
1319 4325 1375 4378 in
1424 4325 1785 4394 expeditione
1831 4342 2100 4396 sequere-

467 4424 585 4474 tur.
611 4416 734 4472 lllic
764 4415 1079 4470 diversanti
1109 4413 1337 4483 perlatae
1369 4429 1567 4484 preces
1598 4430 1630 4466 a
1656 4414 1908 4484 Josepbo
1940 4420 2098 4481 sunt,

465 4505 788 4575 exsulante,
824 4509 884 4558 ut
916 4505 1132 4558 dictum
1175 4507 1282 4567 est,
1316 4504 1468 4572 apud
1520 4502 1774 4556 insulam
1824 4502 2097 4569 Chelem;

471 4595 627 4649 unde
676 4592 978 4647 transferri
1030 4591 1281 4662 petebat,
1341 4595 1618 4645 causatus
1667 4588 2101 4645 inclementiam

474 4681 636 4737 illius
686 4679 808 4735 cceli
859 4696 958 4750 per
1005 4679 1280 4745 hiemem,
1324 4679 1491 4748 cujus
1544 4678 1791 4749 rigorem
1845 4678 2108 4733 hibernis

469 4770 595 4839 jam
628 4769 762 4822 unis
794 4772 1066 4837 expertus
1114 4766 1447 4820 afﬁrmabat
1494 4771 1762 4821 constare
1813 4765 1923 4820 sibi
1955 4771 2109 4822 certo

478 4856 635 4913 haud
666 4871 727 4911 se
762 4869 931 4926 posse
971 4854 1146 4907 aliam
1192 4854 1311 4911 illic
1360 4854 1590 4909 hiemen
1641 4854 1761 4909 vita
1807 4854 1967 4910 salva
1997 4861 2111 4910 tra-

483 4946 731 5012 ducere;
765 4959 947 5014 quare
976 4942 1101 5014 cogi
1131 4959 1363 4997 manere
1392 4941 1512 4996 illic
1560 4941 1706 4996 nihil
1755 4942 1957 4997 mitius
1986 4960 2114 4998 esse

483 5049 656 5105 quam
689 5030 893 5087 occidi.
931 5031 1028 5084 His
1059 5046 1325 5085 annuens
1354 5032 1656 5101 Augustus
1694 5030 1889 5084 statim
1924 5048 2110 5086 accer-

483 5122 663 5177 situm
692 5136 889 5176 senem
924 5120 1075 5190 apud
1110 5134 1171 5173 se
1201 5119 1262 5172 in
1285 5116 1677 5172 tabernaculis
1706 5117 2111 5182 habuit,Junio

486 5211 586 5282 qui
631 5215 772 5265 tunc
822 5208 1091 5263 currebat
1138 5223 1356 5271 mense,
1412 5212 1761 5278 gratumque
1822 5206 2111 5277 hospitem

482 5316 687 5355 rursus
719 5297 895 5354 veteri
930 5294 1329 5352 benevolentia
1371 5296 1649 5366 dignatus
1688 5294 2115 5350 humanissime

483 5388 733 5452 fovebat,
766 5386 980 5454 saepius
1011 5384 1068 5438 in
1098 5382 1191 5437 die
1221 5383 1435 5449 visens,
1463 5382 1826 5454 libenterque
1858 5400 1986 5453 quae
2017 5401 2111 5438 ro-

476 5477 656 5548 gebat
708 5475 995 5541 audiens;
1047 5472 1201 5527 unde
1249 5470 1453 5526 multis
1499 5475 1640 5526 tunc
1693 5471 1937 5542 contigit
1983 5474 2113 5541 ejus

472 5562 811 5619 interventu
841 5562 1159 5633 impetrare
1178 5560 1248 5615 ab
1264 5559 1615 5630 imperatore
1637 5560 1792 5631 quod
1811 5558 2109 5630 aptabant.

2225 3271 2395 3324 modo
2419 3286 2542 3339 jam
2575 3275 2704 3324 acta
2735 3276 3163 3326 revocarentur.
3219 3276 3293 3326 At
3325 3270 3423 3325 illa
3469 3271 3526 3325 in
3555 3287 3686 3326 eam
3727 3273 3848 3341 jam

2220 3358 2554 3412 ﬁrmitatem
2601 3357 2959 3422 coaluerant,
3007 3364 3073 3412 ut
3121 3359 3371 3414 rescindi
3421 3364 3562 3415 tunc
3608 3359 3848 3428 quidem

2217 3446 2697 3515 nequirent.Quin
2724 3445 2913 3516 potius
2939 3463 3081 3500 nova
3098 3451 3237 3500 tunc
3265 3447 3532 3501 nuntiata
3561 3446 3853 3502 creatione

2215 3549 2374 3603 papae
2405 3533 2645 3598 Nicolai,
2681 3532 3076 3602 astringendis
3119 3533 3320 3588 fortius
3352 3535 3538 3606 pactis
3593 3534 3849 3605 impera-

2214 3624 2303 3674 tor
2330 3620 2588 3674 intentus
2621 3621 2840 3691 legatos
2872 3622 2942 3674 ad
2977 3636 3108 3674 eum
3143 3620 3286 3677 alios
3316 3622 3651 3676 destinavit.
3686 3622 3849 3676 Misit

2211 3713 2268 3761 et
2296 3709 2505 3763 deinde
2534 3708 2920 3763 domesticum
2952 3708 3216 3763 Ecclesiae
3240 3709 3508 3764 Mandam
3542 3709 3661 3764 sive
3690 3714 3848 3763 Mer-

2211 3796 2438 3850 curium
2471 3795 2527 3849 in
2564 3802 2755 3866 partes
2784 3795 3023 3866 Apuliae,
3053 3798 3308 3852 conﬁsus
3339 3796 3683 3852 inviolatum
3720 3800 3839 3853 fore

2210 3884 2283 3939 ob
2310 3888 2672 3954 perspectam
2702 3883 3072 3955 imperatoris
3131 3886 3285 3956 apud
3341 3885 3671 3956 pontiﬁcem
3705 3902 3843 3957 gra-

2211 3972 2368 4027 tiam.
2399 3972 2465 4026 Et
2498 3972 2634 4043 quia
2666 3971 3027 4043 intelligebat
3059 3973 3355 4044 pontificio
3407 3973 3596 4029 favore
3643 3977 3843 4045 prote-

2208 4061 2464 4132 gendum
2499 4060 2800 4115 efﬁcacius
2830 4061 3425 4131 ecelesiasticum,tali
3447 4063 3641 4133 potius
3663 4063 3731 4117 ad
3754 4078 3846 4116 res

2208 4149 2376 4203 etiam
2408 4147 2736 4219 reipublicae
2784 4151 3120 4205 tractandas
3170 4167 3345 4221 quam
3399 4151 3661 4206 saeculari
3711 4157 3838 4206 ute-

2207 4237 2396 4291 batur.
2430 4236 2544 4290 Nec
2574 4252 2706 4306 spes
2751 4237 2808 4289 in
2843 4236 2951 4290 hoc
3006 4254 3138 4292 eum
3201 4237 3372 4308 plane
3428 4255 3535 4294 sua
3590 4238 3834 4293 fefellit:

2207 4342 2340 4380 nam
2376 4341 2507 4378 cum
2542 4324 2812 4379 Mandam
2848 4342 2946 4379 rex
2975 4328 3128 4381 476
3174 4326 3414 4381 Carolus
3467 4327 3835 4397 comprehen-

2207 4430 2337 4467 sum
2370 4411 2652 4468 custodite
2682 4411 2960 4479 dedisset,
3012 4430 3163 4485 papa
3193 4413 3406 4470 certior
3464 4415 3655 4471 factus
3704 4429 3821 4469 eum

2210 4501 2310 4571 qui
2342 4500 2710 4569 mancipatus
2741 4502 2955 4555 carceri
2990 4502 3177 4557 fuerat
3206 4501 3475 4558 Ecclesiae
3528 4508 3835 4573 praecento-

2216 4605 2335 4643 rem
2369 4604 2515 4655 esse,
2549 4587 2695 4641 solvi
2725 4602 2857 4641 eum
2897 4589 3203 4644 confestim
3236 4595 3294 4645 et
3332 4590 3548 4645 dimitti
3598 4590 3843 4645 liberum

2215 4677 2457 4731 curavit.
2490 4676 2550 4730 1n
2583 4675 2739 4729 hunc
2764 4678 3001 4731 modum
3036 4677 3259 4733 multus
3291 4683 3416 4732 erat
3443 4677 3762 4749 imperator
3786 4678 3845 4731 in

2222 4767 2353 4830 ista,
2388 4765 2581 4818 fucata
2613 4763 2747 4819 licet
2775 4780 2879 4819 nec
2923 4781 2992 4819 ex
3036 4782 3172 4820 vero
3213 4766 3445 4833 coalita,
3496 4783 3636 4837 pace
3675 4782 3850 4837 coag-

2221 4852 2747 4915 mentanda.Quare
2779 4852 2968 4907 locum
3001 4856 3156 4923 apud
3188 4870 3320 4909 eum
3353 4871 3467 4909 non
3499 4854 3853 4910 invenerunt

2222 4944 2364 4999 illati
2397 4947 2599 4997 contra
2628 4957 2754 4995 eam
2788 4958 3089 4997 sermones
3119 4960 3153 4998 a
3180 4944 3567 5015 Josepho,qui
3596 4946 3847 5015 gratiam

2220 5032 2373 5103 apud
2430 5029 2753 5100 principem
2811 5028 3110 5099 antiquam
3171 5047 3320 5086 nova
3377 5032 3852 5087 reconciliatione

2224 5117 2560 5173 resarcitam
2592 5120 2834 5170 eatenus
2875 5117 3082 5187 tenuit,
3119 5122 3182 5172 ut
3229 5118 3342 5189 ipsi
3390 5124 3530 5173 tunc
3577 5120 3855 5174 restituto

2221 5208 2280 5260 in
2312 5202 2765 5260 familiaritatem
2800 5203 3106 5272 pristinam
3138 5204 3313 5259 etiam
3369 5206 3438 5260 de
3466 5205 3854 5262 commodiori

2223 5293 2543 5351 diversorio
2566 5293 2635 5346 ad
2665 5296 2859 5346 votum
2896 5293 3315 5362 provideretur.

2220 5401 2311 5455 23.
2347 5399 2410 5455 Ut
2459 5398 2646 5451 Veccus
2701 5396 2936 5450 scribere
2987 5412 3286 5467 aggressus,
3344 5413 3406 5452 ea
3452 5401 3728 5455 occasione
3784 5404 3863 5456 de

2546 5468 2804 5537 dogmate
2830 5470 3258 5523 controversiam
3280 5472 3523 5525 movent.

2294 5557 2578 5612 Caeterum
2611 5554 2943 5625 patriarcha
2972 5555 3187 5610 Veccus
3230 5559 3426 5611 tenere
3481 5573 3545 5612 se
3592 5575 3711 5614 non
3742 5576 3867 5632 po-
