4130 6270
302 371 405 424 937

1367 366 1462 417 DE
1502 364 1868 416 MICHAELE
1906 362 2329 417 PALEOLOGO
2367 366 2497 417 LIB.
2546 367 2633 418 VI.

3580 363 3689 417 938

301 493 419 569 γίας
472 490 779 567 φυλάττειν,
829 490 886 547 ἃς
936 486 1071 558 πρὸς
1116 485 1207 539 τὸν
1250 484 1475 559 γεραρὸν
1527 482 1725 537 ἐκεῖνον
1776 480 1940 553 ἄνδρα
1972 486 2022 551 Α
2056 482 2275 557 Μεγάλη
2309 483 2592 552 ἐκκλησία,
2638 484 2689 538 ἐν
2717 483 2925 556 τιμίοις
2972 484 3060 537 καὶ
3111 485 3226 558 εἶχε
3276 484 3690 560 χαρτοφύλακαν

300 584 390 637 τὸν
429 581 594 653 μέγαν
646 576 934 647 οἰκονόμον
989 578 1072 646 [Ρ.
1132 576 1258 643 326]
1317 574 1415 640 της
1475 570 1797 640 Ἐκκλησίας
1857 572 1943 623 τὸν

305 669 594 744 Ξιφιλῖνον
627 664 796 720 ἐποίει
854 660 1156 736 Θεόδωρον,
1207 661 1280 722 ὡς
1335 660 1398 714 οὐ
1444 658 1666 734 γράψαι,
1719 659 1793 720 ὡς
1851 659 1950 712 οὐκ

307 756 546 813 ἀντείποι
600 755 724 826 περί
784 750 1073 827 δογμάτων
1127 748 1223 804 κᾶν
1283 747 1313 802 ὅ
1366 769 1419 801 τι
1480 746 1687 823 λέγοιεν
1735 744 1897 801 ἄλλοι
1935 766 1945 777 ·

309 845 435 901 ἀλλ’
466 844 732 917 ὁσημέραι
765 840 1062 916 δεχόμενον
1102 837 1171 892 τὰ
1194 841 1302 891 τῶν
1354 833 1561 903 ἄλλων,
1594 833 1647 889 ο²ί
1677 832 1743 903 δὴ
1773 835 1864 889 καὶ
1896 833 1948 895 ές

313 934 449 1009 μέγα
498 929 727 1001 ηὔξανον
782 930 879 997 τὴν
938 921 1272 1002 παραὸασίαν
1329 922 1377 995 ἐξ
1436 925 1507 977 ὧν
1565 924 1668 977 ἀπὸ
1725 926 1947 996 Γραφῶν

312 1021 567 1076 δεικνύειν
615 1017 789 1091 ᾤοντο
840 1019 921 1077 οἷς
963 1017 1100 1091 πρὸς
1148 1013 1275 1075 τοὺς
1322 1010 1564 1073 Ἰταλοὺς
1616 1011 1947 1085 εἷρήνευσαν,

310 1110 399 1165 καὶ
451 1114 529 1181 τῷ
585 1108 720 1163 κατά
772 1111 904 1182 σφᾶς
954 1101 1188 1180 ἀσφαλεῖ
1231 1102 1328 1169 τήν
1385 1105 1493 1155 τῶν
1546 1096 1731 1155 ἄλλων
1783 1099 1947 1171 ὀργὴν

310 1200 579 1272 ἐξέκαιον,
640 1196 685 1250 εἰ
739 1193 1012 1255 τοιούτοις
1060 1191 1454 1265 συνισχημένοι
1511 1193 1625 1249 τοῖς
1680 1187 1947 1261 χαλεποῖς

310 1289 580 1363 ἀγνοοῦσι.
628 1284 724 1339 Διά
774 1287 939 1336 ταῦτα
970 1286 1215 1355 παρῆγον
1271 1278 1512 1333 κάκεῖνον
1558 1277 1800 1352 γράφειν,
1858 1275 1945 1329 καὶ

309 1362 414 1431 ἀπὸ
483 1377 706 1451 Γραφῶν
784 1374 1028 1439 συνιστᾷν
1089 1366 1346 1427 ὡσαύτως
1405 1366 1477 1427 ὡς
1536 1363 1632 1417 οὐκ
1690 1362 1949 1437 ἔσφαλται

309 1464 484 1541 σφίσιν
537 1461 622 1515 ἐπὶ
674 1463 929 1515 τοσοῦτον
977 1458 1077 1524 τὴν
1121 1459 1227 1510 τῶν
1280 1451 1621 1523 Ἐκκλησιῶν
1676 1472 1952 1525 καταπρα-

306 1554 555 1625 ξαμένοις
587 1550 830 1624 εἰρήνην,
864 1546 1011 1600 ἀλλά
1038 1544 1126 1599 καὶ
1170 1543 1348 1620 χωρὶς
1396 1545 1492 1595 τοῦ
1548 1541 1621 1601 εἰς
1676 1541 1947 1616 συμφέρον

306 1637 599 1715 προϐῆναι,
652 1638 820 1704 αὐτὴν
869 1637 985 1689 καθ’
1024 1633 1190 1701 αὐτὴν
1240 1630 1497 1706 ἀσφαλῶς
1530 1627 1672 1704 ἔχειν
1727 1629 1949 1691 ἐκείνοις

310 1730 559 1803 πράξασι,
594 1722 1064 1802 συγκροτουμένην
1114 1721 1207 1775 καὶ
1263 1720 1367 1774 ἀπὸ
1418 1722 1642 1794 Γραφῶν
1697 1716 1949 1774 ἄλλοθεν.

2052 570 2267 644 ὕστερον
2327 569 2384 624 δὲ
2452 573 2486 639 ἡ
2568 570 2939 645 μεγαλόπολις
2996 570 3360 641 Θεσσαλονίκη
3438 573 3694 648 ἀρχιερέα

2053 658 2381 728 έπλούτησεν
2442 661 2494 714 έν
2552 658 2705 721 ὅλοις
2782 659 2938 714 πέντε
2996 658 3190 735 λόγοις
3246 661 3313 715 τά
3373 666 3480 715 τῶν
3538 660 3696 724 θείων

2051 752 2274 822 Γραφῶν
2329 748 2462 822 ὑπὲρ
2508 755 2608 816 τῆς
2653 748 2876 822 εἰρήνης
2918 753 3026 802 τῶν
3078 749 3423 819 Ἐκκλησιῶν
3481 750 3694 807 ἀνελίτ-

2052 856 2265 892 τουσα.
2326 836 2427 892 Καὶ
2485 836 2707 898 ταύταις
2760 837 2925 891 οἱονεί
2998 835 3274 909 θεμελίοις
3347 837 3695 911 χρησάμενος

2054 929 2257 999 συνεῖρε
2313 926 2378 979 τὰ
2436 924 2685 995 πλεῖστα,
2736 926 2872 979 κατά
2917 927 3115 980 σκοπὸν
3168 926 3259 997 μὲν
3308 931 3417 980 τῶν
3474 925 3696 987 ἐκείνοις

2052 1010 2440 1085 γεγραμμένων
2495 1010 2716 1086 βάλλειν
2770 1010 2996 1081 ἐθέλων,
3057 1011 3209 1083 ὅμως
3255 1010 3312 1066 δὲ
3358 1013 3445 1067 καὶ
3477 1012 3696 1086 λίχναις

2052 1104 2169 1161 ταῖς
2236 1104 2468 1172 γραφαῖς
2528 1100 2715 1173 ὁρμῶν
2790 1099 3207 1173 ἐπιμελέστερον
3258 1102 3548 1175 ἀνηρεύνα,
3606 1101 3697 1155 καὶ

2054 1187 2205 1241 πάντ’
2238 1186 2381 1241 ἴθυνε
2410 1188 2543 1262 πρὸς
2574 1189 2665 1242 τὸν
2706 1192 2920 1262 πρῶτον
2973 1189 3171 1243 σκοπὸν
3219 1187 3438 1255 ἐκεῖνον,
3499 1189 3574 1250 ὡς
3614 1189 3697 1242 ἐπ’

2055 1275 2285 1351 ἀσφαλεῖ
2329 1278 2827 1351 πεπραγμάτευται.
2874 1276 3029 1345 Πλὴν
3074 1276 3171 1331 οὐκ
3202 1274 3285 1330 ἐπ’
3317 1274 3527 1350 ὀλίγοις
3580 1274 3701 1331 ἵστα

2051 1369 2167 1425 τοῖς
2198 1362 2484 1438 ἀριδήλοις
2542 1364 2669 1427 τοὺς
2724 1364 2950 1441 λόγους,
3007 1364 3154 1420 ἀλλὰ
3200 1365 3289 1420 καὶ
3348 1365 3437 1420 ἐπὶ
3467 1371 3583 1427 τοῖς
3619 1367 3695 1437 μή

2056 1451 2384 1525 ἁρμόττουσι
2418 1450 2835 1527 λιχνευόμενος,
2886 1455 2966 1515 οἷς
3011 1454 3100 1507 καὶ
3148 1452 3427 1529 ἀντιλογία
3478 1451 3701 1528 εὔλογος

2058 1540 2290 1609 ἐφῆπτο,
2338 1540 2529 1594 ταυτόν
2582 1543 2628 1595 τ’
2662 1540 2864 1615 ἔπασχε
2906 1546 3021 1603 τοῖς
3051 1542 3381 1609 κακοσίτοις,
3415 1539 3466 1595 ο’ί
3498 1541 3698 1616 χρησί-

2059 1650 2164 1700 μην
2196 1629 2402 1704 τροφὴν
2429 1629 2517 1681 καὶ
2559 1632 2638 1700 τῷ
2670 1629 2879 1701 στομάκ
2923 1627 3162 1704 ῳρᾳδίαν
3196 1635 3486 1704 κατασχεῖν
3516 1650 3691 1703 προσ-

2056 1716 2373 1792 φερόμενοε,
2434 1714 2651 1790 ὕστερον
2709 1716 2798 1770 καὶ
2852 1722 2971 1778 τοῖς
3036 1718 3109 1790 μὴ
3166 1717 3466 1791 χρησίμοις
3499 1718 3698 1792 ὲπιχή-

312 1819 503 1872 Πίπτει
559 1816 685 1892 γοῦν
746 1813 822 1873 εἲς
900 1816 1090 1885 χεῖρας
1148 1808 1328 1880 ἐκείνῳ
1382 1807 1580 1877 τάέτῴ
1654 1808 2259 1889 σοφωτάτῳΒναντες,
2305 1806 2555 1877 έξέμεσαν
2604 1804 2795 1877 σύναμ³
2841 1806 3062 1868 έκείνοις
3114 1808 3204 1861 καὶ
3262 1808 3361 1875 τὴν
3421 1806 3701 1861 συνοίσου-

310 1890 604 1975 Βλεμμίδῂ
648 1899 913 1975 γραφέντα
969 1896 1103 1971 πρός
1132 1915 1189 1949 τε
1245 1895 1333 1948 τὸν
1394 1892 1618 1967 βασιλέα
1646 1890 1946 1965 Θεόδωρον,

310 1994 490 2065 ἀρχὴν
537 1986 735 2064 ἔχοντα
763 1988 844 2056 τὸ,
880 2010 905 2037 ‹‹
939 1987 994 2038 Ὁ
1049 1988 1224 2054 ζητῶν
1256 1982 1308 2037 ἐν
1341 1983 1408 2035 οὐ
1456 1986 1630 2053 καιρῷ
1670 1982 1758 2034 καὶ
1808 1979 1950 2054 λαμ-

310 2077 489 2135 ϐάνων
544 2081 597 2133 ἐν
627 2083 821 2153 καιρῷ,
857 2100 880 2129 υ
913 2077 999 2130 καὶ
1033 2076 1099 2128 τά
1128 2075 1263 2149 πρὸς
1312 2073 1402 2126 τὸν
1453 2070 1790 2144 Βουλγαρίας
1845 2069 1947 2125 Ἰά-

307 2166 513 2241 κωϐον,
544 2170 627 2237 τὸ,
663 2170 872 2222 «Ἔστι
926 2185 1020 2237 μοι
1066 2164 1232 2222 πάθος
1281 2159 1413 2235 ὅπερ
1462 2156 1754 2234 ἐξαγγελῶ·
1815 2160 1948 2232 πρὸς

306 2258 571 2329 ἀκέστορα
616 2256 715 2331 γὰρ
765 2255 966 2329 ἱερὸν»
1018 2252 1310 2326 προοίμιον
1359 2248 1605 2324 φέροντα.
1656 2247 1946 2319 Ἐμπίπτει

305 2348 395 2401 καὶ
444 2340 637 2420 βίϐλος
687 2341 833 2411 ἄλλη
878 2346 973 2395 τοῦ
1018 2337 1331 2411 Μαρωνείας
1378 2336 1608 2406 Νικήτα,
1660 2336 1717 2389 ’ὸν
1768 2338 1802 2404 ἡ
1851 2336 1944 2407 μὲν

308 2563 426 2618 tuit
454 2561 607 2616 intra
637 2560 784 2612 ﬁnes
817 2559 1119 2627 pactorum
1152 2552 1367 2623 quibus
1398 2550 1549 2605 ultro
1598 2567 1658 2604 se
1689 2550 1948 2605 obstrin-

302 2649 606 2706 xeratviro
638 2645 721 2699 illi
774 2641 1080 2715 praestanti
1130 2656 1343 2710 magno
1393 2654 1691 2693 ueconomo
1749 2637 1947 2692 Eccle-

306 2740 408 2794 size
459 2735 759 2793 Theodoro
809 2730 1132 2801 Xiphilino,
1185 2727 1464 2798 pollicens
1524 2743 1584 2780 se
1644 2742 1758 2779 non
1805 2725 1942 2779 scri-

308 2832 550 2898 pturum
632 2826 730 2877 aut
816 2818 1314 2873 contradicturum
1419 2814 1572 2869 circa
1650 2814 1944 2884 dogmata,

314 2911 595 2983 quidquid
627 2909 720 2964 alii
754 2909 1032 2963 dicerent.
1085 2908 1225 2959 Cum
1277 2903 1433 2958 enim
1480 2902 1740 2973 quotidie
1789 2902 1942 2955 acci-

314 3005 477 3073 peret
512 3015 653 3054 nova
684 2994 1117 3053 adversantium
1151 2992 1389 3059 scripta,
1421 2990 1637 3062 quibus
1661 2989 1946 3044 invidiose

310 3088 737 3160 exaggerabant
751 3086 970 3141 crimen
990 3084 1059 3137 ad
1070 3082 1381 3137 missorum
1396 3080 1455 3133 in
1470 3078 1942 3136 communionem

2058 1915 2168 1947 σαν.
2217 1892 2275 1945 Τί
2322 1894 2382 1947 τὸ
2416 1894 2691 1964 ἒντεῦθένς
2725 1893 2891 1968 Μάχη
2934 1916 3016 1956 τις
3068 1896 3150 1948 ἐπ’
3210 1895 3275 1949 οὐ
3332 1895 3564 1970 καιρίοις
3611 1896 3700 1949 καὶ

2062 1980 2365 2059 φιλονεικία
2393 1980 2718 2038 συνίσταται.
2775 1982 2851 2038 Τὸ
2893 1980 2949 2036 δὲ
3005 1990 3105 2052 τῆς
3164 1983 3349 2058 μάχας
3405 1983 3698 2061 κεφάλαιον

2063 2070 2143 2124 ὅτι
2190 2072 2460 2125 κινοῦνται
2506 2069 2773 2145 δόγματα.
2808 2072 3027 2142 Μέλεοι,
3081 2074 3190 2127 εἶτα
3220 2072 3347 2144 ὑμῖν
3380 2074 3471 2145 μὲν
3523 2072 3698 2150 ἐφεῖτο

2059 2160 2109 2219 ές
2140 2160 2223 2213 ὅτι
2250 2162 2526 2234 χρήσασθε
2552 2157 2808 2233 δόγμασι,
2840 2160 2929 2213 καὶ
2970 2160 3141 2214 εἰσιτά
3172 2162 3224 2224 ές
3275 2162 3421 2215 οἶκον
3472 2162 3697 2231 Κυρίου,

2056 2247 2246 2301 ταυτὸν
2299 2246 2343 2301 δ’
2400 2248 2566 2302 εἰπεῖν
2628 2247 2717 2300 καὶ
2777 2244 3085 2323 δογμάτων,
3143 2248 3237 2303 κᾶν
3290 2251 3317 2302 ’ὁ
3362 2270 3414 2303 τι
3466 2249 3695 2324 λέγοιτε’

2058 2333 2248 2398 ἄλλοις
2300 2333 2345 2389 δ’
2395 2336 2491 2391 οὐκ
2537 2337 2601 2405 ἦν
2654 2339 2953 2409 μεμνῆσθαι
3005 2336 3292 2413 δογμάτων
3323 2336 3693 2412 ἀπολογουμέ-

2056 2551 2163 2604 viri
2221 2552 2526 2623 scriptum,
2586 2556 2752 2624 cujus
2800 2559 2889 2610 est
2939 2555 3046 2610 hoc
3094 2557 3398 2611 exordium
3454 2572 3467 2610 :
3522 2579 3550 2606 ‹‹
3585 2560 3690 2611 La-

2058 2640 2195 2695 boro
2244 2642 2443 2695 morbo
2485 2659 2660 2712 quem
2721 2644 2977 2714 aperiam
3047 2662 3059 2698 :
3120 2661 3255 2699 cum
3321 2661 3485 2699 sacro
3536 2645 3691 2698 enim

2055 2728 2280 2782 medico
2312 2746 2504 2784 sermo
2563 2731 2705 2785 mihi
2767 2738 2875 2786 est.
2910 2754 2936 2781 ››
2987 2737 3268 2787 Praeterea
3327 2750 3475 2805 opus
3534 2733 3691 2787 aliud

2056 2816 2417 2872 Maronensis
2450 2818 2658 2873 Nicetze
2705 2821 2809 2873 viri
2869 2821 3234 2889 venerabilis,
3293 2822 3391 2891 qui
3452 2838 3517 2875 ex
3569 2838 3696 2875 ma-

2053 2922 2180 2977 gnas
2245 2906 2500 2962 ecclesiae
2558 2909 3009 2980 cbartophylace
3089 2928 3308 2981 magnae
3380 2910 3689 2966 Thessalo-

2054 2993 2309 3049 nicensis
2382 2995 2649 3050 Ecclesia
2733 2997 3208 3069 archiepiscopus
3289 3001 3498 3067 fuerat,
3580 3016 3693 3070 quo

2052 3098 2223 3153 opere
2298 3083 2463 3138 libris
2533 3084 2791 3154 quinque
2862 3086 3304 3156 explicabuntur
3380 3104 3409 3141 θ
3477 3087 3691 3142 divinis

306 3175 835 3246 Latinorum,quod
872 3171 1014 3227 nihil
1049 3172 1245 3225 minus
1276 3185 1452 3239 quam
1486 3167 1765 3222 nefariam
1799 3183 1943 3238 apo-
1973 3194 2016 3259 Ο
2051 3172 2367 3243 Scripturis
2399 3189 2525 3243 quae
2549 3174 2619 3228 ad
2650 3190 2849 3244 pacem
2899 3175 3277 3230 ecclesiarum
3328 3175 3689 3235 constituen-

311 3266 555 3322 stasiam
615 3279 743 3319 esse
795 3259 1241 3325 contendebant,
1314 3257 1371 3311 id
1425 3257 1828 3311 demonstrare
1880 3269 1940 3309 se

306 3358 585 3427 putantes
654 3350 825 3406 certis
896 3365 1026 3420 quae
1106 3346 1437 3417 allegabant
1513 3345 1945 3414 Scripturarum

305 3440 691 3509 testimoniis,
750 3437 1270 3508 adjungebantque
1316 3434 1473 3503 ipsos
1525 3432 1672 3488 falsa
1723 3434 1836 3487 ista
1893 3434 1949 3486 et

308 3547 575 3603 perversa
600 3526 931 3594 securitate,
965 3542 1082 3595 qua
1113 3522 1293 3594 impio
1344 3522 1490 3575 facto
1522 3520 1679 3575 velut
1711 3524 1860 3575 recto
1893 3523 1949 3574 et

311 3616 591 3673 laudabili
628 3632 727 3686 per
759 3628 1013 3668 errorem
1047 3608 1263 3664 delusa;
1311 3606 1676 3662 conscientias
1715 3608 1947 3676 acquie-

308 3707 573 3773 scchant,
623 3702 935 3759 accendere
991 3700 1049 3753 in
1109 3715 1170 3753 se
1229 3697 1344 3751 iras
1395 3696 1642 3767 odiaque
1700 3696 1946 3749 aliorum

309 3798 548 3867 propter
577 3793 890 3847 caecitatem
923 3788 1125 3853 animi,
1160 3804 1275 3857 qua
1305 3802 1418 3840 non
1450 3784 1700 3855 cognitis
1731 3784 1948 3854 quibus

304 3884 579 3955 impliciti
638 3882 923 3937 haererent
975 3877 1146 3933 malis
1193 3875 1252 3930 in
1294 3876 1367 3929 iis
1390 3874 1500 3929 sibi
1534 3874 1847 3944 placerent,
1882 3903 1949 3914 —-

312 3987 449 4028 cum
508 3970 709 4037 hujus,
762 3968 1025 4037 inquam,
1085 3962 1385 4019 sententiae
1436 3961 1662 4015 libeilos
1723 3960 1950 4032 prodire

310 4060 629 4131 spargique
662 4057 720 4112 in
751 4056 961 4127 vulgus
988 4053 1272 4125 plurimos
1308 4055 1589 4114 cerneret,
1624 4055 1950 4122 pertractus

311 4148 548 4203 tandem
608 4146 678 4200 ad
737 4144 1109 4199 scribendum
1170 4144 1278 4211 est,
1339 4145 1659 4210 contraque
1707 4140 1951 4193 demon-

314 4235 628 4293 strandum
665 4230 1018 4288 testimoniis
1072 4229 1287 4301 pariter
1316 4229 1669 4298 scriptorum
1701 4228 1952 4282 authen-

312 4324 587 4391 ticorum,
615 4321 759 4375 nihil
792 4337 825 4374 a
855 4337 917 4375 se
950 4323 1050 4373 aut
1080 4336 1112 4373 a
1143 4334 1280 4372 suas
1330 4321 1520 4387 partes
1569 4316 1950 4386 sequentibus

316 4416 578 4468 erratum
614 4410 670 4463 in
702 4408 976 4463 omnibus
1028 4423 1154 4475 quae
1205 4406 1487 4461 hactenus
1538 4405 1793 4474 egissent
1849 4420 1951 4474 pro

314 4517 460 4573 pace
518 4496 881 4553 concilianda
936 4493 1343 4558 Ecclesiarum,
1409 4494 1505 4547 sed
1556 4492 1641 4546 vel
1691 4492 1739 4546 si
1793 4490 1953 4546 nulla

2052 3260 2185 3313 dam
2218 3261 2591 3331 pertinerent.
2627 3266 2759 3316 Haec
2808 3262 2990 3333 igitur
3026 3262 3248 3318 Veccus
3280 3269 3547 3319 accurate
3577 3264 3689 3319 sibi

2052 3346 2201 3401 lecta
2257 3348 2594 3418 scriptionis
2626 3366 2798 3418 quam
2860 3351 3252 3407 meditabatur
3281 3352 3449 3422 quasi
3482 3352 3690 3408 funda-

2055 3439 2250 3489 menta
2289 3435 2532 3505 habuit;
2566 3437 2781 3508 quibus
2823 3438 3059 3494 aliunde
3107 3439 3386 3511 colligens
3444 3442 3692 3496 astruxit

2054 3522 2329 3594 plurima,
2391 3541 2492 3593 pro
2548 3543 2720 3597 scopo
2784 3526 3019 3582 intuens
3074 3528 3222 3583 illud
3280 3530 3475 3600 ipsum
3538 3531 3693 3602 quod

2054 3612 2298 3666 istorum
2331 3615 2889 3669 commentariorum
2922 3621 3186 3671 auctores
3218 3617 3329 3671 sibi
3377 3634 3693 3688 proposue-

2056 3704 2205 3755 rant.
2258 3700 2625 3755 Gontendens
2672 3709 2864 3756 autem
2927 3705 2995 3758 ad
3043 3706 3219 3759 istum
3272 3706 3447 3759 finem
3482 3708 3696 3777 cupido

2055 3790 2307 3859 quodam
2363 3788 2583 3858 impetu
2645 3790 2957 3855 scribendi,
3018 3793 3267 3862 indeque
3301 3800 3698 3863 perscrutatus

2057 3877 2290 3947 singula
2364 3876 2724 3947 diligentius,
2774 3885 2983 3932 cuncta
3042 3880 3257 3935 direxit
3306 3882 3377 3936 ad
3439 3882 3693 3952 primum

2056 3964 2222 4017 illum
2258 3980 2502 4034 scopum
2562 3966 3001 4020 demonstrandi
3060 3972 3211 4021 recte
3264 3985 3329 4022 ac
3373 3983 3577 4024 secure
3636 3970 3693 4024 in

2057 4051 2163 4105 hac
2212 4052 2529 4107 concordiae
2580 4053 2923 4108 tractatione
2972 4059 3100 4108 acta
3146 4071 3274 4111 esse
3324 4057 3541 4111 omnia.
3586 4059 3691 4114 Ve—

2057 4156 2187 4194 rum
2219 4144 2385 4209 capto
2412 4140 2592 4194 semel
2620 4141 2842 4211 impetu
2876 4142 3167 4197 scribendi
3206 4160 3318 4197 non
3377 4144 3434 4198 in
3487 4147 3689 4215 paucis

2057 4227 2174 4281 illis
2230 4228 2491 4283 constitit
2546 4246 2673 4299 quae
2737 4230 3214 4285 demonstrantur
3262 4231 3598 4290 evidenter:
3632 4240 3692 4289 at

2059 4316 2366 4386 prolapsus
2387 4316 2659 4372 aviditate
2692 4320 2944 4384 quadam
2978 4319 3093 4374 alia
3143 4320 3233 4374 his
3283 4324 3526 4377 attexuit
3575 4341 3688 4377 non

2058 4406 2479 4474 convenientia,
2511 4408 2844 4478 quibusque
2893 4425 3007 4463 non
3038 4408 3165 4463 sine
3197 4409 3418 4464 ratione
3463 4421 3692 4467 contra-

2060 4494 2275 4549 dictum
2309 4499 2416 4561 est,
2452 4494 2643 4549 simile
2673 4495 2815 4565 quid
2870 4513 3076 4566 passus
3129 4495 3201 4551 iis
3256 4497 3355 4569 qui
3403 4500 3590 4565 crudi,
3641 4506 3697 4555 et

316 4553 468 4644 atto
500 4588 810 4642 haberetur
841 4582 1163 4638 utilitatum
1196 4553 1522 4651 ingentium
1555 4598 1678 4651 qua:
1729 4596 1799 4633 ex
1845 4579 1950 4632 hac
1981 4553 2027 4615 D
2059 4583 2361 4638 stomacho
2396 4553 2755 4649 intirmo,ulbi
2787 4553 2982 4639 cibum
3016 4584 3216 4639 utilem
3251 4553 3309 4641 et
3340 4586 3528 4643 facilis
3556 4553 3694 4643 οόιᾷζ

316 4675 792 4733 reconeiiiatione
822 4672 883 4725 in
916 4669 1336 4741 rempublicam
1366 4670 1700 4745 universam
1734 4668 1950 4722 redun-

314 4768 551 4830 darent,
584 4765 770 4831 ipsam
817 4779 917 4833 per
959 4776 1019 4815 se
1056 4758 1424 4814 concordiam
1480 4748 1953 4811 honestissimam

318 4854 504 4908 fuisse
537 4856 936 4921 remotamque
968 4849 1039 4902 ab
1071 4847 1227 4902 omni
1273 4844 1528 4918 periculo
1587 4845 1952 4900 conscientiae

314 4943 619 5007 laedenda,
693 4938 912 5010 quippe
988 4938 1157 5007 cujus
1236 4934 1479 5004 aequitas
1554 4938 1611 4988 et
1674 4934 1954 4988 sanctitas

315 5028 767 5087 auctoritatibus
833 5031 1093 5081 veterum
1164 5024 1400 5078 Patrum
1472 5021 1955 5093 gravissimisque

313 5120 469 5175 477
534 5116 725 5173 omnis
764 5114 994 5187 generis
1023 5128 1200 5168 sacrae
1242 5111 1607 5183 antiquitatis
1657 5110 1953 5182 suffragiis

314 5205 560 5278 egregie
580 5204 989 5261 commendata
1019 5201 1382 5271 probaretur.
1426 5199 1727 5254 Procincto
1762 5207 1953 5254 autem

313 5292 505 5347 Vecco
539 5292 607 5345 ad
642 5291 751 5345 hoc
782 5289 1154 5343 tractandum
1184 5291 1596 5358 argumentum
1628 5286 1957 5341 inciderunt

317 5382 469 5435 forte
500 5380 557 5433 in
588 5395 796 5433 manus
829 5394 953 5447 quae
986 5375 1457 5445 sapientissimus
1501 5373 1850 5429 Blemmidas
1882 5375 1953 5429 ad

314 5470 732 5540 imperatorem
777 5465 1141 5521 Theodorum
1200 5464 1510 5534 scripserat
1566 5462 1673 5517 hoe
1731 5462 1951 5518 initio:

318 5583 346 5608 ((
382 5558 492 5622 Qui
525 5556 731 5628 quaerit
765 5570 877 5608 non
930 5552 988 5606 in
1036 5559 1296 5622 tempore
1344 5555 1402 5607 et
1449 5551 1658 5622 accipit
1699 5552 1757 5606 in
1807 5555 1956 5607 tem—

322 5662 561 5719 pore;»
604 5647 661 5699 et
706 5641 866 5699 aliud
917 5640 987 5696 ad
1034 5641 1318 5695 Jacobum
1362 5638 1640 5709 Bulgariae
1696 5641 1954 5710 ejusdem

606 5762 873 5819 PATROL.
922 5759 1031 5818 Gn.
1070 5757 1329 5819 CXLIII.

2065 4670 2346 4725 coctionis
2370 4676 2772 4741 perceperunt,
2805 4672 2919 4727 alia
2940 4690 3115 4742 super
3140 4674 3413 4745 ingerunt
3464 4694 3577 4732 non
3611 4696 3699 4732 sa-

2065 4758 2271 4824 lubria,
2307 4758 2454 4830 gulaa
2504 4758 2785 4814 inhiantis
2830 4761 3105 4816 aviditate
3152 4763 3339 4828 tracti,
3374 4766 3526 4820 Unde
3568 4782 3699 4820 con-

2064 4851 2245 4901 tracta
2276 4863 2493 4902 nausea
2526 4849 2918 4919 profuturum,
2971 4849 3019 4905 si
3071 4850 3264 4906 solum
3315 4853 3542 4919 fuisset,
3587 4854 3697 4909 ali-

2064 4943 2348 5004 meatum,
2379 4956 2496 4994 una
2542 4957 2673 4994 cum
2728 4941 2895 4996 noxio
2946 4943 3161 5013 pariter
3199 4951 3493 5003 evomunt.
3550 4946 3695 5008 Quid

2064 5032 2259 5081 autem
2314 5027 2465 5081 478
2526 5028 2661 5083 inde
2716 5036 3095 5086 consecutum
3154 5032 3304 5087 est?
3368 5035 3695 5089 Conﬂaturn

2064 5131 2273 5186 nempe
2320 5121 2611 5170 certamen
2669 5116 3144 5188 intempestivum
3199 5121 3697 5194 commissumque

2058 5202 2340 5274 jurgium,
2384 5203 2595 5258 acriter
2644 5207 3105 5276 repugnantibus
3154 5207 3337 5263 Vecco
3388 5208 3697 5281 plurimis;

2063 5308 2313 5360 quorum
2340 5292 2394 5345 in
2423 5292 2612 5361 ipsum
2647 5293 3013 5362 querelarum
3054 5296 3162 5349 hoc
3195 5301 3369 5364 caput
3398 5302 3520 5351 erat
3547 5300 3698 5367 quod

2065 5395 2167 5449 per
2230 5396 2361 5433 eum
2426 5386 2794 5435 moverentur
2844 5383 3135 5453 dogmata,
3190 5384 3345 5453 quod
3412 5389 3529 5439 tam
3581 5385 3705 5455 ipse

2066 5484 2241 5538 quam
2276 5467 2322 5521 ei
2359 5468 2720 5523 adhaerentes
2754 5470 2903 5523 rixas
2941 5472 3140 5525 inanes
3174 5477 3449 5525 sererent.
3516 5473 3701 5527 Adde-

2065 5558 2205 5611 bant
2239 5572 2303 5609 :u
2336 5556 2529 5610 Liceat
2567 5574 2706 5612 sane
2754 5559 3020 5626 privatim
3084 5560 3224 5614 istas
3278 5562 3428 5616 inter
3476 5579 3574 5616 vos
3636 5565 3705 5617 de

2066 5645 2335 5714 dogmate
2385 5645 2604 5714 agitare
2661 5648 3106 5714 controversias,
3143 5649 3244 5701 sed
3293 5650 3584 5705 abstinete
3634 5653 3705 5706 ab

3351 5768 3431 5827 30
