4110 6280
425 350 537 403 939

1726 349 2024 405 GEORGII
2064 350 2522 404 PACHYMERE

3706 340 3822 393 940

424 490 533 529 νοις
562 468 684 542 περὶ
728 465 1038 542 δογμάτων,
1098 466 1194 521 κᾶν
1260 472 1570 539 μεμνῶνται
1622 466 2372 542 ἀναγκαζόμενοι,Αδεινόν.
2446 467 2635 528 Διδοὺς
2710 466 2755 522 δ’
2831 467 2942 521 αἰὲν
3026 462 3409 536 ὑπεκκαύματα
3482 463 3665 536 μάχης
3718 460 3826 513 οὐκ

426 556 664 612 ἀδικοῖεν
700 556 760 610 ἅν
799 577 811 625 ;
845 559 989 630 Ἐγὼ
1047 557 1139 626 μὶν
1175 556 1273 609 οὐκ
1324 558 1494 627 οἶμαι.
1554 558 1708 624 Πλὴν
1759 558 1923 630 μέχρι
1983 557 2068 610 καὶ

430 646 604 700 αὐτῶν
660 644 955 711 βασιλικῶν
1015 644 1190 697 ἀκοῶν
1249 660 1389 707 τιτες
1444 645 1641 718 ἀνῆγον
1684 644 1745 698 τὸ
1797 642 2071 718 ἔγκλημα,

428 732 517 787 καὶ
564 733 611 805 γ’
671 732 960 806 εἰρηνεύειν
1006 736 1087 804 [Ρ.
1120 734 1245 804 327]
1302 733 1683 807 ὑπισχνοῦντο,
1718 732 1766 786 εἷ
1822 730 2074 806 βασιλεὺς

436 821 615 895 ῥητῶς
643 822 972 895 προστάσσοι
1020 822 1096 892 μὴ
1146 818 1335 874 λαλεῖν
1384 821 1505 874 τινὰ
1535 818 1802 894 δόγματα,
1836 821 1931 874 κᾶν
1988 821 2074 873 οἷα

434 909 523 962 καὶ
582 911 730 970 ὅπως
780 906 957 981 λέγοι.
1012 910 1068 960 Ὁ
1123 906 1305 980 μέντοι
1357 930 1417 982 γε
1471 908 1726 981 βασιλεὺς
1776 906 1948 962 θὲλων
1979 908 2072 979 μὶν

437 997 527 1051 καὶ
574 1000 672 1066 τὴν
730 997 951 1070 εἰρήνην
1012 997 1251 1069 ἐκείνων,
1314 994 1678 1071 δυσχεραίνων
1740 994 1796 1051 δὲ
1843 997 1933 1050 καὶ
1974 998 2072 1064 τήν

437 1083 672 1154 αἴτησιν,
734 1084 994 1148 ἐκτίθεται
1054 1082 1300 1158 δόγματα
1355 1085 1676 1157 γράμμασι,
1724 1082 1916 1138 δοκοῦν
1980 1084 2072 1155 μὶν

435 1172 669 1249 ἀσφαλὲς
701 1174 877 1248 σφίσιν
930 1173 1007 1249 ἐφ’
1034 1173 1181 1246 ᾧπερ
1233 1178 1466 1243 ζητοῖεν,
1518 1171 1703 1235 ἄλλως
1750 1170 1795 1225 δ’
1845 1165 2072 1247 ἔλεγχον

433 1260 862 1334 προϊσχόμενον.
913 1264 1045 1313 Θεοῦ
1092 1261 1217 1333 γὰρ,
1267 1255 1439 1334 ἔλεγε,
1489 1262 1885 1331 μνημονευτέον
1942 1259 2077 1331 μᾶλ-

437 1346 532 1402 λον
576 1349 611 1416 ἢ
665 1347 1074 1402 ἀναπνευστὲον.
1131 1347 1318 1421 Δόγμα
1375 1345 1478 1422 ἄρα
1537 1350 1729 1421 μνήμη
1789 1353 1939 1404 Θεοῦ.
2001 1349 2075 1403 Τὸ

443 1435 626 1509 μεντοι
678 1458 737 1508 γε
766 1441 869 1489 τῶν
905 1440 1126 1512 Γραφῶν
1176 1435 1554 1510 παρεκκλίνειν
1610 1436 1885 1491 κωλυτέον
1943 1436 2075 1491 εἶναι

437 1525 680 1593 καθάπαξ
738 1523 1115 1597 προσέτασσεν·
1168 1524 1246 1580 Οὐ
1290 1525 1396 1595 μὴν
1450 1522 1506 1578 δὲ
1552 1525 1638 1578 καὶ
1684 1523 1859 1587 αἰτίας
1904 1525 1930 1577 ὁ
1975 1542 2076 1578 παι-

433 1617 711 1687 τριαρχῶν
745 1612 1074 1679 ἀπολέλυτο,
1113 1618 1338 1685 πρᾶγμα
1368 1611 1661 1686 σκιῤῥωθὶν
1710 1609 1818 1680 ἤδη
1853 1612 2077 1687 χρόνοις

436 1700 714 1761 πλείστοις
784 1699 1099 1769 ἐξαπιναίως
1154 1699 1442 1771 μαλάττειν
1503 1698 1728 1767 ἐθέλων,
1776 1700 1867 1754 καὶ
1915 1704 2079 1753 ταῦτα

436 1789 728 1863 τιμωρίαις
782 1788 1178 1862 μεγίσταιςτοῦ
1213 1789 1480 1860 βασιλέως
1531 1788 1658 1849 τοὺς
1711 1789 2078 1842 ἀποστατοῦν-

437 1894 531 1938 τας
561 1876 895 1940 εὐθύνοντος.
948 1881 1174 1950 Σῶφρον
1235 1876 1324 1929 οὖν
1383 1877 1467 1947 ἦν,
1529 1876 1578 1930 εἴ
1632 1880 1797 1949 σιγῶν
1850 1874 2075 1930 διετέλει

439 1965 528 2018 καὶ
579 1967 677 2033 τὴν
707 1966 1031 2039 κατηγορίαν
1065 1962 1276 2040 διέφερε
1301 1966 1509 2039 πράως·
1568 1964 1729 2033 ἧττον
1785 1966 1886 2039 γὰρ
1916 1966 1981 2033 ἢν
2013 1964 2075 2018 τὸ

442 2178 534 2233 his
566 2178 708 2233 rixis
735 2175 1177 2232 introducendls
1207 2172 1265 2229 in
1298 2176 1533 2230 domum
1568 2175 1819 2245 Domini,
1854 2194 1881 2225 »
1911 2170 2075 2245 quasi

443 2266 994 2321 dicerentzasentire
1026 2278 1126 2319 vos
1158 2267 1215 2319 et
1245 2264 1406 2334 loqui
1433 2264 1699 2333 privatim
1730 2265 1802 2318 de
1832 2265 2076 2334 dogma-

442 2354 601 2410 tibus
634 2357 697 2409 ut
726 2354 1107 2423 vultis,fuerit
1126 2352 1447 2407 tolerabile.
1486 2351 1632 2406 Illud
1667 2353 2075 2422 deprecamur:

442 2448 760 2513 temperate
794 2443 864 2496 ab
924 2441 1014 2496 his
1073 2441 1595 2511 disceptationibus
1656 2439 1966 2510 vulgandis
2026 2444 2081 2493 et

442 2531 732 2586 turbanda
762 2529 1134 2598 simplicitate
1166 2530 1328 2583 rudis
1361 2528 1559 2599 populi
1595 2529 1743 2582 bona
1801 2528 1911 2582 ﬁde
1961 2532 2078 2581 tra-

444 2619 581 2673 ditis
611 2618 1057 2689 asquiescentis.
1096 2639 1121 2664 ››
1154 2617 1246 2670 Hae
1299 2616 1617 2670 multorum
1666 2633 1833 2671 voces
1881 2616 2079 2669 audie-

450 2708 661 2760 bantur
692 2706 993 2760 occasione
1026 2703 1379 2774 scriptorum
1414 2704 1598 2768 Vecci,
1632 2704 1689 2758 in
1750 2704 1967 2774 quibus
2026 2708 2081 2756 et

447 2793 589 2847 illud
624 2793 864 2863 quidam
900 2791 1421 2862 reprehendebant,
1473 2793 1626 2863 quod
1686 2792 1745 2845 in
1776 2792 1847 2846 iis
1880 2790 2081 2860 iniqua

448 2881 777 2936 conditiOne
809 2884 1102 2935 certamen
1134 2897 1267 2934 cum
1325 2880 1673 2935 adversariis
1730 2884 2077 2950 capesseret,

448 2969 782 3038 disceptans
812 2968 936 3038 ipse
997 2968 1066 3021 de
1117 2968 1410 3037 dogmate,
1443 2983 1559 3036 qua
1616 2966 1686 3019 de
1745 2982 1805 3019 re
1863 2964 2082 3019 sciebat

446 3054 578 3109 aliis
609 3053 908 3109 silentium
968 3054 1275 3108 indictum.
1326 3054 1387 3106 In
1420 3068 1533 3122 quo
1564 3052 1611 3105 si
1657 3068 1754 3105 eos
1799 3051 2081 3105 lacessere

2178 555 2437 633 ἀσφαλέσι
2488 559 2713 629 πάμπαν
2773 554 3114 628 ἀντιλογίαις
3170 552 3396 612 ἐκείνοις
3449 552 3541 623 μὲν
3591 555 3827 623 παρεῖχε

2180 640 2373 710 λαϐὰς,
2428 645 2601 715 ἑαυτῷ
2653 642 2709 698 δὲ
2766 644 2854 697 καὶ
2908 646 3024 703 τοῖς
3082 644 3402 696 κοινωνοῦσι
3450 640 3548 705 τὴν
3608 636 3823 697 ἐσαῦθις

2183 728 2393 806 βλάϐην
2455 733 2753 807 προύξένει.
2817 732 2952 789 Τότε
3010 729 3066 785 δὲ
3120 732 3217 798 τὴν
3280 730 3483 802 Ἰωσὴφ
3514 731 3820 800 πυθόμενος

2180 818 2377 895 ἄφιξιν,
2410 817 2487 875 ἔτι
2520 818 2577 875 δὲ
2623 821 2711 875 καὶ
2755 822 2853 889 τὴν
2902 820 3249 894 τοῦἘφὲσου
3280 819 3357 887 τῷ
3409 815 3623 891 βασιλεῖ
3652 836 3820 888 προσ-

2180 906 2359 977 εδριαν
2419 907 2472 961 ἐν
2520 908 2581 961 οὐ
2631 908 2823 968 καλαῖς
2868 907 3124 978 ὑποψίαις
3168 904 3517 975 ποιούμενος,
3569 900 3825 957 ἐπιστελο-

2180 994 2262 1049 λει
2319 1000 2398 1065 τῷ
2454 994 2700 1071 Ἑφέσου,
2752 994 3061 1070 προστιθεὶς
3117 993 3178 1046 τὸ
3245 998 3345 1046 πᾶν
3404 997 3483 1062 τῷ
3540 988 3821 1065 ἱερωτάτῳ

2179 1082 2315 1135 κατὰ
2372 1082 2633 1149 Θωπείαν,
2692 1088 2770 1152 τῷ
2822 1083 3046 1158 γράφειν
3103 1082 3532 1155 πανιερώτατον.
3597 1082 3822 1133 Βασιλεῖ

2180 1168 2523 1243 ἑντυγχάνειν
2575 1169 2752 1241 ἠξίου,
2808 1171 2906 1238 τὴν
2961 1170 3034 1230 εἷς
3092 1168 3287 1223 ἐκεῖνον
3345 1173 3441 1222 τοῦ
3481 1167 3821 1240 πατριάρχου

2180 1255 2353 1334 ἄφιξιν
2388 1252 2623 1328 εὖμενῶς
2660 1254 2987 1327 κατανεύειν,
3021 1257 3066 1312 εἰ
3099 1255 3154 1311 δε
3201 1258 3290 1311 καὶ
3320 1257 3498 1331 ῥητῶς
3552 1256 3820 1329 προστάσ-

2181 1366 2287 1411 σοι,
2320 1345 2454 1417 πρὸς
2482 1344 2638 1399 τοῦτο
2690 1345 2921 1398 εἴσεσθαι
2973 1345 3130 1419 χάριν
3181 1344 3242 1398 οὐ
3297 1363 3514 1416 μετριαν
3569 1347 3645 1412 τῷ
3697 1363 3820 1395 συν-

2183 1435 2493 1508 εργήσαντι.
2548 1435 2788 1495 Ἐκεῖνος
2864 1435 2957 1506 μὲν
3028 1433 3118 1487 οὖν
3195 1433 3262 1488 τὰ
3324 1437 3421 1486 τοῦ
3478 1431 3817 1504 πατριάρχου

2182 1519 2463 1592 δεξάμενος
2512 1524 2826 1597 γράμματα,
2901 1522 3072 1576 θέλων
3134 1520 3513 1594 ὑποκρίνεσθαι
3577 1520 3665 1573 τὸν
3725 1540 3814 1592 φι-

2182 1608 2382 1664 λοῦντα
2416 1610 2498 1677 (ἦν
2532 1612 2633 1684 γὰρ
2667 1612 2718 1663 οἱ
2757 1611 2846 1664 καὶ
2878 1605 2953 1663 ἔτι
2984 1614 3090 1664 τῶν
3147 1609 3311 1684 χθιζὰ
3357 1610 3684 1677 κινηθέντων
3715 1608 3823 1680 χά-

2185 1718 2267 1770 ριν
2326 1698 2771 1772 παρασπαίρουσα
2826 1700 2861 1766 ἠ
2923 1697 3229 1772 ἀπέχθεια),
3301 1695 3518 1771 βασιλεῖ
3585 1716 3825 1769 προσαγ-

2181 1784 2364 1860 γέλλει
2396 1786 2483 1838 καί
2514 1787 2569 1838 οἱ
2617 1785 2761 1839 ἀνύει
2818 1786 2918 1852 τήν
2975 1786 3111 1859 πρὸς
3144 1785 3340 1839 ἐκεῖνον
3394 1783 3588 1859 ἄφιξιν.
3642 1784 3720 1838 Τὰ
3770 1779 3827 1835 δὲ

2183 1883 2283 1944 τῆς
2313 1876 2600 1949 ἀπεχθείας
2630 1876 2776 1930 αἴτια
2807 1876 3118 1950 (ἀναγκαῖον
3176 1870 3274 1950 γὰρ
3305 1875 3395 1929 καὶ
3447 1871 3570 1946 περὶ
3619 1872 3825 1927 τούτων

2186 1962 2378 2036 εἶπεῖν)
2407 1966 2539 2031 ἦσαν
2577 1965 2672 2037 μὲν
2719 1982 2843 2019 τινα
2891 1964 2980 2018 καὶ
3028 1961 3192 2034 ἄλλα,
3237 1964 3311 2016 ὧν
3342 1963 3403 2017 οὐ
3437 1960 3613 2022 πολὺς
3641 1958 3827 2033 λόγος,

2187 2175 2424 2245 quidem
2456 2174 2694 2229 omnino
2738 2174 3066 2245 prohibere.
3119 2174 3212 2228 Sic
3258 2173 3373 2229 ille.
3422 2174 3537 2229 Nec
3571 2186 3674 2244 per
3722 2173 3829 2228 hoc

2184 2268 2379 2317 tamen
2412 2261 2580 2333 plane
2610 2262 2781 2333 culpa
2812 2262 3147 2317 solvebatur
3177 2261 3527 2333 patriarcha,
3561 2262 3663 2332 qui
3699 2278 3818 2316 rem

2187 2351 2523 2405 induratum
2561 2350 2880 2405 inveterata
2912 2350 3281 2421 possessione
3311 2349 3643 2420 longissimi
3677 2348 3819 2404 tem-

2187 2440 2346 2509 poris
2382 2444 2625 2508 repente
2657 2438 2885 2494 mollire
2916 2440 3365 2509 aggrederetur;
3400 2439 3821 2507 aggravabant-

2188 2544 2300 2596 que
2330 2528 2605 2581 invidiam
2639 2545 2817 2597 pmnaa
2853 2533 3077 2581 atroces
3124 2528 3195 2581 ab
3250 2527 3601 2596 imperatore
3651 2541 3822 2596 repu-

2188 2616 2506 2685 gnantibus
2529 2616 2779 2670 inﬂictae.
2814 2615 3146 2686 Sapientius
3190 2615 3365 2683 igitur
3396 2616 3656 2669 facturus
3680 2618 3809 2679 erat,

2190 2703 2239 2757 si
2271 2708 2485 2757 taceret
2536 2704 2916 2773 accusarique
2948 2720 3076 2757 sese
3108 2704 3403 2756 moderate
3434 2718 3503 2756 ac
3526 2704 3802 2755 mansuete

2188 2793 2538 2847 sustineret:
2575 2793 2771 2845 minus
2823 2790 2979 2845 enim
3040 2791 3096 2845 id
3133 2789 3354 2845 malum
3389 2795 3531 2844 erat.
3565 2789 3713 2843 Nunc
3740 2788 3804 2841 ad

2189 2896 2392 2934 omnes
2463 2879 2953 2933 contradictiones
3008 2880 3411 2939 exardescens.
3461 2884 3518 2932 et
3579 2880 3819 2931 fomenta

2189 2982 2416 3037 semper
2472 2983 2619 3021 nova
2664 2967 2931 3037 ﬂagranti
2961 2967 3089 3035 plus
3121 2968 3265 3021 satis
3304 2983 3404 3036 per
3432 2983 3494 3020 se
3526 2965 3659 3019 rixae
3693 2964 3823 3019 sub-

2182 3056 2417 3124 jiciens,
2475 3056 2876 3110 contentiones
2908 3055 3175 3109 accendit
3205 3055 3263 3109 in
3316 3054 3538 3124 aliquid
3592 3052 3709 3123 ipsi
3760 3049 3826 3105 ad

449 3147 735 3213 pergeret,
762 3147 817 3195 et
848 3142 887 3195 ii
938 3158 1040 3212 pro
1091 3141 1415 3195 necessaria
1475 3141 1936 3210 propugnatione
1993 3156 2079 3193 re-
2113 3182 2156 3247 Ο
2194 3149 2519 3197 extremum
2552 3144 2944 3213 perniciosum
2986 3147 3295 3212 erupturas
3328 3160 3341 3196 :
3378 3158 3491 3196 non
3524 3142 3681 3196 enim
3714 3146 3832 3194 tam

562 3237 569 3247 .
675 3230 689 3247 ς
773 3230 837 3247 ..
1242 3227 1407 3247 Ἧι*
1458 3228 2075 3247 μηημμμρᾼημ,
2314 3236 2322 3247 .
2506 3231 2537 3247 ..
2632 3232 2667 3247 ..
2799 3237 2807 3247 .
2900 3246 2903 3247 ν
3052 3237 3061 3247 .
3180 3234 3189 3247 .
3337 3231 3346 3240 .
3461 3230 3474 3247 .
3666 3245 3829 3247 κρυ

447 3237 626 3301 cepta:
660 3230 932 3284 doctrinae
968 3229 1323 3283 mentionem
1357 3227 1415 3280 in
1458 3228 1863 3297 respondendo
1897 3229 2080 3280 facere

451 3324 798 3390 cogerentur
855 3319 1221 3388 dogmatum,
1280 3333 1352 3369 an
1442 3320 1649 3370 contra
1715 3314 2089 3369 interdictum

452 3411 696 3476 agerent
722 3410 777 3460 et
809 3406 936 3475 jure
960 3403 1429 3458 mulctarentur?
1468 3403 1737 3473 equidem
1783 3402 1939 3457 haud
1970 3419 2089 3456 cre-

450 3495 721 3550 didcrim.
756 3491 905 3549 Illud
937 3494 1076 3560 scio,
1138 3491 1388 3563 perlatas
1421 3508 1604 3561 usque
1628 3492 1695 3545 ad
1724 3510 1895 3547 aures
1929 3492 2092 3562 prin-

454 3583 599 3654 cipis
631 3581 1030 3637 accusationes
1063 3598 1127 3635 eo
1161 3581 1398 3636 nomine
1432 3580 1708 3635 adversus
1748 3581 2002 3635 Veccum
2061 3597 2093 3633 a

455 3670 773 3736 nonnullis,
833 3669 1245 3740 pollicentibus
1318 3669 1689 3739 acquieturos
1747 3684 1875 3723 sese
1925 3684 2092 3738 porro

445 3758 568 3829 jam
618 3759 854 3813 statutis
906 3762 962 3812 et
1021 3758 1079 3811 in
1140 3773 1279 3827 pace
1329 3756 1649 3827 tranquille
1725 3756 2092 3827 perstituros,

463 3848 632 3902 modo
664 3844 877 3902 diserte
926 3851 1145 3901 vetaret
1192 3845 1510 3915 imperator
1550 3861 1620 3898 ne
1671 3844 1984 3913 quisquam
2034 3844 2094 3897 in

465 3934 536 3990 iis
569 3952 693 4006 quae
727 3935 999 4005 deinceps
1049 3935 1359 3988 ederentur
1392 3931 1626 4002 scriptis
1655 3933 1868 4002 dogma
1898 3933 2091 4002 ipsum

464 4024 793 4095 attingeret,
828 4039 1029 4094 pacem
1074 4022 1222 4077 tueri
1256 4038 1321 4076 ac
1380 4026 1530 4076 recte
1564 4022 1840 4090 justeque
1890 4020 2093 4075 initam

460 4114 910 4184 quibuscunque
972 4111 1103 4165 aliis
1152 4110 1325 4165 vellet
1374 4127 1438 4164 ac
1489 4116 1685 4179 posset
1734 4110 2096 4180 argumentis

459 4201 765 4256 defendere
796 4203 1128 4255 contentus.
1164 4199 1262 4252 His
1317 4197 1531 4251 auditis
1589 4198 1923 4267 imperator,
1994 4197 2096 4267 qui

457 4299 507 4345 et
540 4289 685 4344 istos
742 4306 802 4343 se
858 4288 1383 4358 quomodocunque
1433 4285 1726 4340 continere
1777 4286 1832 4339 in
1882 4303 1991 4339 usu
2043 4290 2099 4340 et

459 4379 728 4448 amplexu
802 4377 956 4447 pacis
1008 4391 1355 4444 magnopere
1407 4378 1653 4445 optaret,
1741 4390 1844 4428 nec
1905 4377 2095 4427 tamen

458 4469 729 4535 probaret
760 4466 909 4535 quod
948 4463 1536 4534 petebant,ingratam
1566 4462 1899 4532 petitionem
1926 4462 2101 4516 elusit

458 4554 753 4624 vulgando
812 4552 1085 4623 ambiguo
1144 4553 1351 4617 edicto,
1430 4568 1543 4621 quo
1612 4567 1741 4604 cum
1805 4535 2170 4605 videreturD

460 4658 696 4696 securos
728 4658 826 4695 eos
863 4645 1146 4711 quantum
1183 4656 1328 4709 opus
1359 4644 1485 4693 erat
1516 4639 1757 4693 reddere
1803 4655 1982 4709 super
2032 4656 2096 4693 eo

464 4731 617 4801 quod
651 4732 1096 4799 preposuerant,
1129 4727 1337 4782 callide
1380 4744 1440 4781 se
1486 4732 1682 4782 tamen
1738 4727 2100 4782 subducebat

460 4819 690 4874 invidiae
762 4817 1135 4888 querelisque
1207 4818 1388 4888 partis
1456 4818 1800 4886 contrarim;
1879 4818 1979 4887 qui
2045 4816 2094 4872 ei

459 4908 634 4963 etiam
668 4922 728 4961 se
772 4906 1220 4961 commendabat
1250 4922 1460 4960 arcana
1491 4906 1781 4960 submista
1827 4906 2099 4979 suggilla-

460 4997 617 5051 tione
677 4996 885 5049 horum
943 4994 1205 5064 ipsorum
1265 5011 1411 5064 quos
1471 4994 1699 5065 placare
1757 4998 1896 5049 tunc
1956 4994 2099 5049 velle

458 5083 784 5138 videbatur.
819 5084 949 5138 Herc
1007 5084 1163 5138 enim
1222 5088 1348 5138 erat
1404 5082 1578 5137 edicti
1634 5082 2096 5138 sententiazDei

464 5170 665 5244 utique
698 5173 1055 5227 mentionem
1091 5173 1211 5242 pari
1244 5188 1375 5226 cum
1412 5170 1793 5240 rcSpiratione
1825 5170 2097 5240 frequen-

459 5259 540 5314 tia
581 5259 774 5314 iterari
800 5260 901 5331 jus
935 5262 1137 5331 fasque
1170 5275 1318 5313 esse.
1352 5260 1537 5321 Quare
1586 5256 1898 5327 dogmatis,
1946 5260 2097 5327 quod

458 5347 560 5404 Dei
597 5350 876 5403 memoria
903 5346 1745 5416 contineretur,professionem
1770 5346 1912 5400 adeo
1932 5364 2045 5401 non
2069 5364 2103 5402 a

458 5455 520 5491 se
574 5438 723 5491 479
775 5437 976 5505 vetari,
1034 5435 1184 5489 ultro
1238 5434 1414 5488 etiam
1449 5434 1974 5488 commendaretur.
2032 5437 2104 5489 At

459 5530 785 5596 pervertere
812 5524 1139 5594 Scripturas
1172 5526 1273 5576 aut
1310 5521 1602 5576 declinare
1652 5537 1684 5574 a
1736 5537 1868 5575 vero
1901 5540 2101 5578 eorum

462 5632 637 5669 sensu
698 5613 954 5685 permitti
990 5610 1150 5665 nulla
1182 5612 1403 5665 ratione
1446 5628 1633 5681 posse.
1689 5611 1892 5680 Itaque
1935 5629 1996 5667 se
2044 5613 2101 5667 id

2198 3236 2365 3285 caute
2397 3231 2583 3285 multa
2615 3232 2916 3301 disputare
2972 3234 3217 3301 poterat,
3250 3231 3390 3300 quin
3444 3230 3610 3283 daret
3659 3245 3833 3282 ansas

2197 3320 2570 3383 adversariis,
2603 3336 2750 3389 quas
2789 3318 2874 3373 illi
2927 3320 3277 3389 quandoque
3330 3316 3679 3387 arripientes
3725 3316 3835 3385 ipsi

2196 3409 2397 3476 eteius
2426 3407 2776 3476 sequacibus
2823 3406 2979 3461 haud
3039 3406 3189 3461 levia
3245 3406 3451 3459 deinde
3510 3404 3838 3459 intulerunt

2198 3497 2431 3550 damna.
2468 3496 2630 3549 Tunc
2661 3512 2831 3566 porro
2892 3496 3089 3549 audito
3133 3494 3371 3564 Josepbi
3417 3495 3489 3548 ad
3521 3493 3838 3564 imperato-

2199 3602 2320 3641 rem
2358 3602 2619 3651 accessu,
2681 3592 2806 3640 tum
2870 3591 3149 3655 praeterea
3192 3585 3423 3655 cognito
3470 3583 3833 3654 Ephesinum

2198 3689 2333 3726 cum
2390 3675 2592 3727 eodem
2644 3674 2993 3744 imperatore
3050 3672 3284 3727 assidue
3339 3672 3583 3736 versari,
3642 3670 3840 3741 suspi-

2199 3763 2424 3817 cionem
2457 3763 2759 3833 ingressus
2792 3780 2905 3816 non
2938 3763 3190 3829 inanem,
3224 3760 3389 3816 facile
3420 3761 3543 3815 ﬁeri
3580 3776 3748 3831 posse
3773 3764 3837 3813 ut

2199 3852 2257 3904 bi
2292 3850 2591 3921 quidpiam
2624 3852 2931 3905 adversum
2965 3867 3026 3904 se
3057 3854 3373 3916 moverent;
3425 3850 3553 3918 ejus
3600 3846 3839 3919 periculi

2200 3939 2577 4008 praevertendi
2613 3938 2762 3993 hanc
2796 3940 3079 3993 rationem
3122 3939 3272 3992 iniit.
3304 3937 3518 3992 Scribit
3550 3937 3620 3990 ad
3652 3934 3836 4006 Ephe-

2196 4029 2393 4082 sinum
2419 4046 2434 4095 ;
2457 4026 2705 4097 eumque
2750 4032 2814 4081 ut
2844 4028 2971 4096 ipsa
3000 4026 3381 4097 inscriptione
3416 4026 3827 4089 demereretur,

2200 4132 2314 4169 non
2346 4115 2692 4185 simpliciter
2722 4114 3011 4186 ἱερώτατον
3055 4114 3522 4182 sanctissimum,
3556 4113 3656 4182 qui
3684 4111 3831 4166 solet

2200 4203 2409 4257 titulus
2458 4202 2747 4273 episCOpis
2805 4202 3007 4269 tribui,
3067 4204 3168 4257 sed
3220 4198 3617 4275 πανιερώτατον
3672 4200 3838 4271 plane

2203 4292 2643 4346 sanctissimum
2680 4290 2736 4342 in
2776 4290 2964 4343 fronte
3011 4290 3338 4345 litterarum
3401 4294 3723 4360 nuncupat.
3778 4290 3837 4342 In

2202 4379 2328 4449 ipsa
2367 4380 2576 4433 deinde
2633 4378 2878 4448 epistola
2910 4378 3082 4433 etiam
3117 4383 3288 4449 atque
3356 4379 3530 4433 etiam
3587 4383 3717 4431 orat
3773 4391 3833 4428 ne

2204 4472 2476 4538 gravetur
2495 4467 2803 4535 impetrare
2834 4465 2945 4521 sibi
2978 4467 3049 4521 ab
3078 4469 3340 4537 Augusto
3367 4466 3700 4520 facultatem
3720 4465 3831 4533 ejus

2204 4554 2602 4622 conveniendi,
2654 4554 3061 4609 cumulaturus
3131 4555 3502 4623 beneﬁcium,
3564 4554 3615 4607 si
3684 4553 3841 4606 daret

2207 4660 2443 4714 operam
2477 4648 2541 4697 ut
2566 4644 2637 4697 ad
2688 4643 2795 4697 hoc
2849 4644 3001 4698 ultro
3043 4643 3114 4697 ab
3167 4644 3295 4713 ipso
3338 4642 3601 4713 principe
3642 4641 3845 4695 invita-

2208 4736 2383 4786 retur.
2452 4733 2612 4786 Certe
2671 4738 2867 4801 ageret
2932 4732 3246 4786 efﬁcaciter
3299 4738 3362 4785 ut
3418 4748 3481 4785 se
3530 4730 3599 4783 ad
3652 4730 3843 4799 ipsum

2206 4818 2493 4891 proficisci
2553 4819 2760 4873 saltem
2820 4819 3048 4889 placide
3108 4822 3410 4875 annueret.
3470 4816 3728 4888 Ingentis
3788 4829 3847 4869 se

2208 4908 2405 4979 gratiae
2439 4909 2497 4962 in
2543 4925 2716 4963 omne
2763 4914 2999 4973 tempus
3028 4909 3081 4963 ei
3126 4908 3447 4962 debitorem
3480 4907 3615 4970 fore,
3658 4905 3706 4959 si
3742 4904 3847 4957 hoc

2209 4997 2319 5051 sibi
2339 5000 2540 5051 votum
2571 5012 2641 5050 ex
2688 4995 2975 5052 sententia
3038 4996 3332 5051 conﬁciat.
3378 4994 3477 5049 [iis
3522 4992 3851 5063 Ephesinus

2206 5084 2416 5139 litteris
2450 5083 2701 5155 acceptis
2746 5084 3008 5155 gnaviter
3059 5085 3489 5154 persistendum
3545 5081 3748 5136 statuit
3791 5080 3849 5133 in

2211 5171 2582 5227 simulatione
2605 5171 3034 5226 amicitiaa.Etsi
3067 5188 3202 5242 ergo
3226 5172 3501 5237 multum,
3537 5185 3640 5223 nec
3682 5183 3847 5238 pror-

2211 5277 2309 5314 sus
2342 5260 2727 5315 familiaribus
2756 5261 3096 5325 obscurum,
3124 5260 3181 5313 in
3214 5261 3341 5330 ejus
3373 5258 3605 5330 penitus
3651 5256 3847 5311 animo

2212 5347 2495 5418 ﬂagrabat
2524 5364 2745 5402 arcanae
2769 5349 2827 5402 in
2857 5347 3111 5402 Veccum
3154 5347 3492 5402 offensionis
3542 5344 3615 5398 ob
3664 5358 3851 5411 nuper

2212 5441 2394 5506 gesta,
2459 5437 2867 5505 imperatorem
2899 5442 3092 5491 tamen
3124 5436 3291 5505 adiit,
3336 5440 3392 5489 et
3439 5432 3698 5504 exposito
3748 5448 3847 5501 pa-

2210 5524 2473 5579 triarchae
2504 5524 2813 5593 desiderio,
2849 5530 2911 5579 ut
2936 5525 2987 5580 ei
3016 5525 3168 5595 quod
3216 5524 3486 5594 cupiebat
3517 5519 3852 5590 indulgeret

2214 5614 2522 5685 persuasit.
2555 5615 2891 5672 Aversionis
2923 5630 3094 5685 porro
3115 5612 3394 5684 Ephesini
3427 5630 3459 5667 a
3485 5611 3637 5665 480
3665 5609 3850 5664 Vecco
