4110 6280
351 342 450 396 941

1405 347 1492 398 ΒΕ
1530 346 1898 399 MICHAELE
1934 346 2374 402 ΡΑωοιοοο
2409 349 2544 400 LIB.
2588 349 2682 402 VI.

3628 354 3734 408 942

350 461 409 515 τὸ
441 458 498 514 δὲ
529 460 798 535 χείριστον
841 463 923 516 ὅτι
975 463 1026 516 οἱ
1072 464 1194 537 περὶ
1243 464 1334 517 τὸν
1382 462 1604 540 Ἐφέσου
1651 461 1740 518 καί
1779 462 1982 518 πολλοί
2014 469 2068 534 Α
2099 461 2144 516 δ’
2202 465 2298 518 οὐκ
2349 465 2414 532 ἧν
2471 466 2687 538 ἀρεστὸν
2745 465 2908 533 νίἱτω,
2967 465 3095 521 ἀλλ’
3155 466 3200 520 εἷ
3253 470 3320 536 υὴ
3383 468 3731 526 δεικνύοικαὶ

351 569 490 610 τινες
515 553 618 602 τῶν
652 548 976 624 ἀρχιερέων,
1026 550 1213 604 πολλά
1257 549 1517 612 παθόντες
1564 553 1698 626 πρὸς
1741 552 1801 604 τὸ
1831 571 1988 604 κατα-

355 637 594 708 δέξασθαι
625 640 722 707 τήν
782 638 1028 712 εἰρήνην,
1088 638 1230 692 οὕτω
1292 638 1454 710 μόλις
1513 637 1985 709 καθυπεκλίθησαν

353 727 439 782 καὶ
491 731 568 796 τῷ
616 723 790 780 δοκεῖν
840 726 1139 800 εἷρήνευον,
1193 728 1575 801 θεραπεύοντες
1603 730 1700 796 τήν
1739 725 1986 795 συνείδη-

355 835 434 869 σιν
469 813 566 868 οὐκ
591 815 694 868 ἀπὸ
720 819 942 888 γραφῶν
985 814 1194 886 μᾶλλον
1256 814 1340 888 (οὐ
1400 816 1502 890 γὰρ
1561 815 1625 882 ἦν
1683 815 1739 868 ἐκ
1780 815 1984 869 τούτων

354 903 582 976 καιρὸς),
616 901 742 956 ἀλλ’
773 901 832 956 ἐκ
857 907 953 957 τοῦ
993 903 1177 957 πολλᾶ
1221 907 1443 956 τοιαῦτα
1472 902 1741 964 πολλάκις
1775 903 1986 956 οἰκονο-

359 999 598 1064 μηθῆναι
641 997 710 1066 τῇ
744 992 1040 1064 Ἐκκλησία
1096 992 1255 1068 χάριν
1312 993 1570 1063 μειζόνων
1605 991 1806 1058 καλῶν,
1841 991 1985 1044 ἀντι-

355 1086 616 1142 στατικῶς
669 1079 809 1135 εἴποι
869 1082 926 1134 ἄν
985 1101 1066 1143 τις
1123 1086 1228 1135 τῶν
1289 1079 1884 1155 ῥητορευόντων,ὅταν,
1933 1101 1986 1132 τι

356 1174 461 1223 τῶν
511 1169 572 1222 οὐ
620 1168 800 1223 καλῶν
851 1169 1064 1244 γίνηται
1112 1169 1200 1224 καὶ
1250 1167 1317 1222 δι’
1359 1168 1520 1222 αὐτοῦ
1549 1173 1644 1222 τοῦ
1674 1165 1986 1242 πεπραγμέ-

356 1279 450 1310 νου
502 1263 683 1329 μεῖζον
733 1256 1014 1330 ἀπαντήσῃ
1065 1258 1254 1310 καλόν.
1305 1256 1461 1312 Οὕτω
1518 1257 1619 1330 γαρ
1652 1256 1738 1309 καὶ
1772 1255 1983 1309 Παῦλον

357 1346 676 1419 ξυρήσασθαι
724 1345 812 1398 καὶ
866 1346 1110 1417 ἁγνεῦσαι
1167 1345 1255 1399 καὶ
1313 1349 1623 1418 περιτεμεῖν
1675 1346 1982 1416 Τιμόθεονο

356 1431 496 1485 οὕτω
539 1431 630 1485 τὸν
690 1432 1066 1504 Μοψουεστίας
1128 1434 1202 1504 μή
1263 1432 1667 1506 ἐκκηρυχοῆναι
1715 1431 1858 1506 παρᾶ
1886 1438 1982 1499 τῆς

353 1517 540 1592 τρίτης
569 1517 794 1573 συνόδου
825 1518 1101 1592 Θεόδωρον
1129 1539 1142 1550 °
1193 1519 1334 1575 οὕτω
1387 1521 1490 1593 πρὸ
1532 1519 1725 1574 τούτου
1754 1520 1843 1573 τὸν
1881 1514 1981 1592 μέ-

350 1626 446 1681 γαν
505 1606 787 1661 Βασίλειον
843 1609 928 1680 [Ρ.
960 1611 1084 1679 328]
1143 1607 1206 1662 τὰ
1260 1612 1355 1662 τοῦ
1407 1607 1708 1667 Οὐάλεντος
1740 1601 1884 1681 δῶρα
1913 1610 1981 1680 τῇ

349 1692 616 1764 ἐκκλησίᾳ
671 1695 1058 1768 προσαγόμενα
1116 1695 1406 1768 δέχεσθαι·
1468 1693 1610 1748 οὕτω
1666 1695 1733 1748 τὰ
1759 1693 1846 1746 καὶ
1894 1693 1982 1766 τὰ,

2047 591 2052 594 .
2095 549 2434 628 σφάλλοντας
2489 551 2614 613 τοὺς
2663 553 2961 626 προτέρους
3011 552 3169 622 δῆθεν
3228 557 3288 610 ἐκ
3341 561 3448 610 τῶν
3482 564 3731 633 γραφῶν,

2095 639 2149 693 οἷ’
2178 638 2243 708 δὴ
2276 639 2367 693 καὶ
2398 642 2494 709 τὴν
2526 642 2659 714 πρὸς
2707 639 2937 702 ἐκείνους
2969 641 3192 716 εἰρήνην
3236 645 3299 698 οὐ
3347 643 3727 720 κατεδέχοντο,

2096 723 2217 779 οὐδὲ
2254 725 2449 799 βιωτὸν
2485 727 2597 802 εἶχε
2628 729 2714 780 τὸν
2752 727 2882 801 βίον.
2914 729 3069 791 ’Ὸθεν
3115 731 3203 782 καί
3238 733 3438 805 συχνὰς
3470 731 3727 794 συνόδους

2093 811 2336 877 καθίστα,
2367 816 2456 868 καὶ
2485 815 2872 888 προσεκαλεῖτο
2921 814 3166 880 πολλοὺς
3207 818 3296 872 καὶ
3343 825 3449 874 τῶν
3485 820 3606 891 ἔξω,
3637 821 3726 876 καὶ

2100 896 2326 975 βίϐλους
2386 900 2699 971 ἀνείλιττεν,
2758 906 2845 957 καὶ
2900 902 3069 966 ἂλλας
3129 904 3387 975 ἐξετίθετο
3445 909 3731 980 πλείσταςν

2096 984 2374 1059 δεικνύων,
2421 991 2492 1050 ὡς
2543 991 2677 1064 εἶχε,
2725 993 2823 1060 τήν
2875 992 3092 1064 εἷ’ρήνην
3123 994 3184 1046 τὸ
3215 995 3447 1070 ἀσφαλὲς
3479 994 3726 1070 ἔχουσαν³

2093 1075 2181 1130 καὶ
2211 1077 2276 1130 τὰ
2318 1077 2544 1132 πλεῖστα
2587 1075 3059 1153 προσελιχνεύετο.
3110 1078 3236 1134 Δέον
3282 1085 3380 1157 γὰρ
3433 1091 3729 1155 Δαμασκη-

2092 1163 2181 1217 νόν
2209 1185 2267 1218 τε
2313 1165 2400 1218 καὶ
2454 1167 2542 1218 τὸν
2602 1168 2742 1218 θεῖον
2805 1166 3053 1239 Μάξιμον
3111 1170 3199 1222 καὶ
3255 1169 3340 1224 ἐπὶ
3397 1171 3611 1233 τούτοις
3641 1173 3730 1226 τὸν

2093 1253 2234 1304 θεῖον
2294 1251 2580 1325 Ταράσιον,
2628 1253 2818 1306 ταυτὸν
2879 1251 2923 1306 δ’
2981 1255 3147 1308 εἰπεῖν
3202 1257 3290 1310 καὶ
3339 1258 3435 1324 τήν
3487 1254 3729 1330 ἑϐδόμην

2093 1337 2314 1393 σύνοδον
2364 1345 2556 1409 πᾶσαν,
2610 1341 2691 1394 ὃτι
2745 1341 2832 1395 καὶ
2882 1341 3074 1402 πάντες
3131 1345 3226 1410 τήν
3284 1345 3488 1399 ἐκείνου
3519 1346 3732 1418 ὁμολο-

2089 1427 2206 1502 γίαν
2235 1429 2332 1495 τὴν
2366 1428 2498 1503 πρὸς
2553 1429 2678 1491 τοὺς
2732 1429 3089 1491 ἀνατολικοὺς
3146 1436 3476 1508 πεμφθεῖσαν
3529 1435 3728 1503 ὑπεσή-

2095 1516 2330 1586 μήναντο
2361 1517 2447 1568 καὶ
2483 1513 2570 1568 διὰ
2611 1524 2707 1583 τῆς
2758 1515 2926 1570 ἐκεῖσε
2971 1520 3289 1591 προσθήκης
3329 1519 3412 1574 ἐπὶ
3443 1526 3511 1594 τῇ
3541 1520 3727 1575 τοιαύ-

2089 1623 2151 1676 τῃ
2178 1601 2470 1676 ὁμολογίᾳ,
2510 1601 2566 1656 ἐκ
2624 1604 2831 1677 Πατρός
2881 1607 2982 1678 γὰρ
3042 1603 3130 1659 δια
3157 1613 3253 1660 τοῦ
3283 1609 3409 1661 rio?)
3440 1608 3726 1683 ἐκπορεύε-

2088 1691 2205 1744 σθαι
2239 1689 2598 1763 διδασκόμεθα
2641 1694 2768 1766 παρ’
2819 1689 3034 1746 ἐκείνων
3084 1693 3280 1769 λέγειν,
3315 1692 3432 1750 δέον
3468 1694 3561 1751 οὖν
3592 1697 3724 1752 ταῦ-

341 1779 437 1835 ’ίνα
482 1783 558 1853 μὴ
609 1783 727 1845 καθ’
783 1779 1002 1836 ἕκαστον
1063 1781 1215 1856 λέγοι
1272 1803 1377 1854 τις,
1437 1779 1840 1854 δοκιμασάντων
1873 1785 1979 1835 τῶν
2015 1799 2179 1883 Βτας
2211 1781 2614 1854 προϊσχόμενον
2675 1779 2761 1832 καὶ
2817 1779 2971 1834 αὐτὸν
3033 1779 3154 1836 ὅσον
3211 1783 3298 1837 ἐπὶ
3341 1788 3409 1857 τῇ
3442 1789 3725 1860 προσθήκῃ

347 1867 363 1883 τ
419 1869 432 1883 ι
504 1874 529 1883 ..
840 1870 849 1883 .
1070 1872 1082 1883 ,
1343 1877 1369 1883 -
1426 1871 1447 1883 λ
1596 1869 1666 1883 Λρ,
1877 1868 1886 1883 .
2164 1866 2176 1883 ι
2217 1878 2231 1883 -
2423 1867 2434 1883 ,
2505 1869 2529 1883 ..
2718 1868 2732 1883 ι
2791 1868 2814 1883 ..
3003 1868 3014 1883 .
3257 1873 3268 1883 .
3414 1871 3452 1883 ..

342 1867 570 1924 ἐπὶτῶν
631 1870 963 1944 πραγμάτων
1021 1872 1144 1925 τότε
1199 1871 1530 1946 πεπρᾶχθαι.
1589 1869 1746 1926 Οὕτω
1803 1868 1977 1922 τοίνυν

338 1957 433 2011 καὶ
467 1958 614 2011 οὗτοι
661 1959 758 2025 τὴν
809 1958 1031 2032 εἰρήνην
1083 1955 1358 2033 ἐδέχοντο,
1409 1957 1544 2011 ὥστε
1581 1955 1668 2011 καὶ
1700 1977 1982 2031 προσομο-

341 2042 528 2117 λογεῖν
581 2048 929 2119 ἡμαρτῆσθαι
1002 2047 1202 2122 σφίσιν,
1274 2043 1340 2114 ἤν
1401 2067 1483 2107 τις
1560 2047 1789 2114 σκοποίη
1849 2043 1982 2117 πρὸς

333 2132 634 2210 τάσφαλὲς,
691 2136 779 2187 καὶ
837 2139 954 2196 τοῖς
1019 2135 1411 2189 ἀποστατοῦσιν
1462 2133 1624 2195 ὁσίως
1681 2127 1980 2208 προσφὲρε-

333 2231 466 2284 σθαι
525 2222 597 2282 ὡς
655 2216 1134 2295 ἀπηκριϐωμένως
1196 2219 1343 2294 μάλα
1399 2221 1536 2295 πρὸς
1563 2221 1625 2274 τὸ
1657 2218 1837 2296 ὀρθόν.
1890 2221 1981 2292 Τᾦ

327 2542 546 2580 causas
577 2541 859 2596 exponere
891 2525 983 2579 hic
1015 2523 1348 2579 distinctius
1377 2540 1560 2594 opera:
1607 2523 1853 2593 pretium
1878 2523 1974 2591 ju-

329 2614 490 2668 dico.
524 2613 704 2668 Erant
761 2613 996 2681 quidem
1029 2617 1086 2667 et
1128 2612 1241 2666 alia
1296 2612 1586 2668 incentiva
1640 2612 1816 2681 hujus
1859 2612 1972 2666 odii

329 2720 455 2756 non
489 2701 691 2756 multis
721 2707 854 2756 nota
887 2719 899 2757 ι
934 2705 1200 2756 caeterum
1236 2701 1478 2772 capitale
1512 2701 1567 2754 in
1600 2700 1670 2755 iis
1694 2707 1749 2754 et
1776 2701 1976 2754 imme-

333 2791 589 2846 dicabile
622 2791 871 2845 maxime
901 2809 1082 2846 unum
1116 2791 1428 2858 eminebat,
1464 2791 1618 2860 quod
1653 2795 1767 2844 tam
1796 2787 1972 2860 Ephe-

336 2879 507 2932 sinus
540 2878 662 2950 ipse
693 2895 868 2948 quam
902 2878 995 2934 alii
1031 2879 1262 2948 plurimi
1290 2877 1448 2950 paria
1490 2877 1807 2933 sentientes
1851 2877 1973 2949 epi-

339 2967 521 3038 scopi,
557 2968 782 3037 magnis
835 2967 1020 3021 adacti
1053 2967 1223 3022 malis
1273 2967 1344 3021 ad
1391 2965 1833 3036 amplexandam
1870 2984 1967 3035 pa-

337 3071 487 3120 cem,
519 3071 586 3109 ea
616 3060 843 3110 tantum
877 3060 1046 3110 tenus
1078 3056 1135 3109 in
1168 3072 1294 3109 eam
1329 3059 1761 3122 consenserant,
1798 3058 1858 3107 ut
1881 3070 1969 3107 se-

335 3144 524 3213 posita
552 3143 774 3198 ratione
814 3143 1106 3214 dogmatis
1155 3148 1210 3197 et
1256 3142 1415 3196 nulla
1446 3159 1505 3197 re
1536 3142 1592 3196 in
1646 3142 1875 3212 scriptis
1908 3158 1971 3196 ac
2003 3160 2045 3225 ρ

337 3232 581 3286 decretis
605 3232 1190 3301 immutata,quorum
1224 3231 1278 3285 in
1305 3231 1548 3286 dubium
1583 3229 1969 3284 vocandorum

337 3324 437 3375 aut
492 3320 562 3374 de
620 3337 765 3374 novo
824 3319 1327 3373 discutiendorum
1390 3324 1621 3390 tempus
1684 3317 1973 3389 negabant

335 3425 464 3463 esse
494 3407 751 3461 exterius
781 3407 1066 3460 duntaxat
1086 3406 1455 3460 concordiam
1490 3423 1619 3460 cum
1653 3405 1872 3460 Latinis
1895 3409 1972 3460 te-

338 3498 562 3561 nerent,
594 3493 753 3548 salvo
786 3510 847 3548 se
878 3494 1009 3547 fidei
1042 3509 1106 3547 ac
1140 3493 1436 3564 religionis
1485 3493 1676 3547 officio
1725 3510 1970 3548 consen-

340 3579 448 3635 tire
487 3579 545 3634 in
604 3580 662 3634 id
721 3597 893 3651 posse
951 3581 1057 3635 rati
1118 3577 1610 3636 accomodationis
1642 3581 1972 3637 necessaria

335 3667 700 3740 temporibus
732 3668 974 3734 ratione,
1007 3669 1175 3737 cujus
1197 3668 1460 3738 exempla
1483 3669 1658 3722 multa
1688 3667 1744 3722 in
1779 3667 1970 3724 Eccle-

336 3755 434 3810 size
465 3755 673 3810 veteris
704 3755 965 3811 historiis
995 3754 1309 3826 habebant.
1333 3756 1680 3824 Censebant,
1705 3754 1969 3826 inquam,

336 3844 422 3898 sic
435 3845 716 3898 duntaxat
738 3847 863 3898 tuta
885 3825 1241 3898 conscientia
1257 3842 1590 3896 Latinorum
1615 3825 1972 3897 communio-

340 3947 474 3986 nem
524 3931 778 3999 admitti,
831 3934 895 3985 ut
939 3947 1060 3985 rem
1111 3946 1224 3983 non
1259 3945 1360 4000 per
1390 3946 1451 3983 se
1485 3925 1837 3998 probabilem
1873 3935 1973 3983 aut

341 4036 758 4090 usquequaque
789 4019 859 4073 ad
902 4017 1034 4072 ﬁdei
1070 4015 1301 4088 regulas
1331 4020 1616 4082 exactam,
1661 4033 1854 4070 verum
1907 4021 1972 4070 ut

337 4125 465 4179 quze
495 4105 728 4162 tolerari
758 4107 1074 4177 prudenter
1126 4109 1322 4177 posset
1374 4107 1526 4159 metu
1575 4105 1968 4159 incommodo-

343 4212 474 4249 rum
506 4195 876 4266 graviorum;
909 4194 1182 4265 quodque
1213 4209 1326 4247 non
1359 4191 1644 4256 absolute,
1678 4191 1776 4246 sed
1811 4208 1971 4246 com-

337 4283 613 4352 parative,
647 4286 708 4336 ut
741 4281 1002 4352 magistri
1051 4281 1191 4334 artis
1249 4279 1560 4334 rhetorices
1621 4278 1966 4350 loquuntur,

336 4371 846 4426 commendaretur
874 4374 931 4424 et
965 4370 1177 4424 bonum
1213 4372 1534 4438 putaretur,
1569 4384 1681 4421 non
1716 4371 1888 4438 prout
1911 4366 1966 4421 in

336 4477 399 4515 se
429 4458 822 4530 spectabatur,
882 4458 981 4512 sed
1045 4461 1332 4527 quatenus
1391 4455 1795 4509 conferebatur
1835 4473 1966 4510 cum

341 4547 686 4617 majoribus,
736 4563 861 4616 qua:
919 4560 986 4598 ex
1045 4544 1150 4597 hoc
1210 4543 1598 4598 nascebantur
1657 4543 1842 4596 bonis.
1883 4545 1974 4598 Sic

336 4653 542 4706 nempe
571 4635 819 4689 Paulum
843 4638 1017 4704 caput
1043 4631 1152 4686 sibi
1177 4629 1498 4686 totondisse
1521 4631 1780 4701 aliosque
1808 4650 1974 4685 usur-

341 4741 512 4794 passe
542 4722 1017 4793 purificationum
1047 4720 1423 4774 Judaicarum
1459 4719 1636 4786 ritus;
1673 4720 1755 4774 sic
1777 4721 1850 4774 ab
1880 4736 1974 4774 eo-

341 4812 470 4864 dem
500 4810 875 4864 Timotheum
901 4806 1316 4862 circumcisum
1337 4805 1440 4870 ;sio
1472 4807 1824 4861 abstinuisse
1858 4813 1972 4860 ter-

338 4898 482 4952 tiam
517 4898 805 4969 synodum
837 4896 908 4950 ab
939 4894 1494 4949 excommunicando
1524 4893 1824 4949 Theodoro
1858 4893 1971 4950 Mo—

342 4986 736 5057 psuestize;sic
755 4990 926 5040 antea
950 5000 1222 5054 magnum
1247 4981 1527 5037 Basilium
1547 4983 1802 5038 Valentis
1826 4985 1978 5040 dona

341 5073 614 5129 Ecclesiae
649 5073 809 5127 illata
840 5073 1204 5142 suscepisse;
1237 5071 1322 5126 sic
1369 5070 1480 5126 alia
1513 5075 1568 5126 et
1615 5071 1727 5127 alia
1761 5073 1817 5128 in
1869 5075 1976 5144 pri-

336 5162 459 5218 scis
491 5177 684 5215 rerum
717 5164 1008 5230 gestarum
1042 5159 1436 5214 monumentis
1457 5160 1584 5229 ejus
1615 5163 1843 5230 generis
1876 5179 1974 5217 no-

339 5254 463 5305 tata
495 5248 841 5319 reperimus,
867 5263 937 5302 ne
955 5245 1253 5317 sigillatim
1281 5263 1703 5317 persequamur
1723 5248 1971 5318 singula.

339 5343 460 5393 Hoc
492 5337 671 5408 igitur
718 5336 778 5390 hi
835 5335 1006 5389 modo
1040 5349 1239 5404 pacem
1293 5349 1479 5405 nuper
1509 5337 1792 5390 sancitam
1826 5337 1974 5391 acci-

346 5426 604 5498 piebant,
639 5429 701 5479 ut
733 5426 1052 5478 faterentur
1081 5421 1137 5476 in
1169 5438 1233 5476 eo
1267 5427 1562 5493 peccatum
1605 5443 1635 5477 a
1685 5441 1747 5478 se
1794 5425 1974 5480 videri

345 5530 518 5584 posse
550 5514 598 5567 ei
632 5513 731 5584 qui
765 5512 836 5566 de
867 5527 926 5565 re
983 5511 1110 5580 ipsa
1169 5527 1268 5580 per
1298 5526 1359 5564 se
1386 5517 1666 5577 censeret,
1701 5516 1757 5566 et
1789 5513 1855 5566 de
1886 5513 1974 5566 of—

347 5602 479 5658 ﬁcio
512 5601 832 5672 religionis,
876 5616 989 5670 quo
1041 5597 1317 5669 jubemur
1365 5597 1768 5654 abberantium
1801 5618 1832 5654 a
1865 5601 1976 5654 ﬁde

2090 1866 2178 1920 καὶ
2211 1867 2591 1939 θεραπεύεσθαι
2645 1868 2732 1921 καὶ
2791 1868 3122 1941 θεραπεύειν,
3181 1873 3271 1925 καὶ
3332 1871 3724 1949 μηδὲνπαρεγ-

2092 1957 2294 2029 χειρεῖν
2329 1954 2667 2028 ἐξηγήσεσιν,
2729 1957 2754 2009 ὁ
2815 1953 2870 2010 δὲ
2922 1955 3134 2020 πολλὰς
3193 1965 3294 2013 τῶν
3351 1965 3575 2039 Γραφῶν
3607 1983 3726 2016 συν-

2093 2045 2294 2120 εφόρει.
2358 2043 2454 2097 Καὶ
2509 2045 2598 2098 τὸν
2663 2044 2830 2118 μὲγαν
2905 2045 3192 2102 Βασίλειον
3256 2047 3426 2124 εὑρὼν
3481 2053 3578 2119 τήν
3639 2051 3726 2106 ἐπὶ

2090 2133 2185 2184 τοῦ
2245 2132 2372 2184 Υἱοῦ
2428 2129 2484 2184 ἐκ
2539 2133 2636 2199 τὴν
2700 2128 2787 2185 διὰ
2847 2135 3262 2208 μεθαρμόζοντα
3316 2137 3391 2200 ὡς
3444 2137 3724 2194 ὑπαλλατ-

2090 2215 2333 2291 τομὲνων
2373 2221 2476 2272 τῶν
2537 2218 2863 2294 προθέσεων,
2925 2223 2997 2282 ὡς
3051 2222 3131 2292 τὸ,
3196 2227 3601 2299 «Έκτησάμην
3633 2227 3724 2281 ἆν-

2083 2525 2552 2580 communionem
2604 2526 2862 2595 rejiccre,
2893 2543 3086 2582 severe
3130 2533 3186 2582 et
3237 2545 3355 2582 rem
3406 2530 3473 2583 ad
3524 2529 3714 2584 vivum

2084 2616 2394 2668 resecando
2455 2620 2753 2670 statueret.
2818 2619 2995 2670 Vecco
3037 2623 3232 2670 autem
3287 2618 3398 2672 ista
3453 2619 3715 2688 exceptio

2082 2717 2194 2754 non
2230 2697 2374 2757 481
2431 2701 2711 2773 placebat,
2754 2703 2851 2757 sed
2903 2704 3012 2757 nisi
3062 2705 3460 2759 demonstrare
3490 2706 3718 2760 evince-

2084 2794 2281 2858 rctquc
2313 2807 2377 2842 ex
2408 2790 2598 2857 certis,
2635 2795 2697 2843 ut
2731 2792 2985 2858 putabat,
3035 2791 3383 2860 scriptorum
3433 2793 3722 2847 authenti-

2084 2893 2281 2930 corum
2344 2875 2695 2931 testimoniis
2746 2893 2971 2931 errasse
3021 2879 3238 2948 priores
3272 2879 3328 2933 in
3363 2881 3720 2948 repudianda

2085 2965 2494 3018 communione
2527 2964 2888 3020 Latinorum.
2924 2963 3114 3019 Vitam
3175 2967 3286 3020 sibi
3337 2968 3570 3021 vitalem
3603 2985 3718 3023 non

2084 3052 2341 3120 putabat.
2382 3049 2536 3108 Unde
2563 3055 2618 3104 et
2649 3053 2879 3107 erebras
2912 3053 3093 3124 coegit
3128 3055 3400 3124 synodos,
3436 3060 3490 3109 et
3522 3072 3727 3110 convo-

2085 3141 2232 3192 cavit
2267 3137 2476 3193 multos
2510 3145 2876 3194 externorum
2931 3157 3181 3210 quoque,
3215 3147 3273 3195 et
3303 3142 3483 3196 libros
3513 3144 3723 3199 evolvit

2084 3231 2321 3294 veteres,
2375 3226 2672 3297 ediditque
2729 3227 2943 3282 multos
2977 3245 3173 3292 novos,
3203 3245 3432 3284 omnem
3465 3229 3720 3300 lapidem

2079 3331 2313 3368 movens
2346 3315 2412 3368 ad
2448 3316 2833 3370 astruendum
2870 3331 3038 3386 posse
3092 3333 3156 3370 ac
3208 3318 3417 3371 debere
3448 3325 3714 3387 cunctos,

2078 3418 2208 3455 cum
2268 3403 2422 3455 omni
2484 3403 2796 3458 securitate
2855 3404 3240 3472 conscientiae,
3298 3405 3433 3459 huic
3489 3407 3614 3476 paci
3649 3411 3712 3462 ut

2077 3506 2176 3559 per
2208 3507 2268 3543 se
2301 3490 2490 3560 proba:
2513 3493 2805 3562 justisque
2838 3493 3168 3558 adhaerere;
3231 3509 3332 3546 nec
3383 3493 3706 3564 quidquam

2075 3579 2132 3631 in
2168 3577 2274 3631 hoc
2315 3578 2424 3631 sibi
2484 3581 2550 3632 ad
2611 3595 2904 3634 summam
2965 3581 3399 3635 contentionem
3461 3581 3708 3637 faciebat

2077 3665 2307 3737 reliqui,
2385 3667 2576 3720 studio
2639 3668 3093 3738 intemperanter
3169 3669 3503 3739 indulgens.
3563 3670 3708 3726 Cum

2075 3755 2230 3809 enim
2280 3751 2445 3807 illum
2497 3756 2854 3825 oportuisset
2902 3773 2967 3810 eo
3011 3773 3138 3810 esse
3188 3763 3526 3812 contentum
3556 3761 3710 3828 quod

2079 3843 2392 3897 tradiderat
2442 3846 2835 3897 Damascenus
2878 3847 2932 3896 et
2981 3843 3149 3898 divus
3195 3843 3484 3899 Maximus
3517 3863 3580 3900 ac
3611 3863 3712 3900 su-

2078 3948 2177 4001 per
2211 3931 2311 3986 bos
2343 3932 2509 3984 divus
2541 3947 2772 4001 quoque
2799 3931 3067 3986 Tarasius
3099 3937 3220 3999 aut,
3255 3933 3408 4002 quod
3441 3934 3592 3987 idem
3627 3940 3715 3990 est

2077 4017 2288 4086 dicere,
2322 4019 2573 4087 septima
2629 4021 2886 4090 synodus
2943 4021 3234 4087 universa,
3294 4022 3461 4088 cujus
3522 4027 3712 4079 Patres

2076 4124 2277 4160 omnes
2309 4107 2747 4177 praerogativam
2780 4109 3040 4176 ejusdem
3091 4108 3312 4163 Tarasii
3347 4111 3531 4164 secuti
3569 4128 3711 4166 con-

2076 4193 2314 4248 fessioni
2369 4192 2439 4247 de
2497 4194 2603 4248 hoc
2656 4194 2922 4264 articulo,
2958 4213 3082 4267 quae
3141 4195 3463 4252 Orientales
3529 4199 3713 4254 missa

2079 4282 2284 4346 fuerat,
2366 4283 2859 4352 subscripserunt,
2920 4285 3210 4354 siquidem
3273 4286 3343 4339 ab
3401 4286 3514 4350 his,
3569 4288 3710 4343 dum

2078 4371 2380 4423 occasione
2412 4370 2728 4424 additionis
2779 4371 2878 4424 tali
2939 4373 3281 4442 professioni
3328 4374 3564 4429 insertze
3608 4376 3710 4430 do-

2080 4472 2214 4525 gma
2247 4456 2437 4526 ipsum
2498 4457 2809 4526 explicant,
2866 4460 3057 4513 dicere
3112 4461 3391 4514 docemur
3429 4463 3712 4532 Spiritum

2087 4549 2351 4598 sanctum
2405 4561 2473 4598 ex
2531 4550 2694 4599 Patre
2729 4563 2830 4616 per
2860 4547 3066 4600 Filium
3101 4549 3429 4618 procedere,
3459 4581 3526 4589 —
3556 4567 3711 4619 cum,

2087 4633 2348 4702 inquam,
2400 4633 2752 4703 Oportuisset
2811 4635 3054 4689 Veccum
3110 4652 3206 4690 eas
3263 4637 3321 4691 in
3379 4637 3487 4692 hoc
3538 4639 3716 4711 expli-

2086 4722 2269 4774 cando
2330 4721 2604 4790 mysterio
2665 4721 3037 4777 adhibentem
3096 4741 3262 4779 voces
3332 4742 3476 4792 quas
3530 4733 3715 4784 nostri

2087 4808 2284 4862 Patres
2345 4814 2720 4879 usurparunt,
2784 4812 3182 4866 additamento
3247 4813 3580 4870 Latinorum
3643 4821 3714 4873 ad

2085 4913 2183 4950 eas
2239 4897 2425 4966 quoad
2489 4904 2700 4967 posset,
2752 4901 3264 4966 accommodanda,
3299 4903 3426 4969 ejus
3458 4910 3514 4958 et
3545 4923 3713 4961 suam

2087 4982 2269 5048 ipsius
2299 4983 2572 5037 invidiam
2609 5002 2854 5055 purgare
2906 4992 3005 5040 aut
3050 4989 3312 5043 minuere
3363 4995 3713 5061 excusando,

2086 5076 2287 5126 contra
2318 5071 2412 5125 ille
2460 5077 2619 5127 extra
2673 5076 2949 5129 terminos
3014 5081 3300 5146 susceptae
3353 5081 3716 5136 tractationis

2084 5159 2542 5214 declarationum
2593 5163 2838 5232 argutiis
2895 5179 3144 5233 evagans
3198 5164 3381 5218 multa
3422 5170 3718 5236 congessit

2085 5249 2432 5318 scriptorum
2492 5254 2746 5303 veterum
2803 5249 2955 5318 loca;
3021 5251 3170 5304 inter
3227 5269 3350 5321 qua;
3390 5271 3518 5308 cum
3554 5273 3716 5325 repe-

2086 5336 2258 5389 risset
2318 5353 2594 5405 magnum
2629 5337 2908 5392 Basilium
2964 5339 3108 5392 illud
3167 5355 3254 5406 ex,
3287 5342 3438 5408 quod
3475 5343 3544 5396 de
3577 5343 3717 5399 Filio

2085 5423 2318 5489 dicitur,
2348 5423 2403 5476 in
2436 5440 2532 5494 per
2560 5431 3042 5488 commutantem,
3077 5431 3350 5495 tanquam
3399 5434 3597 5482 essent
3632 5431 3716 5486 has

2085 5512 2519 5582 praepositiones
2590 5514 2833 5568 invicem
2909 5513 3316 5583 mquivalenter
3383 5518 3716 5590 mutabiles,

2085 5609 2254 5672 prout
2312 5601 2591 5671 probatur
2673 5601 2765 5655 his
2850 5602 3162 5670 Scripturaa
3246 5604 3715 5673 auctoritatibus,
