4110 6280
465 380 572 435 943

1754 387 2050 441 GEORGII
2087 387 2379 440 PACHYM
2387 389 2547 442 ΕΒΔΞ

3748 383 3865 439 944

461 503 677 574 θρωπον
734 498 823 555 διὰ
883 506 980 556 τοῦ
1061 506 1216 571 Θεοῦ,
1247 523 1273 554 ι
1331 502 1628 574 τουτέστιν,
1682 506 1741 559 ἐκ
1793 511 1888 561 τοῦ
1943 510 2100 572 Θεοῦ,
2131 510 2181 575 Α
2215 504 2271 561 δὲ
2302 507 2350 578 ἐξ
2378 506 2549 568 αἰτίας
2581 502 2733 567 ὄντος
2781 504 2943 560 πάλιν
2994 502 3171 574 ἄλλήν
3220 502 3478 579 διαφορὰν
3525 505 3817 577 ἐννοοῦμεν
3845 525 3859 538 ·

464 590 580 661 καὶ,
640 614 667 642 ι(
702 590 1043 662 Γεννώμενον
1103 591 1162 645 έκ
1217 593 1495 667 γυναικὸς,
1526 615 1553 647 ι
1612 593 1851 648 τουτέστι
1893 590 1982 648 διὰ
2009 616 2107 669 γυ·-
2206 594 2269 648 τὸ
2305 595 2399 667 μὲν
2428 596 2532 670 γὰρ
2562 599 2851 669 προσεχῶς
2902 593 2961 648 ἐκ
3003 597 3101 648 τοῦ
3150 595 3394 668 πρώτου,
3424 594 3489 647 τὸ
3537 592 3597 648 δὲ
3641 591 3735 648 διὰ
3760 599 3862 649 τοῦ

457 679 663 746 ναικὸς,
707 677 799 733 ’ίνα
851 681 928 752 μὴ
977 680 1078 748 τὴν
1127 681 1200 742 ὡς
1252 678 1341 734 διὰ
1391 680 1641 751 σωλῆνος
1685 683 1914 755 αἳρεσιν,
1948 682 2102 759 φησὶ,

460 769 788 844 παρεμφήνῃ
819 768 848 823 ὁ
879 772 1022 831 θεῖος
1062 767 1425 840 Ἀπόστολος,
1474 775 1641 825 ταῦτα
1670 772 1759 825 καὶ
1789 771 1855 825 τὰ
1881 775 2103 826 τοιαῦτα

462 856 729 929 ὁσημέραι
788 857 1266 930 συνερανιζόμενος
1319 855 1506 913 πολλά
1561 858 1650 912 καὶ
1678 860 1777 927 τὴν
1809 857 1868 913 ἐκ
1898 858 1972 919 εἷς
1999 858 2098 927 τήν

463 941 553 999 διὰ
605 947 890 1019 παρεξῆγε,
955 946 1235 1009 κάντεῦθεν
1311 944 1468 1015 δῆθεν
1519 948 1616 1016 τήν
1679 949 1738 1001 έκ
1793 945 2096 1022 ἐθεράπευε.

459 1035 567 1101 Τὴν
609 1031 664 1087 δὲ
719 1037 815 1087 τοῦ
873 1034 1021 1096 θείου
1076 1038 1434 1106 Δαμασκηνοῦ
1479 1034 1632 1109 ῥῆσιν
1667 1035 1834 1110 εὖρὼν
1878 1037 1977 1104 τήν
2011 1032 2101 1089 διά

462 1121 635 1196 λόγου
685 1116 992 1196 προϐολεὺς
1046 1122 1433 1198 έκφαντορικοῦ
1479 1122 1789 1194 Πνεύματος
1815 1121 2098 1197 λέγουσαν,

461 1210 638 1265 καὶτὸ
678 1205 993 1271 πποϐολεὺς
1050 1210 1125 1272 εἷς
1182 1212 1245 1265 τὸ
1302 1210 1473 1274 αἷίτιος
1520 1206 1974 1284 μεταλαμϐάνων,
2016 1210 2097 1265 αἶ’-

456 1319 572 1352 τιον
608 1300 701 1370 μὲν
735 1298 833 1352 οὐκ
863 1295 1019 1372 ἔλεγε
1045 1299 1135 1351 τὸν
1182 1300 1303 1352 Υἱὸν
1356 1299 1687 1371 Ηνεύματος,
1721 1297 1894 1353 αἶ’τιον
1923 1297 1980 1353 δὲ
2011 1297 2100 1353 διὰ

456 1390 552 1440 τοῦ
582 1387 709 1440 Υἱοῦ
755 1388 846 1440 τὸν
902 1386 1108 1461 ΙΙατέρα
1156 1391 1251 1440 τοῦ
1302 1389 1615 1460 Ηνεύματοσ
1647 1384 1951 1462 ὡμολόγει,
1983 1385 2097 1441 ἐπεὶ

457 1474 547 1528 καὶ
581 1471 669 1528 διά
700 1473 879 1549 Λόγου
911 1471 1218 1546 προϐολεὺς
1268 1474 1364 1530 εἴτ’
1412 1474 1503 1530 οὖν
1556 1474 1730 1537 αἴτιος
1763 1474 1973 1551 λέγεται
2002 1478 2098 1529 τοῦ

459 1562 771 1636 Ηνεύματος
804 1564 832 1617 ὁ
866 1566 1072 1638 Πατήρ.
1121 1563 1329 1634 Ταύτην
1373 1565 1473 1631 τὴν
1523 1563 1677 1639 ῥῆσιν
1716 1566 1859 1626 τινὲς
1894 1565 1990 1636 μὶν
2023 1564 2096 1625 ὡς

457 1651 613 1715 νόθον
642 1651 882 1726 γέννημα
911 1655 1008 1705 τοῦ
1043 1653 1249 1725 Ηατρὸς
1300 1655 1658 1723 Δαμασκηνοῦ
1689 1651 1788 1706 οὐκ
1818 1650 2094 1727 ἐδέχοντο’

457 1741 599 1801 τινὲς
647 1737 705 1793 δὲ
760 1738 850 1794 καὶ
910 1736 1205 1814 δεχόμενοι
1265 1734 1598 1811 μετήμειϐον
1673 1740 1735 1794 τὸ
1791 1735 2096 1813 προϐολεύς

2208 688 2498 758 προσεχῶς
2554 683 2613 738 ἐκ
2675 687 2773 737 τοῦ
2822 684 3065 757 πρώτου,
3120 689 3221 750 τῆς
3276 686 3373 737 τοῦ
3418 681 3547 736 Υίοῦ
3582 684 3860 753 μεσιτείας

2206 772 2298 824 καὶ
2330 772 2502 843 ἑαυτῷ
2552 770 2615 826 τὸ
2677 772 2959 845 μονογενὲς
3015 769 3392 844 φυλαττούσης
3420 771 3508 824 καὶ
3538 770 3603 824 τὸ
3633 774 3857 844 Πνεῦμα

2204 861 2302 927 τῆς
2359 863 2454 913 τοῦ
2510 860 2721 933 Πατρὸς
2774 860 3011 934 σχέσεως
3070 858 3145 930 μή
3213 857 3605 933 ἀπειργοὺσης.
3667 862 3855 915 Ταῦτα

2208 947 2302 1018 μὲν
2356 947 2385 1000 ὁ
2440 946 2856 1022 πατριαρχεύων
2913 948 3121 1021 εἷ’σῆγε,
3179 944 3388 1007 δεικνὺς
3417 948 3518 1013 τὴν
3576 948 3849 1019 μεσιτείαν

2201 1033 2297 1089 τοῦ
2354 1036 2481 1089 Υἱοῦ
2539 1035 2588 1108 ἐξ
2641 1036 2877 1109 ἀτάγκης
2934 1034 3250 1109 εἰσάγουσαν
3306 1037 3405 1103 τήν
3467 1033 3575 1103 διὰ,
3632 1035 3727 1089 καὶ
3761 1033 3849 1090 διὰ

2201 1122 2401 1193 ταύτης
2445 1123 2543 1191 τὴν
2590 1122 2651 1178 ἐκ
2695 1127 2804 1177 τῶν
2849 1121 3071 1181 Ἰταλῶν
3120 1124 3477 1197 προσιέμενος
3511 1125 3587 1185 ὡς
3617 1124 3852 1179 ἀντιπα-

2203 1216 2571 1286 ραχωρουσῶν
2602 1216 2707 1266 τῶν
2756 1212 3085 1285 προθέσεων.
3141 1212 3203 1265 Ol.
3249 1208 3306 1265 δὲ
3336 1211 3460 1286 περὶ
3489 1212 3581 1265 τὸν
3618 1210 3847 1288 Ἑφέσου

2201 1298 2291 1352 καὶ
2319 1300 2410 1353 τὸν
2442 1300 2681 1368 Ἀθηνῶν
2715 1296 2983 1355 Μελέτιον
3028 1299 3117 1354 καὶ
3166 1297 3331 1354 ἄλλοι
3377 1299 3627 1355 πλεῖστοι
3658 1300 3849 1356 ἐσκαν-

2204 1384 2509 1457 δαλίζοντο,
2581 1388 2829 1462 μείζονος
2906 1392 3073 1444 κακοῦ
3140 1392 3238 1443 τοῦ
3296 1386 3474 1443 δοκεῖν
3526 1396 3845 1464 παρακινεῖν

2205 1473 2449 1551 δόγματα
2500 1472 2723 1531 ἔλαττον
2779 1477 2945 1532 κακὸν
2986 1479 3050 1531 τὸ
3100 1477 3447 1551 ἡμαρτῆσθαι
3508 1478 3655 1552 σφίσι
3683 1499 3848 1548 1:027,-

2204 1564 2455 1637 σαμε-θοις
2482 1563 2528 1618 εἰ
2560 1567 2728 1639 ρήνην
2783 1565 2916 1637 μετὰ
2963 1564 3315 1642 σφαλλόντων
3350 1563 3405 1619 έν
3432 1563 3599 1627 θείοις
3642 1564 3848 1640 δόγμα-

2204 1674 2283 1706 σιν
2318 1653 2751 1726 ἀνθαιρούμενοι.
2796 1650 2956 1708 Ἀλλ’
3030 1654 3057 1708 ὁ
3104 1653 3201 1725 μὶν
3258 1652 3530 1716 Μελέτιος
3595 1653 3684 1708 καὶ
3722 1652 3842 1708 λίαν

2203 1740 2656 1817 ἐπαρρησιάζετο,
2679 1742 2767 1796 καὶ
2794 1743 2869 1803 ὡς
2896 1747 3023 1813 μιᾶς
3040 1740 3227 1796 πολλᾶ
3255 1742 3306 1795 έν
3336 1739 3546 1813 συνόδῳ
3578 1740 3844 1812 λαλῆσαι,

461 1830 538 1891 είς
593 1830 654 1883 τὸ
712 1826 1010 1902 παροχεὺς,
1072 1827 1163 1882 καὶ
1216 1829 1316 1897 τήν
1375 1827 1725 1905 ἐκφαντορίαν
1779 1828 1877 1883 οὐκ
1906 1829 1981 1892 εἷς
2012 1830 2093 1902 [Ρ.
2130 1865 2175 1930 Β
2204 1831 2291 1884 καὶ
2322 1829 2481 1905 τέγος
2510 1830 2599 1883 τὸν
2627 1826 2919 1900 ἐπενδύτην
2951 1828 3199 1884 κελεῦσαι
3228 1834 3305 1900 τῷ
3352 1828 3542 1900 ὀπαδῷ
3573 1831 3840 1905 ἀράμενον

461 1920 584 1930 MM
945 1916 964 1930 ..
1068 1914 1173 1930 ..ς
1276 1911 1335 1930 ο.
1592 1914 1809 1930 η...
1939 1916 2061 1930 ..
2204 1915 2229 1930 ..
2346 1929 2352 1930 ,
2468 1919 2483 1930 .
2648 1917 3001 1930 .....
3121 1915 3145 1930 ..
3799 1920 3812 1930 .

459 1920 584 1990 329]
643 1919 741 1985 τὴν
796 1915 1017 1991 ὕπαρξιν
1068 1911 1524 1989 ὲξελαμϐἀνοντο,
1582 1914 1709 1972 ἀλλ’
1766 1916 1839 1978 εἷς
1894 1918 1993 1985 τήν
2044 1916 2097 1979 ἐς

460 2003 633 2060 ἀίδιον
670 2005 941 2083 ἔκφανσιν.
994 2003 1191 2061 Μέντοι
1239 2025 1303 2079 γε
1356 2005 1444 2059 καὶ
1497 2002 1811 2060 σκανδάλων
1845 2003 2092 2080 μεγάλων

462 2096 714 2172 ἀφορμὰς
741 2094 809 2149 τὰ
839 2098 1063 2149 τοιαῦτα
1119 2093 1390 2169 παρέςχον
1438 2099 1556 2157 τοῖς
1609 2094 1851 2170 ὕστερον,
1894 2095 2094 2168 Ὠσπερ

458 2181 596 2254 δῆτα
622 2184 711 2239 καὶ
740 2183 804 2238 τὸ
833 2186 930 2238 τοῦ
981 2183 1195 2253 Νύσσης
1249 2182 1552 2257 Γρηγορίου
1602 2184 1811 2255 Ηατρὸς
1840 2181 2003 2257 ῥητὸν
2032 2182 2095 2237 τὸ

454 2273 588 2327 κατᾶ
646 2269 904 2348 διαίρεσιν
962 2271 1335 2347 προαγόμενον
1388 2270 1479 2324 καὶ
1535 2269 1677 2324 οὕτω
1740 2291 1856 2331 πως
1915 2268 2095 2346 λέγον,

457 2360 534 2423 ὡς
569 2360 632 2415 τὸ
668 2361 760 2432 μὲν
812 2357 984 2414 αἴτιον
1030 2359 1298 2414 πιστεύειν
1347 2359 1410 2413 τὸ
1458 2355 1516 2413 δὲ
1552 2357 1613 2413 ἐκ
1638 2364 1739 2428 τῆς
1769 2357 1965 2428 αἰτίας,
1996 2362 2094 2412 τοῦ

455 2684 484 2715 ι(
518 2662 757 2719 Possedi
810 2661 1108 2718 hominem
1140 2676 1243 2731 per
1269 2666 1453 2717 Deum
1473 2662 1515 2725 ί,
1552 2682 1580 2711 »
1613 2660 1669 2715 id
1702 2663 1810 2729 est,
1854 2676 1921 2716 ex
1956 2664 2092 2728 Deo,

453 2757 530 2821 et,
564 2774 593 2802 ‹‹
628 2752 869 2807 Factum
897 2767 965 2806 ex
994 2749 1293 2817 muliere”,
1328 2770 1356 2799 κ
1387 2749 1497 2804 hoc
1522 2754 1611 2805 est
1642 2766 1743 2821 per
1762 2748 2090 2818 mulierem,

450 2857 525 2897 ne
554 2841 707 2898 482
739 2840 901 2896 illam
949 2839 1215 2895 haeresim
1274 2838 1609 2895 insinuasse
1666 2839 1894 2894 divinus
1941 2841 2094 2908 Apo-

454 2928 934 3002 stolus‘putetur
982 2945 1100 2999 qua
1154 2927 1421 2984 Christus
1476 2928 1647 3000 quasi
1698 2943 1801 2998 per
1831 2925 2092 2981 canalem

449 3022 736 3077 transisse
767 3037 869 3093 per
891 3019 1179 3091 virginem
1211 3019 1453 3090 ﬁngitur
1486 3034 1499 3074 :
1532 3018 1674 3083 haec,
1720 3016 1979 3086 inquam,
2012 3014 2091 3070 si-

452 3109 733 3180 miliaque
764 3108 1024 3180 undique
1054 3107 1357 3163 conl‘erens
1412 3104 1672 3176 quotidie
1720 3102 1992 3175 plurima,
2024 3118 2096 3158 ea:

2204 1915 2423 1981 ’ἔπεσθαι
2454 1919 2527 1979 ὡς
2575 1917 2665 1972 καὶ
2724 1917 2802 1980 εἷς
2859 1917 3063 1991 ἐξορίαν
3121 1915 3364 1989 ἕτοιμον,
3395 1918 3469 1979 ὡς
3504 1917 3635 1992 ὑπὲρ
3661 1920 3846 1972 τοιού-

2202 2028 2310 2061 των
2336 2007 2761 2081 ἆγωνιζόμενος.
2812 2007 2879 2064 Οἱ
2928 2004 2986 2061 δὲ
3040 2006 3164 2082 περί
3210 2007 3299 2061 τὸν
3349 2004 3572 2083 Ἐφέσου
3602 2027 3845 2081 προνοη-

2201 2098 2368 2157 τικῶς
2402 2094 2496 2166 μὶν
2520 2094 2664 2168 εἶχον
2696 2090 2786 2147 διὰ
2836 2092 3084 2168 βασιλέα,
3127 2095 3204 2166 μὴ
3256 2091 3501 2155 θέλοντες
3531 2092 3711 2148 δοκεῖν
3738 2095 3844 2149 εἶσ-

2205 2180 2353 2255 άγειν
2400 2181 2453 2235 ἐν
2504 2182 2797 2236 καθεστῶσι
2848 2178 3159 2238 σκάνδαλα·
3209 2183 3361 2254 ’ὀμως
3410 2179 3467 2236 δὶ
3509 2183 3597 2237 καὶ
3633 2183 3842 2258 βαρέως

2203 2266 2392 2345 ἔφερον
2474 2270 2564 2323 καὶ
2641 2267 2884 2324 ἐκποδὼν
2977 2275 3154 2325 ποιεῖν
3237 2270 3372 2325 κατᾶ
3458 2271 3548 2324 τὸΔ
3599 2268 3834 2342 λεληθὸς

2203 2356 2427 2429 ἐκεῖνον,
2460 2358 2534 2419 ὡς
2565 2352 2880 2414 ἐϐούλοντο.

2200 2659 2446 2716 rentiam
2500 2658 2890 2731 intelligimus
2948 2676 2963 2715 :
3021 2660 3146 2716 haec
3202 2659 3368 2731 fenim
3439 2662 3701 2717 continue
3749 2678 3814 2717 ex

2202 2748 2414 2819 prima,
2463 2747 2579 2803 ista
2631 2764 2733 2819 per
2792 2747 3207 2804 mediationem
3266 2747 3393 2803 Filii
3434 2751 3537 2820 qui
3571 2749 3806 2805 continue

2201 2853 2271 2891 ex
2322 2837 2518 2908 prima
2571 2846 2677 2904 est,
2746 2852 2861 2908 qua
2923 2838 3272 2893 mediatione
3333 2836 3512 2893 Filius
3569 2838 3721 2893 idem
3768 2842 3818 2893 et

2203 2923 2315 2980 sibi
2390 2923 2684 2997 Unigeniti
2743 2925 3155 2996 proprietatem
3205 2929 3397 2981 servat
3448 2930 3506 2981 et
3553 2926 3829 2998 Spiritum

2204 3029 2238 3067 a
2321 3012 2594 3069 relatione
2675 3013 2863 3069 Patris
2922 3030 3035 3069 non
3109 3017 3286 3069 arcet.
3350 3036 3372 3063 ι
3441 3013 3562 3070 Hac
3621 3014 3830 3087 allega-

2204 3101 2304 3156 bat
2390 3101 2742 3173 patriarcha,
2808 3102 3122 3157 ostendens
3196 3101 3348 3157 488
3419 3103 3830 3159 mediationem

452 3196 514 3251 in
561 3212 668 3266 per
724 3194 1103 3261 immittebat,
1162 3209 1262 3248 eas
1318 3190 1632 3262 particulas
1688 3190 1993 3245 conﬂando
2027 3188 2083 3243 in
2115 3197 2158 3263 α
2199 3188 2325 3243 Filii
2357 3190 2685 3246 necessario
2764 3189 2977 3245 inferre
3048 3190 3520 3262 praepositionem
3573 3207 3722 3263 per,
3786 3196 3842 3247 et

448 3283 746 3340 notionem
769 3299 982 3352 unam;
1012 3280 1214 3352 sicque
1270 3278 1537 3335 videlicet
1577 3278 1836 3334 diluehat
1865 3277 2084 3333 crimen

450 3369 836 3427 additamenti
891 3369 952 3424 in
1007 3367 1349 3437 Symbolum
1407 3366 1640 3433 intrusi,
1675 3383 1790 3439 quo
1846 3370 2085 3422 sanctus

449 3458 712 3530 spiritus,
748 3462 811 3511 ut
865 3473 933 3511 ex
989 3457 1174 3525 Patre,
1226 3456 1305 3511 ita
1334 3470 1403 3510 ex
1435 3454 1555 3510 ﬁlio
1587 3455 1898 3526 procedere
1928 3453 2084 3510 alﬁr-

452 3551 668 3602 matur.
736 3546 1013 3601 Praeterea
1068 3544 1219 3599 idem
1282 3544 1514 3599 inventa
1572 3542 1686 3597 divi
1748 3543 2086 3598 Damasceni

452 3632 747 3699 sententia
777 3650 892 3705 qua
921 3633 1092 3689 Pater
1124 3648 1223 3703 per
1249 3631 1505 3687 Verbum
1562 3624 1869 3704 προϐολεὺς
1908 3631 2084 3686 emis-

453 3739 552 3779 sor
589 3721 969 3777 enuntiatorii
1016 3720 1265 3792 Spiritus
1297 3719 1533 3787 dicitur,
1568 3726 1625 3774 et
1653 3736 1849 3775 vocem
1881 3711 2084 3792 προϐο-

450 3807 579 3871 λεὺς
611 3810 863 3866 emissor
893 3810 1013 3865 sive
1058 3809 1313 3879 prolator
1350 3814 1625 3879 tanquam
1679 3807 1831 3862 idem
1864 3806 2085 3877 signiﬁ-

451 3904 681 3957 cantem
734 3899 889 3971 quod
937 3894 1108 3958 αἶ’τιος
1157 3914 1335 3954 causa
1381 3897 1499 3952 sive
1542 3895 1890 3967 principium
1923 3912 2089 3950 usur-

454 4006 623 4061 pans,
657 3988 755 4043 ubi
788 3988 1154 4044 observasset
1202 4003 1313 4041 non
1360 3984 1549 4040 dicere
1579 3984 1815 4053 quidem
1846 3982 2088 4039 Damas-

455 4095 663 4134 cenum
712 4075 1056 4148 simpliciter
1104 4074 1313 4130 Filium
1360 4089 1487 4129 esse
1516 4089 1752 4128 causam
1786 4071 1905 4128 sive
1935 4071 2091 4144 prin-

455 4167 677 4238 cipium
708 4165 961 4236 Spiritus
1009 4164 1214 4231 sancti,
1267 4162 1435 4217 fateri
1478 4166 1670 4216 tamen
1702 4162 1926 4217 Patrem
1960 4177 2088 4216 esse

449 4271 692 4312 causam
722 4254 975 4327 Spiritus
1006 4252 1191 4308 sancti
1219 4267 1320 4323 per
1349 4249 1582 4319 Filium,
1615 4249 2085 4321 quandoquidem

451 4345 523 4399 ab
553 4360 618 4398 eo
650 4346 820 4397 Pater
851 4359 951 4413 per
980 4340 1234 4395 Verbum
1263 4338 1513 4410 Spiritus
1544 4338 1731 4392 sancti
1755 4330 2086 4409 προϐολεὺς,

449 4431 605 4503 quod
637 4430 788 4486 idem
821 4432 993 4485 sonat
1020 4443 1085 4482 ac
1114 4421 1311 4496 αἶ’τιος,
1360 4440 1490 4480 esse
1540 4424 1882 4479 alﬁrmetur.
1937 4425 2090 4479 lianc

449 4518 802 4576 sententiam
824 4517 1005 4589 aliqui
1031 4520 1094 4571 ut
1113 4514 1483 4572 subdititiam
1505 4517 1560 4568 et
1582 4512 1723 4569 falso
1743 4513 2084 4568 attributam
2119 4551 2165 4614 D

450 4610 613 4667 Patri
670 4612 1022 4666 Damasceno
1068 4607 1363 4679 rejiciunt.
1414 4605 1660 4669 Quidam
1706 4608 1901 4659 autem
1957 4620 2084 4659 eam

451 4699 856 4769 admittentes,
886 4697 1013 4753 loco
1070 4694 1336 4752 vocabuli
1380 4686 1686 4767 προϐολεὺς
1725 4691 2091 4747 substituunt

448 4792 510 4846 in
543 4791 640 4847 illa
685 4786 962 4862 παροχεὺς
1011 4786 1302 4859 praebitor,
1337 4794 1391 4841 et
1421 4801 1546 4857 quae
1590 4784 1707 4840 illis
1740 4783 1953 4839 mentio
1984 4783 2086 4861 ad-

440 4879 716 4951 jungitur
740 4874 1093 4950 ἐκφαντορίας
1132 4872 1534 4930 enuntiatoriae
1576 4871 1936 4943 prolationis,
1972 4887 2085 4926 non

444 4969 518 5024 ad
578 4963 798 5040 ὕπαρξιν
869 4963 1211 5020 exstantiam
1272 4962 1550 5030 referunt,
1626 4960 1725 5017 sed
1785 4962 1851 5014 ad
1911 4955 2083 5012 ἀΐδιον

446 5052 698 5133 ἔκφανσιν
732 5057 1008 5110 (sternam
1041 5051 1480 5108 exhibitionem.
1506 5048 1809 5103 Enimvero
1840 5047 2084 5103 scanda-

444 5143 637 5201 lorum
689 5156 1035 5215 magnorum
1094 5138 1431 5195 occasiones
1515 5136 1656 5193 talia
1714 5135 2087 5207 praebuerunt

445 5230 720 5304 posteris,
754 5233 818 5286 ut
846 5228 1118 5283 videlicet
1146 5230 1204 5282 et
1234 5225 1343 5282 hoc
1372 5224 1617 5297 Nysseni
1668 5223 1926 5295 Gregorii
1978 5224 2081 5278 Pa-

448 5321 558 5376 tris
608 5320 855 5383 dictum,
898 5317 957 5372 in
989 5332 1102 5387 quo
1133 5313 1365 5370 divisim
1419 5313 1490 5368 de
1546 5311 1811 5384 personis
1869 5313 2082 5369 divinis

447 5409 644 5481 agitur
671 5409 765 5465 his
793 5405 983 5463 verbis
1012 5422 1025 5461 :
1054 5427 1081 5455 «
1118 5403 1188 5460 Ut
1216 5402 1379 5458 illam
1429 5400 1664 5473 quidem
1691 5417 1927 5457 causam
1954 5418 2081 5457 cre-

445 5498 678 5566 damus,
728 5497 878 5551 banc
927 5498 1122 5551 autem
1170 5509 1240 5548 ex
1269 5506 1448 5548 causa
1473 5489 1884 5547 rursusvaliam
1917 5490 2080 5546 diffe-

517 5670 534 5709 ¹
567 5674 707 5730 Gen.
742 5690 818 5737 ιν,
852 5674 901 5727 1.
979 5672 1000 5706 ²
1030 5670 1214 5727 Galat.
1248 5688 1322 5739 ιν,
1355 5669 1407 5726 4.

2194 3283 2435 3350 propter
2491 3278 2641 3335 hanc
2699 3278 3166 3351 prapositionem
3224 3294 3329 3346 ex,
3392 3296 3570 3352 quam
3649 3280 3839 3337 Latini

2195 3370 2568 3438 usurparent,
2628 3366 3049 3423 admittendam
3096 3367 3475 3435 contendens,
3553 3369 3833 3439 quoniam

2196 3454 2528 3525 promiscue
2575 3454 2995 3527 permutabiles
3025 3456 3181 3511 inter
3210 3472 3337 3511 sese
3366 3454 3474 3512 has
3504 3456 3827 3527 particulas

2194 3558 2325 3598 esse
2372 3548 2694 3616 appareret.
2743 3543 2959 3599 Verum
3007 3543 3335 3614 Ephesinus
3372 3560 3605 3616 unaque
3654 3545 3833 3602 Athe-

2195 3630 2419 3687 niensis
2450 3631 2724 3688 Melesius
2756 3642 2811 3688 et
2839 3631 2937 3687 alii
2978 3632 3220 3703 plurimi
3264 3633 3830 3705 scandalizabantur,

2195 3718 2597 3775 existimantes
2630 3736 2855 3797 movere
2885 3737 2951 3775 ac
2981 3721 3051 3775 de
3083 3738 3227 3777 novo
3258 3720 3316 3776 in
3347 3722 3828 3794 disceptationem

2194 3824 2401 3863 vocare
2430 3807 2567 3863 olim
2602 3810 2917 3865 constituta
2965 3810 3241 3881 dogmata
3286 3811 3476 3881 majus
3521 3828 3652 3867 esse
3701 3829 3825 3868 ma-

2194 3896 2317 3952 lum
2349 3914 2524 3969 quam
2557 3902 2620 3953 ut
2649 3898 3008 3954 consciscere
3041 3898 3099 3952 id
3132 3897 3244 3969 ipsi
3276 3904 3535 3970 possent,
3560 3901 3825 3970 quamvis

2197 3985 2461 4058 gravium
2511 3986 2800 4043 malorum
2851 3987 3381 4060 praevertendorum
3431 4005 3610 4044 causa
3657 4006 3820 4045 cons-

2196 4076 2417 4131 centias
2461 4094 2600 4133 suas
2628 4077 3109 4133 accomodassent
3141 4077 3211 4132 ad
3240 4076 3424 4134 levius
3454 4077 3599 4134 illud
3632 4096 3824 4151 pecca-

2197 4169 2319 4219 tum
2353 4165 2805 4234 admitteudum,
2839 4182 2953 4237 quo
2985 4182 3047 4220 se
3096 4164 3453 4238 obligassent
3508 4183 3649 4238 pace
3696 4184 3822 4223 cum

2197 4252 2315 4307 illis
2348 4253 2609 4308 facienda
2635 4252 2734 4324 qui
2755 4252 2813 4307 in
2836 4251 3045 4308 divinis
3068 4254 3441 4327 dogmatibus
3464 4260 3819 4311 errarenLAc

2198 4340 2464 4397 Meletius
2497 4341 2819 4412 praesertim
2855 4357 3067 4412 magna
3095 4342 3166 4397 de
3197 4342 3290 4398 his
3339 4341 3610 4399 libertate
3638 4345 3816 4400 disse-

2196 4430 2379 4497 rebat,
2411 4430 2551 4484 adeo
2583 4435 2648 4484 ut
2676 4429 2769 4485 die
2800 4431 3076 4501 quadam,
3100 4435 3411 4502 postquam
3442 4431 3632 4488 multa
3658 4448 3811 4504 super

2195 4517 2305 4574 hoc
2338 4521 2683 4590 argumento
2740 4518 2796 4573 in
2854 4519 3072 4591 synodo
3129 4518 3531 4586 declamasset,
3562 4521 3814 4592 pedisse-

2197 4623 2377 4678 quum
2401 4606 2650 4677 jusserit
2678 4605 2910 4662 sublato
2950 4607 3123 4678 pallio
3171 4607 3538 4678 procinctum
3598 4610 3667 4664 ad
3718 4610 3822 4665 iter

2197 4694 2308 4750 sibi
2367 4695 2572 4750 adesse
2620 4700 2899 4766 tanquam
2958 4695 3017 4751 in
3075 4695 3347 4751 exsilium
3397 4695 3500 4751 tali
3549 4698 3623 4753 de
3652 4714 3824 4753 causa

2195 4799 2329 4838 mox
2412 4790 2612 4855 parato
2688 4784 2996 4856 proficisci.
3058 4783 3411 4839 Moderatius
3470 4802 3533 4841 se
3591 4786 3826 4858 gerebat

2194 4870 2519 4942 Ephesinus
2575 4870 2948 4943 imperatoris
3003 4878 3293 4943 respectu,
3351 4872 3505 4944 apud
3557 4890 3730 4944 quem
3760 4889 3819 4929 se

2194 4959 2532 5030 providebat
2562 4959 2945 5031 offensurum,
2986 4959 3033 5014 si
3064 4957 3362 5015 videretur
3389 4959 3740 5017 offendicula
3768 4965 3825 5015 et

2194 5046 2498 5104 turbarum
2553 5063 2761 5103 causas
2810 5046 2883 5103 iis
2914 5047 3163 5119 objicere
3211 5048 3311 5119 qui
3359 5048 3512 5105 bona
3543 5048 3655 5104 ﬁde
3685 5064 3818 5105 con-

2191 5136 2379 5193 ventis
2435 5136 2905 5207 acquiescebant.
2962 5135 3323 5208 Ringebatur
3368 5141 3564 5193 tamen
3616 5142 3672 5193 ct
3700 5136 3823 5209 ipse

2193 5224 2444 5296 penitus,
2485 5224 2783 5296 aegerrime
2829 5240 2963 5279 cum
3010 5225 3136 5280 suis
3188 5225 3379 5281 ferens
3427 5241 3554 5296 quae
3585 5243 3619 5281 a
3648 5226 3821 5283 Vecco

2192 5314 2554 5386 agebantur;
2606 5313 3040 5385 apparebatque
3082 5329 3200 5370 non
3245 5313 3617 5369 dubitaturos
3664 5312 3822 5385 ipsos

2192 5401 2413 5471 conari,
2445 5401 2493 5456 si
2526 5404 2783 5473 possent,
2815 5399 3194 5456 clandestinis
3226 5401 3449 5456 artibus
3478 5400 3646 5456 illum
3671 5418 3705 5458 a
3729 5416 3820 5456 se-

2192 5490 2263 5547 de
2293 5486 2660 5560 palriarchali
2694 5504 2979 5545 amovere.
