4130 6270
527 341 634 396 947
1825 342 2126 397 GEORGII

2212 343 2620 396 ACHYMERIE
3760 341 3843 394 948

529 461 690 534 ἄλλῳ
738 463 816 532 τῷ
876 460 1153 536 μαρτυρίῳ
1210 461 1245 530 ἢ
1302 463 1381 530 τῷ
1437 465 1734 534 κατορθοῦν
1783 462 1870 514 καὶ
1934 459 2035 515 ὑπὸ
2066 465 2161 515 τοῦ
2193 467 2244 529 Α
2277 465 2491 536 συχνῶς
2540 458 2915 535 προσεδρεύειν
2972 463 3252 532 συνήθειαν
3320 460 3506 534 ᾐτιᾶτο
3549 461 3628 514 καὶ
3677 461 3729 514 τὸ
3779 461 3847 516 ἐπὶ

527 551 662 606 λαοῦ
696 549 1026 619 δοξάζεσθαι.
1059 551 1156 603 ἾΙν
1207 546 1264 602 δὲ
1323 548 1412 602 καὶ
1469 549 1529 601 τὸ
1559 549 1655 616 τὴν
1689 549 1917 621 ὑποψίαν
1951 549 2164 603 ἑκκαῖον
2278 547 2470 622 ῥητοῖς
2517 555 2824 625 συμφωνεῖν
2873 552 2972 618 τήν
3017 555 3113 604 τοῦ
3162 549 3416 625 σφετέρου
3461 550 3710 621 κτήματος
3736 555 3849 623 πρᾶ-

525 641 552 692 ὁ
585 639 757 701 Κότυς
789 638 1062 710 Θεόδωρος
1099 637 1342 709 μοναχὸς
1387 635 1552 706 μόνος
1588 636 1738 707 μόνῳ
1769 638 1903 689 κατὰ
1953 636 2165 710 σχολὴν
2277 657 2357 688 σιν
2417 637 2497 704 (τὸ
2559 634 2604 689 δ’
2661 637 2726 704 ἦν
2785 639 2818 705 ἡ
2879 636 3072 710 Βρύσις
3127 645 3226 705 τῆς
3276 636 3486 711 Γραίας,
3542 636 3596 688 ἐκ
3645 635 3845 711 πατέρων

524 727 736 800 ἡμερας
769 724 1039 786 πολλάκις
1085 725 1174 778 καὶ
1226 725 1414 786 νυκτὸς
1467 725 1872 798 συγγινόμενος.
1907 725 2080 786 Οὗτος
2113 722 2170 779 δὲ
2275 721 2462 795 ἐκείνῳ
2504 722 2974 798 προσκληρωθὲν),
3024 726 3084 780 τὸ
3144 723 3201 778 δὲ
3259 724 3381 796 περὶ
3430 720 3674 796 διαδοχῆς
3725 724 3848 797 βασι-

526 814 553 866 ὁ
588 814 754 874 Κότυς
786 813 850 879 ἦν
885 810 941 872 ὃς
972 808 1037 879 δὴ
1070 809 1240 864 πάλαι
1276 810 1369 883 μὲν
1418 815 1590 865 τελῶν
1625 810 1676 864 ἐν
1708 816 1825 874 τοῖς
1853 817 2167 882 κοσμικοῖς,
2279 808 2426 872 λείας
2487 809 2681 865 εἷ’δέναι
2739 809 2854 866 ἴσον
2913 813 3074 876 ἐτίθει
3127 813 3216 866 καὶ
3271 811 3394 884 περῖ
3450 814 3550 864 τῶν
3598 808 3850 864 ἀντιπόδων

523 901 622 968 τήν
678 900 813 954 κατά
859 898 1052 953 τούτου
1105 896 1163 952 δὲ
1207 903 1305 953 τοῦ
1352 897 1474 953 τότε
1527 902 1764 974 μεγάλου
1799 898 2167 954 κονοσταύλου
2277 896 2726 973 διισχυρίζεσθαι.
2770 900 2844 954 Τὰ
2891 897 2946 954 δὲ
2984 899 3158 974 λέγων
3210 899 3306 952 οὐκ
3360 894 3576 960 ἔπειθεν.
3607 892 3851 952 Ἐϐούλετο

526 994 713 1062 πεῖραν
771 987 1097 1058 πυθόμενος,
1160 987 1232 1047 ὡς
1294 987 1546 1060 βασιλεὺς
1615 986 1909 1062 ἐκτυφλοῦν
1971 987 2167 1041 ἐκεῖνον
2277 985 2324 1042 δ’
2354 986 2566 1062 ἐρευνᾷν
2607 988 2694 1041 καὶ
2742 989 2809 1042 τὰ
2849 989 2984 1042 κατὰ
3030 990 3120 1042 τόν
3173 987 3352 1062 ἰατρὸν
3402 982 3698 1059 Περδίκκαν,
3728 984 3854 1062 ἐφίἶ)

533 1074 811 1144 ἐϐούλετο,
863 1074 1032 1128 ἐλθὼν
1083 1073 1479 1148 προσαγγέλλει
1530 1075 1664 1128 κατὰ
1713 1073 1900 1150 φιλίαν
1946 1075 2033 1128 καὶ
2076 1075 2166 1129 σὺν
2273 1097 2325 1129 τι
2363 1081 2548 1146 μαθεῖν
2582 1077 2708 1149 παρ’
2757 1075 2958 1130 ἐκείνου
3005 1081 3111 1130 τῶν
3163 1078 3278 1130 καθ’
3313 1073 3542 1147 ὑποψίαν
3573 1075 3677 1126 κατ’
3705 1074 3856 1126 Ἰωάν-

527 1165 716 1236 ἐκείνῳ
773 1163 857 1219 ἐπὶ
923 1159 1186 1235 Περαίδος
1244 1161 1561 1233 αὖτομολεῖ.
1758 1167 1885 1237 γοῦν
1938 1163 2168 1234 κάκείνῳ
2275 1184 2391 1231 νου,
2426 1165 2500 1226 ὡς
2527 1166 2653 1237 παρ’
2701 1164 2898 1218 ἐκεῖνον
2952 1163 3343 1239 σχολάζοντος.
3388 1167 3473 1234 Τῷ
3518 1182 3596 1214 τοι
3623 1159 3703 1216 καὶ
3731 1159 3857 1214 αὐτὸν

523 1253 646 1309 τότε
694 1249 1044 1326 βασιλειῶντι
1102 1253 1347 1315 τοιαῦτα,
1411 1251 1482 1310 ὼς
1544 1251 1716 1322 οἶμαι,
1769 1251 1964 1324 λέγειν,
1997 1252 2084 1304 καὶ
2118 1251 2167 1304 οἳ
2281 1253 2372 1323 μὲν
2433 1251 2700 1324 φυλακαῖς
2761 1250 2961 1323 ἐδιδου,
3018 1252 3110 1306 τὸν
3177 1250 3233 1305 δὲ
3291 1250 3457 1304 Κότυν
3514 1254 3622 1307 τοῖς
3672 1247 3860 1308 Κελτοῖς

528 1340 689 1414 λόγοι
741 1332 1096 1411 προύϐαινον,
1150 1338 1293 1391 τοῦτ’
1346 1337 1412 1404 ἦν
1468 1337 1529 1391 τὸ
1587 1338 1675 1391 καὶ
1732 1338 1832 1405 τὴν
1889 1339 2024 1392 κατὰ
2074 1343 2168 1393 τοῦ
2276 1337 2548 1414 παραδοὺς
2604 1340 2950 1412 κρεμαννύειν
3010 1339 3097 1394 καὶ
3170 1339 3370 1408 ἐτάζειν
3434 1337 3682 1391 ἐκέλευεν.
3730 1338 3777 1390 '0
3828 1333 3849 1389 δ

529 1429 782 1485 Ἰωάννου
833 1425 1066 1498 ὑποψίαν
1123 1421 1396 1499 βεϐαιοῦν,
1451 1426 1524 1487 ὡς
1573 1423 1784 1486 εἰδότος
1833 1425 2036 1480 ἐκείνου
2079 1427 2168 1480 καὶ
2279 1426 2375 1481 οὐκ
2431 1424 2563 1500 ἔφθη
2627 1425 2821 1498 δεθεὶς,
2875 1428 2964 1482 καὶ
3019 1432 3097 1500 τῷ
3155 1423 3309 1504 φόϐῳ
3360 1423 3738 1498 διαπεφώνηκε,
3785 1424 3855 1477 καὶ

535 1511 827 1571 ἕτιπλέον.
875 1515 1100 1586 Πέμψας
1154 1518 1280 1586 γοῦν
1340 1516 1456 1585 αγει
1514 1514 1778 1569 κάκεῖνον,
1817 1515 1893 1569 Τὸ
1923 1518 2169 1588 γοῦνκι-
2277 1515 2475 1590 φόρτος
2534 1515 2765 1576 ἐλεεινὸς
2823 1516 3001 1589 ἀρθεὶς
3059 1514 3284 1569 πολλῶν
3345 1508 3649 1588 βλεπόντων
3700 1515 3758 1584 τῇ
3805 1515 3864 1584 γῇ

526 1606 789 1676 νούμενον
823 1606 1115 1674 προφανῶς
1147 1599 1400 1677 ἔγκλημα
1450 1602 1514 1669 ἦν
1550 1603 1623 1663 ὡς
1651 1605 2050 1676 κακηγορήσειε
2077 1604 2167 1657 τὸν
2275 1599 2618 1677 παρεδίδοτο.
2653 1604 2907 1674 Ἰωάννην
2965 1601 3022 1657 δὲ
3077 1603 3169 1656 καὶ
3219 1601 3391 1664 οὕτως
3437 1602 3667 1678 ἀφαιρῶν
3701 1599 3867 1670 ἠτίμου

526 1691 1056 1770 πορφυρογέννητον,
1105 1689 1196 1743 καὶ
1249 1689 1321 1750 ὡς
1369 1687 1555 1758 ἐπειδή
1611 1690 1862 1765 βασιλεὺς
1900 1692 2171 1767 προστάσ-
2273 1692 2371 1760 τὴν
2434 1691 2517 1745 ἐπὶ
2572 1699 2670 1760 τῆς
2730 1690 2972 1769 κεφαλῆς
3029 1690 3340 1766 καλύπτραν
3415 1695 3710 1763 μεγιστᾶσιν
3739 1686 3867 1741 οὖσαν

529 1801 637 1834 σων
669 1779 870 1833 ἐκεῖνον
931 1778 1015 1831 ἐπὶ
1079 1777 1281 1850 Πέρσας
1340 1776 1590 1853 ἐφώρμα,
1623 1779 1649 1832 ὁ
1683 1775 1738 1832 δὲ
1784 1779 2168 1854 κατειρωνευό-
2202 1825 2245 1889 Β
2279 1778 2447 1850 ἀξίαν,
2498 1781 2615 1834 καθ’
2662 1780 2726 1848 ἤν
2780 1778 2937 1852 ἐτίμα
2978 1781 3040 1834 τὸ
3089 1779 3370 1853 πρύτερον.
3431 1778 3559 1834 Εἶτα
3605 1774 3657 1830 δέ
3698 1798 3750 1850 γε
3797 1776 3871 1828 καὶ

777 1872 801 1881 υ
905 1865 1314 1889 1μ,-ω-λν,ιηηη
1367 1864 1480 1889 πυ-
1516 1886 1529 1889 Α
1637 1867 1661 1889 γι
1696 1887 1703 1889 .
1758 1865 1908 1889 wax.”
2107 1888 2114 1889 ,
2311 1873 2338 1884 ~
2425 1887 2490 1889 νη
2777 1867 2788 1889 l
2942 1869 2970 1889 n
3000 1888 3004 1889 ,
3031 1888 3038 1889 ,
3071 1865 3091 1889 Ἴ
3117 1887 3124 1889 ο
3159 1871 3225 1889 ημ-
3308 1864 3610 1889 1__--__!__U
3682 1861 3871 1889 _-___!..

533 1889 694 1940 μενος
737 1872 843 1921 τῶν
902 1865 1314 1937 ἐπεσταλμένων
1367 1864 1584 1935 λέξειεν,
1632 1867 1706 1928 ὡς
1758 1865 1995 1930 Ἐλθέ-,τω
2021 1888 2164 1941 πορ-
2202 1861 2245 1889 υ
2273 1873 2351 1940 τῷ
2393 1867 2872 1940 παρακοιμωμένῳ
2941 1865 3237 1942 βασιλεικῷ
3305 1864 3632 1940 ἐγχειρίσας,
3679 1861 3873 1938 προνοίᾳ

533 1957 933 2035 φυρογὲννητος
981 1951 1302 2014 ἀποσταλεὶς
1355 1953 1434 2030 ἐφ’
1465 1954 1509 2025 ᾧ
1540 1956 1869 2029 κατορθώσει
1898 1957 1959 2010 τὸ
1997 1976 2168 2030 προσ-¹
2275 1959 2372 2008 τοῦ
2418 1953 2600 2008 λαϐεῖν
2650 1955 2846 2009 ἐκεῖνον
2886 1953 3136 2026 παντοίᾳ,
3187 1953 3263 2016 εἰς
3313 1953 3609 2028 Λαματρύα
3653 1950 3873 2023 ἐξεληλα-

531 2044 881 2116 ταττόμενον.
914 2043 991 2098 Τὸ
1041 2045 1167 2115 γοῦν
1215 2045 1488 2115 προῦπτον
1536 2045 1680 2096 τοῦτ’
1713 2043 1803 2114 ἢν,
1835 2045 1863 2097 ’ὀ
1897 2041 1953 2097 δὲ
1982 2045 2172 2107 νυκτὸς
2278 2044 2409 2097 κότα
2437 2042 2731 2119 ἐκτυφλοῦν
2763 2041 2990 2110 κελεύει,
3025 2041 3211 2096 πολλᾶ
3262 2041 3526 2116 πρότερον
3565 2043 3654 2094 τοῦ
3682 2035 3875 2114 Μιχαὴλ

535 2133 732 2202 ἐζήτει,
777 2131 968 2201 ἐκεῖνο,
1015 2134 1083 2203 τῇ
1146 2129 1349 2203 ὑποψίᾳ
1408 2131 1924 2204 συνταραττόμενος.
1972 2133 2173 2186 Κάπει-
2281 2129 2540 2185 δεσπότου
2568 2131 2654 2184 καὶ
2689 2128 3028 2208 αύταδὲλφου
3070 2129 3451 2190 Λιτανεύοντος
3487 2130 3578 2200 μὲν
3609 2125 3873 2192 δέσποιναν,

536 2221 601 2290 δὴ
632 2221 730 2274 οὐκ
757 2221 822 2288 ἦν
854 2217 1175 2287 δείκνυσθαι,
1222 2218 1313 2271 τὸν
1367 2218 1555 2288 Κότυν,
1609 2219 1652 2272 εἰ
1710 2221 1785 2290 μὴ
1838 2220 2169 2294 ὁμολογοίη,
2281 2218 2657 2279 λιτανεύοντος
2715 2217 2772 2272 δὲ
2826 2220 3168 2295 πατριάρχας
3217 2239 3276 2272 τε
3332 2220 3428 2271 καὶ
3489 2218 3570 2278 οἷς
3625 2217 3650 2269 ὁ
3702 2217 3873 2288 κρατῶν

536 2312 620 2381 [Ρ.
652 2310 776 2379 332]
810 2305 956 2361 δεινά
1001 2304 1215 2375 ἠπείλει
1264 2311 1462 2376 ποιεῖν,
1495 2307 1582 2359 καὶ
1613 2308 1710 2376 τήν
1743 2310 1948 2382 συχνὴν
1975 2330 2172 2384 προσε-
2283 2306 2713 2383 ἐπληροφορεῖτο
2771 2312 3160 2379 πνευματικοῖς
3217 2304 3497 2380 ἀνδράσιν,
3562 2304 3640 2381 ἰφ⁹
3709 2304 3746 2376 ᾦ
3800 2302 3873 2369 τήν

537 2394 687 2472 δρίαν
743 2395 794 2456 ἐς
851 2396 931 2449 ὅτι
997 2391 1233 2466 μάλιστα
1290 2393 1606 2468 ἀνακρίνων.
1687 2397 1743 2447 Ὀ
1811 2394 1867 2450 δὲ
1922 2400 2018 2450 τοῦ
2079 2397 2174 2469 μὲν
2283 2397 2477 2464 ποινὴν
2505 2396 2754 2472 ἀργῆσαι.
2788 2395 2944 2452 Ἀλλ’
2997 2395 3094 2450 οὐκ
3140 2388 3352 2449 ἔπειθον
3417 2390 3874 2450 λιτανεύοντες.Ὧς

539 2617 628 2667 cte
661 2627 794 2666 cum
825 2611 1050 2666 Joanne
1089 2626 1388 2665 sermones
1421 2609 1830 2666 habuisse.Hic
1853 2613 2021 2682 Cotys
2043 2614 2179 2666 ante
2285 2611 2583 2682 negotium
2619 2627 2632 2666 ε
2694 2615 3002 2665 tractatam
3061 2610 3215 2665 enim
3272 2609 3431 2663 inter
3487 2609 3684 2664 ambos
3734 2605 3868 2660 fuisse

541 2699 927 2755 monasticam
961 2697 1406 2768 professionem,
1440 2697 1736 2754 saecularis
1767 2699 1978 2769 adhuc,
2034 2699 2177 2754 olim
2283 2698 2677 2753 venditionem
2709 2697 2852 2770 agri,
2887 2698 2988 2769 qui
3020 2699 3179 2769 Cotyi
3221 2697 3560 2752 haereditate
3590 2713 3621 2750 a
3676 2691 3860 2766 parenti-

539 2789 677 2843 huic
708 2787 820 2859 ipsi
852 2803 1006 2841 nunc
1040 2786 1374 2857 imperanti,
1407 2790 1545 2841 tunc
1568 2804 1779 2858 magno
1813 2789 2175 2859 conostaulo,
2286 2787 2396 2841 bus
2426 2787 2737 2841 obvenerat
2768 2791 2824 2840 et
2853 2785 3001 2841 Fons
3042 2785 3243 2841 vetulae
3290 2787 3628 2840 vocabatur.
3658 2783 3729 2838 De
3768 2795 3857 2835 sac-

540 2875 850 2931 consitium
904 2873 1272 2945 imperatoris
1331 2890 1612 2930 excaecare
1665 2877 1860 2946 ipsum
1917 2877 2177 2946 parantis
2286 2875 2544 2930 cessione
2600 2879 2793 2928 autem
2861 2875 2918 2928 in
2972 2874 3324 2946 imperium,
3389 2868 3868 2928 asseverantissime

541 2965 726 3020 amice
753 2963 1128 3030 indicaverat,
1162 2967 1476 3035 auctorque
1509 2965 1694 3018 fuerat
1742 2975 1806 3016 ut
1861 2964 2086 3034 fugeret
2116 2965 2176 3018 in
2287 2963 2617 3018 afﬁrmabat
2647 2961 2800 3017 haud
2858 2964 3044 3034 magis
3109 2961 3455 3017 meminisse
3514 2967 3614 3016 aut
3659 2959 3785 3015 scire
3826 2971 3872 3010 se

542 3052 985 3122 Persidem,quo
1017 3057 1074 3105 et
1103 3052 1296 3121 ipsum
1331 3056 1451 3105 erat
1484 3052 1814 3105 comitatus.
1861 3050 2006 3113 Quia
2045 3067 2176 3107 vero
2287 3055 2607 3126 quidquam
2642 3059 2765 3109 tum
2798 3053 2883 3108 vel
2914 3053 3103 3125 prima
3137 3051 3434 3106 mentione
3464 3055 3698 3116 motum,
3736 3060 3874 3117 quam

543 3140 655 3196 sibi
715 3145 854 3195 tunc
907 3139 1219 3210 imperium
1278 3138 1500 3210 optanti
1568 3139 1712 3194 forte
1769 3140 2179 3196 recordabatur
2207 3140 2250 3206 C
2290 3145 2360 3198 de
2392 3144 2564 3198 rebus
2596 3143 2974 3213 Antipodum.
3011 3141 3107 3196 His
3139 3140 3463 3211 imperator
3501 3139 3650 3193 haud
3681 3147 3877 3208 persua-

545 3229 882 3300 praadictam
917 3229 1097 3294 abeo,
1157 3243 1258 3280 nec
1314 3226 1480 3291 falso,
1536 3232 1602 3281 ut
1655 3234 1859 3282 eventa
1888 3234 2176 3284 monstra~
2286 3248 2388 3286 sus
2419 3229 2714 3302 explorare
2773 3233 3048 3300 praeterea
3105 3227 3287 3282 voluit
3343 3227 3635 3282 medicum
3691 3220 3880 3276 Perdic-

544 3320 703 3380 runt,
738 3314 1072 3370 felicitatem
1108 3315 1304 3378 istam,
1338 3313 1452 3368 tale
1484 3315 1674 3384 ipsum
1721 3331 1949 3386 quoque
2009 3318 2178 3387 quid-
2285 3337 2434 3388 cam,
2477 3324 2819 3390 experturus
2873 3317 3081 3388 ecquid
3140 3316 3212 3370 ab
3261 3331 3347 3384 eo,
3414 3329 3587 3386 quem
3633 3316 3686 3367 et
3713 3311 3875 3382 ipsum

545 3403 702 3475 piam
734 3406 1020 3456 tractasse
1051 3417 1174 3456 cam
1205 3402 1430 3456 Joanne
1462 3407 1518 3456 et
1567 3402 1674 3457 hoc
1722 3419 2067 3459 arcanarum
2099 3407 2182 3461 in-
2286 3413 2578 3463 constaret
2609 3407 2706 3478 qui
2730 3407 2883 3477 apud
2914 3408 3195 3461 Joannem
3247 3406 3690 3465 commoratum,
3720 3398 3882 3469 posset

546 3496 636 3544 ter
667 3507 765 3546 eos
798 3494 1211 3561 argumentum
1245 3490 1425 3544 fuisse
1482 3490 1931 3547 collocutionum
1981 3494 2180 3564 opina-
2287 3496 2567 3569 expiscari
2591 3513 2702 3566 quo
2735 3496 3138 3550 adstrueretur
3167 3498 3452 3563 concepta
3508 3489 3767 3561 suspicio.
3791 3484 3883 3555 lgi-

543 3579 735 3633 batur.
771 3578 916 3647 Ergo
966 3581 1022 3631 et
1060 3577 1237 3646 Cotyn
1296 3578 1709 3646 comprehendi
1769 3579 2015 3650 sistique
2071 3582 2182 3636 sibi
2289 3590 2385 3641 tur
2410 3590 2466 3640 et
2496 3585 2644 3639 hunc
2674 3583 2824 3639 tradi
2858 3582 3132 3638 custodia:
3164 3581 3461 3652 praecepit.
3491 3583 3665 3650 Cotyn
3721 3578 3881 3629 autem

545 3667 809 3722 mandat.
842 3668 901 3720 In
934 3667 1211 3721 Joannem
1250 3682 1417 3736 porro
1460 3667 1613 3736 quod
1662 3667 1893 3738 publice
1916 3670 2184 3740 jactaba-
2288 3673 2461 3728 Celtis
2495 3673 2735 3727 tradidit
2765 3671 3245 3742 suspendendum
3278 3673 3335 3723 et
3368 3669 3514 3723 diris
3570 3663 3881 3737 adigendum

545 3759 642 3808 tur
672 3753 892 3808 crimen
926 3758 1049 3807 erat
1072 3753 1220 3807 male
1243 3753 1408 3808 illum
1459 3755 1610 3810 486
1669 3757 1738 3809 de
1789 3757 2182 3829 Porphyroge-
2289 3761 2641 3816 cruciatibus
2674 3762 2740 3815 ad
2779 3759 3074 3830 prodenda
3105 3774 3234 3828 qum
3273 3756 3510 3812 celaret.
3541 3758 3610 3810 At
3662 3752 3747 3807 ille
3773 3763 3881 3803 cum

548 3843 670 3898 nito
702 3842 983 3898 locutum.
1021 3843 1300 3897 Ferebant
1330 3845 1507 3912 enim,
1544 3861 1676 3899 cum
1712 3845 1783 3898 ab
1841 3847 2185 3916 imperatore
2291 3850 2569 3921 ligaretur
2599 3849 2668 3904 ad
2701 3848 3107 3921 suspendium,
3135 3845 3511 3900 exanimatus
3543 3847 3693 3898 metu
3723 3835 3882 3894 conci-

546 3931 889 3985 mandatum
924 3930 1132 3985 fuisset
1160 3931 1370 3985 Joanni
1421 3931 1709 4002 perlatum
1770 3932 1986 3993 bellum
2040 3936 2188 3991 infe-
2290 3939 2411 4004 dit;
2453 3943 2509 3992 et
2567 3938 2794 4008 pondus
2849 3934 3181 3991 miserabile
3213 3933 3489 3989 sublatus
3520 3931 3665 3987 487
3715 3923 3882 3981 multis

547 4020 715 4074 rendi
743 4020 951 4085 Persis,
977 4019 1194 4074 dixisse
1225 4018 1393 4074 illum
1449 4038 1562 4075 non
1621 4022 1746 4078 sine
1778 4022 1994 4078 ironico
2051 4041 2187 4080 acu-
2290 4027 2660 4081 cernentibus
2691 4031 2858 4080 terra:
2891 4024 3198 4078 mandatus
3220 4021 3467 4076 est.Nec
3495 4026 3684 4075 tamen
3707 4010 3881 4071 Joanni

541 4106 650 4162 leo:
676 4130 704 4156 «
725 4106 934 4162 Veniat
966 4107 1146 4176 patris
1194 4110 1377 4162 missu
1438 4108 1992 4181 Porphyrogenitus,
2053 4129 2187 4182 pro-
2292 4115 2508 4185 profuit
2537 4115 2839 4184 desperata
2868 4113 2999 4167 inde
3031 4111 3331 4166 convictio.
3363 4111 3500 4165 Jam
3557 4112 3687 4162 tunc
3738 4101 3881 4162 enim,

551 4211 716 4264 spere
754 4195 977 4248 scilicet
1008 4203 1385 4250 exsecuturus
1431 4197 1715 4268 quidquid
1776 4200 2185 4271 injungetur.»
2291 4203 2360 4257 ad
2424 4203 2716 4272 quoddam
2770 4199 3200 4270 prejudicium,
3260 4197 3679 4252 dehonestatus
3733 4192 3776 4245 is
3815 4189 3882 4244 est

547 4288 627 4336 Ac
654 4282 724 4336 de
755 4281 864 4336 hoc
896 4281 1133 4351 quidem
1168 4281 1294 4336 luce
1327 4282 1516 4352 palam
1549 4284 1804 4340 Joannes
1864 4287 2186 4359 interroga-
2292 4291 2481 4345 ablato
2506 4290 2714 4361 capitis
2747 4287 3022 4359 tegmine,
3049 4287 3204 4357 quod
3236 4285 3469 4356 insigne
3511 4283 3796 4355 praecipua;
3819 4275 3881 4328 di-

551 4371 740 4425 batur.
774 4369 902 4424 Alia
936 4370 1349 4424 instituebatur
1381 4372 1450 4425 de
1481 4373 1682 4427 eodem
1718 4379 2002 4430 nocturna
2033 4392 2189 4446 quas—
2292 4379 2530 4450 gnitatis
2577 4378 2716 4432 viris
2769 4376 3162 4431 summatibus
3219 4375 3456 4429 concedi
3516 4372 3741 4427 solitum
3792 4361 3878 4435 ipsi

549 4458 681 4549 stic,
713 4474 827 4526 qua
859 4457 1253 4512 curiosissime
1283 4459 1674 4530 indagabatur
1718 4463 1921 4533 ecquid
1949 4464 2186 4519 extundi
2217 4487 2264 4549 ι)
2297 4468 2457 4537 prius
2477 4467 2764 4521 tribuerat
2796 4467 3123 4536 imperator.
3161 4464 3265 4528 Qui
3289 4471 3342 4516 et
3373 4462 3570 4517 statim
3600 4460 3728 4514 inde

549 4546 892 4615 conjecturae
921 4551 1138 4616 posset,
1171 4563 1297 4616 quas
1329 4549 1720 4618 suspicionem
1755 4552 2004 4606 maxime
2047 4557 2185 4607 tunc
2218 4539 2260 4549 ν
2296 4557 2438 4611 tecto
2469 4554 2710 4625 Augusti
2745 4552 2994 4608 cubiculi
3021 4553 3302 4607 Joannem
3362 4551 3628 4604 eumdem
3683 4539 3884 4599 tradidit

549 4633 972 4703 inquietantem
1034 4633 1312 4705 principis
1344 4637 1600 4692 animum
1635 4639 1838 4694 ambiti
1883 4657 1916 4695 a
1963 4644 2186 4696 Joanne
2294 4645 2698 4699 abducendum
2734 4643 3042 4713 Damatrya
3073 4641 3270 4712 ibique
3300 4637 3721 4700 exczecandum,
3752 4643 3881 4685 com-

550 4721 780 4792 imperii
813 4721 1128 4776 roboraret.
1163 4721 1308 4784 Quia
1338 4741 1469 4779 vero
1501 4728 1762 4783 convinci
1806 4729 1961 4784 haud
2020 4729 2188 4785 aliter
2296 4733 2568 4788 mandato
2600 4733 2761 4804 prius
2795 4735 2858 4785 ut
2887 4731 3040 4800 quod
3065 4730 3180 4784 illic
3238 4729 3501 4782 facturus
3531 4727 3698 4790 esset,
3736 4729 3878 4790 quam

552 4810 679 4878 ejus
710 4808 972 4863 criminis
993 4809 1247 4864 Joannes
1278 4828 1452 4881 quam
1485 4813 1654 4887 Cotys
1693 4817 2024 4872 testimonio
2086 4835 2185 4889 po-
2293 4822 2631 4876 cautissime
2660 4826 2782 4875 toto
2814 4820 3020 4873 itinere
3059 4815 3475 4872 dissimularet.
3511 4814 3569 4869 Id
3611 4816 3881 4876 antequam

553 4901 723 4960 terat,
756 4896 911 4950 hunc
943 4897 1261 4967 imperator
1289 4901 1562 4969 gravibus
1609 4905 1851 4975 urgebat
1906 4905 2081 4960 minis
2113 4908 2182 4961 ad
2295 4909 2648 4963 exsecutioni
2683 4908 3089 4972 mandaretur,
3114 4903 3359 4961 Michael
3416 4903 3656 4971 despota
3693 4897 3882 4949 instan-

553 4984 854 5039 fatendum
889 4985 1041 5054 quod
1075 5001 1165 5039 res
1197 4991 1342 5052 erat,
1375 4991 1770 5059 subjecturum
1804 5009 1885 5059 se,
1946 4996 2002 5047 ni
2037 4995 2184 5049 face-
2295 4997 2520 5052 tissime
2544 4998 2726 5051 oravit
2775 5001 2838 5050 ut
2891 4994 3052 5049 fratri
3085 4999 3201 5049 tam
3251 4992 3361 5046 diri
3421 4984 3689 5060 supplicii
3731 4975 3883 5053 gratia

551 5077 660 5139 ret,
697 5072 993 5126 acerrimis
1025 5089 1157 5127 eum
1201 5078 1504 5132 tormentis
1552 5078 1924 5146 denuntians,
1973 5085 2030 5134 et
2056 5081 2184 5135 nul-
2297 5086 2476 5140 fieret.
2509 5085 2766 5140 Ambivit
2794 5086 2863 5140 ad
2896 5083 3003 5139 hoc
3025 5082 3294 5154 precibus
3327 5078 3545 5134 infimis
3576 5074 3881 5144 Augustam.

553 5163 671 5216 lum
720 5163 894 5216 ﬁnem
954 5163 1169 5217 faciens
1227 5164 1653 5222 instantissime
1711 5170 2002 5237 quaerendi
2044 5172 2184 5241 quid
2297 5175 2534 5228 ambivit
2568 5173 2926 5245 patriarchas
2973 5177 3222 5226 veterem
3255 5175 3311 5224 et
3359 5181 3589 5230 novum,
3639 5177 3700 5216 ac
3737 5167 3880 5245 quo?

549 5251 785 5305 tandem
813 5250 1002 5322 longis
1032 5251 1148 5306 illis
1181 5253 1552 5323 assiduisque
1599 5272 1731 5309 cum
1788 5256 2006 5313 Joanne
2059 5237 2185 5314 ser-
2297 5280 2524 5335 cunque
2549 5237 2869 5333 intelligere
2903 5260 3088 5331 potuit
3132 5258 3286 5328 apud
3338 5253 3648 5327 principem
3695 5237 3881 5312 aliquid

554 5341 830 5396 monibus
861 5343 1093 5412 egisset.
1116 5343 1198 5400 Ad
1231 5359 1297 5395 ea
1318 5344 1507 5414 Cotys,
1538 5347 1686 5414 quod
1723 5348 1996 5404 assiduus
2031 5354 2184 5422 apud
2294 5352 2351 5405 in
2387 5351 2788 5422 persuadendo
2829 5347 3036 5416 valere,
3092 5343 3415 5401 sanctitatis
3447 5339 3709 5411 Opinione
3757 5342 3883 5422 com‘

552 5428 836 5483 Joannem
870 5429 1075 5482 fuisset
1097 5430 1366 5498 quodque
1397 5431 1588 5500 ipsum
1612 5432 1942 5504 frequenter
1971 5420 2184 5494 allocu-
2297 5420 2601 5494 mendatos
2628 5439 2800 5492 viros.
2835 5441 2944 5490 Nec
2968 5434 3050 5488 illi
3080 5438 3180 5488 aut
3209 5432 3596 5486 detrectarunt
3634 5420 3878 5479 ofﬁcium,

553 5523 670 5584 tus,
703 5534 940 5572 causam
977 5518 1182 5572 fuisset
1209 5519 1436 5574 dicebat
1454 5521 1723 5578 coalitam
1755 5525 1907 5581 inter
1937 5528 2097 5600 ipsos
2119 5546 2186 5585 ex
2295 5533 2391 5583 aut
2422 5544 2486 5583 eo
2510 5527 2763 5599 segniter
2795 5523 2976 5579 functi
3009 5531 3165 5577 sunt.
3219 5522 3494 5576 Caeterum
3555 5513 3876 5600 quantocun-

555 5605 812 5660 amicitia
866 5604 1315 5661 familiaritatem
1344 5649 1356 5662 .
1417 5611 1798 5668 Intervenisse
1863 5595 2182 5685 quinetiam
2293 5635 2404 5690 que
2433 5595 2671 5691 agerent
2699 5616 2914 5685 studio,
2945 5614 3090 5670 nihil
3120 5613 3288 5686 plane
3316 5605 3716 5680 impetrarunt.
3757 5595 3878 5649 Cum
