4110 6280
383 332 491 388 951

1691 330 1990 385 GEORGII
2030 331 2489 389 PACHYMERE

3671 333 3782 383 952

387 452 565 509 ἁπλοῦ
612 452 701 506 καὶ
753 450 953 505 ἀκάκου
1003 453 1188 524 χάριν,
1245 451 1527 525 ὑπαγαγὼν
1584 446 1708 522 δίκῃ
1757 448 2236 518 καθοσιώ-Ατῆς
2296 455 2417 528 περὶ
2474 456 2563 508 τὸν
2627 452 2866 523 πλησίον
2923 453 3238 527 ἀπεχθείας·
3302 452 3459 505 αὐτὸν
3511 450 3556 505 δ’
3614 452 3778 505 ἀκού-

388 563 521 603 σεως
553 541 626 603 ὡς
658 538 784 601 τοὺς
842 539 1091 601 δυτικοὺς
1123 538 1393 613 ἄρχοντας
1441 540 1575 592 κατὰ
1604 536 1874 613 βασιλέως
1927 534 2033 591 διε-

387 630 661 707 γείραντα,
714 627 816 698 ἔξω
873 648 978 682 που
1034 631 1138 681 τῶν
1194 628 1475 703 ἡμετέρων
1509 624 1671 702 ὁρίων
1705 627 2034 698 καθήμενον,

397 717 726 793 ἐπαγγείλας
778 721 858 788 τῷ
926 717 1143 791 Ἰκαρίῳ
1197 716 1296 783 τὴν
1372 720 1471 770 τοῦ
1541 713 1784 789 μεγάλου
1837 712 2033 775 δουκὸς

391 800 814 882 περιεζωσμένῳ
841 805 1032 876 τιμὴν,
1083 803 1159 866 εἷς
1216 809 1409 878 χεῖρας
1461 807 1717 871 ποιεῖται,
1777 802 1865 856 καὶ
1896 822 2033 874 προ-

388 896 578 949 τείνων
635 894 733 962 τήν
782 892 1108 947 κσθοσίωσιν
1157 896 1254 946 τοῦ
1288 890 1631 967 ἐγκλήματος
1681 889 1826 960 ἀνίη,
1861 890 1906 945 εἰ
1934 891 2031 957 τήν

394 984 614 1058 εῗρήνην
676 980 918 1057 δέχοιτο,
978 980 1025 1034 εἴ
1056 978 1105 1033 δ’
1155 981 1268 1049 οὖν,
1329 980 1473 1035 ἀλλᾶ
1522 984 1589 1053 τῇ
1633 976 1756 1053 δίκῃ
1784 979 2035 1042 καθυπά-

392 1093 529 1145 γειν.
568 1071 628 1127 Ὁ
688 1064 745 1123 δὲ
797 1072 867 1141 τῇ
899 1065 1135 1122 ἐνστάσει
1189 1065 1550 1142 διακαρτερῶν
1609 1070 1706 1136 τὴν
1766 1066 2033 1140 τιμωρίαν

391 1161 601 1234 ὑπέχει·
637 1159 878 1219 Κόκκους
926 1154 983 1211 δὲ
1037 1156 1317 1231 μοναχοὺς
1356 1156 1443 1211 καὶ
1487 1156 1615 1217 τοὺς
1666 1158 1782 1210 κατ’
1831 1155 2031 1209 ἐκεῖνον

385 1248 476 1306 ἐῶ.
540 1250 628 1308 Ἐς
686 1243 843 1301 τόσον
904 1246 1006 1319 γὰρ
1067 1245 1490 1318 παρωξυσμένος
1521 1246 1586 1313 ἢν
1621 1244 1757 1298 ὥστε
1787 1239 2032 1317 προϐάλ-

388 1335 500 1391 λειν
555 1338 618 1402 ἦν
683 1334 845 1405 μόνον
880 1335 1001 1387 τινὰ
1040 1334 1346 1403 κινηθέντα,
1381 1333 1467 1386 καὶ
1524 1334 1623 1401 τὴν
1669 1328 1964 1407 προϐολὴν
1995 1336 2029 1401 ἡ

386 1426 547 1491 ποινή
605 1420 904 1497 διεδέχετο,
937 1422 1075 1476 ὥστε
1117 1422 1205 1475 καὶ
1256 1423 1444 1485 πιστὸς
1473 1422 1540 1490 ἦν
1599 1423 1626 1475 ὁ
1661 1420 1829 1495 λέγων
1866 1421 2027 1492 μόνον

391 1512 582 1581 εἲπὼν,
631 1516 751 1572 ταῖς
803 1512 940 1586 πρὸς
989 1510 1116 1572 τοὺς
1166 1510 1439 1579 ὑπηκόους
1488 1509 1767 1572 ὑπονοίαις
1807 1511 1879 1571 ὡς
1907 1511 2029 1564 ἰκα-

392 1607 511 1664 ναῖς
570 1599 889 1675 μαρτυρίαις
948 1599 1384 1674 ἰσχυριζόμενος.
1418 1601 1519 1654 Καὶ
1551 1598 1686 1671 πρὸς
1717 1599 1778 1652 τὸ
1807 1602 1905 1666 τῆς
1938 1600 2029 1673 ὀρ-

391 1697 496 1765 γῆς
549 1689 913 1762 ἀπαραίτητον
985 1685 1233 1759 ἀνδράσιν
1295 1689 1376 1747 οἷς
1448 1689 1514 1754 ἦν
1571 1687 2030 1762 παρρησιάζεσθαι

2140 561 2297 594 σαντα
2348 541 2587 617 ἀνάγκην
2643 543 2775 597 εἶναι
2830 542 3067 615 μετιέναι
3125 545 3206 614 [Ρ.
3240 543 3364 611 334]
3402 541 3463 595 τὸ
3503 539 3778 616 ἔγκλημα.

2136 633 2307 684 Ταῦτα
2364 630 2635 693 πολλάκις
2696 631 3045 705 ἀπελογεῖτο,
3074 630 3164 685 καὶ
3211 632 3293 684 ὅτι
3325 629 3485 706 φίλος
3522 633 3782 703 μοναχῶν

2136 717 2347 772 ἀκούων
2408 720 2662 797 βρεφόθεν
2698 720 2773 782 εἷς
2823 720 3055 795 ἀνάγκην
3084 716 3222 787 ἦλθε
3281 722 3454 791 μισεῖν
3505 717 3782 791 μοναχοὺς

2137 803 2225 859 διὰ
2276 808 2372 875 τὴν
2430 812 2575 880 σφῶν
2637 806 2908 864 δύσνοιαν.
2956 808 3211 862 Δύσνοιαν
3247 804 3304 860 δὲ
3360 806 3456 873 τὴν
3490 806 3775 882 ἀποφυγήν

2133 897 2241 948 τῶν
2274 898 2678 970 ,πραττομένων
2712 894 2916 951 ἐκάλει.
2972 896 3105 970 Παρ’
3157 896 3217 963 ἣν
3280 891 3451 947 αἰτίαν
3505 893 3636 954 ἴσως
3686 894 3777 947 καὶ

2136 982 2369 1056 χρόνους
2424 983 2666 1059 ἠρεύνων
2713 985 2875 1038 ὁπότε
2935 985 3010 1056 μὴ
3067 981 3334 1057 βασιλέως
3380 976 3779 1053 (ἀϐασιλεύτοις

2132 1071 2233 1145 γὰρ
2286 1068 2411 1125 οὐδὲ
2472 1072 2698 1147 ξυνήγκε
2774 1075 2893 1145 ζῇν,
2954 1072 3027 1133 ὡς
3106 1070 3317 1142 σώματι
3410 1070 3486 1141 μή
3553 1066 3777 1143 καρδίαν

2134 1155 2364 1232 ἔχοντι),
2422 1158 2566 1214 ἀλλὰ
2620 1164 2724 1214 τῶν
2770 1161 2904 1214 κατὰ
2950 1164 3081 1236 σφᾶς
3136 1163 3315 1213 κακῶν
3350 1155 3775 1228 ἀπαλλάξωσιν.

2133 1247 2328 1303 Ὁπότε
2374 1250 2475 1323 γὰρ
2514 1250 2576 1303 τὸ
2606 1252 2702 1318 τῆς
2732 1252 2958 1323 γνώμης
2999 1248 3264 1319 δηλοῦται
3294 1247 3602 1321 ἀνθρώποις
3633 1246 3775 1316 οὖσι,

2135 1336 2444 1391 πλασθεῖσιν
2493 1337 2879 1407 αὐτεξουσίοις,
2925 1338 3001 1391 ἑνὶ
3053 1335 3323 1408 θελήματι
3368 1332 3463 1389 κᾶν
3514 1330 3645 1388 ὅποι
3696 1335 3778 1409 ῥέ-

2134 1427 2226 1496 ψοι
2283 1425 2743 1498 ἀναγκαζομένοις
2799 1426 3051 1499 ἄγεσθαι,
3106 1424 3150 1478 εἰ
3209 1425 3301 1495 μὲν
3364 1423 3438 1483 εἰς
3496 1428 3657 1493 σῶμα
3713 1423 3774 1476 τὸ

2132 1511 2451 1574 κινδυνῶδες
2496 1514 2615 1587 ὁρᾷ,
2671 1514 2760 1567 καὶ
2808 1515 2931 1567 τότε
2991 1510 3347 1587 παγχαλεπον
3406 1512 3619 1584 (ταυτὸν
3670 1512 3770 1584 γὰρ

2132 1600 2194 1653 τὸ
2227 1599 2357 1653 εἶναι
2388 1604 2465 1672 τῷ
2494 1602 2541 1654 τ’
2571 1602 2803 1675 ἄρχοντι
2832 1607 2948 1661 τοῖς
2999 1601 3047 1655 τ’
3077 1599 3432 1675 ἀρχομένοις,
3460 1598 3549 1651 καὶ
3584 1596 3768 1659 eum

2135 1688 2233 1742 οὑκ
2286 1685 2393 1741 ἔστι
2448 1688 2594 1765 σφίσι
2654 1690 2950 1756 σώζεσθαι,
3009 1688 3054 1742 εί
3116 1691 3191 1760 μή
3250 1709 3309 1760 γε
3365 1685 3627 1746 ἑκουσίως
3685 1688 3775 1739 καὶ

391 1776 528 1850 πρὸς
598 1775 796 1830 ἐκεῖνον
871 1772 1313 1848 ἀπολογούμενος
1376 1773 1689 1849 βασιλικοὺς
1754 1776 2028 1849 προέτεινε
2058 1800 2104 1863 Β
2137 1780 2519 1853 συμφωνοῖεν),
2568 1776 2613 1830 εἰ
2645 1774 2703 1830 δὲ
2748 1778 2837 1830 καὶ
2886 1777 2938 1837 ές
2987 1778 3193 1851 ψυχὴν,
3242 1776 3318 1837 ὡς
3347 1771 3659 1846 τότ’ᾧοντὸ
3694 1796 3775 1827 τι-

387 1864 611 1937 νόμους,
670 1865 745 1925 ὡς
802 1865 877 1935 μὴ
910 1863 1076 1916 καλὸν
1110 1863 1167 1915 ’ὀν
1198 1859 1322 1916 οὐδὲ
1353 1859 1557 1915 δίκαιον
1590 1863 1723 1916 κατά
1756 1864 2023 1934 μοναστάς

383 1953 509 2015 τοὺς
558 1952 862 2025 Ῥωμαίους
891 1950 1292 2020 πολιτεύεσθαι,
1346 1951 1419 2012 ὡς
1453 1950 1758 2023 μετανοίαις
1788 1949 2021 2020 ἐξιᾶσθαι

383 2043 449 2095 τὰ
505 2041 834 2114 πταίσματα.
890 2042 1076 2114 Ἔχειν
1153 2037 1211 2093 δὲ
1267 2038 1356 2093 καὶ
1414 2044 1492 2110 τῷ
1552 2038 2021 2113 προσαγγέλλοντι

384 2127 687 2203 δυσμενῶς,
741 2128 823 2186 ὅτι
852 2127 1003 2203 λέγοι
1036 2130 1070 2197 ἢ
1104 2126 1336 2189 ἀκούσας
1370 2128 1405 2196 ἢ
1438 2127 1527 2181 καὶ
1560 2127 1931 2200 πλαττόμενος
1963 2129 2022 2183 ἐκ

388 2349 754 2404 clementiam
784 2346 1032 2401 volebat.
1064 2340 1263 2417 Itaque
1310 2346 1590 2399 Lazarum
1642 2343 2025 2409 Gorianitem,

389 2438 578 2492 virum
609 2434 1017 2499 venerabilem,
1048 2434 1162 2489 ista
1210 2432 1528 2488 moderatio
1568 2432 1814 2487 servavit
1848 2449 1861 2487 :
1895 2449 2027 2487 cum

392 2526 547 2582 enim
582 2524 841 2579 misisset
894 2523 995 2593 qui
1041 2538 1171 2578 eum
1216 2525 1584 2587 exczecarent,
1621 2521 1902 2576 revocatis
1955 2520 2026 2575 iis

393 2613 775 2673 exterminare
809 2611 951 2666 satis
997 2610 1220 2665 habuit.
1275 2615 1346 2664 At
1392 2609 1705 2664 Macarium
1761 2626 1863 2664 nec
1922 2626 2028 2664 sua

394 2700 877 2758 innocentissima
907 2697 1275 2768 simplicitas,
1298 2714 1425 2768 quae
1447 2715 1766 2771 cognomen
1825 2697 1909 2752 illi
1933 2715 2026 2753 co-

392 2790 606 2845 lumbae
639 2790 959 2860 pepererat,
992 2802 1095 2840 nec
1127 2785 1384 2840 locorum
1418 2786 1515 2841 ubi
1555 2787 1801 2858 degebat
1849 2786 2024 2841 dissi-

393 2884 586 2933 torum
620 2894 653 2934 ιι
678 2865 895 2930 nostris
926 2874 1142 2929 ﬁnibus
1175 2874 1599 2947 longinquitas,
1659 2874 2025 2945 imperatoris

392 2966 625 3023 saevitiae
651 2964 961 3020 subtraxit.
991 2964 1094 3018 Hic
1124 2963 1279 3019 enim
1312 2963 1475 3018 illum
1509 2962 1865 3033 postulatum
1901 2978 2025 3016 ma-

386 3055 642 3127 jestatis,
670 3052 840 3123 quasi
871 3057 1145 3106 conatum
1203 3052 1259 3106 in
1320 3066 1381 3105 se
1427 3052 1715 3105 concitare
1749 3050 2027 3103 Occiduo-

2134 1886 2237 1935 νες,
2296 1867 2565 1937 σωτήριον
2625 1867 2658 1932 ἡ
2721 1864 3015 1938 ἀπαλλαγὴ
3076 1864 3332 1925 πάντως.
3392 1863 3460 1919 ’⁷0
3507 1862 3776 1922 κάκείνοις

2133 1951 2263 2014 ἷ¹σως
2315 1956 2533 2021 ζητοῦσι
2594 1950 2737 2006 δεινᾶ
2794 1954 2938 2027 παρὰ
2993 1956 3092 2006 τοῦ
3140 1956 3464 2026 κρατοῦντος
3515 1949 3769 2024 ἐφῆπται.

2133 2042 2227 2094 Καὶ
2292 2037 2407 2094 δέον
2466 2040 2527 2095 τὸ
2584 2035 2822 2113 σκαμϐὸν
2887 2039 3027 2115 πρὸς
3077 2041 3138 2094 τὸ
3177 2038 3332 2113 ὀρθὸν
3366 2038 3772 2107 ἀπευθύνεσθαι,

2132 2131 2204 2190 ὡς
2238 2130 2491 2198 ἶσαζοιεν,
2525 2130 2552 2181 ὁ
2586 2127 2641 2183 δέ
2664 2131 2724 2183 τὸ
2775 2128 2932 2200 ὀρθὸν
2966 2129 3099 2202 πρὸς
3131 2129 3192 2181 τὸ
3244 2121 3483 2199 σκαμϐὸν
3536 2124 3772 2188 ἀπευθὺ-

2137 2345 2387 2399 admitti.
2425 2346 2536 2399 Hac
2566 2345 2662 2400 ille
2695 2346 2786 2399 sui
2818 2345 3154 2400 defensione
3206 2343 3418 2413 saepius
3474 2343 3766 2409 utebatur,

2135 2434 2461 2505 adjungens
2494 2434 2552 2488 in
2578 2440 2738 2505 parte
2769 2433 3128 2489 infelicitatis
3160 2448 3467 2487 numerare
3499 2448 3582 2501 se,
3618 2433 3765 2502 quod

2136 2524 2234 2592 qui
2270 2540 2300 2576 a
2336 2539 2511 2593 puero
2568 2524 2833 2577 audisset
2880 2522 3104 2577 amicus
3136 2519 3583 2583 monachorum,
3618 2538 3767 2575 nunc

2134 2610 2292 2665 istud
2350 2627 2533 2681 genus
2593 2611 2897 2665 hominum
2949 2611 3143 2665 odisse
3191 2614 3493 2677 cogeretur
3542 2613 3767 2679 propter

2134 2697 2396 2767 ipsorum
2459 2698 2804 2754 malevolum
2829 2700 3090 2753 animum
3125 2716 3139 2764 ;
3177 2696 3591 2752 malevolentiae
3618 2696 3759 2748 vide-

2136 2784 2270 2840 licet
2317 2785 2662 2853 ascribebat,
2721 2788 2873 2856 quod
2928 2786 3012 2840 illi
3071 2787 3403 2855 refugerent
3451 2784 3757 2854 approbare

2136 2891 2257 2941 qua:
2286 2874 2523 2928 ﬁebant.
2560 2875 2634 2928 Ex
2667 2874 2773 2928 hoc
2837 2891 3008 2944 porro
3060 2872 3350 2928 declarato
3403 2871 3771 2943 imperatoris

2136 2961 2195 3015 in
2225 2962 2538 3017 monachos
2598 2963 2729 3017 odio
2763 2962 2936 3017 fiebat
2964 2967 3026 3017 ut
3053 2960 3139 3015 illi
3170 2961 3397 3015 curiose
3433 2961 3775 3030 indagarent

2137 3052 2424 3121 tempora,
2478 3052 2911 3121 praesentiscere
2960 3050 3422 3105 divinationibus
3473 3054 3776 3115 conantes,

396 3111 527 3203 rum
555 3146 831 3217 dynastas
862 3147 1177 3208 tractuum,
1209 3140 1624 3209 comprehendi
1668 3139 1891 3195 curavit
1931 3156 2032 3208 per
2066 3111 2108 3176 Ο
2150 3140 2382 3206 quando
2416 3156 2531 3193 non
2564 3140 2800 3209 quidem
2828 3139 3344 3210 imperatore(nam
3369 3138 3495 3193 sine
3520 3138 3780 3207 principe

396 3234 670 3299 Icarium,
704 3230 872 3286 titulo
904 3236 961 3285 et
992 3230 1208 3284 honore
1252 3228 1448 3298 magni
1489 3229 1655 3283 ducis
1687 3227 1861 3282 classi
1897 3244 2039 3296 prae-

402 3324 659 3387 fectum;
696 3324 981 3389 captoque
1020 3316 1351 3372 conditione
1391 3315 1527 3379 lata,
1564 3322 1626 3369 ut
1682 3315 1766 3370 vel
1817 3316 2043 3370 debitas

407 3428 502 3465 reo
551 3407 965 3479 perduellionis
994 3422 1194 3477 poenas
1228 3404 1434 3469 lueret,
1467 3405 1551 3459 vel
1593 3421 1691 3459 eas
1736 3405 2047 3459 redimeret

410 3496 788 3568 approbando.
843 3494 1227 3550 Ecclesiarum
1289 3492 1618 3560 concordia,
1660 3492 1751 3547 cui
1801 3497 2044 3547 eatenus

413 3584 782 3655 acquiescere
834 3586 1106 3638 renuerat
1152 3582 1208 3635 in
1268 3598 1401 3636 eum
1454 3598 1514 3637 se
1545 3582 1952 3637 obfirmantem
1986 3581 2043 3634 in

414 3673 724 3742 reiectione
755 3670 913 3742 pacis
944 3669 1066 3741 lege
1098 3673 1293 3724 actum
1324 3674 1433 3726 est.
1465 3670 1677 3725 Coccos
1731 3686 1863 3724 vero
1923 3685 2043 3723 mo-

416 3760 633 3817 nachos
660 3763 957 3831 praetereo,
989 3762 1046 3812 et
1076 3773 1174 3813 eos
1205 3757 1305 3829 qui
1337 3758 1488 3828 apud
1523 3757 1687 3811 illum
1723 3760 1906 3811 erant.
1962 3759 2049 3811 Ita

417 3850 573 3905 enim
621 3846 927 3902 irritabilis
956 3850 1078 3901 erat
1109 3846 1165 3900 in
1200 3845 1305 3901 hoc
1331 3861 1561 3916 genere,
1592 3849 1657 3897 ut
1715 3845 2048 3915 quicunque

419 3938 699 4009 proferret
729 3935 899 3990 modo
927 3934 1148 4005 aliquid
1179 3934 1249 3988 de
1280 3932 1686 3988 controversiis
1736 3949 1862 4004 quis
1909 3938 2051 3988 tunc

420 4025 793 4096 agitabantur
822 4023 881 4076 in
914 4021 1264 4077 contrariam
1298 4021 1408 4091 ipsi
1439 4021 1814 4085 sententiam,
1850 4022 2048 4076 statim

421 4112 809 4184 prolationem
850 4112 1141 4181 exciperet
1198 4126 1454 4181 praesens
1512 4127 1699 4179 poena.
1759 4110 1872 4164 Nec
1920 4126 2052 4163 vero

423 4200 739 4255 discrimen
771 4203 872 4254 aut
900 4198 1186 4253 delectum
1228 4196 1540 4252 adhibebat
1560 4197 1619 4252 in
1678 4197 2054 4253 admittendis

425 4290 496 4343 de
544 4304 605 4343 re
649 4286 753 4343 tali
784 4285 1178 4343 delationibus
1214 4303 1226 4340 :
1262 4287 1362 4340 sed
1392 4284 1613 4355 quisvis
1645 4302 2055 4357 quemcunque

429 4381 746 4442 accusaret,
797 4375 951 4430 dicto
980 4374 1165 4444 primo
1194 4374 1441 4428 faciebat
1474 4374 1668 4428 fidem.
1700 4376 1848 4438 Quin
1881 4375 2054 4429 etiam

2149 3226 2339 3301 vivere
2369 3243 2430 3281 se
2462 3226 2617 3281 haud
2653 3244 2844 3298 posse,
2878 3228 2961 3281 uti
2997 3244 3100 3282 nec
3131 3244 3343 3297 corpus
3403 3227 3530 3281 sine
3588 3227 3778 3290 corde,

2151 3315 2294 3369 satis
2349 3317 2601 3385 norant),
2636 3316 2736 3369 sed
2772 3316 2937 3370 malis
2966 3315 3311 3385 urgentibus
3370 3316 3780 3369 liberarentur.

2150 3401 2458 3457 Enimvero
2488 3404 2717 3473 quoties
2747 3404 3085 3458 hominibus
3116 3404 3336 3458 arbitra
3375 3404 3465 3457 sui
3498 3408 3785 3473 potestate

2152 3489 2249 3543 Dei
2309 3490 2624 3545 conditoris
2683 3491 2961 3546 beneﬁcio
3022 3491 3303 3562 praeditis,
3360 3506 3429 3546 ex
3492 3490 3787 3546 declarata

2152 3575 2449 3631 voluntate
2472 3579 2573 3647 jus
2605 3578 2874 3634 habentis
2905 3581 3050 3651 ipsis
3083 3580 3430 3650 imperandi,
3466 3581 3786 3637 necessitas

2155 3665 2403 3719 faciendi
2436 3667 2733 3737 quidpiam
2771 3668 3074 3737 incutitur,
3103 3669 3406 3734 intentata,
3435 3669 3491 3722 ni
3525 3669 3785 3736 fecerint,

2156 3754 2607 3810 comminatione
2638 3757 2831 3827 gravis
2863 3758 3078 3823 multa,
3112 3758 3159 3812 si
3187 3774 3300 3811 non
3333 3756 3492 3811 aliud
3527 3757 3584 3810 in
3618 3757 3787 3811 obse-

2158 3844 2388 3913 quendo
2420 3845 2744 3915 periculum
2773 3852 3050 3918 appareat
3077 3863 3247 3916 quam
3276 3846 3631 3900 incommodi
3665 3863 3789 3900 cor-

2159 3932 2337 4002 porci,
2370 3934 2741 3989 subeundum
2799 3936 2943 3990 illud
2992 3939 3099 4001 est,
3160 3940 3217 3990 et
3271 3938 3791 4005 quantumcunque

2160 4021 2377 4076 malum
2403 4024 2531 4092 ejus
2562 4025 2790 4094 generis
2819 4025 3278 4080 exhauriendum
3316 4024 3565 4079 libenter
3608 4040 3788 4077 mem-

2159 4108 2301 4174 bris,
2336 4126 2450 4179 quo
2482 4111 2657 4181 capiti
2688 4112 3036 4175 cohaereant,
3070 4112 3177 4167 hoc
3208 4116 3297 4167 est
3327 4112 3597 4183 principi,
3626 4112 3791 4180 cujus

2162 4196 2455 4252 indivulsa
2484 4199 2838 4253 connexione
2869 4216 2998 4253 cum
3034 4201 3285 4255 subditis
3327 4199 3485 4255 salus
3538 4198 3790 4253 universi

2163 4284 2492 4354 reipublicae
2547 4288 2805 4357 corporis
2854 4289 3206 4359 continetur,
3240 4289 3340 4344 Sin
3374 4305 3445 4343 ne
3493 4288 3789 4343 obediatur

2165 4379 2390 4428 revocet
2422 4374 2705 4444 pernicies
2760 4377 2991 4443 animae,
3025 4379 3179 4446 quod
3230 4377 3358 4432 istis
3392 4382 3527 4431 tunc
3558 4376 3786 4445 quibus-

428 4465 864 4536 suspicionibus
914 4463 1090 4518 meris
1118 4463 1175 4517 in
1234 4463 1498 4517 subditos
1531 4462 1681 4517 velut
1711 4463 2062 4518 testimoniis
2093 4466 2139 4529 Ι)
2172 4462 2303 4515 dam
2328 4462 2650 4527 videbatur,
2710 4469 2850 4519 tunc
2881 4481 3020 4519 sane
3069 4464 3344 4520 salutaris
3394 4469 3451 4519 et
3494 4466 3788 4535 propterea

427 4554 822 4622 innitebatur;
856 4561 1068 4608 etcum
1108 4570 1142 4607 a
1172 4552 1311 4607 viris
1353 4551 1651 4624 gravibus,
1686 4552 1901 4622 quibus
1930 4550 2064 4607 lice-

429 4642 530 4696 bat
575 4641 751 4696 libere
796 4641 950 4695 490
998 4656 1130 4695 cum
1178 4639 1276 4694 illo
1338 4656 1527 4710 agere,
1586 4639 1780 4695 nimia:
1839 4639 1897 4693 in
1956 4640 2063 4694 hoc

434 4729 754 4784 severitatis
786 4733 1145 4799 argueretur,
1190 4727 1474 4798 allegabat
1504 4728 1598 4783 ille
1628 4731 1829 4783 contra
1871 4728 1929 4783 in
1962 4728 2064 4782 de-

436 4818 765 4872 fcnsionem'
792 4818 882 4871 sui
913 4816 1268 4888 regiasleges
1289 4817 1688 4888 usitatumque
1704 4816 2065 4888 principibus

438 4905 644 4976 agendi
672 4905 1169 4973 modum,addens
1202 4905 1655 4975 haudquaquam
1686 4910 1907 4960 rectum
1939 4921 2067 4961 esse

436 4998 728 5048 Romanos
760 4994 830 5046 ab
862 4993 1209 5063 imperatore
1233 4994 1545 5059 gubernari
1570 4993 1721 5047 sicut
1750 4996 2066 5049 monachos

437 5100 470 5136 ιι
501 5082 624 5135 suis
655 5080 1109 5151 prmpositis,qui
1133 5081 1344 5135 delicta
1373 5098 1611 5135 suorum
1643 5082 2064 5136 ccenobitarum

441 5168 796 5240 pcenitentiis
870 5169 1099 5241 expiare
1172 5171 1315 5224 satis
1374 5170 1643 5224 habeant.
1706 5167 2063 5224 Facilitatem

440 5261 633 5312 autem
692 5257 964 5312 credendi
1034 5256 1390 5311 delatoribus
1447 5257 1698 5326 quadam
1757 5256 2069 5313 efﬁcaciter

441 5345 780 5401 occurrendi
836 5345 1211 5400 nascentibus
1252 5342 1422 5398 malis
1471 5344 1815 5399 necessitate
1857 5362 2070 5416 purga—

442 5436 562 5503 bat,
595 5449 727 5488 cum
759 5431 1800 5503 diceret,qualecumqueindicaretur
1822 5433 2069 5505 principi

442 5522 810 5592 crimen,siv'e
840 5523 1106 5577 auditum
1140 5537 1270 5577 vere
1300 5539 1333 5576 a
1362 5520 1654 5577 deferente
1691 5521 1809 5577 sive
1869 5522 2065 5577 ﬁctum

444 5611 737 5677 xnalevole,
801 5628 832 5665 e
891 5611 1041 5667 bono
1088 5612 1387 5666 communi
1449 5628 1578 5668 esse
1638 5612 2065 5668 accusationem

2171 4549 2364 4605 tacitis
2395 4551 2541 4605 491
2592 4552 2801 4606 saltem
2850 4553 2996 4607 votis
3039 4552 3368 4624 expetibilis
3417 4552 3652 4607 omnino
3708 4554 3796 4604 est

2173 4638 2418 4693 mutatio
2450 4639 2590 4694 talia
2613 4640 2877 4710 jubentis
2907 4642 3190 4712 principis
3225 4658 3237 4708 ;
3272 4642 3360 4697 cui
3397 4646 3592 4695 tamen
3625 4639 3683 4694 hi
3713 4639 3798 4693 ni-

2174 4726 2356 4781 mium
2383 4728 2526 4783 forte
2555 4728 2922 4798 indulgentes
2954 4730 3173 4796 sensui,
3195 4746 3299 4785 nec
3357 4730 3501 4785 satis
3542 4732 3803 4784 caventes

2148 4822 2246 4869 'ne
2273 4814 2333 4869 in
2377 4820 2641 4886 apertum
2690 4833 2900 4872 arcana
2953 4817 3240 4873 desideria
3288 4817 3607 4888 prodirent,
3666 4817 3802 4869 dum

2175 4903 2589 4973 praesagiorum
2625 4906 2824 4961 mortis
2847 4907 3090 4975 Augusti
3121 4906 3367 4976 auguria
3404 4908 3644 4976 captant
3696 4904 3803 4956 im-

2174 4991 2543 5060 prudentius,
2575 4993 2704 5063 ejus
2733 4992 2878 5047 iram
2914 4995 2971 5047 in
3004 5010 3065 5048 se
3107 4994 3267 5064 ipsos
3298 4999 3571 5049 acuentes
3604 4992 3804 5061 ingen-

2176 5080 2323 5133 tium
2354 5079 2465 5133 sibi
2502 5080 2735 5134 luerunt
2767 5082 3053 5136 malorum
3081 5099 3291 5136 causae.
3324 5085 3547 5152 Agebat
3598 5079 3697 5134 ille
3747 5079 3803 5131 in

2176 5168 2283 5222 hoc
2314 5168 2547 5238 quidem
2573 5184 2687 5223 non
2720 5173 2869 5225 recte
2898 5187 2912 5239 ;
2939 5170 3059 5240 qui,
3093 5186 3225 5225 cum
3269 5170 3625 5241 oportuisset
3661 5167 3806 5223 obli-

2176 5271 2358 5325 quum
2392 5256 2461 5309 ad
2514 5258 2653 5311 recti
2711 5273 2975 5312 normam
3034 5257 3319 5328 corrigere
3375 5257 3577 5326 sicque
3636 5254 3807 5309 ambo

2177 5349 2705 5414 exaequare,contra
2726 5349 2964 5415 cogebat
2991 5346 3337 5416 detorquere
3368 5345 3521 5414 quod
3552 5360 3653 5414 per
3684 5357 3810 5396 sese

2178 5436 2402 5486 rectum
2427 5432 2632 5498 fuerat,
2666 5435 3146 5503 confo'rmareque
3176 5433 3245 5486 ad
3280 5432 3626 5502 pravitatem
3658 5428 3807 5484 obli-

2178 5522 2300 5590 qui,
2346 5538 2462 5575 non
2521 5522 2839 5587 emendans
2885 5522 3146 5589 id'quod
3205 5524 3328 5575 erat
3374 5519 3674 5585 vitiosum,
3708 5532 3809 5571 seu

2179 5609 2412 5665 crimini
2457 5615 2708 5677 vertens,
2761 5610 2811 5664 si
2844 5627 2955 5665 non
2988 5611 3400 5680 depravaretur
3453 5606 3607 5676 quod
3667 5606 3811 5659 bene
