4110 6280
363 365 469 416 953

1424 367 1518 417 DE
1555 365 1926 417 MICHAELE
1964 364 2389 418 PALEOLOGO
2430 366 2558 417 LIB.
2594 364 2685 415 Vl.

3649 355 3759 407 954

362 510 470 542 νειν
528 488 846 560 ἠνάγκαζεν,
905 486 1004 540 οὐκ
1063 485 1295 539 εὐθύνων
1352 487 1414 539 τὸ
1475 488 1548 557 μή
1608 486 1791 547 καλῶς
1847 484 2357 570 ἔχον,Αγεγονὸς,
2393 483 2560 558 ἄνδρα
2602 478 2888 543 εὐλαϐείας
2943 482 3035 554 μὲν
3093 482 3170 541 εἷς
3227 478 3387 555 ἄκρον
3427 478 3754 550 μεταποιού-

365 575 489 631 ἄλλ’
548 574 814 649 ἐγκαλῶν,
863 575 907 628 εί
966 576 1040 646 μὴ
1076 570 1521 649 στρεϐλοῖτο,τῷ
1550 573 1735 637 καλῶς
1792 572 2001 648 ἔχοντι.

362 667 481 719 ’Ὁτι
515 662 684 718 δὲκαὶ
715 685 853 718 τισιν
914 662 1130 717 ἐκείνων
1189 664 1519 738 παρεξήγετο
1572 664 1639 717 τὰ
1689 666 1785 717 τοῦ
1834 662 2003 733 ζήλου

366 755 455 807 καὶ
512 758 608 807 τοῦ
664 754 826 824 μέσου
883 752 1307 827 παρολισθαῖνον
1362 756 1477 812 τοῖς
1528 751 1788 813 ἐναντίοις
1838 773 2005 826 προσ-

366 843 587 908 ἐπαιεν,
650 839 814 910 ἔξεστι
870 845 947 911 τῷ
1007 838 1371 914 ὃιακρινοῦντι
1428 846 1668 895 σκοπεῖν.
1737 841 1881 907 πλὴν
1940 840 2006 893 τὰ

363 936 464 997 τῆς
522 929 791 1001 τιμωρίας
848 923 1113 983 σϐεννύειν
1164 930 1280 1002 εἶχε
1334 928 1423 983 καὶ
1476 929 1539 983 τὸ
1597 927 1855 1002 ἀμηγέπη
1917 916 2003 982 tiri:E

362 1023 480 1078 τοῖς
512 1017 910 1091 πραττομένοις
942 1014 1199 1090 εὔλογον.

434 1107 877 1176 Ἐκκεκομμένης
933 1105 1106 1159 τοίνυν
1163 1112 1263 1173 τῆς
1332 1104 1635 1180 παρῥησίας
1682 1111 1797 1166 τοῖς
1854 1104 2002 1160 ἐλευ-

365 1192 540 1263 Οὲροις
605 1194 708 1246 ὑπὸ
763 1193 954 1246 σκότον
1010 1194 1263 1269 φάμουσα
1321 1193 1694 1267 ἐῤῥιπτοῦντο,
1749 1196 1849 1262 τὴν
1902 1201 2003 1258 τῆς

366 1284 543 1355 ἀρχῆς
601 1276 934 1353 παραϐασίαν
986 1280 1302 1355 ἐλέγχοντα.
1356 1282 1421 1337 Οἱ
1475 1279 1532 1335 δὲ
1586 1283 1677 1335 τὸν
1734 1281 2005 1359 γράφοντα

366 1371 440 1441 μὴ
476 1366 691 1442 ἔχοντες
722 1372 984 1440 τιμωρεῖν
1014 1368 1098 1441 (οὐ
1145 1368 1245 1443 γὰρ
1302 1370 1370 1437 ἦν
1429 1368 1829 1445 ἐμφανίζεσθαι)
1886 1376 2003 1431 τοῖς

365 1456 672 1529 εὑρίσκουσι
735 1457 943 1531 βαρέως
999 1456 1219 1530 ἐπεῖχον
1280 1458 1354 1518 ὡς
1412 1456 1596 1521 αὐτοῖς
1654 1453 1999 1529 ὑϐρίζουσιν·

366 1540 523 1617 ὕϐριν
581 1544 683 1619 γάρ
740 1543 966 1599 ἐκάλουν
1022 1546 1112 1599 τὸν
1172 1544 1439 1618 ἔλεγχον.
1515 1546 1831 1622 Ἐγγράφως
1887 1568 2005 1601 τοι-

366 1636 565 1707 γαροῦν
600 1632 858 1708 ἐκυροῦτο
909 1636 943 1701 ἡ
988 1634 1228 1708 τιμωρία
1273 1639 1353 1705 τῷ
1400 1635 1560 1706 μόνον
1613 1636 1923 1707 εὑρήσοντι,
1958 1636 2001 1690 εἶ

365 1721 524 1782 αὐτὸς
550 1722 823 1796 ἀναγνοίη,
855 1722 899 1775 εἷ
930 1720 1088 1794 ἄλλῳ
1118 1721 1338 1793 ἐξείποι,
1388 1723 1434 1776 εί
1486 1724 1561 1795 μὴ
1616 1724 1739 1778 κάοι
1798 1744 2005 1798 παραυ-

364 1810 510 1865 τίκα.
572 1810 710 1883 “po;
757 1808 929 1864 δὲκαὶ
959 1815 1037 1879 τῷ
1089 1809 1539 1887 βασιλογραφείου
1596 1810 1999 1887 ἐγκαλουμένῳ,

368 1897 441 1959 ὠς
472 1894 591 1971 ἔχοι
631 1897 813 1970 μόνον,
842 1900 875 1967 ἡ
908 1898 1108 1966 ἀπειλὴ
1142 1900 1367 1961 θάνατος
1401 1898 1670 1975 ἄντικρυς.

366 2047 459 2102 κε’.
526 2046 650 2120 Περὶ
726 2052 825 2100 τοῦ
896 2046 1164 2103 Καλοειδᾶ
1236 2048 1324 2123 καὶ
1382 2050 1504 2123 περὶ
1579 2054 1674 2103 τοῦ
1752 2050 2001 2106 Ἰωάννου

1019 2124 1115 2173 τοῦ
1149 2119 1343 2174 Δούκα.

438 2253 518 2318 [Ρ.
554 2251 680 2320 335]
711 2250 1017 2323 Τεκμηριοῐ
1070 2247 1126 2303 δὲ
1181 2250 1269 2304 καὶ
1300 2252 1362 2304 τὸ
1392 2251 1514 2327 περὶ
1544 2254 1634 2305 τὸν
1694 2250 1996 2308 Καλοειδᾶν

364 2473 632 2527 habebat.
676 2473 874 2543 Neque
906 2473 1155 2527 difﬁteor
1186 2477 1381 2527 tamen
1406 2478 1709 2543 peccatum
1744 2490 1777 2528 a
1801 2492 2001 2529 mona-

363 2562 508 2629 chis,
534 2561 886 2631 quihusdam
910 2577 1114 2615 eorum
1140 2561 1457 2615 inconsulti
1488 2562 1593 2616 zeli
1617 2563 2001 2618 oﬂ‘ervescen-

367 2650 450 2703 tia
501 2650 1020 2719 prorumpentibus
1050 2666 1160 2719 quo
1214 2650 1453 2705 minime
1496 2651 1849 2705 conveniret.
1891 2651 2001 2705 Ve-

364 2753 492 2791 rum
547 2754 616 2790 ne
652 2737 844 2805 ipsum
908 2738 1141 2807 quidem
1198 2738 1649 2809 imperatorem,
1719 2740 1859 2793 dum
1912 2740 2000 2794 his

366 2824 618 2889 obsistit,
671 2825 921 2879 medium
954 2825 1198 2880 laudatae
1254 2827 1668 2881 moderationis
1717 2828 1996 2893 tenuisse,

368 2914 464 2965 sed
528 2913 848 2965 excedendo
897 2912 1209 2985 impegisse
1272 2914 1328 2967 in
1384 2916 1741 2970 contrarium
1809 2921 1998 2970 extre—

372 3016 554 3061 mum,
617 3000 842 3054 confido
889 3000 1255 3069 judicaturos
1310 3003 1603 3072 sapientes
1640 3044 1654 3072 ,
1706 3002 1803 3057 ubi
1869 3020 1998 3073 quas

370 3089 491 3142 fieri
539 3093 676 3143 tunc
706 3089 949 3159 contigit
992 3094 1208 3143 attente
1259 3090 1677 3161 perspexerint.
1711 3091 1997 3145 Caeterum

358 3194 489 3231 cum
525 3178 798 3248 utrinque
830 3184 960 3233 acta
990 3195 1096 3232 sua
1128 3178 1394 3248 quasdam
1428 3179 1710 3235 coloraret
1755 3180 1997 3235 rationis

362 3266 606 3334 species,
659 3266 849 3320 valere
909 3266 1008 3320 illa
1052 3266 1250 3320 debuit
1299 3268 1370 3321 ad
1440 3268 1860 3335 extinguendos
1912 3268 1999 3323 vel

363 3361 517 3410 certe
540 3356 947 3424 temperandos
973 3360 1358 3425 utrorumque
1383 3355 1623 3410 insanos
1650 3357 1911 3423 ardores,
1941 3361 2003 3410 ut

372 3459 475 3495 nec
509 3442 777 3495 monachi
809 3448 925 3496 tam
959 3445 1382 3499 contumaciter
1412 3448 1666 3514 Augusto
1710 3460 1998 3515 repugna-

370 3535 518 3591 rent,
564 3545 761 3598 pacem
809 3530 1198 3584 Ecclesiarum
1249 3531 1577 3602 reipublicae
1620 3532 1995 3588 utilissimam

370 3618 845 3670 accomodatione
924 3618 1122 3673 multis
1176 3621 1415 3689 probata
1471 3622 1805 3690 procuranti
1868 3665 1883 3690 ,
1943 3626 2000 3675 et

367 3704 625 3759 vicissim
682 3705 997 3774 imperator
1025 3705 1219 3763 mitius
1266 3722 1365 3760 eos
1396 3722 1701 3774 coerceret,
1747 3725 1993 3779 quorum

370 3793 742 3847 aestuantium
791 3798 945 3846 metu
998 3794 1296 3862 peccandi,
1351 3793 1483 3848 licet
1528 3811 1697 3863 vano,
1746 3796 1995 3851 infirmis

369 3898 555 3952 aequm
592 3886 715 3935 erat
745 3881 1115 3935 conscientiis
1147 3881 1387 3950 ignosci.
1423 3881 1494 3935 Ut
1526 3887 1589 3936 ut
1619 3898 1787 3951 porro
1831 3886 1996 3952 quis-

368 3986 477 4037 que
507 3970 577 4022 de
618 3968 710 4022 his
759 3972 998 4036 statuat,
1033 3968 1166 4022 inde
1215 3969 1429 4023 factum
1477 3974 1567 4024 est
1616 3975 1678 4024 ut
1720 3986 1998 4040 oppressa

370 4056 599 4126 publice
661 4057 827 4111 saevis
879 4056 1292 4128 suppliciorum
1360 4058 1641 4127 exemplis
1701 4059 1993 4113 contradi-

370 4145 533 4198 cendi
578 4144 818 4199 libertas
852 4145 909 4198 in
960 4144 1229 4198 furtivam
1273 4144 1651 4199 maledicendi
1703 4145 1993 4200 licentiam

367 4238 716 4303 erumperet,
770 4233 1091 4302 famosique
1121 4232 1302 4287 libelli
1331 4232 1477 4287 clam
1513 4234 1779 4288 noctibus
1827 4251 1994 4305 spar-

363 4326 653 4390 gerentur,
706 4321 919 4390 quibus
968 4321 1304 4391 imperatori
1353 4322 1851 4390 exprobrabantur
1898 4339 1993 4377 ve-

365 4413 488 4463 tera
520 4408 737 4463 scelera
790 4408 974 4463 invasi
1008 4409 1263 4479 perjurio
1292 4409 1522 4479 imperii
1554 4410 1993 4479 circumscripto

366 4496 587 4566 pupillo
618 4506 1017 4567 exczecatoque
1047 4513 1179 4551 vero
1210 4497 1453 4552 haerede.

2119 595 2298 647 μενον,
2331 574 2589 649 παρθενίᾳ
2632 578 2895 641 συζῶντα,
2947 571 3035 623 καὶ
3092 567 3469 641 ἐλεημοσύνην
3514 567 3603 621 καὶ
3652 568 3750 635 τὴν

2113 664 2247 737 πρὸς
2301 663 2393 716 τὸν
2434 660 2666 731 πλησίον
2728 659 2936 735 ἀγάπην
2997 657 3331 733 ἀσύγκριτον.
3396 654 3753 729 ἐξυπηρετού-

2117 772 2275 823 μενον
2310 749 2367 805 δὲ
2395 755 2464 823 τῇ
2525 747 2780 823 δεσποίνῃ
2838 752 2946 802 τῶν
3006 746 3291 819 ταμιείων,
3325 746 3407 812 ὃν,
3440 744 3553 797 ἐπεὶ
3590 738 3754 815 μόνον

2114 836 2258 913 ἔχων
2310 843 2556 893 τοιοῦτον
2610 836 2776 908 ἑάλω,
2829 834 2951 890 οὕτε
2992 836 3051 889 τὸ
3105 829 3327 894 εὐλαϐὲς
3380 830 3572 901 ἔσωζεν
3635 829 3758 885 οὕτε

2118 928 2224 999 μὴν
2284 929 2318 995 ἡ
2376 928 2507 1001 ὑπὲρ
2568 925 2770 979 ἐκείνου
2842 931 2941 992 τῆς
3000 920 3288 992 δεσποίνης
3341 919 3550 988 σπουδὴ
3604 940 3758 993 περι-

2115 1018 2428 1085 εποιήσατο,
2461 1013 2728 1068 ἀλλάτῶν
2763 1012 3025 1085 ὀμμάτων
3062 1015 3265 1082 στερεῖν
3317 1008 3553 1064 κελεύων
3591 1007 3751 1081 μόλις

2112 1106 2179 1158 τὰ
2227 1112 2325 1172 τῆς
2362 1104 2658 1175 ξκοΑάσεως
2711 1101 2787 1163 εἷς
2844 1102 2905 1154 τὸ
2958 1099 3301 1172 ἀνεκτότερον
3360 1096 3606 1172 περιίστα
3664 1094 3753 1150 διὰ

2112 1194 2211 1260 τὴν
2236 1200 2335 1259 τῆς
2364 1190 2650 1259 δεσποίνης
2706 1191 2911 1263 συχνήν
2972 1189 3223 1242 ἱκετείαν.
3257 1184 3583 1259 Προστάσσει
3615 1185 3743 1258 γὰρ,

2116 1285 2199 1354 [Ρ.
2233 1282 2361 1353 336]
2410 1282 2497 1334 καὶ
2545 1279 2727 1351 ἄγεται
2759 1281 2786 1332 ὁ
2816 1279 3135 1350 κατάκριτος
3192 1276 3338 1350 παρᾶ
3385 1275 3478 1327 τὸν
3532 1278 3629 1327 τοῦ
3655 1272 3751 1349 φό-

2116 1390 2212 1443 ρου
2268 1369 2426 1422 κίονα
2484 1366 2537 1421 ἐν
2596 1371 3059 1425 Κωνσταντιαναῖς
3097 1408 3110 1420 .
3157 1364 3255 1417 Καὶ
3310 1368 3427 1424 τοῖς
3464 1361 3755 1435 κληρικοῖς

2114 1458 2351 1526 ἀπαντᾷν
2386 1455 2693 1510 ἐπιστέλλει
2740 1456 2837 1523 τὴν
2889 1453 3155 1527 ταχίστην
3215 1448 3381 1524 μηδὲν
3434 1447 3627 1515 εἷ’δὸσι,
3658 1449 3750 1503 καὶ

2112 1548 2191 1615 τῷ
2242 1544 2396 1615 τόπῳ
2453 1542 2783 1619 ἐφίστασθαι.
2844 1540 3153 1615 Κληρικοὸς
3197 1536 3253 1592 δὲ
3283 1537 3496 1600 πάντως
3547 1536 3754 1606 ἐκάλει,

2118 1633 2369 1696 ὑπόπτως
2402 1633 2483 1687 ἀεὶ
2515 1633 2650 1706 πρὸς
2684 1631 2879 1691 αὐτοὺς
2939 1624 3105 1705 ἔχων,
3138 1630 3212 1689 ὡς
3241 1633 3359 1688 ταῖς
3418 1626 3491 1686 εἷς
3549 1626 3749 1680 ἐκεῖνον

2111 1722 2400 1795 τιμωρίαις
2434 1717 2791 1793 δεδιξάμενος.
2839 1721 3025 1779 ’Όσοις
3058 1716 3151 1771 οὖν
3200 1716 3303 1769 οὐκ
3350 1715 3400 1769 ἐν
3452 1712 3653 1784 εἱδήσει
3688 1714 3751 1781 ἦν

2110 1812 2177 1865 τὰ
2206 1812 2573 1882 πραττόμενα,
2629 1810 2966 1885 ἀφικνοῦντο·
3028 1807 3079 1860 οἱ
3130 1803 3175 1859 δ’
3216 1802 3416 1864 εἰδότες
3471 1802 3750 1879 ἐπραγμα-

2109 1899 2363 1953 τεύσαντο
2393 1900 2490 1967 τὴν
2539 1898 2854 1974 ἀποφυγὴν,
2887 1897 2961 1958 ὡς
3018 1895 3162 1968 εἶχεν
3223 1890 3470 1953 ἕκαστος.
3541 1893 3750 1947 Ἰστῶσι

2107 1986 2287 2042 τοίνυν
2341 1987 2432 2041 τὸν
2493 1984 2680 2055 ἄνδρα,
2740 1984 2825 2039 καὶ
2880 1988 3071 2059 πρῶτα
3131 1983 3225 2055 μὶν
3273 1981 3367 2042 τὰς
3424 1979 3617 2054 τρίχας
3648 1986 3747 2049 τῆς

2107 2074 2351 2151 κεφαλῆς
2400 2074 2497 2129 οὐκ
2553 2074 2603 2128 ἐν
2652 2078 2772 2147 χρῷ
2822 2073 3115 2147 κείραντες,
3158 2072 3230 2131 ὡς
3287 2074 3589 2143 συνεργοῖεν
3627 2068 3749 2121 καί-

2110 2186 2221 2219 οντι
2274 2168 2351 2235 τῷ
2399 2163 2550 2238 πυρὶ,
2611 2158 2949 2233 ἐμϐάλλουσι
2978 2166 3083 2235 πῦρ
3139 2165 3254 2220 τοῖς
3286 2160 3514 2233 χάρταις
3548 2152 3746 2231 βεϐρά-

2108 2274 2225 2315 ναις
2278 2252 2394 2307 οὖσι
2448 2252 2535 2306 καὶ
2592 2251 2661 2325 τῇ
2718 2248 2928 2328 κεφαλῇ
2986 2247 3261 2312 ἐντιθεῖσιν
3309 2248 3382 2309 ὡς
3440 2248 3551 2319 ἅμα
3580 2244 3746 2319 ταύτῃ

2114 2475 2266 2529 dicia
2296 2476 2661 2544 frequentata
2692 2473 2763 2526 de
2797 2472 2901 2526 hoc
2931 2471 3195 2536 crimine,
3229 2470 3377 2539 quod
3424 2467 3749 2539 hasilogra-

2112 2562 2315 2634 phium
2336 2562 2807 2632 nuncupabatur.
2834 2560 3019 2628 Hujus
3049 2563 3113 2613 ut
3134 2574 3267 2613 reus
3287 2560 3421 2627 quis
3445 2570 3745 2625 peragere-

2108 2655 2225 2718 tur,
2258 2651 2401 2705 satis
2432 2654 2553 2703 erat
2577 2648 2813 2718 reperiri
2849 2663 3025 2717 penes
3056 2662 3186 2700 cum
3213 2644 3467 2715 aliquem
3491 2644 3618 2713 ejus
3650 2658 3747 2713 ge-

2110 2739 2267 2793 neris
2298 2738 2583 2793 libellum.
2616 2736 2888 2791 Convicto
2922 2752 3079 2790 mors
3111 2734 3533 2789 intentabatur.

2391 2880 2479 2933 25.
2516 2880 2588 2932 De
2619 2877 2844 2935 Caloida
2872 2880 2919 2932 el
2951 2876 3017 2931 de
3056 2879 3270 2931 Joanne
3300 2875 3463 2929 Duca.

2179 3006 2359 3067 Quam
2387 3008 2580 3057 autem
2614 3019 2726 3056 non
2760 3018 2904 3056 vana
2939 3016 3235 3071 quamque
3267 2997 3666 3054 irrevocabilis
3684 3014 3749 3051 ea

2107 3092 2379 3164 supplicii
2435 3091 2676 3146 extremi
2710 3090 3087 3145 comminatio
3140 3088 3329 3155 fuerit,
3365 3088 3595 3141 abunde
3646 3089 3747 3140 de-

2114 3182 2478 3248 monstravit,
2506 3182 2660 3249 quod
2684 3178 2927 3234 Caloida:
2960 3177 3224 3247 contigit,
3256 3176 3376 3230 viro
3399 3175 3623 3229 eximia:
3656 3190 3747 3228 re-

2118 3269 2349 3339 ligionis
2373 3283 2734 3337 summaaque
2749 3266 3101 3331 sanctitatis,
3119 3265 3174 3318 in
3189 3264 3521 3335 virginitate
3541 3263 3750 3316 viventi

2116 3357 2523 3426 exercentique
2555 3373 2617 3411 se
2648 3356 2883 3409 assidue
2916 3356 2973 3408 in
3005 3353 3389 3423 eleemosynis
3424 3368 3489 3405 ac
3529 3350 3753 3405 caeteris

2116 3446 2168 3500 id
2202 3463 2387 3515 genus
2418 3463 2555 3515 erga
2587 3448 2901 3516 proximos,
2944 3446 3070 3498 sine
3102 3442 3428 3497 diﬂ‘erentia
3459 3440 3754 3495 delectuve

2116 3552 2519 3607 personarum,
2554 3534 2947 3589 misericordis
2970 3533 3273 3587 charitatis
3298 3531 3591 3601 operibus.
3616 3531 3753 3584 Erat

2115 3628 2310 3678 autem
2337 3621 2491 3676 idem
2524 3623 2592 3675 de
2620 3622 2839 3676 familia
2861 3620 3269 3692 imperatricis,
3293 3635 3477 3689 penus
3499 3620 3625 3687 ejus
3643 3633 3747 3671 cu-

2114 3729 2237 3766 ram
2273 3727 2500 3781 gerens.
2537 3709 2699 3763 Hunc
2729 3710 3142 3763 tantummodo
3174 3708 3384 3761 habere
3417 3708 3629 3760 librum
3666 3714 3747 3760 ta-

2112 3801 2224 3855 lem
2258 3800 2689 3871 deprehensum
2723 3815 2838 3851 non
2872 3815 2978 3851 sua
3002 3799 3184 3867 pietas
3212 3794 3476 3862 servavit,
3502 3812 3613 3849 non
3648 3812 3747 3865 pa-

2110 3894 2294 3943 tronze
2341 3892 2612 3958 Augustae
2660 3893 2942 3956 quantum
2995 3889 3187 3955 posset
3218 3900 3318 3952 pro
3370 3884 3483 3936 fido
3515 3888 3571 3936 et
3614 3898 3745 3936 caro

2110 3977 2320 4030 cliente
2366 3992 2431 4029 ac
2465 3975 2732 4028 ministro
2764 3972 3084 4043 satagentis
3130 3970 3470 4041 suffragatio
3516 3970 3742 4023 studio-

2109 4062 2344 4116 sissima
2368 4064 2630 4131 protexit.
2656 4060 2803 4115 Illud
2830 4061 2985 4114 enim
3012 4060 3291 4113 duntaxat
3310 4056 3746 4112 ardentissimis

2108 4156 2166 4205 et
2196 4149 2540 4205 creberrime
2563 4148 2935 4217 ingeminatis
2956 4147 3220 4217 conjugis
3240 4163 3357 4201 suae
3388 4162 3489 4217 pro
3512 4145 3745 4200 Caloida

2111 4240 2378 4308 precibus
2405 4238 2497 4291 vix
2527 4238 2762 4291 tandem
2794 4240 3091 4307 Augustus
3124 4235 3400 4290 relaxavit
3434 4278 3447 4301 ,
3480 4239 3542 4288 ut
3574 4250 3741 4303 pcsna

2110 4326 2313 4380 mortis
2340 4327 2396 4379 in
2426 4326 2862 4379 excaecationem
2890 4328 3230 4377 mutaretur.
3256 4323 3435 4376 Jussu
3458 4337 3593 4392 ergo
3612 4323 3741 4391 ejus

2108 4417 2418 4469 damnatus
2448 4415 2517 4468 ad
2546 4414 2650 4469 fori
2684 4413 3017 4467 columnam
3044 4412 3099 4465 in
3132 4410 3563 4465 Constantianis
3585 4409 3743 4463 sisti-

2105 4509 2219 4557 tur.
2251 4504 2621 4557 Advocantur
2658 4502 2859 4555 eodem
2893 4505 2949 4554 et
2979 4499 3192 4567 clerici,
3227 4498 3527 4569 repentino
3557 4514 3740 4567 eoque

436 4585 537 4639 His
586 4584 903 4655 imperator
932 4601 1062 4639 cum
1098 4586 1221 4641 suis
1270 4601 1446 4656 supra
1477 4587 1715 4641 modum
1762 4586 1995 4657 irritati,
2027 4564 2075 4625 Β
2106 4594 2223 4645 acri
2254 4606 2319 4645 ac
2351 4591 2523 4643 minis
2555 4590 2614 4642 in
2656 4593 2995 4643 cunctantes
3040 4588 3260 4642 sancito
3301 4586 3509 4651 accitu,
3553 4586 3739 4655 ignari

366 4689 541 4742 quam
574 4673 631 4726 in
666 4678 930 4727 auctores
968 4673 1299 4728 libellorum
1324 4673 1446 4728 suis
1477 4675 1717 4729 latebris
1740 4678 1893 4730 tutos
1915 4678 1995 4729 ef-

364 4762 604 4815 fundere
634 4762 772 4815 iram
800 4762 1139 4832 nequibant,
1172 4762 1227 4815 in
1256 4778 1353 4816 eos
1378 4763 1478 4833 qui
1509 4764 1882 4818 sustulissent
1903 4764 1994 4817 in—

365 4854 560 4903 ventos
590 4851 741 4919 apud
775 4865 953 4920 seque
984 4855 1248 4905 tenerent
1277 4892 1291 4918 ,
1325 4868 1623 4921 poenarum
1652 4852 1991 4907 crudelitate

364 4938 675 4991 satiabant.
707 4938 847 4991 Nam
877 4943 932 4991 et
956 4939 1126 5007 objici
1150 4939 1306 5002 talia,
1332 4946 1626 5010 utcunque
1656 4957 1809 5006 vera,
1830 4958 1989 4994 sum-

367 5043 517 5078 mam
547 5024 956 5079 contumeliam
984 5027 1303 5094 putabant:
1338 5033 1393 5081 et
1418 5027 1595 5095 hujus
1627 5029 1992 5083 contumeliae

365 5130 531 5167 veros
563 5118 829 5167 auctores
860 5130 957 5167 eos
989 5116 1369 5178 arbitrantur,
1402 5118 1498 5186 qui
1532 5117 1749 5170 nefaria
1778 5122 1834 5171 et
1862 5118 1986 5171 visu

366 5200 552 5270 primo
602 5201 887 5255 abolenda
926 5202 1144 5271 scripta
1173 5218 1305 5256 cum
1332 5202 1443 5272 ipsi
1467 5203 1743 5273 legerent,
1765 5208 1889 5257 tum
1914 5203 1988 5258 le-

358 5290 546 5358 genda
576 5288 795 5343 caeteris
827 5294 1141 5343 servarent.
1178 5290 1311 5344 Fixa
1342 5291 1515 5361 igitur
1544 5291 1600 5344 in
1635 5290 1867 5361 publico
1897 5290 1987 5345 lex

359 5384 447 5430 est
477 5378 654 5443 huius
686 5376 986 5431 sententiae
1014 5394 1025 5430 :
1059 5399 1087 5425 ‹‹
1119 5378 1224 5440 Qui
1258 5380 1545 5433 famosum
1590 5379 1891 5445 invenerit,
1936 5381 1983 5435 si

358 5466 562 5535 legerit
593 5466 737 5536 ipse,
762 5465 808 5518 si
838 5465 935 5519 alii
955 5465 1183 5533 dixerit,
1210 5467 1255 5521 si
1280 5484 1397 5522 non
1422 5469 1617 5522 statim
1641 5468 1981 5523 combusse-

358 5554 450 5622 rit,
487 5554 533 5608 si
567 5556 714 5623 apud
750 5570 809 5607 se
860 5554 1067 5607 habere
1098 5555 1492 5625 deprehensus
1542 5556 1732 5625 fuerit,
1776 5555 1981 5625 capitis

356 5644 717 5698 dainnator.»
750 5642 1107 5707 Quaestiones
1129 5643 1262 5699 inde
1284 5660 1444 5701 acres
1464 5646 1705 5714 diraque
1724 5644 1980 5715 492ju-

2104 4694 2277 4748 quam
2330 4679 2401 4732 ob
2436 4694 2693 4731 causam.
2725 4678 2944 4730 Adesse
2975 4680 3168 4730 autem
3201 4691 3299 4729 eos
3320 4673 3542 4743 .idcirco
3576 4674 3736 4742 prin-

2103 4784 2237 4836 ceps
2272 4765 2475 4833 voluit,
2510 4769 2572 4817 ut
2595 4780 2780 4833 genus
2812 4764 2867 4817 id
2897 4762 3200 4817 hominum
3234 4762 3341 4815 sibi
3377 4761 3599 4815 dudum
3625 4777 3732 4815 con

2104 4854 2368 4908 tumacize
2402 4858 2739 4922 suspectum
2773 4852 3032 4921 exemplo
3060 4852 3170 4904 diri
3195 4850 3466 4921 supplicii
3493 4854 3737 4902 terrere-

2102 4947 2217 4997 tur.
2252 4944 2593 5011 Quicunque
2624 4941 2801 5011 igitur
2831 4956 2898 4993 ex
2930 4940 2999 4993 iis
3052 4939 3189 5007 quid
3226 4937 3537 5007 spectaturi
3570 4953 3733 4990 voca-

2100 5036 2303 5083 rentur
2345 5029 2709 5099 ignorarunt,
2745 5044 2857 5096 quo
2881 5027 3251 5095 jubebantur
3282 5030 3419 5078 sunt
3461 5022 3731 5092 profecti;

2098 5119 2197 5188 qui
2232 5135 2349 5172 rem
2377 5117 3022 5187 praesenserant,fugam
3042 5116 3418 5184 expedierunt
3439 5128 3552 5181 qua
3580 5111 3737 5180 quis-

2097 5222 2208 5275 que
2243 5206 2431 5274 potuit
2475 5202 2793 5257 tutissime.
2844 5202 3125 5256 Perducto
3158 5202 3226 5255 ad
3261 5201 3456 5254 lucum
3489 5198 3730 5251 Caloidae

2095 5312 2258 5349 coma
2293 5295 2533 5348 detonsa
2563 5298 2697 5357 est.,
2727 5308 2839 5344 non
2887 5292 2955 5345 ad
2991 5296 3206 5355 cutem,
3253 5290 3352 5343 sed
3387 5286 3517 5355 pilis
3569 5303 3601 5340 a
3631 5303 3728 5339 ra-

2094 5386 2220 5438 dice
2250 5384 2317 5436 ad
2354 5382 2610 5452 aliquam
2643 5381 2834 5434 adhuc
2856 5380 3220 5433 altitudinem
3255 5376 3468 5431 relictis
3494 5380 3723 5428 exstan-

2092 5473 2276 5535 tibus,
2310 5477 2373 5525 ut
2405 5470 2679 5539 pabulum
2714 5468 2832 5538 igni
2865 5474 3061 5522 essent
3092 5484 3188 5537 per
3220 5466 3325 5518 hos
3357 5463 3559 5516 intime
3591 5461 3721 5531 pel-

2090 5561 2202 5615 lem
2237 5560 2421 5630 ipsum
2462 5574 2528 5612 ac
2557 5556 2775 5611 calvam
2827 5555 3083 5609 ambusti
3111 5552 3342 5607 verticis
3385 5566 3715 5621 pervasuro.

2086 5648 2400 5720 Applicatm
2430 5645 2642 5700 dehinc
2693 5648 2965 5715 arcteque
2996 5659 3285 5717 appressze
3318 5638 3512 5693 miseri
3545 5636 3719 5707 capiti
