4110 6280
456 372 563 426 955

1759 383 2058 439 GEORGII
2097 383 2557 437 PACHYMERE

3736 374 3858 429 956

457 495 812 568 καυσομένοις
846 543 859 568 ,
911 499 1025 554 εἶτα
1077 500 1168 555 καὶ
1215 503 1314 572 τὴν
1362 501 1481 580 ῥῖνα
1535 502 1791 576 τεμόντες
1850 504 2095 580 μαχαίρᾳ
2124 508 2177 574 Α
2206 506 2322 559 κατ’
2347 503 2534 579 ὀλίγον
2565 502 2656 558 καὶ
2683 502 2946 577 συχνάκις
2974 498 3264 575 γινόμενον
3298 519 3374 561 εις
3406 500 3528 554 ὅσον
3584 498 3854 557 πλεῖστον

457 585 702 657 ἡμιθανῆ
737 582 832 641 εἴτ’
863 587 957 641 οὗν
1008 587 1220 664 ἡμιδαῆ
1279 591 1513 669 ἀφιᾶσιν.
1564 590 1744 647 Ἀλλά
1786 597 1950 647 ταῦτα
2002 594 2095 666 μὲν

462 674 653 747 μικρὸν
689 670 930 752 ὕστερον,
972 675 1060 732 ὅτε
1088 682 1155 752 τῇ
1187 677 1350 734 πόλει
1390 677 1782 753 ἐπιδεδήμηκε.
1833 683 1971 738 Τότε
2018 679 2095 751 δὲ,

454 758 827 826 Ποσειδεῶνος
892 762 1244 839 ἑκκαιδεκάτῃ
1309 768 1444 839 μετὰ
1498 768 1596 836 τήν
1659 775 1757 836 τῆς
1831 768 2094 823 Θεοτόκου

452 849 667 923 ἑορτὴν,
715 848 1031 921 ἐξεληλάκει
1086 854 1181 927 μὲν
1235 853 1511 928 βασιλεὺς,
1541 852 1858 926 ἐξεληλάκει
1891 853 1948 909 δὲ
1991 876 2096 910 πα-

448 936 742 1012 τριάρχης,
791 940 885 993 τοῦ
937 941 1470 1016 πατριαρχεύσαντος
1513 945 1709 1019 Ἰωσὴφ
1757 945 2093 1020 πεμφθέντος

451 1024 527 1086 είς
556 1026 619 1079 τὸ
647 1024 968 1098 Κοσμίδιον.
1007 1027 1161 1085 Ἀλλ’
1193 1031 1220 1084 ὁ
1256 1028 1349 1102 μὲν
1378 1028 1621 1103 πεμψας,
1664 1031 1754 1084 καὶ
1784 1031 1875 1085 τὸν
1910 1038 2087 1109 Σφαν-

448 1116 580 1183 τζῆν
631 1114 845 1189 ἀγαγὼν
899 1110 1168 1190 Γαϐριὴλ,
1219 1118 1276 1172 ὃν
1328 1119 1649 1191 αὐτανέψιον
1690 1115 1820 1174 ὄντα
1854 1124 1951 1174 τοῦ
1980 1118 2087 1191 ⁸ἤδη

446 1201 822 1277 τυφλωθὲντος
870 1204 1124 1258 Ἰωάννου
1171 1205 1287 1283 εἶχε
1342 1204 1435 1276 μὶν
1494 1205 1758 1282 πρότερον
1816 1206 1865 1260 ἐν
1894 1211 1963 1282 τῇ
1995 1211 2090 1262 τοῦ

458 1289 963 1362 παρακοιμωμὲνου
1036 1297 1135 1360 τῆς
1223 1290 1471 1366 μεγάλης
1559 1290 1855 1366 σφενδόνης
1926 1299 2087 1369 τιμῇ,

449 1375 666 1449 ὕστερον
701 1375 746 1432 δ’
791 1376 874 1431 ἐπ’
916 1378 1112 1440 αἰτιαις
1163 1378 1473 1457 tamen»,
1528 1379 1799 1451 συνδυάξει
1850 1387 2090 1458 συγγενεῖ

445 1484 508 1539 γε
534 1463 646 1518 ὃντι
673 1469 751 1536 τῷ
781 1466 1024 1541 Ἰωάννῃ,
1048 1466 1136 1522 καὶ
1186 1469 1305 1540 μεθ’
1355 1469 1547 1523 ἑαυτοῦ
1601 1467 1942 1542 ἐπαγόμενος
1988 1470 2087 1538 τήν

444 1552 580 1625 πρὸς
611 1554 711 1622 τήν
742 1550 1097 1627 Νικομήδους
1156 1556 1246 1609 καὶ
1302 1555 1369 1609 τὰ
1414 1555 1537 1629 περὶ
1598 1556 1801 1629 ἐκείνην
1859 1554 2082 1625 ἤλαυνε.

443 1642 799 1719 Πατριάρχης
832 1642 889 1697 δὲ
936 1644 1027 1696 τὸν
1077 1644 1213 1700 κατὰ
1247 1646 1344 1717 τὴν
1395 1640 1629 1701 κιϐωτὸν
1679 1654 1778 1716 τῆς
1814 1645 2086 1717 θαλάσσης

440 1729 724 1804 τράχηλον
787 1729 1324 1809 διαπεραιωσάμενος
1406 1733 1527 1788 εὐθὺ
1592 1735 1823 1797 Νικαίας
1901 1734 2080 1809 ὥρμα.

2209 592 2677 669 συγκεφαλαιωθὶν
2731 590 2794 644 τὸ
2850 591 3024 643 θανεῖν
3080 587 3270 663 ἐπῆγε,
3327 586 3610 642 κάντεῦθεν
3655 585 3851 657 ἀπήλ-

2206 679 2375 735 λακτο
2438 682 2531 754 μὲν
2589 679 2791 741 ἐκεῖνος
2842 680 2985 747 ζωῆς
3046 674 3348 745 ἐπωδύνου,
3403 673 3731 745 ἀπήλλακτο
3791 673 3857 730 δὲ

2201 770 2287 823 καὶ
2326 767 2581 843 βασιλεὺς
2610 775 2710 837 τῆς
2760 766 2843 821 ἐπ’
2891 764 3080 836 ἐκείνῳ
3128 761 3436 840 φροντίδος.
3470 763 3644 824 Αὐτὸς
3694 761 3755 817 δὲ
3782 764 3853 819 τὰ

2201 858 2338 912 κατὰ
2382 857 2474 911 τὸν
2530 856 2803 931 Σάγγαριν
2853 854 3347 928 περιηγησάμενος,
3405 850 3495 906 καὶ
3541 851 3607 905 τὰ
3663 850 3845 907 ἐκεῖσε

2201 944 2433 1019 φρούρια
2490 943 2542 998 ἐν
2614 941 2846 1017 ἀσφαλεῖ
2899 945 2966 1015 τῇ
3019 942 3209 995 ἑαυτοῦ
3265 938 3537 1013 παρουσίᾳ
3589 939 3845 1010 θὲμενος,

2200 1036 2566 1104 Γαμηλιῶνος
2603 1032 2776 1104 μηνὸς
2830 1027 3147 1104 ὑποστρέφει
3177 1028 3312 1102 πρὸς
3340 1025 3526 1082 πόλιν.
3560 1027 3837 1099 Πατριάρο

2197 1140 2309 1196 χης
2342 1118 2401 1174 δὲ
2432 1118 2670 1188 πλησίον
2708 1116 2878 1173 ἐλθὼν
2913 1114 3162 1184 Νικαίας,
3211 1114 3303 1169 καὶ
3354 1114 3587 1186 Ἐννάτῳ
3615 1114 3837 1169 eum-

2198 1212 2451 1280 σάμενος,
2485 1208 2743 1270 εἰσελθεῖν
2794 1208 2875 1278 [Ρ.
2910 1208 3038 1278 337]
3065 1206 3163 1272 τήν
3196 1201 3360 1257 πόλιν
3409 1201 3507 1256 οὐκ
3563 1200 3741 1276 ἔκρινε
3770 1203 3836 1257 τό

2193 1298 2243 1375 γ’
2284 1302 2459 1353 εκεῖνο
2491 1293 2621 1350 δεῖν·
2657 1293 2833 1358 θὲλειν
2853 1294 2952 1367 γὰρ
2998 1288 3143 1366 ἔχειν
3170 1288 3394 1361 ⁸διδόναι
3441 1290 3533 1344 καί
3588 1310 3652 1362 γε
3690 1310 3841 1363 γνω-

2196 1385 2378 1459 ρίμοις
2431 1385 2518 1438 καὶ
2561 1381 2905 1458 προσγενέσιν
2955 1381 3276 1455 εὐεργετεῖν,
3329 1375 3498 1450 μηδὲν
3529 1375 3588 1432 δὲ
3614 1377 3677 1433 τὸ
3707 1379 3831 1435 κατ’

2194 1472 2365 1528 ἐκεῖνο
2399 1477 2593 1548 καιροῦ
2621 1471 2892 1545 εὐπορεῖν.
2951 1471 3029 1526 Τὸ
3081 1467 3132 1523 δ*
3179 1465 3486 1525 εἰσελθόντα
3531 1465 3693 1523 πάλιν
3750 1468 3829 1539 μὴ

2194 1561 2489 1635 εὐεργετεῖν
2547 1560 2622 1622 ὠς
2681 1557 2825 1632 ἄξιον
2874 1557 3086 1627 ἀνάξιον
3140 1557 3332 1611 ἑαυτοῦ
3414 1555 3506 1611 καὶ
3579 1558 3685 1611 τῶν
3751 1556 3829 1627 μὴ

2190 1650 2506 1725 πρεπόντων
2537 1653 2655 1712 τοῖς
2708 1647 2915 1705 ἐκείνου
2972 1646 3278 1720 πράγμασιν
3337 1640 3496 1716 ᾤετο.
3556 1644 3710 1697 Ὅθεν
3740 1642 3836 1699 καὶ

2189 1738 2471 1812 πρύμναν,
2529 1738 2592 1792 τὸ
2646 1741 2744 1793 τοῦ
2801 1735 2994 1809 λόγου,
3049 1736 3421 1810 κρουσάμενος
3477 1730 3830 1789 Πολυπιθίων

445 1817 546 1873 Καὶ
588 1816 655 1927 δη
686 1819 714 1872 ὁ
749 1820 843 1930 μὶν
876 1818 1130 1895 βασιλεὺς
1173 1821 1300 1930 τρὺς
1346 1821 1588 1901 τυφλοὺς
1638 1820 1800 1899 ἄγων,
1842 1822 1949 1893 ὅπη
1991 1825 2078 1879 καὶ
2109 1864 2158 1930 Β
2185 1848 2245 1881 τε
2269 1820 2516 1881 ἐπέϐαινε
2565 1824 2656 1879 καὶ
2709 1831 2810 1894 τῆν
2867 1822 3135 1897 ταχίστην
3184 1820 3533 1897 ὑποστρέφειν
3593 1816 3758 1928 ἔγνω·
3792 1822 3831 1888 ἡ

440 1906 768 1982 περιορίσειε
798 1905 1097 1965 διεσκόπει·
1131 1909 1158 1963 ὁ
1200 1907 1257 1964 δὲ
1305 1910 1566 1979 Ἰωάννης
1600 1912 1699 1980 τὴν
1756 1913 1953 1981 ποινὴν
1999 1914 2073 1985 μὴ

440 1994 614 2072 φέρων
672 1995 761 2050 καὶ
812 1996 1180 2067 ἀναξιοπαθῶν
1238 1998 1383 2061 ὅλως
1437 2000 1500 2054 οὐ
1549 2000 1756 2077 τροφὴν
1800 2000 2074 2073 προσίετο.

439 2083 503 2137 οὐ
536 2082 692 2137 πόσει
748 2090 1059 2161 προσεῖχεν,
1106 2085 1204 2141 οὐκ
1235 2084 1375 2142 ἄλλο
1404 2108 1455 2142 τι
1494 2091 1601 2142 τῶν
1652 2087 1728 2149 εἰς
1760 2086 2073 2161 ἐπιμέλειαν

434 2175 546 2225 τῶν
576 2168 879 2244 ὅφθαλμῶν
936 2171 1018 2226 εἷ¹α
1071 2173 1329 2250 γίνεσθαι,
1385 2174 1548 2246 μόνον
1593 2172 1650 2229 δὲ
1677 2177 1828 2238 κενὸς
1875 2176 2072 2252 φόρτος

437 2258 725 2333 ἀγόμενος,
754 2258 861 2328 ὅπη
912 2262 1203 2336 τετυχήκει
1244 2269 1345 2337 γῆς
1379 2264 1413 2333 ἢ
1459 2262 1546 2317 καὶ
1594 2266 1810 2336 πέτρας,
1854 2265 1955 2333 τήν
1985 2285 2072 2319 κε-

437 2345 616 2424 φαλὴν
679 2348 1066 2422 προσαράττων
1117 2350 1191 2411 ὡς
1246 2349 1638 2423 τεθνηξόμενος
1692 2353 1781 2421 ἧν.
1817 2352 1921 2407 Καὶ
1946 2353 2074 2427 τάχ’

435 2433 497 2489 ἂν
521 2433 581 2489 ἐκ
607 2435 817 2491 τούτων
860 2436 920 2494 ἐκ
967 2434 1229 2494 πλείστου
1273 2440 1325 2494 οἱ
1374 2435 1647 2509 ξυνέϐαινε
1691 2441 1754 2495 τὸ
1794 2442 1994 2514 θανεῖν,
2025 2440 2071 2496 εί

441 2523 516 2596 μὴ
571 2523 660 2578 καὶ
709 2524 856 2600 παρὰ
909 2529 1016 2581 τῶν
1063 2525 1446 2603 φυλαττόντων
1492 2527 1762 2603 ἐπείχετο.
1809 2526 1963 2602 Πλὴν
2008 2529 2072 2585 τὸ

433 2742 648 2798 charta
677 2744 1032 2799 membranae
1066 2743 1189 2815 pice
1236 2744 1393 2800 illitas
1426 2744 1886 2811 inﬂammantur,
1919 2744 2068 2799 vim-

432 2846 546 2902 que
592 2832 893 2893 ardentem
926 2833 997 2888 ab
1030 2831 1262 2905 occipiti
1303 2833 1373 2890 ad
1407 2833 1680 2906 synciput
1721 2837 1777 2888 et
1821 2834 2069 2887 frontem

434 2934 626 2992 usque
655 2920 724 2974 ad
776 2919 974 2975 oculos
1017 2936 1083 2975 ea
1113 2922 1567 2993 corrumpendos
1596 2922 1748 2976 498
1792 2923 2073 2991 spargunt

436 3023 754 3079 presseque
778 3009 1109 3066 admovent.
1140 3009 1289 3065 Naso
1313 3011 1381 3065 ad
1413 3014 1733 3065 extremum
1753 3008 1921 3061 cultri
1953 3007 2074 3062 acie

438 3099 731 3162 truncato,
783 3095 1257 3150 semiustulatum
1289 3096 1554 3166 semique
1585 3100 1883 3150 mortuum
1925 3093 2070 3150 infe-

433 3181 607 3237 licem
640 3183 964 3239 dimittuut.
997 3183 1212 3238 Verum
1243 3183 1362 3237 haec
1394 3182 1567 3253 paulo
1591 3189 1719 3255 post
1750 3187 1891 3238 sunt
1918 3186 2068 3252 acta,

432 3285 663 3324 reverso
706 3270 829 3340 jam
888 3270 945 3324 in
1005 3270 1210 3324 urbem
1264 3269 1633 3342 imperatore.
1666 3271 1828 3325 Tunc
1876 3274 2067 3325 autem

433 3356 654 3412 mensis
700 3357 949 3427 Augusti
995 3357 1408 3426 sextadecima,
1459 3357 1738 3428 postridie
1772 3357 1902 3413 festi
1931 3358 2064 3414 Dei-

432 3461 608 3517 parae,
639 3445 912 3501 discessit
942 3445 1075 3501 inde
1103 3445 1443 3518 imperator,
1469 3446 1742 3501 discessit
1761 3451 1817 3502 et
1844 3446 2066 3518 patriar

432 3532 562 3598 cba,
610 3531 862 3605 Josepho
891 3533 1295 3604 expatriaroha
1322 3533 1485 3604 prius
1518 3533 1697 3589 misso
1726 3535 1797 3589 ad
1835 3534 2063 3589 Cosmi-

431 3620 615 3675 dium.
649 3621 878 3676 Curavit
901 3628 1093 3677 autem
1124 3621 1442 3693 imperator
1461 3622 1869 3678 adducendum
1900 3624 1969 3677 ad
2004 3638 2064 3678 se

432 3707 755 3764 Gabrielem
805 3710 1157 3781 Sphantzen,
1190 3714 1459 3781 nepotem
1498 3727 1566 3766 ex
1593 3726 1791 3766 sorore
1816 3709 2063 3766 Joannis

431 3811 617 3867 nuper
643 3797 1112 3866 excaecati.1Huic
1140 3797 1438 3868 Sphantzi,
1482 3813 1656 3869 quem
1688 3801 1860 3852 antea
1879 3797 2061 3852 hono-

427 3888 653 3941 raverat
684 3886 1025 3956 praefectura
1055 3886 1290 3956 majoris
1320 3885 1519 3953 sigilli,
1547 3889 1745 3955 postea
1773 3884 2061 3956 quaedam

428 3973 499 4029 ob
532 3973 734 4044 culpas
777 3990 944 4029 veras
974 3980 1076 4028 aut
1119 3973 1342 4029 efﬁctas
1394 3977 1624 4028 eruerat
1670 3972 1890 4028 oculos.
1945 3975 2062 4029 Hoc

429 4077 596 4132 porro
647 4064 909 4131 tempore
965 4061 1365 4117 consociatum
1430 4061 1704 4116 eumdem
1760 4076 1894 4116 cum
1954 4077 2060 4117 suo

428 4148 713 4204 avunculo
742 4149 990 4213 Joanne,
1022 4164 1196 4220 quem
1228 4149 1367 4203 item
1400 4148 1803 4215 accersiverat,
1845 4149 2059 4204 ducere

430 4252 628 4291 secum
662 4236 843 4291 voluit
872 4237 981 4290 hoc
1010 4236 1218 4291 itinere
1240 4278 1255 4303 ,
1287 4251 1403 4306 quo
1437 4235 1825 4291 Nicomediam
1855 4253 2060 4293 versus

429 4327 485 4376 et
510 4323 560 4377 ei
593 4324 927 4394 adjacentes
950 4324 1079 4379 urbi
1105 4324 1371 4395 regiones
1399 4324 1694 4379 tendebat.
1730 4324 2061 4380 Patriarcha

429 4428 560 4466 vero
592 4416 754 4468 trans
794 4412 971 4467 maris
1005 4413 1197 4469 fauces
1229 4414 1296 4468 ad
1339 4412 1607 4468 Cibotum
1638 4416 1868 4467 evectus
1900 4416 2058 4468 recta

428 4499 725 4553 contendit
756 4499 1031 4558 Nicmam.
1080 4505 1152 4555 At
1182 4501 1496 4570 imperator
1543 4500 1691 4554 duos
1719 4515 1901 4554 caecos
1944 4500 2053 4554 cir-

2186 1915 2290 1989 γᾶρ
2318 1920 2417 1982 τῆς
2444 1914 2685 1986 ὑψόσεως
2737 1913 2897 1984 ἑορτή
2957 1912 3184 1984 ἀπεῖργε
3222 1913 3320 1965 τοῦ
3382 1909 3458 1981 μὴ
3519 1904 3831 1982 βραδύνειν.

2183 2005 2277 2074 Τῷ
2306 2022 2391 2055 τοι
2422 2001 2512 2055 καὶ
2553 2000 2708 2061 αὐτὸς
2738 2000 2875 2053 κατὰ
2921 1995 3117 2066 πόδας,
3166 1992 3582 2071 τρισκαιδεκάτῃ
3632 2001 3829 2067 Γαμη-

2180 2090 2405 2158 λιῶνος,
2438 2089 2650 2158 ἀπήντα
2674 2088 2807 2161 πρὸς
2845 2085 3027 2142 πόλιν.
3069 2084 3201 2162 Περὶ
3249 2082 3308 2139 δὲ
3352 2088 3449 2138 τοῦ
3486 2084 3606 2146 καθ’
3651 2083 3814 2137 αὐτὸν

2183 2174 2651 2248 ὑποστελλόμενος
2681 2176 2753 2235 ὡς
2791 2176 2867 2247 μὴ
2904 2172 2992 2228 διὰ
3014 2172 3081 2228 τὰ
3118 2167 3482 2245 συμϐαίνοντα
3527 2168 3817 2245 ὀλιγώρως

2180 2263 2326 2338 ἔχειν
2360 2262 2573 2333 δοκοίη.
2607 2260 2720 2336 ἅμα
2747 2268 2822 2335 νῷ
2844 2265 2946 2331 τῆς
2987 2261 3123 2323 νεὼς
3179 2256 3449 2330 ἀποϐῆναι
3481 2260 3620 2334 πρὸς
3665 2260 3820 2334 βασι-

2181 2352 2273 2408 λία
2326 2350 2436 2423 ἤϊε,
2495 2349 2785 2427 διημέρευέ
2838 2371 2898 2405 τε
2952 2349 3087 2423 πρὸς
3143 2350 3334 2423 χάριν,
3385 2348 3475 2403 καὶ
3522 2347 3660 2420 πρὸς
3717 2348 3816 2415 τὴν

2180 2442 2372 2516 ἑορτὴν
2404 2437 2746 2512 κεκλημένος
2776 2439 2913 2514 πρὸς
2958 2435 3228 2512 βασιλέως
3281 2433 3505 2509 ἕτοιμος
3548 2435 3615 2504 ἦν
3649 2433 3819 2498 ἐλθὼν

2180 2526 2437 2584 ἐκτελεῖνο
2496 2527 2656 2585 παντὶ
2714 2529 2817 2603 γὰρ
2879 2523 3201 2581 ὑπέστελλεν
3264 2524 3452 2579 ἑαυτὸν
3527 2522 3715 2603 τρόπῳ
3769 2521 3817 2593 ἐξ

2176 2743 2259 2798 tia
2287 2744 2404 2798 voti
2444 2743 2643 2799 miseri
2690 2757 2930 2812 compos
2959 2741 3118 2797 brevi
3162 2740 3347 2808 ﬁeret,
3380 2741 3438 2796 in
3484 2739 3590 2794 illa
3616 2740 3798 2808 despe»

2180 2832 2405 2886 ratione
2431 2832 2613 2885 vitam
2646 2830 2857 2885 finiens
2885 2834 2942 2884 et
2981 2829 3395 2900 imperatorem
3425 2825 3805 2883 sollicitudine

2181 2918 2252 2972 de
2272 2935 2335 2973 se
2353 2918 2633 2973 liberans.
2657 2919 2713 2972 Is
2734 2920 2929 2971 autem
2953 2913 3455 2985 obiterinspectis,
3478 2918 3666 2983 etquo
3678 2928 3817 2984 opus

2181 3004 2473 3061 habebant
2498 3005 2765 3075 praesidio
2788 3003 3061 3071 firmatis,
3084 3002 3321 3058 arcibus
3344 3001 3499 3057 circa
3517 3000 3821 3072 Sangarim

2180 3091 2505 3163 Septembri
2549 3108 2750 3147 mense
2778 3091 2837 3145 in
2871 3091 3075 3147 urbem
3121 3090 3451 3147 revertitur.
3485 3088 3823 3145 Patriarcha

2176 3196 2313 3235 vero
2359 3195 2706 3251 progressus
2735 3194 2923 3250 usque
2969 3178 3040 3234 ad
3070 3177 3344 3233 viciniam
3396 3176 3619 3246 Nicaeae,
3655 3182 3714 3232 et
3744 3177 3819 3233 ad

2179 3271 2470 3325 Ennatum
2522 3270 2642 3325 sive
2672 3269 2902 3323 Nonum
2949 3267 3302 3338 hospitatus,
3335 3267 3561 3338 ingredi
3613 3266 3817 3322 urbem

2176 3357 2384 3412 noluit.
2415 3361 2603 3413 Causa
2622 3359 2707 3412 sic
2747 3356 3045 3412 statuendi
3073 3355 3200 3421 fuit,
3225 3355 3382 3426 quod
3406 3353 3549 3409 nihil
3573 3353 3821 3410 haberet

2172 3449 2314 3500 tunc
2345 3447 2414 3501 ad
2445 3461 2686 3500 manum
2710 3444 2865 3499 unde
2884 3448 3313 3515 cognatossuos
3334 3459 3400 3498 ac
3426 3442 3818 3510 necessarios,

2173 3534 2272 3603 qui
2297 3532 2468 3587 multi
2490 3534 2780 3603 degebant
2800 3531 2940 3600 illic,
2962 3536 3383 3588 muneraretur.
3408 3531 3689 3588 Indecens
3710 3548 3818 3587 au-

2170 3626 2289 3676 tem
2334 3620 2754 3691 ingratumque
2789 3620 3118 3685 videbatur,
3165 3635 3270 3675 nec
3306 3623 3408 3674 aut
3448 3624 3658 3674 caetera
3704 3635 3815 3675 sua

2172 3708 2412 3776 dignum
2445 3708 2736 3779 elegantia
2749 3711 2853 3764 aut
2872 3707 3185 3777 rebusejus
3209 3706 3597 3774 conducibile,
3621 3709 3815 3778 primo

2172 3801 2304 3867 post
2334 3797 2611 3868 adeptum
2644 3812 2942 3853 summum
2964 3796 3245 3853 honorem
3272 3795 3364 3853 sui
3386 3801 3696 3866 conspectu
3721 3796 3811 3850 ni-

2170 3885 2253 3942 hil
2282 3885 2408 3942 suis
2438 3886 2660 3957 largiri.
2690 3888 2878 3951 Quare
2907 3885 2967 3942 in
3001 3900 3256 3955 proram,
3281 3885 3435 3956 quod
3461 3884 3697 3949 dicitur,
3720 3884 3811 3939 in-

2169 3975 2452 4029 cumbens
2475 3980 2744 4045 retroque
2762 3974 2899 4030 inde
2919 3976 3152 4040 cedens,
3178 3972 3503 4044 Polypithia
3514 3973 3812 4044 superavit

2168 4067 2224 4117 et
2248 4062 2554 4118 confestim
2587 4062 2791 4118 reverti
2817 4063 3158 4118 constituit:
3187 4078 3333 4118 num
3361 4066 3420 4116 et
3443 4060 3809 4117 exaltationis

2168 4151 2358 4206 crucis
2409 4150 2726 4206 imminens
2756 4151 2970 4206 festum
3001 4151 3341 4220 increpabat
3367 4164 3582 4205 moras.
3619 4148 3805 4205 Festi-

2167 4255 2316 4294 nans
2345 4238 2525 4310 igitur
2554 4238 2646 4293 die
2673 4236 3076 4294 tertiadecima
3103 4238 3461 4308 Septembris
3483 4237 3684 4295 urbem
3728 4242 3804 4293 te-

2167 4326 2312 4381 nuit.
2342 4330 2420 4380 Ac
2467 4325 2756 4381 sollicitus
2786 4326 2856 4381 de
2886 4343 2993 4382 sua
3023 4327 3178 4396 apud
3212 4326 3553 4397 'principem
3594 4326 3790 4397 gratia,

2166 4430 2341 4484 quam
2372 4429 2443 4467 ne
2473 4413 2802 4484 refrigerari
2831 4414 3192 4483 contingeret
3220 4430 3336 4470 non
3365 4413 3655 4469 immerito
3682 4414 3787 4466 for-

2162 4505 2319 4556 tasse
2364 4501 2673 4556 verebatur
2700 4503 2774 4557 ob
2805 4519 2873 4557 ea
2900 4518 3027 4573 quas
3060 4502 3117 4556 in
3152 4518 3327 4559 causa
3356 4501 3689 4557 schismatis
3726 4499 3787 4554 in

427 4588 937 4655 cumducens,§ubi
967 4604 1064 4644 eos
1097 4588 1207 4643 sub
1238 4562 1363 4643 tuta
1392 4587 1659 4643 custodia
1689 4585 2060 4643 concluderet
2088 4562 2136 4627 Β
2166 4588 2291 4644 dies
2338 4589 2703 4657 eveniebant,
2736 4562 3029 4661 plsrisiwe
3060 4588 3475 4647 reluctantium
3510 4590 3636 4660 paci
3664 4589 3792 4644 cul-

429 4674 744 4744 quaerebat.
795 4676 1079 4731 Casterum
1133 4678 1385 4732 Joannes
1414 4675 1743 4731 incredibili
1783 4674 2060 4730 mcestitia

426 4761 816 4819 calamitatem
851 4765 1060 4833 ferens,
1094 4782 1269 4836 quam
1302 4776 1364 4819 se
1392 4765 1549 4819 haud
1582 4763 1853 4820 meritum
1887 4768 2056 4835 puta-
2087 4838 2092 4842 .

428 4850 550 4917 bat,
584 4869 686 4908 nec
740 4853 934 4908 cibum
970 4854 1318 4909 admittebat
1348 4870 1451 4908 nec
1478 4858 1701 4924 potum,
1740 4869 1847 4909 nec
1874 4852 2057 4913 cruda

425 4940 747 4996 etiamnum
797 4940 1037 4997 vulnera
1090 4958 1290 4996 recens
1355 4942 1699 4997 effossarum
1748 4941 2053 4997 oculorum

426 5043 567 5082 cura
598 5028 773 5084 foveri
805 5028 1135 5084 necessaria
1162 5028 1411 5083 sinebat.
1444 5027 1786 5084 Portabatur
1823 5033 2051 5084 tantum

2171 4693 2301 4748 pam
2338 4693 2571 4732 omnem
2604 4677 2791 4734 Vecco
2821 4678 3272 4749 imputantibus.
3302 4678 3800 4750 querentibusque

2166 4765 2360 4837 ipsum
2381 4766 2617 4836 scriptis
2635 4766 2759 4822 suis
2783 4767 3066 4824 terminos
3082 4766 3317 4823 Patrum
3337 4770 3393 4823 et
3407 4768 3519 4823 fixa
3530 4768 3803 4838 dogmata

2164 4853 2486 4908 convellere
2525 4860 2698 4924 atque
2731 4854 2886 4910 ultra
2913 4856 3150 4911 modum
3197 4871 3430 4911 omnem
3461 4854 3674 4911 efferri.
3714 4854 3797 4909 Ob

2163 4939 2919 5012 hac,inquam,sibitimens
2941 4943 3143 4998 statim
3164 4958 3231 4997 ac
3246 4942 3375 4998 navi
3398 4942 3791 5004 exscendit.ad

2163 5029 2440 5099 palatium
2474 5035 2631 5086 recta
2659 5030 2910 5101 perrexit
2938 5029 3397 5101 imparatorique
3424 5030 3575 5087 diem
3610 5036 3793 5086 totum

426 5119 582 5173 iners
636 5119 896 5187 pondus;
931 5121 987 5171 et
1017 5116 1353 5188 ubicunque
1390 5118 1794 5187 deponeretur,
1826 5117 1897 5170 ad
1948 5133 2053 5187 pe-
2161 5117 2596 5174 officiosissime
2626 5118 2833 5184 astitit,
2856 5118 3159 5189 eidemque
3189 5118 3261 5172 ad
3313 5119 3528 5176 festum
3562 5119 3793 5176 vocanti

423 5212 574 5262 tram
608 5211 707 5260 aut
736 5207 805 5263 ad
836 5205 1047 5275 solum,
1081 5216 1250 5276 prout
1279 5208 1623 5271 occurrerat,
1648 5203 1924 5260 allidebat
1952 5222 2050 5261 ca-

2150 5211 2422 5279 paratum
2470 5222 2534 5262 se
2584 5208 2657 5264 ad
2685 5206 2936 5263 eundem
2966 5210 3022 5263 et
3052 5205 3469 5263 celebrandum
3499 5205 3786 5265 exhibuit.

424 5301 548 5366 put,
610 5301 855 5351 mortem
914 5294 1148 5351 omnino
1194 5292 1450 5349 velocem
1499 5308 1816 5364 quaerens;
1874 5310 2049 5362 quam
2161 5294 2501 5350 Mirabiliter
2526 5294 2684 5350 enim
2729 5311 2799 5351 ex
2829 5293 2926 5350 illo
2978 5299 3243 5351 mutatus
3288 5295 3392 5365 qui
3440 5301 3559 5351 tam
3607 5293 3790 5349 libere

422 5384 595 5455 longe
626 5385 788 5455 prius
834 5384 1170 5449 invenisset,
1205 5382 1317 5437 nisi
1347 5381 1609 5436 studiose
1641 5399 1674 5437 a
1704 5383 2049 5439 custodibus

422 5478 718 5529 teneretur
764 5491 834 5528 ne
882 5477 1113 5529 noceret
1160 5471 1284 5544 ipse
1335 5469 1470 5526 sibi.
1520 5470 1633 5525 Nec
1667 5475 1861 5526 tamen
1906 5488 2050 5527 cura

422 5559 727 5631 quantavis
746 5559 976 5614 illorum
996 5558 1298 5630 prohibere
1330 5556 1397 5612 ad
1422 5561 1741 5611 extremum
1758 5558 1912 5612 404
1942 5574 2046 5627 po-

423 5649 540 5704 tuit
569 5647 710 5720 quin
740 5665 808 5704 ex
834 5647 1155 5706 intervallis
1183 5647 1391 5703 iterata
1406 5645 1618 5717 saepius
1638 5646 1698 5701 in
1727 5660 1855 5701 sese
1882 5645 2048 5703 savi-

2157 5388 2328 5436 antea
2374 5382 2658 5438 obsistere
2688 5382 2935 5453 principi
2967 5381 3241 5447 audebat,
3283 5399 3438 5438 nunc
3468 5384 3539 5436 ad
3574 5386 3787 5438 nutum

2156 5472 2284 5541 ejus
2312 5487 2377 5526 se
2406 5471 2664 5543 ﬁngebat
2684 5473 2741 5527 in
2770 5470 3068 5538 omnibus,
3088 5469 3261 5525 malis
3284 5469 3561 5525 nimirum
3592 5472 3667 5525 iis
3686 5472 3786 5527 do-

2154 5560 2359 5626 mitus,
2392 5575 2518 5629 quis
2557 5576 2795 5631 passum
2834 5575 2969 5614 eum
2991 5574 3059 5613 ex
3091 5557 3408 5612 offensione
3437 5559 3681 5630 Augusti
3706 5557 3789 5613 ni-

2156 5646 2276 5703 mia
2300 5648 2490 5718 ipsius
2519 5646 2782 5705 libertate
2809 5645 3022 5705 irritati
3048 5645 3321 5716 superius
3356 5645 3687 5704 retulimus.
3720 5651 3786 5704 Et
