4110 6280
375 361 482 415 957

1449 380 1544 430 DE
1582 379 1952 432 MICHAELE
1991 381 2432 438 PALBOLOGO
2467 385 2600 437 LIB.
2643 386 2736 437 VI.

3652 375 3761 429 958

375 483 501 536 ὀτου
557 486 677 560 περ’
729 493 846 549 τοῖς
908 489 1182 565 ὀχληροῖς
1236 496 1586 571 προσέκυρσε,
1644 499 1731 552 καὶ
1787 499 2008 574 μεγίστη
2041 503 2095 569 Α
2126 497 2183 554 δὲ
2235 503 2322 555 καὶ
2382 503 2766 576 Κωνσταντίνῳ
2819 508 2896 574 τῷ
2952 501 3316 576 Ἀκροπολίτῃ
3369 499 3456 554 καὶ
3512 499 3590 569 τῷ
3635 504 3766 552 Θεο-

379 579 544 648 μοῖρα
599 579 705 629 τῶν
769 576 843 638 εἴς
900 579 962 632 τὸ
1026 581 1259 655 μετρίως
1320 581 1521 658 δίάγειν
1555 585 1852 657 ἐλπίδωνὴ
1885 588 2020 664 πρὸς

372 662 463 714 τὸν
527 661 751 736 βασιλέα
813 666 1144 737 ὑποποίησις
1198 673 1563 748 κατεφαίνετο.
1625 679 1740 743 Τῆς
1798 677 1890 748 μὲν
1927 675 2014 730 οὖν

371 756 542 821 τιμῆς
591 749 777 826 ἐκείνῳ
822 751 1058 808 ἐλάττων
1113 757 1332 833 φροντὶς
1391 761 1478 827 ἦν,
1536 764 1597 816 τὸ
1651 761 1708 817 δὲ
1763 785 2017 840 πατριαρ-

375 837 611 909 χεύοντα
677 837 922 909 διακενῆς
983 841 1324 920 ἐνοχλεῖσθαι
1376 847 1471 904 ’ίσα
1525 852 1613 905 καὶ
1673 856 1750 924 τῷ
1806 852 2017 925 θανάτῳ

373 923 554 988 ἐτίθει.
609 929 680 983 ’Ὀ
728 925 793 996 δὴ
845 931 935 984 καὶ
967 930 1026 985 ἐκ
1049 937 1144 986 τοῦ
1174 938 1580 1012 προστυχόντος
1615 941 2014 1014 ὑπονοούμενον

372 1013 441 1082 ἦν
472 1015 859 1089 τεθυμωμένου
888 1023 984 1072 τοῦ
1036 1020 1304 1094 βασιλέως
1334 1024 1408 1086 εἷς
1450 1027 1607 1082 ἅπαν.
1657 1029 1731 1082 Τὸ
1776 1029 1878 1105 γὰρ
1926 1029 2015 1083 καὶ

368 1099 494 1161 τοὺς
550 1100 782 1166 οἰκείους
826 1101 1172 1178 διασείεσθαι,
1233 1111 1321 1163 καὶ
1382 1113 1464 1173 οἷς
1524 1110 1584 1166 ἂν
1615 1113 1812 1178 ἐκεῖνος
1861 1115 2014 1191 ἐθάρ-

373 1187 454 1262 ρει
515 1191 726 1264 μᾶλλον
789 1192 864 1253 ὡς
921 1195 1047 1270 παρ’
1078 1195 1265 1270 ἐκείνῳ
1312 1200 1705 1273 τεθραμμένοις
1733 1203 1820 1256 καὶ
1855 1187 2012 1274 δόξης

368 1280 625 1352 τυχοῦσιν
662 1321 674 1344 ,
734 1277 938 1336 ἀθετεῖν
1020 1283 1113 1354 μὲν
1183 1284 1250 1340 τά
1305 1289 1629 1361 συγκείμενα
1697 1288 1810 1344 οὐδ’
1866 1290 2012 1354 ὅλως

369 1362 562 1435 ἐποίει,
617 1367 679 1418 τὸ
734 1364 790 1421 δὲ
845 1367 982 1443 πρὸς
1036 1371 1126 1422 τὸν
1177 1375 1647 1449 πατριαρχεύοντα
1696 1379 1792 1440 τάς
1839 1378 2012 1441 αἰτίας

365 1449 514 1524 ἄγειν
697 1454 798 1527 γὰρ
856 1455 1100 1533 ἀναιρορά
1154 1463 1251 1512 τοῦ
1311 1459 1617 1518 σκανδάλου
1675 1463 1821 1542 σφίσι
1879 1467 2013 1541 πρὸς

365 1537 571 1593 ἐκεῖνον
629 1539 714 1608 ἦν,
776 1543 849 1603 ὡς
909 1541 1116 1618 ἔλεγον,
1149 1547 1406 1624 ἀσφαλεῖς
1451 1551 1512 1604 τὸ
1568 1554 1685 1606 κατ’
1715 1553 1868 1606 αὐτὸν
1903 1562 2009 1608 Λα-

363 1625 565 1694 τίνους,
613 1629 760 1703 παρά
822 1631 992 1702 μόνην
1024 1634 1123 1702 τὴν
1175 1635 1226 1688 ἐν
1285 1641 1364 1709 τῷ
1425 1634 1644 1712 συϐόλῳ
1701 1641 2009 1716 πρόσθεσιν,

363 1713 633 1790 κρίνοντα)
690 1713 909 1789 ἕτοιμον
943 1719 1010 1788 ἦν
1070 1721 1126 1775 ἐκ
1181 1729 1276 1778 τοῦ
1335 1725 1500 1799 ῥᾷστα
1547 1728 1636 1781 καὶ
1694 1735 2009 1803 προφανῶς,

2127 585 2287 665 δώρῳ
2319 591 2672 661 Μουζάλωνι,
2713 590 2785 645 ὧν
2835 592 2927 646 τὸν
2961 592 3053 663 μὲν
3107 589 3252 662 παρά
3305 591 3403 642 τοῦ
3442 586 3644 661 πατρὸς
3665 590 3763 640 τοῦ

2128 676 2368 751 μεγάλου
2409 683 2498 752 [Ρ.
2531 684 2655 751 338]
2705 679 2996 756 λογοθὲτου
3046 672 3228 731 λαϐὼν
3280 678 3446 749 ἀνῆγε
3492 672 3760 728 παιδεύων

2122 766 2208 818 καὶ
2270 765 2466 821 οἰκεῖον
2528 769 2858 823 ἀποκαθίστα
2914 767 2965 831 ἐς
3021 767 3100 820 ὅτι
3155 763 3409 839 μάλιστα,
3469 763 3560 816 τὸν
3616 761 3672 816 δὲ
3702 761 3761 816 ἐκ

2124 863 2516 924 στρατιωτικῆς
2555 858 2746 930 μοίρας
2802 851 3082 911 ἀναλαϐὼν
3143 855 3230 908 καὶ
3274 857 3390 913 τοῖς
3444 853 3758 923 μαθήμασιν

2122 939 2304 1003 ἐνδοὺς
2378 942 2702 1018 ἐνσχολάσαι
2764 943 3057 1018 λογοθὲτην
3115 947 3220 996 τῶν
3281 943 3508 1015 γενικῶν
3582 938 3763 1010 ἐτίμα,

2123 1030 2370 1100 συζεύξας
2419 1029 2494 1091 είς
2535 1032 2762 1105 γυναῖκά
2811 1032 2860 1084 οὶ
2910 1030 3002 1084 καὶ
3049 1031 3150 1097 τὴν
3183 1033 3279 1083 τοῦ
3312 1030 3760 1095 Καντακουζηνοῦ

2125 1117 2406 1191 θυγατέρα,
2445 1117 2535 1172 καὶ
2595 1118 2782 1194 μεσίτῃ
2827 1123 2934 1173 τῶν
2985 1123 3181 1172 κοινῶν
3229 1117 3452 1191 ἐχρῆτο.
3504 1115 3610 1170 Τὸν
3666 1114 3759 1185 μὲν

2122 1203 2212 1258 οὖν
2275 1206 2678 1280 ’Λκροπολίτην
2729 1208 2817 1261 καὶ
2867 1209 3358 1280 ἀποπροσεποιεῖτο
3403 1204 3492 1258 καὶ
3531 1207 3758 1276 κρείττω

2118 1288 2224 1345 τῶν
2279 1296 2394 1347 κατ’
2447 1294 2645 1348 ἐκεῖνον
2705 1295 2796 1349 τὸν
2859 1294 3027 1367 θυμὸν
3085 1297 3207 1368 ἦγε,
3239 1297 3317 1363 τῷ
3347 1289 3403 1344 δὲ
3436 1289 3759 1357 Μουζαλωνι

2119 1380 2205 1434 καὶ
2254 1379 2375 1434 λίαν
2409 1382 2750 1456 χολούμενος
2805 1386 2890 1450 ἦν.
2950 1386 3036 1453 Τῷ
3090 1401 3174 1435 τοι
3207 1381 3294 1434 καὶ
3327 1379 3604 1440 ἐνστάντος
3633 1399 3760 1432 και-

2122 1473 2216 1542 ροῦ
2263 1465 2548 1542 πρεσϐείας
2605 1473 2740 1546 πρὸς
2786 1472 3030 1543 Ῥώμην,
3084 1468 3370 1545 ἀφειμένος
3399 1471 3505 1520 τῶν
3568 1463 3750 1519 ἄλλων

2119 1557 2146 1609 6
2201 1556 2452 1629 βασιλεὺς
2495 1558 2629 1614 κατά
2659 1565 2869 1634 πεῖραν,
2905 1561 3078 1630 οἶμαι,
3137 1556 3302 1611 πλέον
3362 1555 3549 1628 ἐπεῖχε
3577 1553 3754 1626 τούτῳ

2115 1644 2181 1697 τά
2230 1651 2329 1714 τῆς
2381 1641 2667 1721 πρεσϐείας
2728 1644 3089 1715 ἀναδέξασθαι.
3149 1647 3236 1706 Ὠς
3290 1642 3347 1698 δὲ
3404 1641 3752 1718 προστάσσων

2118 1730 2269 1786 οὐδὲν
2329 1731 2459 1804 ἤνυε
2487 1733 2654 1788 πλέον
2685 1739 2783 1788 τοῦ
2815 1733 2988 1789 δοκεῖν
3047 1738 3216 1812 κωφῷ
3267 1732 3627 1806 προλὲγεσθαι
3667 1731 3756 1785 καί

361 1802 451 1858 καὶ
510 1803 914 1880 ἀμφοτέρωθεν,
975 1803 1035 1862 ἔκ
1085 1830 1142 1865 τε
1203 1812 1472 1888 βασιλέως
1516 1815 1738 1870 καὶτῶν
1771 1802 2011 1895 πασχόν-
2042 1849 2085 1914 Β
2114 1841 2174 1894 γε
2202 1820 2393 1898 τυφλῷ
2437 1826 2517 1893 τῷ
2545 1823 2722 1896 τούτῳ
2756 1821 3042 1891 διανεύειν,
3088 1822 3176 1876 καὶ
3205 1824 3240 1890 ἡ
3267 1819 3411 1914 αἰτία
3437 1822 3535 1914 τῆς
3565 1839 3757 1914 παραι-

361 1894 466 1914 _.-,,_
557 1892 569 1914 ς
632 1888 759 1914 νηκκ
903 1894 915 1912 τ
964 1900 992 1912 ~
1168 1898 1180 1914 Ι
1437 1899 1451 1914 ο
1528 1903 1539 1914 .
1711 1905 1723 1914 .
1813 1907 1825 1914 .
1945 1908 1958 1914 -
2170 1909 2179 1914 -
2414 1909 2426 1914 -
2539 1911 2550 1914 -
2648 1910 2657 1914 -
2889 1911 2900 1914 _
2955 1911 2963 1914 -

359 1894 488 1961 τῶν,
550 1892 576 1944 ὁ
629 1888 802 1968 ὄχλος
858 1894 1005 1967 αὐτῶ
1037 1898 1370 1970 περιίστατο,
1432 1899 1637 1957 ἐκείνου
1671 1905 1762 1977 μὲν
1797 1907 1871 1967 ὡς
1900 1908 1997 1975 τὴν

398 1981 424 1992 υ
533 1978 549 2000 9
624 1979 634 1998 1
755 1981 769 1998 ν
856 1980 870 1991 ‘
1166 1981 1189 2003 ν
1463 1995 1491 2005 Α·
1613 1993 1627 2011 κ
1738 1995 1750 2012 \
1788 1991 1812 2011 λ
1843 1996 1854 2016 1
1948 1994 1960 2014 ἲ

357 1998 466 2032 των
499 1999 711 2034 οικειων
745 1982 1102 2045 απολωλότος
1135 2007 1366 2060 ευνοιαν,
1423 2011 1530 2043 των
1582 1989 1638 2046 δε
1667 2014 1752 2046 και
1785 2003 1835 2048 ὸι
1904 2016 2002 2049 αυ-

358 2065 449 2119 τὸν
498 2066 820 2144 πασχόντων
876 2072 949 2142 μή
1005 2071 1173 2126 ἐῶντα
1219 2076 1284 2128 τὰ
1313 2077 1661 2158 πεπραγμένα
1706 2085 1784 2152 τῷ
1816 2082 2000 2157 χρόνῳ

364 2151 578 2226 μᾶλλον
610 2153 1012 2231 ὑποχαλᾶσθαι.

358 2313 458 2373 κς’.
517 2310 596 2366 Τὰ
657 2311 792 2366 κατά
849 2314 937 2367 τὸν
1001 2313 1302 2440 λογὶρθὲτην
1358 2324 1455 2374 τοῦ
1509 2327 1720 2395 γενικοῦ
1779 2328 1996 2394 Μουζά-

1137 2409 1263 2440 ωνα.

1137 2409 1263 2442 ωνα.

429 2508 602 2561 Τοῦτο
660 2502 850 2576 ξυνάϐη
908 2508 998 2562 καὶ
1057 2509 1251 2572 ἄλλοις
1308 2511 1606 2585 πλείστοις,
1665 2513 1996 2590 ξυμϐεϐήκιι

365 2718 590 2773 fructus
621 2718 801 2790 hujus
828 2721 978 2777 495
1010 2723 1272 2795 obsequii
1308 2743 1421 2782 non
1455 2745 1667 2800 parvus
1726 2731 1811 2786 illi
1862 2749 1997 2789 con-

361 2805 531 2860 stitit.
564 2805 708 2860 Nam
745 2812 1040 2880 utcunque
1073 2828 1186 2868 non
1218 2816 1502 2884 probabat
1527 2817 1844 2890 imperator
1861 2839 1997 2877 con-

365 2893 706 2949 troversiam
737 2896 808 2950 de
838 2897 1105 2968 dogmate
1137 2903 1377 2970 moveri,
1410 2909 1464 2958 et
1493 2904 1552 2960 in
1577 2907 1736 2978 pacis
1765 2910 1994 2981 negotio

364 2978 610 3036 ulterius
641 2999 757 3037 rem
793 2986 1026 3054 provehi
1050 3004 1224 3058 quam
1245 2995 1549 3062 pactorum
1574 3002 1991 3055 conventorum

358 3085 488 3123 cum
519 3069 738 3125 Latinis
771 3074 1011 3144 praecise
1041 3079 1394 3134 tuendorum
1428 3084 1746 3140 necessitas
1790 3103 1990 3156 posce—

2113 1909 2322 1977 τήσεως
2373 1909 2470 1964 οὐκ
2526 1910 2787 1984 ἠγνόητο,
2845 1911 3032 1964 αὐτίκα
3086 1914 3259 1981 θυμοῦ
3315 1907 3437 1982 πρίν
3485 1906 3745 1980 ἐγκρατής

2110 1991 2181 2047 ὥν
2213 1997 2409 2064 ἠττᾶτε
2461 1997 2603 2065 τότε,
2661 1999 2749 2052 καὶ
2804 2003 2885 2070 τῷ
2923 1997 3142 2076 ἀδελφῷ
3189 1996 3506 2071 προστάξας,
3566 1994 3624 2047 ὃν
3655 1993 3746 2048 καὶ

2110 2082 2194 2136 ἐπὶ
2272 2088 2378 2138 τῶν
2456 2084 2766 2160 εἰσαγωγῶν
2847 2088 3012 2160 εἶχεν,
3074 2085 3278 2140 ἐκείνου
3342 2082 3747 2156 μεσιτεύσαντος

2106 2172 2203 2239 τὴν
2283 2173 2577 2244 ὑπηρεσίαν
2653 2173 2869 2238 πολλὰς
2942 2176 3032 2230 καὶ
3090 2175 3305 2250 βαρείας
3374 2173 3611 2244 ἐντείνει,
3670 2173 3746 2233 ὡς

2111 2258 2251 2330 μηδέ
2302 2263 2398 2329 τήν
2458 2262 2508 2316 ἒν
2569 2263 2726 2336 χερσὶ
2790 2265 3084 2336 βακτηριαν
3114 2266 3355 2337 συνεχῶς
3399 2259 3742 2330 πλήττουσαν

2103 2351 2182 2416 τῷ
2221 2351 2338 2402 κατ’
2380 2347 2582 2404 ἐκείνου
2635 2349 2898 2425 βασιλείῳ
2952 2353 3108 2423 θυμῷ
3159 2350 3399 2424 ἀρκέσαι,
3459 2347 3603 2403 ἀλλὰ
3653 2349 3743 2401 καὶ

2101 2437 2301 2507 ταύτης
2361 2439 2694 2510 ἀπειπούσης
2749 2444 2816 2513 τῇ
2876 2439 3092 2513 θραύσει
3150 2438 3326 2509 ἄλλην
3376 2438 3744 2514 παραληφθῆ-

2100 2543 2210 2591 ναι,
2263 2527 2325 2582 τὸ
2356 2525 2563 2598 ἐκείνης
2594 2523 2752 2603 ἔργον
2777 2527 3298 2604 ἀναπληρώσουσαν.
3361 2525 3520 2586 Ἀλλ’
3551 2525 3648 2580 οὐκ
3677 2526 3742 2598 ἦν

2373 2745 2463 2798 26.
2498 2750 2576 2800 De
2599 2745 2876 2820 logotheta
2905 2749 3165 2820 generali
3193 2747 3509 2804 Mutalone.

2176 2827 2258 2882 Ex
2316 2829 2427 2902 his,
2497 2839 2701 2903 praeter
2777 2835 2922 2890 alios
2996 2835 3278 2906 plurimos
3345 2834 3741 2890 stomachatos

2106 2913 2163 2968 in
2196 2919 2449 2974 Veccum
2477 2937 2592 2976 non
2625 2922 2888 2994 impune,
2921 2925 3034 2979 duo
3064 2941 3178 2995 prae
3220 2923 3440 2978 caeteris
3486 2923 3745 2989 fuerunt,

2104 3007 2522 3064 Constantinus
2587 3010 2912 3082 Acropolita
2968 3017 3033 3078 let
3098 3012 3439 3067 Theodorus
3495 3010 3741 3081 Muzalo,

2103 3109 2372 3163 quorum,
2429 3099 2750 3168 praesertim
2823 3100 3164 3166 Muzalonis,
3213 3117 3384 3154 casus
3459 3098 3552 3153 hic
3617 3116 3740 3155 me-

353 3161 461 3228 ret,
516 3175 744 3215 summa
812 3163 1070 3232 perstitit
1117 3167 1447 3224 constantia
1507 3170 1564 3225 in
1633 3164 2065 3247 protegendoC
2105 3161 2319 3237 morari
2375 3201 2489 3239 non
2551 3187 2655 3241 abs
2715 3203 2773 3242 re
2829 3189 3036 3262 opinor
3111 3188 3304 3242 fuerit.
3371 3187 3590 3242 Horum
3665 3187 3739 3240 il-

349 3248 552 3312 Vecco,
585 3263 781 3317 quem,
806 3253 871 3303 ut
893 3250 1032 3319 dixi,
1055 3252 1299 3323 publicas
1358 3258 1576 3326 passim
1607 3261 1991 3330 querelaetra-

348 3334 638 3388 ducebant
669 3335 838 3406 quasi
874 3337 1092 3394 fontem
1118 3347 1295 3412 atque
1337 3349 1634 3402 auctorem
1687 3351 1992 3419 perturba-

350 3425 577 3476 tionum
612 3426 1014 3494 praesentium,
1042 3428 1256 3484 idcirco
1289 3434 1444 3502 quod
1478 3435 1633 3490 haud
1684 3443 1993 3496 contentus

352 3515 643 3579 utcunque
675 3511 906 3566 tolerari
957 3517 1348 3589 usurparique
1403 3524 1803 3591 concordiam,
1851 3543 1991 3584 con-

350 3597 607 3651 tenderet
638 3597 880 3671 insuper
905 3601 1308 3661 demonstrare
1341 3614 1492 3664 recte
1514 3613 1730 3669 sentire
1755 3616 1990 3673 Latinos

346 3684 404 3737 in
440 3685 710 3756 dogmate
740 3687 812 3742 de
839 3692 1209 3758 processione
1251 3698 1440 3750 sancti
1485 3701 1760 3770 Spiritus,
1804 3722 1868 3760 ac
1897 3705 1990 3762 vix

350 3773 579 3842 culpam
613 3790 810 3830 eorum
845 3774 1024 3832 levem
1055 3789 1394 3850 agnosceret
1431 3787 1710 3844 duntaxat
1734 3791 1790 3845 in
1823 3794 1986 3848 addi-

345 3861 503 3916 tione
535 3861 606 3915 ad
640 3861 970 3933 symbolum
1006 3871 1366 3924 attentanda.
1400 3877 1517 3928 Hac
1569 3876 1989 3936 incredibiliter

349 3949 668 4005 efferabant
699 3950 1112 4024 plerorumque
1145 3957 1392 4014 animos.
1426 3961 1750 4034 Opinioque
1781 3967 1988 4024 multo-

352 4053 481 4090 rum
518 4053 629 4091 non
664 4038 1062 4098 inverisimilis
1093 4044 1222 4110 fuit,
1256 4046 1304 4100 si
1336 4047 1406 4102 ab
1459 4050 1548 4105 his
1577 4051 1800 4109 Veccus
1839 4059 1983 4111 tem-

345 4131 626 4194 perasset,
657 4127 924 4183 futurum
948 4130 1128 4186 fuisse
1152 4139 1214 4188 ut
1236 4139 1450 4191 sensim
1493 4139 1986 4200 fervor.schisma-

339 4211 412 4266 tis
447 4221 885 4270 consenesceret
915 4219 1198 4285 etfcuncta
1219 4226 1476 4294 tempore
1497 4227 1567 4281 ad
1595 4231 1983 4301 tranquillita-

341 4305 456 4356 tem
489 4310 1008 4374 componerentur.
1067 4308 1211 4364 Cum
1244 4312 1426 4382 igitur
1472 4331 1536 4370 ex
1570 4316 1660 4372 his
1708 4318 1871 4375 ﬁeret
1917 4324 1982 4377 ut

339 4390 602 4458 quotidie
643 4391 973 4448 fervidiores
1025 4397 1260 4466 quidam
1305 4400 1426 4456 zelo
1475 4403 1806 4463 inconsulto
1841 4425 1977 4479 pro-

2100 3267 2222 3323 lum
2257 3271 2492 3341 quidem
2545 3292 2575 3329 a
2608 3280 2770 3346 patre
2820 3293 3032 3348 magno
3079 3275 3374 3347 logotheta
3430 3279 3734 3344 acceptum

2096 3356 2372 3414 educarat
2429 3364 2581 3432 apud
2627 3381 2687 3418 se
2735 3363 3157 3436 iuformarique
3214 3364 3453 3436 optimis
3504 3364 3732 3419 artibus

2097 3454 2324 3500 curarat
2383 3449 2719 3520 imperator,
2769 3452 2998 3524 sibique
3070 3456 3192 3523 jam
3274 3453 3482 3506 intime
3530 3453 3731 3506 admo-

2096 3537 2220 3586 tum
2255 3535 2408 3589 496
2450 3536 2508 3590 in
2559 3539 3040 3595 familiarissimis
3074 3542 3339 3596 habebat.
3387 3541 3551 3594 Hunc
3600 3555 3730 3594 vero

2093 3621 2343 3678 ascitum
2402 3640 2470 3678 ex
2529 3627 2764 3682 militari
2835 3629 3063 3694 ordine,
3137 3637 3192 3684 et
3241 3629 3452 3684 litteris
3498 3644 3562 3682 ac
3609 3628 3731 3682 dis-

2092 3709 2321 3780 ciplinis
2343 3728 2449 3766 suo
2479 3720 2717 3784 sumptu
2743 3717 2978 3785 jussum
3001 3718 3210 3783 imbui,
3240 3718 3543 3786 logothetaa
3566 3731 3732 3786 gene-

2092 3798 2229 3853 ralis
2249 3800 2534 3871 dignitate
2553 3801 3284 3875 honoraverat;eodemque
3301 3809 3469 3859 aucto
3491 3806 3730 3874 insuper

2089 3886 2147 3940 in
2182 3889 2498 3958 potentiam
2551 3889 2829 3945 affinitate
2872 3891 3178 3962 splendida
3227 3893 3382 3962 (nam
3429 3891 3512 3944 illi
3548 3891 3725 3946 ﬁliam

2090 3974 2475 4030 Cantacuzeni
2526 3978 2688 4031 dedit
2738 3980 3068 4049 conjugem)
3116 3979 3421 4050 principali
3454 3979 3722 4033 ministro

2087 4059 2144 4114 in
2181 4061 2545 4132 publicarum
2574 4083 2761 4120 rerum
2788 4067 3209 4134 gubernatione
3233 4069 3522 4132 utebatur,
3550 4071 3723 4136 atque

2086 4149 2144 4202 in
2171 4150 2492 4220 Acropolita
2514 4153 2751 4224 quidem
2793 4155 3126 4210 ulciscendo
3166 4155 3312 4210 iram
3347 4156 3403 4209 in
3438 4159 3724 4226 potestate

2087 4254 2255 4292 suam
2306 4238 2531 4303 habuit,
2588 4259 2703 4296 non
2759 4242 3006 4298 ulterius
3055 4243 3298 4298 saviens
3356 4260 3532 4315 quam
3585 4259 3720 4298 eum

2085 4325 2364 4396 privando
2413 4327 2537 4383 loco
2586 4329 2783 4398 gratia;
2831 4347 3002 4402 quem
3059 4331 3220 4402 prius
3263 4331 3547 4385 tribuerat
3602 4335 3659 4385 et
3688 4349 3722 4386 a

2086 4431 2189 4468 sua
2221 4414 2613 4472 familiaritate
2643 4420 3028 4474 removendo:
3072 4421 3130 4473 in
3162 4421 3515 4475 Muzalonem
3567 4425 3721 4474 totas

335 4483 678 4549 rumperent
718 4481 787 4534 ad
824 4484 1150 4552 negandam
1202 4486 1539 4558 imperatori
1587 4494 1974 4552 obedientiam
2006 4501 2053 4564 D
2088 4501 2346 4558 habenas
2377 4505 2692 4561 iracundiae
2721 4507 2954 4561 laxavit.
2989 4507 3130 4562 Cum
3180 4509 3333 4562 enim
3385 4524 3516 4562 eum
3550 4524 3716 4562 occa-

343 4564 401 4618 in
445 4566 517 4619 iis
566 4584 692 4637 quae
746 4569 813 4622 ad
870 4571 1290 4629 observandam
1343 4595 1542 4649 pacem
1588 4581 1754 4652 juxta
1804 4591 1970 4654 pacta

335 4654 767 4726 praescribebat,
799 4655 1091 4729 iidemque
1124 4661 1514 4732 patriarcham
1555 4671 1864 4743 transfugii
1899 4674 1970 4727 ad

336 4745 532 4812 partes
566 4742 897 4799 Latinorum
949 4747 1422 4822 criminarentur,
1464 4742 1968 4826 imperatoricon-

332 4829 512 4882 temni
545 4846 608 4884 se
639 4831 1034 4888 inobedientia
1065 4837 1440 4895 subditorum
1471 4843 1792 4912 patientius
1825 4847 1969 4903 tole-

331 4916 575 4982 rans,ita
597 4919 1004 4975 exardescebat
1026 4939 1127 4992 pro
1147 4926 1476 4995 patriarcha
1497 4935 1558 4983 ut
1580 4932 1725 4986 istas
1752 4934 1808 4988 in
1834 4952 1966 4992 eum

327 5005 580 5073 jactatas
607 5007 1009 5063 accusationes
1045 5017 1227 5068 morte
1261 5016 1426 5084 pejus
1468 5021 1716 5074 aversari
1741 5022 1963 5078 videre-

332 5095 444 5144 tur.
480 5095 618 5145 Cum
654 5097 848 5148 autem
881 5095 988 5150 hoc
1021 5100 1256 5155 nomine
1285 5103 1656 5161 vehementer
1692 5107 1966 5167 irascere-

327 5182 421 5232 tur
460 5179 685 5232 cunctis
736 5195 804 5235 ex
843 5199 1192 5256 quocunque
1240 5190 1439 5244 ordine
1489 5211 1553 5247 ac
1593 5211 1825 5265 genere,
1861 5201 1961 5272 qui

327 5266 466 5321 talia
487 5274 1076 5336 murmurarent,tum
1101 5273 1589 5345 impotentissime
1611 5283 1958 5356 indignaba-

329 5361 426 5409 tur
455 5357 681 5426 quolies
713 5357 768 5411 id
825 5357 951 5413 illos
996 5377 1160 5430 agere
1207 5365 1456 5434 videbat,
1491 5385 1636 5440 quos
1680 5372 1960 5432 charitate

326 5445 617 5516 praecipua
639 5447 975 5519 complexus
1015 5451 1320 5508 educasset
1346 5473 1378 5510 a
1409 5459 1624 5527 pueris,
1657 5463 1959 5521 extulisset

329 5533 670 5597 honoribus,
704 5535 948 5606 ideoque
980 5538 1048 5592 ad
1084 5539 1313 5610 quidvis
1362 5545 1472 5599 sibi
1513 5548 1951 5620 obsequendum

325 5621 662 5692 ingentibus
688 5623 800 5679 sibi
829 5630 1156 5684 auctoratos
1190 5631 1485 5691 beneficiis
1516 5638 1789 5696 crederet.

2080 4590 2240 4645 sione
2298 4593 2441 4645 forte
2500 4594 2755 4648 instante
2813 4594 3080 4649 mittendi
3155 4593 3376 4665 legatos
3447 4599 3713 4662 Romam,

2081 4677 2440 4749 explorandi,
2475 4684 2537 4734 ut
2573 4681 2799 4751 opinor,
2833 4684 2960 4752 ejus
3009 4683 3183 4737 animi
3227 4683 3415 4753 gratia
3468 4700 3580 4754 prae
3610 4700 3717 4737 cae-

2080 4767 2218 4822 teris
2250 4766 2556 4823 invitasset
2587 4770 2656 4824 ad
2680 4770 2850 4826 istam
2877 4770 3224 4842 legationem
3249 4772 3709 4842 suscipiendam,

2077 4859 2133 4908 et
2191 4855 2287 4910 ille
2346 4861 2578 4928 propter
2628 4859 2896 4914 videlicet
2937 4860 3213 4915 omnibus
3261 4866 3456 4916 notam
3505 4862 3632 4930 ejus
3677 4879 3710 4916 a

2082 4943 2295 4998 Latiﬁis
2327 4951 2382 4999 et
2413 4963 2445 5000 a
2479 4949 2786 5004 concordia
2815 4966 2946 5003 cum
2996 4949 3143 5021 ipsis
3192 4953 3550 5005 aversionem
3602 4951 3705 5003 ad-

2074 5031 2300 5087 mittere
2334 5035 2628 5104 przefracte
2654 5043 3001 5106 recusasset,
3028 5055 3093 5092 ac
3120 5056 3190 5094 ne
3214 5039 3438 5095 iteratis
3466 5041 3700 5110 quidem

2073 5121 2226 5189 apud
2257 5122 2452 5191 ipsum
2485 5124 2554 5178 de
2586 5123 2693 5178 hoc
2722 5124 3016 5180 instantiis
3058 5127 3186 5198 plus
3222 5130 3558 5198 profecisset
3590 5128 3700 5182 im-

2069 5212 2301 5276 perator
2329 5226 2504 5279 quam
2534 5213 2581 5265 si
2615 5214 2792 5267 surdo
2816 5218 3046 5269 caneret
3074 5219 3175 5269 aut
3214 5215 3480 5270 innueret
3526 5231 3698 5284 caeco,

2071 5295 2138 5348 ad
2200 5301 2518 5353 extremum
2571 5303 2728 5356 omni
2785 5319 3030 5358 excussa
3078 5303 3255 5373 priori
3306 5303 3696 5358 moderatione

2067 5385 2510 5451 excandescens,
2542 5389 2773 5444 fratrem
2799 5391 3128 5461 ejus,quem
3157 5389 3266 5442 sibi
3310 5389 3692 5444 admissionu-

2066 5468 2176 5526 lem
2209 5471 2390 5542 ipsius
2423 5479 2924 5534 commendatione
2949 5479 3179 5542 fecerat,
3211 5478 3456 5531 accitum
3503 5479 3687 5530 corri-

2064 5576 2195 5631 pere
2220 5561 2429 5618 fustem
2454 5566 2623 5634 jubet
2644 5585 2935 5638 suumque
2955 5582 3292 5639 germanum
3326 5563 3687 5621 validissime

2060 5647 2312 5717 pulsare.
2346 5651 2500 5709 Fecit
2543 5654 2599 5710 id
2648 5657 2744 5715 ille
2788 5678 2901 5719 non
2950 5668 3358 5738 perfunctorie,
3390 5657 3685 5735 spectanta
