4110 6280
501 337 608 389 959

1800 336 2094 390 GEORGII
2134 337 2371 389 PACHY
2374 336 2424 385 Μ
2431 337 2591 388 ERB

3800 337 3906 389 960

505 459 690 531 ἐκείνῳ
718 460 785 514 τὰ
809 466 907 529 τῆς
938 462 1205 537 τιμωρίας
1254 462 1307 523 ἐς
1336 460 1481 529 τόδε,
1514 460 1657 516 ἀλλά
1707 461 1790 515 καὶ
1836 459 1941 513 ἀπὸ
1972 477 2138 531 προσ·
2169 461 2223 526 Α
2254 455 2435 525 ἤθελε,
2491 456 2744 531 βασιλεὺς
2777 454 2832 509 δὲ
2881 455 2940 509 οὐ
2996 456 3055 509 τὸ
3085 455 3166 532 ἐφ’
3210 458 3397 511 ἑαυτοῦ
3431 457 3587 527 μόνον
3645 460 3905 533 προορώο

505 549 657 601 ώπου
709 547 879 602 ἐποίει
928 550 1015 602 καὶ
1056 556 1153 618 τῆς
1195 556 1303 604 τῶν
1350 554 1546 604 κοινῶν
1597 547 1863 623 μεσιτείας
1914 567 2141 620 παρακι-

499 641 609 690 νεῖν
642 635 740 690 οὖκ
768 636 1026 691 ἀπώκνει.
1062 638 1158 691 Καὶ
1192 637 1613 714 παρεωραμένος
1668 636 1892 692 διετέλει
1946 636 2143 709 μέχρις

501 725 562 779 οὗ
595 724 977 799 οἷκειοχείροις
1025 725 1343 802 ἀσφαλείαις
1378 729 1453 799 μὴ
1490 728 1653 799 μόνον
1698 727 2010 799 πορσήκατο
2040 725 2137 790 τὴν

498 812 742 885 εἰρήνην,
802 812 947 868 ἀλλὰ
1002 814 1090 867 καὶ
1155 813 1320 869 πλέον
1376 818 1440 883 ἦν
1498 811 1742 887 ἕτοιμος,
1803 813 1847 866 εἰ
1898 810 2136 879 κελεύοι,

499 900 772 972 πράττειν.
824 903 883 957 Ὁ
927 900 985 955 δὲ
1028 908 1144 965 τοῖς
1178 904 1271 974 μὲν
1323 907 1587 976 παροῦσιν
1635 900 1993 975 ἀρκούμενος,
2051 898 2137 953 ἐπὶ

499 986 556 1043 δὲ
600 989 661 1043 τὸ
712 988 878 1043 πλέον
930 990 1133 1044 ἐκείνου
1181 993 1271 1062 μὲν
1320 990 1615 1063 καταγνοὺς
1667 988 1823 1057 δῆθεν
1865 990 1939 1049 ὡς
1970 1008 2136 1042 κατα-

495 1078 794 1151 ψυχθέντος
847 1078 938 1132 τὸν
1000 1078 1203 1147 ζῆλον,
1262 1079 1446 1133 ἑαυτὸν
1507 1078 1563 1133 δὲ
1620 1076 1749 1150 μηδ’
1807 1076 2133 1151 ἀνεχόμενον

492 1170 766 1239 παριστῶν
802 1167 946 1227 ὅλως
984 1162 1333 1241 παραϐαίνειν
1384 1166 1550 1221 πλέον
1579 1172 1685 1221 τῶν
1740 1166 2134 1239 συγκειμένων,

495 1251 781 1325 δεξάμενος
848 1253 998 1317 αὖθις
1073 1260 1189 1317 τοῖς
1254 1260 1542 1329 πραχθεῖσι
1626 1254 1809 1327 μόνοις
1882 1253 2133 1325 ἐμμένειν

494 1342 811 1415 ἐπήγγειλε.

487 1504 585 1571 κζ’.
662 1504 849 1579 Ὅπως
922 1502 981 1557 ἐκ
1056 1501 1259 1579 δόσεως
1340 1503 1661 1579 ὑπέστρεφεν
1719 1504 1777 1579 _6
1850 1508 2131 1577 Πορφυρο·

734 1576 1011 1648 γέννητος,
1043 1575 1133 1629 καὶ
1161 1576 1226 1629 τὰ
1255 1576 1388 1628 κατὰ
1412 1572 1514 1628 τὸν
1536 1572 1883 1641 Κὶπτανίτζην.

558 1698 639 1767 [Ρ.
674 1698 798 1769 339]
849 1700 962 1752 Τοὖ
1021 1695 1067 1750 δ’
1123 1698 1287 1751 αὐτοῦ
1346 1695 1498 1760 ἔτους
1556 1695 1874 1772 ὑποστρέφει
1934 1696 2027 1767 μὲν
2082 1695 2131 1764 ἐξ

484 1783 754 1853 ἀνατολῆς
830 1786 857 1838 6
937 1784 1189 1859 βασιλεὺς
1265 1783 1635 1859 Ἀνδρόνικος,
1693 1786 1791 1852 τὴν
1846 1780 2127 1837 δέσποιναν

482 1870 652 1927 ἐκεῖσε
698 1872 1035 1940 καταλιπὼν,
1069 1873 1298 1947 ἀνήγετο
1332 1871 1387 1927 δὲ
1437 1874 1541 1945 πρὸ
1588 1870 1783 1926 τούτου
1831 1869 1919 1925 καὶ
1950 1869 2009 1925 ἐκ
2039 1867 2129 1923 δύ-

487 1981 623 2021 σεως
671 1962 698 2014 6
740 1962 1275 2038 Πορφυρογέννητος,
1321 1959 1473 2015 οὐδὲν
1522 1961 1597 2022 εἷς
1641 1959 1903 2035 τρόπαιον
1953 1959 2126 2035 φέρων

479 2050 514 2117 ἢ
542 2050 632 2102 τὸν
666 2049 991 2119 Κοτανίτζην
1050 2050 1151 2104 ὑπὸ
1198 2055 1359 2124 χεῖρα
1402 2050 1769 2120 ποιησάμενος
1803 2046 2128 2121 ὁμολογίαις

476 2132 720 2209 ἐνὸρκοις
750 2142 845 2191 τοῦ
896 2136 1066 2210 μηδέν
1096 2159 1147 2191 τι
1180 2140 1368 2192 παθεῖν
1402 2138 1462 2191 ἐκ
1497 2136 1765 2208 βασιλέως
1803 2136 2124 2205 ἀνήκεστον.

486 2224 639 2278 Καὶὸ
704 2226 797 2297 μὲν
856 2224 1103 2298 ἐμμένων
1161 2231 1277 2287 τοῖς
1332 2224 1515 2300 ὅρκοις
1571 2224 1622 2286 ἐς
1674 2224 1832 2284 τέλος
1886 2223 2123 2296 εὐορκεῖν

473 2440 850 2511 instanteque
893 2443 1011 2495 tam
1063 2440 1493 2511 inexplebiliter
1545 2441 1823 2510 Augusto,
1876 2441 1941 2491 ut
1988 2452 2121 2491 cum

470 2527 719 2583 baculus
777 2528 836 2582 in
895 2528 1199 2583 tundentis
1259 2544 1435 2582 manu
1488 2527 1855 2581 vehementia
1896 2525 2119 2579 ictuum

476 2618 697 2670 fractus
737 2614 1076 2669 dissiliisset
1104 2616 1163 2669 in
1215 2616 1420 2685 frusta,
1471 2615 1732 2669 nondum
1780 2614 1867 2668 ira
1908 2613 2122 2667 satiata

475 2703 628 2758 sumi
663 2702 911 2757 alterum
954 2702 1196 2772 jusserit
1244 2702 1565 2774 plagasque
1596 2701 1977 2757 aceumulari.
2008 2700 2117 2755 Ne-

475 2806 587 2861 que
618 2790 712 2844 hic
744 2790 961 2846 infelici
996 2790 1285 2845 malorum
1319 2791 1474 2845 ﬁnis.
1526 2790 1806 2845 Eumdem
1857 2793 1914 2844 et
1947 2806 1981 2843 a
2009 2804 2117 2843 suo

481 2882 791 2949 conspectu
820 2882 875 2933 et
906 2879 977 2933 ab
1007 2880 1513 2934 administratione
1537 2895 1731 2933 rerum
1773 2880 2018 2931 amovet.
2054 2878 2114 2930 In

480 2982 659 3036 eoque
677 2967 804 3034 ejus
827 2968 1099 3036 despectu
1135 2967 1542 3036 perseveravit,
1578 2967 1764 3037 quoad
1802 2964 1896 3018 ille
1927 2963 2116 3017 victus

473 3054 646 3108 malis
676 3060 732 3109 et
763 3054 973 3125 prioris
1006 3056 1252 3109 fortuna;
1274 3054 1629 3109 desiderium
1674 3068 1787 3105 non
1823 3056 2010 3106 terens
2043 3052 2111 3104 ad

2253 566 2408 618 μενος
2461 543 2537 606 εἴς
2594 566 2651 599 τε
2705 548 2802 613 τὴν
2863 544 2953 598 ἀπ’
2984 544 3185 599 ἐκείνου
3230 542 3476 599 δουλείαν
3524 548 3611 600 καὶ
3666 550 3736 601 τὸ
3780 549 3900 617 ἑξῆς

2247 634 2379 708 πρὸς
2430 631 2635 687 εὔνοιαν
2669 630 3005 702 ἀδολίευτον,
3054 631 3196 687 ἀλλὰ
3244 634 3331 686 καὶ
3376 633 3442 687 τὰ
3470 633 3565 707 ὀψε
3611 640 3733 688 τῶν
3768 657 3898 689 και-

2248 726 2354 797 ρῶν
2429 722 2797 794 σκοπούμενος
2873 719 3171 797 ἐγτυφλοῦν
3248 716 3521 776 ἐϐούλετο·
3585 722 3741 794 μηδέ
3798 727 3891 798 γὰρ

2247 809 2405 863 αὐτὸν
2459 810 2700 882 ὀμνύειν,
2758 810 2829 871 ὡς
2858 808 3135 881 ἐπιορκίας
3189 811 3413 879 ἁλῶναι,
3474 808 3618 865 ἀλλὰ
3648 812 3750 865 τὸν
3783 813 3891 867 υἱὸν

2248 899 2378 973 ὑπὲρ
2435 899 2603 952 αὐτοῦ
2662 895 2801 971 μηδὲ
2848 902 3218 958 συκέαινοῦντος
3278 896 3445 959 ὅλως.
3478 899 3581 955 Τὸν
3633 897 3698 953 δὲ
3730 902 3890 954 κακὸν

2243 986 2496 1061 προεώρα
2546 988 2734 1057 κακὸν,
2792 985 2852 1039 οὗ
2912 988 3094 1057 Θεσμῷ
3156 984 3425 1057 μαντείας,
3485 986 3634 1041 ἀλλὰ
3691 995 3889 1061 φυσικῇ

2241 1076 2433 1149 γνώσει
2494 1079 2744 1149 προορῶν
2805 1075 2866 1129 τὸ
2926 1072 3155 1146 μέλλον·
3203 1074 3293 1127 τόν
3344 1075 3445 1148 γὰρ
3480 1080 3574 1129 τοῦ
3607 1075 3891 1149 λῃστεύειν

2243 1164 2318 1224 εἷς
2353 1170 2540 1237 πεῖραν
2584 1163 2787 1231 ἥκοντα
2838 1161 3005 1234 μηδὲν
3068 1164 3263 1237 ὁρμαῖς
3322 1162 3505 1237 ἑτέρου
3556 1163 3894 1219 δουλεύοντα

2242 1253 2550 1326 ἀγαπῆσαι.
2606 1253 2692 1312 Ὠς
2753 1256 2882 1325 γοῦν
2946 1251 3285 1322 ἀμεταθέτως
3345 1253 3485 1326 εἶχεν
3548 1254 3574 1307 6
3637 1252 3895 1327 βασιλευς

2241 1340 2328 1394 ἐπὶ
2387 1340 2585 1411 τούτῳ,
2644 1341 2733 1393 καὶ
2790 1339 2879 1393 τὸν
2941 1339 3056 1393 υἱὸν
3115 1339 3239 1401 τους
3291 1339 3483 1413 ὅρκους
3533 1342 3893 1415 προτείνοντα

2241 1426 2387 1490 ὅλως
2436 1426 2711 1499 ἐπιορκίας
2762 1425 3083 1495 ἀπήλλαττε
3154 1426 3346 1500 λόγοις
3401 1427 3582 1498 (αὐτὸν
3650 1430 3744 1482 καὶ
3796 1429 3889 1503 γὰρ

2240 1514 2526 1588 φυλάττειν
2554 1515 2678 1576 τοὺς
2714 1514 2906 1589 ὅρκους
2936 1515 3009 1576 ὡς
3059 1512 3199 1587 μηδὲ
3247 1513 3579 1589 προδιδόντα
3621 1519 3660 1586 ἢ
3722 1538 3891 1571 συναι-

2237 1608 2432 1658 κοῦντα
2476 1604 2538 1657 τὸ
2593 1602 2830 1675 σύμπαν,
2885 1602 3073 1675 ἐκείνῳ
3133 1602 3179 1657 δ’
3211 1599 3324 1660 ὄντι
3380 1610 3487 1659 τῶν
3521 1606 3708 1679 ὅρκων
3742 1603 3888 1660 ἐλευ-

2240 1694 2380 1765 θέρῳ
2455 1689 2748 1753 ἀκινδύνως
2822 1694 3074 1766 πράττειν
3127 1692 3384 1765 ἐξεῖναι),
3441 1693 3697 1747 ἀπειπὼν
3761 1696 3889 1767 πρὸς

2238 1779 2361 1842 τοὺς
2414 1778 2614 1854 λόγους
2665 1780 2753 1834 καὶ
2782 1781 2879 1848 τὴν
2945 1780 3076 1855 ὑπὲρ
3114 1786 3211 1835 τοῦ
3254 1782 3435 1835 ἱκέτου
3463 1783 3705 1836 ἱκετείαν
3742 1783 3887 1837 ἀσθε-

2239 1871 2426 1921 νοῦσαν
2463 1868 2600 1941 ὑρῶν
2652 1869 2680 1921 6
2729 1865 3017 1940 δεξάμενος
3069 1866 3275 1943 βουλὴν
3328 1868 3523 1945 εἰσάγει
3569 1874 3654 1940 τῷ
3710 1868 3890 1925 κινδυ-

2237 1955 2444 2010 νεύοντι
2496 1962 2816 2031 καταφυγεῖν
2865 1958 3001 2030 πρὸς
3050 1957 3113 2010 τὸ
3155 1956 3333 2012 Μέλαν
3377 1959 3467 2011 καὶ
3516 1960 3581 2011 τὰ
3625 1964 3744 2013 τῶν
3794 1980 3890 2031 μο-

2237 2048 2420 2118 ναχῶν
2476 2046 2833 2120 ἀμφιέσασθαι
2870 2088 2883 2115 ,
2940 2041 2994 2097 εἷ’
3044 2049 3161 2106 πώς
3220 2044 3452 2100 ἐντεῦθεν
3513 2048 3755 2116 σωθείη·
3816 2052 3885 2118 τῷ

2237 2132 2339 2207 γὰρ
2400 2135 2533 2204 ἅπαξ
2609 2134 2675 2186 τὰ
2742 2137 2838 2187 τοῦ
2896 2132 3106 2205 κόσμου
3182 2132 3504 2209 ὁμολογίαις
3554 2135 3883 2207 ἆποθεμένῳ

2236 2227 2485 2297 φρικταῖς
2519 2223 2593 2293 μὴ
2627 2219 2688 2275 ἂν
2726 2242 2844 2275 τινα
2894 2219 3115 2276 δυνατὸν
3161 2222 3291 2276 εἶναι
3342 2222 3594 2287 ὑπόπτως
3625 2220 3782 2299 ἔχειν
3814 2225 3881 2285 ὡς

2230 2436 2535 2491 Occidente
2566 2436 3120 2508 Porphyrogenitus,
3166 2438 3314 2492 nihil
3362 2439 3432 2493 ad
3475 2442 3768 2509 tropaeum
3802 2441 3875 2495 fe-

2230 2540 2386 2579 rens.
2413 2524 2537 2578 Non
2561 2523 2715 2578 enim
2741 2524 2886 2579 bello
2926 2525 3163 2590 vicerat,
3193 2527 3291 2580 sed
3341 2526 3496 2581 ultro
3536 2528 3868 2597 subjectum

2230 2610 2506 2681 potestati
2536 2612 2665 2680 ejus
2686 2612 3039 2667 Cotanitzam
3063 2629 3260 2668 secum
3289 2614 3533 2679 ducens,
3558 2620 3865 2686 postquam

2228 2700 2279 2753 ei
2303 2700 2687 2769 jurejurando
2727 2705 2957 2755 caverat
2997 2701 3143 2755 nihil
3179 2700 3344 2756 illum
3371 2717 3545 2771 grave
3574 2703 3652 2757 ab
3688 2705 3867 2774 impe-

2228 2794 2417 2843 ratore
2475 2806 2807 2858 passurum.
2883 2794 2953 2843 Ac
3028 2790 3557 2861 Porphyrogenitus
3631 2793 3859 2863 quidem

2226 2882 2511 2945 quantum
2547 2892 2603 2930 In
2632 2877 2759 2947 ipso
2790 2881 2933 2946 erat,
2967 2882 3236 2947 praestare
3278 2879 3531 2947 juratam
3590 2880 3767 2935 ﬁdem
3798 2882 3856 2934 ad

2225 2969 2549 3018 extremum
2581 2963 2827 3019 volebat.
2864 2966 3180 3034 Imperator
3229 2971 3425 3019 autem
3457 2967 3845 3022 turbulentum

2224 3052 2530 3105 Cotanitzaa
2573 3050 2874 3121 ingenium
2919 3052 3067 3106 satis
3101 3058 3471 3123 perspectum
3532 3054 3751 3110 habens
3796 3060 3841 3109 et

470 3158 668 3213 preces
700 3142 933 3196 inﬁmas
973 3142 1295 3208 descendit,
1339 3140 1747 3209 declarataque
1808 3154 2110 3210 perperam
2142 3182 2184 3248 α
2233 3157 2569 3211 quanquam
2601 3140 2659 3194 in
2696 3142 2999 3209 prasentia
3034 3141 3179 3195 nihil
3211 3142 3283 3195 ab
3314 3158 3379 3196 eo
3411 3142 3748 3199 timendum
3779 3143 3848 3196 vi-

477 3233 725 3248 --a____n_-
783 3228 1110 3248 n4,,,,!A__L£,
1175 3233 1220 3248 ,ι
1273 3227 1494 3248 ἷὶΙ-..-ἓ-
1542 3226 1702 3248 ---.--2
1750 3226 1994 3248 ---Δεμ---
2047 3241 2108 3248 Α-
2229 3228 2379 3248 Δ--.-ι
2436 3229 2487 3248 _'_
2529 3232 2818 3248 ___1-__‘__
2852 3227 3214 3248 _..____!j_,-1-u
3251 3245 3293 3248 n-_
3322 3234 3434 3248 ειη-
3757 3240 3765 3248 .
3811 3237 3819 3248 ι

471 3233 733 3283 actorum
782 3228 1139 3300 pmnitentia,
1170 3233 1225 3281 et
1273 3227 1497 3282 idoneis
1536 3226 1704 3297 quasi
1750 3226 1996 3280 vadibus
2046 3241 2109 3278 ac

468 3316 813 3386 pignoribus
844 3316 913 3369 de
954 3332 1016 3369 se
1059 3316 1232 3383 datis,
1283 3314 1637 3369 exhibitione
1686 3313 2107 3367 contrariorum

466 3419 707 3473 operum
738 3410 795 3459 et
824 3420 1133 3469 sensuum,
1168 3404 1338 3457 fidem
1374 3402 1647 3473 promissi
1692 3402 1825 3455 fecit
1876 3417 1990 3471 quo
2048 3418 2109 3456 se

467 3493 871 3563 obstringebat
890 3509 1001 3545 non
1026 3491 1215 3546 solum
1238 3492 1307 3545 ad
1325 3490 1598 3559 deinceps
1612 3489 2105 3560 acquiescendum

466 3580 614 3650 paci,
640 3580 811 3635 sedet
841 3580 890 3635 si
924 3580 1061 3651 quid
1109 3579 1354 3634 ulterius
1394 3596 1459 3634 eo
1492 3579 1547 3632 in
1600 3595 1808 3649 genere
1850 3581 2107 3649 Augusto

466 3668 627 3722 cordi
671 3673 845 3737 esset,
898 3669 1043 3722 citra
1102 3667 1280 3721 ullam
1341 3666 1735 3738 exceptionem
1798 3666 1942 3719 497
2008 3669 2109 3719 aut

466 3771 689 3809 moram
739 3756 1262 3825 obtemperandum
1313 3755 1539 3809 cunctis
1588 3770 1715 3823 qum
1740 3752 1993 3822 juberet,
2046 3752 2101 3804 in

464 3842 574 3897 hoc
605 3860 838 3914 quoque
890 3843 1129 3909 nimius,
1182 3848 1245 3897 ut
1274 3843 1585 3912 imperator
1635 3842 1759 3911 ipse
1791 3838 2100 3907 judicavit,

467 3930 569 4001 qui
600 3932 750 4000 quod
798 3932 1143 3986 efferebatur
1191 3935 1432 3985 eatenus
1479 3930 1764 3983 duntaxat
1810 3926 2102 3996 accipiens

466 4026 532 4073 ut
562 4019 923 4074 Muzalonem
957 4024 1219 4089 perstare
1262 4018 1538 4088 deinceps
1586 4017 1643 4071 in
1680 4015 1914 4071 statutis
1946 4015 2101 4070 circa

464 4124 667 4179 pacem
696 4107 1085 4162 Eeclesiarum
1136 4107 1433 4177 gauderet,
1482 4104 1829 4175 improbavit
1858 4104 2011 4173 apud
2041 4120 2099 4158 se

462 4195 715 4266 graviter
764 4196 1244 4266 praeparationem
1297 4194 1476 4247 animi
1535 4209 1708 4262 quam
1755 4192 2095 4246 ostendebat

458 4285 529 4339 ad
565 4283 830 4350 ulterius,
866 4284 913 4337 si
941 4285 1271 4353 juberetur,
1322 4281 1838 4351 progrediendum,
1888 4281 1945 4333 in
1979 4296 2092 4349 quo

458 4369 973 4434 animadvertebat,
1002 4386 1113 4423 non
1153 4368 1279 4421 sine
1321 4368 1489 4421 tacito
1541 4370 1897 4435 contemptu,
1933 4365 2093 4419 refri-

456 4456 611 4511 xisse
640 4457 827 4511 zelum
861 4459 987 4526 ejus
1021 4472 1207 4526 usque
1238 4456 1307 4509 nd
1357 4454 1769 4509 relaxationem
1823 4471 2087 4508 necessa-

2223 3228 2403 3296 deret,
2436 3229 2493 3281 in
2529 3232 2823 3297 posterum
2852 3227 3219 3297 providenter
3250 3234 3516 3284 metuens
3541 3248 3611 3285 ne
3638 3237 3855 3303 captato

2222 3317 2536 3387 aliquando
2589 3322 2850 3387 tempore
2906 3318 3201 3387 negotium
3264 3318 3477 3373 hrcredi
3522 3320 3853 3386 facesseret,

2220 3405 2599 3475 depositaque
2648 3404 2911 3474 obsequii
2960 3404 3139 3470 larva,
3192 3422 3366 3476 quam
3426 3407 3476 3461 ei
3526 3408 3853 3479 desperatio

2220 3508 2408 3544 rerum
2443 3507 2677 3545 suarum
2714 3491 2927 3545 utiliter
2959 3494 3129 3546 modo
3165 3492 3472 3561 induisset,
3518 3495 3585 3548 ad
3620 3496 3853 3549 fraudes

2220 3440 2599 3475 υυμυυιιαιιυυ
2648 3440 2911 3474 υυουιίυιι
2961 3440 3139 3470 ιαινςι,
3192 3440 3366 3476 quau:
3426 3440 3476 3461 σι
3526 3440 3853 3479 υιῖδγῠιαιιυ

2220 3508 2408 3544 rerum
2443 3507 2677 3545 suarum
2714 3491 2927 3545 utiliter
2959 3494 3129 3546 modo
3165 3492 3472 3561 induisset,
3518 3495 3585 3548 ad
3620 3496 3853 3549 fraudes

2216 3578 2631 3646 perﬁdiamque
2661 3576 2861 3631 solitas
2907 3577 3317 3642 revolveretur,
3366 3586 3703 3648 praevertere
3736 3583 3846 3635 for-

2218 3665 2493 3700 ηηςτιηιοηπ
2518 3665 2828 3700 mmmam
2855 3666 3108 3700 οηαηηηις
3136 3666 3733 3700 ηηηςιςοονηωηηιιηηη
3758 3686 3840 3700 ,ην

2217 3665 2496 3719 midatam
2518 3665 2829 3735 perniciem
2855 3666 3110 3736 suspecti
3136 3666 3341 3737 capitis
3354 3668 3736 3724 excaecatione
3757 3686 3845 3723 eu-

2216 3753 2427 3821 piebat.
2458 3753 2571 3807 Nec
2614 3753 2769 3806 enim
2821 3769 2934 3823 quo
2987 3754 3179 3807 minus
3218 3753 3274 3807 id
3321 3760 3531 3824 ageret,
3567 3756 3841 3827 religione

2213 3841 2561 3895 sacramenti
2597 3857 2659 3894 se
2684 3842 2867 3895 teneri
2916 3841 3260 3907 disserebat,
3295 3842 3495 3912 utique
3542 3860 3674 3897 cum
3731 3862 3837 3898 non

2212 3928 2335 3997 ipse
2359 3930 2643 3998 jurasset,
2679 3929 2775 3984 sed
2832 3928 3051 3998 absque
3077 3929 3251 3998 jussu
3299 3946 3707 4001 consensuque
3736 3948 3835 3985 suo

2212 4016 2404 4082 ﬁlius;
2437 4016 2529 4070 cui
2564 4017 2714 4070 498
2766 4017 3060 4071 sufﬁceret
3107 4018 3177 4070 ad
3226 4018 3631 4073 exsolvendam
3667 4021 3830 4074 ﬁdem

2209 4106 2500 4159 abstinere
2543 4106 2733 4175 ipsum
2786 4122 2818 4158 a
2866 4105 3129 4175 supplice
3180 4106 3503 4174 multando,
3538 4125 3651 4163 non
3676 4111 3742 4161 ad
3776 4125 3829 4162 se

2208 4199 2482 4262 praeterea
2513 4192 2797 4263 pertinere
2824 4193 3225 4262 arbitrantem,
3277 4195 3325 4248 si
3354 4196 3492 4265 quid
3543 4196 3701 4250 aliud
3733 4214 3825 4250 suo

2204 4282 2456 4351 quodam
2490 4279 2731 4335 consilio
2766 4286 2926 4350 pater
2965 4282 3314 4338 decerneret.
3349 4284 3477 4337 Mali
3504 4302 3671 4355 porro
3704 4303 3819 4356 pra-

2200 4370 2370 4440 vique
2424 4369 2719 4423 hominem
2788 4369 2965 4423 animi
3023 4375 3079 4424 et
3127 4386 3253 4424 esse
3299 4376 3355 4425 et
3400 4372 3519 4426 fore
3567 4372 3810 4427 Cotanit-

2201 4474 2325 4511 zam
2378 4474 2477 4527 pro
2524 4461 2680 4511 certo
2731 4457 2980 4511 habebat
3036 4459 3370 4526 imperator,
3423 4476 3535 4513 non
3600 4464 3803 4515 edoctus

459 4545 555 4598 riae
588 4544 946 4608 constantiae,
980 4561 1156 4615 quam
1188 4544 1247 4597 in
1282 4545 1455 4598 rebus
1489 4542 1785 4612 religionis
1818 4542 2089 4596 invictam
2124 4531 2166 4594 D
2199 4546 2432 4599 oraculo
2465 4550 2566 4598 aut
2597 4545 2950 4599 vaticinandi
3000 4550 3363 4601 monstrante
3410 4548 3480 4615 vi,
3530 4550 3630 4603 sed
3664 4556 3808 4603 natu-

458 4632 725 4686 exhibere
756 4632 1067 4686 Christiani
1102 4636 1191 4686 est
1220 4631 1416 4685 ofﬁcii.
1461 4632 1586 4700 Ipse
1640 4647 1808 4700 porro
1840 4630 2091 4699 imperav

456 4723 548 4773 tor
578 4724 633 4773 et
664 4724 801 4773 tunc
831 4724 886 4774 et
912 4736 1143 4789 semper
1175 4718 1315 4773 alias
1366 4737 1477 4773 orae
1510 4735 1570 4773 se
1601 4718 1733 4773 lulit
1778 4718 2088 4773 abhorrere

453 4806 692 4861 omnino
717 4823 777 4861 se
801 4824 833 4860 a
872 4808 1003 4877 plus
1038 4807 1406 4861 concedendo
1440 4807 1658 4861 Latinis
1701 4824 1873 4878 quam
1903 4824 2088 4877 quan-

447 4900 574 4948 tum
628 4899 794 4948 erant
851 4894 1332 4948 conventionibus
1383 4894 1667 4964 stipulati.
1729 4895 2083 4971 Muzalqiem

448 4982 631 5054 igitur
651 4983 707 5035 in
729 4983 919 5037 locum
945 4983 1255 5051 pristinum
1283 4981 1785 5051 recipiens,jussit
1806 5000 1872 5036 ea
1894 4984 2083 5038 solum

448 5072 803 5125 inconcussa
832 5079 1022 5124 tenere
1050 5071 1104 5123 in
1143 5087 1267 5139 quae
1321 5071 1595 5140 utrinque
1626 5088 1659 5123 a
1717 5073 2082 5127 concordiam

451 5160 843 5214 tractantibus
867 5163 1232 5214 convenerat.

449 5317 539 5372 27.
577 5286 639 5373 ὺε
668 5333 736 5371 ea:
767 5318 1058 5374 Occidente
1095 5315 1334 5441 rgdtieri:
1363 5315 1895 5386 Porphyrogenitus;
1946 5322 1999 5373 et
2022 5320 2085 5374 de

1160 5403 1187 5441 ο
1213 5404 1309 5441 am
1342 5403 1425 5440 κτα.

1160 5403 1425 5441 manum.

523 5511 737 5566 Eodem
771 5529 923 5567 anno
958 5513 1126 5566 rediit
1155 5528 1221 5566 ex
1251 5510 1485 5565 Oriente
1514 5510 1830 5581 imperator
1861 5515 2084 5568 Andro-

458 5599 649 5669 nicus,
691 5600 926 5655 domina
958 5600 1034 5653 ibi
1068 5599 1285 5655 relicta.
1338 5599 1604 5654 Redierat
1650 5603 1782 5654 ante
1834 5601 1987 5655 hunc
2018 5618 2085 5656 ex

2199 4632 2303 4685 tali
2340 4632 2647 4702 prudentia
2695 4633 2849 4703 quod
2903 4638 3025 4686 erat
3071 4641 3409 4687 eventurum
3466 4638 3817 4706 praesagiens,

2199 4736 2302 4775 nec
2336 4719 2674 4790 persuaderi
2710 4720 2821 4775 sibi
2866 4721 3065 4774 sinens
3109 4723 3350 4776 ferocem
3401 4722 3678 4791 juvenem
3723 4741 3819 4795 gu-

2197 4814 2345 4862 stata
2402 4810 2579 4863 semel
2628 4808 2915 4864 latrocinii
2966 4808 3293 4876 dulcedine,
3366 4810 3516 4865 hona
3559 4813 3669 4867 ﬁde
3719 4814 3818 4868 sub

2197 4898 2382 4953 alieno
2416 4899 2657 4969 imperio
2688 4900 2997 4969 victurum,
3056 4904 3588 4968 temperaturumve
3635 4904 3689 4957 in
3740 4920 3817 4957 oc-

2196 4988 2427 5041 casione
2462 4989 2857 5042 novandarum
2891 5004 3080 5041 rerum
3107 5005 3140 5041 a
3163 4989 3306 5059 jugo
3345 4992 3707 5045 excutienda.
3744 4993 3818 5045 Ab

2196 5074 2300 5129 hoc
2340 5080 2555 5141 autem,
2609 5075 2699 5129 cui
2750 5074 3146 5129 inllexibiliter
3203 5074 3481 5142 haerebat,
3533 5080 3818 5149 proposito

2196 5164 2408 5217 frustra
2437 5162 2966 5233 Porphyrogcnitus
2990 5167 3320 5233 Augustum
3346 5165 3637 5220 dimovere
3654 5184 3818 5222 cona-

2193 5248 2383 5315 batur,
2408 5250 2609 5303 datum
2630 5267 2663 5303 a
2686 5249 3183 5318 sejusjurandum
3208 5251 3529 5305 obtendens
3557 5270 3569 5306 :
3594 5270 3822 5324 respon-

2194 5338 2366 5391 debat
2391 5337 2542 5392 enim
2580 5343 2741 5409 pater
2776 5338 2884 5408 ipsi
2936 5340 3004 5392 ad
3053 5338 3415 5393 conscientia:
3456 5342 3817 5397 securitatem

2195 5426 2336 5479 satis
2377 5442 2524 5491 esse,
2577 5426 2727 5496 quod
2782 5442 2883 5479 nec
2928 5428 3209 5497 prodente
3260 5444 3363 5481 nec
3408 5432 3687 5484 suadente
3719 5448 3817 5486 nec

2194 5513 2547 5568 assentiente
2580 5530 2639 5568 se
2682 5514 3006 5584 quidquam
3069 5515 3126 5567 in
3172 5514 3499 5570 dedititium
3546 5518 3713 5571 aliter
3754 5535 3815 5572 ac

2194 5606 2489 5671 sperasset
2539 5604 2928 5655 statueretur:
2972 5616 3033 5655 se
3089 5605 3280 5656 autem
3330 5601 3565 5672 sineret,
3614 5614 3813 5675 quate-
