4110 6280
278 369 383 422 961

1337 365 1433 416 DE
1470 362 1841 416 MICHAELE
1877 364 2316 422 PALEOLOGO
2353 369 2485 423 LIB.
2530 371 2624 421 VI.

3566 368 3671 421 962

279 489 638 564 στραφήσεται
706 484 842 559 πρὸς
896 486 961 537 τὰ
1015 484 1271 556 πρότερα·
1334 478 1658 550 σεϐασθῆναι
1719 479 1776 536 δὲ
1830 480 2004 562 καὶΑ
2039 484 2302 557 βατιλέως
2358 487 2556 543 ἐκεῖθεν
2610 486 2909 560 ἀπάραντος
2969 488 3129 548 αὐτὸς
3186 487 3251 555 ἧν
3298 490 3406 542 ἀντ’
3466 487 3670 542 ἐκείνου

274 580 337 634 τὸ
372 583 562 651 σχῆμα
598 579 677 645 τῷ
710 572 943 646 βασιλεῖ,
980 572 1114 626 ὥστε
1163 568 1523 643 ἀποδέχεσθαι
1572 570 1662 623 τὸν
1709 566 1918 623 ἐνδεδυ-

278 667 411 720 κότα
445 667 519 737 μὴ
551 667 833 737 τιμωρεῖν.
865 664 1044 717 Ταῦτα
1096 659 1264 733 λέγων
1314 662 1447 733 πρὸς
1482 658 1685 712 ἐκεῖνον
1723 659 1750 712 ὁ
1784 664 1919 728 Πορ-

278 756 679 828 φυρογέννητος
716 797 730 822 ,
809 748 896 804 καὶ
960 747 1166 823 βουλὴν
1224 748 1452 820 sicciwa
1506 748 1605 813 τήν
1660 745 1918 799 δοκοῦσαν

275 842 562 908 συνοίσειν,
599 838 770 909 δῆλος
806 840 872 907 ἦν
933 836 1188 891 ἀπολύων
1251 838 1329 902 [Ρ.
1391 837 1518 906 340]
1575 833 1922 907 ἐγκλήματος

274 932 462 985 ἑαυτὸν
487 931 549 983 τὸ
598 929 782 1002 μέρος,
838 926 882 979 εἰ
936 927 1008 997 μὴ
1055 930 1225 978 ποιῶν
1275 920 1596 977 κινδυνεύοιο
1646 924 1707 976 τὸ
1735 924 1835 998 γὰρ
1869 923 1918 994 ἐξ

276 1019 440 1072 αὐτοῦ
482 1018 605 1070 ὅσον
656 1017 721 1082 ἦν
787 1015 1002 1087 βοηθεῖν
1063 1010 1304 1076 δυνατὸν,
1364 1012 1698 1083 πεπρᾶχθαι.
1742 1018 1918 1064 Κοτα-

273 1106 425 1178 νίτζῃ
463 1107 553 1177 μὲν
591 1105 679 1158 οὗν
729 1102 817 1156 καὶ
861 1106 942 1172 τῷ
989 1095 1223 1174 γαμϐρῷ
1269 1098 1556 1171 Τορνικίου
1605 1094 1917 1169 ἐπηρτημέὲ

273 1215 367 1248 νον
399 1195 489 1248 τὸν
519 1189 767 1247 κίνδυνον
822 1189 1080 1265 βλέποντι
1130 1187 1328 1261 ἀγαθὸν
1381 1183 1555 1240 ἐδόκει
1593 1187 1654 1239 τὸ
1689 1186 1918 1260 βούλευ-

280 1304 375 1355 μα,
407 1282 495 1335 καὶ
526 1286 604 1352 τῷ
642 1278 993 1339 βουλεύσαντι
1029 1284 1229 1351 χρῆται
1268 1276 1458 1348 μεσίτῃ
1510 1275 1642 1343 πρὸς
1694 1275 1918 1348 βασιλέα

275 1370 356 1447 ἐφ’
391 1370 435 1442 ᾧ
464 1370 557 1424 τὸν
590 1369 829 1442 μοναχὸν
866 1362 1174 1429 ὑπενδῦναι,
1205 1362 1409 1435 κόσμον
1462 1362 1552 1416 καὶ
1594 1362 1660 1416 τὰ
1707 1362 1916 1434 κόσμου

272 1460 485 1533 χαίρειν
547 1456 718 1519 ἐάσας.
778 1456 865 1515 Ὠς
914 1453 959 1506 δ’
1009 1453 1259 1526 ἀπῄτητο
1316 1452 1402 1504 καὶ
1464 1450 1590 1503 αὐτὸ
1619 1451 1681 1504 τὸ
1709 1448 1918 1505 τέλειον

273 1553 467 1620 σχῆμα
525 1540 822 1616 λαμϐάνειν
880 1542 970 1596 καὶ
1021 1542 1296 1595 κατένευεν
1359 1538 1567 1608 αὐτίκα,
1626 1538 1917 1601 ἀπολυθεὶς

271 1633 508 1689 τελεῖται
540 1634 604 1686 τὰ
639 1636 921 1705 μοναχῶν,
966 1630 1054 1683 καὶ
1106 1631 1132 1683 ὁ
1182 1629 1312 1703 χθὲς
1362 1626 1635 1700 λῃστεύων
1686 1628 1915 1703 σώφρων

275 1722 482 1794 ἑωρᾶτο
515 1720 603 1775 καὶ
635 1722 855 1785 ἄκακος,
888 1716 1031 1785 πλὴν
1063 1716 1123 1770 οὐ
1153 1720 1220 1779 τῆ
1264 1721 1362 1783 τῆς
1406 1718 1588 1788 ψυχῆς
1640 1714 1911 1788 προθέσει,

274 1808 418 1864 ἀλλᾶ
478 1809 627 1882 μόνῳ
682 1812 760 1877 τῷ
819 1806 1151 1882 φαινομένῳ·
1206 1805 1233 1856 ὁ
1274 1804 1374 1877 γὰρ
1439 1800 1913 1874 μεμεριμνημένος

274 1899 475 1958 σκοπὸς
533 1896 619 1950 ἐπὶ
674 1895 853 1966 τούτῳ
915 1895 1003 1947 καὶ
1063 1892 1185 1947 λέαν
1242 1891 1405 1961 ἀπῆν,
1466 1891 1697 1964 ἀνάγκης
1739 1887 1794 1942 δὲ
1838 1891 1919 1963 ἄρ’

273 1986 513 2053 ὑπούσης
561 1986 623 2038 τὸ
667 1984 949 2057 γινόμενον
1004 1979 1233 2042 ἀσθενές.
1288 1982 1373 2041 Ἐς
1420 1978 1619 2031 ὁπόσον
1681 1976 1737 2031 δὲ
1784 1979 1921 2032 κατὰ

267 2074 459 2128 τούτον
504 2067 740 2146 προέϐη,
792 2072 1001 2129 ἐσαῦθις
1049 2068 1297 2142 ἐροῦμεν.
1345 2068 1405 2122 Ὀ
1453 2070 1583 2139 γοῦν
1629 2072 1919 2140 Πορφυρο-

272 2164 531 2237 γέννητος
562 2161 651 2215 ἐπὶ
692 2158 904 2219 τούτοις
951 2158 1067 2211 κατ’
1117 2154 1383 2216 ἀνατολὰς
1432 2154 1653 2229 γίνεται,
1685 2154 1774 2206 καὶ
1820 2159 1916 2207 τοῦ

279 2400 390 2437 nus
420 2381 565 2435 citra
588 2377 827 2450 perjurii
861 2375 1183 2447 periculum
1222 2375 1436 2443 posset,
1467 2369 1646 2441 quieti
1671 2369 1916 2439 publica:

276 2468 601 2527 consulere.
628 2466 755 2521 Haec
778 2463 1122 2535 scrupulum
1160 2478 1272 2516 non
1305 2457 1911 2529 eximebantPorphy-

278 2557 561 2628 rogenito:
594 2554 695 2626 qui
725 2570 859 2608 cum
891 2553 961 2606 ob
994 2550 1302 2605 obﬁrmato
1334 2549 1391 2603 in
1424 2548 1477 2601 id
1530 2548 1683 2618 quod
1735 2545 1915 2602 semel

276 2647 609 2700 decreverat
624 2642 801 2713 patris
817 2640 908 2696 ani
922 2656 1014 2693 mo
1032 2638 1483 2709 impetraturum
1504 2651 1564 2690 se
1592 2636 1912 2706 quidquam

277 2735 613 2802 desperaret
646 2728 1029 2800 quantislibet
1062 2744 1163 2797 pro
1195 2729 1469 2796 suscepto
1492 2741 1598 2779 suo
1622 2724 1911 2794 precibus,

278 2822 329 2875 ei
362 2820 474 2889 ipsi
509 2818 793 2889 patefacta
823 2833 880 2870 re
939 2816 1127 2870 suasit
1174 2820 1255 2882 ut,
1311 2828 1435 2885 quae
1486 2830 1602 2867 una
1658 2812 1915 2867 restabat

280 2908 497 2963 vitandi
530 2906 683 2961 exitii
716 2906 886 2969 ratio,
920 2904 1260 2974 confugeret
1290 2904 1358 2956 ad
1384 2900 1907 2970 montemNigrum,

278 2996 515 3067 illicque
548 2995 868 3050 monastico
898 2993 1099 3047 induto
1131 2992 1335 3047 habitu
1366 2991 1544 3045 vitam
1577 2989 1907 3060 religiosam

275 3086 661 3156 profiteretur.
700 3085 785 3138 Ita
814 3081 994 3137 videri
1032 3082 1151 3135 fore
1182 3086 1247 3135 ut
1278 3095 1520 3134 securus
1552 3079 1622 3132 de
1674 3093 1740 3131 eo
1784 3078 1909 3147 jam

273 3178 569 3243 Augustus
586 3171 939 3227 voluntatem
954 3171 1082 3239 ejus
1096 3168 1280 3223 oculis
1296 3166 1557 3237 privandi
1574 3167 1887 3237 deponeret

2037 576 2426 650 μεταχειρίζων
2459 579 2626 631 τάκεῖ.

2031 681 2136 747 κη’.
2194 682 2428 743 Θάνατος
2489 689 2590 750 τῆς
2658 680 2945 753 δεσποίνης
3007 684 3228 753 ’Δννης,
3296 682 3385 736 καὶ
3432 684 3498 736 τὰ
3548 684 3671 737 τότε

2692 775 2752 806 συ
2762 748 2970 824 μϐάντα
2990 795 3002 808 .

2104 837 2261 891 Ἀλλ’
2295 839 2481 913 ὀλίγον
2512 841 2574 895 τὸ
2603 841 2819 913 μεταξὺ,
2858 842 2947 895 καὶ
2986 844 3017 910 ἡ
3054 839 3311 895 δέσποινα
3362 843 3454 913 μὲν
3506 844 3670 897 ’Ἄννα

2032 923 2142 977 ἐκεῖ
2168 926 2392 997 τελευτᾷ
2418 930 2508 982 τὸν
2563 930 2701 1002 βίον.
2748 928 3070 1003 ἀγγέλλεται
3107 926 3163 982 δέ
3217 931 3328 1000 μετ’
3378 929 3563 1002 ὀλίγον
3592 935 3670 1001 τῷ

2036 1013 2267 1085 βασιλεῖ.
2317 1016 2406 1069 καὶ
2462 1018 2519 1077 ὃς
2558 1017 2785 1090 προνοίᾳ
2810 1021 2904 1070 τοῦ
2940 1018 3015 1087 μὴ
3079 1019 3263 1087 μαθεῖν
3321 1019 3411 1071 τὸν
3468 1018 3580 1071 υἱόν
3613 1039 3669 1071 τε

2030 1102 2119 1154 καὶ
2153 1102 2397 1176 βασιλέα,
2439 1106 2513 1165 ὡς
2569 1104 2650 1158 ἐπ’
2706 1105 3027 1180 ἀπορρήτῳ,
3090 1104 3301 1159 στέλλει
3356 1106 3444 1158 τὸν
3506 1106 3667 1160 αὐτοῦ

2034 1191 2127 1260 μὲν
2160 1188 2564 1265 ἀρχιδιάκονον,
2602 1196 2699 1260 τῆς
2754 1192 3080 1261 Ἐκκλησίας
3139 1190 3197 1246 δὲ
3250 1195 3663 1270 χαρτοφύλακα,

2027 1278 2119 1330 τὸν
2182 1276 2599 1350 Μελιτηνιώτην
2651 1284 3079 1348 Κωνσταντῖνον,
3138 1279 3216 1353 ἐφ’
3283 1281 3328 1350 ᾦ
3372 1281 3667 1353 μετακομί-

2032 1370 2137 1432 ζειν
2191 1366 2280 1418 τὸν
2338 1369 2543 1442 νεκρὸν,
2603 1370 2677 1431 ὡς
2727 1369 2917 1442 ἐχρῆν,
2974 1368 3050 1429 εἰς
3108 1366 3357 1423 Νίκαιαν.
3409 1371 3557 1440 "Atta
3612 1368 3669 1423 δὲ

2029 1453 2213 1525 καιρὸν
2277 1449 2458 1507 λαϐὼν
2531 1455 2768 1529 εὐπρεπῆ
2817 1460 2913 1509 τοῦ
2994 1455 3079 1509 τὸν
3133 1458 3668 1530 Πορφυρογέννητον,

2030 1535 2384 1594 ἀποϐαλόντα
2441 1539 2529 1595 διὰ
2573 1545 2635 1597 τὸ
2692 1545 2885 1606 πένθος
2944 1544 3011 1597 τὰ
3068 1543 3283 1617 ἐρυθρὰ,
3354 1546 3427 1615 μὴ
3485 1550 3666 1621 φορεῖν

2030 1624 2231 1681 ἄλλοτε
2288 1629 2706 1703 παρασκευάσαι,
2754 1630 3066 1703 εὐτρεπίσας
3120 1630 3408 1705 ἀλλόχροα
3458 1632 3524 1685 τὰ
3580 1632 3670 1686 σὺν

2032 1715 2211 1787 λευκῷ
2239 1724 2491 1793 πορφυρᾶ
2541 1724 2727 1793 χρυσῷ
2773 1717 3052 1787 ποικιλτὸι,
3097 1718 3185 1771 καὶ
3238 1716 3325 1772 διὰ
3376 1722 3664 1795 μαργάρων

2027 1804 2089 1856 τὸ
2125 1802 2405 1877 βασιλικὸν
2439 1808 2521 1878 [Ρ.
2555 1810 2680 1878 341]
2729 1812 2958 1879 σημεῖον
2992 1806 3117 1867 τοὺς
3162 1804 3347 1869 ἀετοὺς
3405 1810 3666 1882 περιθεὶς,

2029 1890 2119 1945 καὶ
2146 1895 2363 1965 πέμψας
2395 1893 2455 1947 ἐκ
2481 1895 2687 1948 τούτων
2742 1893 2939 1949 πέδιλα
2992 1916 3051 1948 τε
3078 1895 3167 1948 καὶ
3203 1896 3428 1968 χαλινὰ,
3486 1898 3661 1973 σφίσιν

2030 1981 2104 2040 ὡς
2158 1984 2508 2056 παρασήμοις
2555 1985 2645 2037 τὸν
2704 1985 2819 2038 υἱὸν
2879 1985 3235 2058 προσέταττεν
3269 1984 3667 2057 ἐμπομπεύειν,

2032 2067 2180 2140 μόνῳ
2227 2075 2335 2123 τῶν
2378 2070 2617 2145 ἐρυθρῶν
2670 2072 2927 2127 ἐκστάντα
2980 2076 3060 2143 τῷ
3096 2070 3330 2146 βασιλεῖ.
3387 2076 3564 2146 Σοφὸν
3610 2072 3667 2128 δὲ

2027 2153 2127 2227 ἄρα
2155 2158 2245 2210 καὶ
2275 2158 2337 2212 τὸ
2363 2164 2460 2212 τοῦ
2503 2165 2694 2234 καιροῦ
2724 2162 2814 2229 ἦν,
2859 2161 2931 2221 ὡς
2982 2161 3057 2231 μή
3111 2157 3256 2232 δόξαι
3304 2162 3372 2214 τὰ
3422 2162 3665 2235 ἐπισημα

2033 2374 2275 2443 propriae
2308 2384 2530 2430 aeterna:
2597 2375 2804 2431 salutis
2862 2393 3128 2450 scopum.
3174 2380 3467 2435 Colanitza
3516 2397 3657 2437 sane

2027 2476 2141 2513 non
2174 2463 2735 2531 spectabat,amoliri
2760 2465 3083 2535 periculum
3117 2466 3346 2521 instans
3370 2467 3477 2522 hoc
3496 2470 3671 2538 quasi

2025 2547 2207 2603 mimo
2240 2552 2589 2619 poenitentia:
2622 2557 2971 2608 contentus?
3004 2571 3073 2609 ex
3112 2571 3227 2625 quo
3261 2555 3398 2626 quid
3455 2572 3657 2611 conse-

2023 2638 2221 2690 cutum
2256 2637 2506 2708 denique
2531 2640 2626 2706 sit,
2663 2656 2768 2694 suo
2801 2642 3120 2697 referemus
3167 2642 3311 2697 loco.
3374 2644 3491 2698 Sub
3542 2643 3662 2699 haec

2023 2739 2195 2793 porro
2221 2725 2753 2797 Porphyrogenitus
2782 2727 2841 2783 in
2876 2730 3168 2785 Orientem
3197 2736 3287 2786 est
3347 2732 3658 2801 profectus,

2022 2811 2225 2880 patris,
2266 2813 2362 2882 qui
2397 2814 2568 2884 paulo
2600 2820 2733 2869 ante
2764 2816 2899 2871 inde
2930 2824 3269 2886 recesserat,
3331 2820 3483 2874 vices
3533 2821 3657 2874 obi-

2020 2902 2210 2968 turus,
2239 2902 2643 2956 sustentandis
2674 2908 2845 2973 prout
2867 2912 3081 2975 posset,
3133 2906 3249 2961 illic
3305 2906 3363 2960 in
3425 2908 3650 2963 ruinam

2019 2988 2222 3055 pronis
2250 2990 2424 3044 rebus
2458 2989 2713 3060 imperii.

2086 3131 2175 3185 28.
2209 3132 2343 3187 Mors
2373 3133 2614 3190 domina?
2640 3134 2832 3189 Anum:
2863 3144 2913 3190 et
2944 3151 3069 3206 quae
3094 3141 3227 3192 tunc
3275 3140 3641 3209 contigerunt.

273 3208 569 3243 ηυδυιοιιω
594 3208 1557 3239 ,υιυυιαυνιι.ςυυυυυ....υ,,....ηημ
1575 3208 1909 3237 “rw-.-”
3426 3208 3433 3209 ,

273 3262 487 3333 quippe
517 3265 574 3315 et
603 3258 860 3315 venerari
883 3274 1015 3312 eum
1036 3255 1361 3311 idinstituti
1384 3258 1652 3325 genus,et
1673 3271 1706 3308 a
1728 3250 1908 3308 semel
1940 3214 1982 3280 Ο
2092 3253 2215 3308 Non
2247 3253 2418 3325 longo
2451 3260 2579 3325 post
2610 3255 2731 3311 haec
2761 3257 3061 3312 intervallo
3102 3259 3341 3315 domina
3369 3262 3534 3315 Anna
3564 3262 3652 3315 vi-

276 3350 549 3420 abjuncto
572 3364 604 3402 a
635 3348 809 3401 rebus
840 3344 1115 3399 humanis
1158 3343 1324 3398 facile
1374 3342 1770 3398 inducendum
1828 3340 1907 3393 vi-

276 3439 395 3494 deri
426 3454 495 3491 ne
544 3435 912 3489 rebellionem
972 3437 1029 3486 et
1083 3431 1282 3486 civiles
1342 3432 1543 3486 turbas
1601 3432 1909 3485 metueret.

276 3526 405 3578 Haec
428 3540 633 3594 parum
665 3522 901 3592 quidem
935 3520 1004 3575 ad
1029 3520 1577 3591 geniumCotanitzaa
1603 3519 1909 3574 faciebant:

276 3617 473 3666 tamen
505 3610 677 3664 homo
705 3609 975 3664 solertior
998 3624 1174 3677 quam
1226 3606 1550 3678 religiosior
1607 3607 1910 3678 ingressus

280 3700 486 3754 intime
517 3699 575 3751 in
598 3714 795 3751 curam
830 3712 1023 3750 rerum
1049 3711 1287 3748 suarum
1308 3695 1391 3748 sic
1414 3700 1681 3765 reputare
1710 3710 1909 3748 secum

278 3786 508 3852 institit,
543 3785 696 3839 istud
731 3784 838 3837 sibi
873 3781 1056 3836 amice
1087 3789 1423 3850 suggestum
1458 3799 1491 3836 a
1524 3780 1911 3851 Porphyroge-

279 3876 399 3930 nito
432 3871 741 3928 consilium
779 3870 898 3925 fore
938 3868 1021 3921 ilii
1056 3869 1208 3938 apud
1271 3884 1472 3922 omnes
1524 3868 1912 3933 excusationis

280 3965 499 4018 idoneae
531 3962 676 4028 loco,
711 3976 781 4014 ne
814 3957 1065 4029 perfidia:
1095 3956 1429 4027 culparetur
1455 3957 1525 4009 ob
1584 3955 1911 4010 excaecatio-

283 4068 416 4105 nem
450 4050 650 4118 dediti,
676 4047 766 4103 cui
798 4046 1016 4102 scilicet
1044 4045 1369 4099 avertendae
1432 4043 1573 4097 nihil
1621 4043 1916 4098 omisisset

285 4139 343 4193 in
373 4142 659 4210 potestate
693 4137 869 4192 situm
904 4151 1011 4189 sua
1047 4132 1194 4199 ;sihi
1218 4137 1410 4187 autem
1437 4131 1556 4201 uni,
1616 4132 1662 4185 si
1717 4147 1916 4202 parere

284 4225 563 4279 salutaria
594 4223 848 4278 monenti
880 4224 1165 4286 renueret,
1200 4219 1588 4274 calamitatem
1621 4218 1915 4289 imputan-

284 4315 414 4369 dam
448 4331 637 4368 suam.
672 4315 860 4378 Quare
891 4311 1040 4365 499
1074 4325 1205 4363 cum
1253 4324 1498 4363 summa;
1540 4308 1618 4362 rei
1678 4307 1913 4362 rationi-

283 4404 390 4457 bus
421 4402 724 4457 subductis
754 4416 865 4455 non
896 4398 1008 4453 alia
1039 4396 1249 4452 certior
1278 4401 1580 4467 appareret
1609 4396 1699 4450 via
1733 4395 1913 4451 decli-

282 4492 485 4545 nanda:
519 4489 700 4561 pestis
732 4490 859 4559 ejus
891 4486 1134 4558 gemina:
1184 4502 1309 4555 qua)
1348 4485 1632 4540 Joannem
1661 4484 1912 4539 Tornicii

2021 3344 2091 3395 tae
2126 3341 2297 3396 ﬁnem
2324 3342 2542 3397 invenit
2591 3341 2707 3397 illic
2761 3344 2858 3397 ubi
2903 3360 3032 3400 eam
3086 3345 3325 3402 basisse
3372 3347 3652 3418 diximus,

2021 3428 2142 3482 viro
2170 3445 2235 3483 ex
2270 3429 2506 3485 Oriente
2538 3446 2764 3486 reverso
2797 3431 2854 3486 in
2887 3433 3109 3487 urbem.
3171 3433 3434 3490 Perlatus
3494 3436 3653 3491 brevi

2024 3517 2092 3571 ad
2129 3516 2535 3582 imperatorem
2553 3523 2641 3573 est
2670 3520 2797 3588 ejus
2811 3520 2999 3574 acerbi
3016 3536 3187 3576 casus
3202 3522 3646 3593 nuntius,quem

2025 3604 2075 3659 is
2099 3620 2447 3675 magnopere
2480 3605 2681 3661 haberi
2725 3608 2950 3663 studuit
3007 3626 3308 3678 arcanum,
3360 3628 3431 3665 ne
3478 3611 3654 3667 citius

2025 3709 2202 3763 quam
2232 3709 2379 3763 opus
2407 3698 2562 3747 esset
2594 3696 2915 3760 perveniret
2948 3697 3016 3749 ad
3068 3697 3335 3751 notitiam
3392 3699 3654 3755 Junioris

2026 3782 2290 3850 Augusti,
2320 3780 2418 3835 tali
2455 3784 2638 3833 morte
2670 3781 3015 3837 charissima
3046 3801 3220 3838 uxore
3251 3785 3656 3841 viduati.Misit

2021 3884 2156 3937 ergo
2188 3869 2491 3923 confestim
2522 3868 2575 3921 in
2610 3867 2917 3936 Orientem,
2960 3870 3145 3925 celata
3188 3872 3494 3943 diligenter
3516 3875 3653 3929 mit-

2022 3956 2203 4025 tendi,
2227 3956 2817 4022 causa,Melilenioten
2841 3957 3284 4012 Constantinum
3319 3977 3489 4013 suum
3519 3961 3655 4031 qui-

2024 4044 2178 4109 dem,
2218 4044 2323 4097 hoc
2353 4050 2439 4097 est
2470 4043 2713 4114 palatini
2745 4045 2904 4107 cieri,
2936 4045 3421 4113 archidiaconum,
3473 4048 3651 4104 eccle-

2024 4131 2121 4184 siae
2154 4146 2284 4186 vero
2306 4131 2833 4203 cbartophylacem,
2867 4137 2929 4186 ut
2953 4134 3195 4188 cadaver
3223 4135 3503 4190 defunctis
3524 4154 3655 4207 por-

2023 4218 2137 4273 tari
2169 4220 2239 4274 de
2270 4236 2429 4273 more
2459 4220 2705 4274 Nicaeam
2737 4225 2984 4274 curaret.
3029 4220 3215 4275 Simul
3262 4223 3437 4277 etiam
3488 4240 3655 4278 occa-

2024 4310 2248 4364 sionem
2280 4327 2341 4364 se
2381 4312 2750 4363 commodum
2786 4312 3121 4365 offerentem
3161 4313 3472 4381 prudenter
3500 4314 3652 4370 500

2023 4399 2271 4468 arripuit
2293 4399 2585 4470 redigendi
2618 4400 2685 4453 ad
2708 4400 3143 4455 convenientem
3177 4402 3450 4473 deinceps
3480 4420 3649 4458 orna-

2026 4490 2152 4541 tum
2184 4487 2661 4558 Porphyrogeniti
2695 4488 3061 4542 Constantini
3098 4490 3341 4543 minoris
3374 4491 3463 4546 sui
3498 4492 3599 4545 filii
3634 4512 3647 4559 ;

277 4596 559 4649 generum
597 4595 781 4649 nuper
812 4579 1205 4647 oppresserat,
1239 4578 1492 4628 mentem
1524 4574 1591 4627 ad
1654 4590 1912 4627 necessa-
1941 4570 1987 4634 D
2020 4576 2108 4628 cui
2145 4575 2297 4645 quod
2323 4574 2603 4629 hactenus
2637 4575 2983 4641 indulserat,
3030 4582 3096 4630 ut
3145 4578 3336 4632 rubris
3393 4580 3652 4634 vestibus

283 4667 434 4721 rium
483 4666 793 4721 consilium
851 4664 1150 4736 appelens,
1210 4660 1336 4732 ipso
1421 4661 1913 4733 Porphyrogenito

280 4754 599 4826 interprete
620 4754 847 4809 veniam
903 4754 975 4806 ab
1019 4753 1281 4821 Augusto
1340 4748 1587 4804 abstulit
1635 4750 1914 4820 sequendi

284 4845 438 4914 quod
464 4844 899 4898 ostendebatur.
932 4845 1193 4909 Cumque
1215 4838 1458 4908 petitum
1487 4837 1556 4891 ab
1585 4836 1712 4908 ipso
1760 4841 1915 4892 esset

286 4936 348 4991 ut
378 4932 571 5002 ipsum
599 4931 865 4984 habitum
900 4926 1279 4999 professionis
1325 4924 1451 4978 vitae
1511 4926 1773 4994 perfectas
1832 4926 1915 4980 in-

284 5021 471 5074 dicem
498 5022 774 5084 sumeret,
812 5016 1009 5071 statim
1042 5014 1267 5082 annuit,
1291 5018 1348 5067 et
1377 5013 1596 5068 mundo
1645 5014 1773 5068 vale
1826 5014 1912 5068 di-

284 5124 421 5163 cens
443 5108 501 5161 in
533 5122 758 5161 sacram
791 5121 852 5159 se
883 5102 1254 5171 transcripsit
1285 5100 1575 5168 militiam,
1597 5101 1915 5156 mutatione

284 5196 432 5251 mira
480 5212 546 5250 ex
607 5194 876 5249 hesterno
937 5191 1158 5245 latrone
1199 5188 1519 5244 hodiernus
1566 5189 1911 5257 monachus,

281 5282 628 5339 innocentia
662 5298 724 5335 ac
756 5277 1154 5350 temperantiae
1201 5277 1372 5331 modo
1428 5278 1689 5345 studens,
1744 5277 1915 5350 longe

281 5373 452 5427 aliter
502 5372 691 5425 vivere
738 5383 926 5437 nuper
975 5370 1265 5420 assuetus.
1319 5365 1426 5420 Sed
1479 5382 1677 5420 verum
1755 5366 1913 5421 intus

282 5463 645 5534 propositum
677 5460 746 5515 ad
782 5462 965 5513 ratam
995 5455 1334 5526 religionem
1392 5456 1787 5511 necessarium
1838 5458 1911 5512 si-

280 5550 549 5607 mulatori
578 5550 774 5604 deerat
802 5547 1020 5602 animo.
1060 5543 1346 5598 Nimirum
1380 5560 1553 5615 quem
1589 5544 1801 5600 intueri
1823 5562 1913 5601 so-

274 5640 397 5695 lent
421 5639 521 5710 qui
569 5641 776 5709 sponte
823 5636 971 5689 fiunt
1030 5632 1320 5697 monachi,
1385 5631 1567 5686 divini
1614 5634 1809 5688 cultus
1856 5639 1913 5689 et

2023 4664 2316 4733 etiamque
2347 4662 2555 4716 calceis
2590 4662 2858 4716 similiter
2879 4665 3188 4735 atqueipse
3222 4671 3651 4734 uteretur,tem-

2026 4750 2311 4819 pestivum
2342 4746 2595 4818 amplius
2627 4765 2738 4802 non
2772 4750 3117 4815 erat,adulto
3148 4756 3203 4805 et
3233 4753 3301 4806 ad
3336 4752 3651 4824 imperato-

2024 4837 2171 4891 riam
2185 4841 2379 4891 evecto
2406 4834 2746 4906 dignitatem
2764 4837 3151 4908 primogenito
3169 4841 3650 4909 ejusAndronico:

2026 4929 2290 4995 poterant
2318 4924 2471 4978 enim
2507 4922 2978 4979 mmulationeset
2998 4927 3319 4983 ambitiosa:
3354 4946 3486 4998 spes
3517 4930 3651 4985 inde

2026 5019 2170 5068 nata:
2201 5014 2408 5067 fratres
2437 5011 2825 5079 committere,
2858 5030 2991 5067 cum
3048 5017 3481 5085 perturbatione
3538 5036 3649 5088 pu-

2024 5100 2185 5156 blica:
2208 5098 2676 5170 tranquillitatis.
2749 5100 2817 5155 Ut
2864 5099 3064 5171 igitur,
3120 5104 3273 5173 quod
3324 5105 3651 5161 necessario

2023 5190 2352 5244 faciendum
2386 5191 2528 5252 erat,
2586 5203 2760 5256 quam
2825 5188 3065 5242 minime
3125 5189 3362 5245 moleste
3422 5197 3650 5262 captato

2023 5280 2154 5348 apte
2181 5280 2506 5347 opportuno
2536 5278 2793 5344 tempore
2824 5276 3006 5342 ﬁeret,
3030 5276 3185 5331 hunc
3215 5294 3408 5331 rerum
3438 5279 3652 5334 articu-

2021 5363 2143 5418 lum
2176 5361 2849 5419 accommodatissimum
2893 5364 2960 5417 ad
3024 5364 3078 5417 id
3138 5368 3320 5429 ratus,
3369 5382 3482 5434 quo
3526 5365 3651 5435 ipse

2023 5450 2594 5507 ultroConsiantinus
2619 5455 2855 5521 propter
2872 5450 3382 5522 luctumAugustae
3404 5458 3649 5508 mortua:

2022 5542 2198 5595 rubra
2229 5540 2619 5610 deposuisset,
2648 5538 2833 5607 jussit
2864 5538 3182 5609 imperator
3238 5539 3653 5597 Meliteniotem

2022 5629 2109 5684 illi
2139 5646 2172 5685 a
2205 5645 2266 5684 se
2295 5630 2499 5684 offerre
2520 5625 2723 5697 quales
2748 5631 2977 5697 gestare
3005 5626 3169 5681 illum
3190 5626 3461 5697 deinceps
3482 5644 3649 5696 opor-
