4130 6270
493 322 600 381 963

1783 311 2080 369 GEORGII
2118 313 2579 368 PACHYMBRB
3716 330 3805 384 96!.

498 444 883 520 μεταλλάττειν
912 440 1000 495 καὶ
1056 439 1147 510 ἅμ’
1205 431 1552 490 ἀποϐαλόντα
1599 435 1664 488 τὰ
1708 432 1913 522 γέρυθρά
1950 452 2129 522 ⁸μετα-
2164 441 2214 504 Α
2246 432 2395 496 ὁσίας
2425 435 2490 488 τὰ
2521 434 2706 490 πολλά
2756 434 3036 509 κερδάνας,
3069 435 3115 492 εἲ
3143 440 3231 493 καὶ
3264 440 3358 507 τὴν
3408 442 3551 516 χεῖρα
3592 449 3803 522 ἡγνώμη

496 530 789 607 λαμϐάνειν
822 531 888 584 τὰ
934 526 1213 592 ποικιλτά,
1248 522 1391 578 ἀλλά
1435 522 1638 596 χρόνου
1693 521 1908 597 ῥυέντος
1946 519 2033 574 διὰ
2076 521 2139 574 τὸ

495 626 688 685 πένθος
728 620 814 675 ἐπὶ
876 617 1064 690 μόνοις
1120 612 1340 686 μέλασιν
1395 612 1618 679 ἀνεκτὴν
1669 612 1767 677 τὴν
1829 606 2141 680 μεταϐολὴν

500 710 777 785 δεδόχθαι,
811 708 883 768 ὡς
916 706 965 775 ἐξ
1015 705 1192 777 ἀρχῆς
1247 702 1618 771 κοσμηθέντος
1668 703 1761 752 τοῦ
1818 701 2141 773 φορέσαντος

492 804 611 860 τοῖς
655 784 794 869 μετά
847 793 1073 869 βασιλέα
1120 790 1418 861 λαμπροῖς,
1452 789 1524 847 ὡς
1574 786 1660 840 ἐπὶ
1717 786 1902 860 ῥητοῖς
1952 784 2139 859 γέρασι

500 885 775 962 βασιλείας
802 880 1146 950 τοόπίσημον
1181 874 1429 951 ἔχοντος.
1466 876 1561 928 Καὶ
1595 871 1660 941 δὴ
1701 872 1898 947 ἤπειγε
1945 893 2003 927 τε
2048 874 2141 933 τὸν

504 972 885 1049 αρχιδιάκονον
922 965 1210 1043 ὁκρατῶν,
1269 965 1357 1017 καὶ
1402 962 1647 1036 παραυτά
1706 960 1871 1033 μηδὲν
1929 961 2141 1032 μελλή-

504 1046 976 1123 σαςνάπέστελλεν,
1027 1056 1107 1128 ἐφ’
1164 1053 1209 1125 ᾧ
1262 1055 1336 1123 μὴ
1381 1051 1536 1125 γνοίη
1592 1052 1619 1103 ὁ
1656 1050 1923 1124 βασιλεύς.
1987 1046 2144 1104 Ἀλλ’

499 1152 700 1210 ἐκεῖνος
738 1150 830 1220 μὲν
880 1146 970 1199 καὶ
1012 1145 1102 1197 τὸν
1162 1139 1381 1203 δοθέντα
1428 1140 1616 1212 καιρὸν
1649 1138 1922 1209 συντεμὼν
1969 1136 2146 1205 ἤλαυ-

504 1261 585 1293 νεν
619 1238 696 1314 ἐφ’
744 1236 903 1307 έῲας,
955 1229 1206 1307 βασιλεὺς
1257 1227 1314 1281 ὃὶ
1369 1229 1628 1299 πειράσας
1676 1224 1949 1287 διαλαθεῖν
1993 1224 2145 1297 ὅμως

503 1329 565 1382 τὸ
604 1322 737 1380 κατᾶ
789 1322 992 1397 βουλὴν
1042 1321 1139 1373 οὒκ
1175 1316 1357 1385 ἤνυεν,
1410 1313 1552 1368 ’ἀλλ’
1607 1314 1914 1390 εὐφώρατον
1963 1315 2147 1388 γέγονε

504 1419 566 1472 τὸ
618 1413 948 1491 ἀπόρρητον,
981 1413 1066 1464 καὶ
1127 1409 1224 1476 τὴν
1281 1407 1558 1482 συμφορὰν
1594 1405 1621 1457 ὁ
1662 1406 1843 1458 παθὼν
1904 1404 1975 1464 ὡς
2034 1405 2148 1478 εἶχε

507 1488 763 1581 διέφερεν.
793 1503 853 1557 Ὁ
890 1502 1070 1573 μέντοι
1122 1515 1185 1570 γε
1230 1495 1495 1569 πεμφῦεἷς
1545 1490 1763 1552 ἐπιστὰς
1818 1492 1981 1565 βαρὺς
2028 1488 2145 1545 €30-

507 1579 618 1664 Esv,
680 1590 862 1662 ἄδωρα
924 1587 1073 1662 δῶρα
1128 1587 1302 1661 φέρων
1356 1588 1433 1653 τῷ
1485 1582 1585 1650 υὶῴ
1633 1582 1775 1653 παρὰ
1837 1579 2144 1652 βασιλέως.

508 1680 722 1755 Ὀλίγον
774 1677 831 1732 δὲ
886 1674 1172 1750 προλιπών
1234 1671 1357 1725 ὅσον
1416 1669 1757 1723 ἐπισκευάσαι
1813 1668 1903 1721 τὸν
1958 1667 2144 1741 νεκρὸν

506 1740 772 1845 εὐάγωγον
831 1740 948 1827 καθ’
1005 1761 1127 1817 ὁδὸν
1165 1804 1177 1829 ,
1247 1759 1475 1820 σπεύσας
1526 1752 1599 1816 είς
1645 1756 1867 1811 Νίκαιαν
1950 1740 2095 1832 φέρει
2130 1798 2143 1812 ,
2180 1794 2223 1856 Β
2253 1740 2350 1800 κθ’.

506 1844 881 1930 Καὶγπαραυτὰ
933 1854 1024 1924 μὲν
1086 1849 1365 1905 στέλλεται
1422 1849 1520 1914 τὴν
1576 1845 1663 1900 ἐπὶ
1721 1844 2142 1906 Νικαίαςὸπαα

503 1929 798 2021 τριάρχης,
845 1940 1161 1997 στέλλονται
1210 1936 1265 1992 δὲ
1312 1934 1403 1990 καὶ
1444 1935 1695 2009 ἱεράρχαι
1746 1931 1863 1985 Ιὅσοι
1918 1929 1982 1999 δὴ
2015 1930 2150 1985 κατὰ

504 2020 667 2090 πόλιν
701 2033 856 2103 ἦσαν,
888 2030 976 2085 καὶ
1008 2026 1069 2083 τὸ
1098 2030 1192 2082 τοῦ
1242 2024 1454 2099 κλήρου
1514 2022 1756 2096 ἔκκριτον
1810 2020 2041 2092 ξύμπαν.
2074 2022 2148 2073 Τὰ

504 2118 560 2178 δέ
588 2140 647 2199 γε
675 2124 743 2195 τῇ
791 2119 911 2190 ὁσία
962 2118 1309 2194 προσήκοντα
1354 2113 1443 2167 καὶ
1492 2108 1611 2166 λίαν
1656 2116 1921 2185 περιφανῆ
1956 2110 1983 2162 6
2012 2127 2146 2183 κρα-

500 2216 607 2265 τῶν
691 2210 1026 2282 ηὐτρέπιζε.
1108 2203 1236 2258 Τότε
1308 2201 1485 2255 τοίνυν
1558 2199 1622 2252 τὰ
1660 2196 2020 2268 νενομισμένα
2075 2199 2143 2267 τῇ

500 2298 720 2372 κειμένῃ
770 2295 992 2356 τελέσας
1039 2294 1066 2347 6
1122 2289 1505 2365 πατριάρχης,
1570 2286 1661 2340 καὶ
1739 2283 1987 2346 πολλοὺς
2035 2288 2141 2337 τῶν

495 2368 787 2462 γνωρίμων
842 2380 1091 2459 χρυσίοις
1158 2380 1367 2442 ἱκανοῖς
1440 2373 1832 2449 δωρησάμενος
1864 2417 1878 2443 ,
1936 2368 1995 2426 ἐκ
2045 2370 2142 2437 τῆς

505 2607 660 2658 teret
685 2605 893 2667 vestes,
924 2595 1300 2653 versicolores
1350 2593 1480 2648 albo
1541 2590 1745 2644 mistas
1767 2595 1823 2643 et
1871 2596 2149 2659 purpura,

500 2691 721 2745 intextu
749 2687 873 2742 auri
909 2685 1254 2755 variegatas,
1289 2679 1685 2751 snperadditis
1730 2688 1831 2747 pro
1890 2675 2149 2727 Cmsareo

502 2778 733 2850 insigni
768 2775 981 2849 aquilis
1014 2790 1183 2844 opere
1215 2769 1589 2842 phrygionlco
1626 2765 1891 2821 formatis
1920 2766 2148 2817 contes-

502 2868 790 2923 seratione
825 2864 1300 2935 margaritarum.
1351 2860 1493 2927 Ejus
1551 2856 1778 2927 generis
1835 2858 1893 2906 et
1946 2852 2143 2903 formae

498 2959 623 3010 tum
658 2954 1026 3008 indumentis
1059 2966 1296 3006 crurum
1330 2949 1660 3018 pedumque
1684 2946 1807 2995 tum
1850 2936 2143 3007 ephippiis

502 3060 567 3097 ac
591 3043 789 3110 frenis,
825 3041 1137 3096 declaravit
1188 3039 1507 3107 imperator
1566 3048 1668 3103 per
1724 3026 2140 3088 Meiitenioten,

2250 522 2549 599 μέμφεσθαι
2593 523 2708 596 εἶχε
2743 529 2824 595 τῷ
2872 522 3168 600 φιλοδώρῳ
3212 534 3307 595 τῆς
3348 532 3691 604 προαιρέσεως,
3729 541 3806 604 τὴν

2245 611 2380 683 πρὸς
2411 611 2509 677 τὴν
2560 611 2719 665 πόλιν
2769 611 2858 665 καὶ
2900 612 3051 676 αὖθις
3099 612 3320 682 ἤλαυνε.
3364 619 3643 689 Πυθόμενος
3670 621 3715 677 δὲ
3739 626 3810 679 τὸν

2251 695 2475 772 βασιλέα
2527 696 2870 772 Ἀνδρόνικον
2920 698 3083 754 πάλιν
3133 703 3423 773 ἁπτόμενον
3478 710 3572 759 τῶν
3618 712 3715 771 καθ’
3753 708 3811 765 Et»

2250 783 2702 859 διαπεραιωθήναι
2757 788 2848 841 τὸν
2904 788 3175 864 Βόσπορον
3212 832 3226 857 ,
3281 790 3461 846 αὐτίκα
3515 797 3815 867 παρεγκλίνας

2249 872 2299 927 ἐν
2348 877 2429 944 τῷ
2482 878 2578 927 τοῦ
2628 874 2783 947 ἁγίου
2842 875 3128 944 Αὐξεντίου
3189 880 3360 951 βουνῷ
3413 882 3537 935 κατά
3583 903 3672 935 που
3718 885 3816 946 τοὺς

2249 961 2528 1034 πρόποδας
2579 964 2931 1035 σκηνουμὲνῳ
2988 966 3311 1038 συγγίνεται.
3370 967 3594 1036 Κὰπειδή
3638 973 3819 1042 Mutua-

2249 1054 2554 1123 κτηριῶνος
2585 1050 2854 1124 λήγοντος
2882 1054 2915 1119 ἠ
2948 1057 3053 1106 τῶν
3096 1054 3264 1127 ἁγίων
3310 1054 3609 1109 ἀποστόλων
3653 1063 3822 1129 προσή-

2252 1136 2442 1191 λαυνεν
2494 1140 2675 1211 έορτή,
2735 1137 2906 1193 ἐκεῖσε
2967 1142 3157 1214 μικρὸν
3208 1142 3479 1213 ἐπιμείνας
3528 1150 3598 1215 τῷ
3653 1146 3827 1218 βασιλεῖ

2252 1224 2465 1296 ὁμιλῶν
2498 1227 2563 1280 τὰ
2617 1227 2799 1280 εἷ’κότα
2852 1228 3029 1299 (ἐῴκει
3082 1230 3180 1302 γάρ
3233 1231 3324 1284 καὶ
3382 1230 3689 1285 συνδεδέσθαι
3736 1240 3826 1297 ταῖς

2251 1315 2387 1383 πρὸς
2440 1314 2598 1369 αὐτὸν
2654 1315 2885 1389 ἀγάπαις
2943 1318 2971 1369 6
3030 1316 3324 1390 βασιλεὺς),
3384 1320 3533 1381 τέλος
3583 1324 3672 1389 τὴν
3713 1324 3827 1375 θείαν

2251 1400 2531 1462 ἐκτελέσας
2582 1405 2967 1477 μυσταγωγίαν
2997 1404 3049 1458 ἐν
3079 1410 3147 1478 τῇ
3183 1412 3325 1480 μονῇ
3377 1413 3469 1461 to?)
3520 1409 3833 1482 ἀρχιστρατή-

2251 1510 2346 1563 γου
2403 1493 2538 1544 κατὰ
2592 1492 2689 1559 τὴν
2750 1494 2940 1567 δορτὴν
2975 1538 2989 1563 ,
3041 1494 3130 1548 καὶ
3196 1496 3271 1557 ὡς
3346 1496 3483 1558 εἰκὸς
3540 1496 3836 1569 ἐπευξάμενος

2253 1578 2671 1636 ἀπαλλάττεται.

2413 1741 2738 1814 Εκστρατεία
2795 1740 3026 1830 Βίίιχαήλ
3089 1742 3384 1830 βασιλέωςυ
3405 1746 3536 1818 πρὸς
3593 1746 3840 1820 Σάγγαριν,

2746 1815 2832 1865 καὶ
2860 1815 2923 1868 τὰ
2958 1815 3226 1887 γεγονότα
3270 1815 3401 1869 ἐκεῖ.

2327 1934 2410 2001 [Ρ.
2473 1934 2595 2004 34ἓ]
2656 1933 2915 1994 Βασιλεὺς
2973 1932 3030 1988 δὶ
3067 1936 3154 1990 καὶ
3204 1935 3359 1998 αὖθις
3415 1935 3653 2011 ἀγγελθὲν
3698 1936 3848 2006 ἐκείνῳ

2255 2019 2329 2079 ὡς
2382 2018 2448 2072 τὰ
2498 2019 2662 2093 πέραν
2714 2024 2810 2073 τοῦ
2883 2025 3205 2097 Σαγγάρεως
3278 2024 3532 2095 ἀσθενεῖ,
3590 2026 3760 2098 ΙΙὲρσαι
3803 2042 3847 2076 τε

2254 2113 2478 2181 συχναῖς
2537 2108 2898 2176 ἐπιτίθέμενοι
2957 2113 3170 2184 πείραις
3227 2114 3369 2167 κατὰ
3424 2112 3633 2179 πολλὴν
3703 2110 3847 2165 ἄδειαν

2255 2192 2731 2267 διαπεραιοόμενοι
2762 2202 2939 2258 κακῶς
2980 2204 3196 2252 ποιοῦσι
3245 2199 3337 2253 καὶ
3390 2201 3456 2254 τὰ
3495 2198 3733 2274 ἐνδοτέρω
3772 2202 3846 2251 τοῦ

2251 2286 2538 2354 ποταμοῦ,
2583 2281 2836 2357 δυνάμεις
2893 2288 3247 2361 συναθροίσας
3297 2289 3429 2349 ὅσας
3478 2289 3504 2341 6
3542 2288 3713 2363 καιρὸς
3763 2284 3846 2339 ἐδί-

2254 2368 2348 2426 δου
2378 2372 2466 2427 καὶ
2498 2372 2756 2449 ἐνεχώρει
2798 2376 2919 2429 τότε
2950 2377 3066 2430 κατ’
3124 2366 3282 2431 atra»
3335 2397 3643 2453 πραγματα,
3674 2373 3843 2448 ἀπτέρῳ

2261 2587 2514 2654 ciens,ut
2543 2591 2688 2644 satis
2719 2598 3025 2663 appareret
3046 2609 3158 2647 non
3180 2597 3537 2665 respondere
3563 2596 3835 2651 facultatem

2258 2679 2568 2745 voluntati,
2602 2685 2657 2733 et
2690 2680 2820 2749 plus
2852 2680 3025 2752 longe
3050 2684 3401 2751 profundere
3424 2690 3681 2755 paratam
3724 2698 3833 2738 men-

2257 2769 2371 2819 tem
2405 2766 2720 2821 beneiicam
2752 2785 2924 2838 quem
2960 2777 3247 2840 quantum
3282 2789 3501 2827 manus
3550 2791 3650 2843 pro
3697 2768 3830 2825 dantis

2258 2858 2386 2906 voto
2416 2852 2638 2909 exiliter
2663 2856 2950 2910 instructa
2979 2864 3342 2929 suggereret.
3382 2860 3484 2914 His
3517 2861 3663 2915 actis
3682 2858 3844 2913 Versus

2255 2956 2317 2994 se
2348 2941 2405 2994 in
2438 2942 2639 2996 urbem
2673 2944 2946 3010 referens,
2997 2946 3182 3000 obiter
3236 2948 3443 3003 audito
3504 2947 3847 3003 Andronicum

2254 3035 2580 3099 Augustum
2614 3033 2851 3101 trajectu
2883 3034 3136 3102 Bosporo
3172 3050 3381 3091 versus
3440 3038 3721 3093 Orientem
3774 3032 3856 3085 iti-r

500 3130 646 3185 velle
678 3148 805 3185 sese
828 3134 1003 3199 atque
1033 3143 1267 3197 aequum
1302 3138 1536 3176 censere
1583 3117 1641 3172 in
1699 3120 1992 3187 posterum
2056 3110 2139 3164 uti
2173 3115 2214 3178 C
2253 3118 2651 3188 capessere,de
2682 3120 2772 3173 via
2794 3120 3093 3177 declinans
3116 3134 3249 3176 enm
3284 3125 3562 3180 convenit
3591 3125 3657 3178 ad
3673 3122 3855 3177 radices

504 3217 970 3285 Constantinum,
999 3214 1179 3269 solius
1198 3210 1512 3266 unicoloris
1534 3213 1588 3261 et
1611 3203 1984 3275 impermistm
2009 3214 2147 3271 pur-

506 3322 662 3376 purae
696 3318 806 3360 usu
838 3303 1246 3359 concedentem
1283 3298 1442 3352 fratri
1476 3296 1679 3364 majori
1708 3295 1829 3362 jam
1863 3292 2146 3359 Augusto.

503 3399 747 3447 Strenue
780 3388 1005 3447 curavit
1037 3387 1322 3460 quidquid
1353 3385 1771 3440 demandatum
1833 3378 2020 3432 fuerat
2062 3393 2146 3429 ar-

509 3476 973 3545 chidiaconus,et
1000 3475 1299 3532 celerrime
1330 3470 1814 3527 clamAndronico
1846 3468 2147 3538 pervectus

508 3566 569 3622 in
598 3568 892 3622 Orientem
916 3571 1051 3621 ante
1081 3565 1277 3619 omnia
1333 3559 1712 3615 Constantino
1758 3556 2148 3625 Porphyroge-

511 3655 631 3709 nito
654 3660 709 3709 et
740 3656 1012 3709 mandata
1036 3661 1088 3708 et
1116 3652 1503 3720 dona,parum
1534 3647 1670 3701 licet
1693 3641 2145 3715 gratu,parentis

507 3743 752 3813 Augusti
787 3741 1055 3798 reddidit.
1088 3744 1367 3795 Caeterum
1404 3737 1559 3791 haud
1591 3735 1675 3788 sic
1706 3746 1915 3787 arcano
1946 3728 2145 3783 haberi

511 3846 669 3887 mors
696 3834 967 3903 Augustae
1001 3830 1098 3885 diu
1132 3827 1340 3901 potuit,
1376 3831 1441 3880 ut
1472 3828 1759 3878 amentem
1798 3818 2021 3873 falleret
2065 3816 2145 3869 vi-

510 3938 642 3975 rum
673 3922 800 3990 ejus
840 3921 1161 3990 Augustum
1189 3916 1511 3986 juniorem;
1542 3910 1643 3981 qui
1688 3909 1800 3961 cito
1849 3905 2146 3976 cognitum

514 4008 627 4063 sibi
660 4007 1158 4063 luctuosissimum
1191 4016 1388 4059 casum
1419 4000 1553 4053 tulit
1578 4003 1640 4051 ut
1671 3996 1881 4066 potuit.
1924 3994 2147 4061 Corpus

517 4112 688 4166 porro
720 4096 969 4150 dominae
1002 4096 1241 4148 mortua:
1285 4088 1459 4145 simul
1514 4085 1903 4155 compositum
1962 4084 2019 4133 et
2048 4095 2150 4133 cu-

511 4188 707 4237 ratum
740 4200 808 4237 ex
841 4184 997 4252 regio
1026 4182 1171 4237 σοι
1212 4194 1367 4231 more
1397 4181 1504 4239 est,
1536 4175 1742 4227 idoneo
1773 4172 1830 4224 in
1863 4171 1917 4223 id
1960 4168 2147 4238 spatio

515 4271 779 4339 impenso
813 4276 873 4323 ut
897 4272 1019 4337 jam
1052 4267 1239 4322 efferri
1262 4269 1317 4319 et
1344 4266 1401 4317 in
1448 4278 1655 4332 pompa
1703 4260 1928 4314 ostendi
1987 4257 2146 4312 salvo

510 4366 771 4428 Augusta
797 4360 1119 4431 maiestatis
1144 4359 1348 4412 decore
1394 4360 1608 4426 posset,
1669 4351 1991 4422 splendidis
2050 4365 2150 4402 ex-

514 4451 736 4521 sequiis
757 4465 891 4503 eum
925 4466 955 4502 a
1004 4445 1495 4517 Porphyrogenito
1548 4448 1671 4495 tum
1726 4457 1757 4494 a
1803 4438 2150 4493 Meliteniote
2185 4468 2226 4530 Β

514 4538 805 4608 deportari
841 4540 1131 4604 curatum,
1156 4547 1484 4604 magnoque
1516 4531 1829 4583 deductum
1869 4528 2148 4581 comitatu

518 4626 767 4679 Nicaeam
797 4630 905 4687 est;
940 4640 1053 4695 quo
1077 4623 1253 4677 etiam
1288 4621 1470 4675 missu
1508 4616 1875 4683 imperatoris
1930 4615 2148 4683 patiar-

520 4715 628 4768 cha
658 4715 907 4768 occurrit
937 4730 1069 4767 cum
1104 4711 1411 4782 episcopis,
1471 4711 1757 4778 quotquot
1816 4710 1952 4758 tunc
2003 4703 2154 4757 Con-

520 4801 901 4872 stantinopoli
951 4803 1127 4867 fuere,
1181 4817 1244 4855 ac
1290 4799 1427 4853 ﬂore
1487 4798 1727 4865 insuper
1759 4794 1884 4864 ipso
1943 4792 2150 4846 urbani

517 4891 653 4945 cleri
688 4890 964 4943 universi.
996 4890 1299 4960 Magnifice
1323 4889 1444 4957 jam
1480 4886 1557 4938 ibi
1583 4900 1648 4938 ac
1680 4882 1846 4953 plane
1872 4882 2024 4952 regie
2053 4898 2151 4950 pa-

522 4984 811 5034 rentatum
836 4978 1121 5033 defunctae
1147 4985 1253 5041 est,
1290 4974 1433 5029 nihil
1456 4974 1523 5027 ad
1559 4972 1927 5041 splendorem
1982 4986 2155 5039 appa—

519 5071 682 5121 ratus
718 5082 1059 5138 pompaeque
1120 5081 1296 5136 quam
1355 5058 1838 5133 augustissimam
1899 5058 2153 5127 speciem

518 5154 818 5209 omittente
850 5155 1202 5224 imperatore
1234 5169 1383 5205 cura:
1414 5168 1477 5204 ac
1523 5150 1816 5216 sumptus.
1877 5144 1994 5198 Sub
2036 5144 2156 5198 haec

520 5245 862 5315 perfunctus
895 5242 1236 5298 caeremonia
1260 5240 1485 5294 funebri
1520 5234 1853 5308 patriarcha
1882 5232 1989 5287 sibi
2015 5233 2154 5287 olim

522 5332 840 5389 familiares
871 5348 935 5387 ac
968 5329 1330 5385 necessarios
1370 5327 1586 5381 multos
1618 5323 1830 5386 aureis,
1855 5337 2000 5392 quos
2056 5319 2154 5374 illo

520 5423 725 5477 funere
754 5421 1016 5475 lucratus
1048 5418 1335 5489 plurimos
1367 5417 1573 5479 iuerat,
1631 5410 1944 5466 liberaliter
1998 5411 2152 5465 elar-

522 5510 753 5581 giendis
787 5509 1094 5571 demeruit,
1128 5510 1290 5560 tanta
1325 5505 1380 5558 id
1443 5501 1715 5575 propensi
1775 5502 1843 5555 ad
1894 5500 2152 5554 dandum

524 5597 706 5654 animi
739 5594 1029 5651 declarata
1059 5594 1223 5649 vultu
1257 5594 1383 5666 ipso
1414 5610 1478 5648 ac
1512 5596 1679 5664 gestu
1714 5588 2012 5645 alacritate
2071 5590 2153 5644 fa-

2254 3207 2439 3261 monti
2470 3207 2663 3259 Sancti
2689 3210 2958 3263 Auxentii
3010 3210 3198 3279 posito
3229 3213 3550 3282 Augustali
3607 3212 3858 3265 diversam-

2255 3299 2392 3348 tcm.
2425 3295 2560 3348 Erat
2590 3300 2729 3349 tunc
2761 3300 2989 3364 tempus
3020 3298 3346 3355 desinentis
3372 3301 3859 3367 Junii,festumque

2251 3382 2601 3436 imminebat
2657 3387 2989 3437 sanctorum
3022 3387 3458 3457 Apostolorum,
3484 3388 3635 3458 quod
3670 3384 3855 3438 Andro-

2253 3470 2421 3523 nicus
2447 3468 2565 3522 illic
2594 3469 2885 3525 celebrare
2916 3474 3322 3529 constituerat.
3362 3480 3444 3531 Ea
3475 3493 3652 3530 causa
3679 3473 3865 3543 perier-

2252 3558 2372 3611 chaa
2402 3556 2481 3610 ibi
2504 3557 2675 3627 paulo
2716 3558 2938 3613 diutius
2962 3560 3193 3615 detento
3215 3566 3451 3633 copiam
3494 3559 3865 3634 praebuitiibe-

2254 3646 2464 3699 riorem
2503 3645 2828 3716 longiorum
2854 3646 3277 3720 colloquiorum
3303 3670 3442 3708 cuin
3505 3655 3778 3723 Augusto,
3826 3649 3869 3700 et

2255 3742 2318 3787 ut
2350 3734 2687 3803 apparebat,
2721 3735 2866 3789 bene
2897 3736 3099 3791 affecto
3130 3755 3193 3793 ac
3226 3756 3331 3809 per
3366 3741 3480 3796 hoc
3526 3740 3704 3810 ipsius
3754 3751 3864 3789 con-

2252 3822 2564 3876 suetudine
2595 3825 2904 3893 gaudente.
2930 3826 3190 3882 Tandem
3225 3828 3479 3884 solemni
3505 3827 3777 3885 sacriﬁcio
3796 3824 3869 3877 die

2255 3915 2589 3964 sanctorum
2625 3911 2775 3965 Petri
2804 3918 2860 3966 et
2890 3914 3053 3968 Pauli
3085 3916 3190 3969 rite
3213 3920 3372 3987 apud
3398 3910 3868 3973 SanctiMichaelis

2255 3997 2591 4070 archangeli
2652 4003 3073 4057 monasterium
3132 4020 3165 4058 a
3236 4007 3550 4075 patiarcha
3621 4004 3869 4061 celebrato

2253 4085 2583 4141 valedicens
2614 4087 2664 4142 is
2705 4088 3060 4159 imperatori,
3103 4090 3335 4162 ipsique
3399 4095 3461 4149 in
3522 4095 3778 4165 digressu
3818 4088 3870 4139 de

2259 4190 2414 4229 more
2446 4175 2592 4230 bene
2613 4181 2906 4246 precatus,
2940 4184 3124 4250 rcepto
3150 4181 3354 4236 urbem
3391 4200 3605 4238 versus
3633 4179 3804 4235 itineri
3824 4188 3871 4229 se

2260 4262 2537 4315 reddidit.

2260 4262 2537 4317 reddidit.

2254 4424 2344 4477 29.
2381 4426 2969 4553 ExpeditioMichaelis
2984 4430 3331 4553 fgrtperqtoris
3360 4449 3559 4488 versus
3590 4430 3873 4502 Sangarim:

2899 4514 2927 4553 e
2977 4516 2997 4553 ι
3038 4516 3056 4553 ι
3086 4517 3251 4553 aesa.

2899 4514 2949 4553 et
2977 4514 3056 4553 un
3085 4514 3251 4570 gesta.

2331 4621 2482 4676 502
2518 4625 2589 4673 At
2621 4621 2938 4692 imperator
2979 4641 3183 4679 rursus
3243 4644 3359 4681 non
3428 4630 3634 4684 dubiis
3692 4622 3875 4681 nuntiis

2260 4710 2471 4764 certior
2505 4710 2689 4764 factus
2723 4710 3279 4784 ulterioresSangari
3310 4717 3595 4787 regiones
3630 4716 3873 4773 laborare,

2265 4798 2445 4851 Persae
2474 4797 2766 4866 siquidem
2800 4815 2975 4869 opum
3007 4800 3087 4854 ibi
3121 4802 3537 4859 Romanorum
3575 4802 3878 4859 inﬁrmitate

2263 4885 2477 4939 crebris
2495 4884 2895 4940 incursionum
2920 4890 3325 4958 experimentis
3351 4894 3596 4947 abunde
3618 4889 3880 4960 comperta

2262 4978 2495 5027 tantum
2529 4973 2890 5045 ﬁducimjam
2923 4985 3299 5048 sumpserant
3330 4985 3400 5033 ut
3432 4998 3613 5035 amne
3664 4975 3883 5034 securis-

2264 5063 2411 5115 sime
2441 5062 2681 5130 trajecto
2712 5063 2884 5117 etiam
2903 5065 3195 5122 citeriores
3217 5069 3467 5137 Sangari
3505 5073 3725 5123 tractus
3746 5074 3883 5134 agere

2264 5148 2533 5218 ferreque
2563 5149 2782 5220 rapinis
2814 5156 2870 5206 et
2892 5153 3317 5209 vastationibus
3370 5173 3496 5211 non
3560 5154 3885 5210 dubitarent.

2264 5236 2578 5291 contractis
2606 5239 2784 5308 copiis
2815 5245 3066 5309 quantas
3096 5260 3197 5312 pro
3220 5247 3497 5312 tempore
3517 5230 3746 5314 proque
3771 5253 3887 5310 pra?-

2264 5326 2411 5378 scnti
2446 5325 2612 5395 copia
2634 5326 2823 5396 potuit
2854 5344 3076 5399 cogere,
3097 5347 3328 5385 summa
3356 5331 3674 5387 celeritate
3705 5329 3889 5384 illucse

2263 5412 2533 5477 contulit,
2560 5414 2802 5485 Sangari
2852 5419 3222 5473 transmisso.
3273 5420 3444 5474 Tunc
3499 5435 3748 5475 cernens
3797 5414 3890 5469 illic

2263 5500 2588 5571 Scythicam
2614 5504 2933 5573 quamdam
2964 5505 3054 5575 (ut
3074 5506 3247 5578 vulgo
3270 5506 3512 5578 dicunt)
3537 5505 3890 5564 solitudinem

2262 5593 2382 5643 tam
2432 5589 2551 5643 acri
2582 5590 2799 5647 doloris
2822 5594 3102 5650 urebatur
3130 5612 3560 5665 sensu,parum
3594 5600 3660 5650 ut
3688 5593 3894 5650 abesset
