4110 6280
237 359 346 413 965

1305 357 1397 408 DE
1432 353 1806 409 MICHABLE
1842 351 2282 408 PALEOLOGO
2317 354 2451 406 LIB.
2491 357 2584 406 VI.

3519 348 3626 401 966

233 481 392 553 τάχει
447 477 662 532 τάκεῖσε
711 470 1118 546 καταλαμϐάνει
1152 473 1562 550 διαπεραιωθεὶς
1591 474 1678 527 τὸν
1734 473 1879 545 Σάγ-
1907 477 1963 541 Α
1993 470 2044 526 ο⁹ί
2101 470 2165 540 δὴ
2225 473 2633 548 γλισχρότητος
2692 472 2784 544 μέν
2819 469 3113 541 ἡττημένοι
3156 469 3485 542 λημμάτιον,
3521 467 3626 524 δέει

238 587 418 642 γαριν,
484 565 616 620 Τότε
672 563 849 617 τοίνυν
915 561 1132 636 βλέπων
1185 564 1285 630 τήν
1328 564 1570 634 Σκυθῶν,
1602 561 1743 616 εἷ’ποι
1776 582 1879 628 τις,

242 656 472 729 ἐρημίαν
533 653 640 707 ἐκεί
695 650 927 724 μονονοὺ
985 651 1180 725 τρίχας
1237 647 1457 706 ἔτιλλε.
1519 649 1882 722 Κατῳκτίζετο

246 745 340 815 μέν
386 745 485 817 γὰρ
518 741 760 801 ἐκτόπως
791 740 882 794 τὸν
937 739 1126 807 τόπον,
1185 739 1277 792 καὶ
1336 741 1434 806 τήν
1467 737 1885 812 χλεύηνκατω-

241 830 443 904 δύμετο
500 836 608 884 τῶν
643 826 816 883 ἰδίων.
873 829 1014 901 Πρὸς
1042 825 1098 880 δέ
1124 848 1185 902 γε
1231 828 1323 880 τὸν
1356 824 1760 900 Ἀλεξανδρείας
1785 847 1884 878 πα-

238 919 535 993 τριάρχην,
579 917 750 971 ἐκεῖσε
799 917 934 969 κατα
981 912 1321 988 παραμυθίαν
1367 919 1446 986 τῷ
1502 913 1715 988 βασιλεῖ
1771 935 1888 968 συν-

245 1005 524 1080 διάγοντα,
572 1008 671 1074 τήν
731 1009 826 1058 τοῦ
881 1005 1028 1058 ταῦτ’
1087 1005 1417 1077 ἠρημῶσθαι
1448 1002 1621 1056 αἶ’τίαν
1665 1000 1886 1075 καρδίας

244 1099 572 1168 στεναγμοῖς
615 1092 947 1166 ἰσχυρίζετο,
1005 1095 1100 1144 τοῦ
1155 1091 1328 1144 τόπου
1388 1091 1483 1162 μὲν
1539 1088 1885 1161 μεμνημένος

245 1184 320 1244 ὡς
373 1184 489 1255 εἶχε
545 1181 606 1234 τὸ
664 1181 925 1255 πρότερον
963 1221 977 1244 ,
1035 1178 1124 1232 ὅτε
1179 1180 1294 1232 κατ’
1361 1176 1676 1249 ἐπιτροπίαν
1731 1177 1890 1240 αὐτὸς

244 1271 585 1344 ἐστρατήγει,
645 1268 695 1327 ές
750 1267 950 1320 ὁπόσον
1012 1263 1067 1318 δὲ
1121 1269 1404 1340 συμφορᾶς
1455 1267 1889 1334 κατηντήκειτῷ

240 1360 364 1412 τότε
425 1357 659 1430 βλέπων,
720 1355 794 1414 ὡς
848 1351 988 1425 μηδὶ
1023 1354 1180 1427 βατὸν
1234 1353 1537 1427 ἀνθρώποις
1583 1353 1737 1423 εἶναι,
1772 1351 1890 1406 δέν-

244 1443 421 1517 δρεσιν
482 1443 774 1515 ὑψικόμοις
833 1439 1291 1511 κατειλημμένον.
1347 1441 1426 1495 Τὸ
1476 1437 1520 1494 δ’
1551 1437 1748 1507 αἶ’τιον,
1783 1461 1890 1514 φη-

243 1534 350 1604 σὶν,
410 1535 444 1600 ἡ
501 1535 608 1584 τῶν
667 1528 930 1598 ζηλωτῶν
985 1529 1244 1595 ἐπίθεσις,
1303 1528 1498 1582 καὶτὸ
1547 1526 1885 1598 ἐκπολεμοῦν

245 1619 461 1694 βασιλεῖ
515 1623 576 1672 τὸ
626 1619 862 1686 ὑπήκοον
921 1613 1192 1686 σπευδειν,
1244 1614 1317 1677 ὠς
1374 1617 1440 1670 τὰ
1468 1615 1558 1670 καὶ
1588 1617 1654 1669 τὰ
1685 1615 1888 1687 πέπρα-

238 1727 362 1760 κται
421 1707 704 1780 λέγοντας,
764 1705 854 1757 καὶ
913 1704 986 1764 ὡς
1047 1701 1392 1775 παρανομοίη
1427 1704 1454 1756 ὁ
1491 1701 1766 1777 βασιλεὺς,
1798 1701 1888 1756 καὶ

1991 555 2047 612 δέ
2076 559 2175 611 τοῦ
2211 560 2283 630 μή
2329 580 2381 612 τι
2430 558 2574 630 παρᾶ
2622 555 2885 631 βασιλέως
2936 557 3119 609 παθεῖν
3162 557 3236 619 ὡς
3266 555 3409 629 παρᾶ
3441 557 3503 608 τὸ
3552 555 3629 608 εἷ-

1988 646 2082 707 κὸς
2133 643 2614 718 ἐλλελειμμένους,
2667 646 2734 699 τὰ
2788 643 3096 717 πταίσματα
3136 644 3630 718 συγκαλύπτοντες,

1988 738 2065 804 τῷ
2095 735 2228 787 κατά
2277 740 2408 810 σφᾶς
2457 731 2601 787 ἀδεεῖ
2642 730 2813 805 ψευδῆ
2860 732 3176 808 γράφοντες,
3231 733 3482 806 ἠρήμουν
3531 733 3628 801 τήν

1995 822 2180 896 χώραν
2239 823 2326 875 καὶ
2385 820 2543 882 τέλος
2602 819 2806 893 ἔρημον
2837 823 2936 890 τὴν
2968 817 3293 893 οἰκουμένην
3330 822 3630 897 ἀπέφηναν.

1990 914 2164 964 Ταῦτα
2210 908 2407 984 λέγων,
2459 910 2660 986 τρυφὰς
2717 909 2998 983 βασιλικὰς
3056 909 3288 982 ἀφεικὼς
3335 909 3420 962 καὶ
3475 921 3631 983 θερα-

1992 997 2144 1051 πείαν
2203 998 2428 1066 ἅπασαν,
2480 998 2553 1060 ὡς
2583 1003 2841 1059 σιτεῖσθαι
2898 997 2985 1050 καὶ
3043 1002 3162 1059 τοῖς
3217 1001 3467 1070 τυχοῦσι,
3525 999 3632 1050 τῶν

1991 1085 2219 1157 πρόσθεν
2282 1086 2354 1146 ὡς
2412 1085 2555 1159 εἶχεν
2613 1080 2876 1138 ἐπέϐαινε.
2913 1085 3122 1159 Πέρσας
3162 1082 3240 1152 δέ,
3269 1087 3398 1137 ἅσον
3433 1083 3636 1143 ἐκεῖνος

1992 1174 2359 1248 προσεχώρει,
2403 1173 2504 1227 ὑπὸ
2535 1171 2678 1227 πόδα
2727 1177 2807 1245 [Ρ.
3019 1179 3221 1247 χωρεῖν
3253 1173 3362 1227 ἐκεῖ
3410 1177 3502 1226 τοῦ
3537 1174 3633 1247 βα-

1993 1260 2191 1322 σιλέως
2226 1261 2669 1336 διημερεύοντος,
2721 1262 2793 1322 ὡς
2833 1262 2920 1315 καὶ
2971 1260 3048 1315 ἔτι
3099 1263 3301 1334 θερμὰς
3331 1262 3425 1322 τὰς
3459 1261 3634 1317 ἑστίας

1994 1348 2209 1402 ἐκείνων
2259 1344 2797 1421 καταλαμϐάνοντος,
2847 1348 2982 1402 ὅπου
3017 1345 3073 1402 δὲ
3107 1348 3358 1423 βασιλεὺς
3389 1347 3639 1425 ἐφειστή-

1993 1461 2098 1507 κει,
2178 1439 2374 1502 ἐκεῖθεν
2446 1441 2550 1514 πρὸ
2619 1447 2744 1512 μιᾶς
2814 1441 3123 1515 φθανόντων
3180 1439 3397 1493 ἐκείνων
3454 1437 3488 1507 ἢ
3547 1437 3633 1492 καὶ

1997 1525 2244 1596 δευτέρας
2305 1531 2697 1599 μετασκηνοῦν.
2761 1529 2976 1596 Πλῆθος
3037 1525 3082 1581 δ’
3134 1527 3199 1595 ἦν
3233 1529 3459 1600 ὀπωρῶν
3495 1525 3638 1580 ἐκκε-

1997 1616 2247 1688 χυμένων
2307 1621 2453 1670 κάτω
2512 1621 2619 1670 τῶν
2681 1613 2938 1688 δένδρων,
2997 1617 3070 1676 ὡς
3104 1614 3301 1678 ἐκεῖθεν
3351 1616 3412 1668 τὸ
3470 1615 3634 1669 πλέον

1993 1708 2088 1757 τοῦ
2167 1707 2556 1776 στρατιωτικοῦ
2635 1703 2944 1771 σιτίζεσθαι·
3018 1703 3079 1755 τὸ
3160 1703 3260 1774 γαρ
3319 1700 3638 1776 είσαχθῆναί

240 1795 421 1850 τᾶλλα
451 1797 532 1853 οἷς
579 1793 673 1854 τὰς
721 1789 943 1865 καρδίας
973 1795 1078 1845 τῶν
1127 1791 1426 1864 ἀνθρώπων
1471 1789 1890 1864 ἀλλοτριοῦντες
1921 1825 1965 1888 Β
1993 1812 2100 1846 τισι
2159 1797 2267 1846 τῶν
2326 1789 2608 1864 ἐδωδίμων
2664 1791 2773 1846 ἐκεῖ
2830 1790 2918 1844 καὶ
2978 1789 3098 1844 λίαν
3139 1787 3225 1842 διὰ
3252 1791 3312 1842 τὸ
3345 1786 3462 1865 δέος
3492 1789 3636 1843 ἀπώ-

241 1881 340 1936 τοῦ
400 1879 784 1955 βασιλεῦοντος
837 1878 1052 1933 ἐποίουν
1111 1878 1201 1932 καὶ
1253 1877 1479 1952 βασιλέα
1535 1878 1657 1952 περὶ
1715 1879 1887 1948 ἑαυτῷ

246 1967 566 2036 δεδοικέναι,
624 1968 712 2022 καὶ
768 1968 867 2034 τὴν
926 1968 1042 2020 καθ’
1101 1967 1282 2020 ἑαυτὸν
1346 1963 1613 2041 esteem
1676 1968 1888 2026 παντως

245 2055 472 2131 καρδίας
529 2057 692 2124 οὔσης
750 2055 816 2109 τα
869 2055 1008 2126 μέλη
1055 2060 1523 2128 συγκατασπᾶσθαι
1567 2049 1884 2123 ξυνέϐαινεν.

242 2145 451 2202 Αὐτίκα
501 2143 604 2218 γὰρ
661 2141 930 2214 μέλλησις
974 2141 1296 2210 ἠκολούθει,
1351 2143 1529 2196 καὶτὸ
1569 2141 1887 2216 ἐπιτροπαῐς

248 2236 563 2308 στρατηγῶν
602 2232 689 2285 καὶ
745 2230 933 2303 μόναις
986 2227 1303 2292 διοικεῖσθαι
1353 2230 1420 2284 τὰ
1473 2232 1608 2284 κατὰ
1661 2232 1885 2296 τόπους,

254 2446 396 2518 quin
439 2442 586 2516 pilos
632 2441 757 2514 ipse
807 2440 918 2497 sibi
968 2443 1176 2515 capitis
1227 2442 1478 2498 Velleret.
1513 2443 1899 2499 Mlserabatur

255 2531 411 2588 enim
442 2529 862 2587 incredibiliter
904 2529 1294 2586 calamitatem
1327 2530 1586 2586 locorum
1619 2531 1853 2586 illorum
1880 2541 1894 2596 ;

256 2627 313 2676 et
343 2627 459 2675 tam
494 2622 734 2690 impune
767 2619 842 2672 ibi
877 2635 1014 2673 suos
1046 2619 1299 2673 ludibrio
1351 2636 1480 2674 esse
1530 2619 1794 2673 barbaris
1824 2620 1895 2672 ad

258 2709 550 2780 propriam
585 2708 772 2777 ipsius
821 2708 1111 2776 pertinere
1157 2708 1537 2776 ignominiam
1591 2708 1900 2777 reputabat

265 2811 537 2849 maerens.
572 2795 782 2848 Aderat
807 2796 856 2847 ei
891 2796 1067 2863 hujus
1101 2795 1484 2865 expeditionis
1514 2798 1580 2848 ad
1620 2795 1896 2849 solatium

259 2898 454 2936 comes
484 2880 912 2936 Alexandrinus
940 2881 1468 2952 patriarchaApud
1501 2881 1657 2936 hunc
1687 2897 1898 2936 exone-

261 2985 396 3024 rans
456 2968 738 3037 animum,
772 2985 882 3021 non
942 2969 1067 3022 sine
1126 2969 1260 3022 altis
1301 2985 1329 3022 e
1374 2971 1548 3024 corde
1605 2967 1898 3039 suspiriis,

261 3060 591 3113 afﬁrmabat
622 3064 975 3128 compertam
1011 3075 1138 3112 sero
1169 3057 1280 3111 sibi
1310 3075 1504 3112 veram
1537 3074 1772 3113 causam
1806 3057 1902 3111 ob-

256 3147 543 3202 versantis
566 3145 749 3200 oculis
777 3145 1176 3210 desolationis,
1202 3162 1331 3215 quae
1363 3150 1579 3213 quanta
1603 3160 1899 3215 quamque
1931 3182 1974 3246 C

260 3234 613 3290 miserabilis
645 3233 799 3288 esset
829 3229 954 3303 ipse
985 3233 1204 3302 optime
1236 3233 1502 3287 omnium
1543 3237 1764 3297 nosset,
1798 3233 1899 3284 ad-

249 3324 419 3393 jutus
469 3325 538 3377 ad
585 3321 645 3375 id
693 3320 975 3376 memoria
1024 3321 1283 3376 ﬂorentis
1329 3322 1622 3392 quondam
1657 3337 1721 3375 ac
1750 3319 1901 3373 beati

257 3409 567 3479 regionum
610 3409 822 3463 harum
869 3414 1081 3475 status,
1131 3409 1361 3479 qualem
1393 3427 1455 3464 se
1486 3413 1785 3480 spectasse
1815 3424 1903 3462 re-

266 3499 638 3560 cordabatur,
671 3512 802 3550 cum
859 3503 1173 3567 antequam
1221 3497 1278 3550 in
1329 3497 1641 3567 imperium
1699 3496 1902 3550 evehe-

264 3591 442 3648 retur,
466 3585 745 3638 Romanis
767 3585 948 3654 00piis
972 3584 1048 3638 ibi
1071 3590 1365 3654 praeesset.
1388 3589 1743 3656 Comparans
1767 3600 1902 3654 ergo

267 3671 463 3725 animo
497 3687 673 3740 quam
726 3671 955 3740 uberes,
981 3688 1158 3741 quam
1192 3673 1522 3742 frequentes
1551 3674 1690 3727 olim
1725 3672 1906 3726 felici-

262 3761 373 3814 bus
404 3758 610 3813 incolis
645 3765 827 3814 terraa.
867 3759 926 3812 in
961 3763 1242 3829 quantam
1276 3776 1454 3825 nunc,
1489 3777 1612 3830 quae
1644 3776 1906 3815 cernere-

264 3852 381 3914 tur,
398 3846 792 3900 calamitatem
816 3847 1204 3910 devenissent,
1234 3851 1295 3900 ut
1317 3864 1430 3901 non
1454 3846 1745 3902 exhaustae
1769 3846 1909 3900 civi-

268 3937 380 3989 bus
411 3934 745 4002 colonisque
778 3933 992 3996 solum,
1026 3935 1126 3988 sed
1156 3950 1225 3988 ne
1257 3935 1462 4004 perviae
1505 3935 1741 4004 quidem
1785 3935 1910 4002 jam

274 4022 610 4076 hominibus
658 4027 870 4087 essent,
902 4021 1064 4075 nullo
1113 4021 1331 4091 passim
1378 4022 1618 4092 vestigio
1659 4021 1908 4085 viarum,

270 4110 550 4180 stirpibus
601 4115 775 4180 atque
827 4109 1082 4165 arbustis
1125 4110 1324 4164 densis
1358 4115 1526 4179 atque
1557 4109 1692 4164 altis
1724 4111 1912 4164 enatis

273 4197 489 4267 ubique
538 4203 774 4252 temere.
809 4199 1017 4266 Causa,
1046 4198 1376 4268 inquiebat,
1409 4197 1547 4252 mali
1597 4198 1742 4252 tanti
1792 4198 1913 4252 haec

275 4288 508 4340 demum
531 4291 639 4350 est,
662 4287 888 4356 eruptio
911 4286 1220 4340 inconsulti
1245 4286 1349 4341 zeli
1373 4287 1640 4341 subditos
1671 4287 1914 4341 efferens

273 4375 330 4426 in
384 4381 629 4429 conatus
679 4375 921 4428 rebelles
970 4375 1353 4445 impugnandi
1400 4374 1761 4444 principem;
1814 4375 1915 4428 ubi

276 4465 504 4533 prodire
535 4462 704 4517 aliter
734 4464 791 4518 in
823 4480 943 4518 rem
980 4480 1091 4517 non
1126 4467 1394 4533 possunt,
1428 4462 1742 4517 maledicas
1770 4463 1913 4516 inci-

1999 1899 2164 1950 μοτον
2221 1882 2306 1947 ἤν.
2365 1883 2517 1942 Ὅθεν
2576 1885 2665 1933 καί
2722 1877 2990 1939 πολλάκις
3047 1876 3274 1949 πέμπων
3309 1874 3336 1929 ὁ
3384 1875 3636 1951 βασιλεὺς

1996 1967 2060 2021 τὰ
2113 1973 2214 2035 τῆς
2261 1967 2531 2039 τραπέζης
2583 1966 2785 2042 τρύφη,
2849 1965 2939 2019 τὸν
3002 1964 3238 2038 σκληρὸν
3271 1963 3514 2039 πιτυρίαν
3549 1961 3638 2019 καὶ

2001 2053 2204 2126 μέλανα
2241 2097 2254 2122 ,
2307 2053 2520 2128 γυναικί
2575 2075 2633 2108 τε
2690 2055 2802 2125 ἅμα
2859 2053 2945 2107 κκὶ
3007 2057 3231 2127 πενθερᾷ
3274 2053 3362 2106 καί
3415 2074 3474 2128 γε
3531 2074 3638 2106 πα-

1994 2141 2233 2217 τριάρχῃ
2283 2143 2370 2196 καὶ
2421 2147 2538 2203 τοῖς
2593 2141 2895 2218 γνωρίμοις
2949 2141 3184 2216 παρίστα
3239 2139 3299 2194 τὸ
3354 2135 3638 2212 δυσπαθὶς,

1995 2230 2215 2306 γράφων
2264 2227 2394 2302 μηδ’
2451 2231 2617 2284 αὐτοῦ
2676 2229 2984 2304 πηγιμαίου
3032 2223 3224 2290 ὕδατος
3253 2227 3522 2304 εὐπορεῖν,
3579 2223 3640 2282 τὸ

2009 2442 2216 2509 malis;
2251 2441 2386 2496 hinc
2415 2442 2653 2512 defungi
2685 2443 3037 2513 ougebamur
3067 2442 3479 2513 perfunctoriis
3509 2455 3648 2512 pro-

2006 2530 2353 2596 vlsionlbUs,
2387 2530 2692 2584 mittendis
2735 2530 2852 2584 base
2903 2529 2961 2584 in
3007 2529 3133 2584 loca
3184 2533 3495 2600 praefectis,
3528 2546 3646 2600 quo

2005 2617 2201 2670 venire
2255 2617 2413 2686 ipsos
2446 2634 2550 2671 nos
2582 2621 2966 2686 orportuerat.
3004 2622 3065 2670 Et
3107 2619 3498 2681 venissemus,
3532 2617 3647 2672 nisi

2007 2705 2171 2762 falsis
2206 2705 2299 2758 isti
2334 2705 2554 2760 nuntiis
2586 2705 2990 2759 necessitatem
3030 2704 3209 2759 nostri
3241 2706 3522 2759 adventus
3544 2705 3648 2759 ab-

2008 2794 2372 2847 sconderant.
2394 2795 2567 2847 Erant
2587 2793 2644 2847 hi
2670 2794 2937 2848 homines
2961 2793 3136 2862 avari,
3156 2794 3375 2864 rapinis
3396 2789 3604 2848 intenti
3632 2807 3645 2846 :

2009 2883 2335 2954 praedarum
2369 2900 2610 2938 suarum
2641 2889 2699 2937 et
2729 2883 3180 2938 concussionum
3227 2883 3321 2938 hic
3365 2883 3645 2938 exercita-

2011 2987 2140 3024 rum
2185 2975 2363 3024 testes
2396 2970 2608 3025 habere
2635 2972 2879 3040 Augusti
2915 2971 3214 3040 praesentis
3245 2972 3447 3025 oculos
3479 2971 3651 3026 time-

2009 3059 2172 3112 bant.
2193 3059 2325 3112 Ideo
2349 3055 2556 3112 litteris
2581 3051 2886 3112 fallacibus
2909 3058 3280 3113 occultabant
3300 3055 3649 3114 offensiones

2012 3145 2150 3200 belli
2184 3147 2502 3216 ruinasque
2535 3146 2818 3215 locorum,
2846 3163 2913 3200 ne
2948 3146 3270 3200 remedium
3303 3146 3398 3208 iis,
3422 3147 3468 3200 si
3502 3149 3648 3200 nota:

2013 3234 2285 3298 fuissent,
2318 3233 2716 3287 adhibendum
2749 3251 2783 3288 a
2813 3228 2982 3288 nobis
3014 3233 3339 3289 rationibus
3387 3235 3648 3304 ipsorum

2015 3321 2250 3392 privatis
2283 3319 2761 3376 incommodaret.
2787 3321 2934 3391 Ergo
2955 3315 3276 3392 utimpune
3298 3318 3442 3393 ipsis
3474 3323 3648 3388 esset,

2015 3415 2078 3462 ut
2103 3409 2492 3464 violentarum
2542 3409 2940 3464 extorsionum
2991 3427 3191 3480 poenas
3239 3428 3350 3464 non
3398 3409 3648 3477 luerent,

2017 3495 2395 3551 mendacibus
2441 3515 2548 3552 nos
2593 3497 2880 3552 lactantes
2913 3497 3142 3566 scriptis
3177 3497 3466 3569 regionem
3502 3499 3651 3553 hanc

2015 3589 2336 3650 vastarunt,
2360 3590 2416 3638 et
2446 3585 2502 3638 in
2549 3583 2838 3655 frequenti
2868 3585 3003 3638 olim
3039 3602 3103 3639 ac
3136 3583 3356 3656 passim
3389 3585 3655 3641 habitata

2013 3678 2166 3728 terra
2196 3671 2598 3740 solitudinem,
2632 3690 2808 3741 quam
2841 3677 3140 3743 gementes
3161 3673 3484 3739 cernimus,
3511 3671 3654 3727 fece-

2014 3765 2170 3816 runt.
2205 3761 2333 3816 Haec
2365 3759 2697 3830 deplorans,
2731 3756 2966 3814 omissis
3005 3757 3228 3814 deliciis
3261 3762 3457 3830 regiis,
3491 3758 3649 3815 cultu

2015 3867 2080 3904 ac
2112 3850 2262 3904 fastu
2305 3847 2614 3920 principali
2662 3847 2960 3919 neglectis,
3000 3851 3243 3903 curandi
3293 3850 3433 3920 quin
3476 3851 3652 3905 etiam

2017 3938 2276 4008 corporis
2329 3939 2470 3991 adeo
2521 3935 2828 3990 immemor
2860 3937 2920 3990 ut
2951 3937 3136 3991 obviis
3168 3937 3498 4008 quibusque
3528 3937 3655 3994 sine

2018 4024 2237 4079 delectu
2274 4030 2375 4079 aut
2399 4029 2677 4094 apparatu
2708 4023 3058 4090 vesceretur,
3085 4024 3234 4078 ultra
3260 4022 3449 4095 quoad
3478 4025 3666 4095 potuit

2019 4113 2314 4166 tendebat.
2351 4113 2666 4182 Coegitque
2696 4117 2821 4166 tum
2853 4111 3076 4175 Persas,
3105 4117 3390 4182 quantum
3423 4117 3512 4166 est
3541 4113 3666 4184 ipse

2023 4215 2391 4270 progressus,
2456 4201 2834 4254 retrocedere.
2888 4195 3023 4254 Erat
3070 4203 3264 4254 autem
3325 4200 3552 4255 itineris
3601 4219 3668 4255 ea

2022 4294 2163 4342 tunc
2212 4289 2379 4357 ratio,
2414 4292 2478 4342 ut
2510 4287 2609 4341 ubi
2641 4287 2982 4358 praecedenti
3016 4305 3254 4358 vespere
3303 4287 3483 4342 Persae
3535 4289 3666 4343 fue-

2024 4381 2176 4438 rant,
2202 4381 2498 4446 posterum
2533 4375 2613 4429 ibi
2643 4375 2797 4430 diem
2831 4376 3150 4446 imperator
3179 4376 3449 4442 exigeret,
3471 4375 3530 4430 in
3565 4376 3668 4430 ho-

2025 4465 2222 4536 spitia,
2253 4463 2468 4533 quibus
2500 4461 2583 4516 illi
2631 4469 2795 4517 erant
2829 4465 2938 4529 usi,
2977 4463 3115 4518 focis
3168 4463 3356 4517 adhuc
3405 4463 3666 4533 ipsorum

271 4551 709 4620 tanteslinguas
731 4552 800 4604 ad
827 4551 1100 4605 seditiose
1120 4551 1610 4605 murmurandum
1635 4551 1912 4604 adversus
1946 4532 1992 4592 1)
2027 4553 2309 4610 fumantia
2339 4552 2680 4605 succedens.
2711 4551 2915 4622 Itaque
2974 4551 3212 4605 dieculae
3241 4551 3332 4604 vix
3363 4551 3538 4605 unius
3567 4556 3670 4606 aut

274 4639 682 4709 imperantem,
716 4639 835 4693 haec
883 4643 940 4693 et
982 4638 1081 4692 illa
1128 4639 1256 4707 ejus
1303 4643 1433 4693 acta
1481 4643 1911 4708 percensentes,

276 4742 402 4796 quae
437 4742 610 4794 prava
637 4740 768 4780 esse
796 4725 1249 4794 contendunt,et
1297 4741 1458 4779 reum
1491 4724 1658 4778 illum
1681 4724 1917 4780 violata-

278 4829 405 4866 rum
441 4813 632 4882 legum
671 4817 740 4867 .et
788 4812 1121 4883 reipublicae
1180 4814 1433 4882 pessime
1493 4813 1914 4867 administratae

275 4901 660 4955 licentissime
691 4907 1016 4972 peragunt;
1069 4901 1222 4957 503
1273 4917 1373 4972 per
1419 4901 1539 4954 haec
1578 4901 1650 4955 ab
1681 4917 1745 4956 eo
1776 4901 1916 4956 alie-

280 4992 488 5043 nantes
536 4987 761 5042 animos
811 4988 1137 5057 hominum,
1171 4993 1227 5042 et
1257 4992 1511 5043 metuere
1559 4987 1753 5058 ipsum
1803 4990 1918 5044 sibi

279 5081 551 5146 cogentes
586 5091 600 5130 :
634 5075 898 5130 naturale
925 5075 1139 5146 quippe
1171 5076 1382 5147 cuique
1410 5076 1593 5131 estad
1625 5077 1917 5145 objectum

279 5179 454 5234 grave
487 5164 612 5218 vitae
656 5180 720 5217 ac
771 5169 959 5218 status
1007 5165 1222 5235 proprii
1281 5163 1609 5235 periculum
1661 5164 1918 5220 horrere.

282 5253 428 5306 Hinc
459 5252 648 5322 capite
700 5250 1030 5321 reipublicae
1055 5252 1125 5305 de
1147 5269 1209 5306 se
1232 5251 1504 5320 sollicito,
1530 5255 1586 5306 et
1615 5268 1682 5307 ea
1716 5269 1920 5308 neces-

281 5341 436 5396 saria
484 5340 574 5394 sui
622 5356 762 5394 cura
807 5357 849 5408 a.
891 5339 1246 5394 consulendo
1303 5339 1616 5395 efﬁcaciter
1669 5341 1922 5397 subditis

285 5444 510 5492 averso,
559 5429 823 5481 membra
882 5427 1109 5496 imperii
1170 5428 1417 5498 discerpi
1466 5428 1726 5498 contigit.
1779 5429 1924 5484 Hinc

289 5521 508 5587 torpor,
555 5516 826 5582 addebat,
868 5517 1128 5587 obrepsit
1159 5516 1359 5584 nobis;
1393 5516 1527 5572 hinc
1559 5517 1707 5571 tardi
1739 5534 1804 5571 ac
1835 5535 1925 5573 se-

286 5621 431 5676 gnes
464 5604 685 5658 fuimus
717 5605 774 5658 in
802 5605 1157 5660 occurrendo
1198 5621 1298 5676 per
1345 5621 1452 5660 nos
1495 5604 1926 5675 provinciarum

2024 4657 2324 4696 summum
2355 4639 2514 4694 bidui
2548 4639 2855 4694 intervallo
2886 4639 3044 4694 locus
3076 4641 3232 4694 idem
3256 4645 3312 4694 et
3341 4641 3544 4694 Persas
3576 4638 3666 4694 di-

2027 4728 2267 4782 miserat;
2296 4728 2500 4796 pedem
2534 4743 2641 4780 sua
2671 4743 2872 4780 versus
2914 4727 3230 4781 referentes
3262 4733 3317 4780 et
3351 4727 3664 4780 instantem

2026 4816 2264 4887 vestigis
2291 4815 2550 4884 ipsorum
2577 4813 2898 4885 excipiebat
2918 4817 3267 4885 Augustum.
3297 4815 3669 4886 Apparebant

2027 4910 2220 4959 autem
2251 4907 2370 4956 tota
2401 4902 2621 4973 passim
2654 4901 2887 4972 regione
2917 4907 3100 4957 strata
3131 4902 3254 4957 suis
3289 4918 3533 4974 quasque
3555 4903 3664 4957 sub

2029 4991 2333 5048 arboribus
2367 5008 2538 5062 poma
2568 4991 2814 5045 decidua
2845 4991 3185 5061 fructusque
3217 4991 3408 5045 omnis
3438 4989 3668 5061 generis

2032 5079 2266 5143 maturi,
2289 5084 2450 5133 tanta
2480 5077 2646 5148 copia
2668 5088 2731 5132 ut
2763 5079 2964 5148 majori
2998 5078 3288 5133 exercitus
3320 5078 3468 5148 parti
3498 5077 3667 5131 cibus

2029 5168 2164 5222 inde
2193 5167 2505 5220 sufficeret.
2557 5166 2700 5220 Nam
2729 5165 2840 5221 alia
2872 5165 3093 5220 ratione
3121 5165 3362 5235 praeberi
3395 5165 3582 5218 forum
3615 5170 3669 5216 et

2032 5253 2229 5310 inferri
2263 5253 2472 5308 castris
2503 5249 2616 5306 illis
2643 5257 3058 5318 commeatum,
3093 5252 3398 5308 interdicto
3444 5250 3668 5304 dudum

2033 5343 2085 5397 vi
2118 5359 2182 5397 ac
2213 5343 2372 5395 metu
2402 5336 2595 5395 hostili
2631 5357 2732 5410 per
2762 5340 2915 5396 504
2945 5357 3177 5395 omnem
3211 5338 3366 5391 hunc
3396 5338 3508 5390 late
3538 5341 3666 5390 tra-

2035 5435 2193 5485 ctum
2219 5426 2586 5493 commercio,
2603 5430 2849 5498 sperand
2863 5445 2954 5482 um
2970 5427 3123 5481 haud
3145 5430 3286 5480 erat.
3305 5427 3504 5493 Itaque
3519 5438 3668 5492 saepe

2038 5519 2096 5571 in
2126 5517 2418 5587 specimen
2447 5516 2642 5570 miseri
2677 5534 2793 5586 quo
2825 5522 2961 5570 tunc
2995 5514 3266 5569 utebatur
3287 5511 3476 5565 victus
3510 5510 3674 5564 misit

2041 5607 2358 5677 imperator
2385 5603 2456 5660 ad
2482 5609 2803 5675 Augustam
2826 5609 2883 5659 et
2897 5619 3152 5672 socrum,
3175 5601 3246 5656 ad
3278 5594 3669 5672 patriarcham
