4110 6280
493 321 599 374 967
1787 322 2086 378 GEORGII
2125 323 2583 377 PACHYMERE

492 440 549 497 δέ
576 464 634 516 γε
691 446 939 512 ποταμοῦ
992 440 1273 517 τρυγοίπῳ
1333 440 1688 513 διηθούμενον
1747 444 1835 497 καὶ
1866 443 2345 516 ἐξαιθρια-Ατῶν
2404 451 2501 512 τῆς
2563 444 2811 519 Ηροόσης
2876 448 3050 517 μερῶν
3114 443 3385 518 ἀνάγεται,
3441 443 3506 499 τὰ
3553 449 3653 510 τῆς
3706 446 3883 501 αὐτῶν

492 531 717 601 ζόμενον
781 528 941 603 μόλις
997 532 1251 605 προσιτὸν
1300 531 1433 583 εἶναί
1492 533 1542 584 οἱ
1602 528 1788 588 ποτόν.
1846 533 1938 598 Μή
1999 536 2128 605 γοῦν

487 620 685 679 ἱκανῶς
734 613 876 692 ἔχων
936 618 1056 672 τότε
1110 616 1324 672 διώκειν
1387 619 1434 671 ἐν
1482 616 1811 693 δυσχωρίαις
1842 619 1903 672 τὸ
1940 622 2125 692 ΙΙερσιο

486 709 606 775 κὸν,
655 705 842 769 ἄλλως
900 728 957 761 τε
1011 706 1101 761 καὶ
1160 704 1358 769 ἐνδείας
1413 707 1761 781 ἐπικειμένης
1809 713 1913 762 τῶν
1962 708 2125 781 ἀναγ-

487 796 677 863 καίων,
708 796 769 850 τὸ
798 797 933 857 τέως
986 795 1121 869 ἔγνω
1176 796 1266 850 τὸν
1325 797 1493 850 τόπον
1544 801 1900 872 κατοχυροῦν,
1934 798 2022 850 καὶ
2056 794 2121 863 δὴ

487 886 763 961 φρουρίοις
825 886 917 955 μὲν
978 890 1200 957 συχνοῖς
1254 886 1319 938 τὰ
1365 886 1490 957 παρ’
1547 884 1768 957 ἑκάτερα
1822 890 1918 938 τοῦ
1950 905 2122 938 ποτα-

492 978 595 1046 μοῦ
644 969 991 1044 διελάμϐανε,
1040 974 1107 1026 τὰ
1159 974 1252 1044 μὲν
1291 974 1635 1040 πεπονηκότα
1662 978 1740 1044 τῷ
1772 974 1956 1047 χρόνῳ
2006 972 2123 1027 ἐπι-

485 1062 750 1130 σκευάζων
788 1063 878 1115 καὶ
932 1065 1213 1126 συνιστῶν,
1264 1059 1406 1115 ἄλλα
1454 1058 1509 1114 δέ
1540 1062 1701 1122 αὐτὸς
1730 1061 1952 1115 ἀνιστῶν
1986 1060 2121 1115 ὅπου

481 1155 576 1204 τοῦ
608 1154 860 1221 ποταμοῦ
888 1147 1312 1222 λειψυδροῦντος
1352 1150 1517 1221 πόρον
1552 1146 1655 1203 ἔδει
1706 1149 1997 1223 γίγνεσθαι,
2048 1150 2120 1209 ὡς

483 1238 540 1291 ἃν
604 1239 716 1310 ἅμα
777 1238 870 1308 μέν
919 1241 986 1309 τῇ
1043 1242 1146 1291 τῶν
1209 1236 1479 1312 φρουρίων
1534 1240 1851 1305 πυκνότητι,
1904 1238 2015 1308 ἅμα
2064 1235 2120 1290 δέ

479 1326 565 1379 καὶ
624 1331 742 1386 ταῖς
772 1330 877 1378 τῶν
913 1323 1217 1397 ἀναγκαίων
1263 1324 1849 1398 τόπωνςπροκατοχαῖς
1882 1324 1933 1377 ἐν
1969 1325 2117 1395 ἀμη-

481 1414 673 1487 χάνοις
728 1412 794 1466 τὰ
851 1417 957 1466 τῶν
1019 1416 1236 1486 Περσῶν
1289 1412 1565 1487 γίνωνται,
1624 1410 1911 1466 Συστεῖλαι
1945 1409 2001 1465 δέ
2027 1412 2114 1465 Οέο

480 1500 590 1555 λων
645 1502 734 1555 καὶ
786 1501 878 1561 τὰς
936 1498 1158 1577 ἐφόδους
1213 1504 1320 1553 τῶν
1376 1499 1636 1553 ἐπιόντων
1672 1500 1743 1559 ὡς
1799 1502 1873 1570 μὴ
1921 1497 2110 1569 ἀνέδην

477 1589 668 1644 ὁπόθεν
732 1587 1019 1664 βούλοιντο
1079 1586 1370 1642 διεκπαίειν
1428 1588 1515 1641 καὶ
1582 1585 2112 1656 ἐπεισπίπτεινάδή-

477 1676 609 1745 λως,
670 1676 1028 1752 ἀξινηφόρους
1086 1675 1137 1736 ἐς
1196 1673 1339 1728 πολὺ
1397 1672 1610 1743 πλῆθος
1666 1677 2110 1745 συναθροισθῆναι

476 1764 705 1832 κελεύει,
754 1765 842 1817 καὶ
901 1771 1073 1836 μῆκος
1136 1764 1229 1834 μὲν
1289 1765 1677 1838 παραμετρήας
1734 1768 1829 1815 τοῦ
1860 1767 2110 1834 ποταιμοῦ

473 1854 595 1907 ’ὀσον
650 1856 713 1921 ἧν
768 1854 1055 1926 ἀναγκαῖον
1084 1855 1535 1925 κατοχυροῦσται,
1571 1849 1777 1912 πλάτος
1813 1848 1869 1904 δέ
1899 1851 1960 1904 τὸ
1992 1852 2109 1904 ἱκα-

470 1943 559 1996 νὸν
616 1939 993 2017 λογισάμενος,
1055 1938 1266 2010 σπουδῇ
1315 1940 1379 1993 τὰ
1428 1937 1618 2013 δένδρα
1664 1939 1962 2002 κόπτοντας
1991 1939 2111 1993 ἐπι-

468 2031 644 2084 τάττει
704 2025 1157 2084 ἐπικαταϐάλλειν
1211 2026 1265 2082 ἓν
1327 2029 1407 2105 ἐφ’
1456 2028 1554 2096 ἑνὶ,
1608 2027 1697 2081 καὶ
1755 2027 1895 2081 οὕτω
1943 2048 2107 2081 κατα-

469 2123 745 2173 πυκνῶσαι
795 2124 911 2179 τοῖς
942 2115 1113 2171 κλωσὶ
1146 2122 1253 2171 τῶν
1286 2114 1517 2189 δένδρων
1549 2116 1638 2169 τὸν
1670 2115 1835 2169 τόπον
1870 2117 1942 2177 ὡς
1980 2113 2111 2188 μηδ’

470 2204 590 2282 ὅφιν
641 2207 753 2261 οἷόν
786 2209 833 2260 τ’
883 2206 1013 2260 εἶναι
1065 2203 1258 2279 σχεδὸν
1293 2202 1622 2277 διέρχεσθαι.
1677 2208 1854 2258 Ταῦτα
1889 2205 2024 2278 πρὸς
2047 2205 2108 2257 τὸ

466 2295 635 2365 παρὸν
691 2295 938 2365 ἐπιτάξας
991 2315 1049 2347 τε
1103 2294 1192 2347 καὶ
1257 2291 1651 2353 κατασκευάσας
1707 2297 1785 2363 τῷ
1835 2291 2107 2363 ἐπιμεῖναι

467 2381 990 2459 ταλαιπωρούμενος
1026 2426 1039 2451 ,
1097 2380 1257 2437 τέλος
1332 2382 1659 2455 σιταρκήσας
1716 2386 1830 2441 τοῖς
1888 2379 1939 2433 ἐν
1992 2386 2107 2442 τοῖς

470 2472 746 2549 φρουρίοις
796 2473 857 2526 τὸ
916 2472 1114 2542 ἱκανὸν,
1171 2471 1315 2544 παρά
1367 2471 1458 2524 τὸν
1513 2469 1759 2541 ποταμὸν
1810 2470 1975 2544 μέχρι
2019 2469 2107 2523 καὶ

470 2690 643 2746 etiam
667 2694 723 2744 et
746 2688 891 2744 alios
915 2686 1253 2753 familiares,
1281 2687 1636 2741 furfurosum
1662 2701 1867 2756 panem
1895 2686 2107 2739 durum

469 2783 527 2835 et
549 2783 763 2842 atrum,
791 2777 899 2832 has
934 2792 1063 2831 esse
1094 2776 1359 2829 scribens
1414 2773 1671 2829 lautitias
1704 2790 1822 2829 suae
1858 2790 2106 2839 mensa;

469 2872 526 2921 et
556 2866 913 2937 adjungebat
970 2863 1177 2918 iisdem
1237 2862 1450 2917 litteris
1484 2878 1554 2916 ne
1588 2862 1835 2916 fontanae
1870 2859 2107 2931 quidem

466 2956 579 3012 sibi
608 2973 770 3027 aquae
802 2955 1028 3026 copiam
1061 2954 1131 3008 ad
1165 2956 1366 3025 potum
1398 2956 1728 3022 suppetere,
1764 2951 1861 3003 sed
1896 2954 1953 3003 et
1982 2953 2107 3002 tur-

464 3042 599 3098 bido
646 3043 928 3098 haustum
976 3040 1239 3105 ﬂumine,
1271 3039 1381 3093 coli
1430 3036 1876 3091 transmissione
1924 3036 2111 3090 obiter

463 3134 775 3203 purgatum
792 3128 1317 3199 refrigeratumque
1338 3127 1448 3180 sub
1470 3126 1767 3195 dio,quem
1790 3125 2101 3179 sitibundas

464 3223 661 3277 fauces
687 3237 838 3291 aegre
868 3217 1264 3283 admitterent,
1282 3214 1575 3285 liquorem
1610 3214 1930 3286 propinari.
1954 3219 2099 3270 Cum

463 3315 658 3366 autem
708 3309 905 3363 hostes
939 3307 1020 3361 sic
1051 3305 1327 3359 instando
1361 3303 1750 3358 contrusisset
1776 3303 1833 3357 in
1867 3318 2105 3372 asperos

455 3400 581 3469 jam
606 3413 710 3451 nec
742 3395 908 3450 facile
938 3393 1165 3465 pervios
1194 3392 1402 3447 limitis
1429 3392 1688 3462 ipsorum
1720 3390 1928 3459 saltus,
1949 3389 2104 3444 haud

461 3504 523 3542 se
555 3484 780 3539 idoneis
812 3483 1166 3537 instructum
1215 3479 1395 3550 copiis
1429 3479 1687 3534 sentiens
1722 3480 1790 3533 ad
1825 3496 1924 3533 eos
1957 3479 2103 3532 ulte-

461 3576 585 3629 rius
619 3572 1073 3645 persequendos,
1094 3575 1150 3624 et
1171 3569 1405 3623 aliunde
1424 3584 1617 3622 rerum
1640 3566 2102 3622 necessariarum

461 3663 706 3736 penuria
737 3666 997 3733 urgente,
1032 3659 1287 3741 cogitare
1321 3659 1389 3713 de
1422 3659 1609 3712 reditu
1655 3662 1888 3712 coactus
1940 3655 2103 3724 prius

462 3761 673 3819 tamen,
702 3751 892 3822 quoad
927 3766 1018 3804 res
1051 3749 1299 3815 sinebat,
1325 3746 1554 3801 munire
1594 3746 1840 3799 limitem
1876 3743 2105 3797 studuit

460 3841 692 3895 arcibus
726 3839 795 3894 ad
831 3843 1137 3907 utramque
1186 3835 1448 3889 fluminis
1501 3834 1688 3903 ripam
1741 3831 2007 3885 excitatis
2048 3835 2104 3884 et

457 3927 726 4001 prasidio
772 3925 1012 3981 insessis
1061 3923 1351 3995 plurimis.
1389 3925 1643 3987 Quarum
1679 3920 1907 3989 aliquas
1939 3922 2101 3972 vetu-

455 4021 605 4072 state
629 4031 695 4070 ac
716 4019 1045 4083 temporum
1074 4011 1309 4081 injuriis
1332 4008 1644 4065 semirutas
1668 4007 1866 4062 refecit
1886 4004 2101 4059 instru-

452 4107 670 4175 xitque,
694 4120 872 4158 novas
903 4102 1029 4173 ipse
1052 4101 1277 4171 aliquas
1296 4100 1648 4169 adjungens,
1672 4097 1753 4150 ibi
1777 4095 2095 4168 pressertim

467 4193 566 4248 ubi
598 4192 825 4262 parcior
855 4206 1014 4259 aquae
1046 4186 1236 4243 amnis
1284 4186 1430 4240 vado
1460 4184 1645 4253 trajici
1680 4188 1889 4254 potest,
1925 4188 1987 4237 ut
2016 4184 2099 4237 sic

457 4286 512 4335 et
537 4279 844 4334 crebritate
894 4275 1299 4348 praesidiorum
1334 4272 1913 4342 ekpraeoccupationc
1944 4270 2096 4325 loco-

456 4386 588 4425 rum
619 4367 1109 4429 necessariorum,
1143 4364 1346 4433 inopes
1380 4360 1609 4417 consilii
1655 4366 1842 4416 Persae
1895 4360 2096 4414 redde-

456 4462 677 4513 rentur.
712 4458 968 4521 Quorum
1001 4453 1175 4507 etiam
1216 4451 1583 4505 incursiones
1630 4464 1890 4502 coercere
1933 4446 2095 4501 obice

2240 530 2590 603 ἐπισκέψεως,
2624 532 2759 586 ὥστε
2790 531 2878 585 καὶ
2909 537 3013 585 τῶν
3046 531 3258 607 ἐχθρῶν
3279 532 3476 593 τελέως
3508 530 3881 607 ἐκδιωχθῆναι

2237 617 2311 679 εἷς
2341 621 2525 685 καιρὸν
2560 618 2769 674 εὔθετον
2804 620 3151 692 ἀναθέμενος.

2237 776 2283 832 λ’
2359 780 2437 835 Τά
2527 779 2661 834 κατά
2752 780 2877 857 reb;
2972 781 3107 854 πρὸς
3160 782 3270 857 ’τὸν
3346 782 3522 836 πάπαν
3600 790 3876 857 Μαρτῖνον

2823 852 3288 926 ἀποκρισιαρίους.

2308 978 2388 1047 [Ρ.
2444 979 2567 1048 344]
2622 972 2831 1046 Ξυνέϐη
2900 975 2957 1031 δὲ
3006 977 3118 1032 τότ’
3170 978 3268 1032 ἀνᾶ
3324 981 3569 1053 Ηροῦσαν
3630 978 3877 1054 διάγοντι

2232 1064 2321 1117 καὶ
2351 1065 2417 1118 τὰ
2465 1066 2600 1119 κατά
2644 1066 2736 1119 τὸν
2786 1064 3006 1119 πάππαν
3043 1072 3250 1137 μαθεῖν,
3284 1065 3341 1127 ὃς
3395 1065 3462 1135 δὴ
3511 1067 3601 1121 καὶ
3662 1076 3878 1143 Maps?-

2230 1173 2323 1215 νος
2371 1152 2505 1224 μετὰ
2528 1152 2799 1208 Νικόλαον
2857 1154 2947 1221 ἧν.
2981 1154 3119 1226 Πρὸς
3166 1156 3269 1227 γὰρ
3318 1153 3475 1209 αὐτὸν
3508 1152 3704 1228 ἔφθασε
3734 1158 3880 1227 πέμ-

2232 1242 2327 1311 ψαι
2401 1240 2489 1294 τόν
2568 1262 2626 1294 τε
2700 1240 3017 1315 Ἡρακλείας
3088 1243 3291 1297 Λέοντα
3346 1243 3437 1296 καὶ
3492 1244 3582 1296 τὸν
3641 1245 3878 1305 Νικαίας

2232 1328 2524 1402 Θεοφάνην.
2587 1329 2649 1382 O't
2701 1329 2767 1396 δὴ
2824 1331 2909 1383 καὶ
2963 1329 3268 1391 ἐπιστάντες
3325 1328 3385 1383 οὗ
3445 1333 3561 1385 κατ’
3619 1330 3875 1399 ἐλπίδας,

2229 1413 2288 1476 ἃς
2346 1416 2494 1489 εἶχον
2553 1416 3074 1485 ἀποστελλόμενοι,
3130 1419 3256 1491 παρ’
3316 1417 3527 1471 ἐκείνων
3586 1416 3872 1493 ἐδέχοντο,

2228 1501 2373 1556 ἀλλά
2427 1503 2735 1558 τούναντίον
2794 1506 2949 1562 ἅπαν.
3006 1506 3080 1558 Τὰ
3133 1505 3233 1579 γὰρ
3263 1508 3378 1569 καθ’
3431 1509 3577 1578 ἡμᾶς
3609 1508 3688 1568 ὡς
3720 1509 3872 1581 εἶχον

2232 1591 2513 1661 μαθόντες,
2570 1592 2659 1645 καὶ
2712 1590 2843 1665 ὅπερ
2902 1592 2970 1659 ἦν
3030 1593 3483 1664 ὑποτοπάσκντες,
3543 1593 3757 1668 χλεύην
3810 1597 3873 1649 τὸ

2226 1680 2443 1751 γεγονὸς
2487 1679 2574 1732 καὶ
2606 1680 2708 1733 οὐκ
2754 1678 3013 1749 ἀλήθειαν
3043 1679 3292 1754 ἄντικρυς
3340 1684 3506 1756 (παρά
3538 1682 3704 1754 μόνον
3766 1685 3871 1757 γὰρ

2143 1800 2186 1862 Β
2231 1765 2453 1839 βασιλέα
2499 1766 2587 1819 καὶ
2619 1767 2964 1842 πατριάρχην
3007 1769 3095 1822 καί
3145 1790 3292 1830 τινας
3337 1774 3441 1823 τῶν
3491 1771 3613 1844 περὶ
3674 1771 3873 1832 αὐτοὺς

2222 1859 2412 1915 πάντες
2469 1852 2843 1926 ἐδυσμέναινον
2902 1859 2969 1928 τῇ
3028 1856 3242 1931 εἰρήνῃ,
3291 1855 3627 1929 καὶμᾶλλον
3660 1857 3744 1912 ὅτι
3778 1860 3869 1914 καὶ

2219 1949 2430 2004 ποιναῖς
2485 1943 2810 2006 ἀλλοκότοις
2867 1943 3058 2012 ἤθελεν
3130 1944 3516 2021 ἀσφαλίζεσθαι
3572 1946 3782 2016 ταύτην
3842 1949 3868 2000 ὁ

2223 2030 2498 2103 βασιλεὺς)
2557 2031 2787 2093 ἐκείνους
2842 2033 2935 2104 μέν
2998 2032 3048 2087 ἐν
3110 2032 3326 2105 ἀτίμοις
3384 2034 3558 2107 εἶχον,
3612 2035 3706 2088 καὶ
3765 2037 3865 2103 τήν

2220 2118 2293 2179 εἷς
2349 2120 2441 2173 τὸν
2496 2121 2716 2174 πάππαν
2773 2119 3042 2194 πρόσοδον
3104 2120 3203 2194 ὀψὲ
3257 2122 3346 2175 καὶ
3383 2120 3543 2193 μόλις
3568 2129 3866 2197 παρεῖχον,

2215 2206 2372 2268 τέλος
2408 2206 2464 2260 δὲ
2497 2207 2721 2282 βασιλέα
2751 2210 2844 2281 μέν
2886 2209 2975 2263 καὶ
3007 2208 3134 2271 τοὺς
3168 2210 3299 2284 ἀμφ’
3353 2210 3510 2264 αὐτὸν
3544 2212 3620 2271 ὡς
3654 2210 3867 2285 χλευα-

2217 2294 2343 2356 κτάς
2376 2295 2678 2369 ἐπιτιμίοις
2728 2296 2815 2350 καῖ
2872 2297 2947 2368 μὴ
2990 2296 3270 2366 ἀληθείαις
3321 2303 3681 2372 ποιχοῦντας
3736 2301 3868 2366 ἀφο-

2219 2389 2436 2456 ρισμοῖς
2519 2378 2918 2452 καθυπέόαλον,
2994 2384 3120 2445 τοὺς
3199 2383 3256 2438 δὲ
3313 2382 3564 2458 πρέσϐεις
3628 2385 3865 2459 μηδενὸς

2219 2471 2537 2542 ἀξιώσαντες
2603 2477 2709 2526 τῶν
2774 2470 2997 2527 εἷ’κότων
3052 2472 3368 2545 ἀπέπεμπον
3397 2516 3410 2529 .
3470 2473 3649 2528 Ταῧτα
3709 2476 3869 2550 γνοὺς

2220 2701 2374 2741 nona
2394 2686 2449 2741 in
2476 2703 2637 2741 arces
2669 2692 2887 2759 quanta
2918 2706 3065 2760 opus
3087 2693 3210 2744 erat
3231 2689 3413 2759 illata,
3433 2689 3642 2760 legens
3674 2693 3841 2745 ﬂumi-

2220 2774 2311 2827 nis
2343 2775 2527 2845 ripam
2561 2776 2753 2829 Prusze
2786 2776 3051 2845 partibus
3081 2793 3141 2830 se
3174 2776 3464 2841 admovet,
3507 2776 3839 2847 diligentiori

2219 2861 2578 2933 inspectione
2610 2863 2866 2917 locorum
2909 2865 3272 2932 eorumdem,
3304 2865 3385 2919 uti
3435 2869 3494 2918 et
3543 2865 3726 2935 plena
3767 2883 3850 2921 ex-

2220 2950 2485 3018 pulsione
2515 2951 2649 3006 inde
2679 2951 2960 3020 hostium,
2995 2951 3051 3006 in
3083 2957 3315 3023 tempus
3343 2956 3747 3024 opportunum
3780 2954 3855 3008 di-

2219 3038 2372 3094 latis.

2276 3181 2364 3234 30.
2399 3182 2471 3237 De
2498 3181 2879 3251 apocrisiariis
2907 3182 2983 3237 ad
3008 3197 3212 3252 papam
3245 3184 3554 3237 Martinam
3583 3184 3787 3240 missis.

2280 3303 2531 3373 Contigit
2576 3308 2769 3359 autem
2828 3308 2969 3358 tunc
3019 3305 3169 3374 apud
3223 3305 3459 3360 Prusam
3512 3306 3861 3378 imperatori

2211 3393 2595 3447 commoranti
2619 3393 2808 3448 afferri
2831 3392 3102 3447 nuntium
3126 3394 3197 3447 de
3221 3397 3374 3448 statu
3389 3410 3584 3450 rerum
3603 3412 3858 3451 suarum

2212 3481 2362 3550 apud
2403 3497 2637 3550 papam.
2667 3481 2950 3535 Martinus
2979 3481 3075 3535 hic
3107 3485 3249 3547 erat,
3283 3481 3383 3551 qui
3430 3481 3667 3537 Nicolao
3718 3501 3857 3538 suc-

2210 3573 2485 3622 cesserat.
2521 3569 2598 3621 Ad
2633 3568 2789 3623 hunc
2821 3574 3211 3623 maturaverat
3243 3569 3470 3625 mittere
3500 3571 3863 3628 Heracleen-

2211 3672 2331 3708 sem
2363 3655 2701 3726 episcopum
2741 3656 2985 3711 Leonem
3007 3664 3064 3711 et
3081 3657 3376 3712 Niczenum
3408 3659 3856 3729 Theophanem.

2207 3742 2420 3797 Verum
2455 3744 2512 3797 hi
2531 3744 2760 3815 appulsi
2782 3762 2895 3815 quo
2921 3746 3323 3813 mittebantur,
3348 3746 3500 3801 haud
3524 3750 3854 3805 secundum

2209 3832 2698 3901 exspectationem
2742 3833 3005 3901 ipsorum
3054 3832 3189 3887 istic
3240 3840 3377 3887 sunt
3423 3835 3665 3904 excepti,
3702 3837 3848 3906 quin

2207 3921 2405 3973 omnia
2455 3920 2651 3990 potius
2679 3921 2928 3991 speratis
2959 3920 3176 3992 experti
3209 3922 3518 3976 contraria.
3551 3922 3847 3977 Nimirum

2207 4007 2396 4061 edocti
2430 4008 2499 4062 ad
2532 4025 2730 4063 verum
2764 4011 3004 4064 Romani
3035 4010 3104 4063 de
3137 4009 3311 4064 rebus
3343 4010 3579 4076 nostris,
3603 4015 3660 4064 et
3690 4012 3846 4081 quod

2207 4111 2297 4149 res
2311 4101 2432 4150 erat
2453 4096 2758 4168 suspicati,
2778 4098 2973 4162 istam,
2999 4113 3121 4167 quis
3136 4113 3483 4169 magnopere
3490 4099 3845 4167 jactabatur,

2206 4198 2403 4251 pacem
2439 4184 2584 4238 nihil
2619 4185 2855 4239 demum
2889 4184 3049 4239 aliud
3074 4185 3187 4240 nisi
3221 4186 3415 4240 fucum
3443 4186 3839 4241 etludibrium

2204 4289 2331 4328 esse
2352 4275 2582 4344 (praeter
2602 4273 2813 4343 quippe
2846 4274 3252 4344 imperatorem
3287 4274 3477 4329 solum
3512 4282 3568 4329 et
3601 4277 3843 4346 patriar-

2204 4362 2373 4417 cham
2399 4362 2798 4432 quosdamque
2820 4378 2947 4415 cum
2976 4362 3067 4416 his
3090 4363 3384 4424 assiduos.
3409 4368 3650 4419 caeteros
3672 4364 3831 4435 plane

2203 4466 2404 4503 omnes
2433 4449 2645 4503 taedere
2676 4449 3037 4515 concordiae),
3071 4450 3312 4520 insuper
3360 4450 3539 4505 etiam
3589 4451 3707 4505 illas
3753 4450 3820 4501 ab

455 4544 722 4616 opposito
755 4542 1019 4606 studens,
1046 4556 1117 4594 ne
1137 4543 1201 4593 ut
1222 4544 1392 4593 antea
1413 4536 1770 4607 praalicenter
1791 4534 1935 4588 citra
1968 4549 2087 4587 me-
2120 4528 2167 4589 D
2200 4538 2546 4606 imperatore
2569 4537 2638 4589 ad
2662 4536 2835 4589 fidem
2870 4537 3028 4606 pacis
3059 4538 3282 4591 sincere
3307 4537 3460 4592 inita:
3512 4537 3818 4594 faciendam

451 4639 579 4689 tum
606 4632 773 4686 illum
798 4647 911 4701 quo
940 4629 1175 4683 lubebat
1208 4627 1616 4698 irrumperent,
1639 4625 1986 4679 inobservati
2020 4640 2087 4678 ex

451 4719 766 4791 improviso
816 4718 1125 4781 irruentes,
1172 4716 1533 4787 securigeros
1582 4729 1793 4783 magno
1844 4727 2085 4765 numero

450 4807 789 4880 congregari
825 4806 1108 4878 praecipit,
1133 4809 1190 4859 et
1221 4804 1644 4876 longitudinem
1676 4801 1836 4855 ﬂuvii
1866 4801 2088 4855 dimen—

450 4913 554 4951 sus
612 4900 891 4966 quantam
953 4892 1292 4963 expediebat
1339 4907 1511 4962 opere
1562 4890 1799 4955 muniri,
1834 4889 2086 4958 huicque

450 4986 656 5041 idonea
700 4983 1008 5039 latitudine
1058 4984 1224 5052 juxta
1276 4996 1593 5052 congruam
1657 4978 2084 5049 proportionem

449 5074 909 5142 accommodata,
969 5072 1238 5127 festinato
1295 5087 1472 5125 caesas
1533 5069 1770 5123 arbores
1838 5067 2082 5123 invicem

451 5163 772 5219 coacervari
805 5179 921 5217 una
953 5160 1052 5215 uni
1080 5156 1669 5229 superpositajussit,
1704 5153 2082 5226 colligarique

447 5255 654 5307 mutuo
703 5249 1021 5321 implicatis
1068 5247 1327 5317 ipsarum
1370 5244 1521 5300 505
1569 5243 1766 5310 ramis,
1796 5242 2081 5298 densitate

446 5346 608 5396 tanta
639 5344 704 5395 ut
733 5357 804 5394 ne
835 5336 1012 5407 angui
1039 5335 1272 5405 quidem
1308 5334 1423 5388 fere
1455 5333 1719 5404 quaedam
1772 5332 1891 5387 haec
1928 5331 2083 5387 velut

446 5446 612 5500 sepes
644 5429 921 5499 praaberet
952 5423 1287 5481 transitum.
1309 5421 1490 5476 Hisin
1518 5438 1771 5491 praesens
1801 5420 2082 5476 ordinatis

446 5522 504 5571 et
529 5516 795 5587 provisis.
833 5531 962 5568 cum
1018 5511 1350 5565 ulteriorem
1403 5510 1535 5564 istic
1587 5527 1808 5564 moram
1861 5509 2083 5564 incom-

443 5604 616 5659 moda
664 5600 1063 5674 gravescentia
1097 5615 1208 5653 non
1240 5598 1659 5666 permitterent,
1691 5599 1925 5654 tandem
1976 5614 2077 5653 an-

2199 4626 2493 4679 all‘cctalas
2526 4640 2827 4695 pinnarum
2854 4625 2925 4679 ab
2950 4624 3215 4679 Ecclesia
3238 4626 3689 4680 mansuetudine
3708 4623 3831 4677 alie'

2198 4729 2407 4766 narum
2441 4713 2770 4766 atrocitates
2808 4712 3223 4782 improbantes,
3278 4712 3486 4782 frigide
3519 4712 3739 4783 legatos
3770 4729 3833 4766 ac

2196 4799 2573 4869 contemptim
2609 4799 2882 4863 habuere,
2909 4816 3012 4854 nec
3044 4815 3141 4854 eos
3174 4798 3287 4854 nisi
3319 4817 3448 4855 sero
3473 4800 3566 4854 vix
3596 4801 3832 4855 tandem

2195 4895 2251 4944 et
2282 4905 2430 4959 aegre
2470 4890 2539 4943 ad
2592 4906 2800 4960 papam
2832 4889 3299 4957 introduxerunt,
3332 4905 3399 4945 eo
3432 4890 3669 4944 demum
3702 4907 3832 4945 suc~

2194 4994 2363 5033 cessu
2396 4976 2725 5047 legationis,
2754 4982 2815 5032 ut
2843 4978 3160 5048 imperator
3188 4995 3321 5033 cum
3376 4978 3498 5034 suis
3546 4983 3827 5049 tanquam

2193 5064 2485 5128 illusores,
2500 5073 2552 5119 et
2574 5064 3072 5119 ostentationibus
3094 5065 3512 5136 suppliciorum
3544 5066 3614 5120 ad
3650 5066 3830 5119 simu-

2194 5152 2455 5219 landam,
2480 5168 2657 5223 quam
2672 5168 2802 5208 vere
2817 5152 3217 5220 noninierant,
3243 5154 3610 5209 concordiam
3636 5152 3827 5219 abusi,

2194 5241 2557 5296 anathemati
2588 5241 3037 5309 subjicerentur.
3072 5243 3192 5306 Quo
3225 5240 3374 5296 facto
3398 5242 3621 5311 legatos
3669 5241 3828 5295 nulla

2193 5331 2463 5400 dignatos
2511 5328 2920 5384 benevolentiae
2970 5335 3070 5384 aut
3122 5329 3355 5385 honoris
3403 5329 3830 5399 significatione

2192 5419 2562 5473 dimiserunt.
2597 5418 2747 5473 506
2773 5418 2901 5473 Haec
2955 5418 3053 5473 ubi
3107 5419 3440 5473 renuntiata
3488 5416 3826 5488 imperatori

2196 5527 2296 5580 per
2326 5509 2617 5563 Nicaenuni
2653 5513 2790 5563 sunt
2814 5510 2971 5579 (nam
3004 5507 3339 5563 lleracleota
3358 5505 3651 5562 eoitincre
3673 5506 3825 5562 obie-

2196 5598 2309 5666 rat)
2333 5596 2743 5668 indignissime
2772 5596 2924 5667 tulit,
2948 5597 3090 5651 adeo
3125 5600 3187 5650 ut
3216 5612 3347 5651 cum
3379 5595 3530 5649 inter
3559 5612 3725 5650 sacra
3756 5597 3825 5650 de

3782 326 3891 377 968
