4110 6280
269 351 376 407 969

1322 349 1420 400 DE
1456 344 1825 401 MICHAELE
1861 342 2304 399 PALBOLOGO
2337 345 2472 399 LIB.
2512 347 2610 400 VI.

3549 340 3655 398 970

271 470 525 548 βασιλεὺς
557 469 704 543 παρᾶ
731 471 828 523 τοῦ
859 467 1084 530 Νικαίας
1129 463 1442 527 ἐπανιὸντος
1497 467 1547 538 (ὁ
1601 464 1700 538 γὰρ
1732 465 1902 536 Ἡρα·
1933 467 1983 530 Α
2077 461 2178 520 λα’.
2229 465 2357 539 Περὶ
2395 469 2501 520 τῶν
2545 463 2819 535 διαθηκῶν
2855 469 2952 519 τοῦ
2989 467 3331 542 πατριάρχου
3372 467 3592 542 Ἰωσήφ.

265 560 452 621 κλείας
487 559 776 629 ἐτεθνήκει)
835 556 888 610 ἐν
950 553 1109 626 δεινῷ
1166 554 1426 619 ἐποιεῖτο,
1475 549 1612 606 ὥστε
1666 552 1755 605 καὶ
1811 552 1907 604 τοῦ

266 647 518 703 διακόνου
579 645 877 717 μέλλοντος
935 643 1293 716 μνημονεύειν
1365 646 1461 695 τού
1514 640 1704 694 πάππα
1773 638 1907 692 κατὰ

263 740 326 791 τὸ
380 737 603 804 σύνηθες
664 733 929 807 βασιλέως
983 731 1247 805 παρόντος
1303 731 1330 782 ὁ
1374 733 1582 803 κρατῶν
1619 726 1902 793 διεκώλυε,

261 822 406 879 καλὰ
451 822 622 896 λέγων
653 824 749 889 τῆς
775 820 983 895 ἀγάπης
1034 817 1249 872 ἐκείνων
1302 817 1618 886 ἀπόνασθαι,
1651 815 1774 868 ὥστ’
1808 813 1904 867 αὐ-

259 914 351 966 τὸν
389 912 482 983 μὲν
514 909 894 980 ἐκπολεμῶσαι
935 907 1004 960 δι’
1035 905 1271 965 ἐκείνους
1295 905 1467 974 ἐαυτῷ
1486 903 1612 964 τοὺς
1644 901 1898 966 οἰκείους,

261 999 497 1059 ἐκείνους
531 995 588 1050 δὲ
622 997 696 1068 μὴ
729 997 877 1056 ὅπως
903 996 1066 1070 γάριν
1117 991 1286 1066 ἔχειν,
1329 990 1474 1045 ἀλλὰ
1503 991 1589 1043 καὶ
1623 1009 1898 1064 προσαιρο-

259 1088 447 1161 ρίζειν.
491 1081 629 1142 Τότε
655 1083 711 1137 δὲ
755 1085 842 1137 καὶ
878 1081 1118 1136 διαλύειν
1168 1079 1334 1148 ἤθελε
1363 1081 1456 1141 τὰς
1487 1075 1743 1137 σπονδάς.
1789 1076 1898 1131 Κᾶν

258 1172 566 1239 διελύοντο,
617 1172 660 1226 εἰ
712 1174 784 1243 μή
818 1192 869 1224 τι
901 1170 1224 1244 προσίστατο
1248 1171 1316 1240 τῇ
1355 1164 1546 1240 βουλῇ.
1601 1165 1766 1220 Αὐτὸν
1802 1165 1894 1235 μὲν

256 1263 361 1336 γὰρ
409 1260 594 1315 πολλὰ
620 1266 806 1322 παθεῖν
855 1257 943 1312 διὰ
970 1262 1134 1310 ταῦτα
1178 1256 1268 1310 καὶ
1318 1253 1480 1327 μόλις
1531 1253 1737 1320 ἀνύσαι,
1798 1250 1893 1306 κᾶν

251 1347 575 1417 ἐξαπιναίως
632 1347 752 1399 Λύοι
811 1340 1170 1414 παλινῳδῶν,
1231 1341 1543 1400 ἐπιστάντος
1599 1337 1687 1392 καὶ
1745 1336 1895 1398 αὖθις

249 1439 444 1508 καιροῦ
472 1439 569 1488 τοῦ
618 1438 783 1488 ταῦτα
817 1434 1142 1502 ζητήσοντος
1179 1431 1253 1501 μὴ
1297 1431 1376 1500 [Ρ.
1409 1429 1533 1498 345]
1585 1424 1644 1479 ἂν
1695 1425 1894 1478 ἀνυστα

244 1527 492 1600 γενέσθαι
523 1525 584 1578 τὸ
616 1524 862 1578 σύνολον.
899 1526 1110 1594 Χωρεῖν
1143 1517 1201 1573 δὲ
1248 1518 1433 1578 ἄλλως
1482 1518 1572 1570 καὶ
1616 1515 1693 1576 εἷς
1726 1535 1891 1588 μετα-

245 1610 424 1681 ϐολὴν
456 1613 521 1666 τὰ
544 1619 642 1681 τῆς
692 1609 1018 1679 Ἐκκλησίας
1051 1607 1348 1682 πράγματα
1374 1611 1471 1660 τοῦ
1523 1605 1722 1678 Ἰωσὴφ
1771 1604 1891 1658 ἐπι-

239 1698 832 1761 καταστάντος.Αύτὸν
871 1698 966 1769 μὲν
1027 1695 1116 1748 οὖν
1173 1695 1263 1748 καὶ
1321 1695 1587 1769 εἰρηνικὸν
1621 1693 1696 1753 εἰς
1756 1693 1890 1745 ἅπαν

239 1790 411 1854 εἶναι,
467 1788 557 1841 καὶ
619 1783 784 1859 μηδὲν
841 1785 890 1853 ἐξ
949 1785 1114 1837 αὐτοῦ
1144 1782 1408 1837 πιστεύειν
1435 1786 1541 1836 τῶν
1577 1781 1882 1849 ἀνηκέστων

234 1879 542 1951 γίνεσθαι,
601 1874 662 1928 οὐ
741 1875 847 1944 μὴν
907 1871 1032 1926 ἀλλ’
1089 1871 1322 1944 ἀνάγκην
1391 1869 1518 1924 εἶναι
1590 1870 1679 1922 καὶ
1753 1866 1878 1929 τοὺς

229 1968 585 2034 κινήσοντας,
639 1963 732 2014 Καὶ
779 1961 928 2014 ταῦτ’
956 1959 1061 2034 οὐχ
1103 1957 1291 2018 ἁπλῶς
1323 1959 1635 2011 ὑποπτεύων
1676 1955 1878 2028 ἔλεγεν,

227 2051 390 2107 ἀλλά
443 2072 502 2124 γε
555 2050 617 2103 τὸ
675 2049 780 2122 πρὸ
835 2047 1040 2102 τούτων
1099 2041 1304 2117 συμϐὰν
1366 2046 1464 2099 ἀνὰ
1491 2046 1581 2098 τὸν
1611 2045 1877 2118 Σάγγαριν

227 2135 617 2214 διατρίϐοντος
675 2134 881 2205 δειλιᾷν
934 2135 1102 2189 ἐποίει
1159 2134 1280 2207 περὶ
1311 2138 1416 2187 τῶν
1451 2134 1592 2186 ὅλων
1643 2133 1734 2185 τὸν
1781 2133 1878 2204 βα-

224 2229 418 2297 σιλέα,
477 2225 531 2281 εἷ’
578 2245 695 2288 πως
753 2225 826 2286 ὡς
884 2221 1156 2301 ἐπισφαλῆ
1212 2223 1278 2275 τὰ
1335 2220 1651 2295 συγκείμενα
1691 2217 1881 2275 διαλύ-

222 2338 404 2378 σειεν.

221 2551 420 2599 more,
472 2533 820 2602 imperatore
860 2532 1164 2600 praesente,
1209 2527 1489 2582 diaconus
1537 2530 1876 2582 consuetam

224 2640 401 2695 papa;
469 2617 1079 2674 commemorationem
1144 2617 1629 2685 pronuntiaturus
1697 2620 1874 2680 esset,

232 2712 508 2782 princeps
559 2707 629 2760 ne
663 2707 876 2760 faceret
906 2703 1288 2774 prohibuerit.
1331 2702 1522 2756 Palam
1557 2708 1750 2757 autem
1803 2703 1874 2757 ad

238 2795 561 2850 familiares
591 2808 972 2861 conquerens,
1015 2791 1183 2845 aebat
1213 2790 1545 2860 praeclarum
1578 2790 1875 2844 enimvero

239 2883 358 2939 sibi
395 2881 642 2936 fructum
694 2885 958 2933 constare
993 2878 1293 2933 cbaritatis
1342 2879 1398 2931 in
1435 2878 1669 2932 Latinos
1701 2895 1820 2932 suae
1859 2893 1872 2932 :

240 2986 304 3025 se
370 2985 576 3039 nempe
639 2984 814 3024 causa
869 2983 1066 3020 eorum
1128 2966 1475 3020 necessariis
1524 2966 1697 3020 etiam
1749 2964 1873 3020 suis

235 3057 556 3112 certamine
587 3060 881 3126 suscepto,
915 3072 985 3108 ne
1018 3055 1202 3124 pmnis
1235 3055 1470 3123 quidem
1501 3054 1733 3108 acribus
1765 3055 1869 3107 du-

2084 557 2142 608 Ὁ
2175 552 2266 623 μὲν
2297 555 2397 627 γὰρ
2427 555 2628 630 Ἰωσὴφ
2660 551 3108 627 προσδοκήσιμος
3152 548 3224 608 ὤν
3283 553 3370 609 ἐπὶ
3419 555 3499 626 τῷ
3559 566 3652 617 θα-

2013 644 2120 692 νεῖν
2177 642 2272 700 τᾶς
2306 639 2562 711 διαθήκας
2612 641 2846 711 ἐξήνυεν,
2903 643 2968 711 ἦν
3031 640 3086 696 δὲ
3136 642 3291 717 χρεία
3344 650 3652 715 μεμνῆσθαι

2013 727 2100 780 καὶ
2139 727 2402 800 βασιλέως
2429 730 2642 799 καὶτῆς
2677 731 2807 803 ὑπὲρ
2849 730 3055 784 ἐκείνου
3105 731 3296 804 εὐχῆς.
3331 731 3434 785 Καὶ
3479 730 3654 802 ἐμέμ-

2012 814 2142 882 νητὸ
2174 835 2235 888 γε
2264 815 2354 866 καὶ
2385 812 2612 888 ηὔχετο,
2658 816 2718 869 οὐ
2769 816 2874 887 μὴν
2924 814 2980 869 δὲ
3029 817 3330 890 προσετίθει
3383 817 3445 870 τὸ
3477 819 3653 891 ἅγιος,

2010 902 2038 954 ’ὁ
2087 903 2312 970 σύνηθες
2355 900 2499 975 ἔχειν
2552 905 2623 964 ὡς
2671 903 2988 977 χρισθέντας
3023 904 3182 978 μύρῳ
3211 903 3337 965 τοὺς
3382 905 3644 978 βασιλεῖς.

2008 990 2067 1044 Ὁ
2101 987 2155 1043 δὲ
2215 988 2466 1064 βασιλεὺς
2514 991 2654 1045 οὕτω
2685 993 3024 1067 πεμφθείσης
3071 990 3277 1060 ἐκείνην
3309 989 3437 1046 ἰδὼν
3487 988 3651 1068 ἔχου-

2009 1099 2098 1131 σαν
2149 1075 2514 1153 ἐδυσχέραινε,
2565 1079 2653 1133 καὶ
2710 1081 2904 1156 γράφει
2963 1081 3059 1151 μὲν
3114 1081 3447 1156 πατριάρχῃ,
3504 1081 3647 1156 γρά-

2007 1187 2091 1242 φει
2143 1163 2199 1220 δέ
2245 1167 2334 1220 καὶ
2381 1173 2460 1239 τῷ
2505 1169 2603 1236 τήν
2654 1167 2818 1221 πόλιν
2849 1168 3316 1241 ἐπιτετραμμένῳ,
3389 1172 3646 1241 μανθάνει

2005 1253 2318 1327 ἐρωτῶντας
2363 1260 2480 1317 πῶς
2531 1260 2691 1310 τοῦτο
2723 1255 3025 1330 πέπρακταί
3079 1257 3130 1310 οἱ
3176 1257 3266 1310 καὶ
3299 1257 3376 1334 ἐφ’
3407 1258 3435 1310 ὃ
3460 1279 3513 1310 τι
3541 1265 3645 1325 τῆς

2007 1341 2281 1415 βασιλείας
2304 1340 2525 1396 κολούει
2555 1342 2617 1397 τὸ
2643 1343 2791 1417 ἅγιος
2848 1346 2934 1412 Μή
2970 1364 3086 1403 πως
3115 1345 3188 1403 ὡς
3219 1343 3454 1414 ἀνάξιον,
3487 1343 3641 1418 φησὶ,

2006 1450 2071 1500 με
2112 1429 2307 1502 κρίνων
2363 1436 2462 1498 τῆς
2520 1431 2793 1504 ἁγιστείας
2851 1429 2993 1485 οὕτω
3047 1432 3275 1508 γράφει;
3333 1431 3641 1506 Γέγραπται

2001 1515 2046 1570 δ’
2105 1517 2236 1591 ὑπὲρ
2292 1516 2497 1570 τούτων
2553 1518 2642 1571 καὶ
2694 1523 2773 1588 τῷ
2831 1519 3171 1592 Ἀντιοχείας
3213 1521 3528 1595 πατριάρχῃ
3562 1522 3643 1591 τῷ

1999 1604 2276 1679 Πρίγκιπι.
2324 1604 2392 1662 Οῗ
2439 1606 2528 1658 καὶ
2577 1607 2881 1678 πέμψαντες
2911 1606 3266 1661 ἐπυνθάνοντο
3312 1610 3410 1676 τὴν
3467 1608 3638 1662 αῗτίαν

1995 1696 2090 1746 τοῦ
2146 1691 2288 1746 οὕτω
2343 1692 2586 1770 γράφειν,
2641 1694 2718 1754 ὡς
2767 1693 3020 1757 θέλοντος
3079 1698 3283 1768 γνῶναι
3338 1696 3427 1749 καὶ
3489 1697 3638 1770 βασι-

1997 1779 2158 1842 λέως.
2218 1780 2319 1836 Καὶ
2368 1782 2426 1843 ’ὀς
2479 1781 2738 1853 μετετίθει
2769 1784 2867 1848 τήν
2916 1782 3123 1837 τούτων
3155 1782 3326 1837 αἰτίαν
3377 1783 3453 1846 εἷς
3505 1783 3634 1848 τοὺς

1989 1869 2121 1944 ἀμφ’
2168 1869 2326 1923 αὐτὸν
2363 1868 2656 1943 μοναχοὺς,
2704 1870 2790 1923 καὶ
2826 1870 2900 1930 εἷς
2929 1869 3103 1925 πίστιν
3158 1867 3334 1942 ἄλλην
3393 1878 3628 1946 προῆγεν

1990 1957 2164 2017 οὕτως
2231 1954 2461 2030 ἔχουσαν
2521 1955 2606 2011 ἐπὶ
2666 1963 2796 2010 πᾶσι
2852 1955 3000 2026 πλὴν
3075 1952 3473 2034 προσκειμένης
3530 1967 3630 2028 τῆς

1988 2043 2297 2118 ἁγιότητος.
2367 2043 2582 2112 Ταύτην
2653 2050 2781 2118 γοῦν
2845 2045 3146 2121 ἐμφανίζων
3206 2041 3356 2119 ἔλεγε
3403 2049 3624 2123 γράφειν

1986 2132 2048 2185 τὸ
2094 2131 2377 2208 πρότερον
2430 2131 2543 2186 ἐπεὶ
2596 2130 2652 2187 δὲ
2699 2134 2751 2187 οἱ
2800 2134 2922 2206 περὶ
2952 2133 3110 2188 αὐτὸν
3163 2131 3626 2202 σκανδαλίζοιντο,

1991 2219 2380 2292 μετεγγράφειν
2435 2221 2655 2282 ἀσαῦθις
2711 2221 2809 2288 τήν
2871 2219 2923 2282 ἐς
2984 2225 3172 2295 χεῖρας
3221 2223 3420 2290 ταύτην
3474 2242 3628 2297 γεγο-

1986 2311 2134 2360 νυῖαν
2181 2311 2260 2378 τῷ
2309 2308 2542 2382 βασιλεῖ.
2603 2306 2789 2370 Οὕτως
2847 2307 2914 2376 ἧν
2965 2307 3161 2370 ἐκεῖνος
3217 2309 3488 2385 εἰρηνικὸς
3547 2309 3630 2386 ἐφ’

1988 2524 2138 2595 quod
2172 2540 2238 2579 eo
2288 2525 2440 2594 apud
2469 2524 2774 2594 Sangarim
2809 2541 2996 2596 nuper
3041 2530 3249 2596 agente
3278 2525 3622 2598 contigerat:

2195 2665 2283 2718 31.
2323 2670 2404 2719 De
2445 2668 2763 2720 testamento
2797 2665 3138 2736 patriarchae
3175 2666 3410 2739 Josephi.

2055 2787 2198 2841 Cum
2234 2787 2389 2841 enim
2423 2804 2523 2858 per
2562 2789 2619 2842 id
2651 2793 2882 2860 tempus
2917 2831 2930 2855 ,
2965 2789 3120 2844 brevi
3155 2789 3475 2844 moriturus
3509 2831 3522 2859 ,
3558 2793 3624 2845 ut

1982 2879 2107 2928 tum
2143 2875 2479 2945 putabatur,
2511 2876 2805 2945 Josephus
2837 2881 3018 2932 testes
3051 2876 3270 2931 ultimae
3304 2877 3624 2933 voluntatis

1982 2962 2213 3018 tabulas
2244 2963 2353 3017 rite
2385 2963 2529 3018 507
2567 2964 2959 3020 conﬁciendas
2990 2965 3341 3035 censuisset,
3370 2964 3429 3019 in
3463 2966 3535 3021 iis
3557 2983 3625 3021 ex

1985 3066 2140 3105 more
2187 3050 2539 3105 mentionem
2590 3051 2978 3121 imperatoris,
3011 3053 3121 3123 ipsi
3153 3054 3298 3108 bene
3324 3055 3616 3124 precando

231 3147 387 3200 bitas
421 3161 483 3200 se
516 3146 674 3216 ipsos
703 3144 1106 3214 comprimere,
1141 3141 1271 3195 illos
1303 3147 1492 3196 autem
1529 3160 1630 3213 pro
1663 3141 1867 3212 gratiis
1898 3160 1940 3225 ρ
1984 3139 2224 3204 faciens,
2275 3139 2498 3193 nomini
2548 3140 2674 3208 ejus
2723 3140 3072 3195 vocabulum
3122 3140 3298 3212 ἅγιος,
3350 3141 3458 3197 hoc
3502 3149 3610 3212 est,

233 3251 354 3289 suae
387 3239 558 3288 tanta:
588 3233 645 3287 in
672 3233 786 3286 ﬁde
807 3231 1069 3301 ipsorum
1102 3230 1442 3284 constantiae
1464 3229 1678 3284 debitis
1708 3230 1868 3282 diras

233 3328 292 3376 et
322 3322 746 3377 exsecrationes
789 3320 1021 3372 referre.
1052 3322 1210 3372 Tunc
1243 3317 1414 3385 igitur
1446 3333 1710 3372 revocare
1742 3333 1870 3370 om-

229 3410 330 3465 nia
380 3409 539 3479 prius
589 3407 812 3461 sancita
842 3411 899 3460 et
944 3410 1138 3459 tutum
1189 3407 1508 3460 concordia:
1549 3410 1864 3460 tractatum

232 3496 562 3550 rescindere
593 3494 794 3548 voluit.
831 3495 1200 3562 Fecissetque
1229 3494 1526 3562 continuo,
1562 3493 1618 3547 ni
1651 3494 1722 3548 ab
1757 3493 1863 3548 hoc

217 3599 354 3637 eum
383 3581 626 3637 consilio
648 3581 910 3652 quaedam
942 3583 1664 3652 revocassentR.eputabat
1695 3581 1860 3636 vide-

220 3671 376 3735 licet,
414 3673 461 3726 si
501 3669 656 3739 quod
690 3673 809 3723 tam
841 3668 1013 3737 longa
1041 3673 1096 3721 et
1127 3669 1414 3722 laboriosa
1437 3669 1737 3725 molitione
1769 3670 1860 3724 vix

220 3761 455 3814 tandem
477 3757 728 3813 summis
750 3762 873 3809 suis
897 3755 1172 3808 aerumnis
1196 3756 1551 3825 perfecisset,
1567 3765 1857 3812 momento

216 3846 517 3914 disjiceret
550 3887 563 3911 ,
617 3843 1116 3912 mutationemque
1159 3859 1225 3896 ac
1274 3843 1690 3897 revocationem
1738 3849 1854 3898 tam

214 3941 375 3989 certo
422 3949 486 3986 ac
521 3931 710 3999 palam
761 3935 1089 3985 contestata
1123 3931 1330 4000 prioris
1362 3931 1663 3983 sententiae
1706 3930 1853 3983 ultro

215 4022 588 4091 profiteretur
638 4061 651 4085 ,
701 4019 838 4072 inde
886 4018 1167 4071 armanda
1217 4019 1360 4072 forte
1411 4025 1608 4071 contra
1658 4018 1850 4088 ipsum

214 4108 354 4163 odia
385 4106 800 4162 malevolorum
837 4147 849 4172 ,
883 4111 940 4160 et
980 4107 1243 4160 futurum
1278 4122 1391 4159 non
1427 4106 1854 4160 inversimiliter

209 4202 451 4267 tempus
499 4211 614 4264 quo
646 4210 759 4249 non
811 4198 963 4247 esset
997 4193 1108 4264 ipsi
1151 4193 1295 4247 utile
1344 4193 1539 4262 priora
1567 4195 1688 4248 haec
1719 4194 1848 4263 ejus

207 4287 341 4338 acta
372 4299 478 4337 suo
529 4282 718 4352 ipsius
745 4281 924 4335 videri
959 4281 1236 4350 suffragio
1285 4282 1581 4335 damnata.
1624 4282 1848 4336 Veritus

207 4388 346 4442 ergo
379 4388 450 4426 ne
480 4370 530 4425 si
561 4370 710 4424 hanc
733 4369 1090 4440 palinodiam
1125 4368 1512 4439 praecipitaret
1533 4369 1846 4440 palamque

205 4459 626 4530 divulgaret,id
659 4462 857 4527 ageret
888 4458 1040 4527 quod
1057 4456 1371 4527 aliquando
1413 4456 1691 4511 infectum
1725 4458 1842 4512 vel-

205 4548 304 4618 let,
350 4546 534 4601 satius
583 4547 745 4600 duxit
792 4547 1173 4616 supersedere
1208 4587 1220 4611 ,
1269 4546 1470 4600 videns
1528 4546 1847 4615 praesertim

203 4635 472 4690 Ecclesiae
540 4651 629 4689 res
685 4635 740 4687 in
794 4633 1109 4687 notabilem
1163 4634 1542 4688 mutationem
1616 4651 1848 4704 pronus.

203 4725 555 4793 Quanquam
590 4724 749 4776 enim
779 4763 793 4786 ,
827 4721 874 4776 si
906 4722 1194 4792 Josephus
1218 4764 1236 4788 ,
1270 4723 1423 4792 quod
1459 4725 1718 4776 futurum
1751 4741 1850 4794 ap-

203 4814 447 4883 parebat
477 4855 493 4880 ,
526 4811 723 4865 denuo
757 4810 817 4863 in
849 4811 984 4864 sede
1016 4809 1390 4880 patriarcbali
1423 4816 1799 4881 reponeretur
1831 4851 1844 4875 ,

197 4901 270 4955 ab
299 4901 430 4971 ipso
461 4899 722 4968 quidem,
753 4899 924 4967 cujus
946 4898 1089 4952 mite
1113 4915 1179 4953 ac
1206 4898 1511 4969 paciﬁcum
1542 4898 1843 4970 ingenium

196 4991 594 5059 perspexerat,
628 4984 775 5038 nihil
808 4986 1108 5040 adversum
1139 5002 1202 5040 se
1232 4985 1537 5040 sinistrum
1567 4992 1668 5041 aut
1695 4987 1840 5041 infe-

195 5082 354 5132 stum
403 5078 689 5129 tentatum
723 5073 794 5126 iri
849 5075 1198 5141 conﬁdebat,
1247 5080 1441 5128 tamen
1483 5075 1636 5144 quod
1684 5075 1838 5129 idem

193 5169 353 5219 esset
385 5161 572 5215 facilis
603 5162 670 5214 ad
707 5160 1036 5230 sequendos
1085 5161 1376 5230 impulsus
1407 5161 1649 5216 aliorum
1685 5204 1700 5228 ,
1734 5178 1837 5216 nec

194 5249 457 5306 defuturi
491 5249 828 5303 viderentur
873 5248 970 5317 qui
1015 5263 1144 5302 eum
1178 5249 1252 5302 ad
1302 5249 1567 5318 exempla
1613 5250 1836 5305 edenda

192 5339 251 5393 in
287 5337 448 5410 pacis
478 5337 678 5391 invisae
696 5339 961 5390 auctores
993 5334 1363 5404 instigarent,
1395 5339 1833 5406 temperandum

186 5425 476 5498 judicavit
506 5441 539 5477 a
569 5440 631 5478 se
661 5425 789 5494 ipso
823 5421 975 5476 ultro
1007 5424 1478 5492 praadamnando.
1513 5424 1694 5488 Quam
1726 5441 1827 5480 au-

192 5519 311 5569 tem
339 5531 456 5568 non
486 5529 630 5568 vane
663 5511 774 5566 tale
801 5511 941 5582 quid
962 5516 1246 5567 metueret
1266 5513 1338 5566 ab
1362 5513 1598 5569 asseclis
1620 5521 1675 5568 et
1695 5531 1826 5568 con-

192 5602 412 5660 siliaris
457 5601 693 5673 Josephi
722 5643 736 5670 ,
809 5599 1249 5657 demonstrabat
1317 5617 1520 5658 recens
1570 5603 1820 5673 factum,

509 5721 776 5782 Panos.
823 5718 934 5779 Gn.
979 5717 1232 5779 CXLIII.

1982 3233 2224 3282 sanctus
2253 3234 2352 3283 aut
2373 3245 2554 3296 sacer,
2580 3246 2695 3284 non
2727 3230 3013 3299 adjunxit,
3036 3247 3149 3300 quo
3174 3236 3364 3284 tamen
3397 3232 3613 3302 passim

1978 3315 2360 3385 imperatores
2410 3318 2677 3372 honorari
2724 3323 3170 3384 consueverunt,
3216 3336 3284 3374 ex
3314 3337 3429 3390 quo
3463 3321 3611 3376 sacri

1978 3405 2250 3461 unctione
2281 3406 2390 3462 olei
2435 3413 2573 3462 sunt
2622 3407 2979 3480 inaugurati.
3030 3409 3140 3463 Eas
3172 3407 3399 3464 tabulas
3447 3411 3517 3464 ad
3549 3426 3611 3464 se

1976 3492 2198 3548 delatas
2215 3494 3031 3566 imperator,legens,miratus
3055 3498 3112 3550 in
3135 3496 3208 3550 iis
3230 3496 3610 3552 omissionem

1975 3597 2208 3649 novam,
2261 3581 2494 3652 scripsit
2525 3584 2594 3636 ad
2641 3584 3031 3652 patriarcham
3060 3601 3127 3638 ea
3156 3584 3226 3638 de
3262 3601 3322 3639 re
3353 3601 3612 3657 conque-

1973 3684 2144 3723 rens:
2178 3668 2413 3740 scripsit
2457 3669 2634 3724 etiam
2666 3671 2735 3725 ad
2785 3673 3120 3742 praefectum
3155 3671 3316 3727 urbis
3350 3714 3364 3740 ,
3390 3673 3606 3742 jubens

1970 3757 2122 3812 serio
2154 3757 2450 3828 inquirere
2482 3773 2597 3826 quo
2631 3757 2688 3811 id
2708 3775 2899 3813 errore
2917 3776 3101 3830 quove
3123 3761 3362 3815 consilio
3386 3762 3603 3816 factum

1966 3846 2047 3899 ita
2079 3851 2269 3900 esset:
2305 3846 2468 3912 Vide,
2495 3846 2790 3915 inquiens,
2815 3863 3094 3916 quorsum
3117 3848 3408 3920 Josephus
3431 3867 3522 3904 me
3547 3851 3604 3904 in

1965 3935 2227 3987 ordinem
2275 3935 2560 4004 redegerit
2591 3939 2647 3988 et
2677 3935 2971 4004 immperii
3005 3937 3186 3990 nostri
3231 3937 3596 4006 majestatem

1965 4021 2336 4074 imminuerit
2359 4027 2566 4090 negato
2598 4021 2768 4076 titulo
2802 4024 2989 4076 sacri:
3023 4040 3096 4079 an
3129 4025 3280 4094 quod
3313 4041 3405 4079 me
3424 4042 3595 4095 pecu-

1964 4107 2188 4162 liariter
2212 4107 2312 4162 illo
2342 4108 2642 4178 indignum
2680 4115 2842 4180 putet
2863 4111 3150 4182 ?Scripsit
3174 4112 3351 4166 etiam
3381 4112 3439 4167 in
3463 4130 3602 4169 sen-

1960 4195 2202 4250 tentiam
2227 4197 2488 4250 eamdem
2506 4197 2758 4268 Principi
2782 4199 3102 4254 Anticheno
3126 4199 3600 4272 patriarchae;qui

1959 4300 2092 4337 cum
2126 4283 2297 4338 ambo
2331 4284 2634 4339 misissent
2665 4285 2733 4338 ad
2761 4285 3107 4357 Josephum,
3139 4294 3459 4358 quaerentes
3491 4307 3596 4345 cur

1961 4372 2064 4426 hoc
2114 4372 2366 4439 fecisset,
2418 4389 2629 4444 cupere
2659 4373 2816 4428 enim
2869 4375 3280 4445 imperatorem
3330 4377 3384 4430 id
3429 4378 3595 4448 scire,

1957 4459 2057 4514 ille
2105 4461 2338 4529 utrique
2368 4462 2687 4530 respondit,
2737 4462 2972 4533 culpam
3002 4464 3130 4532 ejus
3177 4465 3390 4520 erroris
3419 4482 3594 4535 penes

1961 4547 2278 4602 monachos
2330 4548 2443 4618 ipsi
2491 4548 2898 4605 ministrantes
2930 4551 3202 4607 residere.
3233 4553 3302 4606 Et
3331 4553 3388 4606 in
3422 4554 3594 4608 [idem

1965 4636 2102 4689 dicti
2133 4636 2223 4689 sui
2251 4636 2494 4706 protulit
2526 4637 2897 4707 archetypum
2929 4639 3224 4710 exemplar
3255 4642 3593 4696 testamenti

1961 4729 2167 4778 caetera
2195 4723 2392 4777 omnia
2421 4724 2614 4778 simile
2645 4724 2864 4796 perlato
2887 4728 2956 4780 ad
2978 4731 3309 4799 Augustum
3328 4731 3591 4802 exemplo

1960 4813 2072 4867 nisi
2106 4813 2260 4882 quod
2296 4812 2502 4868 titulus
2533 4812 2704 4885 ἅγιος,
2749 4814 2849 4884 qui
2895 4815 3337 4872 desiderabatur
3366 4818 3424 4872 in
3457 4836 3594 4890 apo-

1957 4901 2201 4972 grapho,
2235 4899 2389 4955 clare
2439 4901 2496 4954 in
2529 4902 2886 4973 autographo
2935 4903 3257 4974 legebatur.
3301 4911 3371 4961 8e
3413 4907 3594 4978 igitur

1953 4989 2118 5060 prius
2150 4988 2229 5043 ita
2260 4990 2566 5060 scripsisse
2591 5006 2604 5044 :
2629 4990 2903 5061 quoniam
2924 5007 3056 5047 vero
3087 4994 3186 5063 qui
3215 4994 3367 5050 circa
3397 4996 3591 5066 ipsum

1949 5082 2116 5132 erant
2159 5077 2694 5132 scandalizarentur
2726 5119 2742 5146 ,
2777 5085 2975 5149 postea
3016 5082 3314 5138 reiinxisse
3345 5084 3402 5138 in
3451 5101 3580 5139 eam

1949 5171 2193 5224 formam
2226 5182 2351 5235 quae
2392 5167 2728 5236 imperatori
2772 5173 2926 5222 esset
2955 5167 3170 5224 oblata.
3204 5172 3283 5224 Ea
3333 5171 3587 5242 ingenua

1945 5254 2610 5324 confessioneJosephus
2632 5263 2684 5309 et
2702 5271 2867 5310 suam
2892 5256 3193 5327 paciﬁcam
3226 5257 3480 5313 indolem
3521 5268 3578 5315 et

1943 5358 2182 5396 suorum
2217 5341 2619 5397 ministerium
2653 5342 2710 5396 in
2739 5346 3068 5415 Augustum
3096 5344 3370 5400 invidiam
3397 5347 3590 5402 decla-

1939 5429 2127 5495 ravit;
2163 5445 2518 5500 causamque
2540 5431 2678 5485 huic
2706 5432 2926 5501 justam
2950 5433 3192 5503 praebuit
3212 5433 3480 5502 timendi,
3505 5452 3538 5488 n
3559 5451 3588 5488 e

1934 5520 2054 5570 tam
2090 5515 2241 5570 male
2293 5517 2534 5572 animati
2564 5518 2621 5572 in
2657 5520 2850 5590 ipsum
2901 5519 3170 5574 homines
3209 5520 3580 5576 occasionem

1939 5604 2200 5676 aliquam
2235 5606 2558 5680 arriperent
2593 5607 2720 5678 ejus
2749 5607 3063 5665 accusandi
3110 5608 3280 5680 quasi
3312 5607 3575 5664 Ecclesiae

3187 5726 3257 5785 31
