4130 6270
494 327 594 383 071
1790 328 2059 383 GEORGI

2174 330 2584 388 ΑΟΗΥΜΕΒΕ
3707 353 3792 411 972

496 452 713 507 ἅπασιν.
766 453 850 524 [Ρ.
910 451 1034 524 346]
1086 445 1260 543 ἱΑλλᾶ
1308 446 1433 512 τοὺς
1464 447 1774 543 περ-ὶήαὖτὸν
1812 449 2127 543 ὑποπτεόιυν
2157 457 2214 524 Α
2242 454 2400 543 σοῦςῖ
2436 453 2546 543 ,ΔὩς
2605 451 2664 510 δὲ
2719 452 2869 530 δόλῳ
2921 461 3100 520 κακῶς
3148 460 3439 536 ἀπεκτόνει,
3483 466 3669 543 πέμψας
3691 476 3792 542 τοὺς

495 542 522 595 6
584 538 854 615 βασιλεὺς,
915 539 1028 610 ἅμα
1085 534 1143 591 δὲ
1169 537 1257 591 καὶ
1297 540 1394 591 τοῦ
1428 538 1503 610 μή
1551 534 1697 609 δόξαι
1728 542 1971 606 συνιστᾷν
2026 539 2126 607 τὴν
2340 536 2561 610 ἀδήλων
2620 543 3117 617 κστοϊστεύσοντας,
3171 547 3261 602 καὶ
3314 549 3374 604 τὸ
3425 534 3793 633 δρᾶμα’;ηνύετο;

491 630 609 692 καθ’
648 626 811 682 αὐτοῦ
859 625 1217 701 κατηγορίαν,
1250 625 1324 689 ὡς
1352 625 1489 679 κατὰ
1524 624 1732 698 χλεύην
1777 625 1866 679 καὶ
1900 626 1963 680 οὐ
1990 626 2129 701 πρὸς
2233 626 2324 681 καὶ
2383 629 2410 682 ὁ
2438 630 2766 705 Ἀμηραλῆς
2797 631 3090 704 ἐτεθνήκει,
3131 633 3382 692 ἐϐούλετο
3429 624 3532 712 μὲν
3555 624 3789 723 κατασχὼν

491 715 747 787 ἀλήθειαν
793 716 1190 788 ποιησάμενος,
1237 713 1303 768 τὰ
1352 713 1476 787 περὶ
1522 712 1728 768 τούτων
1767 718 1885 776 τοῖς
1934 713 2124 791 ἐφεξῆς
2232 715 2429 770 Κάνινα
2480 715 2647 792 ἔχειν,
2697 717 2952 792 ἐμποδὼν
3010 718 3057 776 δ’
3086 723 3222 792 ἦσαν
3265 726 3318 779 οἱ
3346 725 3392 780 ἐν
3438 727 3634 793 ἐκείνοις
3672 712 3791 812 εξρι.

484 811 700 880 καιροῖς
727 809 807 878 τῷ
833 803 968 866 τέως
994 803 1218 875 ἀνήρτα.
2230 802 2484 876 σκόμενοι
2513 804 2736 875 Ἰταλοὶ,
2768 805 2820 860 ο⁹ί
2868 809 2957 862 καὶ
3000 809 3093 863 τὸν
3144 816 3245 879 τῆς
3286 810 3448 881 ἥττης
3475 802 3793 898 συνδιαγαγξν-

2227 911 2314 953 τες
2348 892 2534 965 καιρὸν
2584 893 2736 956 αὖθις
2768 893 3056 951 ἀπέκλιναν
3114 898 3250 973 πρὸς
3276 900 3365 955 τὸν
3417 892 3791 978 Κάρουλον.’Κάο

2228 979 2426 1066 ρουλος
2466 977 2523 1035 δὲ
2570 979 2787 1056 πέμψας
2833 983 3156 1061 κατωχύρου
3207 1007 3264 1041 τε
3315 988 3377 1042 τὸ
3430 977 3680 1066 φρούριον,
3724 1001 3794 1052 καὶ

551 1074 640 1130 Ἑν
670 1071 884 1134 τούτοις
936 1068 983 1125 δ’
1040 1066 1193 1131 ὄντος
1248 1071 1345 1122 τοῦ
1399 1066 1665 1143 βασιλέως
1717 1069 1808 1121 καὶ
1862 1066 1930 1122 τὰ
1983 1069 2121 1123 κατὰ
2228 1065 2303 1128 ὠς
2337 1064 2462 1141 ἰδίῳ
2503 1071 2791 1143 χρώμενος
2839 1071 3039 1136 ἐκεῖθεν
3083 1074 3313 1149 ἐξορμᾷν
3358 1064 3478 1140 τους
3507 1064 3795 1140 auream-ci

478 1159 835 1236 Βελλάγραδα
864 1157 1274 1234 διηγγέλλοντο.
1336 1154 1492 1244 Ἀλλξ
1548 1154 1885 1226 ἀναληπτέον
1922 1157 2112 1229 μικρὸν
2222 1158 2323 1244 τῆς
2378 1157 2660 1229 Ῥωμαίων
2703 1154 2980 1215 ἐϐούλετο.
3033 1160 3171 1217 Τότε
3214 1163 3390 1218 τοίνυν
3446 1164 3674 1243 ἐθάῥρυνε
3722 1172 3795 1244 μὶν

475 1251 695 1313 ἀνωθεν.
755 1247 1017 1323 Ἰλλυριοὶ
1079 1247 1172 1317 μὲν
1227 1243 1318 1300 οὖν
1351 1242 1620 1320 βασιλέως
1650 1246 2116 1315 ἀποστατήσαντες
2222 1242 2421 1297 ἐκεῖνον
2474 1245 2564 1299 καὶ
2620 1248 2654 1315 ἡ
2703 1251 2812 1302 τῶν
2840 1246 3127 1324 Ἰλλυριῶν
3160 1250 3470 1322 ἀποστασία,
3499 1242 3629 1328 ἔχων
3657 1254 3705 1311 δὲ
3726 1242 3797 1314 καὶ

470 1339 588 1392 κατ’
617 1335 812 1399 αὐτοὺς
854 1338 1009 1403 ἦσαν.
1061 1332 1416 1408 Ιῐερισχόντες
1446 1329 1493 1385 δ’
1539 1330 1752 1406 ἐρήμην
1802 1331 1962 1387 πόλιν
2008 1335 2110 1402 τήν
2217 1333 2310 1386 τὸν
2341 1331 2499 1387 κότον
2533 1335 2770 1409 ἀρχῆθεν
2806 1337 2879 1398 ὡς
2909 1334 3247 1412 ἐκκρουσθεὶς
3276 1344 3394 1402 ταῖς
3437 1345 3528 1395 τοῦ
3574 1343 3797 1417 βασιλέως

473 1424 781 1501 Δυῤῥαχίου
831 1423 889 1477 ἐκ
935 1425 1031 1477 τοῦ
1078 1419 1470 1496 προ-γεγονότος
1506 1423 1730 1491 σεισμοῦ
1770 1420 2111 1488 ἀνακτίζουσί

469 1534 528 1567 τε
557 1513 646 1567 καί
676 1533 824 1573 τινας
871 1510 1273 1571 συναποστάτας
1332 1507 1510 1583 σφίσιν
1568 1507 1677 1561 ἐκεῖ
1720 1508 2105 1577 κατοικίζουσι.

467 1605 558 1673 Τῷ
617 1600 747 1676 ῥηγὶ
779 1598 835 1654 δὲ
866 1598 1130 1674 Καρούλφ
1181 1597 1231 1667 ἐξ
1280 1595 1520 1671 ἐγγίονος
1564 1598 1956 1668 γειτονήματος
2010 1602 2106 1651 τοῦ
2216 1598 2296 1669 [Ρ.
2345 1601 2470 1671 347]
2522 1599 2596 1660 ὡς
2645 1599 2720 1661 εἷς
2764 1605 2908 1673 τρεῖς
2958 1599 3214 1675 χιλιάδας
3267 1603 3612 1676 ποσούμενον,
3649 1606 3800 1663 διαπε-

466 1689 571 1743 ἁπὸ
622 1692 728 1743 τῶν
777 1685 1013 1741 Κανίνιον
1073 1682 1270 1761 φιλίως
1322 1684 1471 1757 εἶχον
1515 1683 1604 1736 καὶ
1651 1685 1788 1737 κατά
1835 1687 2101 1755 συνθήκας
2213 1691 2362 1758 ραιοῖ
2386 1687 2476 1741 τὸν
2511 1686 2722 1743 Ἰόνιον.
2782 1686 2850 1744 Ο’ί
2881 1686 2947 1757 δὴ
2979 1689 3069 1743 καὶ
3098 1686 3492 1754 καταλαϐόντες
3519 1694 3581 1748 τὰ
3614 1696 3799 1765 Κάνινα,

464 1777 768 1850 εἲρήνευον.
821 1775 895 1828 Τὰ
924 1772 1102 1847 μέντοι
1149 1793 1211 1848 γε
1255 1772 1446 1825 Κάνινα
1474 1770 1645 1826 πάλαι
1695 1772 1788 1845 μὲν
1818 1771 1953 1840 ἦσαν
2005 1778 2102 1827 τοῦ
2132 1828 2175 1859 ῃ
2208 1773 2301 1827 καὶ
2352 1774 2427 1836 ὡς
2480 1775 2630 1849 εἶχον
2693 1774 3167 1851 ἐνπευασάμενοι,
3226 1778 3402 1843 οὕτως
3459 1781 3645 1836 ἐκεῖθεν
3670 1782 3807 1859 ἐξώρ-

462 1864 740 1922 Χιλίππου
792 1859 1105 1937 Ἀμηραλῆ,
1158 1857 1349 1934 ἀνδρὸς
1396 1857 1693 1931 δυναμένου
1747 1858 1998 1928 πλεῖστα,
2041 1857 2175 1915 ’ὀνυ
2210 1882 2322 1933 μων
2385 1862 2458 1923 ὡς
2512 1867 2582 1936 τῇ
2634 1865 2770 1918 κατά
2822 1870 2958 1940 σφᾶς
3013 1865 3197 1940 τόλμῃ
3258 1865 3467 1923 οἴεσθαί
3494 1891 3633 1930 τινας
3666 1857 3804 1946 μέχρι

460 1955 549 2009 καὶ
578 1953 813 2028 Μιχαὴλ
853 1949 1042 2012 δεδιὼς
1071 1951 1098 2005 6
1130 1948 1418 2020 δεσπότης,
1461 1948 1551 2002 καὶ
1585 1946 1801 2020 μᾶλλον
1836 1948 2099 2022 ῒσχύσαν-
2202 1949 2291 2003 καὶ
2330 1946 2547 2014 πόλεως
2595 1950 3012 2023 Θεσσαλονίκης,
3061 1949 3137 2007 ἔτι
3186 1952 3244 2009 δὲ
3288 1957 3382 2010 καὶ
3420 1955 3623 2019 πόλεως
3664 1959 3805 2028 αὐτῆς

457 2064 553 2106 τος
602 2041 739 2097 κατὰ
776 2044 872 2096 τοῦ
921 2040 1109 2117 Μαφρὲ
1135 2041 1232 2092 τοῦ
1279 2033 1563 2111 Καρούλου
1594 2036 1667 2097 ὡς
1712 2036 1802 2091 καὶ
1851 2037 2096 2092 ἀποκτεῖ-
2202 2041 2339 2109 πεζῇ
2390 2033 2710 2110 συμϐαλεῖν.
2742 2040 2867 2095 Ἐπὶ
2914 2046 3170 2097 τοσοῦτον
3199 2041 3245 2096 δ’
3294 2042 3551 2120 saepem
3596 2049 3660 2118 τῇ
3707 2049 3806 2101 κατ’

457 2151 542 2186 ναι
574 2130 663 2185 καὶ
691 2131 789 2199 τήν
821 2128 1000 2204 ἀρχὴν
1054 2125 1263 2181 ἐκείνου
1295 2118 1479 2180 λαϐεῖν
1532 2123 1821 2197 συμμαχίᾳ
1864 2121 2093 2198 πλείστῃ
2204 2124 2396 2187 αὐτοὺς
2444 2124 2663 2199 δυνάμει
2710 2124 2846 2182 ὥστε
2884 2129 2975 2182 καὶ
3020 2131 3138 2183 κατ’
3176 2118 3447 2205 ἐλπισμδν
3478 2134 3566 2187 τὸν
3612 2133 3807 2209 κρείττω

450 2220 555 2289 τῆς
612 2215 961 2288 Ἐκκλησίας,
1016 2206 1174 2286 κήδει
1230 2213 1488 2286 ἐποιεῖτο,
1546 2213 1637 2267 καὶ
1688 2212 1786 2279 τὴν
1817 2210 1989 2267 πάλαι
2016 2217 2096 2284 τῷ
2203 2210 2532 2289 διαμερίζειν
2601 2215 2691 2269 καὶ
2759 2217 2948 2290 χώρας
3004 2216 3094 2271 καὶ
3152 2218 3349 2282 πόλεις
3398 2221 3571 2293 ἑαυτῷ
3616 2206 3806 2275 ἕκαστον

459 2309 703 2385 Ζφαντζῇ
735 2305 1149 2374 συνοικήσασαν,
1208 2299 1448 2379 ἀδελφήν
1504 2320 1565 2376 γε
1620 2298 1781 2354 οὖσαν
1837 2304 1938 2366 τῆς
1994 2302 2095 2355 αὕη
2199 2305 2306 2355 τῶν
2360 2301 2741 2377 προύχόντων.
2803 2303 3035 2379 Ἐξῆρχε
3091 2303 3149 2359 δε
3182 2306 3394 2362 τούτων
3428 2309 3810 2364 ἀπάντωνὸκαὶ

454 2398 550 2449 τοῦ
606 2393 880 2470 γυναικὸς,
928 2389 1328 2467 κεχηρωμένην
1378 2388 1583 2444 ἐκείνου
1637 2388 1854 2462 πέμψας
1900 2409 2096 2464 συναρ-
2200 2393 2281 2460 τῷ
2352 2391 2664 2466 φρονήματι
2717 2389 2847 2453 τοὺς
2902 2390 3105 2455 πάντας
3162 2394 3649 2473 ὑπερφερόμενος,
3701 2399 3811 2458 Ῥὼς

461 2478 612 2557 μὸζει
665 2483 738 2553 οἱ,
792 2480 1119 2557 ἐκχωρήσας
1171 2479 1322 2550 αὖτῷ
1378 2477 1467 2533 καὶ
1525 2476 1769 2533 Κανίνων
1797 2476 1885 2532 καὶ
1917 2483 2090 2552 Κορυ-
2204 2474 2487 2550 Σολυμᾶς,
2553 2477 2806 2553 μέγιστος
2842 2480 2937 2553 μὲν
2986 2479 3203 2553 ἡλικίᾳ,
3237 2479 3477 2559 σοϐαρὸς
3528 2483 3585 2541 δὲ
3608 2490 3715 2547 ταῖς
3736 2492 3811 2554 τῆς

696 946 804 1022 λβ’.
834 947 1023 1007 "Ome;
1052 938 1245 1014 συνέϐη
1276 944 1341 998 τὰ
1368 944 1504 997 κατά
1532 939 1905 1019 Βελλάγραδα.

2223 1426 2502 1494 μηχαναῖς
2526 1420 2625 1489 τῆς
2681 1423 2768 1477 ἐπὶ
2823 1425 2922 1492 τὴν
2972 1423 3135 1479 πόλιν
3189 1425 3467 1499 ἐκπλοίας,
3509 1428 3627 1485 λαὸν
3652 1433 3798 1489 ἱκανὸν

2218 1508 2277 1562 ἐκ
2305 1508 2630 1584 Βρεντησίου
2661 1512 2775 1583 ἅμα
2802 1511 2896 1584 μὲν
2927 1513 3190 1584 ἱππότην,
3249 1517 3364 1588 ἅμα
3418 1515 3472 1571 δὲ
3521 1518 3603 1573 καὶ
3650 1523 3799 1595 πεζὸν,

452 2698 740 2756 illusisset
768 2692 1102 2752 simulanda
1134 2707 1274 2763 pace
1302 2689 1470 2746 falsa.
1509 2690 1670 2754 Quod
1701 2689 1920 2745 crimen
1951 2690 2089 2760 quia
2199 2689 2546 2746 subornatos
2575 2691 2647 2745 ad
2680 2690 2790 2747 hoc
2832 2693 3198 2762 jaculatores
3228 2696 3552 2768 interfecit,
3601 2706 3798 2757 conatus

453 2787 797 2844 confirmare
853 2781 1183 2855 potuissent
1213 2779 1466 2851 quadam
1509 2777 1670 2833 velut
1724 2778 2089 2834 confessione
2194 2776 2291 2833 ille
2341 2778 2576 2849 quidem
2610 2784 2697 2834 est
2745 2780 2982 2836 sceleris
3027 2784 3118 2837 sui
3151 2785 3416 2840 fructum
3465 2804 3695 2858 carpere
3723 2789 3794 2843 Ca.

452 2877 638 2946 ipsius
669 2874 772 2945 rei,
803 2872 853 2928 si
883 2868 1547 2941 revocassetimperator
1567 2866 1719 2923 ultro
1750 2868 1905 2939 quod
1938 2867 2084 2922 fece-
2193 2865 2351 2920 ninis
2395 2866 2629 2920 domino
2667 2867 2789 2936 jam
2837 2870 3171 2925 carentibus
3203 2872 3590 2945 recipiendis.
3623 2875 3725 2930 Sed
3753 2890 3805 2928 ne

450 2968 560 3033 rat,
620 2963 749 3018 ideo
799 2977 863 3017 se
922 2958 1021 3015 ille
1074 2962 1218 3013 tunc
1248 2956 1320 3011 ab
1380 2972 1446 3011 eo
1478 2954 1742 3011 faciendo
1773 2953 2081 3024 continuit,
2190 2953 2248 3008 id
2301 2960 2515 3024 posset,
2555 2955 2910 3011 obstiterunt
2937 2960 3151 3029 reperti
3183 2964 3334 3016 tunc
3369 2962 3495 3017 illic
3542 2964 3684 3033 Itali,
3729 2961 3808 3033 qui

449 3052 601 3110 508
633 3052 863 3122 integra
912 3052 978 3103 ut
1007 3050 1175 3103 erant
1203 3044 1401 3100 omnia
1450 3042 1786 3113 relinquens
1833 3057 2079 3112 suspen-
2121 3116 2152 3122 ῃ
2190 3057 2324 3097 cum
2354 3042 2623 3114 Philippo
2654 3044 2904 3113 fuerant,
2939 3047 3171 3115 quando
3194 3054 3289 3103 cst
3318 3049 3579 3106 occisus.
3612 3050 3676 3105 Hi
3704 3065 3814 3122 per-

449 3145 710 3211 densque
737 3116 797 3193 in
831 3138 1094 3193 futurum
1144 3149 1365 3202 rerum,
1407 3136 1469 3187 ut
1497 3146 1560 3187 se
1590 3130 1902 3199 habebant,
1942 3147 2080 3202 pras-
2111 3116 2153 3182 C
2192 3130 2393 3185 ﬁdiam
2424 3130 2784 3188 insidiatoris
2823 3133 3092 3188 detestati
3122 3137 3275 3192 509
3314 3155 3533 3195 rursus
3562 3141 3630 3195 ad
3662 3116 3813 3195 Caro-

449 3232 677 3285 seutem
707 3230 951 3283 statum.
2190 3220 2311 3276 lum
2343 3221 2722 3278 inclinarunt.
2772 3222 2875 3279 Ille
2903 3228 3099 3280 autem
3131 3227 3332 3283 missis
3365 3229 3619 3303 impigre
3655 3227 3815 3301 copiis

2188 3325 2381 3364 arcem
2425 3309 2586 3365 illam
2619 3326 2793 3382 opere
2839 3316 2899 3367 et
2927 3313 3200 3383 praesidio
3255 3317 3563 3374 munitam
3611 3323 3673 3374 ut
3706 3333 3817 3389 pro-

623 3369 714 3424 32.
751 3369 811 3424 Πι
838 3380 925 3421 res
955 3363 1026 3420 ad
1048 3360 1386 3431 Bellagrada
1406 3368 1555 3433 gesta
1585 3359 1901 3429 contigerit.

2186 3398 2372 3469 priam
2423 3359 2699 3471 deinceprs
2727 3359 2960 3469 habuit:
2987 3403 3305 3460 stationem
3337 3359 3523 3463 istam
3563 3359 3815 3480 oppo‘rtu-

518 3498 581 3548 In
634 3491 728 3547 his
757 3486 1093 3562 imperatori
1141 3483 1397 3541 versanti
1443 3483 1714 3540 nuntiata
1769 3486 1912 3539 sunt
1942 3500 2070 3555 quis

445 3584 518 3638 ad
594 3578 940 3651 Bellagrada
979 3575 1364 3646 contigerant.
1445 3574 1527 3628 Ea
1552 3572 1925 3644 explicaturis
1983 3572 2077 3627 hic

444 3670 613 3727 nobis
638 3668 812 3742 paulo
834 3665 1007 3722 altius
1027 3663 1410 3737 repetendum
1437 3662 1739 3718 exordium
1762 3664 1869 3717 est.
1894 3660 2074 3732 Illyrii

444 3761 684 3831 quidam
717 3757 939 3813 dudum
962 3769 1205 3811 excusso
1229 3751 1595 3824 imperatoris
1617 3751 1783 3821 jugo,
1800 3750 1882 3804 sic
1905 3749 2073 3820 quasi

446 3850 536 3907 sui
560 3847 719 3920 juris
769 3847 988 3912 essent,
1022 3858 1114 3898 res
1146 3841 1255 3897 sibi
1285 3857 1424 3896 suas
1468 3839 1784 3895 habebant.
1816 3837 1885 3892 Hi
1918 3838 2069 3892 nacti

440 3953 699 3995 eversam
747 3939 912 3990 terrea
965 3936 1122 3988 motu
1172 3928 1699 4003 Dyrrhachiensem
1748 3926 2068 3993 civitatem,

436 4044 564 4083 eam
597 4044 628 4081 a
658 4042 720 4081 se
766 4026 1155 4078 restauratam
1206 4017 1432 4074 colonia
1478 4019 1849 4088 frequentant
1896 4032 1927 4071 e
1957 4015 2069 4072 sibi

433 4117 566 4171 fidis
596 4120 653 4171 et
699 4112 917 4186 pariter
944 4109 1279 4181 imperatori
1331 4105 1670 4175 rebellibus,
1711 4105 1922 4160 foedere
1952 4105 2066 4160 icto

429 4221 564 4260 cum
608 4218 743 4274 rege
791 4198 993 4255 Carolo
1042 4196 1295 4250 vicinum
1362 4194 1456 4248 his
1518 4193 1856 4267 praesidium
1907 4194 2061 4264 apud

424 4292 644 4347 Canina
690 4289 1022 4354 obtinente;
1084 4283 1184 4355 qui
1241 4283 1402 4337 locus
1459 4298 1572 4352 quo
1621 4297 1760 4336 casu
1820 4281 1877 4335 in
1934 4282 2062 4351 ejus

423 4384 761 4451 potestatem
792 4375 1031 4439 venerit,
1056 4372 1266 4428 dicam.
1292 4370 1509 4425 Canina
1531 4369 1669 4425 olim
1693 4371 1803 4424 sub
1840 4370 2059 4425 ditione

2186 3487 2612 3557 namjudicans
2644 3489 2715 3544 ad
2742 3488 3008 3544 ell'ectum
3033 3496 3297 3549 veterum
3330 3511 3585 3551 suarum
3619 3494 3820 3550 machi-

2184 3576 2489 3632 nationum
2517 3593 2531 3632 :
2556 3577 2692 3633 inde
2713 3576 2869 3633 enim
2893 3581 3198 3636 commode
3220 3598 3284 3637 se
3298 3585 3584 3654 sperabat
3602 3588 3819 3655 eruptu-

2183 3679 2312 3719 rum
2338 3663 2397 3720 in
2430 3666 2698 3721 subditas
2729 3666 3066 3738 imperatori
3100 3669 3400 3742 regiones,
3432 3689 3583 3744 quas
3614 3672 3816 3727 dudum

2181 3754 2456 3810 invadere
2525 3754 2779 3826 optabat.
2851 3755 3229 3813 Occasionem
3304 3777 3489 3830 porro
3557 3761 3684 3831 ejus
3746 3758 3817 3814 rei

2180 3859 2455 3914 prospere
2504 3842 2796 3898 tentandaa
2842 3843 3034 3899 offerri
3080 3845 3190 3901 sibi
3242 3853 3552 3905 maturam
3604 3854 3759 3906 ratus
3791 3864 3819 3902 a

2179 3931 2490 3987 rebellione
2534 3931 2886 4002 Illyriorum,
2915 3949 3098 4004 eoque
3128 3934 3468 3994 animosius
3509 3939 3817 4009 obsequens

2176 4019 2294 4088 ire,
2339 4034 2455 4089 qua
2504 4016 2726 4088 pridem
2771 4019 2829 4072 in
2880 4018 3295 4090 imperatorem
3349 4026 3627 4095 ardebat,
3675 4024 3811 4097 quod

2173 4104 2273 4162 ille
2308 4106 2638 4161 urtiliciosis
2688 4107 2813 4161 suis
2854 4122 2989 4161 cum
3023 4124 3174 4179 papa
3203 4112 3570 4170 tractatibus
3598 4112 3816 4185 expedi-

2171 4193 2389 4248 tionem
2425 4194 2497 4248 ab
2526 4210 2591 4249 eo
2623 4198 2884 4265 paratam
2923 4194 2980 4249 in
3005 4196 3208 4251 urbem
3240 4199 3811 4274 Constantinopolim

2173 4282 2376 4336 effectu
2404 4298 2633 4336 cassam
2654 4280 3024 4349 reddidisset,
3050 4283 3507 4345 multitudinem
3542 4295 3635 4347 sat
3666 4304 3809 4359 mug-

2170 4387 2303 4423 nam
2339 4369 2550 4441 partim
2591 4369 2859 4441 equitum
2899 4371 3108 4441 partim
3156 4375 3453 4446 peditum,
3491 4379 3611 4434 tria
3649 4375 3813 4434 simul

420 4468 652 4524 fuerant
682 4461 946 4535 Philippi
976 4458 1258 4515 Ameralaa
1288 4458 1399 4513 viri
1430 4457 1848 4529 potentissimi,
1879 4457 2057 4512 dotali
2095 4470 2129 4527 ιε
2166 4457 2349 4512 millia
2396 4459 2650 4514 militum
2689 4458 3012 4530 explentem
3060 4463 3404 4520 Brundusio
3458 4482 3569 4538 per
3598 4467 3812 4522 Ionium

417 4557 470 4612 ei
519 4554 851 4611 conditione
892 4550 1179 4606 attributa
1231 4564 1264 4601 a
1312 4545 1591 4602 Michaele
1641 4545 1901 4616 despota.
1946 4547 2051 4602 Ilio

417 4643 572 4697 enim
606 4660 640 4697 a
662 4639 927 4712 Philippo
950 4637 1061 4692 sibi
1086 4640 1373 4705 metuens,
1395 4634 1716 4706 praesertim
1741 4637 2050 4706 postquam

408 4731 652 4788 Carolus
701 4730 982 4785 adversus
1012 4725 1379 4782 Manfredum
1431 4723 1734 4796 praevaluit
1763 4727 1822 4777 et
1869 4722 2049 4793 hujus

410 4819 611 4875 toccisi
640 4834 884 4890 regnum
911 4815 1188 4882 obtinuit,
1217 4813 1448 4869 auxiliis
1480 4811 1747 4868 Ecclesia;
1779 4812 2048 4869 maximis

407 4908 479 4963 ad
528 4923 656 4962 eam
704 4904 1008 4975 victoriam
1054 4903 1292 4974 adjutus
1345 4945 1358 4971 ,
1409 4917 1811 4973 praeoccupare
1857 4901 2044 4972 gratia

407 5011 579 5067 quem
614 4993 969 5049 formidabat
998 4991 1231 5062 sibique
1254 4991 1576 5062 adjungere
1608 4988 1892 5044 afﬁnitate
1921 4994 2039 5045 sta-

403 5084 535 5139 tuit.
568 5081 795 5139 Obtulit
832 5097 968 5153 ergo
1001 5080 1051 5136 ei
1100 5081 1160 5135 in
1203 5094 1440 5135 uxorem
1482 5078 1751 5149 conjugis
1791 5079 2036 5149 proprias

400 5188 762 5243 germanam,
818 5187 944 5242 quae
996 5169 1290 5241 Sphantze
1340 5171 1642 5239 nupserat,
1687 5173 1743 5220 et
1787 5172 1924 5220 tunc
1968 5183 2034 5222 eo

2160 4546 2409 4616 trajecit.
2493 4547 2557 4601 lli
2616 4546 2824 4618 perlati
2871 4548 3111 4617 Caniua,
3168 4567 3302 4606 cum
3366 4554 3454 4608 ibi
3520 4571 3589 4610 se
3645 4568 3810 4626 quam

2162 4639 2481 4705 potuerunt
2509 4635 2727 4706 optime
2774 4642 3233 4709 comparassent,
3266 4648 3616 4714 eruperunt
3645 4645 3812 4699 auda-

2159 4723 2394 4778 cissime
2442 4726 2627 4779 vastis
2673 4723 2862 4779 inﬂati
2913 4726 3163 4797 spebus,
3217 4729 3393 4798 quasi
3452 4748 3575 4786 non
3628 4731 3809 4788 solum

2155 4811 2324 4867 obvia
2395 4816 2607 4868 cuncta
2652 4829 2836 4883 usque
2891 4814 3384 4872 Thessalonicam
3446 4821 3757 4876 subacturi
3796 4861 3809 4886 ,

2152 4901 2253 4956 sed
2284 4901 2351 4956 ad
2385 4901 2589 4957 urbem
2622 4901 2765 4972 quin
2797 4902 2973 4958 etiam
3006 4904 3193 4974 ipsam
3234 4904 3547 4965 inoffenso
3580 4908 3806 4981 expedi—

2147 4989 2325 5045 tionis
2370 4990 2629 5046 terrestri
2670 5008 2843 5046 cursu
2892 4993 3244 5063 perventuri.
3292 4998 3572 5053 Tantum
3619 5002 3804 5054 autem

2146 5077 2513 5133 confidebant
2562 5079 2687 5134 suis
2735 5080 2949 5151 opibus
2979 5098 3046 5136 ac
3087 5080 3336 5150 viribus,
3375 5091 3450 5139 ut
3485 5086 3650 5141 velut
3698 5101 3803 5140 non

2143 5168 2322 5222 dubia
2352 5183 2455 5238 spe
2487 5167 2599 5221 laeti
2630 5184 2939 5225 successus
2962 5172 3089 5241 jam
3122 5187 3279 5226 nunc
3302 5174 3612 5247 praecipui
3637 5176 3807 5231 duces

399 5265 625 5317 mortuo
655 5260 833 5315 vidua
862 5258 1130 5329 Philippo
1159 5255 1256 5311 isti
1288 5254 1541 5326 nuptiali
1574 5255 1786 5309 fmdcre
1814 5255 2033 5310 sociata
2139 5256 2401 5327 ipsorum
2453 5255 2604 5311 inter
2633 5274 2696 5312 se
2742 5259 3100 5329 partirentur
3146 5259 3432 5331 regiones
3485 5264 3803 5333 urbesque,

392 5355 504 5417 est,
554 5348 901 5404 conciliante
951 5363 1015 5401 ac
1065 5344 1335 5399 mittente
1384 5344 1654 5412 despota,
1704 5342 1805 5413 qui
1852 5343 2028 5399 etiam
2085 5341 2090 5347 ’
2138 5361 2287 5415 quas
2351 5344 2599 5416 quisque
2649 5352 2782 5416 post
2826 5347 3133 5403 victoriam
3184 5349 3476 5420 proprias
3540 5351 3804 5408 haberet.

390 5437 497 5492 hac
557 5434 860 5492 occasione
932 5430 1166 5488 Caninis
1225 5435 1283 5486 et
1337 5428 1601 5501 Corypho
1652 5446 1798 5485 novo
1863 5431 2025 5486 affini

388 5524 583 5580 cessit.
625 5524 946 5595 Postquam
979 5530 1171 5577 autem
1200 5520 1355 5575 idem
1385 5517 1629 5575 Michael
1659 5518 2025 5576 circumven-

2135 5435 2381 5489 Praaerat
2425 5436 2618 5488 autem
2651 5435 2939 5491 universis
2976 5436 3093 5492 illis
3123 5437 3395 5493 omnium
3434 5439 3622 5513 longe
3648 5442 3803 5496 fero-

2133 5520 2410 5578 cissimus
2466 5520 2624 5578 Rhos
2670 5523 2953 5595 Solymas,
3002 5527 3090 5580 vir
3136 5525 3459 5584 altissimas
3510 5534 3760 5586 staturae
3790 5569 3803 5592 .

396 5629 494 5667 um
529 5611 762 5668 insidiis
807 5609 1144 5681 Philippum
1175 5607 1307 5665 telis
1351 5624 1418 5664 ex
1460 5606 1682 5664 occulto
1717 5607 1893 5678 jactis
1924 5626 2027 5680 per
2131 5608 2310 5666 animi
2342 5610 2749 5680 superbissimi
2788 5656 2802 5681 ,
2833 5613 3379 5686 superciliosissimi
3423 5615 3492 5673 in
3528 5633 3804 5690 congres-
