4130 6270
240 351 351 420 973

246 575 431 646 ξανθὸς
487 573 583 640 τὴν
639 573 824 647 τρίχα,
886 573 975 626 καὶ
1045 572 1356 647 ὑπεραῦχην
1393 572 1450 626 ἐκ
1479 575 1716 645 ψυχικοῦ
1745 591 1889 632 τινος

1118 659 1158 677 ΑΚ

245 663 507 736 ἐκΟέρμου
538 662 864 731 κινήματος.
901 663 1065 735 Οἶμαι
1114 662 1168 714 δέ

248 752 364 804 σίαν
420 754 591 823 σχεῖν,
651 750 794 822 παρὰ
852 750 950 816 την
1007 751 1140 823 πρὸς
1192 751 1327 809 Ῥὼς
1363 748 1684 820 ὁμοιότητα.
1743 754 1887 820 [lpo-

1216 663 1437 715 κάντεῦ0
1447 682 1495 713 εν
1539 663 1636 728 τὴν
1689 660 1778 714 ὀνο
1790 680 1889 730 μα-

245 837 493 913 αχθέντες
518 836 694 889 τοίνυν
723 841 845 896 ταῖς
883 835 1120 908 τόλμαις
1154 838 1204 889 oi
1255 835 1454 891 Ἰταλοὶ
1501 835 1588 889 ἐπὶ
1635 837 1702 888 τὰ
1751 833 1886 890 Βελο

246 923 487 1000 λάγραδα
547 928 760 998 πρῶτον
817 924 1021 997 ὥρμων
1084 924 1158 987 ὡς
1210 923 1261 993 ἐξ
1320 925 1487 992 αὐτῆς
1551 923 1885 996 αἱρήσοντες.

244 1017 320 1071 Τὸ
356 1013 410 1068 δέ
456 1035 513 1087 γε
562 1011 820 1086 φρούριον
855 1011 1002 1075 ἕνοεν
1037 1015 1128 1084 μὲν
1187 1013 1276 1066 τὸν
1338 1013 1479 1067 οὕτω
1511 1034 1627 1074 πως
1655 1012 1888 1085 λεγόμε-

241 1127 329 1158 νον
363 1103 676 1178 ἐπιχιυρίως
731 1102 992 1172 ’Λσο-Βνην
1027 1103 1269 1174 ποταμὸν
1304 1101 1706 1176 προϊσχόμενον
1768 1100 1883 1154 ἐπί-

241 1192 413 1248 κειταί
470 1193 520 1245 οἱ
559 1192 696 1245 κατᾶ
742 1188 997 1265 πλευράν,
1059 1192 1202 1258 πλὴν
1253 1190 1349 1244 οὐκ
1391 1190 1470 1243 ἐπ’
1520 1187 1882 1263 ἀγχωμάλου,

241 1281 368 1336 ἀλλ’
421 1281 673 1352 ἐκκρεμὲς
732 1279 1159 1352 πλημ.μυροῦντι
1209 1279 1356 1333 κάτω
1405 1276 1880 1353 γεωλοφοῦμενον·

240 1371 300 1422 οδ
335 1369 400 1436 δὴ
769 1363 993 1438 ἐμϐόλῳ
1542 1366 1616 1427 ὡς
1664 1365 1738 1436 μὴ

241 1458 634 1529 ἐπιτιθεμένοις
666 1453 916 1528 ἐμποδὼν
977 1455 1284 1525 ἱσταμένοις
1334 1453 1660 1513 κωλύοιντο,
1697 1449 1884 1525 ὑδρευ-

241 1567 390 1600 ονται
425 1545 692 1618 ὁσημέραι
724 1548 819 1597 τοῦ
868 1548 1115 1614 ποταμοῦ
1166 1543 1430 1604 πίνοντες.
1480 1541 1646 1594 Τὸσον
1698 1538 1753 1593 δέ
1808 1544 1884 1610 τῷ

241 1632 486 1707 ορουρίῳ
534 1633 560 1686 ὁ
619 1632 861 1703 ποταμὸς
923 1631 1237 1704 παράκειται
1298 1630 1423 1684 ὥστ’
1483 1629 1585 1682 ἀπὸ
1644 1627 1885 1700 ἐγγίονος

241 1724 365 1784 Οέις
419 1721 545 1781 τοὺς
595 1720 742 1781 ἐντὸς
810 1721 1087 1788 σειρίτταις
1145 1717 1416 1792 ἀπείργειν
1475 1716 1604 1776 τοὺς
1663 1713 1878 1786 ἐμποδί-

242 1816 450 1878 ζοντας,
484 1808 573 1862 καί
620 1811 669 1882 γ’
727 1808 798 1868 ὡς
849 1805 1076 1867 πέλταις
1105 1812 1183 1877 τῷ
1239 1807 1569 1875 σκεπάσματι
1627 1804 1753 1864 τους
1803 1804 1881 1880 ἐρ’

238 1896 384 1972 ὕδωρ
443 1897 620 1957 ἰόντας
671 1903 930 1970 χρῆσθαι.
989 1895 1112 1950 Ἐπὶ
1162 1896 1354 1967 Odi-.391
1401 1891 1455 1946 δέ
1489 1893 1680 1945 toi-too
1713 1891 1882 1967 λόφος

233 1984 420 2060 ἕτερος
481 1985 797 2060 ὑπερανέχει
853 1990 954 2050 τῆς
999 1979 1272 2046 πεδιάδος,
1323 1979 1645 2053 καταντικρὺ
1698 1981 1879 2049 κείμε-

235 2096 350 2142 νος,
412 2077 471 2127 οὗ
531 2072 596 2142 δὴ
629 2075 717 2127 καὶ
776 2073 1022 2143 ποταμὸς
1083 2071 1302 2140 Βοώσης
1359 2069 1652 2142 λεγόμενος
1711 2066 1880 2129 ἄλλος

234 2163 592 2237 πλημμυρῶν
643 2163 778 2216 κατα
830 2162 998 2232 μέσην
1060 2161 1299 2232 ἀπείργει
1353 2160 1417 2212 τά
1475 2158 1694 2212 Κάνινα.
1729 2163 1881 2228 Παμ-

234 2252 437 2320 πληοεὶ
469 2255 598 2325 γοῦν
631 2249 832 2304 ἐκεῖνον
893 2250 1349 2322 περαιωσάμενοι,
1401 2247 1767 2319 κατασχόντες
1790 2246 1882 2298 τὸν

235 2341 406 2419 λόφον
463 2339 763 2413 μετεώρους
815 2333 970 2398 ὄντας
1016 2335 1103 2391 ἐπὶ
1145 2339 1222 2406 τῷ
1268 2331 1530 2408 μέλλοντι
1559 2327 1711 2409 φόϐῳ
1758 2331 1881 2396 τοὺς

235 2558 404 2612 sibus
435 2557 758 2624 despectus,
789 2552 971 2606 ﬂavus
1012 2548 1223 2617 crines,
1284 2547 1502 2602 cervice
1562 2545 1880 2601 insolenter

235 2647 389 2702 elata
419 2643 676 2698 incitatis
735 2639 1184 2708 circumagenda
1242 2635 1494 2690 motibus
1553 2638 1874 2688 naturalem

235 2733 551 2806 quemdam
609 2730 875 2785 ardorem
935 2727 1280 2797 praeferens:
1336 2724 1486 2778 unde
1532 2722 1873 2776 crediderim

237 2839 374 2876 eum
397 2819 552 2874 Rbos
581 2822 842 2872 vocatum
866 2833 933 2870 ex
963 2813 1347 2868 similitudine
1367 2810 1576 2881 capitis
1608 2811 1874 2877 ejustum

242 2925 420 2964 comae
436 2915 552 2960 tum
570 2906 762 2960 vultus
783 2905 970 2958 colore
990 2900 1507 2964 rubescentis,cnm
1529 2905 1664 2952 nota
1683 2897 1874 2967 specie

240 2996 529 3069 pbalangii
584 2993 742 3048 Rhox
773 2993 943 3046 dicta.
973 2995 1086 3046 Ista
1134 2989 1311 3061 igitur
1341 2987 1696 3042 confidentia
1747 2985 1873 3040 Itali

236 3090 495 3150 ruentes,
538 3084 845 3138 admovent
877 3097 937 3133 se
972 3080 1224 3149 primum
1263 3075 1658 3146 Bellagradis:
1721 3074 1877 3128 arcis

233 3176 294 3229 id
358 3189 607 3235 nomen,
656 3186 825 3240 quam
887 3169 1040 3224 510
1115 3167 1303 3236 primo
1365 3181 1426 3218 se
1503 3169 1875 3233 Speraverant

230 3265 454 3333 impetu
517 3265 806 3328 capturos.
859 3257 1042 3326 Hujus
1096 3259 1291 3308 autem
1345 3252 1476 3306 tatis
1523 3250 1753 3322 quidem
1787 3255 1876 3304 est

232 3348 598 3407 situs.Habet
627 3345 757 3400 hinc
773 3344 1005 3414 quidem
1026 3346 1367 3412 pretentum
1385 3356 1615 3394 amnem
1644 3337 1877 3409 propria

234 3439 648 3505 indigenarum
709 3433 906 3502 lingua
974 3434 1234 3486 vocatum
1293 3435 1573 3482 Asnnem.
1635 3427 1877 3494 Adjecet

241 3532 437 3583 autem
473 3523 631 3578 amni
665 3539 764 3575 arx
794 3537 826 3573 a
854 3521 1050 3582 latere,
1084 3535 1194 3572 non
1247 3517 1416 3588 plano
1448 3533 1617 3586 aequa
1647 3530 1878 3583 campo,

237 3615 342 3668 sed
377 3617 654 3681 suggestu
691 3607 939 3676 quodam
973 3607 1236 3660 eminens
1270 3604 1445 3657 nalivi
1499 3602 1681 3666 collis,
1710 3601 1876 3666 cujus

232 3705 423 3756 imum
457 3699 645 3754 solum
703 3695 913 3751 ﬂuvius
974 3693 1160 3748 alluit.
1221 3693 1296 3746 Ex
1351 3707 1466 3760 quo
1517 3708 1589 3744 ne
1641 3690 1874 3744 haurire

231 3792 307 3845 ad
342 3786 748 3860 quotidianum
801 3799 971 3836 usum
1009 3779 1201 3834 hostili
1230 3780 1280 3832 vi
1315 3778 1652 3848 praesidiarii
1687 3775 1875 3846 probi-

231 3881 532 3939 berentur,
581 3877 915 3944 protensum
951 3889 982 3923 ιι
1016 3868 1310 3922 radicibus
1367 3865 1494 3918 clivi
1529 3865 1597 3919 ad
1657 3865 1874 3918 ﬂumen

229 3969 482 4034 aggesta:
514 3961 684 4016 molis
719 3959 1023 4012 brachium
1085 3955 1334 4024 tegebat,
1393 3970 1541 4022 opus
1601 3951 1736 4006 olim
1801 3952 1868 4004 ad

227 4054 545 4107 dubiorum
582 4046 922 4102 discrimina
950 4050 1280 4112 temporum
1345 4047 1634 4110 paratum.
1687 4041 1874 4092 Tanta

230 4159 405 4213 porro
441 4138 630 4193 amnis
691 4137 759 4190 ad
818 4151 1006 4188 arcem
1059 4131 1270 4186 vicinia
1299 4135 1408 4192 est,
1463 4134 1525 4182 ut
1559 4128 1656 4198 qui
1712 4144 1874 4182 exeo

229 4229 438 4300 aquari
473 4224 687 4281 externi
741 4223 1073 4276 obsidentes
1128 4218 1350 4281 volunt,
1394 4218 1440 4271 si
1500 4217 1555 4271 id
1592 4217 1686 4270 ubi
1749 4233 1874 4286 pro-

227 4319 427 4372 ximus
459 4324 541 4370 est
574 4315 921 4381 conspectus
978 4313 1218 4371 tentent,
1279 4307 1513 4360 sariss‘s
1566 4305 1723 4358 intus
1783 4306 1873 4357 de-

226 4413 496 4477 gentium
550 4400 806 4470 contigui
866 4397 1017 4450 sint.
1076 4397 1260 4458 Quare
1332 4394 1562 4447 nonnisi
1633 4392 1870 4465 protecti

229 4494 404 4565 peltis
453 4492 506 4544 id
564 4495 687 4544 tuto
746 4484 1184 4556 aggrediantur.
1242 4483 1318 4536 Ex
1376 4483 1615 4535 adverso
1675 4486 1866 4533 autem

1301 368 1390 420 DE
1428 365 1798 421 MICHAELE
1837 365 2281 422 PALBOLOGO
2314 368 2447 421 LIB.
2479 369 2575 421 VI.

243 490 428 560 ψυχῆς
485 486 892 554 καταστάσεσιν,
954 486 1254 561 ὑπέροφρυς
1303 482 1360 538 δὲ
1413 489 1530 548 ταῖς
1586 483 1877 558 ἐντυχίαις,
1911 486 2084 551 Ατοῦ
2142 485 2401 560 φρουρίου
2463 485 2915 558 περικαοίζουσι,
2980 488 3066 540 καὶ
3128 485 3194 554 δὴ
3257 486 3613 557 ἐπιστήσαντε

3531 354 3647 421 974

3619 475 3643 516 ς

2009 574 2380 645 μηχανήματα
2456 569 2768 646 πετροϐόλα
2839 575 3037 637 ἐκεῖθεν
3119 574 3312 641 βολαῖς

2004 657 2223 713 ἐκάκουν
2282 661 2343 714 τὸ
2399 667 2608 734 τεῖχος.
2669 663 2730 716 Ἡ
2762 663 2967 716 τούτων
3026 667 3154 736 γοῦν
3207 665 3364 738 φήμη
3428 665 3644 738 ἀπτέρῳ

2003 745 2156 820 τάχει
2215 747 2377 821 μέχρι
2427 749 2514 800 καὶ
2572 749 2866 822 βασιλικῶν
2895 751 3070 804 ἀκοῶν
3123 751 3328 826 φθάνει,
3376 754 3462 805 καὶ
3515 755 3640 816 τοὺς

2005 833 2301 909 λογισμοὺς
2369 838 2620 907 ταράσσει
2694 843 2773 909 τῷ
2856 838 3086 912 βασιλεῖ,
3155 841 3243 894 καὶ
3327 842 3449 908 περὶ

2002 921 2145 976 ὅλων
2203 925 2568 997 τετρεμαίνειν
2623 932 2882 982 ποιεῖται.
2935 931 3100 999 Θυμῷ
3143 929 3241 1002 γὰρ
3303 930 3637 1003 συγκράτους

1999 1009 2208 1082 τόλμας
2269 1017 2372 1083 πῦρ
2427 1011 2592 1080 ἐλαίῳ
2655 1015 2979 1086 μιγνύμενον
3035 1012 3098 1082 ἤν
3150 1036 3233 1075 τις
3290 1015 3477 1090 λέγοι,
3540 1018 3639 1072 οὐκ

2001 1098 2058 1151 ἂν
2090 1107 2188 1167 τῆς
2221 1099 2425 1160 εἰκόνος
2481 1101 2730 1174 ἁμάρτοι.
2787 1099 2925 1158 Οὐδὲ
2973 1103 3076 1176 γάρ
3126 1101 3264 1158 ἄλλο
3297 1125 3378 1168 τις
3406 1106 3520 1179 εἶχε
3549 1127 3638 1158 το-

3396 575 3644 650 ἰσχυραῖς

3531 847 3636 896 τῶν

1996 1187 2184 1254 πάζειν
2242 1187 2412 1242 ἐκεῖνο
2457 1188 2491 1256 ἢ
2532 1189 2625 1249 τὰς
2677 1189 3049 1263 ἐπισχεθείσας
3102 1188 3354 1264 δυνάμεις
3413 1193 3470 1246 ἐκ
3530 1215 3639 1264 μη-

1996 1282 2176 1350 χανῶν
2207 1279 2380 1331 τόσων
2441 1276 2529 1331 διά
2587 1278 2859 1348 θαλάσσης
2895 1278 3061 1351 μηδὲν
3094 1281 3250 1346 ἰέναι,
3303 1282 3497 1343 ταύτας
3524 1281 3633 1352 ’ἤδη

1996 1362 2084 1418 διά
2136 1365 2298 1438 ξηρᾶς
2328 1364 2553 1436 εὐοδεῖν,
2611 1365 2775 1420 πλέον
2834 1367 3068 1442 ἐχούσας
3128 1368 3334 1422 ἐκείνου
3363 1370 3425 1423 τὸ
3474 1368 3631 1424 δυνα-

1993 1465 2112 1516 σθαι
2166 1458 2242 1523 τῷ
2297 1455 2387 1507 ἀπ’
2417 1455 2583 1522 αὐτῆς
2620 1451 2883 1528 βαλϐῖδος
2905 1463 3004 1525 τῆς
3035 1457 3218 1530 μάχης
3261 1456 3635 1530 κερδαίνοντας

1992 1542 2218 1613 ἁποζῇν.
2257 1545 2334 1613 [ιι.
2369 1546 2490 1614 348]
2551 1545 2643 1612 Τῷ
2699 1564 2784 1596 τοι
2837 1546 2925 1598 καὶ
2984 1545 3336 1620 καταφεύγειν
3395 1547 3488 1617 μὲν
3545 1544 3632 1599 ἐπὶ

1993 1629 2118 1683 Θεὸν
2167 1626 2320 1701 ἔγνω,
2355 1630 2656 1702 ἑτοιμάζειν
2692 1628 2748 1683 δὲ
2791 1631 2878 1684 καὶ
2913 1631 3164 1702 δυνάμεις
3220 1633 3316 1694 τὰς
3349 1635 3634 1708 ἀποχρών-

1988 1739 2096 1780 τως
2148 1719 2462 1788 ἀνοεξούσας
2512 1718 2748 1788 πλῆθος,
2801 1721 2876 1781 ὡς
2908 1721 3020 1792 ἅμα
3047 1726 3126 1793 τῷ
3158 1725 3385 1797 φανῆναι
3446 1731 3634 1793 στῆναι

1992 1803 2287 1881 σφαλέντας
2345 1807 2448 1860 κάκ
2501 1812 2599 1872 τῆς
2657 1808 2882 1877 πρώτης
2937 1808 3122 1882 πείρας
3169 1811 3231 1864 τὸ
3282 1811 3468 1886 πρόσω
3530 1834 3634 1883 μα-

1992 1893 2176 1954 θόντας
2234 1889 2448 1948 ἄϐατον.
2497 1893 2573 1948 Τά
2631 1894 2723 1965 μὲν
2755 1892 2847 1946 οὖν
2881 1895 3014 1969 πρὸς
3058 1897 3183 1950 Θεὸν
3219 1896 3389 1958 οὕτως
3422 1895 3633 1968 ἐξητοι-

1991 1982 2208 2050 μάζετο“
2265 1980 2614 2055 παρήγγελτο
2667 1981 2764 2056 γάρ
2827 1985 3140 2057 πατριάρχῃ
3201 2005 3256 2036 τε
3304 1985 3390 2038 καὶ
3447 1985 3630 2059 ἀρχιε-

1990 2072 2137 2142 ρεῦσι
2195 2067 2405 2139 σῦναμα
2461 2070 2617 2122 παντὶ
2675 2074 2752 2138 τῷ
2807 2067 3000 2143 κλήρῳ
3055 2077 3269 2144 πρῶτον
3306 2074 3626 2144 μὲνπάννυ-

1990 2174 2088 2228 χον
2160 2156 2385 2209 ἱκετείαν
2446 2158 2579 2229 πρὸς
2637 2155 2765 2211 Θεὸν
2817 2161 2932 2212 κατ’
2999 2159 3213 2214 ἐκείνων
3279 2163 3630 2230 ποιήσασθαι,

1989 2244 2100 2297 εἶτα
2156 2243 2212 2297 δὶ
2271 2245 2360 2316 ἅμ’
2413 2242 2490 2316 ἕῳ
2539 2247 2885 2320 πατριάρχην
2941 2269 2998 2301 τε
3024 2248 3110 2301 καὶ
3147 2249 3237 2302 σὺν
3271 2248 3417 2322 αὐτῷ
3529 2247 3631 2305 ἅλ-

1988 2331 2119 2393 λους
2175 2336 2282 2386 τῶν
2312 2331 2668 2408 προύχόντων
2705 2334 3023 2410 ἀρχιερέων,
3081 2336 3176 2398 τὰς
3231 2338 3379 2413 ἱερὰς
3435 2339 3641 2408 στολὰς

1989 2545 2314 2614 Reputabat
2359 2545 2630 2601 videlicet
2679 2547 2908 2602 incitari
2963 2549 3191 2604 Latinos
3243 2550 3300 2603 in
3351 2550 3496 2604 hanc
3550 2551 3634 2604 ir-

1987 2633 2316 2702 ruptionem
2367 2634 2419 2686 vi
2479 2633 2695 2704 duplici
2757 2639 3006 2705 utraque
3057 2637 3406 2704 vehementi,
3470 2638 3555 2693 ira
3578 2644 3634 2694 et

1987 2721 2251 2784 audacia,
2282 2739 2531 2791 quarum
2565 2721 2739 2777 simul
2776 2723 3077 2779 mistarum
3111 2742 3178 2779 ex
3200 2731 3403 2782 mutuo
3422 2727 3631 2782 crescit

1985 2809 2275 2863 consortio
2310 2810 2618 2878 pernicies,
2649 2809 2806 2865 velut
2836 2828 2964 2866 cum
3002 2813 3118 2881 igni
3143 2813 3331 2869 oleum
3367 2815 3624 2871 additur.

1986 2896 2129 2962 Ergo
2162 2897 2305 2952 511
2346 2902 2616 2964 expertus
2675 2903 2895 2966 quanta
2943 2900 3286 2956 difﬁcultate
3343 2907 3430 2956 tot
3486 2905 3626 2956 arti-

1989 2984 2131 3038 ficiis
2159 2988 2532 3049 tractatuum,
2555 2990 2636 3040 tot
2667 2986 2910 3053 objectis
2935 2988 3318 3058 apparatibus
3349 2989 3625 3045 classium

1984 3089 2134 3141 aegre
2170 3072 2445 3127 hactenus
2477 3072 2683 3144 vixque
2713 3074 3055 3140 obstitisset,
3091 3093 3162 3130 ne
3206 3077 3352 3131 mari
3419 3079 3628 3132 Latinze

1905 3193 1947 3258 Ο
1987 3159 2162 3228 cepia:
2221 3161 2277 3214 in
2339 3165 2593 3216 nostram
2649 3163 3042 3218 continentem
3121 3164 3625 3236 importarentur;

1989 3248 2188 3303 videns
2211 3250 2336 3318 jam
2361 3266 2456 3303 eas
2489 3249 2658 3319 potiri
2692 3267 2916 3320 campo,
2977 3256 3035 3306 et
3085 3253 3418 3320 expeditum
3453 3254 3620 3308 dein-

1986 3350 2120 3404 ceps
2155 3335 2510 3404 planumque
2534 3337 2792 3390 terrestri
2826 3353 3137 3408 progressu
3172 3339 3378 3408 inipsa
3405 3339 3629 3396 viscera

1985 3422 2215 3492 imperii
2246 3423 2355 3476 iter
2387 3423 2676 3491 insistere,
2711 3423 2915 3480 ultimo
2949 3425 3057 3480 sibi
3118 3431 3324 3482 conatu
3387 3433 3626 3482 conten-

1986 3511 2242 3564 dendum
2276 3512 2588 3576 statuebat,
2621 3528 2736 3582 quo
2768 3513 2945 3567 istum
2981 3514 3237 3583 primum
3294 3517 3632 3571 retunderet

1987 3597 2289 3665 impetum;
2317 3613 2445 3649 nam
2471 3614 2536 3651 eo
2562 3598 2608 3652 si
2638 3615 2748 3652 non
2769 3600 2960 3654 solum
2987 3601 3225 3671 impune
3249 3602 3629 3673 defungerem-

1984 3690 2101 3750 tur,
2126 3685 2224 3738 sed
2257 3699 2324 3737 ex
2353 3683 2462 3737 hoc
2492 3684 2669 3740 etiam
2693 3703 2826 3740 cum
2861 3688 3047 3742 fructu
3087 3704 3391 3759 operasque
3439 3691 3627 3759 pretio

1985 3771 2260 3840 redirent,
2295 3773 2351 3825 in
2385 3776 2610 3825 tantum
2672 3775 2972 3844 augendos
3031 3777 3348 3845 apparebat
3404 3777 3625 3832 feroces

1985 3860 2243 3929 ipsorum
2277 3861 2522 3924 animos,
2560 3864 2622 3914 ut
2653 3860 2724 3914 iis
2755 3861 2958 3915 obsisti
3021 3863 3276 3933 amplius
3335 3865 3627 3934 nequiret.

1983 3949 2167 4016 igitur
2200 3950 2347 4002 utin
2380 3954 2498 4004 tam
2534 3951 2772 4020 ancipiti
2795 3951 3131 4006 discrimine
3158 3969 3403 4007 summae
3432 3971 3623 4009 rerum

1985 4038 2309 4091 faciendum
2341 4038 2576 4092 omnino
2609 4039 2716 4093 sibi
2754 4040 2995 4109 putavit,
3048 4045 3108 4092 ut
3155 4040 3226 4094 ad
3285 4047 3463 4096 Deum
3495 4049 3625 4097 ante

1981 4128 2176 4181 omnia
2206 4135 2542 4183 recurreret:
2577 4129 2752 4182 simul
2787 4137 2981 4184 tamen
3017 4131 3224 4186 deinde
3267 4137 3385 4186 tam
3419 4149 3622 4187 nume-

1984 4233 2144 4270 rosas
2163 4220 2399 4286 tamque
2422 4216 2642 4272 validas
2666 4236 2730 4273 eo
2754 4219 3072 4273 destinaret
3096 4221 3314 4291 copias,
3342 4226 3404 4275 ut
3425 4238 3620 4276 eorum

1981 4305 2209 4371 objectu
2268 4305 2389 4357 solo
2449 4308 2694 4375 repressi
2751 4312 3020 4378 retroque
3071 4309 3218 4362 trusi
3296 4326 3352 4363 re
3413 4308 3623 4363 infecta

1983 4393 2174 4447 hostes
2216 4394 2401 4462 primo
2457 4395 2851 4464 experimento
2895 4396 3208 4464 discerent,
3269 4414 3442 4468 quam
3512 4416 3622 4452 non

1981 4481 2148 4534 facile
2180 4482 2386 4551 perviae
2445 4483 2704 4552 ipsorum
2764 4485 2944 4538 armis
3001 4485 3327 4552 ulteriores,
3390 4487 3620 4555 imperii

227 4551 408 4652 hujus
454 4595 625 4649 quem
650 4593 749 4628 arx
772 4551 989 4628 insidet
1027 4572 1212 4634 collis,
1248 4570 1396 4623 alius
1428 4572 1643 4624 eminet
1694 4585 1872 4638 supra
1904 4551 1946 4613 D
1981 4568 2242 4638 regiones
2277 4570 2481 4633 forent,
2516 4588 2764 4640 quarum
2803 4572 3000 4640 utique
3059 4573 3237 4627 limen
3295 4575 3488 4643 ipsum
3549 4592 3616 4630 ac

225 4687 430 4742 aequor
462 4681 802 4735 camporum
838 4659 1122 4727 tumulus,
1150 4660 1219 4712 ad
1253 4675 1426 4727 quem
1454 4658 1598 4711 alter
1629 4657 1861 4719 fluvius,

226 4761 444 4814 Booses
479 4753 825 4824 appellatus,
891 4749 1180 4818 proﬂuens
1217 4753 1272 4799 et
1306 4746 1604 4816 planitiem
1662 4761 1865 4799 secans

227 4847 488 4903 mediam
541 4843 685 4896 lines
737 4839 1087 4893 Caninorum
1144 4834 1384 4888 dirimit.
1437 4833 1672 4888 Boosem
1729 4849 1865 4902 ergo

225 4949 463 4990 amnem
522 4930 804 4985 universae
869 4925 1207 4979 Latinorum
1257 4922 1432 4992 copia;
1493 4926 1862 4990 transgressae

222 5021 524 5078 tumulum
558 5032 730 5088 quem
763 5013 880 5070 dixi
912 5016 1216 5082 occupant,
1277 5015 1334 5063 et.
1389 5026 1530 5064 sane
1586 5008 1864 5064 sollicitos

223 5127 344 5182 quo
373 5111 692 5178 apparatus
738 5103 848 5156 iste
902 5101 1192 5154 desineret
1221 5097 1694 5167 Bellagradenses
1753 5097 1863 5150 cir-

222 5198 602 5261 cumsident;
662 5207 908 5261 moxque
956 5187 1206 5244 ballistis
1263 5185 1511 5240 admotis
1554 5185 1860 5255 grandium

222 5287 473 5340 incussu
506 5281 768 5352 lapidum
791 5278 1138 5334 labefactare
1162 5290 1392 5328 murum
1424 5273 1860 5344 aggrediuntur.

223 5374 477 5435 Perlata,
521 5369 822 5424 velocitate
872 5381 1124 5431 summa,
1186 5363 1362 5431 hujus
1409 5361 1865 5432 oppugnationis

219 5465 384 5518 fama
417 5460 485 5512 ad
520 5475 691 5512 aures
750 5453 1138 5524 imperatoris,
1190 5450 1382 5504 subito
1413 5449 1508 5504 ille
1552 5449 1702 5502 haud
1767 5468 1867 5520 [H-

219 5568 357 5606 rum
391 5547 773 5602 conturbatus
805 5547 914 5596 est:
949 5541 1121 5594 etiam
1157 5555 1344 5608 usque
1403 5538 1470 5591 ad
1527 5539 1752 5591 anxiam
1798 5540 1866 5592 de

220 5654 468 5697 summa
498 5650 689 5690 rerum
726 5630 1088 5686 formidinem
1131 5626 1336 5683 nuntio
1388 5625 1490 5681 tali
1541 5625 1863 5695 perculsus.

1974 4656 2218 4712 limitem
2265 4658 2525 4712 viderent
2574 4659 2933 4714 ineluctabili
2996 4663 3253 4732 potentia
3313 4662 3615 4718 vallatum.

1973 4748 2150 4800 Porro
2182 4763 2309 4816 qua:
2351 4747 2423 4800 ad
2459 4747 2558 4801 Dei
2613 4748 3077 4816 prepitiationem
3137 4750 3490 4819 attinebant,
3553 4754 3613 4806 in

1973 4832 2127 4886 hunc
2165 4833 2403 4888 modum
2465 4842 2785 4904 praeparata
2840 4843 2998 4892 sunt.
3039 4838 3448 4894 Denuntiatum
3511 4855 3619 4909 pa-

1970 4920 2256 4987 triarchae,
2301 4920 2608 4990 episcopis,
2670 4924 2940 4979 universo
2996 4925 3146 4981 clero
3196 4933 3304 4992 est,
3361 4927 3616 4998 primum

1973 5007 2203 5078 quidem
2241 5015 2304 5062 ut
2333 5015 2560 5065 noctem
2594 5012 2767 5066 simul
2801 5017 2985 5067 totam
3018 5014 3388 5084 implorando
3412 5021 3616 5071 contra

1974 5097 2170 5151 hostes
2203 5097 2299 5152 Dei
2333 5098 2544 5152 auxilio
2579 5100 2912 5169 pervigilem
2955 5103 3250 5172 ducerent,
3291 5103 3404 5157 sub
3446 5119 3614 5159 auro-

1974 5204 2096 5241 ram
2129 5203 2257 5240 vero
2290 5187 2399 5242 diei
2434 5188 2792 5258 insequentis
2855 5189 3200 5258 patriarcha,
3264 5206 3362 5244 sex
3423 5190 3551 5244 aliis
3584 5209 3614 5246 e

1975 5274 2281 5345 praecipuis
2316 5276 2721 5345 episcoporum
2755 5293 2952 5331 secum
2989 5279 3309 5348 assumptis
3340 5282 3397 5331 et
3429 5280 3615 5334 sacris

1973 5379 2176 5417 omnes
2209 5362 2376 5415 stolis
2407 5363 2619 5428 induti,
2661 5363 2888 5417 cunctis
2944 5363 3175 5416 interim
3237 5364 3366 5418 aliis
3427 5365 3610 5420 Deum

1974 5449 2397 5514 invocantibus,
2434 5452 2894 5506 benedictionem
2956 5451 3101 5504 sacri
3135 5451 3244 5506 olei
3279 5453 3603 5507 solemnem

1976 5539 2080 5593 rite
2139 5544 2517 5607 peragerent;
2581 5549 2698 5592 tum
2775 5544 3005 5609 paratos
3055 5538 3125 5592 ad
3187 5539 3241 5593 id
3303 5541 3610 5595 fasciculos

1975 5630 2409 5698 segmentorum
2459 5628 2655 5699 papyri
2716 5630 3051 5682 consecrato
3112 5626 3405 5698 tingerent
3461 5630 3608 5688 oleo:
