4130 6270
298 346 405 399 977

1353 352 1447 401 DE
1486 350 1856 403 MlCHAELE
1894 349 2333 405 PALJEOLOGO
2369 351 2504 404 LIB.
2547 353 2643 403 VI.

3581 341 3687 395 978

299 490 396 530 τας
418 470 700 543 ἐξώρμων,
734 470 783 522 οἱ
818 470 911 541 μὲν
962 472 1097 544 πρὸς
1148 473 1241 542 μὲν
1290 472 1389 539 τὴν
1434 472 1656 545 πρώτην
1690 464 1934 542 ἐμϐολὴν
1968 474 2020 536 Α
2049 470 2183 524 κατᾶ
2228 470 2401 543 στόμα
2431 472 2720 542 παιόμενοι
2778 468 3143 545 διεφθείροντο
3183 468 3268 541 (οὐ
3300 468 3402 543 γὰρ
3457 465 3594 536 πρὸς
3624 463 3687 518 τὸ

299 562 459 610 τοῦτο
516 559 608 627 μὶν
653 555 1071 633 φυλαττόμενοι,
1103 563 1262 612 τοῦτο
1314 556 1369 611 δὲ
1416 558 1503 611 καὶ
1534 558 1933 631 τεχνιτεύοντες

1284 647 1528 721 εὑρόντες
1583 647 1747 701 τόπον
1804 648 1936 718 μετᾶ

298 645 549 706 ἐπιεικῶς
610 647 772 714 εἶξαν,
829 644 1132 714 ἐπιτήδειον
1181 645 1226 700 δ’

302 734 501 807 βάρους
560 732 745 787 ὅπλων
803 734 978 795 ἰόντας
1052 734 1396 788 κατο’ῗστευον
1431 780 1443 791 .
1506 735 1773 788 Κάκείνων
1838 736 1929 807 μὶν

295 820 566 897 ἐφικέσθαι
596 826 703 875 τῶν
748 820 1021 876 ἀδυνάτων
1054 824 1246 893 ᾣοντο,
1281 822 1506 897 ἐπείρων
1541 821 1597 876 δὲ
1632 824 1931 897 βάλλοντες

295 907 665 974 τοὺςῗππους,
698 908 750 963 εἷ’
776 932 889 971 πως
937 914 1463 986 κατευστοχήσαντες
1511 911 1637 973 τοὺς
1688 911 1773 965 ἐπὶ
1820 917 1927 966 τῶν

288 998 476 1052 ’ίππων
552 1000 920 1073 γαννυμένους
984 999 1178 1067 πεζοὺς
1243 997 1593 1071 ἀποδείξαιεν.
1651 1002 1927 1072 Ἐτρώθηα

296 1108 388 1141 σαν
414 1091 543 1160 γοῦν
574 1088 660 1141 καὶ
716 1085 879 1141 ἄλλοι
934 1093 1044 1142 τῶν
1087 1086 1297 1155 Ἵππων,
1346 1088 1697 1161 τιτρώσκεται
1755 1086 1810 1142 δὲ
1839 1089 1928 1142 καὶ

377 1180 474 1229 τοῦ
531 1176 663 1236 Ῥὼς
720 1174 969 1247 Σολυμᾶ,
1026 1177 1171 1245 πλὴν
1234 1178 1296 1231 οὐ
1355 1177 1580 1249 καιρίως
1640 1176 1778 1231 ὥστε
1836 1177 1927 1230 καὶ

292 1262 613 1335 ἐξαπιναίως
658 1270 998 1320 καταπεσεῖν.
1047 1268 1238 1336 ’Ὀμως
1270 1266 1352 1337 (τὸ
1385 1266 1486 1339 γάρ
1524 1264 1681 1340 βέλος
1708 1263 1925 1338 ἤπειγε)

290 1352 382 1405 καὶ
429 1356 526 1405 τοῦ
574 1349 788 1406 πολλοῦ
838 1354 1066 1426 θράσους
1115 1359 1366 1415 καθυεῖτο
1404 1354 1494 1406 καὶ
1540 1354 1630 1407 τὸν
1662 1348 1922 1419 ἐπιϐάτην

288 1439 510 1501 εἶκαίως
544 1436 747 1515 ἔφερεν,
779 1439 915 1494 ὥστε
943 1441 1031 1495 καὶ
1065 1439 1391 1514 σιτοδοχείῳ
1431 1442 1564 1495 κατά
1608 1448 1709 1515 γῆς
1755 1460 1922 1513 προσ-

282 1535 474 1584 παῖσαι
535 1530 819 1601 ἄνεῳγότι,
881 1526 1312 1599 συμποδισθῆναί
1348 1551 1405 1583 τε
1434 1529 1523 1582 καί
1582 1530 1669 1581 τὸν
1731 1524 1924 1581 ἐπιϐά-

279 1638 381 1686 την
433 1611 778 1671 καταϐαλεῖν.
814 1617 876 1669 Οἱ
935 1614 989 1668 δὲ
1023 1617 1096 1687 μὴ
1133 1614 1426 1686 δυνάμενον
1482 1617 1771 1685 κινηθῆναι
1826 1615 1916 1669 τὸν

281 1700 517 1777 σοϐαρὸν
574 1702 915 1777 περιστάντες
980 1701 1163 1777 χερσῖν
1224 1703 1547 1758 ἁλίσκουσι.
1610 1702 1915 1773 Φημίζεται

280 1876 339 1932 δὲ
361 1884 480 1941 τοῖς
533 1879 667 1933 κατὰ
723 1878 783 1932 τὸ
837 1880 1093 1952 φρούριον
1126 1880 1159 1946 ἠ
1190 1877 1391 1931 ἐκείνου
1449 1878 1668 1938 ἅλωσις.
1733 1878 1831 1933 Καὶ
1865 1879 1916 1931 οἱ

280 1968 379 2038 μὲν
413 1966 463 2021 ἐν
521 1967 705 2041 χερσὶν
761 1968 908 2041 εἶχον
958 1967 1049 2020 τὸν
1108 1965 1242 2027 τέως
1295 1969 1432 2041 μέγα
1464 1963 1913 2041 σοϐαρευόμενον,

276 2057 331 2109 οἱ
365 2052 422 2109 δὲ
458 2060 555 2109 τοῦ
613 2054 874 2132 φρουρίου
928 2055 1016 2109 καὶ
1071 2057 1176 2128 πρὸ
1234 2062 1329 2111 τοῦ
1380 2056 1507 2119 τοὺς
1558 2057 1915 2133 ἀγγελοῦντας

274 2144 663 2219 παραγενέσθαι
743 2141 1065 2221 ἐφηδόμενοι
1135 2150 1251 2207 τοῖς
1325 2144 1475 2206 ἐκτὸς
1545 2148 1645 2213 τήν
1706 2145 1910 2200 ἅὶωσιν

272 2233 573 2310 ἤγγελλον.
606 2238 757 2308 ’Ἅμα
786 2240 912 2310 γοῦν
940 2233 1015 2307 ἕῳ
1071 2237 1121 2289 οἱ
1172 2236 1404 2290 ἐντεῦθεν
1464 2236 1909 2307 συνησκπικότες,

272 2328 597 2400 κρατοῦντες
622 2321 843 2385 ἕκαστος
879 2326 965 2378 καὶ
1015 2325 1105 2379 τὸν
1151 2326 1291 2379 θεῖον
1326 2324 1375 2393 ἐξ
1406 2323 1589 2378 ἐλαίου
1638 2323 1906 2400 πάπυρον,

270 2411 659 2488 περαιωθέντες
742 2412 831 2466 τὸν
917 2413 1164 2484 ποταμὸν
1244 2411 1659 2487 τεταραγμένοις
1741 2413 1906 2486 ἐμπί-

268 2522 464 2557 πτουσι
510 2500 600 2556 καὶ
646 2502 757 2574 ἅμα
801 2502 935 2575 πρὸς
989 2501 1161 2577 φυγὴν
1205 2499 1511 2574 τρέπονται.
1568 2503 1633 2558 Οἱ
1670 2502 1762 2575 μὲν
1812 2502 1903 2557 οὖν

273 2738 448 2795 posse
480 2723 876 2794 desperantes,
910 2721 969 2776 in
996 2735 1176 2792 equos
1225 2719 1622 2791 collimabant,
1674 2727 1902 2794 partem

271 2828 336 2866 se
372 2813 588 2866 ferociae
623 2812 966 2881 dempturos
999 2810 1249 2881 superbe
1281 2827 1341 2865 se
1389 2826 1456 2864 ex
1489 2812 1651 2880 equis
1711 2816 1903 2866 osten-

275 2900 539 2955 tantibus
568 2900 693 2967 rati,
728 2898 778 2954 si
812 2899 1031 2969 pedites
1075 2915 1141 2954 ex
1189 2898 1483 2969 equitibus
1535 2900 1789 2954 facerent
1844 2904 1901 2954 et

271 2989 358 3044 sic
389 3004 485 3043 eos
515 2988 811 3058 perculsos
864 3003 1025 3054 casu,
1071 2986 1219 3041 mole
1269 3003 1563 3041 armorum
1607 2992 1897 3059 gravatos,

269 3076 499 3131 facilius
530 3077 809 3131 obnoxios
842 3075 1140 3130 haberent.
1177 3074 1361 3146 Igitur
1380 3092 1510 3130 cum
1545 3074 1641 3130 alii
1692 3075 1894 3131 vulne-

265 3165 377 3220 rati
411 3164 542 3234 equi
578 3169 734 3231 sunt,
793 3167 916 3217 tum
965 3179 1111 3231 equa
1165 3178 1442 3233 generosa
1494 3166 1549 3217 et
1597 3164 1891 3233 preferox,

264 3270 383 3324 qua
416 3252 571 3307 Rhos
603 3251 868 3322 Solymus
898 3251 1188 3305 insultans
1223 3251 1529 3321 minaxque
1561 3252 1712 3306 514
1760 3254 1895 3308 fere-

263 3343 461 3409 batur,
494 3355 772 3410 percussa
798 3338 911 3393 telo
943 3342 1045 3405 est;
1082 3355 1197 3392 non
1221 3337 1417 3393 lethali
1469 3338 1704 3409 quidem
1749 3339 1894 3408 ictu,

259 3445 374 3499 quo
406 3428 630 3495 statim,
661 3427 1232 3482 concideretztamen
1274 3442 1448 3480 sensu
1469 3427 1893 3498 qualiscunque

260 3516 405 3572 satis
435 3516 548 3571 alte
576 3515 930 3586 penetrantia
958 3515 1215 3570 vuineris
1248 3514 1483 3568 turbata
1513 3532 1625 3569 non
1661 3532 1891 3585 parum,

265 3604 519 3659 multum
552 3605 621 3658 de
653 3602 831 3673 priori
884 3603 1111 3658 remisit
1163 3603 1426 3668 audacia,
1482 3620 1890 3675 sessoremque

252 3693 383 3764 jam
418 3692 655 3763 segnius
686 3695 741 3745 et
772 3692 1094 3746 titubanter
1131 3691 1476 3757 sustinebat,
1538 3694 1725 3761 quoad
1782 3694 1887 3748 im-

253 3784 505 3855 pingens
536 3783 681 3837 forte
704 3782 761 3835 in
790 3786 1122 3836 excavatam
1157 3780 1273 3834 illic
1306 3780 1526 3835 foveam
1571 3783 1883 3850 frumento,

253 3873 431 3937 utﬁt,
458 3870 782 3939 condendo,
807 3869 1169 3941 implicatam
1203 3886 1339 3924 cavo
1362 3870 1562 3940 pedem
1617 3872 1885 3940 expedire

248 3978 366 4017 non
403 3961 599 4015 valens
632 3958 902 4023 concidit,
938 3957 1193 4028 equitem
1226 3957 1675 4028 superciliosum
1719 3958 1882 4029 prius

242 4050 416 4106 illum
450 4050 755 4117 ferumque
786 4046 1100 4116 dejiciens;
1128 4063 1295 4117 quem
1329 4048 1400 4101 ob
1431 4048 1659 4117 pondus
1689 4066 1882 4104 armo-

244 4156 380 4194 rum
412 4136 772 4193 immobilem
807 4137 1115 4190 haerentem
1146 4136 1330 4191 nostri
1364 4136 1620 4205 undique
1676 4154 1880 4192 accur-

247 4232 444 4297 rentes
468 4225 949 4297 comprehensum
975 4224 1602 4295 adducunt.Divulgata
1625 4242 1880 4281 momen.

241 4321 304 4371 to
361 4322 451 4371 est
507 4314 646 4370 totis
699 4313 1067 4385 imperatoris
1116 4316 1323 4369 castris
1370 4320 1426 4369 et
1474 4316 1628 4371 intra
1687 4316 1878 4385 ipsam

244 4407 545 4462 obsessam
580 4420 772 4459 arcem
803 4404 970 4459 ducis
1001 4404 1257 4458 hostium
1291 4405 1751 4475 comprehensio.
1814 4411 1880 4468 Et

243 4496 305 4549 in
339 4493 547 4549 castris
579 4492 815 4563 quidem
843 4496 997 4547 certa
1029 4493 1167 4547 fides
1200 4498 1323 4547 erat
1354 4493 1676 4563 oculorum,
1733 4512 1877 4566 prae-

278 1795 406 1863 γοῦν
439 1791 687 1865 παραυτά
718 1787 861 1852 ἔνθεν
920 1792 1012 1862 μὲν
1067 1796 1184 1850 τοῖς
1241 1795 1336 1843 τοῦ
1398 1789 1681 1863 βασιλέως,
1716 1789 1913 1853 ἐκεῖθεν
1949 1831 1995 1893 Β
2027 1817 2203 1866 nou"
2255 1798 2367 1868 ἅμα
2420 1795 2447 1851 δ

283 1876 328 1893 κ.
429 1884 452 1893 -
645 1879 657 1893 ι
760 1878 774 1893 κ
957 1880 968 1893 ,
1733 1878 1909 1893 ς...

2045 558 2340 633 ἀντισχεῖν,
2375 559 2515 615 ἀλκᾶ
2543 561 2678 633 πρὸς
2736 559 2797 612 τὸ
2846 559 3029 629 μαθεῖν
3084 557 3246 629 μόνον
3296 558 3349 612 τί
3377 558 3437 610 τὸ
3466 553 3687 630 γινόμε-

2042 671 2131 703 νον
2190 650 2479 725 ἐτρέποντο
2537 651 2673 704 κατά
2725 648 3063 723 πρόσωπον),
3103 649 3153 701 οἱ
3188 646 3244 701 δὲ
3301 646 3435 701 κατᾶ
3494 647 3683 699 πώτου

2042 737 2415 811 πληττόμενοι
2483 738 2860 794 διωλίσθαινόν
2918 758 2976 791 τε
3027 743 3132 791 τῶν
3190 739 3375 791 ἳππων
3434 734 3521 789 καὶ
3590 734 3683 788 πί-

2915 828 2976 881 οἶὲ
3006 827 3095 881 καὶ
3158 831 3345 894 ζῶντες
3405 823 3679 895 συνελαμ-

2819 826 2861 848 δ’

2041 848 2263 890 πτοντες
2304 828 2585 897 ἔθνησκον,
2643 827 2752 883 ἔστι
2816 827 2842 882 δ

2040 911 2284 972 ϐάνοντο.
2319 914 2539 985 Σπουδὴ
2570 918 2669 990 γὰρ
2700 917 2765 984 ἦν
2813 922 2927 977 τοῖς
2979 917 3072 988 μὶν
3111 915 3199 968 τὸν
3250 915 3494 986 ποταμὸν
3527 913 3679 969 Βοώ-

2038 1027 2135 1074 σην
2202 1006 2396 1081 φθάσαι
2463 1005 2551 1058 καὶ
2617 1009 2964 1077 περαιωθεῖσι
3024 1004 3383 1071 σωθήσεσθαι,
3441 1006 3557 1061 τοῖς
3620 997 3677 1053 δὲ

2034 1096 2131 1145 τοῦ
2163 1094 2243 1164 [Ρ.
2277 1095 2402 1162 350]
2457 1092 2723 1165 βασιλέως
2772 1092 2867 1153 τὰς
2925 1089 3012 1144 ἐπὶ
3065 1090 3158 1144 τὸν
3214 1088 3462 1161 ποταμὸν
3500 1087 3674 1141 αὐτῶν

2038 1181 2209 1252 ὁρμάς
2244 1178 2532 1234 διακλείειν
2566 1181 2953 1253 προφθάνουσι.
2988 1178 3096 1235 Μὶν
3145 1175 3249 1231 δέει
3300 1180 3396 1230 τοῦ
3434 1176 3509 1248 μή
3562 1196 3678 1228 κω-

2036 1267 2265 1335 λυθῆναι
2333 1268 2712 1335 παντάπασιν,
2772 1266 2956 1328 αὐταῖς
3015 1270 3194 1325 σκευῖς
3267 1263 3357 1317 καὶ
3436 1263 3674 1337 γυναιξὶν

2033 1353 2423 1427 ἐνειλούμενοι,
2474 1355 2561 1409 καὶ
2604 1357 2631 1409 ὁ
2663 1354 2826 1409 ἐπιὼν
2880 1354 2970 1409 τὸν
3029 1353 3291 1426 προϊόντα
3347 1350 3668 1405 καταπατῶν

2030 1463 2087 1496 τε
2129 1444 2218 1497 καὶ
2271 1442 2649 1511 κατασποδῶν,
2685 1442 2838 1496 αὐτοὶ
2886 1441 3011 1516 παρ’
3062 1442 3266 1494 ἑαυτῶν
3322 1440 3389 1492 τὰ
3440 1437 3670 1491 πλεῖστα

2032 1529 2389 1606 ἐσφάλλοντο,
2439 1530 2683 1592 πολλοὺς
2734 1528 2789 1584 δὶ
2841 1530 2927 1584 καὶ
2988 1529 3346 1600 ὑπετέμνοντο
3394 1527 3445 1579 οἱ
3484 1526 3669 1587 ἱππεῖς

2030 1619 2153 1693 πρὶν
2189 1621 2381 1694 φθάσαι
2429 1620 2519 1673 τὸν
2572 1620 2841 1690 ποταμὸν,
2873 1617 2962 1671 καὶ
2994 1613 3149 1692 ἔργον
3212 1616 3450 1683 εὐζώνου
3503 1618 3669 1681 πεζοῦ

2026 1708 2221 1771 ἱππεὺς
2278 1709 2487 1782 ἐγένετο
2549 1704 2800 1783 σοϐαρὸς,
2861 1708 2935 1770 ὡς
2994 1705 3305 1768 ἁλισκεσθαι
3361 1704 3455 1775 μὲν
3506 1700 3671 1756 πλεί-

2424 1795 2465 1851 δ’
2524 1796 2831 1858 ἑαλωκότας
2889 1795 3182 1868 ἀπάγεσθαι
3232 1793 3367 1867 πρὸς
3396 1792 3457 1845 τὸ
3497 1789 3665 1865 φρού-

2029 1904 2163 1959 ριον,
2194 1885 2282 1939 καὶ
2314 1884 2479 1939 πάλιν
2524 1884 2727 1946 ἄλλους
2774 1886 2861 1938 καὶ
2908 1883 2989 1938 ἐπ’
3030 1883 3249 1943 ἐκείνοις
3299 1880 3523 1947 ἄλλους,
3574 1877 3664 1932 καὶ

2026 1972 2199 2034 οὕτως
2238 1972 2427 2049 ἐφεξῆς
2480 1974 2605 2034 τοὺς
2636 1974 2720 2027 υὶν
2750 1974 3085 2049 φονεύεσθαι,
3142 1970 3273 2033 τοὺς
3326 1966 3661 2041 ὀνομαστοὺς

2025 2059 2082 2116 δὲ
2140 2058 2611 2134 συλλαμϐάνεσθαι
2646 2107 2659 2132 ,
2723 2064 2920 2135 μέχρις
2994 2061 3056 2114 οὗ
3124 2059 3349 2114 καὶτὸν
3410 2057 3655 2128 ποταμὸν

2022 2150 2249 2218 Βοώσην
2291 2151 2582 2225 φθάσαντες
2640 2151 2689 2203 οἱ
2747 2150 2840 2221 μὲν
2899 2150 3074 2204 ἑκοντὶ
3115 2147 3336 2208 ἑαυτοὺς
3369 2144 3655 2222 ἐρρίπτουν

2019 2238 2156 2291 κατὰ
2204 2241 2300 2292 τοῦ
2360 2237 2645 2312 ῥεύματος,
2698 2238 2759 2291 τὸ
2817 2232 3219 2307 ἐξαπολωλέναι
3277 2237 3655 2309 προτιμῶντες

2016 2329 2113 2379 τοῦ
2157 2328 2268 2396 μετ’
2328 2326 2596 2401 αἰσχύνης
2650 2332 2829 2382 πεσεῖν
2890 2326 2964 2388 εἷς
3020 2330 3211 2399 χεῖρας
3264 2322 3569 2394 Ῥωμαίων,
3605 2323 3656 2375 οἱ

2018 2413 2075 2470 δὲ
2125 2417 2213 2491 βίᾳ
2267 2418 2357 2472 τὸν
2409 2419 2652 2491 ποταμὸν
2714 2414 3082 2477 διεκπαίοντες
3114 2412 3171 2467 ἐκ
3196 2411 3420 2467 πολλῶν
3473 2408 3654 2485 ὀλίγοι

2013 2506 2151 2579 πρὸς
2178 2507 2239 2560 τὸ
2273 2511 2379 2561 τῶν
2430 2507 2666 2561 Κανίνιον
2726 2504 2983 2583 φρούριον
3043 2501 3364 2571 διεσώζοντο
3424 2500 3655 2575 φεύγον-

2018 2743 2326 2799 resistendi
2380 2743 2596 2810 animo,
2653 2742 2846 2799 subito
2924 2740 3180 2811 dejeclis.
3268 2735 3638 2808 Fugientium

2012 2835 2205 2886 autem
2255 2833 2379 2901 jam
2441 2832 2658 2903 pariter
2714 2830 2981 2886 omnium
3043 2834 3208 2897 terga
3261 2826 3640 2896 insequentes

2010 2921 2194 2975 nostri
2223 2920 2411 2975 valide
2460 2922 2716 2975 incussis
2750 2918 3081 2975 missilibus
3106 2915 3420 2971 caedebant.
3482 2914 3647 2967 Unde

2008 3008 2523 3078 prosternebantur
2553 3008 2802 3079 equites,
2853 3007 3093 3062 vulnere
3137 3008 3236 3059 aut
3292 3000 3641 3058 oli'endiculo

2006 3094 2172 3165 equis
2204 3094 2571 3166 lapsantibus
2593 3094 2826 3151 evoluti.
2848 3098 3079 3149 'Horum
3111 3089 3373 3160 plerique
3402 3100 3640 3143 occum-

2006 3185 2256 3239 hebant:
2286 3185 2400 3239 vivi
2444 3184 2708 3240 nonnulli
2767 3182 3166 3254 capiebantur,
3217 3176 3521 3233 interclusi
3571 3191 3637 3229 eo

2006 3275 2160 3342 quod
2205 3290 2435 3329 summo
2486 3272 2682 3327 studio
2734 3271 3065 3343 captabant.
3128 3268 3190 3323 Id
3251 3269 3443 3321 autem
3513 3267 3637 3319 erat

2004 3363 2298 3431 pervenire
2326 3362 2643 3417 adBoosem
2678 3361 2919 3415 ﬂuvium
2938 3363 2995 3414 et
3021 3374 3085 3412 eo
3117 3354 3365 3410 transito
3384 3350 3634 3407 salutem

2000 3448 2058 3503 in
2092 3454 2215 3503 tuto
2248 3466 2479 3519 ponere.
2512 3451 2582 3504 At
2616 3447 2974 3520 imperatorii
3006 3445 3157 3502 515
3182 3457 3418 3499 cursum
3450 3440 3631 3494 istum

2000 3541 2296 3594 retardare
2326 3543 2453 3594 tum
2497 3557 2530 3594 a
2572 3545 2732 3610 tergo
2785 3537 3147 3600 lacessendo,
3193 3539 3320 3589 tum
3378 3546 3629 3603 praecur-

1997 3629 2177 3682 rendo
2208 3628 2479 3697 viamque
2510 3628 2884 3693 obstruendo,
2911 3624 3068 3680 varie
3103 3622 3425 3677 certabant.
3478 3620 3631 3673 Inter

1996 3733 2121 3787 quae
2154 3715 2278 3771 Itali
2303 3714 2551 3781 confusi,
2585 3731 2693 3783 qua
2725 3720 2882 3769 metu
2931 3728 3002 3767 ne
3060 3710 3510 3782 prohiberentur
3566 3705 3625 3760 in

1995 3809 2185 3859 tutum
2244 3805 2507 3870 evadere,
2593 3820 2709 3874 qua
2764 3801 3037 3856 mistione
3114 3793 3624 3852 inordinatissima

1993 3893 2357 3948 sarcinarum
2377 3898 2431 3947 et
2455 3893 2763 3947 mulierum
2787 3906 2931 3961 quas
2956 3904 3072 3942 una
3092 3901 3289 3942 secum
3313 3883 3624 3938 trahebant

1992 3982 2325 4051 quibusque
2351 3981 2615 4051 impliciti
2648 3977 3152 4039 conflictabantur,
3173 3971 3489 4028 trudebant
3520 3970 3621 4024 de-

1987 4062 2385 4133 jiciehantque
2416 4078 2542 4116 sese
2574 4064 2801 4123 mutuo,
2850 4062 3067 4112 temere
3123 4053 3371 4110 invicem
3425 4051 3620 4105 incur-

1991 4160 2181 4205 rentes
2214 4167 2279 4205 ac
2311 4148 2739 4217 conculcantes,
2770 4147 2852 4201 ita
2877 4150 2943 4201 ut
2971 4159 3171 4199 eorum
3196 4139 3365 4196 multi
3380 4155 3622 4194 curren-

1987 4240 2135 4295 tium
2168 4242 2236 4295 ad
2270 4240 2485 4295 flumen
2539 4254 2821 4310 equorum
2877 4232 3112 4305 ungulis
3141 4232 3575 4287 contererentur
3609 4245 3622 4292 ;

1990 4332 2045 4383 et
2077 4328 2275 4383 afﬂicti
2309 4328 2474 4399 lapsu
2508 4327 2755 4399 superbe
2788 4318 3400 4394 cataphracti,equites
3428 4318 3621 4387 praeda

1990 4417 2176 4471 facilis
2206 4421 2374 4472 erant
2402 4416 2662 4487 peditum
2689 4413 3111 4485 expeditorum.
3131 4408 3347 4463 Horum
3382 4404 3620 4477 plurimi

1988 4505 2165 4561 simul
2199 4505 2596 4576 capiebantur,
2640 4501 2815 4557 simul
2874 4501 2942 4555 ad
3001 4513 3191 4553 arcem
3250 4492 3618 4550 custodiendi

244 4586 494 4647 sentem.
529 4598 654 4652 quae
688 4581 963 4635 manibus
994 4584 1305 4645 teneretur,
1340 4583 1593 4652 Ρνεθάθιῐῐι
1645 4599 1876 4640 cemen-
1904 4572 1951 4636 Ῑ)
1982 4572 2386 4661 trahebantur,
2411 4592 2792 4648 redeuntibus
2827 4605 2956 4643 mox
2990 4587 3090 4657 qui
3122 4585 3502 4647 deduxerant,
3562 4586 3619 4636 et

244 4672 395 4727 tium
438 4685 501 4723 ac
553 4668 774 4724 scilicet
829 4667 1204 4723 illudentium
1263 4669 1322 4722 in
1389 4686 1515 4724 eam
1575 4674 1873 4732 servitutis

243 4756 641 4813 humilitatem
669 4758 793 4827 jam
816 4757 1047 4811 redacto
1077 4760 1196 4810 tam
1258 4758 1481 4812 tumide
1531 4761 1701 4829 paulo
1744 4770 1875 4820 ante

245 4844 567 4915 gloriatori.
623 4844 855 4900 Obsessi
895 4861 1027 4899 vero
1074 4845 1246 4900 etiam
1286 4849 1598 4916 antequam
1629 4850 1699 4904 ad
1777 4868 1875 4907 eos

241 4934 650 5007 pervenissent
680 4933 778 5003 qui
812 4932 917 4987 hoc
936 4932 1257 4987 nuntiaturi
1282 4934 1445 4989 missi
1476 4939 1658 5006 erant,
1682 4940 1873 4994 nescio

246 5025 541 5097 quomodo
574 5039 744 5078 casus
775 5022 902 5092 eius
934 5023 1066 5078 facti
1098 5022 1389 5089 certiores,
1441 5025 1607 5096 signa
1662 5025 1871 5083 laetitia:

240 5113 577 5178 ediderunt,
610 5129 678 5167 ex
715 5111 929 5181 quibus
992 5110 1174 5166 nostri
1231 5111 1430 5181 procul
1484 5112 1873 5184 intelligerent

230 5207 363 5276 jam
390 5202 538 5259 scire
569 5202 728 5273 ipsos
756 5201 895 5272 quid
925 5203 1438 5273 contigisset.Ergo
1466 5204 1575 5257 sub
1600 5220 1870 5262 auroram

241 5293 433 5351 nostri
459 5308 660 5346 omnes
693 5290 873 5345 armis
897 5291 1171 5363 sumptis,
1205 5298 1581 5363 correptaque
1629 5294 1874 5366 quisque

240 5386 305 5440 in
359 5399 599 5437 manum
640 5380 822 5435 tincta
885 5380 1007 5436 oleo
1082 5398 1245 5437 sacro
1305 5383 1590 5452 chartula,
1634 5386 1874 5457 trajecto

238 5488 417 5530 amne
460 5471 517 5525 in
546 5470 809 5525 turbatos
841 5470 1000 5525 clade
1052 5470 1218 5524 ducis
1272 5471 1470 5526 hostes
1528 5477 1731 5529 ruunt.
1801 5473 1869 5528 Hi

238 5562 447 5619 statim
500 5560 826 5615 funduntur
872 5560 1287 5632 fuganturque,
1347 5562 1546 5632 paucis
1630 5564 1728 5634 qui
1805 5581 1870 5619 os

232 5652 608 5707 obverterent
657 5648 953 5719 spectandi
1013 5650 1205 5721 potius
1273 5652 1608 5707 curiositate
1690 5668 1867 5723 quam

1986 4682 2115 4738 aliis
2146 4682 2289 4737 alios
2322 4681 2583 4750 aliosque
2614 4678 2901 4743 similiter,
2935 4676 3130 4731 statim
3170 4672 3269 4728 ubi
3319 4670 3616 4741 corripue-

1985 4775 2134 4837 rant,
2160 4772 2370 4824 intuta
2399 4768 2666 4825 custodia
2692 4766 3039 4833 locantibus,
3073 4779 3138 4817 eo
3170 4761 3227 4816 in
3261 4760 3353 4815 his
3413 4758 3616 4813 discri-

1987 4862 2141 4916 mine
2174 4862 2421 4923 servato,
2454 4862 2519 4912 ut
2547 4857 2752 4929 vulgus
2784 4855 3014 4925 quidem
3048 4856 3105 4907 et
3134 4849 3380 4922 gregarii
3442 4865 3613 4903 nera-

1986 4953 2205 5012 rentur,
2239 4947 2663 5019 insignioribus
2687 4950 2744 5000 et
2773 4941 3068 5015 primariis
3115 4938 3441 4995 reservatis.
3506 4938 3615 4991 Per

1986 5038 2143 5092 hunc
2173 5036 2492 5092 tumultum
2525 5035 2623 5105 qui
2655 5034 2881 5087 tandem
2917 5048 2947 5086 e
3002 5030 3225 5085 Latinis
3282 5028 3354 5084 ad
3411 5024 3612 5081 Boosis

1986 5126 2144 5196 ripas
2177 5124 2472 5196 pervenire
2508 5124 2841 5193 potuerunt,
2863 5136 2925 5174 se
2961 5117 3219 5173 volentes
3277 5116 3335 5169 in
3395 5114 3612 5168 ﬂumen

1985 5212 2444 5283 pramipitabant,
2478 5213 2723 5263 mortem
2768 5209 3155 5277 prmoptantes
3212 5200 3613 5273 ignominiosa:

1984 5300 2093 5355 sub
2117 5300 2395 5354 Romanis
2422 5295 2950 5367 captivitati.Fuere
2980 5298 3171 5347 tamen
3203 5289 3412 5360 quibus
3444 5304 3614 5343 cona-

1980 5392 2078 5443 tus
2108 5386 2511 5442 transnatandi
2542 5381 2967 5439 succederet.Hi
3004 5376 3274 5451 perpauci
3297 5375 3613 5445 eplurimis

1980 5473 2038 5531 in
2071 5474 2420 5531 Caninarum
2444 5474 2677 5529 tandem
2711 5486 2901 5527 arcem
2931 5472 3123 5523 tutum
3154 5482 3222 5520 ex
3250 5466 3436 5521 etl'usa
3473 5466 3611 5536 fuga

1980 5568 2275 5634 receptum
2307 5564 2657 5627 habuerunt,
2680 5558 2842 5625 nudi,
2863 5558 3139 5624 inermes,
3160 5558 3261 5629 qui
3291 5560 3463 5632 paulo
3477 5567 3611 5618 ante

1980 5652 2229 5708 fastuosi
2260 5668 2325 5706 ac
2358 5649 2616 5705 minaces
2643 5650 2920 5707 universu
