4110 6280
413 306 522 364 979

1713 309 2012 364 GEORGII
2051 314 2508 368 PACHYMERE

3698 308 3812 362 980

413 451 523 495 τες,
554 431 752 505 γυμνοί
788 450 848 486 τε
901 430 991 486 καὶ
1051 430 1251 486 ἄοπλοι
1307 430 1396 485 καὶ
1425 429 1581 499 πεζοὶ
1618 430 1669 485 οἱ
1717 429 1823 502 πρό
1869 435 2064 503 μικροῦ
2093 437 2145 502 Α
2175 430 2473 507 στοιχηδὸν
2508 431 2898 503 διεληλακότας
2951 434 3309 502 κατανοήσας·
3360 432 3587 503 σώματα
3616 430 3820 504 στυγνὰ

428 518 712 582 σοϐοῦντες
742 522 832 575 καὶ
872 521 946 582 ὡς
997 521 1211 575 νοσσιὰν
1268 520 1367 587 τὴν
1416 517 1698 592 Ῥωμαὶδα
1743 515 2065 574 καταλαϐεῖν

425 611 543 664 κατ’
571 608 840 681 ἐλπισμὸν
873 608 1116 683 ἔχοντες.

656 714 764 789 λγ’.
799 710 1076 789 Θρίαμϐος
1109 714 1579 789 τᾳῶνγέαλῳκότων
1608 716 1744 768 κατά
1765 715 1830 768 τὰ

1062 784 1439 860 Βελλάγραδα.

490 876 576 946 [Ρ.
621 873 750 945 351]
801 872 991 943 Ἀξιον
1045 870 1102 928 δὲ
1150 870 1289 945 μηδὲ
1338 873 1537 927 ἐκεῖνον
1562 872 1653 926 τὸν
1686 865 1949 945 θρίαμϐον
1980 870 2072 924 τὸν

430 963 481 1017 ἐν
534 966 603 1035 τῇ
667 960 828 1016 πόλει
893 961 1155 1036 γεγονότα
1220 958 1591 1036 παραδραμεῖν
1629 1003 1642 1015 .
1693 956 1914 1027 Ἐπειδὴ
1966 958 2069 1034 γὰρ

421 1050 557 1104 κατᾶ
611 1048 809 1123 κράτος
869 1047 1060 1103 ἐνίκων
1121 1049 1173 1103 οἳ
1238 1047 1542 1124 βασιλέως,
1601 1045 1814 1120 μᾶλλον
1871 1043 1928 1099 δὲ
1980 1044 2070 1100 καὶ

422 1136 632 1193 ἀκονιτὶ
660 1137 728 1191 τᾶ
757 1138 1039 1208 θαυμαστά
1081 1136 1217 1191 κατά
1271 1140 1378 1189 τῶν
1437 1133 1708 1203 ἀλαζόνων
1736 1134 2071 1208 κατώρθουν,

422 1225 549 1286 τοὺς
583 1225 675 1296 μὶν
725 1225 985 1285 πεσόντας
1048 1222 1357 1289 ἐσκυλευον,
1426 1222 1664 1278 πλοῦτον
1722 1220 2071 1296 συλλέγοντες

426 1311 613 1367 ὅπλων
644 1333 701 1367 τε
729 1311 820 1366 καὶ
849 1308 1157 1383 ἐνδυμάτων
1194 1309 1284 1365 καί
1306 1311 1490 1364 ἳππων
1541 1309 1629 1363 καὶ
1684 1313 1884 1363 σκευῶν
1932 1329 2068 1362 παν-

425 1399 591 1455 τοίων
650 1399 1054 1471 ἐξησκημένων,
1085 1397 1212 1458 τοὺς
1273 1396 1330 1452 δὲ
1385 1418 1447 1472 γε
1513 1401 1713 1466 ζῶντας
1764 1394 1958 1456 αὐτοὺς
2013 1416 2071 1449 τε

428 1489 519 1543 καὶ
563 1488 769 1550 ἲππους
831 1487 1004 1542 αὐτῶν
1053 1487 1613 1561 έπισυναθροίσαντες,
1660 1485 1749 1539 καὶ
1797 1483 1923 1546 τοὺς
1976 1483 2069 1555 μὲν

430 1574 617 1637 πέδαις
675 1574 932 1650 ἀφύκτοις
992 1572 1381 1647 δεσμήσαντες,
1435 1572 1561 1635 τοὺς
1619 1570 1667 1627 δ’
1731 1571 1937 1634 ἀνέντες
1994 1570 2072 1632 εἷς

431 1664 738 1740 ὐποξύγια,
799 1666 947 1739 σφίσι
1004 1665 1102 1733 τήν
1174 1664 1421 1736 στρατιὰν
1499 1657 1857 1723 ἀναλαϐόντες
1925 1657 2074 1733 (οὐδὲ

2177 521 2271 592 μὲν
2298 524 2376 590 τῷ
2406 520 2527 573 τότε
2552 520 2639 573 καὶ
2669 523 2757 573 οἴει
2796 518 2936 591 μηδὲ
2984 520 3190 591 σώματ’
3238 516 3299 572 ἂν
3350 538 3435 578 τις
3469 517 3633 586 εἶπεν,
3667 517 3817 572 ἀλλὰ

2175 608 2327 669 σκιὰς
2368 612 2475 660 τῶν
2523 605 2693 662 πάλαι
2739 609 3009 682 γιγάντων
3037 650 3050 674 ,
3097 607 3265 679 ψυκάς
3309 604 3365 659 δὲ
3401 609 3480 676 τῷ
3533 606 3626 677 μὲν
3680 606 3818 659 κατά

2177 699 2311 767 σφᾶς
2344 698 2502 757 πάθει
2543 696 2632 748 καὶ
2692 692 2810 750 λίαν
2868 695 3274 768 καμπτομένας,
3303 697 3372 767 τῇ
3405 691 3461 746 δὲ
3506 698 3611 746 τῶν
3644 714 3813 767 προσ-

2180 781 2345 834 ώπων
2399 782 2544 835 τάσει
2600 784 2689 836 καὶ
2742 788 2820 853 τῷ
2878 787 2975 837 τοῦ
3024 784 3373 858 φρονήματος
3423 774 3672 853 ἔμϐριθεῖ
3713 782 3814 847 τήν

2179 868 2351 923 πάλαι
2411 866 2685 938 δηλούσας
2745 869 3048 945 ἐλευθερίαν
3084 913 3098 939 ,
3173 869 3488 944 ἐπεκάμφθη
3550 867 3644 939 μὲν
3700 872 3818 927 τοῖς

2180 957 2297 1009 κατ’
2358 958 2637 1029 ἄνθρωπον
2700 961 3100 1030 συναντήμασι,
3156 962 3345 1031 χεῖρας
3392 953 3439 1009 δ’
3487 954 3624 1030 αἳρει
3683 954 3819 1029 πρὸς

2181 1043 2272 1097 τὸν
2306 1043 2435 1098 Θεὸν
2467 1043 2556 1097 καὶ
2597 1044 2866 1119 ὁμολογεῖ
2900 1047 2999 1114 τήν
3026 1044 3187 1120 χάριν
3240 1048 3418 1117 τρανῷ
3457 1047 3536 1114 τῷ
3566 1042 3816 1114 στόματι,

2178 1131 2268 1185 καί
2326 1152 2386 1204 γε
2429 1131 2601 1195 θέλων
2662 1132 2969 1209 ἀνάγραπτα
3025 1135 3190 1187 θεῖναι
3242 1127 3562 1207 προστάσσει
3618 1132 3816 1206 γράῳε-

2180 1230 2301 1282 σθαι
2341 1225 2458 1280 τοῖς
2486 1221 2595 1273 τῶν
2630 1219 2935 1293 ἀνακτόρων
2968 1219 3312 1295 τοιχίσμασι,
3342 1219 3487 1288 πλὴν
3536 1218 3632 1273 οὐκ
3679 1219 3819 1272 αὐτά

2180 1309 2266 1362 καὶ
2304 1303 2460 1380 μόνα,
2493 1307 2620 1363 ἀλλ’
2650 1306 2685 1362 ἅ
2712 1307 2777 1376 δή
2808 1310 2898 1364 καὶ
2920 1309 3161 1385 ἀρχῆθεν
3192 1314 3325 1365 Θεοῦ
3354 1309 3568 1382 γέγονεν
3599 1305 3820 1362 ἐλεοῦν-

2177 1416 2292 1461 τος,
2339 1393 2433 1449 κᾶν
2495 1395 2670 1451 ἐκεῖνα
2729 1398 2824 1469 μὲν
2878 1399 2967 1452 καὶ
3012 1396 3163 1461 αὖθις
3194 1396 3242 1451 ἐν
3277 1399 3584 1472 προστώοις
3610 1397 3815 1471 γεγρά-

2181 1504 2337 1561 (parte,
2377 1484 2443 1538 τὰ
2494 1481 2541 1537 δ’
2592 1484 2691 1538 οὐκ
2743 1483 2935 1562 ἔφθασε
2988 1486 3305 1554 τελεσθῆναι
3362 1483 3681 1545 ἐπελθόντος
3733 1488 3815 1555 τῷ

2185 1569 2401 1646 βασιλεῖ
2425 1576 2521 1626 τοῦ
2554 1573 2798 1629 θανάτου.
2850 1572 3121 1636 Ἑκείνους
3153 1572 3233 1645 δὲ,
3260 1575 3359 1642 τήν
3403 1577 3500 1627 τοῦ
3546 1576 3678 1627 Θεοῦ
3707 1573 3813 1646 χά-

2182 1678 2263 1733 ριν
2294 1656 2559 1713 δεικνύναι
2592 1660 2764 1723 θέλων
2820 1659 2907 1714 ἐπὶ
2955 1662 3193 1723 πάντων.
3225 1661 3324 1715 οὐκ
3376 1660 3537 1721 αὐτὸς
3584 1658 3818 1733 μεγαλι-

430 1753 535 1829 γάρ
568 1753 713 1829 εἶχον
767 1751 1003 1816 ἐντεῦθεν
1064 1750 1291 1807 δεδιέναι
1346 1755 1674 1826 πανστρατιᾷ
1730 1747 2073 1821 ἑαλωκότων)
2112 1786 2155 1847 Β
2185 1746 2412 1819 ζόμενος
2441 1752 2557 1808 τοῖς
2588 1748 2803 1819 πρώϊζα
2838 1747 3165 1812 τελεσθεῖσιν
3227 1751 3315 1804 οἷά
3348 1770 3431 1810 τις
3456 1746 3819 1824 ἀπειρόκαλος

435 1841 489 1903 ές
552 1840 775 1916 βασιλέα
835 1841 969 1913 μετά
1012 1862 1075 1916 γε
1101 1840 1376 1915 τροπαίων
1436 1839 1704 1913 λαμπρῶν
1766 1836 2079 1911 ἀνεζεύγνυ-

439 1949 551 1996 σαν,
585 1928 677 1992 θέα
706 1924 876 1991 ὅντως
921 1926 1325 2007 φιλορωμαίοις
1374 1928 1809 2000 πανθαύμαστος.
1858 1926 1919 1981 Ὁ
1948 1929 2075 1999 γοῦν

442 2016 699 2091 βασιλεὺσ
729 2015 1013 2091 δεξάμενος
1049 2018 1145 2090 μὲν
1185 2016 1313 2080 τοὺς
1358 2014 1550 2078 ἰδίους.
1587 2013 1772 2088 μαθὼν
1825 2011 1867 2068 δ’
1896 2011 1949 2075 ές
1977 2014 2076 2066 τὰ·

435 2100 618 2181 κριϐὲς
665 2105 732 2160 τά
787 2104 1097 2181 πραχθέντα
1130 2148 1144 2174 ,
1203 2099 1281 2159 ἔτι
1368 2101 1426 2158 δὲ
1499 2101 1590 2157 καὶ
1657 2101 1788 2156 ἰδὼν
1854 2097 2077 2155 ἕκαστον

435 2193 620 2255 αὐτοῖς
675 2193 868 2256 ἳπποις
922 2214 980 2248 τε
1025 2193 1114 2247 καὶ
1149 2196 1387 2259 σκευαῖς,
1444 2196 1567 2245 τοῖσ
1621 2190 1716 2262 μὲν
1772 2186 2075 2257 κατεσκλη-

432 2283 553 2337 κόσι
581 2282 671 2337 καὶ
720 2281 910 2356 μόνοις
940 2279 1148 2344 ὀστέοις
1178 2281 1268 2335 καὶ
1319 2276 1546 2353 δέρμασι
1602 2279 1703 2346 τὴν
1762 2275 1932 2332 πάλαι
1964 2273 2072 2329 δει-

433 2370 681 2425 κνύουσιν
714 2368 1032 2441 εὐκληρίαν,
1062 2374 1183 2428 ταῖς
1230 2365 1287 2422 δὲ
1337 2364 1713 2442 διεῤῥωγυίαις
1764 2364 1864 2419 οὐκ
1893 2363 2078 2425 αὐταῖς

433 2460 568 2520 ’ἰσως
598 2460 678 2522 αἶς
706 2459 797 2513 καὶ
845 2459 1040 2534 πρώην
1100 2457 1371 2531 ἐχρῶντο,
1404 2453 1551 2510 ἀλλά
1613 2459 1730 2516 ταῖς
1784 2450 2080 2527 τυχούσαις

437 2545 527 2602 καὶ
559 2548 643 2609 αῖς
672 2544 731 2600 ἂν
765 2543 1003 2609 ἐκείνους
1053 2542 1404 2618 ἐπολυώρουν
1450 2542 1503 2596 o't
1554 2540 1851 2612 ἐλεοῦντες,
1898 2539 1987 2593 καί
2020 2558 2083 2613 γε

446 2778 507 2818 se
529 2765 806 2833 tanquam
832 2758 1189 2817 avicularum
1210 2757 1417 2813 nidum
1445 2753 1818 2828 implumium
1842 2752 2085 2823 impune

450 2855 745 2923 rapturos,
778 2848 1079 2905 ablaturos
1111 2846 1453 2917 ludibunda,
1480 2846 1871 2915 speraverant.

622 2992 713 3048 33.
749 2990 1079 3064 Triumphus
1107 2998 1388 3062 captorum
1418 2987 1491 3042 ad
1523 2982 1871 3052 Bellagrada.
1936 3008 1939 3017 ι

520 3116 773 3189 Dignum
806 3130 976 3186 porro
1012 3113 1184 3168 fuerit
1213 3127 1319 3167 nec
1341 3109 1505 3164 illum
1537 3105 1903 3178 triumphum
1938 3118 2082 3174 prm-

447 3208 643 3273 terire,
674 3206 773 3277 qui
807 3205 985 3275 hujus
1014 3199 1403 3274 gratulatione
1423 3214 1731 3254 successus
1761 3194 2085 3251 celebratus

449 3294 508 3348 in
540 3294 682 3348 urbe
704 3297 814 3347 est.
836 3292 1152 3361 Postquam
1173 3286 1328 3342 enim
1362 3285 1767 3357 plenissimam
1790 3282 1945 3339 516
1972 3283 2087 3336 ϐω·

452 3382 602 3439 sarci
633 3379 932 3435 victoriam
970 3379 1364 3449 reportarunt,
1398 3378 1498 3429 aut
1546 3372 1743 3445 potius
1800 3370 1967 3427 facile
2023 3386 2089 3424 ac

454 3472 581 3525 sine
614 3469 845 3541 pulvere
875 3472 993 3522 tam
1028 3465 1177 3521 mira
1220 3465 1276 3519 in
1335 3461 1849 3535 arrogantissimos
1899 3459 2086 3530 jacta-

458 3563 613 3612 tores
643 3558 975 3627 gesserunt,
1000 3558 1263 3608 mortuos
1292 3551 1530 3622 quidem
1566 3548 1912 3621 spoliarunt,
1935 3545 2089 3600 unde

468 3643 702 3699 divitias
735 3645 1155 3713 congesserunt
1183 3639 1466 3711 plurimas
1496 3653 1562 3693 ex
1595 3633 2088 3702 armis,vestibus,

468 3731 817 3802 equis,vasis
847 3728 1159 3785 elaboratis
1190 3725 1381 3782 omnis
1423 3726 1690 3797 generis;
1743 3721 2088 3793 superstites

458 3822 651 3872 autem
686 3822 741 3872 et
762 3831 943 3887 equos
975 3813 1235 3885 ipsorum
1283 3814 1737 3884 congregantes:
1769 3809 1901 3864 illos
1930 3822 2088 3862 com-

456 3906 701 3977 pedibus
730 3905 957 3961 vinctos
984 3900 1214 3967 validis,
1248 3901 1355 3956 hos
1377 3900 1599 3955 solutos
1629 3901 1687 3953 et
1732 3898 1969 3952 abactos
2000 3895 2088 3949 in-

456 3996 853 4065 terjumenta,
885 3991 1083 4062 cepias
1114 4004 1314 4044 secum
1338 3988 1645 4043 universas
1702 4001 1850 4057 quas
1905 3985 2089 4039 duxe-

454 4088 585 4137 rant
615 4081 1061 4151 resumpserunt
1090 4079 1114 4146 (
1144 4092 1333 4147 neque
1364 4075 1522 4132 enim
1554 4079 1677 4129 erat
1722 4089 1828 4128 cur
1878 4071 1958 4126 ibi
2015 4070 2087 4126 ad

455 4169 790 4242 prmsidium
821 4165 1025 4222 limitis
1056 4181 1192 4235 pars
1225 4179 1426 4218 earum
1472 4161 1593 4218 ulla
1640 4160 2087 4232 relinqueretur,

458 4257 681 4328 ubique
734 4253 1001 4311 hostibus
1060 4250 1231 4321 plane
1288 4249 1517 4319 deletis)
1601 4253 1659 4304 et
1742 4248 1930 4303 redire
2013 4245 2085 4300 ad

454 4346 864 4417 imperatorem
913 4338 1318 4404 instituerunt,
1365 4335 1688 4407 splendidis
1738 4336 1859 4391 illic
1925 4335 2086 4406 prius

454 4432 685 4505 tropaeis
726 4427 949 4502 positis.
1015 4424 1417 4497 Spectaculum
1472 4424 1557 4479 sic
1603 4427 1809 4479 euntes
1866 4421 2084 4494 passim

2185 1833 2275 1887 καὶ
2306 1833 2671 1909 μικρόψυχος,
2704 1833 2848 1890 ἀλλά
2882 1835 3093 1909 μᾶλλον
3126 1837 3254 1892 Θεὺν
3298 1837 3393 1909 μὲν
3440 1833 3598 1897 εἰδὼς
3645 1832 3819 1889 αἴτιον

2187 1921 2313 1975 Θεὸν
2344 1918 2401 1976 δὲ
2430 1922 2519 1976 καὶ
2571 1923 2892 1996 μεγαλύνειν
2937 1925 3292 1998 προθέμενος,
3337 1918 3600 1999 θρίαμϐον
3650 1943 3825 1997 προσ-

2185 2008 2370 2064 τάσσει
2419 2016 2761 2086 καταγαγεῖν.
2822 2013 2882 2069 Ὀ
2941 2010 2987 2066 δ’
3042 2013 3132 2082 ἦν,
3184 2013 3371 2066 ’ἰστατο
3425 2014 3504 2083 [Ρ.
3535 2013 3662 2083 352]
3725 2010 3821 2082 μὲν

2187 2098 2387 2152 ἄνωθεν
2427 2096 2477 2168 ἐξ
2509 2098 2752 2153 ἀπόπτου
2784 2100 2811 2154 ὁ
2847 2099 3099 2174 βασιλεὺς
3131 2100 3182 2155 ἐν
3213 2106 3335 2164 τοῖς
3362 2099 3678 2170 ἀνακτόροις
3717 2104 3829 2153 τῶν

2190 2185 2552 2259 Βλαχερνῶν,
2593 2186 2729 2261 πρὸς
2786 2188 2921 2242 κατά
2968 2188 3247 2251 θάλασσαν
3307 2186 3521 2243 δυτικὸν
3578 2187 3825 2263 ἀφορῶν,

2189 2274 2271 2351 ἐφ’
2315 2275 2360 2345 ᾦ
2410 2275 2521 2347 ἅμα
2562 2276 2655 2347 μὲν
2705 2281 2897 2349 θεῷτο,
2955 2274 3067 2350 ἅμα
3115 2275 3161 2332 δ’
3206 2277 3528 2338 εὐσύνοπτος
3576 2275 3660 2346 εἴη
3707 2283 3826 2337 τοῖς

2190 2362 2506 2434 θεωμένοις.
2562 2364 2798 2437 ἸΙγοντο
2855 2363 3147 2439 στοιχηδὸν
3208 2365 3405 2421 ἐκεῖνοι
3453 2361 3716 2433 καθ’ἓνα,
3749 2365 3825 2426 ὡς

2190 2446 2588 2522 εἶχενδὲκαστος
2629 2450 2710 2529 ἐφ’
2752 2453 2948 2524 ἳππον,
2978 2452 3113 2507 κατά
3168 2454 3362 2526 θάτερα
3414 2456 3525 2508 τῶν
3578 2449 3827 2528 πλευρῶν

2188 2537 2513 2609 καθήμενος.
2543 2536 2785 2595 Ἐδίδοτο
2816 2537 2862 2595 δ’
2894 2540 3101 2614 ἑκάστῳ
3151 2546 3367 2618 κρατεῖν
3417 2540 3508 2595 καὶ
3531 2540 3717 2595 κοντὸν
3761 2539 3820 2594 ἐκ

2194 2764 2328 2821 gam
2364 2751 2625 2824 digestos
2658 2754 2865 2809 seriem
2900 2754 3452 2826 intuensAugustus
3481 2758 3688 2811 attente
3705 2752 3815 2809 sin-

2194 2838 2387 2909 gulos,
2425 2856 2666 2912 corpora
2696 2842 3039 2897 observabat
3069 2842 3363 2912 squallida
3386 2841 3487 2897 illa
3516 2847 3657 2897 tunc
3699 2846 3824 2911 quis

2196 2925 2325 2980 dem
2360 2926 2690 2999 luridaque,
2723 2930 2823 2984 sed
2868 2946 2991 3001 qum
3049 2946 3162 2985 non
3222 2934 3342 2985 tam
3401 2945 3643 3002 corpora
3694 2929 3829 3000 quis

2196 3013 2417 3071 diceret
2446 3032 2619 3086 quam
2653 3018 2892 3073 umbras
2924 3022 3179 3073 veterum
3213 3018 3553 3090 gigantum;
3580 3033 3830 3089 quorum

2198 3101 2404 3157 animae
2435 3108 2655 3174 tamen,
2687 3122 2825 3161 casu
2858 3104 2995 3161 licet
3024 3122 3091 3162 ac
3118 3105 3286 3161 malis
3306 3106 3520 3173 fractae,
3548 3107 3832 3177 quadam.

2196 3192 2629 3261 exporrectione
2663 3194 2939 3249 facierum
2970 3198 3027 3249 et
3082 3193 3375 3251 eminente
3431 3195 3488 3249 in
3522 3195 3710 3249 fronte
3765 3211 3833 3249 ac

2196 3279 2528 3350 superciliis
2551 3282 2796 3337 audacia
2824 3287 3074 3338 veterem
3102 3282 3430 3339 libertatem
3482 3299 3596 3354 prae
3622 3299 3686 3338 se
3725 3283 3797 3337 ad
3820 3312 3835 3324 -

2197 3366 2313 3421 huc
2342 3368 2576 3439 ferrent,
2605 3374 2797 3425 motus
2829 3369 3040 3425 intima
3097 3375 3187 3426 est
3245 3371 3620 3426 miseratione
3675 3372 3831 3427 51⁸1

2197 3453 2587 3511 humanorum
2619 3474 2887 3525 casuum,
2922 3475 3132 3514 manus
3164 3462 3358 3514 autem
3390 3460 3458 3515 ad
3484 3463 3661 3514 Deum
3695 3475 3836 3514 sus-

2196 3541 2355 3608 tulit,
2388 3543 2545 3599 clara
2574 3562 2711 3602 voce
2740 3546 2961 3618 gratias
2990 3547 3042 3601 ei
3075 3547 3362 3614 referens;
3397 3552 3455 3602 et
3508 3547 3679 3618 quasi
3734 3563 3832 3602 vo-

2196 3628 2330 3685 tivis
2359 3631 2559 3688 volens
2589 3634 2807 3689 tabulis
2835 3634 3255 3705 gratitudinem
3311 3634 3461 3689 hanc
3517 3651 3683 3689 suam
3730 3650 3829 3688 ex-

2196 3722 2349 3774 stare
2383 3720 2439 3774 in
2474 3726 2778 3793 posterum
2810 3727 3107 3790 testatam,
3139 3723 3409 3794 praecepit
3437 3723 3595 3794 pingi
3652 3739 3834 3794 super

2197 3807 2445 3878 parietes
2478 3810 2676 3879 palatii
2709 3815 2887 3865 totam
2945 3810 3123 3882 hujus
3178 3810 3427 3866 victoriae
3480 3827 3545 3866 ac
3601 3827 3831 3883 pompae

2196 3894 2573 3967 triumphalis
2606 3898 2838 3967 seriem,
2873 3915 2987 3953 non
3036 3898 3145 3953 hoc
3200 3903 3397 3954 autem
3453 3898 3666 3967 solum,
3724 3900 3829 3954 sed

2196 3987 2254 4038 et
2312 3983 2455 4039 alios
2524 3992 2800 4056 praeterea
2859 4003 3171 4057 prosperos
3225 4004 3554 4054 successus,
3613 3988 3832 4058 quibus

2199 4075 2369 4126 antea
2397 4089 2626 4146 quoque
2657 4090 2830 4129 suum
2865 4075 3017 4129 Deus
3050 4074 3365 4146 imperium
3401 4077 3673 4147 dignatus
3702 4080 3827 4130 erat

2197 4158 2515 4216 fortunare.
2550 4162 2952 4233 Continuoque
2982 4162 3322 4217 inchoatum
3355 4163 3412 4218 id
3446 4180 3596 4235 opus
3626 4172 3709 4219 est
3766 4164 3823 4217 in

2195 4247 2483 4304 vestibulo
2515 4250 2842 4320 porticuum
2876 4250 3085 4321 regias:
3120 4251 3218 4305 sed
3251 4252 3489 4322 perduci
3517 4253 3591 4307 ad
3626 4251 3821 4317 ﬁnem,

2193 4340 2249 4391 et
2274 4335 2452 4405 hujus
2485 4338 2700 4392 ultima:
2718 4337 3093 4408 adjunctione
3120 4339 3372 4395 victoria
3402 4340 3678 4412 compleri
3705 4357 3819 4395 mo-

2196 4428 2544 4479 numentum
2576 4425 2633 4479 id
2665 4441 2777 4480 non
2807 4426 2998 4497 potuit
3028 4430 3159 4482 ante
3192 4432 3437 4483 mortem
3497 4428 3674 4498 hujus
3723 4428 3816 4481 im-

457 4496 791 4592 praebebant
822 4496 1426 4584 mirificejucundum
1470 4512 1615 4567 bene
1682 4510 1902 4565 ati‘cctis
1953 4525 2091 4581 erga
2118 4496 2165 4563 D
2197 4513 2480 4580 peratoris
2511 4496 2833 4579 Michaelis,
2867 4530 2992 4585 qua:
3025 4514 3197 4585 paulo
3222 4521 3354 4586 post
3378 4496 3640 4589 contigit.
3657 4517 3821 4571 Porro

466 4624 559 4663 res
581 4608 898 4663 Romanas.
932 4603 1252 4673 Imperator
1273 4599 1370 4655 ubi
1401 4615 1519 4670 qua
1559 4615 1662 4670 par
1716 4602 1839 4654 erat
1892 4598 2089 4667 gratias

462 4695 887 4767 significatione
918 4707 1057 4747 suos
1086 4688 1331 4759 excepit,
1365 4686 1464 4743 ubi
1497 4703 1619 4743 rem
1653 4690 1719 4742 ut
1754 4690 1917 4758 gesta
1969 4691 2093 4742 erat

462 4800 493 4839 θ
546 4782 847 4855 sigillatim
899 4785 955 4836 et
1002 4781 1199 4833 exacte
1253 4776 1628 4832 narrantibus
1688 4775 1930 4842 audivit,
1990 4775 2131 4830 ubi~

462 4872 636 4927 etiam
666 4870 844 4926 otiose
898 4864 1151 4935 inspexit
1198 4879 1676 4935 unumquemque
1731 4865 2090 4934 captivorum

461 4975 595 5015 cum
629 4958 797 5028 cquis
828 4959 885 5010 et
915 4951 1148 5016 vestitu,
1181 4950 1349 5020 equis
1374 4950 1638 5018 strigosis
1694 4956 1749 5004 et
1805 4951 2091 5019 exsuccis,

462 5053 657 5101 tamen
686 5048 743 5100 in
766 5042 865 5099 illa
897 5039 1081 5095 macie
1112 5037 1258 5093 nihil
1289 5042 1497 5109 praeter
1517 5036 1723 5107 pellem
1780 5039 2090 5094 obductam

462 5134 697 5191 ossibus
728 5127 1085 5187 trahentium
1110 5125 1277 5197 signa
1299 5141 1413 5179 non
1445 5124 1693 5180 obscura
1715 5127 2094 5181 monstranti-

465 5226 576 5279 bus
610 5221 839 5295 pristini
861 5216 1099 5291 vigoris,
1131 5214 1346 5270 vestitu
1381 5215 1633 5270 obsoleto
1663 5216 1947 5283 etlacero,
1977 5234 2093 5272 non

464 5328 530 5367 eo
562 5311 826 5366 videlicet
854 5322 968 5380 quo
1000 5302 1164 5377 prius
1194 5301 1367 5357 domo
1397 5301 1569 5357 allato
1601 5302 1690 5357 usi
1725 5302 1970 5373 fuerant,
1993 5305 2094 5361 sed

465 5415 535 5455 ex
567 5402 706 5456 fortr-
740 5395 925 5455 obviis
956 5388 1320 5449 centunculis
1341 5390 1412 5444 ad
1448 5391 1836 5445 necessarium
1864 5396 2095 5465 tegmen

467 5489 848 5561 spoliatorem
881 5496 1188 5555 corporum
1219 5478 1479 5551 precario
1506 5478 1685 5536 ascito
1706 5485 1809 5536 aut
1835 5486 2098 5553 spectan-

469 5581 615 5635 tium
644 5571 1041 5635 micericordia
1068 5584 1344 5627 concesso
1378 5608 1394 5637 ,
1421 5568 1548 5640 hos,
1579 5567 1843 5641 inquam,
1879 5571 1937 5626 in
1965 5570 2095 5627 lon-

2199 4601 2342 4655 istos
2374 4606 2510 4655 tunc
2540 4600 2796 4673 captivos
2827 4606 3118 4658 ostentare
3149 4619 3249 4672 per
3280 4604 3479 4663 urbem
3530 4604 3826 4677 triumpho

2197 4689 2498 4745 traductos
2527 4688 2729 4755 voluit,
2755 4707 2868 4745 non
2901 4689 2998 4744 ille
3032 4690 3267 4763 quidem
3317 4693 3657 4763 jactationis
3710 4710 3829 4748 suae

2199 4792 2400 4847 causa,
2435 4779 2599 4849 quasi
2633 4777 2745 4834 sibi
2774 4777 3007 4834 laudem
3040 4778 3357 4850 glorianter
3387 4782 3686 4837 ascribens
3744 4782 3830 4838 vi-

2201 4866 2393 4920 ctoria)
2452 4865 2623 4921 istius
2684 4883 2871 4938 nuper
2927 4871 3120 4939 partae,
3171 4866 3229 4921 id
3288 4871 3443 4939 quod
3519 4868 3837 4927 insolenter

2202 4953 2333 5008 vani
2365 4954 2681 5026 pusillique
2711 4955 2888 5010 animi
2923 4960 3054 5009 nota
3088 4972 3201 5010 non
3224 4962 3461 5023 careret,
3487 4957 3585 5012 sed
3617 4974 3684 5014 eo
3706 4963 3836 5014 stu-

2201 5038 2295 5096 dio
2329 5046 2395 5096 ut
2426 5045 2483 5095 et
2512 5040 2626 5096 Deo
2658 5042 2781 5112 ipse
2810 5047 3004 5112 grates
3060 5041 3287 5098 debitas
3337 5044 3725 5115 proﬁteretur,
3777 5050 3835 5101 et

2201 5134 2441 5186 cunctos
2473 5130 2742 5186 invitaret
2764 5132 2834 5186 ad
2868 5129 3361 5188 divinumNumen
3383 5132 3457 5189 ob
3487 5134 3834 5205 praclarum

2203 5218 2373 5273 nobis
2404 5218 2697 5273 indultum
2759 5218 3106 5275 beneficium
3164 5220 3551 5277 laudandum.
3607 5225 3836 5295 Pompa

2202 5306 2385 5377 igitur
2413 5306 2543 5377 ipsa
2573 5307 2631 5362 in
2663 5306 2819 5364 hunc
2851 5308 3089 5363 modum
3123 5309 3423 5379 processit.
3457 5308 3661 5366 Stabat
3718 5312 3835 5367 im-

2204 5399 2439 5465 perator
2463 5395 2688 5453 excelso
2719 5395 2777 5451 in
2810 5395 2935 5453 loco
2967 5396 3162 5467 palatii
3188 5396 3640 5454 Blachernarum
3662 5400 3838 5470 juxta

2205 5498 2366 5539 mare
2396 5484 2456 5540 in
2506 5500 2777 5541 occasum
2835 5485 3098 5555 obverso,
3158 5490 3222 5539 ut
3276 5484 3448 5541 simul
3502 5488 3838 5559 spectaculo

2208 5572 2517 5642 frueretur,
2549 5572 2726 5631 simul
2756 5576 2913 5632 esset
2939 5571 3067 5646 ipse
3094 5570 3209 5630 late
3236 5573 3585 5646 conspicuus
3633 5575 3838 5634 multi-
