4122 6272
281 331 385 386 981

1351 338 1448 388 DE
1483 337 1855 390 MICHAELE
1893 332 2334 389 PALJEOLOGO
2368 331 2501 384 LIB.
2543 327 2638 382 VI.

3560 314 3670 368 982

278 452 531 527 παπύρου
585 454 620 522 ἢ
677 474 823 515 τινος
851 453 1024 509 ἄλλου
1052 455 1276 522 εἶκαίου,
1311 457 1384 518 ὡς
1413 457 1670 530 τρόπαιον
1703 457 1912 518 πάντως
1947 463 1998 528 Α
2027 455 2115 510 καὶ
2147 449 2453 513 ἀλαπαδνὸς
2486 450 2569 504 ἐπ’
2617 448 3043 517 εὐσωματοῦντι,
3091 436 3664 530 καὶγκαταπεπτωκὼς

280 547 376 596 υοῦ
429 543 565 595 κατὰ
594 547 728 618 σφᾶς
760 541 1116 615 πταίσματος.
1174 543 1385 618 Ὀχλος
1433 542 1490 598 δὲ
1537 546 1661 619 παρ’
1693 545 1915 617 ἑκάτερα

278 630 534 690 πλεῖστος
559 627 769 701 ἵστατο,
803 632 853 683 οἱ
888 631 983 702 μὲν
1012 631 1076 685 τὰ
1121 638 1221 700 τῆς
1268 634 1443 706 τύχης
1474 633 1910 704 ἐποικτιζόμενοι

275 718 367 772 καί
423 738 483 793 γε
514 717 790 779 ἐλεοῦντες
844 718 1059 780 εἰκαίως
1127 721 1423 795 ἀγομένους
1478 721 1601 783 τοὺς
1663 727 1914 796 μεγιστᾶ-

273 830 392 879 νας,
426 810 477 862 οἱ
509 806 566 862 δὲ
590 809 676 863 καὶ
727 808 1170 882 ἐπιμωκώμενοι,
1207 809 1503 873 δεικνύντες
1534 814 1644 867 οἷον
1679 813 1730 873 ἐς
1779 812 1910 866 ὁπό-

273 917 363 950 σον
424 898 573 973 φέρει
632 897 916 970 μετανοίας
946 901 979 967 ἡ
1015 900 1264 971 ἀπόνοια,
1378 903 1545 977 μικρᾶ
1606 903 1697 974 μὲν
1723 901 1910 966 σαίνει,

275 985 486 1058 μεγάλα
535 983 592 1039 δὲ
637 987 704 1040 τὰ
748 987 889 1040 κακὰ
917 986 1081 1064 φέρει.
1142 987 1344 1045 ’Ἄλλοι
1399 987 1455 1044 δὲ
1483 991 1570 1045 καὶ
1633 991 1910 1064 συρίττον-

267 1093 378 1140 τες,
413 1073 500 1126 οἵα
526 1077 621 1127 τοῦ
650 1073 921 1144 πλήθους,
953 1073 1270 1151 ἐχλεύαζον.
1304 1080 1491 1152 Τρυφὴ
1551 1075 1599 1132 δ’
1627 1079 1694 1147 ἦν
1726 1077 1907 1138 αὐτοῖς

268 1161 304 1228 ἡ
337 1164 444 1214 τῶν
490 1159 789 1234 ἀλωμένων
830 1165 1050 1236 πομπὴ,
1114 1164 1174 1219 οὗ
1225 1164 1392 1220 τόπον
1453 1167 1512 1220 ἐκ
1538 1167 1713 1221 τόπου
1749 1189 1906 1239 μετα-

276 1244 647 1320 λαμϐάνουσιν
720 1252 794 1312 ὡς
869 1250 1024 1321 δῆθεν
1089 1254 1535 1330 μεταφερομένων
1613 1255 1702 1309 καὶ
1755 1257 1907 1310 κενὸν

267 1343 414 1415 σφῶν
474 1338 732 1416 ἀφιέννων
760 1337 1066 1404 τοῦπισθεν·
1126 1341 1253 1397 ἀλλ’
1305 1345 1331 1397 ὁ
1395 1346 1488 1414 μὲν
1545 1341 1733 1418 ἤγετο,
1794 1347 1821 1398 ὁ
1862 1341 1909 1398 δ’

266 1425 523 1499 ἐπήγετο,
573 1429 661 1481 καὶ
690 1431 898 1503 τρυφὴν
927 1430 1116 1498 ἱκανὴν
1147 1432 1172 1484 ὁ
1221 1435 1437 1504 πρῶτος
1485 1437 1604 1492 τοῖς
1650 1431 1908 1507 φιλοθεά-

279 1535 404 1586 μοσι
437 1517 733 1591 παρασχὼν
764 1521 841 1587 τῷ
893 1517 1042 1590 μόνῳ
1089 1525 1316 1595 φανῆναι
1360 1521 1510 1574 ἀπὼν
1553 1520 1649 1574 οὐκ
1695 1521 1904 1589 ἐλύπει,

275 1603 462 1676 ὲτέρου
534 1601 893 1679 διαεχομένου
945 1606 1037 1660 τὸν
1090 1606 1258 1661 τόπον
1312 1608 1400 1662 καὶ
1458 1609 1554 1676 τὴν
1607 1610 1751 1679 τάξιν
1809 1616 1906 1664 τοῦ

268 1691 588 1765 τέρψαντος.
614 1691 844 1748 Μᾶλλον
880 1694 972 1765 μὲν
1029 1693 1120 1749 οὖν
1162 1697 1252 1749 καὶ
1283 1696 1364 1750 ἀεὶ
1414 1695 1531 1750 νὲον
1561 1696 1800 1760 ἐπιόντες
1829 1705 1906 1770 τῷ

265 1775 441 1842 ἄλλος
467 1779 557 1833 καὶ
589 1777 760 1842 ἄλλος
807 1781 1084 1854 φαίνεσθαι
1115 1784 1250 1837 κατὰ
1274 1785 1374 1852 τήν
1404 1783 1455 1838 ἐν
1482 1789 1560 1856 τῷ
1591 1784 1779 1859 κύκλῳ
1809 1809 1907 1842 κα-

260 1867 510 1938 τατομήν
566 1867 784 1942 ἔτερπον
832 1873 910 1940 τῷ
955 1875 1126 1942 καινῷ
1173 1869 1342 1926 πλέον
1395 1873 1523 1935 τοὺς
1581 1876 1902 1948 θεωμένους.

260 1956 363 2010 Ἤν
423 1951 470 2008 δ’
528 1955 630 2030 ἄρα
689 1957 762 2029 μὴ
828 1957 989 2030 μόνον
1046 1957 1202 2028 ἀοιδὴ
1262 1963 1497 2030 νεωτάτη
1531 1961 1758 2035 ἐπίηρος
1786 1970 1903 2027 τοῖς

259 2041 578 2112 ἀκούουσιν,
609 2041 754 2098 ἀλλά
808 2066 868 2119 γε
920 2045 1010 2100 καὶ
1060 2048 1152 2102 νέα
1211 2049 1303 2112 θέα
1333 2049 1560 2120 ποικίλη
1590 2057 1706 2114 τοῖς
1736 2053 1900 2128 ὁρῶσι

253 2131 458 2206 τρυφή.
512 2130 788 2194 Ἀντίπαις
834 2134 934 2208 γὰρ
986 2133 1071 2188 ἐπὶ
1118 2134 1240 2207 νὲῳ,
1293 2135 1382 2191 καὶ
1440 2138 1559 2200 νέος
1613 2138 1706 2194 ἐωὶ
1763 2162 1903 2217 παρ-

258 2213 516 2307 ηϐ-ηκότλι,
547 2219 636 2274 καί
661 2240 723 2294 γε
751 2222 955 2294 γυμνὸς
987 2221 1068 2277 ἐπ’
1107 2221 1466 2298 ἐνδεδυμένῳ,
1496 2227 1586 2281 καὶ
1618 2213 1902 2307 ἀκαλυφῆς

254 2303 343 2360 ἐπὶ
393 2305 704 2381 καλύπτραν
751 2307 989 2385 φέροντι,
1029 2309 1118 2365 καὶ
1148 2317 1428 2390 κατηφιῶν
1478 2313 1559 2368 ἐπ’
1611 2303 1897 2392 ἀγερώχῳ,

257 2521 450 2577 tudini
509 2524 924 2594 spectantium.
983 2528 1361 2587 Ducebantur
1407 2533 1683 2589 continua
1740 2533 1890 2590 serie

257 2611 469 2682 captivi
528 2611 852 2684 sigillatim,
887 2615 1092 2672 idoneo
1149 2618 1452 2676 intervallo
1492 2621 1742 2677 invicem
1771 2623 1890 2678 dis-

257 2699 426 2753 creti.
459 2698 621 2770 Equo
653 2700 903 2772 quisque
950 2706 1182 2777 proprio
1204 2709 1471 2779 vehebat,
1505 2727 1619 2765 non
1641 2710 1890 2767 libratus

257 2786 319 2840 in
353 2787 524 2841 dorso
553 2789 822 2845 cruribus
857 2791 992 2847 hinc
1031 2794 1165 2850 inde
1206 2798 1614 2867 pendentibus,
1649 2800 1748 2854 sed
1799 2817 1890 2855 se-

261 2873 408 2926 dens
440 2875 610 2942 pedes
636 2879 915 2948 compede
943 2881 1166 2938 vinctos
1199 2883 1256 2938 in
1290 2884 1538 2941 alterum
1565 2887 1699 2958 equi
1737 2886 1891 2942 latus

266 2960 861 3021 demittebat.lnditus
891 2973 1014 3024 erat
1047 2973 1246 3027 manui
1277 2975 1564 3044 cujusque
1595 2978 1803 3029 contus
1825 2990 1894 3030 ex

261 3064 480 3119 papyro
512 3055 611 3106 aut
640 3051 738 3107 vili
769 3052 883 3108 alia
912 3058 1892 3132 materia,insignevidelicetoffen-

2020 549 2099 615 τῷ
2157 544 2311 606 πάθει
2342 538 2429 595 ἐπὶ
2457 543 2535 609 τῷ
2566 534 2863 611 λογισμοὺς
2902 531 3096 605 ὀρθοὺς
3146 529 3360 605 φέροντι
3411 525 3662 581 ἐποίκιλ-

2023 632 2118 688 λον
2173 633 2266 695 τάς
2295 637 2392 698 τῆς
2423 627 2566 694 θέας,
2596 625 2685 679 καὶ
2727 619 3043 697 ὀφθαλμοὺς
3078 617 3284 672 εἱστίων
3317 620 3422 669 τῶν
3456 635 3659 686 συμμι-

2021 727 2131 795 γῶν
2159 720 2355 793 ὄψεων,
2385 715 2518 771 Οὐδὲ
2545 716 2644 791 γὰρ
2675 714 2728 776 ἐς
2769 711 2952 786 ὀλίγον
2999 711 3034 776 ἡ
3082 705 3430 782 σχοινοτενὴς
3479 701 3652 770 ἐκείνη

2019 792 2169 882 σειρά
2209 792 2327 864 τῶν
2361 804 2591 877 ἀνδρῶν,
2622 802 2745 857 ἀλλ’
2777 802 2830 862 ἐς
2862 799 2943 855 δτι
2973 796 3235 852 πλεῖστοο
3268 797 3490 868 συχναῖς
3540 792 3658 845 ἕκα-

2017 881 2232 954 τοστύσι
2293 895 2602 963 διείληπτο.
2651 895 2918 950 "Exacto:
2966 885 3011 941 δ’
3043 885 3232 940 ῗόντων
3291 883 3377 936 ἐπὶ
3407 882 3470 935 τὸ
3526 881 3651 951 παρ’

2020 987 2240 1062 ἑκάτερα
2283 982 2379 1038 τοῦ
2444 981 2711 1057 βασιλέως
2769 976 3055 1051 γινόμενος
3113 971 3204 1026 καὶ
3263 969 3402 1025 ἄκων
3453 967 3651 1035 ἐδίδου,

2017 1057 2233 1130 κύπτων
2267 1074 2318 1142 ἐξ
2376 1066 2706 1149 ἐφεστρίδος⁹
2761 1070 2839 1136 τῷ
2871 1062 3086 1138 βασιλεῖ
3134 1061 3232 1127 τὴν
3262 1057 3650 1134 προσκύνησιν,

2023 1163 2315 1238 μορφάζων
2371 1162 2434 1216 τὸ
2487 1157 2736 1214 ταπεινὸν
2794 1155 2884 1208 καὶ
2935 1154 2996 1206 τὸ
3051 1157 3152 1219 τῆς
3203 1152 3389 1222 ψυχῆς
3417 1144 3653 1200 υἷδαῖνον

2024 1231 2511 1323 μετασχηματίζων
2546 1245 2620 1305 εἷς
2648 1240 2970 1314 ἱλαρότητα.
3030 1237 3188 1293 Οὕτω
3225 1235 3320 1306 μὲν
3355 1231 3444 1287 οὖν
3475 1233 3654 1287 εἰσελ-

2018 1343 2198 1406 θόντες
2256 1344 2355 1411 τήν
2410 1342 2594 1407 πόλιν,
2652 1337 2741 1391 καὶ
2801 1333 2888 1389 διὰ
2949 1333 3117 1404 μὲσής
3145 1327 3346 1397 ταύτης
3393 1327 3440 1398 ἐξ
3475 1323 3651 1398 ἄκρων

2018 1435 2092 1495 εἷς
2149 1432 2313 1509 ἄκρας
2372 1437 2491 1492 τοῖς
2529 1429 2662 1483 κατὰ
2693 1431 2828 1500 σφ’άς
2888 1425 3129 1493 ἀνιαροῖς
3187 1415 3649 1490 ἐμπομπεύοντες,

2012 1527 2080 1595 τῇ
2110 1507 2540 1590 τῆςνΖευξίππου
2586 1515 2822 1570 δίδονται
2869 1509 3085 1588 φυλακῇ
3117 1510 3204 1579 (*),
3251 1509 3370 1566 τοῖς
3417 1507 3646 1595 τυχοῦσι

2019 1587 2111 1683 μέν
2145 1587 2601 1683 γλεύηξέλεεινοὶ
2633 1602 2691 1656 δὲ
2734 1606 2852 1662 τοῖς
2882 1587 3294 1669 ἐπιεικεστέροις
3341 1587 3646 1667 γινόμενοι.

2010 1697 2192 1754 Ἀλλά
2216 1699 2380 1752 ταῦτα
2413 1696 2506 1769 μὲν
2541 1693 2886 1770 ἐπράχθησαν
2915 1685 3063 1762 τῇδε.

1937 1820 1982 1883 Β
2013 1847 2114 1906 λδ’.
2147 1848 2226 1905 Τὰ
2276 1846 2412 1902 κατὰ
2455 1846 2546 1901 τὸν
2596 1844 2839 1920 ἄρχοντα
2883 1845 2988 1920 τῖον
3026 1838 3212 1920 Λάζοὲν
3245 1836 3521 1902 Ἰωάννην,
3553 1831 3644 1886 καὶ

2646 1917 2656 1935 ρ

2262 1918 2411 1980 ὅπως
2440 1917 2602 1972 αὐτὸν
2634 1904 2902 1990 ’ὁὟκρατῶν
2946 1904 3397 1985 ἐπεγάμϐρευσεν.

2085 2058 2163 2128 [Ρ.
2352 2053 2580 2110 Βασιλεῖ
2610 2049 2666 2106 δὲ
2695 2050 2756 2105 οὐ
2809 2048 2970 2122 μόνον
2997 2050 3103 2101 τῶν
3134 2043 3295 2098 αὐτοῦ
3357 2045 3522 2113 μετῆν
3572 2037 3647 2098 εἷς

2007 2143 2212 2216 κόσμον
2266 2148 2397 2221 σφᾶς
2427 2139 2570 2218 ἄγειν
2626 2141 2694 2194 τὰ
2744 2139 3037 2212 πρέποντα,
3095 2131 3240 2188 ἀλλὰ
3265 2129 3355 2185 καὶ
3385 2128 3510 2191 τοὺς
3544 2148 3650 2200 μη-

2010 2229 2096 2288 δὲν
2128 2216 2503 2308 προσήκοντας
2549 2228 2684 2284 κατά
2711 2247 2830 2282 τινα
2872 2221 3180 2280 δεσποτείαν
3239 2216 3648 2308 ὑπερηρμὲνους

2007 2322 2074 2376 τὰ
2108 2303 2274 2397 μέτρα
2296 2319 2606 2375 συστέλλειν
2640 2313 2726 2371 διὰ
2779 2309 3021 2380 σπουδῆς
3075 2313 3163 2379 ἦν.
3213 2305 3314 2362 Καὶ
3367 2304 3493 2366 τοὺς
3554 2303 3648 2377 μὲν

2002 2537 2479 2609 Distinguebatur
2508 2541 2702 2593 autem
2747 2552 2958 2609 pompa
3016 2532 3202 2588 multa
3253 2525 3553 2587 varietate,
3585 2524 3644 2576 et

2000 2627 2130 2698 ipsa
2187 2626 2507 2683 delectante
2540 2667 2554 2692 ,
2613 2627 2751 2680 dum
2808 2617 3242 2680 adolescentulo
3290 2612 3643 2671 succedebat

1992 2717 2250 2787 juvenis,
2283 2715 2840 2772 intermiscebantur
2881 2713 3126 2783 juvenes
3156 2707 3297 2762 viris
3332 2726 3346 2773 ;
3414 2717 3643 2772 semper

2002 2806 2464 2877 inexspectatum
2535 2803 2754 2875 aliquid
2821 2802 2975 2857 vices
3030 2798 3203 2855 varias
3263 2790 3643 2850 multiformis

2004 2893 2317 2964 spectaculi
2372 2892 2707 2958 offerebant,
2763 2892 2904 2946 dum
2933 2888 3126 2943 nudus
3186 2887 3316 2956 post
3360 2879 3640 2936 vestitum

2001 2983 2368 3049 trahebatur,
2400 2981 2749 3037 succedebat
2779 2979 3033 3051 pileatus
3083 2975 3298 3029 intecto
3346 2968 3642 3036 verticem,

2005 3071 2265 3141 dejectus
2297 3069 2526 3126 vultum
2551 3067 2814 3124 ferociter
2834 3061 3393 3129 contumaci,macer
3414 3055 3642 3128 pingui,

259 3136 446 3193 sionis
504 3138 640 3194 belli
671 3157 786 3211 qua
845 3147 1096 3201 erantin
1145 3148 1319 3204 istam
1371 3151 1588 3206 redacti
1648 3156 1885 3207 sortem.
1919 3177 1963 3244 ο
2004 3136 2298 3214 fortunam
2341 3159 2560 3228 abjecte
2607 3157 2797 3212 ferens
2851 3153 3144 3208 excelsum
3196 3147 3460 3203 animum
3519 3143 3637 3198 oris

249 3225 448 3280 Turba
479 3229 926 3300 constipabatur
956 3234 1232 3307 utrinque
1258 3239 1459 3307 densa,
1495 3241 1885 3310 quorumdam

251 3313 661 3370 miserantium
705 3319 950 3376 fortunae
1008 3339 1179 3380 casus
1238 3326 1503 3395 infestos,
1563 3328 1885 3399 praesertim

253 3401 356 3456 ubi
387 3402 447 3456 in
472 3403 769 3476 principes
797 3425 860 3462 ac
893 3410 1201 3481 primarios
1251 3415 1406 3470 viros
1439 3417 1541 3471 tali
1593 3418 1887 3472 traductos

250 3490 556 3560 ignomina
581 3491 960 3554 incurrebant
989 3501 1140 3556 oculi
1171 3504 1323 3559 518
1380 3504 1626 3561 aliorum
1685 3508 1888 3561 contra

248 3577 619 3635 irridentiurn
649 3582 1182 3660 insultantiumque
1206 3592 1358 3646 ultro
1377 3593 1884 3664 increpando,me-

248 3666 431 3723 ritum
461 3684 561 3724 eos
594 3671 742 3727 ferre
771 3676 1018 3731 vesaniae
1051 3695 1171 3733 suae
1195 3681 1669 3747 fructum,seram
1702 3682 1882 3753 pceni-

243 3757 654 3829 tentiam,quae
679 3762 872 3831 proles
903 3781 1030 3821 esse
1053 3765 1199 3822 solet
1226 3768 1565 3825 inconsulta
1587 3771 1882 3837 amentiae,

249 3845 549 3902 modicum
583 3849 822 3920 quidem
855 3852 1026 3910 initio
1057 3872 1202 3927 quos
1226 3858 1440 3930 abripit
1471 3859 1878 3924 mulcentis,ad

243 3937 570 3991 extremum
655 3940 997 4008 gravissimo
1030 3945 1366 4003 multantis.
1427 3950 1603 4004 Erant
1659 3966 1689 4004 e
1747 3950 1883 4005 faece

241 4022 565 4091 praesertim.
616 4025 804 4097 plebis
835 4031 937 4101 qui
989 4033 1164 4088 etiam
1199 4035 1444 4092 miseros
1476 4037 1877 4093 exsibilarent.

239 4109 503 4198 Durabat
534 4119 729 4171 autem
754 4119 943 4176 dulcis
967 4126 1283 4194 spectaculi
1314 4128 1580 4198 voluptas
1606 4145 1721 4182 uno
1746 4127 1880 4182 licet

241 4198 302 4252 in
332 4197 456 4255 loco
488 4200 866 4272 haerentibus,
901 4225 1003 4264 nec
1057 4227 1205 4283 opus
1260 4197 1555 4270 habebant
1610 4215 1722 4270 alio
1768 4216 1877 4270 mi-

238 4301 433 4357 grare,
465 4293 530 4343 ut
557 4292 702 4360 viso,
727 4297 881 4364 quod
911 4297 1226 4368 placuerat,
1289 4307 1671 4373 praetereunte
1729 4306 1880 4360 frue-

239 4379 825 4464 rentur.Succedebat
853 4385 1004 4441 enim
1033 4389 1267 4444 assidue
1301 4393 1580 4461 praeeunti
1628 4410 1876 4464 sequens

239 4463 366 4534 pari
400 4481 504 4520 suo
535 4467 816 4527 dedecore
845 4471 1167 4532 ludibrium
1213 4479 1513 4551 exhibens,
1574 4486 1631 4537 et
1679 4463 1877 4539 oculos

236 4551 472 4642 abunde
503 4571 774 4628 pascens,
825 4577 895 4616 ne
954 4565 1393 4638 praeterlapsum
1428 4571 1592 4642 sequi
1626 4576 1728 4627 aut
1787 4589 1876 4628 re-

238 4639 473 4710 quirere
502 4655 790 4702 curarent.
825 4649 971 4712 Quin
1021 4655 1218 4723 potius
1275 4639 1572 4714 crescebat
1628 4660 1874 4717 dulcedo

234 4731 562 4820 spectandi,
575 4740 953 4803 prmvertente
966 4742 1294 4799 satietatem
1314 4747 1602 4802 continuae
1618 4750 1872 4820 quadam

232 4814 395 4909 velut
424 4821 746 4879 mutatione
778 4841 986 4894 scenae,
1013 4831 1214 4887 sannis
1247 4835 1566 4904 praesertim
1598 4814 1873 4909 gregariis

235 4902 636 4996 multitudinis
657 4914 714 4966 et
738 4914 1053 4983 petulantia
1081 4902 1270 4976 aetatis
1291 4902 1873 4996 materiam‘praa’ben-

233 4998 288 5047 te
322 4993 567 5051 ridicula
596 5001 838 5057 tonsura
871 5005 1016 5060 foede
1046 5024 1312 5064 rasorum
1365 5012 1503 5068 orbe
1533 4993 1653 5069 toto
1712 5016 1874 5087 capi-

230 5084 386 5170 tum,
421 5084 696 5143 novitatis
738 5093 891 5161 apud
923 5094 1135 5167 vulgus
1187 5099 1378 5168 specie
1421 5103 1708 5170 jucunda.
1749 5084 1871 5168 Qua

228 5166 388 5222 sicut
416 5171 751 5239 gaudebant
781 5178 955 5249 oculi,
982 5166 1066 5236 sic
1100 5186 1156 5238 et
1183 5166 1353 5241 aures
1385 5166 1872 5245 demulcebantur

224 5255 492 5348 confusis
522 5259 890 5348 improperiis
920 5267 974 5322 in
1026 5269 1409 5342 hostesjactis
1440 5276 1615 5346 digna
1643 5278 1872 5348 patien-

225 5347 346 5437 tes;
378 5361 508 5437 quae
535 5347 725 5406 instar
758 5351 1052 5413 habebant
1078 5376 1234 5416 novas
1266 5362 1589 5430 cantilenae,
1638 5365 1868 5437 placere

227 5430 560 5504 plurimum
596 5437 682 5509 (ut
710 5445 877 5500 vetus
907 5443 1078 5502 habet
1123 5449 1388 5523 verbum)
1420 5430 1866 5524 populo-solitae.

301 5611 368 5681 (ίξ
401 5610 486 5666 Cf.
523 5611 881 5676 Glossarium
917 5621 1264 5693 νΖςυξεππου
1297 5622 1534 5699 φυλακή.

1997 3247 2326 3303 constantia
2385 3244 2755 3312 monstranti;
2808 3259 2937 3314 quae
2984 3239 3146 3296 velut
3201 3239 3367 3292 erant
3419 3231 3637 3288 fercula

1995 3335 2176 3401 varia,
2208 3341 2266 3391 et
2294 3336 2403 3390 hoc
2436 3335 2563 3407 ipso
2593 3333 2956 3406 gratissima,
3007 3325 3279 3399 exquisiti
3329 3321 3628 3379 oculorum

1996 3424 2174 3494 epuli,
2199 3429 2357 3479 tanto
2388 3423 2656 3494 producti
2683 3420 2872 3493 spatio
2901 3416 3184 3489 temporis
3216 3429 3318 3485 per
3345 3415 3623 3481 quantum

1997 3511 2104 3568 loci
2135 3513 2285 3568 519
2318 3506 3137 3582 protendebaturlongissima
3167 3498 3624 3565 catena,vinctas

1994 3601 2291 3657 innectens
2319 3600 2638 3655 intervallis
2669 3599 2821 3653 inter
2849 3585 3622 3666 singulosjustis,plurimas

1993 3689 2301 3746 hominum
2334 3687 2647 3744 centurias.
2695 3687 2872 3741 Porro
2925 3680 3139 3754 singuli
3170 3683 3236 3735 ut
3291 3677 3360 3731 ad
3427 3675 3620 3729 locum

1990 3782 2290 3844 venerant,
2333 3779 2488 3833 unde
2547 3789 2799 3845 superne
2849 3769 3224 3842 despectabat
3278 3765 3621 3834 imperator,

1989 3867 2251 3923 venerari
2283 3883 2418 3922 eum
2447 3864 2532 3920 vel
2565 3861 2730 3917 inviti
2783 3859 3074 3931 profunda
3098 3873 3167 3912 ex
3195 3852 3363 3924 equis
3412 3849 3622 3919 capitis

1991 3955 2346 4010 demissione
2377 3953 2750 4023 cogebantur,
2779 3949 2836 4002 id
2871 3952 3062 4001 tamen
3095 3961 3156 3999 se
3210 3941 3508 4012 plerisque
3553 3935 3621 3989 li-

1991 4042 2194 4098 benter
2224 4042 2411 4097 facere
2432 4040 2683 4110 quadam
2722 4033 3017 4091 modestia:
3044 4027 3404 4086 affectatione
3426 4025 3579 4080 simu
3598 4052 3619 4064 -

1988 4131 2268 4198 lantibus,
2303 4129 2446 4201 quin
2479 4128 2651 4185 etiam
2685 4142 2800 4197 quo
2849 4121 3083 4196 penitus
3127 4113 3618 4173 contabescebant

1989 4219 2170 4275 animi
2203 4235 2504 4275 mmrorem
2547 4215 2862 4272 renidentis
2898 4211 3014 4268 oris
3044 4205 3297 4264 ascititia
3325 4201 3618 4258 hilaritate

1991 4307 2344 4365 fucantibus.
2369 4307 2463 4363 Sic
2492 4305 2740 4378 ingressi
2774 4302 3091 4363 civitatem,
3137 4299 3194 4350 et
3226 4294 3274 4349 si
3332 4308 3435 4362 per
3486 4305 3613 4345 eam

1989 4403 2271 4470 quantum
2307 4400 2462 4469 patet
2491 4395 2820 4451 universam
2881 4390 3160 4462 probrosa
3185 4384 3278 4440 sui
3318 4381 3618 4438 dedecoris

1988 4487 2240 4544 traducti
2299 4503 2531 4559 pompa,
2577 4485 2635 4540 in
2693 4496 2979 4538 carcerem
3039 4473 3313 4546 Zeuxippi
3369 4471 3616 4541 conjecli

1989 4581 2150 4640 sunt,
2179 4575 2532 4647 vulgarium,
2565 4577 2631 4628 ut
2660 4571 2800 4635 dixi,
2832 4568 3139 4624 hominum
3199 4560 3616 4632 intemperanti

1984 4665 2238 4721 ludibrio
2267 4663 2441 4732 irrisi,
2475 4659 2798 4733 elegantius
2828 4656 3115 4713 institutis
3145 4658 3203 4708 et
3233 4667 3335 4724 per
3371 4650 3482 4705 hoc
3502 4648 3616 4703 hu-

1985 4753 2347 4809 manioribus
2381 4748 2708 4806 infelicitati
2743 4743 3191 4803 condolentibus
3223 4739 3616 4812 ipsorum.At-

1983 4857 2095 4912 que
2123 4842 2244 4896 hac
2271 4841 2505 4912 quidem
2540 4842 2668 4893 acta
2696 4839 2751 4892 in
2785 4837 2940 4891 hunc
2972 4833 3209 4888 modum
3243 4832 3400 4885 sunt.

2017 4948 2104 5003 34.
2150 4953 2224 5003 De
2241 4950 2507 5004 Lazarum
2528 4945 2770 5015 principe
2798 4943 3091 5015 Joan_ne,u_t
3119 4954 3243 4994 eum
3285 4938 3582 5005 imperator

2477 5012 2588 5074 sibi
2607 5012 2871 5085 generum
2892 5012 3117 5089 fecerit.

2053 5110 2332 5161 Caeterum
2365 5103 2702 5176 imperatori
2738 5119 2848 5157 non
2910 5099 3103 5155 solum
3157 5112 3308 5152 curae
3365 5097 3508 5158 erat,
3551 5097 3615 5147 ut

1983 5195 2244 5264 quicum
2291 5211 2356 5250 eo
2387 5198 2443 5249 et
2499 5193 2608 5248 sub
2641 5207 2705 5247 eo
2746 5189 3038 5251 vivebant,
3071 5187 3226 5240 intra
3282 5183 3428 5236 ﬁnes
3487 5198 3614 5236 sese

1981 5284 2346 5339 continerent
2377 5280 2634 5336 decentis
2689 5274 3105 5333 moderationis
3137 5293 3150 5340 ;
3179 5271 3277 5326 sed
3325 5273 3383 5323 et
3439 5268 3611 5323 istam

1981 5372 2328 5427 extendebat
2355 5367 2778 5442 providentiam
2812 5366 2881 5420 ad
2916 5363 3137 5419 alienos
3160 5357 3410 5430 quadam
3433 5356 3612 5410 inter-

1980 5459 2122 5514 dum
2151 5457 2607 5514 intumescentes
2634 5453 2844 5510 fiducia
2874 5447 3166 5524 potentiae,
3192 5460 3444 5516 quorum
3474 5444 3611 5499 etre-
