4146 6288
425 362 530 416 987

1723 358 2024 412 GEORGII
2062 354 2520 408 PACHYMER/E

3694 334 3806 388 988

421 485 511 539 καὶ
577 485 643 538 τὰ
706 490 804 552 τῆς
889 482 1202 545 δεσποτείας
1288 483 1492 536 ἐκεῖνον
1572 474 2416 556 ἀμφιϐαλλόμενοςΑ-ἦρεμεῖν,
2465 470 2610 526 ἀλλὰ
2673 470 2761 524 καὶ
2821 465 2972 530 αὖθις
3027 461 3260 526 σπονδὰς
3316 460 3519 521 ἐκείνας
3577 459 3810 532 συγχέας

423 568 695 644 σύμϐολα,
728 574 843 644 ἅμα
871 574 949 644 τῷ
989 570 1156 627 παῖδα
1202 572 1471 645 γενέσθαι,
1498 572 1806 643 περιφανῶς
1853 567 2062 628 ἐσαῦθις

424 660 751 730 κλεῒζεσοαι.
785 662 858 718 Τὸ
902 659 947 715 δ’
997 660 1078 716 ἐπ’
1127 661 1374 736 έρυθροῖς
1429 653 1859 731 μεταλαμϐάνειν
1909 655 1974 708 τὰ
2006 654 2062 708 ἐκ

427 749 708 826 πορφύρας
738 748 935 824 δίχροα
971 752 1044 822 μή
1104 749 1192 804 καὶ
1251 748 1396 809 ὅλως
1451 747 1686 818 ἀπρεπὲς
1731 745 1788 817 ᾖ,
1820 745 1954 813 πρὸς
1985 746 2061 812 τῷ

429 837 520 892 καὶ
554 837 740 900 ἄλλως
774 835 1032 913 δυσχερὲς
1079 844 1307 914 φανῆναι
1338 841 1416 906 τῷ
1477 833 1708 906 βασιλεῖ.
1765 835 1940 885 Ταῦτα
1971 829 2063 884 λέ-

426 925 605 995 ξαντές
633 947 691 980 τε
728 927 816 981 καὶ
864 926 1156 1000 πράξαντες
1217 929 1279 997 τῇ
1335 923 1492 978 πόλει
1553 921 1940 994 προσίσχουσι,
1970 916 2060 971 καὶ

423 1013 560 1068 κατὰ
614 1014 703 1067 τὸν
765 1013 962 1086 λιμένα
1016 1013 1078 1067 τὸ
1133 1015 1300 1087 Κέρας
1372 1006 1669 1070 ἀποϐάντες
1725 1009 1856 1078 νηὸς
1911 1007 2058 1075 ξενα-

422 1102 1004 1177 γοῦνταιπολυτελῶχ
1034 1101 1084 1156 ἕν
1132 1123 1239 1155 τισι
1288 1105 1404 1161 τοῖς
1460 1100 1596 1154 κατά
1641 1099 1739 1165 τὴν
1795 1094 1957 1150 πόλιν
1985 1094 2061 1146 οἱ·

423 1191 652 1262 κήμασι.
711 1190 814 1247 Καί
861 1192 908 1264 γ’
941 1191 1280 1268 ἐφ’ἡμέράις
1335 1191 1423 1243 τὸν
1481 1187 1585 1242 ἀπὸ
1640 1193 1741 1254 τῆς
1788 1182 2059 1250 Θαλάσσης

427 1279 923 1352 ἀποσκευασάμενοι
981 1275 1229 1352 θόρυϐον,
1290 1276 1510 1337 ἐντολὰς
1569 1272 1846 1345 δεξάμενοι
1907 1272 2060 1340 βασι-

427 1366 585 1432 λὲως,
617 1368 753 1438 πρὸς
779 1368 839 1421 τὸ
893 1364 1165 1422 Λοπάδιον
1199 1365 1457 1440 γίνονται.
1491 1365 1590 1419 Καὶ
1646 1359 1711 1429 δὴ
1761 1361 1828 1414 τά
1882 1357 2062 1412 εἶ’κότα

428 1454 938 1532 φιλοφρονηθέντες,
991 1457 1081 1527 ἅμ’
1130 1455 1276 1526 αὐτῷ
1332 1455 1544 1528 βασιλεῖ
1592 1450 1717 1521 πλῷ
1776 1449 2065 1521 χρησάμε-

429 1565 534 1609 νοι,
573 1545 670 1612 τὴν
721 1543 882 1598 πόλιν
941 1539 1484 1617 καταλαμϐάνουσιν.¹
1526 1541 1784 1611 ’Ἡπειγον
1837 1537 1936 1609 γάρ
1968 1533 2064 1587 αὐ-

426 1632 518 1686 τὸν
549 1636 708 1686 τοῦτο
744 1633 838 1704 μὲν
900 1633 950 1686 οἳ
979 1632 1144 1705 γάμοι
1202 1638 1300 1698 τῆς
1357 1627 1642 1702 θυγατρὸς,
1673 1629 1832 1680 τοῦτο
1891 1619 1946 1675 δὲ
1973 1619 2063 1674 καὶ

431 1720 490 1774 ἐκ
538 1717 739 1781 δόσεως
788 1722 1033 1794 Τόχαροι
1083 1719 1424 1793 ἀγγελθέντες
1482 1714 1813 1790 ἐξέρχεσθαι,
1843 1710 1935 1771 οὕς
1965 1710 2064 1763 αὐ-

392 1809 520 1869 .⁴τὸς
553 1807 829 1882 βασιλεὺς,
862 1811 1042 1883 Νογᾶν
1091 1807 1320 1877 ἀξιώσας
1377 1804 1511 1860 κατά
1563 1805 1659 1856 τοῦ
1708 1795 2063 1873 σεϐαστοκρά-
2096 1832 2142 1896 Β

428 1915 589 1970 τορος
649 1897 895 1951 Ἰωάννου
930 1939 944 1966 ,
1014 1895 1218 1950 ἐκείνου
1265 1895 1580 1965 πέμψαντος
1638 1886 1933 1961 ἐξεδέχετο.
1993 1887 2069 1954 τῷ

431 1984 568 2047 τέως
597 1989 724 2058 γοῦν
759 1984 931 2056 μηνὸς
977 1984 1334 2057 Γαμηλιῶνος
1384 1979 1651 2054 λήγοντος
1699 1974 1915 2034 ἐπιστὰς
1942 1971 2068 2033 τοὺς

434 2073 650 2145 γάμους
691 2071 860 2127 ἐτέλει
889 2076 956 2146 τῇ
1017 2069 1256 2147 θυγατρί.
1310 2068 1479 2127 ’Ὀλον
1534 2065 1580 2121 δ’
1610 2058 2071 2140 Ἐλαφηϐολιῶνα

437 2157 707 2236 διαγαγὼν
765 2159 985 2236 ἐξήρτυε
1034 2158 1285 2233 δυνάμεις
1335 2157 1424 2213 καὶ
1481 2153 1618 2230 πρὸς
1681 2151 1862 2223 ἔξοδον
1915 2151 2069 2218 ἡτοι-

436 2249 655 2320 μάζετο.

434 2353 528 2410 λε“.
613 2355 811 2429 ’Ὀπως-
871 2354 898 2408 ὁ
979 2349 1232 2429 βασιλεὺς
1311 2347 1702 2429 μετεκαλέσατο
1776 2343 2067 2418 Τοχάρους

681 2427 818 2480 κατά
861 2429 958 2480 τοῦ
980 2418 989 2429 ’
1009 2418 1510 2498 σεϐαστοκράτορος
1559 2418 1820 2486 Ἰαάννου,

512 2515 594 2585 [Ρ.
627 2515 752 2586 356]
785 2516 879 2586 Τῷ
933 2514 1036 2587 γὰρ
1071 2507 1521 2587 σεϐαστοκράτορι
1578 2507 1795 2579 Ἰωάννῃ
1853 2501 1950 2556 οὐκ
2005 2499 2072 2568 ἧν

436 2746 597 2785 mum
648 2729 1038 2800 deposuisset.
1095 2725 1437 2800 Imperatori
1495 2722 1711 2794 quippe
1759 2719 2059 2774 decretum

433 2833 558 2872 esse
585 2817 891 2885 Joannem,
916 2816 1114 2872 statim
1150 2820 1322 2886 atque
1353 2813 1410 2868 id
1441 2806 1934 2867 necessitudinem
1960 2802 2061 2856 ﬁlii

433 2907 705 2963 admotus
734 2907 784 2961 is
815 2906 923 2961 sibi
959 2907 1103 2961 foret
1135 2906 1428 2975 desponsa
1457 2901 1568 2972 ipsi
1629 2895 1862 2968 propria
1920 2892 2060 2959 lilia,

437 2994 745 3064 magniﬁce
777 3011 982 3048 ornare
1012 2993 1085 3048 iis
1110 2991 1390 3062 symbolis
1422 3002 1706 3058 supremae
1739 2981 2058 3054 dignitatis:

437 3097 564 3152 que
598 3082 859 3152 despotis
888 3083 945 3136 in
981 3081 1115 3136 aula
1146 3077 1514 3151 imperatoris
1545 3071 1724 3127 tribui
1763 3069 2052 3125 solebant.

441 3169 761 3224 Doliturum
796 3174 988 3225 autem
1022 3167 1156 3238 ipsi,
1178 3167 1514 3221 siJoannem
1537 3162 1756 3216 videret
1781 3175 1847 3213 ea
1877 3175 1978 3228 per
2002 3171 2063 3212 se

2169 546 2438 637 ἐπεχείρει
2487 565 2604 621 τοῖς
2651 559 2725 630 μὴ
2777 557 3163 633 προσήκουσιν.
3222 548 3450 637 ’Ἄλλως
3482 546 3527 602 δ’
3558 547 3803 619 ἐπισχεῖν

2169 651 2328 706 αὐτὸν
2360 654 2468 702 τῶν
2527 632 2914 723 βουλευμάτων
2977 640 3228 718 βασιλεὺς
3285 639 3386 692 οὐκ
3416 632 3559 710 ἔχων
3591 635 3674 708 (τὸ
3699 634 3804 708 γὰρ

2169 737 2507 813 θερμουργὸν
2566 734 2768 790 ἐκείνου
2823 732 2912 788 καὶ
2965 728 3186 795 αὔθαδες
3237 728 3402 802 μέχρι
3445 725 3533 779 καὶ
3581 721 3634 782 ἐς
3668 722 3803 775 ἀπο-

2167 827 2388 899 κήρυξιν
2430 823 2631 878 ἐκεῖνον
2679 824 2751 882 ὡς
2795 820 3104 888 ἀποστάτην
3153 815 3356 883 ﬁdem»
3407 812 3455 866 εἴ
3489 813 3560 883 μή
3611 831 3673 882 γε
3699 811 3807 864 To-

2168 912 2372 988 χάρους
2412 910 2693 986 ἐπαγαγὼν
2755 914 2922 963 πᾶσαν
2988 908 3078 980 μὲν
3136 907 3234 973 τὴν
3293 902 3499 957 ἐκείνου
3558 896 3804 968 λη’ίσεται

2169 1001 2326 1055 αὐτὸν
2370 998 2414 1054 δ’
2467 998 2518 1054 ἐν
2581 1002 2747 1069 στενῷ
2811 997 3136 1064 καταστήσει
3211 988 3542 1067 πραγμάτων
3601 1006 3660 1040 τε
3715 982 3806 1038 καὶ

2169 1086 2432 1157 ἐλπίδων,
2493 1087 2542 1143 εἴ
2595 1087 2726 1148 τέως
2786 1083 3059 1157 διαδράσει
3115 1083 3204 1136 τὸν
3266 1076 3510 1134 κίνδυνον
3567 1074 3714 1129 ταῦτ’
3743 1072 3810 1127 ἐπ

2168 1177 2290 1232 νοῦν
2355 1177 2593 1252 στρέφων
2650 1175 2932 1250 Τοχάρους
2996 1171 3225 1244 ἐπῆγεν.
3287 1162 3552 1238 Εὕκαιρον
3614 1159 3659 1215 δ’
3715 1159 3808 1233 εἶχ

2168 1263 2257 1318 καὶ
2322 1264 2412 1318 τὸν
2489 1262 2759 1339 ἐφεστῶτα
2835 1264 3105 1335 χειμῶνα·
3197 1258 3475 1330 χειμῶνος
3540 1250 3638 1324 γὰρ
3715 1247 3805 1301 καὶ

2171 1352 2395 1421 σύνηθες
2449 1350 2670 1412 ἐκείνοις
2731 1347 3054 1422 στρατεύειν
3105 1345 3162 1399 ’ὸν
3213 1341 3302 1398 καὶ
3372 1330 3804 1411 προκαταλαϐεῖν

2170 1439 2446 1514 ἠπείγετο,
2480 1440 2554 1499 ὡς
2613 1437 2712 1508 ἔξω
2769 1436 2985 1496 πόλεως
3033 1428 3328 1505 συμϐαλεῖν
3382 1426 3676 1502 Τοχάροις.
3706 1424 3802 1478 Ἠν

2173 1525 2229 1582 δὲ
2389 1529 2450 1581 τὸ
2480 1526 2857 1598 μελετώμενον
2891 1521 3118 1596 μέλημα
3153 1521 3246 1592 μὲν
3276 1515 3461 1577 ἄλλως
3509 1512 3806 1586 στρατιώτῃ

2171 1619 2376 1689 πρέπον
2433 1615 2704 1683 ἐπιεικῶς,
2765 1616 3072 1688 Χριστιανῷ
3128 1609 3185 1664 δὲ
3253 1608 3344 1662 καὶ
3401 1604 3520 1658 λίαν
3580 1598 3803 1670 ἀπᾷδον·

2173 1688 2382 1765 ἀσεϐεῖς
2423 1705 2524 1778 γὰρ
2587 1703 2674 1758 ἐπὶ
2729 1700 3081 1776 Χριστιανοὺς
3136 1697 3362 1772 ἐξορμᾷν
3416 1693 3505 1747 καὶ
3539 1691 3590 1764 γ’
3620 1688 3804 1750 ἀθέους

2159 1792 2253 1870 ’ἐφ’
2284 1775 2533 1867 ἱερᾶξμῆ
2565 1793 2651 1846 καὶ
2684 1775 2788 1846 τῶν
2823 1787 3030 1867 σφόδρα
3077 1787 3222 1851 θείου
3271 1779 3443 1860 φόϐου
3491 1775 3809 1852 ἀνεπιστρό-

2177 1864 2289 1957 φων
2337 1864 2408 1934 -τὸ
2444 1874 2714 1952 τόλμημα
2866 1864 3026 1933 Ἂλλ⁹
3083 1874 3318 1934 ἐκείνους
3371 1872 3463 1943 μὶν
3773 1864 3808 1930 ἡ

2177 1949 2284 2023 άπὸ
2345 1949 2889 2042 βασιλέως-ἀξίωσις
2940 1966 3075 2038 πρὸς
3131 1967 3333 2036 Νογᾶν,
3391 1957 3479 2013 καὶ
3532 1956 3595 2009 τὸ
3637 1949 3810 2007 θέλειν

2175 2057 2386 2118 πάντως
2445 2057 2643 2110 ἐκεῖνον
2701 2054 3003 2132 ἐξαφανίσαι
3071 2053 3158 2107 καὶ
3219 2052 3406 2125 χώρας
3462 2043 3668 2103 ἐκείνας
3723 2040 3812 2094 καὶ

2173 2146 2265 2199 τὸν
2299 2143 2513 2218 ἒχθρόψ
2548 2143 2648 2198 οὐκ
2673 2145 2740 2212 ἦν
2769 2127 2826 2198 δέ
2881 2140 2984 2216 ἄρα
3013 2137 3449 2215 καταῤῥᾳθυμεῖν
3481 2133 3580 2200 τὴν
3629 2127 3808 2197 δίκην,

2176 2232 2321 2288 ἀλλὰ
2357 2231 2680 2304 παΛίμποῦς
2722 2228 2853 2286 οὖσα
2907 2231 3028 2284 τότε
3085 2225 3296 2300 μᾶλλον
3347 2222 3436 2279 καὶ
3493 2222 3810 2295 προηγεῖτο,

2175 2321 2250 2383 ὡς
2283 2321 2415 2392 μετά
2444 2320 2638 2395 μικρὸν
2671 2320 2698 2374 ὁ
2728 2315 2890 2394 λόγος
2923 2318 3055 2393 ἐρεῖ.
3086 2313 3299 2386 Τηνίκα
3330 2310 3387 2368 δὲ
3417 2310 3812 2381 Μουνυχιῶνος

2181 2409 2351 2482 μηνὸς
2384 2408 2665 2470 ἐνστάντος
2695 2407 2897 2471 ἐκεῖνος
2928 2406 3023 2480 μὲν
3063 2404 3200 2478 πρὸς
3229 2404 3327 2471 τὴν
3368 2395 3548 2470 ἔξοδον
3582 2398 3811 2464 ἡτοιμα-

2179 2501 2316 2569 ζετο,
2349 2496 2416 2551 οὐ
2443 2496 2600 2552 τόσον
2646 2501 2724 2568 τῷ
2770 2497 2888 2551 κατ’
2934 2493 3089 2550 αὐτὸν
3133 2491 3334 2562 πλήθει
3377 2488 3468 2544 καὶ
3514 2490 3631 2546 ταῖς
3662 2480 3809 2537 δυνά-

2216 2712 2306 2766 35.
2361 2717 2424 2771 Ut
2478 2717 2780 2787 imperator
2835 2711 3104 2787 Τοεῇανοε
3148 2701 3500 2764 secer-siverit
3583 2707 3752 2757 contra

2593 2789 2862 2843 Joannem
2875 2784 3356 2840 sebastocratorem
3365 2816 3377 2831 .

2241 2891 2427 2950 Causa
2441 2894 2616 2966 hujus
2637 2891 3022 2965 expeditionis
3041 2886 3332 2959 fuit,quod
3347 2884 3796 2950 Joannes,quem

2171 3004 2314 3044 suus
2335 2987 2634 3057 inquietus
2650 2984 2882 3039 animus
2897 2977 3410 3050 tranquillevivere
3423 2989 3538 3028 non
3553 2969 3804 3030 sinebat,

2170 3091 2373 3130 rursus
2406 3056 2618 3129 findere
2649 3089 2834 3144 nuper
2863 3069 3008 3125 inito
3053 3064 3266 3121 violato
3297 3061 3620 3118 conabatur
3647 3056 3812 3109 inva-

2170 3164 2308 3218 dere
2337 3179 2451 3217 non
2485 3178 2611 3217 sua.
2643 3161 2724 3215 Ea
2753 3177 2842 3214 res
2872 3159 3204 3226 Augustum
3237 3150 3436 3218 movit,
3465 3149 3619 3202 feros
3679 3144 3807 3212 ejus

436 3273 771 3327 occupasse,
806 3273 934 3327 qua:
967 3256 1180 3310 habere
1211 3253 1376 3307 illum
1411 3268 1514 3307 suo
1547 3247 1846 3316 beneficio,
1871 3250 1929 3302 et
1957 3245 2070 3302 sibi
2101 3235 2143 3301 C
2183 3253 2551 3322 audacesque
2575 3249 2826 3318 impetus
2847 3257 3215 3314 compescere
3237 3240 3405 3295 aliter
3449 3251 3566 3290 non
3607 3230 3808 3286 valen-

435 3361 673 3416 suzsque
703 3361 838 3416 erga
869 3344 1033 3398 illum
1064 3341 1475 3398 benevolentia:
1506 3337 1784 3409 imputari
1807 3338 2062 3407 cuperet.

434 3431 582 3494 Quin
615 3437 671 3486 et
700 3431 917 3502 alioqui
942 3446 1146 3502 parum
1174 3427 1605 3496 convenirejam
1625 3441 1882 3496 purpura
1904 3427 2063 3478 uten-

434 3523 549 3573 tem
576 3519 859 3574 bicolores
882 3536 948 3574 ex
979 3534 1142 3574 roseo
1165 3522 1221 3572 et
1241 3515 1643 3584 candido,quas
1667 3512 1908 3584 pr0priaa
1931 3511 2066 3565 des-

441 3611 710 3678 potarum
745 3613 960 3672 essent,
991 3610 1182 3662 vestes
1205 3620 1526 3660 assumere.
1549 3603 1747 3673 Itaque
1778 3617 1848 3656 ne
1869 3613 2067 3671 grava-

441 3698 602 3748 retur
631 3695 886 3766 primum
918 3711 1222 3750 occursum
1246 3691 1579 3764 imperatori
1611 3689 1882 3746 exhibere
1903 3688 1960 3741 in
2001 3701 2066 3739 eo

443 3780 622 3848 cultu,
665 3784 764 3854 qui
817 3784 1150 3839 facultatem
1200 3782 1252 3837 ei
1301 3798 1413 3836 non
1464 3779 1796 3851 praeriperet
1849 3775 2065 3844 ipsum,

442 3872 596 3942 quod
629 3872 850 3940 avebat,
881 3871 1127 3928 insolitis
1158 3870 1397 3926 honoris
1429 3867 1762 3938 insignibus
1791 3865 2069 3918 decoran-

441 3959 520 4016 di.
576 3959 706 4015 Haec
763 3961 1020 4017 dicentes
1078 3961 1230 4018 5‘24
1290 3959 1673 4030 persuserunt
1720 3953 1870 4025 quod
1917 3950 2070 4005 vole-

437 4048 598 4118 bant,
651 4065 902 4120 cumque
933 4050 1212 4104 Lazorum
1247 4047 1508 4119 principe
1539 4061 1604 4100 eo
1637 4058 1810 4115 quem
1839 4044 2069 4112 Optave-

440 4140 571 4191 rant
601 4138 770 4192 modo
820 4139 1027 4194 vestito
1075 4139 1143 4192 ad
1200 4138 1402 4192 urbem
1454 4133 1828 4205 appulerunt,
1870 4144 2070 4185 excen-

441 4224 755 4294 dentesque
776 4242 806 4280 θ
831 4225 959 4280 navi
980 4225 1050 4280 ad
1075 4229 1308 4295 portum
1331 4224 1504 4278 Ceras
1526 4221 1743 4274 dictum
1768 4216 2072 4289 splendide

441 4315 583 4365 sunt
613 4311 867 4383 hospitio
897 4313 1116 4383 excepti
1148 4312 1208 4366 in
1232 4308 1586 4366 suburbanis
1613 4305 1948 4372 domiciliis,
1973 4303 2072 4358 ubi

441 4414 545 4470 per
570 4397 793 4470 aliquot
820 4400 945 4454 dies
977 4399 1174 4465 refecti
1207 4415 1237 4454 e
1270 4398 1585 4470 jactatione
1616 4395 1780 4450 navis
1810 4397 1867 4449 et
1898 4392 2071 4448 maris

442 4503 681 4554 nausea,
720 4489 996 4544 mandato
1035 4489 1106 4543 ad
1165 4505 1226 4543 se
1279 4486 1548 4542 veniendi
1597 4484 1668 4539 ab
1724 4483 2070 4551 imperatore

2171 3345 2311 3408 tem,
2341 3341 2410 3395 ad
2434 3321 2567 3394 eum
2591 3335 3072 3408 proscribendum
3095 3335 3160 3386 ut
3187 3321 3810 3393 rebellem,'l‘ocharos-

2175 3407 2363 3498 quein
2386 3444 2517 3482 eum
2533 3407 3058 3493 immittendos,qui
3073 3418 3346 3475 vastitate
3358 3412 3528 3470 terris
3545 3409 3658 3482 ipsi
3675 3407 3810 3462 sub-

2169 3517 2344 3587 jectis
2375 3513 2678 3569 inferenda
2708 3528 2842 3582 spes
2872 3525 3082 3581 resque
3115 3507 3302 3578 ipsius
3325 3506 3383 3558 in
3416 3506 3606 3557 artum
3640 3511 3808 3567 coge-

2176 3608 2324 3659 rent.
2356 3601 2520 3657 Talia
2549 3581 2875 3655 versantem
2901 3597 3097 3652 animo
3128 3593 3371 3664 urgebat
3399 3588 3590 3643 hiems
3610 3581 3806 3638 immi-

2175 3706 2342 3758 nens,
2373 3688 2638 3758 ineptum
2671 3685 2751 3741 rei
2785 3702 2818 3740 a
2846 3683 2971 3738 suis
3027 3681 3290 3753 gerendas
3347 3681 3602 3743 tempus,
3651 3669 3798 3728 525

2179 3776 2446 3849 quamvis
2501 3777 2892 3846 opportunum
2928 3768 3232 3836 Tocharis,
3267 3765 3364 3837 qui
3416 3761 3696 3819 libentius
3745 3773 3810 3814 ea

2175 3867 2523 3937 tempestate
2546 3861 2776 3934 prodire
2829 3860 2898 3916 ad
2927 3857 3144 3914 bellum
3187 3854 3393 3910 solent.
3425 3853 3644 3907 Tamen
3704 3862 3810 3902 sua

2177 3959 2234 4010 et
2280 3966 2519 4010 suorum
2575 3967 2752 4006 causa
2797 3950 3135 4019 praevertere
3202 3941 3525 4014 oportebat.
3585 3939 3807 3992 mature

2180 4041 2532 4100 occurrendo
2563 4043 2723 4094 extra
2752 4032 3332 4100 urbemTocbaris,ut
3359 4029 3491 4084 illos
3519 4028 3664 4081 bene
3687 4022 3808 4078 ani—

2181 4136 2368 4188 mutos
2391 4127 2710 4184 dimitteret
2738 4127 2808 4183 ad
2843 4125 3205 4196 diripiendas
3236 4122 3503 4189 ferroque
3535 4133 3600 4172 ac
3640 4116 3806 4170 ﬂam-

2179 4239 2277 4278 ma
2307 4219 2717 4277 deformandas
2745 4215 2953 4272 ditioni
2981 4213 3228 4270 Joannis
3259 4210 3528 4267 subditas
3585 4209 3804 4279 gentes.

2179 4308 2462 4381 Cogitatio
2484 4307 2605 4362 haec
2634 4308 2757 4361 erat
2785 4301 3048 4359 bellatori
3082 4301 3320 4372 quidem
3360 4297 3505 4352 forte
3554 4311 3669 4350 non
3721 4292 3807 4345 in-

2179 4414 2526 4469 congruens,
2561 4400 2619 4451 at
2647 4395 3042 4450 Christianum
3075 4391 3362 4446 dedecens
3394 4387 3478 4442 vel
3541 4383 3804 4441 maxime.

2181 4487 2399 4557 Impios
2477 4485 2630 4540 enim
2672 4484 2730 4538 in
2793 4480 3154 4538 Christianos
3200 4492 3450 4546 armare,
3505 4479 3562 4530 et
3611 4471 3808 4527 atheos

438 4579 672 4646 accepto
698 4577 1018 4648 Lopadium
1053 4576 1313 4648 profecti,
1346 4574 1558 4646 quibus
1587 4570 1780 4627 decuit
1824 4569 2064 4624 benevo-

2176 4573 2601 4643 sacrilegosque
2627 4575 2889 4640 raptores
2910 4569 2966 4624 in
2981 4584 3147 4624 sacra
3159 4569 3216 4621 et
3236 4561 3804 4634 templaimmittere,

439 4663 627 4718 lentiae
659 4664 1183 4735 significationibus
1210 4663 1453 4720 admissi
1484 4660 1830 4730 tractatique
1875 4659 1945 4712 ab
1997 4672 2063 4711 eo

439 4756 598 4816 sunt,
630 4768 875 4823 moxque
907 4771 1038 4808 cum
1072 4753 1230 4824 ipsos
1262 4753 1390 4808 navi
1419 4752 1563 4807 vecti
1598 4766 1804 4806 rursus
1862 4746 2065 4802 urbem

440 4843 775 4895 tenuerunt.
811 4843 1144 4898 Festinabat
1174 4842 1327 4897 enim
1360 4841 1676 4911 imperator
1730 4844 1858 4893 tum
1913 4836 2067 4906 quod

445 4927 578 4982 filiae
611 4929 844 4998 nuptias
875 4931 1158 4984 conficere
1189 4928 1626 5000 quamprimum
1658 4945 1688 4982 e
1720 4943 1779 4982 re
1810 4929 2069 4988 duceret,

443 5013 567 5063 tum
602 5011 753 5080 quod
787 5010 1200 5066 nuntiarentur
1229 5027 1296 5065 ex
1325 5009 1596 5065 Occiduis
1648 5008 1913 5079 partibus
1969 5006 2070 5062 ad-

445 5101 678 5153 ventare
733 5099 1000 5165 Tochari,
1035 5116 1181 5170 quos
1213 5117 1248 5156 a
1288 5101 1448 5170 Noga
1507 5098 1919 5169 impetraverat
1976 5096 2074 5151 ad-

447 5199 650 5240 versus
680 5186 966 5243 Joannem
997 5188 1514 5244 sebastocratorem
1538 5184 1755 5241 auxilio
1772 5184 1884 5239 sibi
1902 5183 2072 5238 mitti.

447 5278 606 5329 Tunc
638 5276 816 5347 igitur
837 5277 1164 5349 Septembri
1195 5291 1389 5332 mense
1421 5275 1721 5329 desinente
1777 5288 2076 5345 regressus

451 5363 512 5418 in
541 5363 739 5419 urbem
790 5365 1025 5438 nuptias
1076 5363 1205 5419 ﬁliae
1261 5361 1532 5418 celebrat.
1581 5361 1884 5418 Octobrem
1942 5361 2079 5416 inde

451 5455 642 5508 totum
673 5453 1063 5526 comsumpsit
1095 5452 1280 5524 copiis
1311 5450 1673 5508 instruendis
1694 5450 2082 5524 expeditione-

455 5556 568 5611 que
597 5543 951 5615 apparanda.

2175 4663 2401 4719 facinus
2456 4660 2567 4715 fuit
2595 4660 2852 4714 immane
2883 4659 3164 4728 quantum
3200 4652 3456 4708 alienum
3489 4667 3522 4705 a
3569 4648 3806 4703 timente

2124 4802 2126 4805 .
2175 4753 2360 4808 Deum
2393 4752 2451 4804 et
2475 4747 2690 4803 Christi
2712 4746 2934 4802 cultore
2959 4742 3238 4814 principe.
3271 4742 3488 4796 Tamen
3521 4737 3805 4794 exercitus

2182 4838 2444 4895 barbaras
2474 4835 2632 4891 illius
2655 4833 2846 4906 gentis
2867 4849 2900 4888 a
2929 4832 3091 4902 Noga
3123 4829 3392 4902 precibus
3447 4822 3811 4897 imperatoris

2184 4919 2328 4982 ﬂexo
2363 4925 2604 4991 missus,
2632 4924 2752 4995 jam
2784 4939 2814 4977 e
2840 4920 3054 4976 ﬁnibus
3076 4935 3349 4991 egressus
3369 4916 3494 4974 suis
3511 4915 3580 4970 ad
3604 4916 3808 4969 nutum

2183 5016 2422 5085 paratus
2446 5013 2656 5080 stabat,
2687 5013 2753 5065 ut
2794 5009 2853 5064 in
2902 5007 3182 5062 ditionem
3229 5003 3473 5061 Joannis
3522 5000 3811 5058 hostiliter

2183 5101 2552 5171 irrumperet.
2585 5099 2698 5154 Nec
2721 5097 2901 5166 hujus
2929 5093 3164 5150 sceleris
3193 5092 3808 5161 vindicta,quanquam

2188 5188 2332 5244 alias
2363 5189 2619 5243 cunctari
2651 5186 2841 5252 solita,
2873 5184 3036 5239 tarde
3069 5198 3225 5237 nunc
3247 5178 3497 5236 occurrit
3527 5195 3542 5235 :
3589 5190 3808 5236 verum,

2188 5281 2254 5332 ut
2286 5293 2416 5332 mox
2446 5277 2692 5345 dicetur,
2724 5289 2898 5345 quam
2929 5269 3229 5326 celerrime
3267 5269 3680 5340 repraesentata
3706 5264 3812 5327 est,

2190 5364 2356 5418 Tunc
2382 5379 2519 5435 ergo
2549 5363 2658 5419 sub
2691 5356 3341 5417 medinmNovembrem
3362 5349 3816 5427 procinctusim-

2189 5454 2420 5523 perator
2449 5451 2507 5506 in
2548 5448 2970 5524 expeditionem
3008 5443 3356 5500 imminebat
3410 5457 3544 5500 cum
3597 5435 3814 5512 paratis

2191 5539 2396 5611 00piis,
2428 5539 2586 5596 haud
2616 5541 2848 5594 tantum
2879 5534 3090 5590 harum
3132 5531 3508 5588 multitudine
3557 5526 3817 5585 conﬁsus

2195 5633 2480 5701 quantum
2510 5626 2719 5684 robore
2747 5621 3089 5691 feritateque
3116 5617 3531 5676 Tocharorum.
3551 5614 3819 5687 Augusta
