4146 6288
324 356 428 408 989

1367 359 1461 410 DE
1499 358 1868 412 MICHAELE
1907 358 2347 412 PALZEOLOGO
2385 363 2516 414 LIB.
2559 359 2630 415 Vl

3601 354 3712 409 990

329 499 478 550 μεσιν
511 479 596 550 [Ρ·
631 480 756 550 357]
789 477 912 532 ὅσον
948 477 1224 553 Τοχάροις
1254 477 1484 553 θαρῥῶν·
1536 480 1570 548 ἡ
1615 475 1660 532 δ’
1690 477 1968 552 Αὐγούστα
1996 481 2048 547 Α
2078 482 2143 551 τῇ
2201 479 2345 552 παρὰ
2394 487 2493 549 τῆς
2548 478 2867 552 Αὐγούστης
2926 479 3157 553 οχλτξσει
3219 480 3310 532 καὶ
3365 478 3603 551 ταραχῇ,
3637 475 3712 536 ὡς

321 571 482 620 τοῦτο
547 567 640 638 μὲν
703 566 959 642 ἁφορῶσα
1015 567 1104 620 καὶ
1175 567 1308 639 πρὸς
1363 568 1424 620 τὸ
1481 575 1580 636 τῆς
1633 566 1968 636 ἐκστρατείας

322 653 635 728 παράλογόν
666 675 722 706 τε
769 654 857 707 καὶ
913 653 1290 728 παρακαίριον,
1339 659 1500 708 τοῦτο
1549 653 1604 707 δὲ
1651 655 1738 707 καὶ
1790 653 1965 728 ἀρῥω-

324 743 471 795 στίαν
537 741 883 812 ἐπικειμένην
951 745 1287 794 κατα-νοοῦσα
1343 746 1420 811 τῷ
1484 739 1696 816 βασιλεῖ
1755 740 1812 793 ἐκ
1865 743 1963 808 τῆς

321 829 455 883 κατὰ
509 829 570 882 τὸ
623 828 775 901 οέρος
809 826 1144 903 δυσπραγίας
1188 825 1582 900 ἐπτισυςιῧᾶσαν,
1635 829 1724 882 καί
1754 850 1800 882 τι
1852 833 1960 882 τῶν

325 911 648 985 ἀϐουλήτων
712 917 1034 984 ὑπονοοῦσα,
1096 916 1281 990 ἐπεῖχὲ
1334 938 1392 970 τε
1448 918 1841 990 σθεναρώτερον
1873 917 1962 969 καὶ

327 1002 518 1072 ἐξιέναι
577 1001 675 1058 οὒκ
702 1003 802 1070 εἶά,
865 1005 960 1058 οὐκ
992 1004 1415 1077 ἀφωσιωμένως,
1471 1005 1544 1068 ὡς
1599 1004 1657 1058 ἂν
1683 1025 1764 1064 τις
1796 1002 1959 1072 εἷ’ποι,

320 1093 407 1146 καὶ
461 1092 518 1146 ἐκ
571 1091 830 1166 πλαγίου,
892 1091 1016 1146 ἀλλ’
1065 1091 1384 1153 ἐνστατικῶς
1413 1092 1541 1166 ἄγαν
1574 1093 1662 1145 καὶ
1694 1096 1957 1167 φανερῶς,

321 1181 394 1241 ὡς
453 1182 592 1254 μέγα
645 1202 697 1234 τι
770 1182 930 1234 κακὸν
991 1180 1041 1250 ἐξ
1115 1180 1348 1255 ἀνάγκης
1426 1180 1786 1255 προξενούσης
1858 1187 1956 1248 τῆς

321 1267 682 1340 ἐκστρατείας,
717 1269 834 1335 Καὶ,
895 1294 911 1318 ιι
964 1269 1024 1322 Τί
1054 1271 1260 1337 παθὼν,
1311 1266 1516 1343 ἔλεγεν,
1567 1267 1802 1340 ἀφειδεῖς
1861 1270 1955 1339 μὲν

316 1356 592 1427 σώματος,
640 1353 873 1430 ἀφειδεῖς
908 1355 963 1410 δὲ
1013 1357 1102 1410 καὶ
1134 1356 1300 1424 αὐτῆς
1336 1359 1515 1424 ζωῆςς
1567 1356 1622 1409 ὃν
1688 1355 1732 1409 εἰ
1795 1358 1868 1427 μή
1901 1357 1952 1409 τί

315 1446 366 1518 γ’
421 1444 561 1499 ἄλλο
621 1446 694 1506 εἷς
725 1446 954 1518 ὑποψίας
1011 1447 1068 1499 ἂν
1130 1446 1312 1519 ἐνῆγεν
1372 1447 1472 1499 οὐκ
1504 1445 1703 1519 ἀγαθὰς
1733 1446 1820 1499 καὶ
1854 1444 1955 1499 δεί-

315 1552 460 1605 ματα
511 1532 712 1604 καίρια,
775 1533 897 1587 ἀλλ’
955 1532 1046 1588 οὗν
1104 1537 1138 1602 ἡ
1195 1535 1350 1594 νόσος
1381 1534 1513 1602 αὐτή
1547 1535 1725 1587 καὶτὸ
1761 1535 1836 1605 μὴ
1867 1534 1953 1587 εὖ·

311 1620 536 1694 ρώστεος
571 1619 716 1693 ἔχειν
747 1621 926 1674 ἱκανὸν
969 1620 1199 1675 κωλύειν
1261 1620 1319 1674 ἂν
1373 1620 1668 1692 ἐνομίζετο.
1703 1646 1730 1671 ››
1780 1626 1865 1691 Τῷ
1898 1622 1953 1676 δὲ

305 1713 432 1770 ταῖς
464 1707 742 1777 ἀληθείαις
795 1710 931 1762 κατὰ
959 1713 1082 1762 νοῦν
1129 1710 1219 1776 ἦν,
1279 1709 1400 1783 περὶ
1457 1708 1630 1779 ἑαυτῷ
1677 1706 1949 1763 δειλιῶντι

307 1797 570 1866 κάκείνῳ,
642 1797 743 1863 τὴν
801 1803 1012 1867 Θρᾳκην
1078 1791 1452 1850 καταλαϐόντα
1537 1796 1796 1868 συμμίξαι
1855 1797 1946 1868 μὲν

304 1889 433 1959 τοῖς
478 1885 754 1958 Τοχάροις
796 1885 884 1937 καί
935 1906 993 1958 γε
1020 1882 1210 1958 λόγοις
1241 1884 1328 1938 καὶ
1369 1882 1641 1953 δεξιώσεσι
1671 1881 1952 1958 διεγεῖραι,

309 1972 373 2027 οὐ
437 1973 544 2044 μὴν
590 1969 645 2025 δὲ
687 1970 777 2025 καὶ
825 1975 1319 2045 συνεκστρατεῦσαι,
1370 1969 1494 2024 ἀλλ’
1524 1970 1646 2024 ὅσον
1675 1970 1955 2046 ἐγχωροῦν

308 2061 584 2136 προϊόντα
639 2059 729 2113 σὺν
798 2058 972 2136 σφίσιν
1009 2058 1239 2113 ἐκείνους
1290 2059 1382 2131 μὲν
1437 2065 1552 2119 τοῖς
1605 2059 1824 2122 οἰκείοις
1853 2080 1956 2112 πα-

311 2146 574 2224 ραδοῦναι
632 2147 720 2202 καί
770 2145 920 2216 τᾶξαι
973 2147 1032 2201 τὸ
1089 2148 1367 2217 ποιητέον,
1426 2146 1584 2200 αὐτὸν
1619 2145 1664 2200 δ’
1698 2148 1957 2221 ὑποστρὲ-

471 2235 833 2270 ’ῺΊΨΕἏΙΙΙὍΑΙΛΙἏ
977 2239 1139 2270 ηκκφκ
1183 2235 1271 2270 νηὶ
1327 2235 1389 2270 θλ
1446 2235 1648 2270 ριιυεζξδ
1666 2241 1772 2270 ne...“
1822 2237 1952 2270 Ilsgpl
1985 2242 1992 2250 '

471 2237 482 2258 ι
513 2238 529 2255 η
566 2257 584 2266 _
1049 2239 1070 2249 .-
1257 2235 1271 2254 κ
1367 2235 1380 2252 κ
1479 2257 1487 2270 ,
1572 2235 1620 2268 ν,
1724 2241 1746 2250 ..
1887 2237 1896 2254 1

309 2239 437 2310 ψαι.
490 2234 833 2310 Ετικμηρίου
875 2233 930 2288 δὲ
977 2256 1142 2288 ταυτα
1183 2255 1272 2288 και
1327 2255 1389 2289 το
1446 2235 1772 2304 συνεςιλθειν
1822 2237 1958 2290 υῖεσι

296 2319 365 2380 ’τε
421 2323 508 2378 καὶ
565 2319 874 2399 γαμϐροῖς,
930 2323 1041 2394 ἅμα
1097 2323 1186 2378 καὶ
1243 2322 1387 2393 αὐτῷ
1443 2323 1508 2392 δὴ
1567 2329 1646 2394 τῷ
1699 2324 1961 2398 πρότριτα

306 2408 781 2490 γαμϐρευσαμὲνῳ
834 2416 912 2482 τῷ
971 2413 1216 2482 Ἰωάννῃ.
1278 2409 1434 2466 Ἀλλ’
1463 2410 1613 2482 ὅμως
1649 2412 1751 2465 ὑπὸ
1774 2410 1962 2485 πολλῇ

318 2650 454 2691 vero
488 2636 766 2704 reputans
798 2649 973 2704 quam
1007 2632 1195 2688 alieno
1246 2635 1508 2701 tempore
1551 2629 1963 2701 profectionem

321 2723 501 2780 talem
557 2722 867 2776 adornaret
922 2721 1259 2790 imperator,
1293 2736 1422 2791 quae
1459 2720 1545 2774 vel
1608 2720 1962 2775 benevalenti

325 2809 653 2882 periculosa
687 2809 832 2864 foret
863 2825 875 2864 :
912 2813 1128 2880 quanto
1150 2825 1286 2878 ergo
1320 2809 1505 2879 magis
1553 2808 1786 2861 inﬁrmo
1846 2824 1965 2863 cer-

325 2904 445 2952 tam
481 2897 727 2952 allatura
758 2896 1073 2967 perniciem
1105 2897 1396 2951 videretur
1441 2896 1598 2966 (nam
1633 2897 1964 2950 confractus

335 2984 612 3039 aerumnis
665 2983 959 3054 praeterita:
1007 2985 1224 3039 aestatis
1246 2984 1318 3037 ab
1349 2983 1698 3053 imperatore
1731 2983 1966 3038 morbus

323 3071 432 3126 etsi
471 3071 758 3142 aliosipso
777 3071 997 3127 celante
1045 3070 1285 3135 latebat,
1310 3075 1648 3141 perspectus
1691 3073 1961 3142 Augustae

320 3163 518 3216 tamen
551 3163 714 3229 erat),
747 3159 904 3214 omni
933 3175 1038 3231 ope
1063 3175 1354 3214 removere
1376 3160 1564 3214 virum
1606 3160 1676 3214 ab
1709 3159 1817 3214 hoc
1865 3159 1955 3212 iti-

319 3263 459 3303 nere
489 3247 857 3318 suscipiendo
891 3247 1229 3302 conabatur.
1268 3248 1328 3300 In
1363 3263 1476 3317 quo
1501 3264 1612 3301 non
1646 3247 1960 3301 artiﬁcioso

319 3336 564 3390 circuitu
592 3342 694 3390 aut
739 3353 839 3406 per
886 3335 1154 3407 obliquos
1203 3339 1502 3390 anl'ractus
1559 3337 1959 3406 grassabatur,

319 3427 415 3479 sed
445 3424 635 3494 palam
670 3425 987 3478 damnabat
1010 3424 1318 3478 consilium
1353 3425 1837 3495 eundi,clarcque
1857 3425 1955 3478 de-

323 3513 630 3566 nuntiabat
660 3512 1066 3582 gravissimam
1101 3528 1202 3567 nec
1233 3513 1402 3568 aliter
1440 3530 1615 3584 quam
1649 3514 1806 3567 domi
1833 3528 1960 3582 per-

320 3600 614 3654 manen-io
644 3599 970 3654 evitabilem
1023 3599 1173 3655 526
1198 3601 1510 3671 perniciem
1558 3601 1667 3656 ista
1715 3601 1823 3671 ipsi
1867 3617 1962 3655 ex-

320 3687 617 3759 peditione
643 3688 794 3740 cudi.
825 3688 1076 3757 Ejusque
1125 3692 1189 3742 aut}
1231 3690 1411 3743 virum
1456 3689 1542 3743 ha:
1583 3689 1797 3760 saepius
1857 3689 1958 3743 ite-

320 3785 459 3830 ralze
505 3792 669 3829 voces
702 3779 920 3840 ,erant:
957 3778 1093 3838 Quae
1142 3782 1217 3840 te,
1250 3777 1493 3839 malum,
1526 3777 1848 3848 praecipitat
1879 3777 1964 3830 in-

319 3865 604 3936 quietude
662 3863 1163 3919 inconsultissima
1203 3865 1230 3918 ‘2
1282 3865 1419 3934 quin
1453 3867 1639 3934 parcis
1663 3883 1812 3935 aegro
1836 3883 1958 3920 cor-

317 3952 448 4024 pori
481 3952 504 4005 't
532 3968 637 4007 cur
667 3951 901 4006 dubiam
935 3951 1328 4006 valetudinem
1358 3952 1414 4006 in
1447 3957 1666 4007 certum
1725 3953 1963 4006 exitium

315 4040 558 4112 proiicis
584 4039 611 4093 ?
637 4056 763 4110 quae
792 4039 937 4094 tanti
971 4040 1210 4095 demum
1266 4041 1370 4095 tibi
1411 4057 1501 4095 res
1542 4045 1643 4096 aut
1689 4056 1822 4110 spes
1877 4045 1966 4095 est

314 4146 496 4199 quam
533 4128 661 4181 vitae
678 4126 1219 4196 manifestajactura
1254 4129 1912 4198 recteputesemendam
1935 4127 1963 4181 ‘2

312 4216 447 4271 Haec
492 4216 576 4270 ita
624 4213 938 4285 pulsabant
975 4214 1339 4286 imperatoris
1383 4232 1573 4283 aures,
1608 4220 1671 4270 ut
1699 4216 1961 4270 animum

312 4320 555 4377 quoque
635 4305 1066 4357 commoverant
1149 4303 1374 4370 intime,
1455 4308 1963 4376 perterrerentque

313 4395 563 4449 sinistro
635 4391 809 4446 etiam
885 4390 1080 4446 emine
1153 4399 1208 4445 et
1281 4392 1666 4462 auguratiene
1737 4393 1962 4448 infauta

311 4479 646 4538 tristissimi
697 4495 1026 4534 successus.
1081 4479 1191 4534 Sed
1242 4484 1298 4535 et
1343 4481 1464 4552 ipse
1509 4480 1694 4535 morbi
1749 4495 1960 4535 sensus

313 4587 417 4641 per
482 4567 684 4623 vitalia
715 4567 1040 4638 grassantis
1102 4566 1269 4621 facile
1317 4569 1543 4622 conscio
1603 4552 2038 4622 monstrabatD

310 4658 472 4712 haud
496 4655 650 4710 vires
706 4672 859 4710 nunc
890 4657 1194 4725 suppetere
1252 4654 1471 4710 militiae
1521 4654 1838 4725 praesertim
1874 4655 1961 4708 hi-

311 4747 509 4799 bernas
572 4743 870 4797 laboribus
931 4741 1205 4798 ferendis.
1241 4743 1424 4813 Igitur
1452 4747 1745 4813 utcunque
1776 4743 1960 4798 simu-

315 4834 472 4887 labat
507 4831 691 4900 aliud,
721 4845 915 4884 revera
947 4846 1060 4883 non
1094 4830 1247 4884 ultra
1285 4831 1588 4884 Thraciam
1635 4832 1965 4886 decreverat

316 4919 632 4990 progredi;
675 4917 1134 4987 destinabatque,
1187 4918 1324 4972 visis
1369 4917 1447 4971 ibi
1480 4918 1776 4988 Tocharis,
1801 4924 1858 4974 et
1887 4919 1957 4973 ad

316 5024 439 5062 rem
477 5011 709 5060 strenue
732 5005 1040 5074 gerendam
1100 5005 1376 5060 animatis
1431 5021 1562 5060 cum
1615 5006 1958 5062 allocutione

315 5100 442 5150 tum
469 5092 659 5159 denis,
694 5109 806 5146 non
829 5092 1065 5161 quidem
1102 5093 1160 5145 in
1193 5091 1417 5146 hostem
1451 5109 1548 5148 eos
1595 5111 1709 5149 una
1758 5111 1954 5148 secum

312 5180 658 5247 ri=:-'-ere,sed
685 5183 988 5248 postquam
1019 5194 1116 5232 eos
1141 5183 1294 5233 exstet
1324 5181 1634 5235 comitatus
1656 5181 1954 5252 aliquanto

311 5275 442 5340 eius
476 5267 580 5320 vias
613 5265 822 5337 spatio,
857 5266 1294 5319 commendatos
1343 5268 1593 5339 suis,qui
1628 5285 1797 5340 porro
1821 5286 1950 5324 cum

310 5361 404 5428 iis,
443 5358 752 5428 pergerent
780 5356 836 5407 et
857 5351 977 5406 vice
999 5351 1088 5406 sui
1117 5353 1252 5423 quid
1287 5354 1408 5408 ﬁeri
1456 5355 1624 5410 vellet
1679 5357 1949 5427 praecipe-

313 5451 468 5508 rent,
509 5445 633 5514 ipse
666 5441 958 5496 dimittere
990 5457 1056 5494 ac
1086 5440 1170 5495 sic
1199 5442 1403 5497 reverti
1457 5445 1717 5499 domum.
1769 5445 1950 5514 tlujus

312 5535 515 5596 arcani
573 5531 798 5588 consilii
855 5530 1091 5602 signum
1148 5529 1278 5599 fuit,
1310 5533 1464 5602 quod
1498 5550 1636 5602 ,una
1664 5549 1862 5590 secum
1892 5537 1949 5590 et

311 5626 470 5689 ﬁlios
501 5626 559 5679 et
590 5635 856 5694 generos,
887 5619 1060 5675 etiam
1091 5617 1288 5691 ipsum
1336 5619 1617 5679 Joannem
1666 5621 1947 5694 postridie

2343 573 2365 582 υ
2427 568 2441 582 ἢ
2521 567 2533 584 \
2641 568 2650 584 Ἰ
2793 572 2814 581 ν
3006 566 3019 584 \
3163 566 3174 582 1
3383 561 3406 582 θ
3481 562 3529 580 ν(
3591 560 3614 578 ἢ
3666 561 3679 581 Ι

2080 563 2220 637 μηδὲ
2278 589 2393 628 τοις
2424 583 2575 627 εκτος
2629 577 2916 639 αγνοεισθα
2962 587 3028 620 τα
3073 564 3325 640 δρωμενα
3379 581 3715 637 οιορρωοου-

2075 674 2172 723 σης
2199 657 2258 708 τὸ
2294 653 2520 727 μέλλον,
2624 652 2836 727 μᾶλλον
2886 649 3364 732 προφοιϐαζοῦσης
3394 659 3493 720 τῆς
3526 653 3711 725 ψυχῆς

2075 741 2282 810 ἐκείνης
2318 744 2374 797 τὸ
2407 738 2843 815 συμϐησόμενον,
2897 741 3398 816 ἐπιτεταραγμένως
3456 741 3569 792 οἷον
3625 737 3712 791 καὶ

2072 830 2418 902 ἀνειμένως»
2481 831 2754 907 βασιλεὺς,
2801 835 2898 902 την
2944 839 3042 900 τῆς
3096 829 3382 899 δεσποίνης
3442 825 3705 903 ὀρέωδίαν

2072 920 2172 972 οὐκ
2202 919 2396 992 ἀγαθὸν
2432 919 2619 973 onata»
2670 920 2886 994 κρίνων,
2943 926 3058 981 τοῖς
3104 919 3407 992 γνωρίμοις
3450 917 3706 987 συνταξά-
3787 972 3790 975 _

2074 1027 2230 1077 μενος
2259 1006 2435 1078 ἔξεισι.
2489 1008 2583 1061 Καὶ
2616 1006 2681 1076 δὴ
2731 1005 2892 1082 μέχρι
2947 1003 3258 1081 Σηλυϐρίας
3292 1005 3448 1065 αὐτός
3499 1024 3558 1057 τε
3613 1002 3703 1057 καὶ

2068 1093 2255 1155 παῖδες
2312 1094 2504 1157 ’ίπποις
2563 1095 2842 1170 χρώμενοι
2897 1091 3079 1169 ᾔεσανο
3144 1094 3255 1149 ἐπεὶ
3291 1092 3346 1147 δὲ
3391 1094 3456 1146 τὰ
3484 1095 3581 1155 τῆς
3614 1092 3701 1144 νό-

2068 1184 2190 1235 σου’
2227 1179 2474 1238 ἐπεδίδου
2533 1185 2621 1237 καὶ
2709 1183 2806 1238 οὐκ
2859 1185 2924 1252 ἦν
2989 1181 3224 1258 βαδίζειν
3285 1181 3482 1236 ἐκεῖνον
3539 1182 3698 1251 πεζῇ,

2065 1268 2264 1324 ἐκεῖθεν
2309 1269 2546 1342 Θαλάσσῃ
2597 1271 2683 1326 καέ
2711 1272 2806 1339 νηῒ
2855 1269 3135 1344 διεγνώκει
3188 1269 3350 1343 μέχρι
3397 1265 3701 1321 Ῥαιδεστοῦ

2064 1364 2322 1429 χρῆσθαι.
2379 1359 2471 1413 Καὶ
2524 1361 2614 1431 ἅμ’
2667 1355 2943 1431 ἐμϐάντων
2987 1357 3341 1432 (ἠγγέλλοντο
3386 1357 3487 1431 γὰρ
3547 1353 3703 1428 ἐγγυς

2065 1441 2210 1506 ὄντες
2261 1448 2348 1499 καὶ
2393 1448 2652 1520 Τόχαροι,
2705 1448 2792 1501 καὶ
2842 1447 2938 1501 οὐκ
2984 1447 3050 1515 ἦν
3101 1441 3496 1507 ἀναϐάλλεσθαι
3596 1442 3703 1512 μὴν

2063 1533 2282 1604 ἀμελεῖν
2366 1534 2454 1588 καὶ
2535 1533 2621 1588 διὰ
2685 1537 2782 1604 τήν
2840 1535 2998 1590 νόσον
3062 1535 3448 1610 ὑπερτίθεσθαι·
3511 1531 3700 1585 ἐκακο-

2063 1618 2364 1694 σπλάχγνει
2421 1621 2519 1696 γὰρ
2562 1624 2648 1676 καὶ
2699 1628 2806 1677 τῶν
2868 1623 3104 1698 ἐγκάτων
3167 1623 3457 1698 ἀρῥώστως
3507 1619 3698 1692 εἶχεν),

2061 1709 2172 1780 ἅμα
2203 1709 2380 1763 τοίνυν
2415 1706 2691 1782 ἐμϐάντων
2729 1711 2890 1764 αὖτοῦ
2929 1732 2986 1765 τε
3034 1712 3122 1764 καὶ
3152 1709 3360 1765 παίδων
3395 1707 3702 1783 στοχαστής

2061 1817 2140 1857 τις
2174 1796 2232 1849 ἂν
2262 1798 2406 1869 τότε,
2452 1798 2542 1851 καὶ
2597 1799 2732 1873 πρὸς
2778 1800 2876 1867 τήν
2908 1804 3016 1853 τῶν
3053 1798 3366 1872 μελλόντων
3397 1803 3594 1872 γνῶσιν
3647 1797 3702 1870 ἐξ

2062 1883 2346 1958 ἀγχινοίας
2397 1884 2610 1948 οἰκείως
2653 1884 2817 1961 ἔχων,
2869 1886 3144 1949 εὐσκόπως
3200 1887 3295 1960 ἅμ’
3333 1887 3384 1956 ἐξ
3415 1887 3582 1951 αὐτῆς
3635 1887 3698 1940 τὸ

2067 1970 2269 2044 μέλλον
2298 1971 2357 2025 ἂν
2384 1972 2760 2032 κατετόπασεν,

2068 2122 2168 2186 λς’.
2228 2128 2409 2184 Ὅπως
2450 2121 2794 2200 ’κινδυνεῆων
2843 2126 2980 2200 κατᾴ
3037 2124 3304 2200 θάλασσαν
3365 2127 3392 2179 ὁ
3457 2123 3707 2200 βασιλεὺς

2448 2193 2664 2268 ὕστερον
2694 2193 2924 2264 ἐξελθὼν
2958 2196 3322 2267 ἐτελεύτησεν.

2140 2326 2226 2397 [Ρ.
2264 2328 2390 2398 358]
2421 2325 2628 2403 Α’ίιρνης
2659 2329 2758 2402 γὰρ
2809 2325 2984 2389 εὐδίας
3046 2327 3211 2398 οὔσης
3259 2328 3393 2400 πρὸς
3421 2327 3483 2382 τὸ
3514 2347 3708 2402 χειμε-

2074 2413 2331 2488 ριώτερον
2368 2410 2699 2486 μετέϐαλλεν
2759 2416 3023 2492 ὁκαιρὸς,
3074 2416 3314 2480 θάλασσᾶ
3362 2438 3420 2471 τε
3573 2417 3708 2477 τέως

2074 2632 2190 2687 fere
2221 2633 2558 2703 nuptiarum
2590 2651 2620 2690 θ
2641 2635 2769 2690 ﬁliae
2803 2636 3056 2692 thalamo
3116 2639 3444 2707 abreptum,
3507 2653 3706 2692 secum

2075 2721 2350 2790 prodiens
2380 2722 2566 2790 duxit;
2601 2725 2754 2794 quod
2774 2741 3070 2795 nunquam
3104 2725 3337 2792 faceret,
3371 2725 3420 2779 si
3452 2724 3709 2780 hiemare

2075 2808 2134 2862 in
2169 2809 2533 2879 expeditione
2564 2811 2894 2882 cogitasset.
2959 2814 3107 2884 Ergo
3165 2813 3316 2868 inter
3373 2812 3502 2868 illas
3561 2829 3709 2884 quas

2075 2897 2193 2950 dixi
2227 2897 2521 2952 ominosas
2555 2900 2997 2955 reclamationes
3053 2902 3350 2972 Augustas,
3409 2918 3535 2972 quae
3595 2919 3709 2956 non

2073 2983 2156 3037 ita
2173 2986 2518 3054 tegebantur
2532 2986 3000 3057 penenetralibus
3017 2988 3183 3058 regia:
3197 2987 3334 3058 quin
3355 2989 3422 3043 ad
3445 2988 3710 3044 notitiam

2073 3076 2442 3126 externorum
2475 3079 2868 3144 erumperent,
2903 3075 3173 3130 turbatus
3223 3077 3464 3146 augurio
3516 3080 3573 3132 et
3619 3092 3712 3131 se-

2073 3164 2230 3214 creta
2254 3161 2652 3232 praesagitione
2677 3163 2890 3216 mentis
2912 3163 3344 3230 exhorrescens,
3370 3164 3712 3219 obﬁrmatus

2078 3252 2267 3303 tamen
2302 3249 2356 3302 in
2391 3251 2708 3320 proposito,
2745 3251 2865 3305 vale
2899 3251 3238 3306 necessariis
3268 3251 3442 3318 dicto,
3486 3253 3712 3324 egredi-

2073 3340 2171 3390 tur
2201 3337 2372 3404 urbe;
2399 3354 2463 3392 ac
2495 3337 2814 3410 Selybriam
2868 3339 3010 3394 527
3043 3357 3228 3410 usque
3256 3339 3380 3407 ipse
3411 3357 3542 3395 cum
3578 3340 3712 3396 ﬁliis

2074 3423 2243 3494 equis
2282 3431 2504 3495 vectus,
2563 3442 2693 3480 cum
2753 3426 3103 3482 invalescere
3144 3428 3414 3482 morbum
3473 3429 3715 3483 sentiret

2075 3527 2178 3564 nec
2207 3511 2401 3565 itineri
2434 3512 2694 3568 terrestri
2720 3515 2844 3582 jam
2906 3519 3059 3568 esset
3107 3531 3228 3585 par,
3286 3515 3432 3570 mari
3476 3521 3532 3570 et
3570 3531 3715 3570 nave

2073 3599 2324 3653 decrevit
2355 3615 2539 3670 usque
2571 3602 2640 3655 ad
2675 3601 3046 3657 Rhedestum
3094 3603 3200 3656 uti.
3259 3603 3711 3659 Conscendenti-

2070 3687 2228 3741 tibus
2286 3689 2616 3757 supervenit
2689 3691 2932 3744 nuntius
2990 3691 3255 3745 indicans
3330 3693 3388 3745 in
3449 3692 3709 3761 proximo

2073 3793 2200 3830 esse
2231 3776 2541 3845 Tocharos,
2567 3781 2630 3830 ut
2659 3779 2970 3833 cunctandi
2999 3781 3123 3849 jam
3157 3779 3411 3850 amplius
3463 3780 3709 3836 facultas

2070 3864 2232 3919 nulla
2261 3871 2520 3932 restaret,
2546 3866 2645 3919 sed
2712 3867 3087 3936 quantumvis
3129 3869 3446 3921 retardaret
3470 3868 3708 3922 morbus

2071 3951 2505 4021 ingravescens,
2537 3953 2762 4008 occasio
2813 3970 3028 4023 urgens
3075 3954 3402 4009 necessario
3434 3954 3708 4020 traheret,

2071 4039 2256 4093 Causa
2290 4039 2614 4110 languoris,
2661 4057 2775 4111 quo
2829 4040 2887 4095 in
2930 4041 3101 4096 horas
3162 4042 3348 4113 magis
3409 4043 3708 4112 magisque

2073 4125 2506 4196 debilitabatur,
2568 4129 2626 4181 in
2685 4128 3005 4182 visceribus
3079 4129 3229 4183 male
3284 4129 3506 4184 aﬂ‘ectis
3564 4133 3708 4198 erat,

2072 4230 2322 4284 eumque
2355 4214 2556 4270 intime
2588 4217 2704 4270 acri
2738 4217 3059 4270 admonens
3093 4217 3182 4271 sui
3216 4234 3389 4272 sensu
3415 4217 3707 4273 turbabat.

2075 4319 2142 4356 ne
2173 4303 2318 4356 bene
2375 4319 2607 4374 sperare
2659 4309 2874 4374 posset.
2907 4304 3019 4360 Nec
3073 4305 3238 4360 illum
3301 4305 3710 4360 consternabat

2071 4389 2260 4444 solum
2289 4391 2481 4446 minax
2504 4408 2714 4446 mceror
2736 4392 3229 4463 auspiciifunesti;
3260 4393 3434 4448 ncnio
3466 4392 3524 4447 in
3551 4392 3707 4446 illam

2072 4495 2203 4532 cum
2236 4495 2300 4534 eo
2327 4481 2666 4534 conscendit
2700 4496 2920 4547 navem,
2957 4480 3054 4551 qui
3089 4480 3241 4534 mala
3271 4479 3490 4534 solvere
3543 4479 3703 4535 illam

2071 4567 2206 4621 alite
2236 4571 2292 4621 et
2327 4585 2564 4622 cursum
2619 4567 2930 4622 exitiosum
2989 4569 3262 4622 inchoare
3323 4568 3706 4622 ominaretur.

2073 4655 2327 4718 Quorum
2364 4656 2536 4710 facies
2565 4655 2661 4709 illo
2697 4654 2911 4726 pallore
2958 4656 3235 4711 attonitas
3267 4656 3365 4726 qui
3424 4660 3710 4724 cerneret,

2075 4760 2187 4797 non
2221 4761 2360 4798 sane
2383 4742 2632 4798 oraculis
2663 4749 2855 4814 egeret
2878 4744 2946 4798 ad
3009 4745 3500 4813 praesentiendum
3553 4745 3707 4813 quod

2070 4831 2348 4885 instaret.
2398 4831 2551 4886 Suus
2609 4831 2818 4900 cuique
2869 4847 3045 4901 sagax
3094 4833 3327 4887 animus
3374 4836 3533 4885 vates
3583 4835 3708 4886 erat

2069 4923 2262 4972 certus
2293 4918 2588 4973 occursuri
2621 4935 2753 4972 mox
2779 4918 2920 4988 ipsis
2950 4918 3274 4985 infortunii,
3315 4918 3573 4973 vaticinii
3630 4918 3702 4971 ﬁ-

2070 5006 2197 5060 dem
2231 5006 2424 5076 stotim
2458 5005 2684 5076 explere
2716 5005 3134 5076 incipientibus
3161 5006 3402 5061 eventis.

2064 5162 2152 5216 36.
2189 5163 2250 5218 Ut
2280 5165 2334 5217 in
2370 5164 2512 5216 mari
2558 5163 2898 5232 periclitatus
2945 5163 3264 5234 imperator,
3300 5163 3498 5217 deinde
3547 5167 3700 5232 post-

2418 5250 2578 5303 quam
2619 5236 2925 5298 exrcent/it,
2967 5237 3039 5288 sit
3074 5239 3341 5289 mortuus.

2130 5357 2273 5412 Nam
2297 5356 2490 5412 subito
2517 5373 2584 5412 ex
2613 5373 2817 5412 sereno
2849 5356 2907 5410 in
2940 5358 3238 5412 turbidum
3263 5360 3527 5413 mutatur
3547 5360 3693 5412 tem-

2059 5461 2187 5514 pus,
2219 5450 2276 5500 et
2314 5461 2472 5500 mare
2517 5445 2680 5516 prius
2736 5445 3119 5516 tranquillum
3178 5445 3467 5514 ett‘eratur,
3502 5444 3690 5502 valido

2055 5533 2447 5602 incumbente,
2475 5533 2666 5591 borea.
2699 5533 2812 5589 Nee
2859 5531 3152 5603 placidum
3195 5537 3390 5588 tenere
3446 5549 3686 5592 cursum

2054 5625 2279 5693 poterat
2307 5621 2876 5695 navisimperatores
2905 5621 3141 5694 vehens,
3197 5624 3298 5680 sed
3348 5624 3484 5681 feris
3542 5640 3685 5681 con-
