4146 6288
441 375 544 429 991

1741 380 2036 435 GEORGII
2077 382 2536 441 PACHYMERE

3715 380 3825 434 992

441 496 650 571 ἥμερος
683 495 985 570 ἐξηγρίαινε
1019 496 1278 572 λαμπροῦ
1308 499 1565 563 πεσόντος
1610 504 1706 555 τοῦ
1759 501 2077 576 ἀπαρκτίου,
2109 506 2158 571 Α
2189 507 2392 581 φθάσας
2442 507 2755 584 τετύφλωτο
2787 551 2806 578 ,
2864 507 2939 568 ὡς
3015 507 3089 578 μή
3156 503 3387 565 ἐντελεῖς
3442 504 3536 565 τὰς
3593 502 3826 575 ὑποψίας

438 585 654 640 καὶούκ
678 586 744 653 ἦν
801 587 900 654 τήν
961 586 1086 647 τοὺς
1149 587 1392 661 βασιλεῖς
1455 590 1681 664 ἄγουσαν
1709 594 1834 643 ναῦν
1897 592 2078 645 εὐστα-

440 679 574 740 θεῖν,
608 673 732 728 ἀλλ’
767 671 944 748 ὥσπερ
979 675 1080 728 ὑπὸ
1110 676 1364 747 κυμάτων
1408 677 1606 752 ἀγρίων
1649 676 2079 752 ἐνοχλουμένην,

438 759 570 834 τῇδε
597 763 810 816 κάκεῖσε
837 763 1140 838 φερομένην
1186 765 1491 838 ἀνάγωγον,
1547 763 1712 837 μηδέν
1767 768 2082 820 ὑπείκουσαν

437 856 558 910 τοῖς
613 849 990 921 κελεύσμασινν
1053 849 1346 925 αὔτανδρον
1408 855 1480 914 ὡς
1540 855 1655 928 εἶχε
1699 855 2083 923 καταποντίζε-

441 941 583 1002 σθαι,
617 937 754 992 ὥστε
785 940 873 992 καὶ
907 937 1177 1000 πολλάκις
1212 941 1306 1012 μὲν
1355 939 1709 1005 καταδύεσθαι
1741 942 1843 996 οὐκ
1873 941 2084 1005 ἐσαῦθις

443 1024 840 1097 ἀναδυομένην,
893 1027 1212 1088 τοσαυτάκις
1259 1026 1317 1082 δὲ
1363 1029 1806 1102 ἀπελπιζομένην
1858 1028 2080 1084 ἀναδύε-

441 1119 558 1172 σθαι
600 1117 788 1187 πάλιν,
829 1119 915 1172 καὶ
961 1123 1164 1172 νουτῶν
1217 1120 1564 1193 ἀπορούντων
1613 1122 1701 1174 καὶ
1749 1116 2082 1195 κυϐερνήτου

438 1206 591 1267 ὅπως
641 1207 939 1279 χρήσονται
983 1209 1052 1278 τῇ
1102 1205 1359 1280 θαλάσσῃ.
1407 1209 1544 1264 Τότε
1591 1208 1802 1262 καὶτὸν
1859 1208 2084 1282 βασιλέα

437 1301 691 1370 προφανῆ
721 1295 813 1346 τὸν
871 1291 1119 1348 κίνδυνον
1166 1295 1457 1368 βλέποντα,
1508 1295 1596 1349 καὶ
1629 1297 1751 1370 περὶ
1808 1298 1980 1367 ἑαυτῷ
2025 1317 2082 1350 τε

435 1381 525 1434 καὶ
578 1385 705 1433 πᾶσι
759 1385 875 1443 τοῖς
922 1381 1103 1434 παισὶν
1152 1380 1520 1457 ὀρρωδοῦντα,
1572 1383 1739 1438 εἷπεῖε
1795 1383 1931 1457 πρὸς
1987 1383 2080 1436 τὸν

438 1463 776 1543 κυϐερνήτην
811 1470 884 1530 ὡς
922 1470 1222 1542 ἀγωνιστέα
1265 1473 1353 1525 καὶ
1405 1473 1534 1547 ὑπέρ
1585 1469 1834 1544 δύναμιν·
1890 1472 1933 1525 εἰ
1981 1471 2079 1544 γαρ

444 1558 520 1628 μὴ
574 1557 777 1626 κόσμον
838 1559 1046 1621 πάντα,
1105 1557 1229 1612 ἀλλ’
1279 1559 1368 1612 οὖν
1427 1557 1705 1630 Ῥωμαίδα
1762 1566 1930 1612 πᾶσαν
1993 1558 2080 1612 ἐπὶ

441 1644 604 1716 ξύλου
634 1646 775 1719 ἄγειν
837 1645 1048 1720 ὀλίγου,
1107 1646 1231 1706 τοὺς
1268 1647 1520 1720 βασιλέας
1571 1646 1790 1721 ἔχοντα.
1843 1647 1944 1703 Καὶ
1987 1647 2078 1700 τὸν

441 1733 685 1786 ἀπειπεῖν
768 1733 860 1805 μὲν
925 1734 1122 1802 ὀκνεῖν,
1203 1737 1277 1806 μὴ
1365 1736 1454 1788 καὶ
1515 1734 1758 1798 κίνδυνος
1832 1737 2081 1808 ἀντικρυς

2187 599 2425 664 ποιοῖτο,
2481 597 2542 649 τὸ
2574 593 2631 649 δέ
2660 617 2719 670 γε
2758 597 2854 648 τοῦ
2886 593 3188 667 Παχωμίου
3218 591 3424 666 χωρίον
3457 593 3516 645 τὸ
3550 591 3822 664 μόρσιμον

2189 681 2492 755 ἐξεπλήρου
2527 728 2538 738 .

2194 771 2438 846 βασιλεῖς
2489 773 2578 826 καὶ
2639 773 2884 847 στρατὸς,
2943 771 3030 824 καὶ
3087 773 3121 838 ἡ
3175 771 3332 830 νόσος
3387 767 3625 822 ἐπέκειτο
3654 766 3822 822 πλέον

2190 857 2418 937 ἔρυσσαν
2480 859 2535 914 δὲ
2590 862 2676 914 καὶ
2739 862 2790 914 οἱ
2845 859 3089 933 Τόχαροι
3147 857 3464 918 σπεύσαντες
3525 851 3825 928 συμϐαλεῖν

2196 946 2431 1020 βασιλεῖ,
2473 948 2688 1022 βασιλεῖ
2721 950 2814 1020 μὲν
2847 947 2940 1001 οὐκ
2971 948 3038 1014 ἦν
3061 947 3171 1001 οὔθ’
3199 944 3554 1017 ἱππαζομένῳ
3585 947 3665 1017 [Ρ.
3699 947 3830 1014 359]

2191 1037 2413 1106 ὁρᾶσθαι
2447 1033 2567 1090 οὔτε
2603 1038 2709 1108 μὴν
2744 1034 2959 1108 ὁμιλεῖν
2989 1034 3064 1096 εἷς
3104 1034 3260 1088 νόσον
3285 1031 3541 1105 κειμένῳ,
3601 1032 3689 1086 ὅτε
3734 1031 3830 1084 καὶ

2598 685 2686 744 Ὡς
2753 684 2854 756 γάρ
2912 681 3080 735 ἐκεῖσέ
3134 702 3239 734 που
3293 681 3651 748 κατεσκήνουν
3711 680 3826 750 ἅμα

2188 1124 2277 1177 τὸν
2312 1119 2622 1199 Νοέμϐριον
2669 1124 3029 1200 ὑπογράφοντι
3093 1117 3300 1193 συμϐάν
3358 1121 3453 1182 τας
3507 1121 3606 1174 τοῦ
3659 1126 3833 1174 Nou-

2192 1213 2347 1282 ραίας
2404 1212 2713 1284 συμμῖξαι,
2779 1210 3021 1274 ἐπελθεῖν
3078 1210 3246 1264 εἶπεῖν
3305 1210 3515 1283 Λέγεται
3573 1209 3645 1269 ὡς
3703 1205 3829 1261 itSo-3

2191 1299 2524 1355 συνέκλεισεν
2575 1301 2601 1354 ὁ
2667 1295 2990 1372 Νοέμϐριος.
3043 1298 3112 1352 Τὸ
3171 1296 3218 1352 δ’
3271 1297 3337 1366 ἦν
3401 1297 3698 1364 ὑπονοηθὶν
3748 1296 3831 1356 ὡς

2190 1387 2530 1442 συνέκλεισαν
2586 1389 2639 1441 αἱ
2695 1387 2912 1460 πράξεις
2967 1392 3044 1458 τῷ
3097 1382 3330 1459 βασιλεῖ,
3376 1393 3474 1453 τῆς
3525 1388 3709 1459 ψυχῆς
3763 1382 3832 1437 τό

2195 1476 2396 1548 μέλλον
2452 1473 2858 1544 ὑποδηλούσης.
2910 1477 3008 1529 ἿΙν
3072 1473 3162 1528 οὖν
3340 1478 3436 1527 τοῦ
3487 1470 3662 1546 ῥαίσαι
3727 1477 3836 1540 τῆς

2189 1564 2347 1618 νόσου
2417 1562 2717 1637 προσδοκίᾳ
2786 1563 2862 1624 εἷς
2923 1557 3194 1623 ἀναϐολάς
3252 1561 3418 1625 τιθεὶς
3470 1561 3533 1614 τὸ
3588 1559 3835 1632 ἐντυχεῖν

2191 1653 2432 1708 ἐπιστᾶσι
2484 1659 2600 1716 τοῖς
2657 1655 2980 1728 Τοχάροιςσ
3056 1651 3170 1706 ἐπεὶ
3240 1649 3296 1705 δέ
3357 1653 3389 1719 ἡ
3448 1651 3607 1710 νόσος
3664 1649 3835 1722 ἐκραο

2188 1746 2404 1795 ταιοῦτο
2435 1740 2524 1794 καί
2574 1745 2653 1811 τῷ
2687 1741 2790 1794 ἀπὸ
2835 1740 3034 1809 ταύτης
3066 1738 3170 1794 δέει
3195 1740 3285 1793 καὶ
3315 1740 3349 1807 ἠ
3383 1737 3490 1791 ἀπὸ
3519 1741 3616 1790 τοῦ
3645 1734 3838 1796 ἔθνους

439 1819 777 1896 ἐξαγγέλλοι,
837 1824 1156 1897 προτρέπειν
1209 1821 1264 1878 δὲ
1292 1825 1382 1878 τὸν
1439 1825 1488 1894 ἐξ
1522 1825 1712 1878 ἐαυτοῦ
1746 1825 1912 1900 λόγον
1961 1829 2078 1886 τοῖς
2112 1861 2155 1922 Β
2193 1826 2434 1905 ὀρῥωδία
2482 1835 2744 1896 συνῆπται
2775 1827 2861 1896 (ού
2907 1829 3007 1902 γὰρ
3065 1829 3132 1896 ἧν
3178 1826 3363 1890 ἄλλως
3394 1825 3631 1893 ἐλπίζειν
3663 1826 3697 1894 ἢ
3746 1845 3837 1877 χι-

438 1909 769 1983 πράγμασιν,
831 1912 904 1972 ὡς
955 1910 1243 1985 ἀναγκαῖον
1289 1913 1348 1966 ’ὀν
1378 1957 1390 1979 ,
1449 1913 1494 1966 εἰ
1556 1914 1629 1984 μὴ
1680 1915 1809 1974 Θεὸς
1857 1913 2078 1986 ἀρήγοι,

436 2003 623 2072 χανεῖν
654 1999 789 2071 πρὸς
829 1998 1095 2052 Θάλασσαν
1129 2003 1348 2061 πάντας·
1387 2000 1527 2055 οὓτω
1576 2003 1663 2055 καὶ
1723 2003 1890 2075 τέχνη
1953 2021 2082 2054 vatu-

435 2087 560 2154 τικὴ
593 2091 736 2140 πᾶσα
763 2091 869 2140 τῶν
901 2085 1165 2142 κινδύνων
1224 2091 1422 2157 irrito
1470 2089 1647 2164 σφίσιν
1707 2088 1767 2144 ἐκ
1815 2094 1938 2163 χρῷ
1967 2109 2080 2144 κει-

445 2172 638 2246 μένων.
676 2174 848 2236 Μόλις
875 2180 1002 2250 γοῦν
1031 2175 1430 2252 διαμαχόμενοι
1489 2179 1627 2245 πρός
1676 2199 1735 2231 τε
1791 2183 1938 2248 κῦμα
1991 2175 2081 2230 καὶ

440 2264 708 2318 θάλασσαν
742 2264 1138 2339 ἀγριαίνουσαν,
1167 2268 1253 2319 καὶ
1311 2265 1585 2328 πολλάκις
1635 2265 1791 2340 ἐγγὺς
1835 2264 2082 2327 ἐλθόντες

441 2356 537 2406 τοῦ
597 2349 929 2421 καταδῦναι,
975 2357 1043 2418 τῆ
1102 2351 1391 2425 Ῥαιδεστῷ
1433 2356 1734 2426 ἡμιθνῆτες
1795 2353 1854 2409 ἐκ
1911 2350 2083 2432 φόϐου

439 2441 849 2516 προσίσχουσιν.
913 2445 1118 2496 Ἐκεῖσε
1145 2447 1271 2516 γοῦν
1327 2443 1406 2520 ἐφ’
1456 2444 1689 2519 ἡμέραις
1715 2450 1814 2512 τῆς
1837 2446 2083 2518 ταραχῆς

435 2527 717 2593 ἀνέσαντες
743 2531 832 2584 καὶ
862 2534 980 2590 τοῖς
1005 2528 1201 2591 τίττποις
1245 2531 1398 2594 αὖθις
1430 2532 1772 2604 χρησάμενοι
1823 2528 2083 2600 ἐξεληλα-

437 2616 595 2680 κότες
623 2618 788 2693 μέχρι
817 2617 907 2672 καὶ
936 2625 1037 2686 τῆς
1065 2617 1346 2691 Ἀλλαγῆς
1378 2619 1564 2694 χώρας
1594 2621 1959 2688 κατήντησαν.

517 2703 764 2778 Ἀλλαγή
800 2703 845 2760 δ’
892 2707 958 2774 ἦν
1010 2703 1185 2774 ἐκείνη
1235 2706 1353 2759 καθ’
1381 2707 1442 2774 ἣν
1485 2707 1574 2760 καὶ
1626 2707 1688 2760 τὸ
1742 2710 1839 2780 ζῇν
1887 2703 2088 2778 μεταλ-

450 2790 661 2848 λάττειν
693 2790 918 2868 ε’ίμαρτο
956 2797 1035 2865 τῷ
1081 2797 1388 2868 κρατοῦντι·
1436 2793 1526 2848 καὶ
1575 2794 1603 2848 ὁ
1656 2794 1750 2867 μὲν
1787 2794 2089 2868 Παχώμιος

443 3026 618 3065 cussa
649 3009 925 3064 ﬂuctibus
957 3009 1071 3064 huc
1101 3009 1350 3066 subinde
1376 3014 1548 3081 atque
1571 3008 2086 3079 illucimpingens,

446 3097 733 3169 planeque
758 3115 826 3152 an
862 3102 1176 3153 nautarum
1231 3099 1476 3169 imperia
1533 3101 1868 3165 contumax,
1936 3095 2081 3150 nihil

445 3186 657 3240 certius
690 3187 1016 3257 spondebat
1047 3203 1223 3255 quam
1269 3185 1592 3256 proximam
1656 3183 2082 3239 demersionem

446 3275 536 3329 sui
559 3279 991 3345 vectorumque.
1026 3274 1168 3328 Nam
1196 3276 1251 3328 et
1281 3289 1430 3344 saepe
1461 3273 1543 3327 ita
1573 3273 2006 3344 deprimebatur
2021 3275 2085 3324 ut

447 3378 751 3433 nunquam
774 3366 1108 3433 speraretur
1137 3377 1456 3428 emersura,
1492 3369 1610 3416 tam
1662 3359 1854 3414 nautis
1905 3375 2078 3431 quam

447 3451 575 3520 ipso
633 3451 1021 3520 gubernatore
1071 3451 1476 3522 ignorantibus
1530 3465 1648 3521 qua
1691 3449 1816 3518 jam
1875 3449 1927 3503 vi
1984 3451 2084 3504 aut

447 3541 571 3592 arte
603 3537 784 3592 maris
811 3538 1063 3593 furorem
1117 3537 1359 3593 eluctari
1401 3541 1658 3608 possent.
1703 3537 1866 3591 Tunc
1895 3535 2083 3606 impe-

448 3629 697 3680 ratorem
729 3625 920 3680 ferunt
963 3625 1283 3681 intuentem
1337 3625 1658 3697 periculum
1717 3641 1996 3695 praesens,
2027 3627 2086 3678 et

449 3729 562 3784 quo
586 3713 708 3769 loco
739 3731 857 3769 suae
890 3713 1260 3784 filiorumque
1291 3731 1423 3786 spes
1457 3713 1665 3769 salutis
1705 3717 1902 3768 essent
1949 3727 2082 3766 cum

448 3801 685 3857 horrore
717 3807 1102 3873 reputantem,
1131 3802 1418 3858 navarcho
1460 3802 1677 3857 dixisse
1729 3800 2084 3855 contenden-

450 3890 590 3944 dum
625 3890 676 3944 ei
708 3891 910 3960 utique
958 3907 1135 3962 supra
1179 3891 1331 3946 vires
1375 3907 1539 3954 esse;
1591 3889 1640 3943 si
1683 3888 1880 3942 minus
1926 3885 2082 3941 enim

453 3979 740 4033 mundum
773 3980 924 4035 528
949 3979 1306 4036 universum.
1333 3979 1664 4033 universam
1689 3981 1842 4031 certe
1877 3975 2084 4030 Roma-

452 4083 588 4121 nam
620 4083 741 4121 rem
775 4067 980 4138 exiguo
1008 4068 1104 4123 illo
1127 4068 1283 4138 ligno
1323 4065 1605 4122 contineri
1629 4082 1744 4136 quo
1775 4065 1946 4119 ambo
1976 4065 2086 4118 im-

455 4159 746 4226 peratores
777 4155 1144 4212 veherentur.
1182 4161 1356 4209 Porro
1380 4154 1557 4217 hunc,
1585 4153 1741 4207 haud
1769 4169 1830 4207 se
1849 4153 2082 4222 quidem

451 4243 540 4297 vel
585 4258 846 4299 cessasse
879 4243 1158 4299 hactenus
1203 4242 1288 4298 vel
1348 4243 1707 4296 omissurum
1765 4241 2084 4310 quidquam

455 4330 517 4384 in
572 4336 870 4401 posterum
931 4335 1173 4386 conatus
1224 4330 1642 4399 industriaeque
1693 4329 2086 4399 profitentem,

457 4418 775 4485 addidisse,
823 4419 1014 4474 verbis
1071 4435 1197 4490 quae
1229 4418 1372 4474 satis
1408 4420 1711 4489 appareret
1741 4416 1960 4471 nolenti
1992 4432 2086 4470 ex-

2189 1919 2446 1987 νηθέντας
2495 1916 2765 1992 ἀφανίζειν
2825 1917 2886 1969 τὸ
2943 1915 3077 1990 πρὸς
3132 1915 3314 1983 ποσὶν,
3373 1912 3578 1976 εἰωθὼς
3639 1911 3834 1972 ἄλλως

2189 2004 2464 2079 λῃστείαις
2522 2003 2779 2077 ἀποζῇν,
2853 2007 2948 2056 τοῦ
3007 2002 3276 2076 βασιλέως
3330 1999 3836 2074 μεταλλάξαντος),

2189 2091 2533 2166 ἀναγκασθεὶς
2567 2089 2631 2159 δὴ
2679 2089 2766 2144 διὰ
2793 2095 2960 2145 ταῦτα
3008 2091 3036 2144 ὁ
3088 2087 3339 2164 βασιλεὺς
3380 2087 3472 2143 καί
3524 2087 3614 2141 ἀπ’
3663 2087 3838 2141 αὺτοῦ

2190 2178 2490 2251 σκίμποδος
2521 2186 2622 2248 τῆς
2655 2176 2851 2249 ὀδύνης
2884 2177 3097 2251 ὁμιλεῖν
3149 2179 3326 2252 σηρίσιν
3376 2171 3537 2250 ἔγνω,
3595 2175 3685 2230 καὶ
3713 2180 3840 2236 τοῖς

2195 2271 2289 2348 μὲν
2321 2268 2582 2336 πλήθεσιν
2617 2265 2805 2328 ἄλλως
2839 2265 2890 2328 ἐς
2924 2267 3082 2340 χάριν
3137 2270 3334 2333 ποιεῖν,
3389 2264 3516 2326 τοὺς
3570 2262 3627 2318 δέ
3656 2263 3711 2338 γ’
3743 2261 3842 2336 ἅρ-

2191 2376 2392 2430 χοντας
2422 2359 2568 2432 σφῶν
2603 2354 2898 2430 εἰσαγαγεῖν
2929 2375 2989 2408 τε
3027 2353 3118 2408 καὶ
3146 2355 3215 2408 τά
3265 2355 3609 2428 προσήκοντα
3666 2351 3841 2406 εἷπεῖν

2190 2446 2369 2497 τεκαὶ
2421 2445 2668 2499 ἀκοῦσαι.
2726 2444 2863 2499 Τότε
2916 2443 3101 2498 τοίνυν
3158 2442 3248 2496 καὶ
3294 2442 3842 2517 παρασκευασάμενος

2195 2532 2269 2592 ὡς
2315 2530 2480 2600 εἰκὸς,
2529 2531 2619 2586 καί
2667 2552 2727 2606 γε
2777 2529 2905 2592 τοὺς
2956 2531 3190 2593 οἰκείους
3246 2530 3328 2608 ἐφ’
3383 2531 3608 2604 ἑκάτερα
3661 2549 3837 2603 παρα-

2195 2620 2418 2688 στήσας,
2445 2618 2606 2681 αὗτὸς
2631 2619 2721 2674 καὶ
2774 2619 2865 2694 βίᾳ
2908 2623 3214 2692 καθήμενος
3257 2617 3344 2673 ἐπὶ
3374 2615 3704 2691 σκίμποδος,
3758 2617 3830 2678 ὡς

2195 2706 2224 2760 ὁ
2253 2707 2440 2782 καιρὸς
2471 2704 2649 2762 ἐδίδου
2679 2707 2768 2762 καὶ
2811 2707 2878 2762 τὰ
2906 2708 3022 2762 κατ’
3065 2708 3228 2762 αὐτὸν
3284 2707 3581 2782 πράγματα
3637 2704 3813 2778 ἐνεχώ-

2196 2814 2346 2868 ρουν,
2405 2794 2616 2870 ὀλίγοις
2680 2794 2787 2850 τισὶ
2846 2794 3037 2870 λόγοις
3092 2796 3190 2864 τὴν
3253 2794 3465 2850 ἐκείνων
3526 2794 3810 2871 ἀφωσιοῖιτο

2197 3008 2516 3064 formidata
2539 3010 2748 3065 fuisset
2775 3009 3070 3065 successio
3094 3009 3221 3080 ejus
3254 3009 3313 3063 in
3339 3009 3832 3081 imperium.Agcr

2195 3113 2365 3167 porro
2411 3097 2502 3152 cui
2541 3097 2838 3153 Pachomii
2871 3113 3082 3153 nomen
3119 3115 3151 3152 a
3201 3097 3436 3153 domino
3485 3097 3832 3166 adhaeserat,

2196 3185 2415 3257 vulgati
2448 3186 2866 3256 oraculi,cujus
2890 3186 3243 3258 ambiguitas
3265 3190 3602 3258 suspectum
3638 3187 3835 3241 reddi-

2191 3273 2354 3328 derat
2387 3273 2956 3340 Pacbomium,tatali
2985 3279 3188 3329 eventu
3213 3274 3387 3328 ﬁdem
3411 3273 3834 3344 explevit.Cum

2192 3362 2349 3416 enim
2373 3361 2453 3415 ibi
2479 3363 2609 3416 fixis
2626 3362 2890 3418 tentoriis
2910 3362 3196 3417 hazrerent
3214 3363 3594 3433 imperatores
3616 3361 3838 3432 pariter

2191 3452 2248 3504 et
2275 3449 2584 3515 exercitus,
2617 3449 2956 3521 ingravatus
3007 3449 3220 3506 seniori
3272 3453 3534 3522 Augusto
3591 3449 3840 3504 morbus

2192 3540 2303 3591 est.
2340 3537 2550 3591 Eodem
2587 3554 2756 3607 porro
2790 3538 2948 3593 brevi
2994 3543 3372 3594 accurrerunt
3421 3537 3707 3594 festinatis
3740 3553 3839 3592 ac-

2193 3623 2292 3679 citi
2323 3623 2546 3679 nuntiis
2575 3624 2858 3680 Tochari:
2895 3625 2992 3680 sed
3024 3625 3097 3681 iis
3126 3627 3238 3680 frui
3284 3642 3397 3680 non
3442 3625 3604 3679 licuit
3636 3629 3837 3696 optato

2192 3711 2468 3782 utrinque
2491 3712 3187 3784 conspectu,imperatore
3215 3713 3562 3768 decumbere
3583 3713 3656 3767 ob
3679 3729 3836 3767 mor-

2193 3797 2333 3853 bum
2367 3802 2662 3866 coacto,ac
2693 3800 2840 3854 nein
2875 3817 3023 3871 equo
3047 3800 3281 3870 quidem
3312 3799 3538 3855 valente
3571 3815 3631 3854 se
3660 3799 3837 3854 sociis

2195 3887 2843 3959 ostendere,coramque
2868 3886 3562 3958 illos,utcuperet,aﬂ‘ari,
3598 3888 3833 3958 quando

2195 3979 2251 4030 et
2280 3976 2340 4030 ei'
2363 3977 2607 4047 contigit
2637 3981 2703 4031 ut
2735 3979 2930 4032 nescio
2961 3977 3052 4031 cui
3095 3975 3292 4032 libello
3341 3977 3831 4047 subscriptionem

2191 4061 2252 4116 in
2283 4061 2429 4117 lecto
2461 4079 2758 4133 apponens
2787 4064 3030 4135 regiam,
3062 4063 3118 4116 in
3167 4062 3534 4134 expressione
3557 4062 3838 4134 temporis

2196 4150 2346 4206 529
2380 4151 2571 4216 solita,
2609 4167 2868 4206 mensem
2919 4151 3018 4222 qui
3052 4156 3176 4205 tum
3207 4151 3266 4205 in
3299 4167 3475 4206 cursu
3525 4154 3668 4220 erat,
3719 4149 3832 4204 No-

2192 4239 2512 4306 vembrem,
2537 4238 2705 4294 litera
2733 4239 2779 4294 N
2801 4239 3156 4310 designaret,
3189 4238 3454 4310 apicibus
3477 4238 3828 4307 quibusdam

2196 4327 2489 4395 adjunctis
2521 4327 2616 4394 qui
2650 4326 3008 4397 reliquorum
3041 4328 3170 4396 ejus
3217 4325 3483 4382 vocabuli
3514 4326 3825 4382 elemento-

2198 4429 2326 4468 rum
2377 4414 2561 4468 vicem
2607 4413 2924 4485 explerent,
2985 4432 3050 4470 ac
3098 4415 3359 4470 chartam
3413 4415 3496 4469 ita
3543 4415 3832 4486 signatam

460 4522 662 4577 pressa
692 4507 872 4562 irritis
894 4506 1304 4578 experimentis
1345 4511 1659 4561 conatuum
1705 4520 2093 4573 summorum,
2126 4505 2172 4570 D
2203 4501 2454 4557 reddens
2487 4503 2738 4558 diceret:
2771 4525 2800 4554 «
2830 4504 2970 4558 Ecce
3000 4504 3314 4559 conclusus
3337 4503 3663 4558 November
3690 4507 3834 4558 est.»

455 4595 626 4650 vitari
662 4595 819 4650 nulla
847 4595 900 4649 vi
943 4612 1134 4666 posse,
1196 4595 1310 4650 nisi
1365 4595 1518 4651 Deus
1576 4594 1897 4663 adjuvaret,
1957 4593 2098 4664 quin

459 4683 675 4753 pariter
705 4699 904 4738 omnes
952 4683 1149 4740 hiante
1198 4683 1344 4739 mari
1395 4683 1886 4748 absorberentur;
1947 4681 2091 4736 adeo

460 4771 651 4842 palam
683 4772 833 4827 vinci
876 4789 1108 4828 omnem
1154 4778 1336 4828 artem
1387 4773 1682 4827 nauticam
1731 4771 2095 4826 vehementia
2132 4843 2135 4845 _

460 4860 789 4930 ingruentis
813 4859 968 4914 mali.
1003 4861 1260 4916 Tandem
1293 4864 1552 4914 extrema
1581 4860 1678 4914 diu
1725 4859 2093 4915 contentione

461 4947 743 5003 obluctati
773 4948 1050 5002 fluctibus
1081 4965 1145 5003 ac
1175 4948 1382 5016 ventis,
1414 4952 1469 5002 et
1499 4964 1649 5018 saepe
1688 4949 1758 5002 ad
1818 4948 2092 5002 ultimum

461 5034 844 5090 demersionis
874 5036 1088 5090 admoti
1120 5035 1456 5105 discrimen,
1519 5033 1889 5090 Rhaedestuﬂi
1934 5039 2093 5090 metu

461 5124 781 5178 semineces
803 5122 1105 5194 appellunt
1135 5123 1219 5178 Ibi
1252 5123 1458 5178 diebus
1491 5123 1691 5194 paucis
1721 5138 1750 5177 e
1773 5123 2094 5192 jactatione

461 5211 725 5279 recreati,
759 5211 925 5284 equis
951 5227 1186 5267 rursum
1230 5210 1518 5266 inscensis
1551 5210 1798 5279 pervecti
1852 5209 2092 5280 Allagcn

465 5304 623 5354 sunt.

534 5388 663 5443 Hac
694 5388 970 5445 nimirum
1003 5387 1202 5459 Allage
1233 5387 1396 5443 locus
1429 5390 1574 5452 erat,
1627 5385 1726 5442 ubi
1767 5386 1890 5441 vitae
1922 5386 2096 5440 finem

466 5477 800 5550 imperatori
831 5492 1210 5532 occursurum
1243 5475 1602 5531 irrevocabili
1643 5475 1780 5530 olim
1811 5475 1962 5530 Deus
1995 5475 2096 5529 de-

467 5569 621 5621 creto
649 5569 951 5622 statuerat.
981 5567 1170 5636 Atque
1199 5563 1295 5619 ille
1325 5563 1561 5634 quidem
1585 5569 1904 5620 excaecatus
1927 5566 2099 5618 antea

463 5653 813 5711 Pachomius
843 5653 1176 5712 ostenderat
1215 5668 1393 5724 quam
1443 5651 1608 5710 vanis
1656 5650 2096 5724 suspicionibus

2209 4591 2434 4656 Quibus
2463 4590 2648 4647 altiori
2683 4609 2858 4663 quam
2882 4609 2994 4662 quo
3024 4592 3151 4663 ipse
3203 4591 3448 4663 loquens
3483 4595 3834 4663 penetraret,

2203 4679 2535 4750 signiﬁcatu
2561 4679 2930 4735 indicabatur
2951 4684 3079 4736 acta
3102 4679 3438 4752 imperatori
3470 4684 3685 4735 cuncta
3701 4695 3836 4735 con-

2202 4767 2386 4834 clusa,
2411 4768 2794 4839 praesagiente
2816 4768 2872 4822 id
2906 4768 3094 4839 ipsius
3125 4768 3343 4833 anima,
3363 4771 3420 4822 et
3448 4767 3608 4823 istud
3640 4766 3835 4839 ipsum

2203 4855 2515 4926 augurium
2539 4856 2612 4911 iis
2632 4856 2822 4911 verbis
2843 4856 3379 4912 efferenteJnterim
3412 4855 3839 4927 exspectatione

2204 4943 2462 4998 melioris
2484 4944 2753 4999 rediturae
2783 4944 3136 5000 valetudinis
3167 4944 3546 4999 differebatur
3569 4960 3837 5015 congres-

2203 5049 2307 5088 sus
2339 5032 2666 5100 all‘atusque
2693 5031 3111 5088 Tocharorum.
3136 5033 3346 5087 Verum
3370 5031 3681 5087 imminuta
3710 5033 3838 5102 ejus

2204 5121 2282 5174 rei
2315 5137 2418 5192 spe
2449 5124 2686 5191 propter
2727 5119 3222 5191 ingravescentem
3255 5121 3315 5174 in
3367 5121 3490 5175 dies
3546 5119 3837 5187 morbum,

2205 5213 2263 5264 et
2294 5213 2449 5263 metu
2481 5207 2688 5277 majori
2720 5209 3128 5274 accedente,ne
3157 5223 3301 5280 gens
3334 5208 3842 5280 eii‘era,desperata

2205 5295 2396 5352 salute
2429 5295 3095 5367 principis,regiones,in
3119 5311 3266 5366 quos
3309 5299 3475 5351 erant
3495 5296 3622 5366 ejus
3651 5295 3839 5351 accitu

2205 5383 2478 5455 ingressi,
2541 5382 2715 5439 solita
2762 5384 2907 5455 ipsis
2955 5383 3272 5454 rapacitate
3349 5383 3836 5455 depraedarentur,

2206 5476 2438 5528 coactus
2463 5473 2780 5544 imperator
2801 5477 2888 5528 est
2918 5472 3223 5528 admittere
3253 5471 3321 5528 ad
3348 5472 3701 5529 audientiam
3731 5473 3841 5529 du-

2207 5575 2304 5616 ces
2335 5575 2401 5616 ac
2431 5559 2719 5631 primores
2747 5561 3166 5629 Tocharorum,
3201 5575 3416 5631 eosque
3444 5575 3473 5614 e
3503 5558 3717 5616 lectulo
3749 5559 3838 5616 al-

2205 5647 2388 5720 loqui.
2424 5649 2570 5720 Ergo
2601 5648 2808 5721 vulgus
2837 5648 3072 5721 quidem
3107 5647 3388 5718 militum,
3421 5646 3676 5703 nationis
3705 5648 3838 5719 ejus
