4122 6272
256 349 366 404 ⁷993

1319 353 1416 405 DE
1452 351 1816 406 MICHABLE
1856 349 2299 408 PALEOLOGO
2333 353 2464 407 LIB.
2506 355 2604 408 VI.

3544 367 3650 423 994

269 467 565 546 θεραπείαν,
611 468 773 546 χάριν
825 471 918 544 μὲν
969 467 1114 545 ἔχειν
1165 469 1431 549 ἐκφαίνων
1475 472 1565 526 καὶ
1607 475 1687 543 τῷ
1740 476 1894 545 Νογᾷ
1932 476 1983 542 Α
2016 475 2179 539 ζεται.
2243 471 2415 534 Εὐθὺς
2473 475 2575 550 γὰρ
2633 477 2701 530 τά
2749 482 2845 532 τοῦ
2878 477 3197 538 δεσποτικοῦ
3246 488 3476 549 θανάτου
3518 489 3652 562 σύμ-

266 559 327 614 ti
381 559 499 613 κατ’
556 557 772 630 ἀξίωσιν
827 557 1182 628 ἐκτελέσαντι,
1245 561 1402 633 χάσιν
1451 557 1494 614 δ’
1528 558 1670 634 ἔχειν
1731 560 1909 612 κάκεί-

269 668 375 709 νοις
414 646 488 710 ὡς
515 645 812 719 προθύμως
861 646 948 700 ἐπὶ
1011 648 1262 720 βοήθειαν
1318 648 1678 718 ἀπαντήσασι,
1712 645 1906 720 δυσχε-

272 737 463 813 ραίνειν
495 733 538 788 δ’
571 734 656 789 ἐπὶ
786 736 930 806 νόσῳ
981 736 1064 789 ὅτι
1118 737 1192 808 μὴ
1243 739 1490 812 καθαρῶς
1539 738 1600 806 ἐᾷ
1643 739 1739 806 τήν
1774 737 1908 810 πρὸς

268 825 456 886 αὖτοὺς
503 824 752 897 ἐντυχίαν
802 823 1064 898 γίνεσθαι,
1117 825 1166 878 ἐν
1220 822 1402 878 ἐλπίσι
1448 823 1492 878 δ’
1546 821 1691 897 ἔχειν
1727 823 1907 899 ῥαΐσαι

267 921 360 982 τῆς
393 911 554 965 νόσου
603 911 789 965 καὶτά
817 911 954 984 πρὸς
1005 916 1179 983 θυμοῦ
1227 911 1522 984 ἐκτελέσαι,
1559 912 1614 966 εὖ
1673 912 1908 974 ἐκείνους

266 1005 514 1056 Imma?“
572 1000 645 1060 ὡς
704 997 870 1071 ἄξιονο
923 1001 1088 1054 Ταῦτ’
1135 999 1380 1062 εἰπόντος
1431 999 1631 1055 ἐκείνου
1656 999 1780 1062 τοὺς
1809 1006 1910 1054 Το-

269 1089 468 1164 χὰρους
529 1094 725 1161 σχῆμα
791 1088 884 1160 μὲν
942 1087 1254 1161 ἀλγούντων
1315 1086 1662 1158 ἐνδείξασθαι,
1717 1095 1910 1162 σχῆμα

268 1176 322 1233 δέ
349 1177 439 1232 καί
469 1175 802 1244 ἐλπιζόντων
861 1174 1012 1236 αὖθις
1069 1174 1347 1252 ἐμφαίνειν
1405 1178 1477 1237 ὡς
1531 1175 1708 1252 ῥαΐσοι
1762 1197 1819 1230 τε
1847 1177 1907 1230 τὸ

264 1267 430 1326 πάθος
482 1265 597 1337 μετ’
628 1263 690 1317 οὑ
720 1261 864 1317 πολὺ
917 1262 1004 1317 καί
1057 1284 1120 1337 γε
1151 1264 1325 1340 σφίσιν
1379 1261 1522 1318 ἔσται
1565 1264 1633 1318 τά
1662 1265 1766 1318 ἀπὸ
1813 1268 1908 1318 τοῦ

269 1354 533 1430 βασιλέως
587 1351 731 1406 καλά
789 1351 1145 1425 ὑγιαίνοντος.
1207 1352 1307 1408 Καὶ
1369 1353 1420 1406 οἱ
1481 1353 1573 1424 μὲν
1630 1356 1817 1419 ταῦτα,
1872 1355 1906 1421 ἡ

264 1442 420 1504 νόσος
477 1439 533 1495 δὲ
594 1438 840 1494 ἐπεδίδου
899 1440 987 1494 καὶ
1043 1440 1109 1494 τὰ
1140 1441 1334 1508 ἑαυτῆς
1378 1440 1624 1515 πληροῦν
1660 1439 1908 1513 ἔμελλεν,

263 1535 351 1593 Ὠς
406 1534 534 1605 γοῦν
592 1532 626 1598 ἡ
686 1530 846 1603 κυρία
902 1526 1088 1598 ἐνέστη
1147 1529 1234 1582 καὶ
1294 1526 1402 1598 ἤδη
1433 1530 1499 1583 τὰ
1536 1534 1630 1583 τοῦ
1662 1529 1906 1598 θανάτου,

265 1621 352 1676 καὶ
414 1617 625 1691 μᾶλλον
679 1623 797 1680 τοῖς
855 1616 1083 1689 ἰατροῖς,
1141 1614 1487 1691 προσδόκιμα
1537 1619 1625 1689 ἦν,
1683 1623 1762 1689 τῷ
1815 1619 1906 1690 μὲν

265 1708 571 1782 ἀκτουαρίῳ
603 1702 881 1776 Καϐασίλᾳ
931 1705 1030 1759 οὐκ
1079 1703 1319 1779 ἀσφαλὲς
1364 1706 1424 1759 τὸ
1475 1706 1907 1778 ὑπομιμνήσκειν

261 1799 327 1852 τὰ
381 1799 481 1849 τοῦ
537 1791 789 1847 κινδύνου
843 1790 1016 1847 ἐδόκει
1072 1793 1369 1865 (νομίζεται
1415 1793 1518 1867 γάρ
1548 1800 1662 1855 τοῖς
1695 1798 1906 1848 νοσοῦσι

262 1886 350 1940 καὶ
383 1888 543 1938 τοῦτο
582 1887 747 1955 μοῖρα
779 1881 1032 1953 θανάτου,
1067 1881 1246 1956 ὥσπερ
1298 1881 1356 1936 ἂν
1392 1882 1437 1935 εἰ
1469 1882 1639 1936 αἴτιον
1695 1884 1760 1951 ἦν
1819 1883 1906 1937 ἐπὶ

260 1971 480 2032 τούτοις
535 1971 597 2024 τὸ
651 1969 824 2045 λέγειν
877 1975 978 2024 τοῦ
1021 1969 1301 2045 γίνεσθαι),
1360 1970 1569 2047 ἀφεῖναι
1629 1969 1685 2024 δὲ
1741 1969 1903 2026 πάλιν

266 2060 520 2115 ἀπελθεῖν
544 2059 831 2131 ἀνέτοιμον
883 2057 942 2112 οὑ
973 2063 1080 2111 τῶν
1133 2056 1314 2111 καλῶν
1345 2055 1652 2130 ἐδοκίμαζε.
1701 2061 1792 2129 Τῷ
1820 2080 1906 2112 τοι

262 2145 579 2222 προσελθὼν
632 2150 712 2217 τῷ
769 2145 818 2218 ἐξ
871 2144 1077 2200 ἐκείνου
1129 2145 1345 2219 βασιλεῖ
1392 2143 1721 2219 Ἀνδρονίκῳ
1753 2145 1907 2220 ἐθαρ-

264 2237 345 2313 ῥει
397 2237 486 2290 τὸν
543 2234 704 2309 λόγον
736 2241 836 2303 τῆς
887 2235 1206 2311 ἀποφάσεως
1263 2235 1336 2296 ὡς
1393 2235 1457 2288 οὑ
1506 2235 1800 2309 βιώσοντος
1831 2231 1907 2290 ἔτι

254 2328 353 2378 τοῦ
389 2322 676 2398 βασιλέως.
708 2321 808 2378 Καὶ
869 2323 928 2384 ’ὀς
994 2320 1112 2376 οὐδ’
1161 2321 1318 2384 αύτὸς
1380 2323 1818 2395 ὑπομιμνήσκειν
1845 2324 1909 2377 τὸ

257 2412 582 2467 ἀπευκταῖον
633 2410 870 2487 ἐθάρρει,
923 2410 1076 2484 ὅμως
1133 2408 1189 2464 δὲ
1244 2411 1341 2480 τήν
1399 2411 1709 2483 ὲτοιμασίαν
1753 2410 1909 2488 σοφί-

259 2617 553 2674 donativis
585 2617 807 2672 curavit
836 2615 1091 2672 deliniri:
1127 2633 1391 2687 proceres
1423 2620 1616 2672 autem
1642 2617 1700 2672 in
1732 2617 1894 2672 cubi-

257 2705 589 2773 culum,ubi
620 2721 768 2776 aeger
800 2704 1207 2768 decumbebat,
1227 2705 1440 2759 accitos
1469 2705 1668 2760 audire
1700 2721 1893 2760 coram

259 2793 544 2863 afl'arique
574 2791 898 2847 constituit.
959 2793 1018 2846 Id
1080 2807 1255 2862 quam
1307 2793 1743 2861 decentissilno,
1795 2810 1897 2863 pro

265 2885 420 2936 statu
455 2881 718 2949 presenti
750 2896 968 2946 rerum,
994 2885 1277 2950 apparatu
1309 2881 1394 2935 sic
1417 2886 1607 2935 actum
1636 2886 1742 2936 est.
1777 2881 1895 2934 Cir-

180 2957 184 2961 ,
261 2969 635 3024 cumstabant
665 2967 940 3038 utrinque
973 2967 1286 3022 necessarii
1336 2984 1401 3023 ac
1434 2966 1748 3022 familiares
1780 2967 1892 3022 im-

257 3057 698 3128 peratoris.lpse
728 3056 1289 3126 connisu,quantum
1322 3056 1590 3112 debilitas
1631 3057 1890 3126 corporis

2017 556 2158 614 ϐολα
2196 559 2586 649 -εύτρεπίζεται,
2637 563 2667 618 ἃ
2727 563 2911 623 λαϐὼν
2945 572 3026 642 [Ρ.
3059 574 3184 644 360]
3242 576 3268 629 ὁ
3317 576 3488 649 ἱερεὺς
3544 556 3653 633 των

2013 653 2110 702 τοῦ
2159 647 2372 724 κλήρου
2413 653 2503 704 καὶ
2535 649 2803 723 εύλαϐῶν,
2865 657 3166 725 στολισθεῖς
3202 664 3274 725 ὡς
3325 647 3452 735 ἔδει,
3513 689 3654 744 παρ-

2020 736 2222 790 ίσταταί
2279 739 2330 791 0i
2386 739 2660 803 ἀνωίστως
2708 745 2933 817 πάμπαν
2991 747 3154 820 μηδὲν
3205 749 3393 808 εἰδότι.
3453 736 3654 832 Ἔτυχε

2018 823 2074 878 δὲ
2103 827 2236 899 πρὸς
2268 827 2359 880 τὸν
2383 834 2571 904 τοῖχον
2603 832 2741 906 ὁρῶν
2797 833 3068 908 βασιλεὺς,
3114 840 3201 892 καὶ
3231 842 3297 894 τὰ
3343 845 3461 907 καθ’
3491 823 3651 901 adt-5v

2015 913 2104 983 (ἦν
2181 913 2280 989 γὰρ
2332 917 2417 969 καὶ
2473 917 2598 980 τοὺς
2664 918 2966 994 λογισμοὺς
3018 924 3348 1000 ἐρῥωμένος)
3407 933 3480 995 ὡς
3536 934 3653 1006 εἶχε

2018 997 2400 1074 διανοούμενος
2437 1049 2448 1060 .
2525 1008 2735 1061 Ἵστατο
2803 1015 2930 1084 γοῦν
3004 1013 3030 1066 ὁ
3089 1012 3448 1092 πρεσϐύτερος
3508 997 3654 1096 παρά

2017 1087 2229 1162 θάτερα,
2288 1093 2353 1144 τά
2412 1093 2538 1165 ἅγια
2591 1091 2736 1169 δῶρα
2792 1104 3000 1172 κρατῶν
3062 1101 3113 1155 ἐν
3173 1106 3349 1177 χερσὶ,
3408 1108 3496 1162 καὶ
3553 1111 3652 1178 τὴν

2018 1175 2107 1228 ἀπ’
2156 1173 2363 1230 ἐκείνου
2411 1179 2500 1232 καὶ
2535 1181 2702 1251 μόνου
2756 1183 3081 1263 ἐπιστροφὴν
3116 1191 3250 1262 πρὸς
3280 1192 3437 1247 αὑτὸν
3487 1217 3654 1271 παραο

2019 1260 2191 1317 δοκῶν
2226 1265 2306 1340 ἐφ’
2335 1267 2516 1321 ἱκανὸν
2550 1275 2768 1324 σιωπῶν
2787 1260 3000 1330 ’ίστατοξ
3038 1279 3100 1332 Ὀ
3133 1260 3188 1330 δὲ
3229 1276 3333 1332 εἷ’τε
3373 1302 3424 1334 τι
3473 1260 3653 1338 τοιδῦ-

2015 1372 2107 1406 τον
2186 1353 2514 1426 ὑπονοήσας,
2597 1356 2706 1412 εἷ’άε
2772 1361 2858 1415 καὶ
2937 1362 3124 1425 ἄλλως
3196 1364 3420 1430 ἐπελθὸν
3483 1371 3652 1444 αὐτῷ,

2019 1439 2322 1514 ἐπεγκλίνει
2371 1444 2506 1515 πρὸς
2548 1444 2641 1498 τὸν
2699 1443 3081 1524 πρεσϐύτερον,
3132 1453 3222 1507 καὶ
3279 1454 3373 1528 ἅμ’
3404 1456 3508 1512 εἶδε
3563 1439 3654 1514 καὶ

2020 1528 2132 1598 ἅμα
2163 1531 2374 1601 συνῆκε,
2407 1532 2484 1586 Τὸ
2516 1530 2714 1605 δρᾶμα,
2773 1536 2884 1605 καὶ,
2944 1538 3032 1609 Τί,
3092 1543 3244 1614 φησί,
3302 1549 3501 1614 τοῦτο;
3543 1553 3652 1604 Τοῦ

2017 1619 2148 1688 γοῦν
2207 1617 2392 1691 ἱερέως
2451 1619 2525 1679 ὡς
2584 1620 2713 1695 ὑπὲρ
2744 1623 2907 1678 αὑτοῦ
2939 1626 3220 1698 εὐξάμενοι
3270 1632 3519 1707 ιρέρουσιν
3580 1637 3656 1699 εἰς

2023 1705 2273 1778 βοήθειαν
2333 1705 2516 1760 καὶτά
2546 1705 2694 1781 δῶρα
2721 1711 2788 1764 τά
2833 1711 2908 1773 εἷς
2961 1715 3135 1788 ὑγείαν
3194 1705 3506 1777 συνοίσοντα
3561 1722 3656 1778 λέ-

2017 1812 2228 1864 γοντος,
2280 1793 2438 1854 αὐτὸς
2488 1792 2749 1868 διακόψας
2796 1798 3101 1876 ἀναθαρρεῖ,
3160 1806 3250 1859 καὶ
3306 1815 3405 1877 τῆς
3462 1810 3654 1882 κλίνης

2018 1879 2316 1954 ἀνέγρεται,
2381 1883 2468 1936 καὶ
2525 1889 2675 1952 ζητεῖ
2726 1886 2921 1956 ζώνην,
2981 1891 3069 1943 καὶ
3125 1895 3186 1946 τὸ
3239 1895 3390 1969 ἅγιον
3443 1879 3656 1971 διέξεισι

2018 1963 2319 2038 σύμϐολον,
2370 1970 2458 2023 καὶ
2513 1973 2596 2040 τὸ,
2658 1999 2683 2023 ‹‹
2724 1973 2915 2049 Κύριε,
2967 1977 3120 2053 ῥῦσαί
3181 2003 3247 2054 με
3275 1983 3334 2038 ἐκ
3381 1993 3481 2055 τῆς
3515 1963 3656 2064 ιξὶρας

2015 2055 2234 2125 ταύτης,
2286 2081 2313 2107 ››
2359 2057 2548 2130 εἶ’πὼν,
2597 2063 2685 2114 καὶ
2734 2063 2799 2116 τά
2828 2064 3007 2120 εἰκότα
3039 2073 3464 2143 ποτνιασάμενος
3521 2055 3657 2150 πρὸς

2015 2143 2108 2196 τὸν
2160 2146 2435 2217 Ὕψιστον,
2492 2149 2588 2215 τὴν
2649 2149 2810 2219 ἀμίαν
2846 2153 3148 2229 μετάληψιν
3179 2155 3415 2233 δέχεται,
3446 2165 3534 2217 καὶ
3564 2143 3660 2219 πε-

2019 2232 2124 2284 σὼν
2181 2231 2330 2296 αὖθις
2381 2235 2469 2289 καὶ
2521 2238 2704 2311 καιρὸν
2757 2239 2999 2314 ἐπισχὼν
3059 2246 3158 2311 τὴν
3210 2231 3408 2322 ψυχὴν
3444 2251 3658 2328 ἀφίησι.

2017 2321 2120 2376 Καὶ
2149 2318 2216 2413 δη
2245 2321 2573 2413 τελευτήσας
2621 2324 2728 2400 οὐχ
2754 2327 2936 2413 ,ἦττον
2994 2337 3110 2394 τοῖς
3163 2338 3269 2388 τῶν
3290 2318 3590 2413 ΠΤοχάρων
3623 2344 3658 2412 ἢ

2016 2413 2122 2462 τῶν
2170 2409 2384 2464 οἷ’κείων
2414 2411 2700 2485 τετίμηται
2746 2412 3021 2492 δάκρυσιν.
3081 2422 3158 2477 Οὗ
3203 2423 3294 2476 τὸν
3350 2409 3538 2502 νεκρδν
3595 2409 3657 2484 To

2004 2616 2287 2672 Cabasilae
2318 2617 2473 2672 haud
2524 2619 2756 2676 animus
2788 2627 2983 2680 tamen
3033 2628 3243 2697 adfuit,
3294 2633 3644 2704 praevalente

2007 2710 2167 2759 metu
2227 2706 2588 2777 offensionis,
2650 2710 2945 2768 indicandi
2993 2716 3256 2788 Augusto
3314 2722 3637 2791 periculum

2005 2808 2202 2846 suum.
2240 2797 2381 2847 Nam
2414 2800 2473 2849 et
2502 2794 2614 2850 hoc
2645 2799 2837 2854 fatalis
2862 2801 3000 2856 hora
3024 2803 3306 2876 ingruens
3329 2809 3532 2865 afferre
3557 2828 3644 2866 so-

2005 2878 2162 2934 letin
2196 2880 2404 2950 primis
2440 2883 2674 2937 noxium
2709 2887 3076 2956 mortalibus,
3111 2898 3174 2947 ut
3207 2894 3429 2952 indices
3461 2914 3643 2968 quan.

2005 2969 2223 3022 tumvis
2262 2969 2566 3024 benevolos
2611 2972 2974 3030 imminentis
3024 2980 3240 3048 obitus,
3277 2987 3557 3055 tanquam
3592 2989 3639 3042 si

2008 3057 2136 3124 ejus
2168 3072 2346 3111 causa
2377 3064 2593 3126 essent,
2629 3077 2828 3117 exosos
2852 3064 2966 3118 fere
2997 3065 3436 3126 habeant.ldem
3470 3090 3639 3144 porro

252 3145 495 3213 ferebat,
530 3149 758 3199 erectus
788 3149 845 3198 et
876 3144 1087 3198 lectulo
1118 3144 1757 3231 insidens,obsequium
1795 3147 1890 3198 be-
1926 3150 1968 3216 ρ
2011 3143 2333 3199 Cabasillas
2369 3145 2623 3216 icligioni
2657 3150 2862 3205 merito
2893 3153 3140 3210 ducebat
3171 3157 3253 3212 sic
3285 3143 3639 3231 imparatum

251 3231 592 3288 nevolorum
625 3232 912 3286 sociorum
949 3233 1019 3285 ad
1055 3230 1298 3286 amicam
1333 3231 1728 3286 invitationem
1763 3237 1890 3285 stu-

249 3322 412 3376 diose
444 3321 872 3375 occurrenlium
905 3320 1168 3389 impense
1201 3321 1890 3390 commendavit,gratum

249 3410 308 3464 id
339 3409 450 3463 sibi
485 3414 540 3462 et
574 3407 815 3461 memori
849 3407 1044 3461 animo
1075 3408 1443 3462 condendum
1478 3409 1732 3463 officium
1761 3425 1891 3478 pro-

255 3499 458 3552 ﬁtens.
497 3496 559 3550 In
594 3495 800 3566 primis
832 3512 894 3548 se
923 3499 1094 3565 Nega:
1125 3495 1341 3564 gratias
1371 3511 1539 3566 agere
1563 3495 1893 3566 babereque

256 3585 542 3658 plurimas
577 3587 936 3638 contestatus
960 3584 1227 3652 est,quod
1253 3581 1303 3637 is
1337 3588 1452 3636 tam
1481 3589 1893 3654 prompte,tam

255 3672 484 3747 prolixe
516 3671 732 3743 petenti
767 3669 875 3724 sibi
911 3671 1063 3740 quod
1118 3674 1346 3739 optarat
1398 3673 1698 3724 annuisset
1731 3691 1744 3738 ;
1778 3688 1892 3743 quo

252 3761 524 3826 nomine,
552 3764 616 3813 ut
646 3759 789 3830 ipsis
821 3775 967 3829 quos
994 3757 1293 3829 spectabat
1325 3775 1598 3828 prasens,
1641 3760 1739 3829 qui
1772 3765 1891 3814 tarn

259 3857 503 3906 strenue
529 3846 741 3902 auxilio
763 3847 1079 3909 venissent,
1114 3845 1302 3900 sicilli
1333 3845 1430 3915 qui
1479 3846 1728 3917 benigne
1785 3847 1891 3901 mi-

259 3939 464 4004 sisset,
495 3941 774 3992 aeternum
808 3952 868 3990 se
900 3935 1242 3989 obstrictum
1277 3935 1415 3988 fore.
1461 3935 1894 3990 Perincommo-

256 4030 405 4082 dum
441 4025 541 4079 tali
573 4022 814 4079 articulo
848 4022 959 4079 sibi
992 4023 1256 4077 morbum
1299 4022 1453 4076 hunc
1488 4023 1889 4088 intervenisse,

257 4117 405 4188 plus
436 4115 562 4169 ideo
595 4113 905 4168 molestum
941 4112 1094 4182 quod
1127 4112 1338 4182 quibus
1358 4111 1745 4166 destinaverat
1765 4113 1889 4166 offi-

250 4205 370 4261 ciis
392 4202 738 4272 indiciisque
769 4202 922 4256 530
951 4199 1070 4254 veri
1102 4199 1319 4254 amoris
1358 4199 1618 4269 excipere
1652 4216 1890 4271 genero-

249 4310 360 4349 sos
392 4291 578 4347 socios
608 4307 716 4344 sua
745 4305 922 4343 causa
951 4294 1069 4342 tam
1101 4287 1269 4359 longe
1313 4289 1599 4359 profectos
1656 4288 1889 4343 interim

251 4378 980 4454 prohiberetur.Caeterum
1011 4393 1246 4446 sperare
1279 4377 1432 4432 brevi
1458 4377 1890 4446 remittendum;

251 4468 495 4538 sibique
519 4466 846 4522 valetudine
875 4469 1214 4536 recuperata
1244 4470 1496 4536 optatam
1537 4482 1669 4520 mox
1718 4465 1894 4520 facul-

249 4563 444 4614 tatem
469 4556 644 4610 afl‘ore
671 4559 896 4625 gratam
944 4569 1108 4606 suam
1161 4569 1296 4624 erga
1327 4554 1485 4624 ipsos
1541 4555 1896 4609 voluntatem

256 4643 676 4700 consentaneis
707 4650 762 4697 et
785 4641 992 4696 merito
1024 4641 1283 4711 ipsorum
1317 4647 1372 4696 et
1403 4658 1508 4696 suo
1557 4643 1750 4697 studio
1798 4644 1894 4697 be-

249 4731 485 4788 neficiis
518 4730 1054 4802 expromendi.Haec
1084 4746 1148 4784 eo
1182 4730 1381 4800 paucis
1416 4735 1470 4783 et
1500 4746 1646 4800 aegre
1679 4730 1893 4796 locuto,

258 4819 541 4876 Tocharii
585 4836 701 4890 pra:
736 4835 799 4873 se
851 4817 1111 4872 tulerunt
1167 4817 1359 4872 dolere
1413 4833 1476 4872 se
1525 4819 1894 4873 incommodo

252 4907 548 4981 principis
578 4905 772 4970 amici,
804 4921 1134 4977 cupereque
1167 4923 1231 4960 ac
1261 4922 1493 4977 sperare
1550 4906 1703 4961 brevi
1760 4923 1891 4961 eum

251 4995 690 5052 restituendum
721 4994 782 5048 in
834 4992 1236 5048 salubritatem
1270 4993 1610 5065 pristinam;
1647 4999 1895 5065 tuncque

247 5101 324 5141 se
349 5082 652 5138 sinceriori
684 5086 1061 5154 percepturos
1091 5081 1305 5153 gaudio
1345 5081 1636 5151 promissa
1669 5083 1739 5137 ab
1769 5083 1894 5153 ipso

242 5175 430 5228 bona.
469 5173 554 5226 Ita
583 5170 701 5224 illi.‘
724 5170 1006 5224 Caeterum
1051 5169 1292 5224 morbus
1321 5169 1456 5223 inde
1500 5186 1815 5241 augescens
1839 5169 1890 5223 vi

241 5276 374 5332 qua
404 5259 786 5331 grassabatur
815 5275 982 5327 saeva,
1018 5257 1171 5312 haud
1206 5258 1448 5313 obscure
1479 5263 1807 5328 Augustum
1832 5259 1888 5312 in

246 5347 563 5405 interitum
598 5345 1172 5418 urgebat,adfuitque
1195 5362 1307 5399 non
1343 5345 1523 5401 multo
1556 5351 1685 5416 post
1715 5345 1891 5400 mini-

241 5454 348 5494 me
388 5436 584 5490 dubiis
652 5435 1020 5506 agnoscenda
1070 5434 1304 5489 indiciis
1361 5451 1634 5505 suprema
1679 5440 1891 5506 aegroto

236 5527 403 5594 dies,
440 5525 676 5596 quando
707 5522 953 5578 medicis
985 5521 1129 5577 nihil
1157 5523 1358 5577 mitius
1388 5539 1563 5593 quam
1597 5528 1888 5579 maturum

233 5610 662 5670 decumbentis
695 5609 920 5666 obitum
956 5609 1147 5682 palam
1176 5611 1600 5682 ominantibus,
1632 5612 1890 5668 actuario

2004 3246 2074 3285 ex
2104 3234 2223 3286 vita
2273 3235 2548 3288 excedere
2596 3244 2924 3308 Augustum
2971 3243 3178 3300 sinere.
3213 3246 3398 3307 Quare
3430 3251 3634 3306 defun-

2003 3325 2232 3374 cturum
2270 3322 2380 3376 isto
2413 3339 2474 3377 se
2524 3340 2658 3394 erga
2704 3325 2869 3382 illum
2903 3330 3093 3386 ofifcio
3143 3337 3386 3405 putavit,
3421 3339 3471 3392 si
3521 3341 3640 3396 filio

2003 3409 2442 3480 successorique
2459 3411 2586 3480 ejus
2613 3415 2938 3472 Andronico
2961 3417 3275 3477 discrimen
3314 3425 3635 3483 denuntia-

2001 3499 2086 3548 ret
2115 3496 2296 3565 patris
2328 3502 2672 3566 extremum,
2714 3505 2864 3572 quod
2900 3510 2956 3560 et
2989 3509 3188 3564 statim
3239 3512 3391 3568 fecit.
3426 3514 3637 3572 Verum

2004 3598 2076 3636 ne
2109 3583 2476 3638 Andronicus
2509 3586 2742 3656 quidem
2774 3607 2956 3646 ausus
3004 3601 3092 3650 est
3123 3602 3240 3652 tam
3276 3600 3502 3656 tristem
3537 3621 3638 3676 pa-

2003 3670 2153 3725 renti
2189 3671 2391 3726 afferre
2424 3674 2717 3730 nuntium.
2752 3679 2970 3735 Tamen
3022 3683 3241 3753 aliquid
3293 3670 3641 3761 excogitavit

1999 3775 2109 3828 quo
2144 3775 2318 3814 suum
2370 3763 2692 3832 utcumque
2736 3765 3032 3822 silentium
3088 3772 3405 3844 suppleret.
3458 3777 3638 3834 Jussu

2000 3846 2223 3901 scilicet
2252 3849 2378 3918 ejus
2422 3849 2616 3904 subito
2669 3859 3022 3922 promuntur
3070 3858 3382 3917 Dominicaa
3435 3869 3639 3922 mortis

1999 3936 2414 4008 symbola,quaa
2446 3941 2714 3994 sacerdos
2741 3941 2877 3996 cleri
2905 3944 3149 4014 palatini
3170 3953 3636 4025 venerabundus,

2005 4042 2116 4093 quo
2153 4042 2254 4095 par
2285 4033 2406 4080 erat
2435 4033 2640 4083 ornatu
2692 4031 3004 4101 accipiens,
3041 4035 3354 4107 improviso
3399 4057 3639 4111 prorsus

2004 4113 2073 4166 ad
2096 4115 2240 4169 53]
2273 4113 2416 4167 nihil
2443 4115 2637 4170 minus
2658 4119 3010 4189 cogitantem
3027 4125 3350 4194 Augustum
3368 4131 3635 4186 accessit.

2000 4200 2134 4290 Erat
2193 4218 2342 4272 aeger
2384 4207 2522 4258 tunc
2560 4206 2703 4260 forte
2761 4207 2920 4262 vultu
2975 4212 3044 4264 ad
3097 4212 3373 4281 parietem
3416 4233 3638 4290 averso,

2000 4289 2157 4377 curis
2189 4295 2253 4344 ut
2284 4292 2599 4361 apparebat
2641 4293 3028 4353 familiaribus
3079 4299 3374 4358 intentus:
3406 4289 3640 4377 vigebat

1999 4376 2151 4432 enim
2186 4377 2380 4433 animo
2404 4396 2507 4434 nec
2531 4381 2598 4434 de
2632 4382 2936 4450 judicandi
2963 4387 3091 4457 ejus
3123 4393 3222 4444 aut
3252 4376 3638 4450 ratiocinandi

2004 4465 2199 4520 solerti
2232 4467 2552 4522 acrimonia
2580 4469 2903 4540 quidquam
2954 4476 3194 4531 morbus
3233 4479 3632 4536 imminuerat.

2008 4555 2210 4609 Stabat
2240 4555 2421 4627 igitur
2468 4555 2526 4610 in
2576 4559 2865 4614 contraria
2914 4568 3074 4633 parte
3124 4567 3424 4639 presbyter
3469 4586 3638 4627 sacra

2005 4643 2157 4696 dona
2189 4659 2363 4698 manu
2408 4644 2725 4714 sustinens,
2757 4652 2814 4701 et
2843 4649 2981 4703 dum
3030 4651 3128 4706 ille
3158 4671 3220 4707 se
3269 4661 3475 4725 sponte
3507 4675 3639 4714 con-

2001 4735 2272 4799 verteret,
2333 4735 2423 4785 sat
2479 4730 2648 4803 longo
2700 4743 2956 4806 tempore
3000 4739 3230 4796 silentio
3272 4751 3634 4816 exspectans.

2004 4819 2258 4873 Tandem
2296 4820 2629 4889 imperator,
2663 4823 2780 4877 sive
2824 4841 2938 4894 quo
2986 4829 3269 4885 excitatus
3317 4833 3486 4905 signo
3518 4837 3638 4892 sive

2001 4905 2283 4960 instinctu
2329 4907 2571 4978 proprias
2623 4911 2836 4966 mentis
2886 4914 3244 4985 admonitus,
3295 4921 3394 4975 ubi
3427 4924 3633 4979 faciem

2003 4995 2277 5049 aliorsum
2313 4997 2661 5063 retorsisset,
2693 4999 2816 5053 viso
2849 5003 3185 5075 presbytero
3229 5009 3428 5064 statim
3461 5011 3634 5066 intel-

2002 5083 2141 5136 lexit
2170 5100 2450 5154 quorsum
2484 5085 2533 5139 is
2557 5085 2827 5141 venisset.
2865 5089 3247 5162 Interrogavit
3267 5101 3462 5152 tamen
3494 5101 3633 5170 quid

2002 5171 2114 5225 sibi
2145 5187 2210 5225 eo
2237 5177 2464 5238 ornatu,
2499 5189 2564 5227 eo
2593 5179 2748 5228 statu
2774 5175 2964 5233 vellet.
3000 5179 3219 5251 Illoque
3250 5187 3633 5255 respondente

2001 5275 2127 5313 sese
2162 5263 2293 5328 post
2325 5276 2521 5330 preces
2554 5278 2658 5332 pro
2690 5262 2819 5330 ejus
2851 5263 3037 5319 salute
3080 5269 3238 5322 fusas
3261 5271 3435 5325 etiam
3469 5275 3632 5330 utilia

2001 5347 2049 5402 ei
2076 5348 2334 5418 juvando
2367 5349 2838 5404 etferendasacra
2861 5353 3011 5407 dona
3045 5357 3360 5427 putavisse,
3384 5376 3631 5430 quorum

2000 5436 2290 5508 perceptio
2321 5438 2390 5492 ad
2444 5439 2627 5494 morbi
2670 5457 2900 5511 quoque
2947 5443 3195 5499 valitura
3239 5448 3626 5509 exsulsionem

2000 5525 2164 5590 foret,
2191 5541 2303 5579 non
2336 5530 2665 5596 exspectato
2698 5527 2836 5581 dum
2872 5529 2925 5582 id
2963 5534 3146 5586 totum
3173 5538 3628 5610 pronuntiasset,

1998 5630 2144 5684 {eger
2174 5612 2366 5670 statim
2399 5613 2659 5669 excitans
2689 5631 2751 5670 se
2789 5614 2982 5687 ipsum
3034 5635 3216 5692 supra
3269 5623 3478 5682 lectum
3531 5646 3630 5685 ex-
