4122 6272
568 392 674 447 999
1624 402 1685 450 P.
1727 400 2002 454 POSSINI
2039 398 2653 454 OBSERVATIONUM
2691 402 2821 454 LIB.
2864 406 2907 456 Ι.
3783 414 3898 469 1000

568 512 794 567 συνόδου
827 517 1169 585 adjunctum
1206 520 1491 587 agnoscit.
1529 519 1580 573 is
1606 519 1761 573 enim
1794 522 1912 572 toto
1944 518 2050 572 hac
2076 536 2209 570 nar-
2323 526 2753 589 oppugnantes,
2787 524 2911 592 jam
2956 526 3193 594 jamque
3244 530 3307 580 ut
3354 529 3655 598 sperabant
3680 538 3889 603 capturi.

568 606 788 658 ratione
818 605 960 659 satis
992 606 1211 658 indicat
1238 623 1297 660 se
1342 608 1526 661 favere
1579 606 2197 676 patriarchaeArsenio,
2314 606 2565 675 Deiparze
2598 625 2763 662 suam
2801 611 3001 665 urbem
3070 614 3289 668 tuentis
3348 632 3451 686 cpe
3506 620 3719 673 contriti
3759 628 3888 693 sunt,

566 700 621 747 et
653 693 867 762 injuste
899 694 1239 748 damnatum
1278 702 1533 765 putasse.
1572 696 1730 749 Unde
1760 691 1982 747 σύνοδον
2029 712 2060 748 a
2088 712 2201 764 qua
2311 695 2565 763 primum
2594 696 2923 766 plusquam
2958 699 3161 769 viginti
3191 702 3448 757 millibus
3472 691 3888 773 ipsorumaBul;

566 784 883 835 damnatus
918 786 1003 835 est
1027 779 1268 852 αἰψηρήν
1296 785 1578 850 vocando,
1614 785 1772 837 visus
1818 792 1902 836 est
1941 782 2198 835 indicare
2307 781 2462 850 garis
2495 783 2679 849 caesis,
2714 785 2927 839 deinde
2962 787 3279 842 foedissimo
3310 791 3377 843 ad
3405 792 3756 849 Sosthenium
3781 816 3886 852 nau-

566 870 2197 941 voluissejudiciumistudejuspraafestinatumetcupide
2309 870 2489 937 fragio
2550 869 2731 925 classe
2786 874 3041 928 maxima
3089 892 3157 929 ex
3207 884 3366 946 parte
3413 880 3625 936 deleta:
3674 885 3883 955 denique

564 958 853 1029 poi-latum
885 958 1085 1024 fuisse,
1116 958 1172 1010 in
1199 960 1441 1026 gratiam
1468 959 1837 1028 imperatoris
1859 958 2197 1012 incumben-
2306 975 2455 1011 saeva
2500 960 2650 1014 fame
2683 960 2941 1031 ipsorum
2976 964 3231 1034 reliquiis
3258 972 3524 1037 usquead
3549 988 3701 1025 esum
3725 973 3889 1029 huma-

562 1045 637 1099 tis
668 1046 727 1098 in
763 1045 1037 1099 ultionem
1084 1046 1316 1099 duritiei
1379 1047 1740 1115 patriarchae,
1794 1047 1983 1116 potius
2016 1062 2192 1115 quam
2306 1062 2513 1099 norum
2561 1049 2930 1117 cadaverum,
3002 1053 3142 1122 quin
3219 1061 3275 1109 et
3328 1063 3663 1124 stercorum,
3708 1063 3888 1116 adactis

561 1150 625 1186 ex
660 1133 840 1202 culpas
874 1134 1099 1187 merito.
1128 1133 1375 1187 Adhibet
1409 1134 1621 1187 etalibi
1652 1134 1799 1188 hanc
1845 1134 2009 1201 quasi
2059 1150 2193 1204 pro-
2303 1134 2442 1187 dum
2476 1139 2559 1189 tot
2585 1136 2738 1191 mala
2768 1139 2935 1208 pauci
2961 1144 3305 1211 superstites
3328 1145 3651 1215 fungientes
3679 1164 3791 1203 cum
3815 1167 3884 1204 re-

562 1220 880 1275 verbialem
924 1221 1233 1275 formulam
1280 1222 1678 1292 Pachymeres,
1730 1227 1795 1275 ut
1843 1222 1945 1275 lib.
1977 1238 2033 1287 v,
2062 1238 2187 1291 cap.
2301 1220 2485 1276 siduis
2516 1224 2763 1294 navigiis
2798 1242 2898 1296 per
2928 1229 3177 1299 Aigaaum
3209 1238 3472 1301 currunt,
3505 1235 3753 1290 immissa
3769 1237 3890 1291 divi-

559 1309 649 1377 42,
686 1309 795 1395 sub
819 1310 1031 1395 ﬁnem;
1069 1309 1164 1361 ubi
1200 1326 1333 1362 cum
1370 1310 1539 1365 ambo
1571 1311 1738 1364 codd.
1772 1310 1812 1363 B
1841 1314 1896 1363 et
1921 1310 1965 1363 Α
2014 1308 2192 1363 liabc-
2300 1309 2457 1363 nitus
2506 1314 2788 1382 grandine
2836 1318 3078 1386 ardenti,
3135 1321 3303 1388 cujus
3352 1322 3538 1376 fervor
3584 1324 3753 1393 picem
3794 1342 3886 1395 qua

559 1402 686 1451 rent
720 1393 877 1448 λῦσαι
904 1392 960 1448 8‘s
994 1397 1270 1467 Λαιψηρὴν
1317 1397 1542 1469 ἀγορὴν,
1605 1397 1910 1451 manifesto
1966 1398 2164 1449 mendo

2299 1398 2504 1451 tabula:
2540 1400 2772 1454 navium
2790 1403 3309 1473 agglutinabantur
3326 1392 3638 1479 liquefecit,
3661 1428 3776 1467 cum
3796 1392 3880 1467 sua

558 1503 736 1540 manu
770 1485 1093 1539 remedium
1118 1485 1424 1539 attulimus
1457 1486 1861 1551 rescribentes,
1912 1489 1975 1538 ut
2019 1500 2189 1555 opor-
2298 1486 2374 1538 ibi
2409 1503 2609 1541 omnes
2634 1489 2818 1544 classe
2852 1494 3169 1564 perierunt,
3214 1496 3403 1552 tribus
3435 1504 3655 1553 tantum
3676 1502 3879 1554 navibus

556 1574 687 1641 tuit,
724 1577 877 1625 λῦσεν
916 1570 1205 1646 δἀἰψηρὴν
1238 1573 1462 1648 ἀγορήν,
1488 1591 1554 1628 ea
1585 1574 1776 1641 verba,
1816 1577 1878 1626 ut
1927 1571 2171 1642 plerum-

2297 1576 2366 1627 ad
2429 1575 2612 1630 cladis
2648 1578 2925 1633 indicium
2989 1583 3227 1637 domum
3280 1587 3527 1641 reversis
3563 1604 3575 1642 :
3619 1587 3709 1639 Διὶ
3749 1608 3882 1641 ταυτα.

554 1679 666 1733 que
699 1662 860 1730 solet,
896 1663 949 1715 in
984 1679 1229 1716 occursu
1261 1662 1699 1716 abhorrentium
1733 1678 1765 1714 a
1796 1659 2017 1730 vulgari
2053 1676 2171 1725 usus

2296 1662 2555 1731 (subjicit
2613 1665 2764 1721 idem
2815 1673 3031 1739 auctor)
3082 1670 3146 1722 τὰ
3206 1672 3449 1748 ὑπερφυῆ
3499 1674 3751 1745 Οᾳυμάσια
3797 1682 3876 1742 τῆς

552 1766 753 1805 secure
776 1749 1077 1803 omittente
1110 1748 1382 1803 Vaticano
1412 1749 1628 1803 codice.

2292 1749 2558 1824 πανάγνου
2607 1754 2693 1805 καὶ
2748 1757 3093 1829 Θεομήτορος
3136 1761 3233 1827 τὴν
3280 1766 3554 1835 παροῦσαν
3588 1764 3759 1836 ἑορτὴν
3786 1764 3880 1836 ἔορ-

2291 1840 2542 1909 τοὶζομεν.
2604 1841 2917 1904 Ἀκάοιστος
2978 1842 3035 1898 δὲ
3085 1852 3334 1920 εἴρηται,
3398 1848 3534 1904 διότι
3592 1848 3878 1923 ἁρθοστάδῃν

620 1872 933 1934 Ἀκάθιστος
995 1891 1046 1943 ρ.
1107 1874 1229 1926 257.
1312 1871 1725 1928 Celebrabatur
1777 1870 1883 1923 hoc
1970 1870 2171 1922 festum

2291 1870 2542 1909 νιαιθυμιν.
2619 1870 2915 1904 ΛΛαυιστυς

2293 1947 2310 1948 7
2331 1926 2345 1948 7’
2367 1947 2403 1948 77
2448 1932 2508 1948 77-
2582 1929 2592 1941 1
2634 1927 2653 1948 χ
2713 1931 2723 1943 \
2904 1932 2915 1945 \

544 1960 826 2023 ἀχάριστον
860 1962 1079 2015 dictum
1136 1964 1214 2029 τῷ
1269 1954 1532 2027 Σαϐϐάτῳ
1565 1964 1663 2025 τῆς
1712 1957 1965 2026 πέμπτης
2026 1952 2171 2008 £030-

2287 1927 2410 1978 τότε
2440 1932 2542 1987 πᾶς
2575 1929 2600 1980 ὁ
2634 1927 2763 1992 λαὸς
2792 1932 2926 1983 κατᾶ
2972 1935 3070 2001 τήν
3125 1934 3288 1989 νύκτα
3346 1936 3554 2007 ἐκείνην
3600 1938 3687 1992 τὸν
3738 1939 3875 2009 ὕμνον

548 2047 718 2122 μάδος
760 2055 859 2115 τῆς
891 2054 1341 2119 τεσσαρακοστῆς,
1403 2049 1482 2102 ait
1528 2046 1751 2101 Rituale
1808 2046 2175 2099 Graecorum:

546 2140 653 2193 hoc
692 2144 781 2194 est
813 2140 1044 2193 Sabbato
1081 2141 1294 2208 quintae
1340 2136 1678 2191 hebdomatis
1711 2135 2174 2205 Quadragesimaa.

544 2230 707 2285 Unde
737 2233 1113 2298 apparetquo
1139 2227 1423 2296 pertineat
1470 2225 1568 2279 illa
1617 2226 1833 2279 mentio
1880 2226 1986 2275 τῶν
2022 2223 2177 2289 συνή-

537 2317 641 2369 θων
673 2319 932 2382 νηστειῶν
987 2312 1356 2384 τελουμένων.
1406 2314 1673 2384 Origines
1728 2328 1896 2383 porro
1946 2312 2176 2365 institu-

536 2405 714 2459 tionis
736 2404 905 2459 istius
939 2403 1065 2458 festi
1082 2404 1209 2457 fuse
1236 2403 1607 2457 disseruntur
1636 2401 1691 2453 in
1717 2401 1916 2455 eodem
1936 2398 2171 2453 Rituali.

530 2493 659 2546 Haec
699 2509 929 2546 summa
984 2496 1091 2545 est.
1156 2492 1414 2544 Profecto
1447 2489 1506 2543 in
1553 2489 1846 2543 Persidem
1895 2496 2172 2540 adversus

533 2580 828 2635 Chosroen
862 2579 1124 2634 Heraclio
1156 2579 1530 2649 imperatore,
1557 2578 1860 2647 Chaganus
1876 2576 2168 2646 Mysorum

533 2673 590 2723 et
644 2668 990 2739 Scytharum
1049 2667 1187 2733 dux,
1246 2670 1415 2735 rupto
1464 2682 1595 2720 cum
1630 2664 1905 2719 Romanis
1938 2664 2167 2727 foedere,

532 2756 686 2812 536
714 2756 784 2810 ab
829 2754 1098 2811 Occiduis
1168 2754 1434 2825 partibus
1494 2769 1624 2807 cum
1684 2750 2166 2807 numerosissimo

528 2844 782 2899 exercitu
838 2843 1086 2897 infestus
1143 2840 1705 2912 Constantinopolim
1760 2856 1819 2895 se
1876 2840 2164 2905 admovet,

531 2932 699 2986 obvia
729 2947 972 3002 quaeque
1013 2933 1157 2986 faade
1185 2935 1424 2986 vastans
1451 2930 1704 2985 etmulla
1739 2927 2076 2997 blaspheme
2105 2927 2161 2980 in
2345 2934 2699 3007 Ἀκτουᾶρίος
2744 2954 2795 3004 p.
2855 2938 2979 2991 530.
3040 2941 3225 3002 Quare
3284 2942 3383 2997 hic
3441 2944 3726 3000 Cabasilas
3775 2958 3858 3013 prie

533 3022 713 3075 Deum
754 3024 1002 3074 minans.
1032 3022 1241 3074 Eodem
1275 3024 1539 3091 tempore
1567 3019 1850 3071 Sarbarus
1884 3017 2099 3070 missus
2130 3033 2163 3070 ἃ
2273 3023 2495 3077 cateris
2546 3023 2893 3079 intellexerit
2952 3026 3258 3083 imminere
3318 3038 3565 3088 mortem
3615 3029 3854 3104 agrotanti

526 3108 774 3163 Cbosroe
807 3125 937 3162 cum
972 3108 1155 3179 copiis
1185 3107 1563 3162 validissimis
1586 3104 1908 3159 Orientales
1930 3103 2161 3174 provin-
2270 3116 2551 3182 Augusto,
2612 3128 2727 3167 non
2778 3113 2952 3168 aliam
3007 3117 3377 3173 comminisci
3434 3103 3855 3175 verisimiliorem

520 3198 641 3251 cias
672 3196 785 3250 late
821 3196 1133 3267 populatus
1163 3202 1219 3249 et
1250 3196 1371 3265 ipse
1406 3194 1669 3248 alteraex
1700 3194 2153 3265 parteConstan-
2185 3239 2227 3273 ρ
2267 3216 2506 3254 causam
2548 3217 2715 3272 queo,
2750 3218 2925 3272 quam
2959 3205 3112 3273 quod
3147 3205 3281 3260 huic
3305 3224 3376 3262 ex
3407 3209 3597 3263 ofﬁcio
3619 3208 3851 3262 incubue-

522 3284 829 3355 tinOpolim
863 3285 1215 3354 aggreditur,
1251 3288 1398 3337 ferro
1431 3283 1785 3352 flammaque
1818 3281 2149 3352 passimsze-

2283 3289 2341 3341 ‘it
2393 3288 2701 3358 peculiaris
2745 3306 2883 3343 cura
2927 3294 3022 3341 τοῦ
3068 3289 3385 3360 νοσηλεύειν
3441 3296 3531 3349 καὶ
3579 3297 3855 3361 νοσοκομεῖν

516 3374 698 3427 viens.
724 3373 862 3427 Inde
887 3388 955 3426 ex
987 3372 1309 3442 composito
1340 3372 1572 3426 Barbari
1606 3374 1774 3425 ambo
1798 3376 1951 3424 terra
1972 3370 2150 3424 mari-
2263 3369 2670 3437 imperatorem
2696 3370 2898 3423 morbo
2924 3370 3789 3446 laborantem,intima,inquam,
3813 3376 3857 3425 et

513 3477 625 3530 que
658 3461 864 3514 urbem
899 3460 1074 3514 simul
1109 3464 1466 3531 oppugnant.
1504 3460 1611 3513 Sed
1648 3476 1778 3512 cum
1821 3458 2152 3528 patriarcha
2261 3474 2384 3524 quae
2412 3456 2525 3509 tale
2556 3461 2790 3527 tempus
2822 3460 3101 3528 postulat,
3132 3460 3405 3517 febrienti
3451 3465 3667 3536 corpori
3716 3461 3855 3516 mini-

511 3548 749 3617 Sergius
783 3547 1062 3617 pupulum
1097 3548 1165 3601 ad
1202 3546 1500 3599 {idendum
1534 3545 1591 3598 in
1626 3544 1875 3614 Deiparte
1900 3546 2148 3614 patroci-
2259 3544 2433 3599 stcria
2462 3545 3282 3616 exhibendi.Curporrotalem
3303 3552 3639 3607 ministrum
3665 3548 3853 3603 ἀκτουάι

517 3637 612 3689 nio
644 3636 953 3706 ipsamque
985 3635 1366 3688 invocandam
1390 3651 1500 3687 non
1529 3634 1741 3687 frustra
1758 3639 1911 3686 esset
1937 3632 2147 3685 adhnr-
2260 3652 2372 3704 ριον
2395 3632 2774 3703 Pachymeres
2806 3639 2969 3688 vocet
2990 3652 3127 3699 ,non
3164 3637 3330 3693 facile
3376 3647 3638 3694 occurret
3672 3652 3850 3709 prmoc-

509 3729 813 3792 tatus,tam
849 3723 1157 3777 manifesta
1189 3723 1273 3776 ira
1303 3723 1399 3776 Dei
1436 3723 1491 3775 in
1529 3727 1844 3790 utrumque
1873 3720 2143 3773 hostilem
2256 3722 2483 3790 cupatis
2514 3721 2783 3787 opinione
2816 3723 3135 3792 communi,
3170 3741 3346 3794 quam
3398 3735 3630 3782 secutus
3667 3732 3849 3781 Casau-

506 3813 819 3867 exercitum
846 3812 1133 3878 incubuit,
1171 3817 1233 3865 ut
1263 3816 1322 3865 et
1351 3816 1661 3864 terrestres
1722 3808 1898 3879 copiae
1958 3808 2142 3861 inter-
2256 3808 2705 3873 bonus,notisin
2740 3810 3091 3865 Trebellium
3142 3812 3490 3881 Pollionem,
3524 3812 3848 3885 reprehendit

507 3904 746 3957 necione
782 3903 1132 3969 delerentur,
1168 3908 1221 3954 et
1248 3902 1453 3955 classis
1480 3901 1752 3954 universa
1782 3904 1981 3952 exortu
2011 3915 2141 3969 pro-
2253 3896 3523 3975 PrmoniumGraecuminterpretemEutropii,
3548 3904 3844 3975 quodquam

498 3992 653 4045 cella}
686 3993 911 4056 subitre,
946 4009 1012 4045 ex
1044 3992 1172 4044 sinu
1206 3991 1426 4044 Ceratis
1459 3989 1610 4042 dicto
1644 3989 1713 4041 ab
1740 3988 2140 4040 substructio-
2252 3986 2308 4038 in
2363 3985 2461 4038 lib.
2520 4002 2576 4039 1x
2625 3986 2875 4039 Brcvarii
2926 3988 3283 4057 Eutropiani,
3333 3993 3432 4045 ubi
3488 3994 3556 4045 de
3586 3992 3837 4044 Victorino

496 4097 599 4133 nes
634 4080 832 4149 templi
890 4080 1144 4148 Deiparae
1179 4080 1233 4132 in
1270 4079 1461 4151 littore
1496 4077 1561 4129 ad
1600 4076 1951 4129 Blachernas
2016 4075 2135 4141 siti,
2251 4075 2462 4143 agitur,
2500 4073 2699 4126 Latine
2750 4074 3023 4142 scriptam
3070 4088 3357 4146 repererat
3392 4079 3631 4134 actuarz‘i
3659 4091 3839 4135 vocem,

493 4166 662 4220 allisa
696 4168 1073 4235 frangeretur.
1105 4166 1165 4218 1n
1191 4166 1509 4233 gratiarum
1537 4164 1824 4216 actionem
1850 4180 1950 4231 pro
1979 4168 2138 4216 tanta
2248 4162 2375 4230 ipse
2400 4162 2595 4215 Graeca
2626 4160 3205 4234 ὑπομνημκτογράφου
3240 4183 3356 4220 non
3404 4168 3722 4229 reddiderit,
3759 4161 3835 4217 sed

488 4254 730 4307 victoria
754 4253 1004 4324 populus
1031 4249 1559 4320 Constantinopolit
1581 4267 1727 4305 anus
1759 4256 1983 4303 noctem
2008 4268 2135 4321 por-
2247 4250 2539 4319 propriam
2574 4266 2700 4303 eam
2731 4250 2832 4303 viri
2870 4266 3077 4304 nomen
3113 4256 3425 4322 putaverit,
3460 4257 3516 4310 in
3540 4273 3648 4325 quo
3669 4267 3837 4309 secun-

494 4340 837 4410 vigilavitin
876 4340 1147 4393 laudibus
1180 4338 1453 4408 Deiparze,
1481 4342 1537 4391 et
1585 4338 1979 4391 anniversaria
2033 4340 2136 4391 de-
2244 4339 2315 4392 do
2366 4340 2490 4392 sine
2541 4339 2718 4393 dubio
2769 4340 3035 4393 Paaonius
3082 4344 3357 4411 peccavit.
3397 4350 3492 4399 Est
3548 4345 3691 4399 enim
3743 4338 3835 4394 illle

493 4428 695 4499 inccps
743 4428 1020 4497 religione
1053 4427 1199 4482 idem
1235 4431 1498 4497 repetens
1533 4426 1764 4479 initium
1799 4426 1957 4479 dedit
2000 4427 2134 4481 huic
2244 4444 2310 4482 ex
2342 4428 2597 4481 auctoris
2631 4432 2823 4481 mente
2850 4430 3154 4496 actuarius,
3189 4436 3253 4484 ut
3284 4448 3352 4485 ex
3400 4434 3622 4488 Aurelio
3651 4431 3833 4484 Victore

499 4515 1130 4585 festn,qnocldeindcin
1168 4515 1733 4585 prennemfirmitate
1766 4514 2127 4569 'ieststabili-
2174 4590 2192 4592 _
2242 4520 2298 4570 et
2326 4515 2608 4570 Trebellio
2666 4514 2941 4587 Pollione,
3003 4534 3150 4588 quos
3210 4520 3529 4592 EutrOpius
3575 4518 3829 4578 exscribit,

491 4603 1238 4672 tumDuplicialioDeiparte
1255 4603 1854 4657 beneﬁcio.Namcum
1890 4608 2133 4672 postan-
2166 4590 2212 4652 D
2245 4603 2569 4657 clarissime
2594 4608 2750 4673 patet
2781 4620 2892 4657 non
2930 4608 3229 4675 proprium
3260 4590 3654 4677 personae,sed
3675 4601 3829 4677 appel-

492 4691 2126 4761 numtricesimumsextumimperiiConstantiniPogonati
2237 4691 2479 4745 lativum
2524 4690 2891 4759 vocabulum,
2952 4692 3079 4746 vita:
3131 4710 3317 4764 genus
3370 4702 3429 4751 et
3478 4696 3827 4752 conditionem

492 4778 1398 4834 Saracenoruminnumerabiles
1431 4780 1605 4850 copia:
1637 4780 2122 4850 Constantinopo-
2234 4779 2585 4849 exprimens.
2622 4784 2697 4832 De
2732 4783 2935 4834 caetero
2980 4786 3308 4838 erraturum
3360 4786 3639 4840 contendo
3680 4781 3827 4837 fuisse

483 4866 588 4921 lim
622 4872 744 4922 toto
798 4869 1103 4938 septennio
1160 4867 1699 4931 circumsedissent,
1733 4868 1981 4922 evidenti
2018 4885 2124 4938 ope
2232 4867 2546 4935 Preonium,
2615 4867 2662 4919 si
2715 4866 3283 4945 ὑπομνηματογράφον
3319 4889 3423 4943 pro
3466 4871 3708 4928 actuario
3740 4884 3823 4937 po-

482 4956 807 5028 imploratsa
841 4975 875 5011 a
899 4955 1560 5025 Constantinopolitanis
1594 4956 1651 5009 in
1683 4958 1963 5010 auxilium
1992 4957 2118 5011 Dei-
2232 4956 2464 5020 suisset,
2518 4971 2768 5008 errorem
2836 4972 3035 5011 eorum
3094 4958 3192 5028 qui
3224 4959 3479 5029 speciem
3513 4977 3610 5031 pro
3638 4968 3813 5030 genere

482 5061 636 5114 para
696 5045 948 5115 primum
1009 5044 1331 5099 hiemantes
1372 5045 1559 5115 Cyzici
1608 5043 1819 5098 multos
1877 5061 2115 5099 suorum
2230 5049 2538 5114 usurpant.
2571 5044 2866 5106 Quantum
2897 5044 3051 5098 enim
3082 5062 3149 5100 ex
3180 5047 3383 5102 multis
3432 5050 3696 5119 colligens
3735 5059 3818 5097 au-

482 5133 753 5195 amisere,
787 5150 919 5187 mox
950 5139 1107 5188 metu
1142 5134 1200 5186 in
1233 5134 1428 5201 fugam
1462 5133 1646 5186 classe
1705 5136 1833 5185 acta
1881 5132 1949 5185 ad
2011 5133 2118 5202 Sy-
2228 5138 2411 5197 turno,
2447 5131 2682 5185 actuarii
2718 5131 3033 5186 universim
3067 5134 3363 5201 dicuntur,
3398 5137 3497 5206 qui
3539 5129 3818 5189 ministeria

474 5220 650 5275 laeum
675 5222 1228 5293 [P.366]ingruente
1261 5220 1582 5273 saevissima
1619 5224 1962 5289 tempestate
1978 5222 2116 5273 sub-
2231 5220 2541 5274 humiliora
2568 5236 2710 5273 usus
2742 5220 3067 5290 quotidiani
3099 5238 3246 5292 opus
3269 5222 3363 5278 his
3399 5224 3726 5278 habentibus
3742 5216 3816 5273 ad-

478 5310 655 5365 mersi
714 5311 906 5364 cuncti
946 5316 1104 5363 sunt.
1165 5309 1461 5363 Postremo
1510 5307 1616 5361 sub
1674 5308 1860 5361 Leone
1913 5310 2112 5363 lsauro
2227 5311 2449 5375 hibent,
2493 5308 2695 5379 quales
2726 5309 2875 5363 servi
2926 5309 3269 5382 plerumque
3317 5314 3606 5368 veteribus
3654 5311 3807 5365 erant.

478 5397 689 5453 Iisdem
723 5399 992 5453 Saraceni
1026 5395 1282 5451 victoriis
1328 5394 1561 5459 tumidi,
1606 5396 1759 5465 quod
1804 5400 2113 5452 Persarum
2226 5400 2379 5453 unde
2410 5415 2521 5453 non
2557 5414 2742 5466 usque
2773 5398 2913 5452 adeo
2944 5398 3211 5470 imperite
3242 5400 3391 5453 idem
3433 5401 3681 5456 Paeonius
3710 5390 3809 5447 δού-

472 5503 722 5555 regnum
743 5483 2111 5555 evertissent.Egyptum,At’ricam,iEthiopiam,
2224 5483 2324 5539 λου
2346 5502 2541 5539 vocem
2587 5482 2891 5556 ἀκτουαρίῳ
2952 5487 3364 5555 atljunxit.Sub
3415 5489 3519 5542 hac
3551 5488 3807 5542 universa-

480 5574 663 5644 ipsam
698 5574 871 5628 etiam
908 5573 1244 5645 Hispaniam
1280 5571 1716 5626 incursionibus
1764 5578 2111 5641 vastassent,
2222 5574 2384 5628 litate
2418 5572 2793 5627 familiarium
2825 5570 3809 5645 administrorumputocomprehen-

479 5678 610 5717 cum
647 5662 805 5718 mille
844 5662 1193 5735 octingentis
1245 5660 1488 5718 navibus
1546 5662 2109 5734 Constantinopolim

2290 5680 2317 5719 s
2343 5660 2919 5730 commentarienses,
2976 5661 3594 5738 ὑπομνηματογράφους,
3639 5658 3728 5716 sed
3763 5657 3806 5708 et

2289 2018 2355 2085 τῇ
2386 2019 2486 2067 τοῦ
2536 2018 2717 2089 Λόγου
2771 2021 2935 2091 μητρῖ
2978 2018 3239 2094 ἔμελψκν,
3284 2024 3375 2078 καὶ
3418 2027 3501 2078 ὅτι
3544 2026 3592 2079 ἐν
3642 2032 3756 2078 πᾶσι
3790 2032 3881 2084 τοῖς

2288 2099 2481 2162 ἄλλοις
2540 2101 2713 2166 οἷ’κοις
2768 2108 3029 2173 κχοῆσΟαι
3087 2107 3137 2177 ἐξ
3197 2107 3350 2172 ἔθους
3409 2109 3640 2184 ἔγοτες,
3697 2112 3741 2165 ἐν
3785 2117 3879 2173 τοῖς

2285 2194 2513 2261 παροῦσι
2571 2195 2666 2255 τῆς
2724 2196 3071 2269 Θεομήτορος
3117 2197 3266 2270 ὀρθοῖ
3326 2200 3523 2261 πάντες
3570 2200 3871 2272 ἀκροώμεθα’

2286 2279 2394 2333 hoc
2444 2285 2564 2335 est:
2631 2284 2859 2353 Pr0pler
2914 2285 3031 2341 haec
3089 2290 3271 2344 omnz'o
3357 2294 3474 2344 tam
3526 2290 3872 2346 admirandae

2281 2370 2589 2424 castissima
2648 2372 2739 2425 Dei
2798 2372 3068 2430 Gcnitrz’ce
3118 2394 3283 2446 opera
3356 2386 3548 2449 patrat
3602 2384 3875 2450 prasenltm

2280 2456 2425 2509 diem
2470 2463 2666 2525 festum
2714 2462 3061 2516 celebramus.
3099 2467 3405 2520 Acathz‘stos
3460 2484 3600 2533 vero,
3634 2467 3779 2536 quasi
3799 2484 3870 2520 ca-

2279 2560 2405 2598 rens
2450 2550 2706 2611 sessione,
2758 2549 2934 2604 dictus
2979 2564 3078 2621 est,
3111 2554 3251 2622 quod
3302 2558 3545 2624 populus
3618 2567 3717 2611 tota
3758 2565 3871 2611 nocte

2280 2633 2469 2688 stando
2535 2634 2801 2704 hymnum
2853 2639 3102 2708 Dez‘parse
3158 2642 3435 2709 concinat,
3496 2645 3733 2716 quodque
3778 2660 3864 2697 eum

2280 2720 2427 2775 539
2452 2724 2511 2775 in
2540 2722 2670 2777 aliis
2700 2726 2910 2779 aedibus
2940 2742 3009 2781 ea:
3036 2744 3185 2783 more
3215 2731 3417 2787 sedere
3456 2731 3643 2801 liceat,
3700 2734 3750 2787 in
3775 2730 3853 2786 an:

2275 2809 2476 2865 divinae
2504 2811 2692 2866 Matris
2711 2815 2877 2868 erecti
2906 2830 3089 2870 omnes
3108 2821 3314 2873 stantes
3345 2822 3735 2877 auscultamus.
