4122 6272
277 307 414 366 1001
455 308 460 313 ’

1737 305 2217 363 GMARIUM.

3529 304 3670 360 1002

271 427 609 503 νοσοκόμοος
638 429 1004 486 infirmorum
1037 430 1332 484 curatores
1378 432 1436 484 et
1496 428 1802 501 chirurgos
1859 432 1917 483 et
1945 430 1997 495 Α
2025 429 2268 484 hensus.
2307 428 2414 494 Qui
2445 427 2569 498 ipse
2598 428 2920 483 Salmasius
2952 428 3091 482 dum
3119 427 3359 499 subjicit
3388 429 3666 483 militares

269 524 482 578 horum
514 520 573 573 in
598 518 800 589 quavis
833 517 961 572 vita!
986 518 1335 571 necessitate
1372 523 1474 572 aut
1503 517 1915 573 commoditate

274 609 655 678 subadjuvas.
689 605 955 669 Qualium
986 621 1117 658 cum
1150 604 1458 673 plurimam
1476 623 1604 661 esse
1627 609 1918 677 oporteret

274 698 505 766 copiam
530 696 588 747 in
619 693 903 762 obsequio
936 696 1261 745 castrorum
1296 696 1716 761 Romanorum,
1747 708 1815 746 ex
1846 692 1915 746 iis

274 787 459 841 fuisse
516 799 628 836 non
690 797 866 851 parva
935 796 1003 833 ex
1062 785 1225 849 parte
1280 780 1597 834 conﬂatum
1670 781 1918 834 arbitror

273 873 669 930 actuariorum
702 885 934 939 corpus,
989 868 1142 937 quod
1201 867 1474 922 Aurelius
1532 868 1730 923 Victor
1760 867 1918 921 illam

270 964 461 1033 ipsam
492 957 770 1012 Victorini
804 956 1035 1027 tyranni
1062 971 1161 1024 per
1194 956 1584 1009 Atlititianum
1602 956 1916 1026 quemdam

272 1048 623 1110 actuarium,
649 1046 816 1113 cujus
847 1043 942 1097 ille
974 1059 1210 1097 uxorem
1257 1048 1643 1112 stupraverat,
1706 1060 1915 1114 procu-

271 1142 457 1193 ratam
506 1135 719 1190 caedem
779 1148 1134 1197 memorans,
1191 1132 1476 1186 describit
1534 1133 1625 1186 his
1682 1131 1913 1186 verbis:

270 1236 502 1288 Tantum
544 1228 941 1293 actuariorum,
990 1243 1224 1297 quorum
1271 1228 1381 1283 loco
1427 1229 1769 1282 Attititianus
1818 1229 1913 1281 ha-

270 1323 523 1382 bebatur,
582 1319 642 1373 in
699 1318 954 1372 exercitu
1000 1318 1267 1384 [actiones
1325 1318 1527 1384 vigent,
1564 1326 1626 1371 ut
1670 1318 1917 1371 arduum

264 1408 579 1480 petentibus
609 1405 829 1459 malitia
853 1412 1192 1475 patraretur.
1228 1404 1403 1459 Genus
1440 1406 1744 1469 hominum,
1772 1422 1915 1474 pras-

265 1500 459 1554 sertim
498 1498 601 1550 hac
656 1495 994 1564 tempestate,
1050 1509 1312 1563 nequam,
1368 1495 1575 1557 venale,
1625 1493 1913 1560 callidum,

268 1588 618 1652 seditiosum,
681 1582 919 1638 habendi
975 1582 1236 1653 cupidum
1298 1591 1455 1652 atque
1496 1584 1565 1637 ad
1611 1583 1913 1654 patrandas

268 1675 493 1745 fraudes
521 1673 891 1743 velandasque
914 1688 1071 1741 quasi
1128 1689 1165 1725 a
1200 1681 1404 1725 natura
1448 1676 1677 1741 factum,
1735 1687 1911 1725 anno-

269 1781 358 1819 nae
391 1764 706 1825 dominans,
723 1775 888 1830 eoque
912 1760 1081 1813 utilia
1098 1761 1423 1813 curantibus
1444 1764 1497 1812 et
1522 1759 1767 1827 fortunis
1788 1776 1911 1813 ara-

268 1860 451 1907 torum
508 1852 789 1919 in/estum,
842 1847 1081 1918 prudens
1136 1847 1194 1901 in
1254 1856 1494 1917 tempore
1552 1849 1612 1918 [P
1643 1848 1767 1917 367]
1827 1847 1910 1901 his

263 1938 549 2009 largiendi
570 1952 804 2007 quorum
834 1933 1103 1990 vaecordia
1126 1934 1434 2004 damnoque
1464 1951 1586 2003 opes
1615 1938 1909 1989 contraxe-

262 2030 361 2082 rit.
396 2028 523 2081 Haec
556 2024 827 2080 Aurelius
856 2023 1091 2090 Victor;
1124 2040 1249 2093 quae
1281 2028 1489 2078 cuncta
1517 2023 1732 2093 ὑπομνη
1749 2042 1909 2093 paro-

261 2112 515 2189 γράφοις,
569 2111 1029 2167 amanuensibus
1087 2115 1187 2164 aut
1243 2112 1649 2181 exceptoribus
1708 2127 1907 2164 eorum

270 2220 399 2273 quis
431 2202 748 2260 dictantur,
782 2199 1087 2253 convenire
1116 2200 1212 2268 qui
1242 2199 1471 2269 dixerit,
1504 2217 1588 2254 nte
1610 2200 1662 2254 is
1694 2198 1907 2253 milites

268 2290 566 2345 Romanos
617 2286 815 2342 fecerit
872 2286 1048 2339 nimis
1101 2286 1358 2340 literatos
1394 2304 1406 2341 :
1449 2292 1573 2340 tum
1632 2293 1907 2357 praeterea

266 2375 524 2432 laboravi
582 2374 641 2427 in
713 2373 1070 2442 expedienda
1122 2373 1382 2437 ratione,
1442 2390 1548 2429 cur
1600 2374 1657 2428 id
1721 2390 1907 2445 genus

261 2479 505 2521 annona?
535 2463 922 2517 dominaretur
941 2462 969 2515 7
1018 2478 1190 2529 quam
1242 2461 1727 2517 verisimillimam
1752 2464 1906 2519 540

271 2553 502 2621 reddat,
535 2549 633 2621 qui
666 2549 965 2620 paniﬁces,
992 2550 1260 2620 pistores,
1312 2557 1709 2620 Opsonatores,
1765 2566 1905 2604 cau-

267 2656 475 2712 pones,
536 2654 775 2709 coquos,
836 2637 1139 2706 propolas,
1190 2637 1524 2707 pincernas,
1582 2642 1905 2692 castrorum

270 2726 551 2782 frumenti
585 2726 869 2780 menstrui
903 2725 1284 2790 dimensores,
1309 2730 1363 2779 et
1383 2730 1619 2780 caeteros
1646 2726 1699 2779 id
1722 2742 1905 2796 genus

269 2815 343 2869 ad
374 2812 808 2867 inserviendum
837 2812 1227 2866 militantibus
1260 2815 1615 2879 auctoratos,
1641 2812 1697 2865 in
1730 2812 1906 2866 istum

274 2916 581 2955 numerum
611 2900 1107 2971 compegerit.Ego
1137 2916 1273 2954 vero
1307 2916 1416 2953 non
1443 2916 1677 2969 parvam
1701 2900 1905 2952 talium

272 2997 674 3053 ministrorum
709 3004 928 3069 partem
984 2998 1163 3052 fuisse
1199 2998 1448 3052 arbilror
1477 3014 1761 3067 aegrorum
1811 3003 1907 3051 aut

268 3087 475 3142 morbo
508 3092 607 3141 aut
651 3087 889 3142 vulnere
938 3102 1245 3157 corporum
1300 3090 1618 3151 curatores,
1671 3086 1901 3139 chirur-

2022 517 2136 570 dici
2177 532 2275 570 eos
2318 517 2417 587 qui
2469 516 2809 571 missionem
2853 534 2886 571 a
2932 515 3139 571 militia
3187 521 3552 588 acceperant,
3602 522 3668 572 ut

2021 604 2360 659 consulares
2393 605 2670 659 dicuntur
2714 604 2812 676 qui
2872 605 3143 659 consules
3203 605 3454 674 fuerant,
3515 606 3661 660 mihi

2021 693 2255 763 quidem
2285 709 2399 746 non
2445 693 2754 762 persuadet
2783 709 2903 746 rem
2944 694 3025 747 ita
3075 709 3307 763 semper
3363 693 3661 760 habuisse,

2021 779 2129 833 etsi
2163 796 2276 833 non
2310 795 2515 849 negem
2574 779 2886 847 aliquando
2944 781 3002 834 id
3062 798 3171 835 usu
3225 781 3474 837 venisse.
3533 783 3659 837 Non

2020 868 2211 933 credo,
2240 869 2509 936 inquam,
2532 868 2759 937 quoties
2789 869 2941 937 apud
2965 870 3286 938 quemlibet
3315 872 3658 940 scriptorem

2019 955 2287 1008 militaris
2319 953 2542 1023 aliquis
2590 954 2821 1022 dicitur,
2878 954 3047 1009 toties
3103 954 3349 1025 intelligi
3410 957 3655 1011 militem

2019 1043 2346 1095 emeritum.
2382 1042 2521 1095 Nam
2556 1058 2706 1112 saepe
2725 1040 3002 1096 militaria
3036 1059 3103 1096 ea
3126 1049 3406 1097 vocantur
3439 1060 3559 1114 quin
3583 1046 3654 1098 ad

2020 1129 2236 1183 milites
2269 1132 2579 1199 pertinent,
2609 1134 2673 1183 ut
2701 1146 2863 1183 arma
2910 1134 2965 1185 et
3007 1130 3354 1184 vestimenta
3384 1136 3441 1184 et
3494 1132 3653 1201 equi,

2017 1224 2073 1273 et
2104 1218 2395 1284 calonum,
2428 1218 2696 1287 lixarum,
2730 1219 3091 1281 institorum,
3144 1221 3244 1288 qui
3293 1228 3483 1274 castra
3542 1222 3657 1275 fre-

2019 1312 2303 1376 quentant
2341 1310 2406 1359 ut
2453 1306 2738 1360 militibus
2790 1306 3127 1372 inserviant,
3184 1306 3456 1362 militaris
3484 1310 3659 1362 turba

2019 1394 2495 1461 dicitursQuidni
2528 1411 2662 1464 ergo
2687 1396 2783 1465 qui
2821 1394 3111 1448 militibus
3145 1411 3495 1465 quocunque
3547 1412 3655 1450 no-

2020 1483 2172 1536 mine
2202 1482 2556 1547 ministrant,
2589 1482 2791 1552 quales
2822 1488 2987 1536 erant
3019 1483 3281 1550 actuarii,
3311 1488 3374 1537 ut
3404 1485 3654 1538 ostendi-

2017 1586 2170 1638 mus,
2206 1569 2486 1623 militares
2520 1569 2632 1623 dici
2666 1569 2963 1639 potuerint
2988 1569 3014 1622 ?
3037 1574 3184 1624 Sane
3216 1570 3295 1624 ita
3340 1588 3536 1625 vocem
3590 1573 3655 1625 il-

2014 1657 2130 1710 lam
2165 1661 2500 1726 usurpatam
2535 1674 2565 1709 a
2622 1657 2903 1721 Pollione,
2962 1658 3241 1711 attentius
3293 1660 3469 1713 verba
3525 1662 3653 1729 ejus

2018 1746 2395 1815 perpendenti
2430 1749 2603 1815 patet.
2638 1745 2789 1809 Quia
2821 1745 2975 1799 enim
3008 1746 3273 1800 dicturus
3319 1752 3443 1800 erat
3494 1748 3652 1802 necis

2017 1850 2252 1888 causam
2282 1832 2577 1888 Victorino
2608 1834 2793 1887 fuisse
2826 1848 3064 1887 uxorem
3123 1834 3365 1887 actuarii
3418 1839 3652 1905 stupra-

2015 1926 2157 1989 tam,
2183 1920 2533 1991 praamittere
2552 1920 2719 1975 illum
2744 1922 3043 1991 Opportuit
3058 1938 3168 1975 non
3184 1922 3435 1976 militum
3460 1924 3649 1978 solum

2015 2011 2115 2064 sed
2147 2009 2483 2063 militarium
2510 2010 2708 2075 etiam,
2734 2010 3037 2063 hominum
3064 2011 3265 2080 quovis
3290 2011 3480 2066 officio
3506 2012 3649 2066 mili-

2018 2098 2154 2151 tiam
2182 2097 2574 2167 sequentium,
2606 2113 2673 2150 ex
2695 2113 2809 2167 quo
2837 2114 3043 2167 genere
3063 2100 3304 2153 actuarii
3330 2105 3650 2169 erant,ma-

2012 2186 2303 2239 trimoniis
2321 2185 2764 2255 corrumpendis
2787 2202 2918 2239 eum
2943 2203 3171 2255 cperam
3197 2187 3445 2242 dedisse.
3463 2191 3649 2253 Quare

2011 2275 2344 2327 militarium
2373 2289 2481 2327 vox
2524 2274 2591 2327 ad
2646 2272 2818 2343 paulo
2871 2279 2999 2342 post
3038 2275 3336 2330 inductam
3366 2280 3648 2332 actuaria-

2012 2379 2137 2415 rum
2169 2361 2522 2415 mentionem
2552 2360 2802 2429 digitum
2838 2362 3105 2415 intendit.
3157 2363 3251 2416 Ila:
3286 2365 3427 2418 mihi
3488 2366 3649 2421 fuere

2013 2449 2351 2518 auspicandi
2384 2465 2592 2515 causa),
2626 2449 2952 2503 Cabasilam
2985 2451 3129 2505 541
3170 2452 3337 2521 cujus
3394 2453 3487 2506 hic
3523 2470 3647 2509 me-

2015 2537 2184 2591 minit
2205 2535 2609 2607 Pachymeres,
2631 2535 2933 2606 νοσοκόμον
2954 2541 3011 2591 et
3030 2538 3521 2594 valetudinarium
3548 2558 3650 2596 cu-

2013 2630 2261 2679 ratorem
2297 2624 2561 2677 Michaeli
2597 2623 2917 2694 Palazologo
2942 2625 3293 2680 moribundo
3309 2628 3644 2697 adhaesisse;

2012 2714 2103 2767 cui
2137 2729 2269 2766 cum
2303 2712 2513 2765 intima
2545 2712 2673 2781 ejus
2718 2715 2997 2782 temporis
3028 2715 3364 2769 admoveret
3387 2717 3646 2773 ministe-

2012 2799 2117 2865 ria,
2143 2797 2310 2853 facile
2340 2798 2512 2867 signa
2543 2798 3036 2852 mortisinstantis
3051 2801 3352 2854 observare
3372 2805 3644 2871 potuerit.

2009 2887 2176 2941 Tales
2206 2886 2358 2939 enim
2392 2886 2841 2956 imperatoribus
2870 2888 3522 2959 Constantinopolitanis
3548 2909 3649 2962 per

2010 2976 2129 3030 haec
2160 2980 2422 3045 tempora
2456 2973 2787 3028 ministrare
2820 2974 3208 3043 consuevisse,
3270 2978 3369 3048 qui
3402 2982 3646 3037 actuarii

2012 3063 2246 3118 nomine
2278 3065 2335 3116 in
2371 3062 2643 3117 Palatinis
2677 3062 2984 3132 dignitatis
3015 3064 3293 3119 honorem
3343 3073 3536 3123 evecto
3588 3071 3645 3125 in

264 3192 393 3247 809’
428 3175 927 3247 pharmacopmos,
974 3138 1468 3242 vajetudinarios;
1517 3138 1775 3243 quélium
1810 3192 1903 3228 as_
1934 3138 1977 3203 C
2018 3152 2151 3207 aula
2181 3157 2553 3206 versarentur
2578 3152 2845 3205 curandae
2874 3154 3267 3222 Augustorum
3307 3155 3647 3230 valetudini,

265 3264 481 3319 sectari
502 3265 733 3319 solitam
754 3264 1037 3318 exercitus
1053 3263 1343 3317 Romanos
1359 3262 1902 3317 numerosissimam

266 3352 713 3409 multitudinem
746 3368 813 3405 ex
842 3350 1032 3405 officio
1056 3355 1113 3404 et
1138 3349 1386 3420 publicis
1415 3349 1699 3420 impensis
1749 3355 1906 3404 extra

271 3454 505 3493 omnem
538 3438 921 3493 dubitationis
952 3438 1135 3492 aleam
1170 3443 1276 3492 est.
1312 3439 1498 3508 Atque
1529 3439 1672 3493 adeo
1702 3454 1770 3493 ex
1798 3438 1907 3493 hac

271 3527 676 3582 observatione
709 3531 847 3597 puto
886 3527 1073 3580 lucem
1106 3526 1325 3579 aﬁ‘undi
1359 3527 1429 3580 ad
1461 3526 1903 3597 intelligendum

272 3615 465 3671 locum
500 3615 811 3686 quemdam
845 3615 903 3669 in
936 3614 1169 3669 Novella
1208 3614 1524 3668 Justiniani
1585 3632 1748 3682 cxvn,
1810 3616 1905 3669 ubi

271 3711 650 3784 praescribeas
682 3711 998 3782 imperator
1028 3727 1140 3781 qua
1171 3710 1519 3765 certitudine
1550 3711 1758 3765 debeat
1779 3728 1911 3765 mu—

271 3800 402 3855 lieri
438 3816 594 3854 mors
620 3800 722 3853 viri
752 3802 879 3867 ejus
903 3798 1215 3853 militatum
1242 3799 1478 3869 profecti
1513 3803 1797 3863 constare,
1848 3804 1912 3853 ut

273 3891 383 3944 rite
410 3888 597 3959 possit
627 3888 697 3943 ad
744 3888 955 3942 alteras
1014 3886 1250 3957 nuptias
1304 3888 1573 3953 transire,
1633 3887 1909 3956 decernit,

272 3977 545 4049 siquidem
577 3978 636 4030 in
666 3976 1063 4030 scholariorum
1092 3973 1267 4028 classe
1300 3973 1389 4028 vir
1416 3974 1513 4028 ille
1562 3974 1846 4042 meruerit,
1881 3993 1915 4029 a

273 4067 478 4133 primis
506 4065 699 4119 scholae
730 4066 786 4118 in
838 4080 1002 4135 quam
1042 4067 1278 4133 scriptus
1333 4065 1533 4132 fuerat,
1586 4066 1636 4117 et
1692 4065 1915 4135 insuper

276 4155 345 4208 ab
377 4153 656 4221 actuario,
701 4152 808 4207 hoc
866 4155 975 4219 est,
1035 4156 1099 4204 ut
1156 4151 1381 4222 opinor,
1416 4168 1450 4205 a
1499 4151 1770 4222 chirurgo
1827 4152 1914 4206 vel

279 4241 707 4296 valetudinario
768 4239 1058 4307 ministro,
1093 4240 1192 4309 qui
1253 4238 1516 4293 videlicet
1546 4239 1596 4293 ei
1647 4241 1915 4295 morienti

279 4329 552 4396 astiterit,
583 4330 952 4383 testimonium
973 4327 1349 4397 jurejurando
1407 4326 1697 4394 ﬁrmatum
1752 4328 1918 4382 reddi

280 4419 347 4473 de
374 4435 490 4489 ejus
517 4422 708 4471 morte.
741 4416 931 4469 Verba
963 4416 1106 4485 legis
1139 4415 1259 4469 haec
1282 4420 1456 4470 sunt:
1490 4414 1554 4470 Ei
1616 4412 1670 4467 δὲ
1701 4414 1913 4488 σχολά-

2015 3242 2182 3296 docet
2212 3256 2317 3294 nos
2349 3239 2509 3293 locus
2542 3238 2771 3309 Georgii
2800 3240 3144 3311 Acropolitm
3182 3241 3242 3295 in
3276 3245 3434 3308 Hist.,
3469 3262 3525 3316 p.
3556 3246 3648 3311 34,

2014 3330 2104 3382 ed.
2139 3329 2276 3399 Reg.
2308 3345 2320 3382 :
2353 3323 2652 3399 Ἀντιλὲγει
2688 3322 2743 3378 δὲ
2787 3330 2903 3387 τοῖς
2937 3324 3251 3399 λεγομένοις
3283 3331 3310 3383 ὁ
3344 3329 3523 3404 ἷάτρὸς
3557 3335 3650 3392 Νι·

2013 3414 2213 3475 κόλαος
2249 3457 2262 3481 ,
2320 3414 2455 3487 ἀνὴρ
2513 3412 2708 3481 ἥκιστα
2768 3414 2862 3485 μὶν
2922 3412 3250 3492 φιλοσοφίας
3315 3421 3601 3494 μετασχὼν
3635 3470 3649 3495 ,

2015 3500 2177 3573 ἄκρος
2230 3499 2287 3555 δὲ
2335 3503 2433 3567 τὴν
2489 3500 2689 3555 οῒκειαν
2748 3501 2970 3577 τέχνην,
3028 3505 3115 3557 καὶ
3167 3505 3400 3577 μάλιστα
3430 3510 3527 3577 τὴν
3561 3510 3650 3567 διὰ

2014 3591 2203 3664 πείρας
2252 3590 2683 3663 γινωσκομένην.
2746 3590 2892 3645 Πάνυ
2951 3589 3007 3645 δὲ
3059 3593 3215 3655 οὗτος
3272 3597 3523 3670 ἠγαπᾶτο
3578 3607 3645 3675 τῇ

2020 3676 2285 3754 βασιλίδι,
2345 3677 2665 3750 ἀκτουαρίου
2710 3677 2767 3732 δὲ
2825 3680 2942 3755 εἷχε
2994 3685 3184 3754 τιμήν.
3240 3688 3318 3740 En
3377 3689 3647 3747 Nicolaus

2019 3768 2277 3826 medicus
2309 3771 2365 3821 in
2400 3773 2520 3822 arte
2551 3785 2658 3823 sua
2699 3770 3003 3836 excellens,
3037 3778 3093 3826 et
3149 3778 3468 3845 praesertim
3518 3782 3647 3849 ejus

2020 3859 2182 3931 praxi
2210 3864 2384 3928 atque
2424 3875 2533 3912 usu
2582 3859 2800 3922 dexter,
2850 3859 2909 3913 in
2957 3861 3236 3933 obsequio
3282 3872 3406 3920 erat
3458 3871 3654 3925 Irenes

2019 3949 2291 4018 Augustae
2318 3946 2562 3999 actuarii
2596 3947 2875 4016 dignitate
2900 3964 2911 4000 :
2949 3950 3151 4018 quidni
3180 3970 3377 4022 parem
3395 3972 3655 4026 operam,

2024 4035 2141 4105 pari
2172 4039 2607 4089 auctoramento
2630 4035 2807 4100 tituli,
2842 4036 3107 4091 Michaeli
3138 4045 3402 4111 Augusto
3434 4060 3659 4100 memo-

2022 4128 2185 4177 ratus
2215 4122 2324 4176 hoc
2355 4121 2477 4177 loco
2507 4122 2804 4179 Cabasilas
2828 4126 3124 4181 navaverit
3144 4128 3172 4181 ‘I

2094 4242 2360 4319 Ἀλλάγια
2391 4263 2445 4316 p.
2480 4246 2603 4301 310.
2660 4248 2722 4317 [Ρ
2779 4247 2907 4318 368]
2963 4249 3066 4305 Hic
3125 4268 3317 4307 vocem
3377 4252 3663 4330 ἀλλαγίοις

2022 4335 2339 4389 Vaticanus
2370 4334 2765 4405 interpolator,
2800 4340 2861 4390 ut
2884 4338 3030 4392 solet
3058 4342 3291 4408 quando
3322 4359 3436 4397 non
3492 4345 3657 4403 intel-

2024 4423 2176 4494 ligit,
2210 4422 2425 4477 omitit.
2461 4422 2542 4476 Ne
2573 4439 2905 4493 quaaramus
2954 4426 3233 4497 originem
3292 4430 3467 4499 hujus
3498 4450 3665 4489 voca-

284 4488 405 4577 ριοζ
460 4502 541 4571 εἴη
602 4502 807 4563 ἐκεῖνος
866 4503 927 4555 οὗ
984 4502 1105 4571 περῖ
1161 4498 1912 4577 τελευτῆςήἆμφισόήτησῖς

2026 4511 2147 4566 buli
2180 4510 2237 4564 in
2271 4510 2467 4564 Graeca
2498 4510 2718 4581 lingua,
2748 4512 3001 4567 deterret
3020 4518 3223 4569 auctor
3249 4517 3393 4589 ipse,
3416 4522 3515 4590 qui
3549 4540 3663 4578 non

283 4591 417 4661 ἐστι,
478 4591 622 4664 παρᾶ
670 4595 778 4643 τῶν
839 4589 1069 4663 πρώτων
1122 4596 1223 4656 τῆς
1272 4587 1484 4663 σχολῆς
1540 4588 1631 4642 καὶ
1687 4589 1914 4643 ἀκτουα-

287 4680 407 4754 ρίου
439 4681 737 4735 etc.Hosce
766 4679 1086 4751 generatim
1112 4680 1406 4733 actuarias
1440 4678 1781 4733 militarium
1815 4697 1915 4734 no-

286 4770 447 4825 mine
493 4769 830 4838 designatos
864 4785 896 4821 a
936 4766 1218 4821 Trebellio
1266 4766 1519 4821 Pollione
1571 4767 1915 4821 crediderim

284 4864 580 4936 equidem,
614 4865 751 4919 dum
809 4863 864 4917 in
925 4862 1073 4917 libro
1132 4863 1206 4917 De
1264 4863 1494 4930 triginta
1547 4863 1802 4933 tyrannis
1850 4865 1920 4918 de

288 4953 603 5017 Victorino,
636 4953 803 5021 cujus
837 4968 1015 5021 supra
1046 4949 1308 5018 memini,
1339 4949 1422 5003 sic
1472 4949 1671 5004 scribit
1704 4967 1716 5004 :
1760 4952 1920 5006 Solus

288 5041 599 5097 Victorinus
628 5042 686 5095 in
718 5039 950 5110 imperio
993 5040 1273 5101 remansit,
1336 5038 1432 5108 qui
1479 5042 1530 5093 et
1585 5040 1720 5109 ipse,
1781 5041 1922 5111 quod

284 5130 658 5184 matrimoniis
713 5127 958 5182 militum
1016 5134 1067 5181 et
1125 5126 1461 5180 militarium
1507 5127 1923 5196 corrumpendis

284 5233 513 5287 operam
568 5216 748 5285 daret,
778 5233 811 5270 a
866 5216 1100 5287 quodam
1153 5216 1423 5280 actuario,
1482 5216 1637 5286 cujus
1686 5232 1922 5270 uxorem

281 5310 668 5373 stupraverat,
701 5307 999 5371 composita
1048 5301 1290 5371 factione
1334 5302 1656 5371 Agrippinae
1700 5318 1921 5372 percus-

282 5412 400 5463 sus,
435 5400 540 5450 etc.
570 5397 631 5447 In
666 5393 759 5447 his
791 5392 1064 5447 Trebellii
1093 5392 1285 5447 verbis
1315 5392 1653 5447 alterutram
1680 5394 1923 5448 istarum

282 5499 493 5540 vocum
527 5484 773 5538 militum
799 5487 853 5535 et
881 5480 1215 5536 militarium
1246 5482 1607 5552 superfluam
1638 5497 1766 5537 esse
1818 5499 1924 5553 pu-

281 5571 433 5630 tavit
458 5570 861 5637 Casaubonus,
902 5570 1038 5639 jure
1083 5569 1143 5623 in
1192 5568 1299 5623 hoc
1328 5586 1362 5625 a
1390 5568 1674 5626 Salmasio
1730 5586 1925 5642 repre-

572 5691 843 5751 PA'mOL.
890 5688 1001 5750 GI.
1048 5686 1306 5749 CXLIII.

2027 4601 2271 4655 obscure
2324 4600 2543 4652 indicat
2602 4600 2971 4669 peregrinum
3023 4602 3078 4656 id
3114 4619 3243 4659 esse
3292 4608 3345 4661 et
3407 4625 3516 4664 usu
3550 4611 3669 4667 illic

2025 4688 2248 4759 vulgari
2323 4686 2577 4741 militum
2645 4688 2989 4759 plerumque
3047 4696 3378 4750 exterorum
3437 4698 3667 4755 tritum.

2028 4778 2144 4847 Ego
2175 4774 2747 4831 donecverisimilius
2772 4775 2991 4847 aliquid
3014 4780 3215 4836 afferat
3237 4784 3552 4854 quispiam,
3578 4807 3671 4844 su-

2029 4865 2222 4935 apicor
2251 4861 2530 4917 Gallicum
2566 4879 2693 4918 esse
2726 4869 2829 4919 aut
2885 4866 3276 4925 deformatum
3328 4889 3396 4927 ex
3427 4874 3666 4935 Gallico.

2030 4957 2173 5006 Nam
2190 4949 2334 5005 Galli
2356 4950 2710 5020 siveFranci,
2740 4958 2805 5007 ut
2827 4956 3200 5012 notissimum
3242 4965 3349 5027 est,
3396 4968 3671 5033 permulti

2032 5040 2101 5094 ab
2133 5039 2302 5094 annis
2324 5039 2504 5094 ferme
2526 5041 2794 5097 ducentis
2826 5046 3132 5101 occasione
3166 5065 3463 5105 sacrarum
3499 5070 3675 5125 expe-

2033 5127 2321 5182 ditionum
2354 5128 2409 5181 in
2445 5128 2562 5183 illis
2618 5130 2883 5199 partibus
2936 5133 3346 5192 militaverant.
3380 5140 3448 5193 Hi
3502 5158 3675 5212 porro

2032 5232 2164 5270 cum
2199 5215 2422 5271 soleant
2452 5217 2621 5271 sedes
2651 5217 2721 5271 ad
2746 5217 3174 5277 hibernandum
3192 5225 3501 5283 attributas
3516 5230 3674 5285 mili-

2033 5304 2193 5358 tibus
2225 5305 2281 5357 in
2316 5304 2477 5375 pagis
2513 5311 2612 5358 aut
2643 5306 2874 5376 oppidis
2905 5310 3300 5379 allogiamenta
3322 5314 3441 5368 sive
3460 5319 3677 5387 allogia

2030 5408 2237 5448 vocare
2270 5391 2461 5460 (hodie
2491 5393 2694 5447 dicunt
2724 5396 2801 5449 les
2831 5397 3101 5467 logemens
3131 5399 3195 5454 de
3224 5402 3673 5475 gensdeguerre),

2035 5497 2103 5535 ca
2126 5480 2507 5550 Pachymeres
2540 5482 2715 5536 unius
2750 5483 2954 5539 littera:
2987 5486 3311 5544 mutatione
3341 5490 3547 5563 allagia
3582 5513 3676 5551 vo-

2037 5568 2273 5624 caverit.
2306 5567 2417 5623 Res
2441 5572 2638 5625 autem
2669 5571 2816 5627 satis
2848 5574 3056 5629 suadet
3083 5574 3231 5646 ipsa,
3278 5577 3391 5635 ista
3436 5596 3678 5654 corpora

3321 5701 3399 5758 32
