4122 6272
474 289 613 346 1003

1539 284 1602 335 Ρ.
1643 280 1916 335 POSSINI
1951 278 2555 338 OBSERVATIONUM
2592 284 2724 338 LIB.
2765 287 2809 338 I.

3695 285 3812 342 1004

479 409 696 467 diversi
730 405 961 479 generis
998 403 1249 459 militum
1284 400 1683 456 contuberniis
1739 405 1797 455 et
1850 398 2122 471 hospitiis
2152 399 2204 465 Α
2235 401 2517 457 vetuisset
2559 403 2905 459 nominatim
2951 419 3023 459 ne
3074 403 3246 460 etiam
3286 404 3412 475 ejus
3467 405 3820 465 oonfessarius

478 502 670 557 fuisse
700 495 914 558 divisa,
951 494 1031 547 ita
1091 497 1153 545 ut
1184 490 1585 561 Paphlagones
1617 490 1771 543 verbi
1803 489 1989 559 gratia
2017 504 2131 541 uno

484 591 545 644 in
598 586 810 657 oppido
859 582 1175 637 stationem
1226 579 1528 644 haberent,
1576 578 1826 631 Thraces
1885 577 1942 629 in
1999 575 2132 642 alio,

481 667 1509 746 Phryges,Macedones,Mysi,Cares
1530 671 1585 719 et
1608 665 1817 735 reliqui
1842 664 2133 732 similiter,

489 772 666 835 atque
698 763 840 816 adeo
874 765 956 813 tot.
982 763 1181 811 essent
1213 771 1457 824 corpora
1486 758 1627 823 quot
1656 753 1869 823 allogia
1900 754 2018 806 sive
2039 752 2138 805 ho-

489 854 667 924 spitia
700 854 801 904 aut
834 848 959 901 loca
992 844 1253 898 hibernis
1288 843 1589 911 attributa,
1621 843 1775 894 unde
1825 840 2138 893 invaluerit

489 947 555 996 ut
586 941 723 1010 ipsa:
756 936 867 990 illae
899 934 1157 1004 legiones
1189 930 1405 1002 allogia
1427 928 2135 997 siveallagiadicerentur.

488 1034 619 1083 Haec
646 1027 693 1082 si
726 1025 919 1081 minus
952 1021 1207 1091 cuipiam
1225 1018 1847 1086 arriserint,remittam
1867 1015 2136 1086 equidem

490 1119 622 1187 ejus
652 1131 831 1170 causa
864 1129 976 1167 non
1010 1114 1247 1181 gravate
1294 1108 1363 1162 de
1416 1107 1635 1177 origine
1684 1122 1747 1160 ac
1799 1104 2135 1159 notatione:

494 1208 564 1260 de
598 1205 830 1258 notione
862 1200 1096 1271 quidem
1131 1196 1287 1250 vocis
1320 1212 1518 1249 vereor
1577 1200 1639 1248 ut
1696 1193 1940 1264 possim,
2002 1208 2134 1245 cum

495 1297 623 1364 ejus
656 1296 952 1346 auctorem
987 1287 1228 1341 habeam
1263 1285 1564 1339 idoneum.
1617 1284 1897 1353 Georgius
1928 1285 2135 1350 Acrop.

491 1399 540 1437 c.
572 1381 665 1434 59.
692 1381 863 1441 Hist.,
898 1394 955 1446 p.
988 1376 1058 1429 66
1105 1375 1174 1428 ed
1218 1374 1379 1443 Reg.,
1436 1374 1507 1427 de
1545 1373 1797 1441 quodam
1848 1372 2135 1425 Constan-

494 1470 618 1524 tino
650 1465 979 1536 Margarite,
1015 1462 1269 1533 primum
1303 1460 1444 1514 dicit
1468 1460 1649 1514 fuisse
1681 1458 1842 1513 illum
1896 1453 2138 1529 ἄρχοντα

500 1552 768 1627 ἀλλογίου
800 1550 980 1604 αὐτοῦ.
1019 1550 1300 1604 nimirum
1334 1548 1474 1618 imp.
1503 1546 1811 1613 Theodori;
1844 1550 1970 1598 tum
2005 1559 2137 1614 pag.

498 1648 779 1715 sequente
809 1642 865 1694 id
898 1641 1093 1710 ipsum
1126 1637 1421 1708 explicans
1444 1636 1523 1688 ait
1547 1653 1559 1699 ;
1582 1634 1643 1688 Ὁ
1666 1629 1722 1685 δὲ
1752 1630 2001 1705 βασιλεὺς
2022 1629 2146 1684 Θεό-

508 1730 679 1804 δωρος
712 1731 953 1803 ἄρχοντα
976 1732 1075 1793 τῆς
1122 1724 1285 1777 αὐτοῦ
1337 1720 1692 1792 κατωνόμακε
1718 1719 1938 1787 τάξεως.
1995 1721 2147 1773 Con-

504 1822 834 1877 stantinum
867 1815 1234 1887 Margaritem
1259 1828 1433 1884 quem
1466 1816 1597 1865 ante
1631 1811 1855 1865 dixerat
1884 1805 2147 1878 ἀλλαγίου

510 1906 777 1983 βασιλέως
811 1906 1077 1978 ἄρχοντα,
1114 1919 1268 1957 nunc
1292 1906 1459 1955 vocat
1510 1896 1751 1971 ἄρχοντα
1791 1902 1891 1963 τῆς
1950 1895 2147 1965 τάξεως

509 1982 822 2072 βασιλικῆς.
885 1994 1071 2064 Igitur
1122 1992 1276 2045 idem
1321 1987 1468 2056 τάξις
1512 1994 1568 2041 et
1626 1982 1915 2057 dlla’ytov.
1972 1984 2151 2053 Τάξεις

503 2090 698 2141 autem
732 2088 788 2138 et
811 2080 1056 2155 τάγματα
1086 2079 1346 2149 legiones
1379 2080 1482 2131 aut
1511 2075 1780 2130 cohortes
1822 2072 2034 2129 Graecis
2065 2072 2149 2125 di-

502 2181 626 2231 ctas
659 2175 792 2245 quis
823 2171 1009 2227 nescit
1035 2169 1152 2240 (1)?

574 2263 726 2319 542
758 2253 1075 2313 Ἀλϐανῑται
1111 2273 1164 2324 p,
1196 2256 1323 2323 257,
1359 2252 1490 2323 Agit
1520 2253 1589 2305 de
1640 2250 1846 2304 vicinis
1903 2247 2151 2319 Dyrrha-

504 2351 633 2407 chio
666 2348 919 2420 populis,
953 2350 1054 2401 aut
1078 2343 1271 2415 potius
1304 2340 1668 2397 suburbanis
1700 2338 1953 2393 rusticis.
1987 2336 2151 2390 Alba-

507 2455 717 2495 norum
748 2437 1043 2507 regionem
1067 2434 1125 2486 iu
1143 2430 1479 2486 Macedonio
1506 2428 1848 2482 Ptolemaeus
1865 2423 2146 2494 agnoscit.

508 2529 680 2583 Porro
713 2525 954 2594 antiqua
984 2520 1319 2575 Macedonia
1351 2515 1661 2589 postremis
1692 2515 1849 2568 hisce
1881 2511 2145 2567 Orienta-

506 2615 581 2670 lis
610 2613 839 2683 imperii
860 2607 1217 2665 senescentis
1242 2602 1603 2673 temporibus
1627 2602 1681 2654 in
1701 2606 1951 2671 quatuor
1965 2598 2152 2653 divisa

507 2711 701 2774 partes
735 2701 992 2772 priscum
1020 2711 1227 2749 nomen
1260 2693 1317 2746 in
1351 2691 1476 2745 sola
1522 2690 1946 2744 mediterranea
2004 2686 2149 2739 reti-

509 2796 737 2845 nuerat.
774 2792 909 2842 Pars
939 2800 1071 2839 vero
1099 2783 1226 2851 ejus
1256 2778 1501 2835 confinis
1521 2776 1819 2832 Dalmatia:
1842 2781 1899 2829 et
1928 2774 2149 2845 Illyrico

506 2878 753 2935 Albania
776 2877 902 2945 jam
936 2878 1100 2935 tunc,
1127 2871 1209 2925 uti
1243 2875 1300 2923 et
1342 2868 1531 2933 hodie,
1566 2864 2004 2936 appellabatur;
2053 2862 2151 2916 ubi

513 2971 637 3022 erat
666 2960 1157 3032 Dyrrhachiensis
1183 2959 1406 3023 civitas,
1429 2956 1596 3025 cujus
1611 2969 1781 3007 casus
1805 2957 1968 3005 terrm
1991 2954 2149 3003 motu

512 3071 721 3112 eversae
770 3052 865 3106 hic
916 3052 1297 3104 memoratur.
1354 3045 1433 3098 Ex
1480 3041 1726 3097 Albania
1782 3054 1952 3109 porro
2000 3043 2153 3092 recte

510 3142 727 3215 gentile
761 3155 970 3194 nomen
998 3139 1281 3191 formatur
1310 3131 1617 3186 Albanitaa.

580 3224 905 3301 Ἀμηραλῆς
952 3243 1005 3296 p.
1056 3224 1179 3278 508.
1242 3220 1485 3273 Videtur
1543 3231 1825 3287 usurpare
1885 3210 2145 3285 ἀμηραλῆ

510 3324 577 3375 ut
610 3317 910 3389 pr0prium
942 3312 1047 3366 viri
1084 3325 1314 3374 nomen,
1348 3321 1683 3377 quanquam
1704 3302 1948 3357 etvideri
1966 3301 2150 3371 possit

511 3404 921 3478 appellativum
954 3397 1300 3455 vocabulum
1328 3394 1646 3465 dignitatis,
1668 3392 1999 3462 praefectum
2026 3405 2145 3443 ma-

513 3476 603 3550 rist
624 3493 888 3548 indicans
914 3509 927 3557 ;
962 3488 1132 3557 cujus
1162 3488 1217 3540 et
1244 3481 1496 3539 notionis
1527 3485 1584 3535 et
1615 3478 1768 3533 vocis
1800 3494 1973 3533 usum
2007 3476 2149 3531 satis

515 3581 802 3638 celebrem
837 3577 988 3649 apud
1023 3576 1129 3629 hos
1161 3573 1475 3642 scriptores
1505 3568 1843 3637 Neogrtecos
1877 3565 2068 3635 quivis
2090 3563 2149 3617 in

510 3671 585 3726 iis
608 3672 873 3725 versatus
898 3665 1081 3730 novit,
1113 3668 1167 3717 et
1199 3662 1364 3716 docet
1388 3656 1679 3713 Meursius
1709 3655 1882 3709 verbo
1906 3650 2148 3723 Ἀμηρά-

511 3757 633 3821 λιος
663 3764 717 3813 et
748 3758 1017 3828 Ἀμηρᾶς.
1052 3757 1165 3823 Ego
1193 3751 1319 3805 sine
1346 3745 1679 3820 przejudicio
1713 3759 1832 3798 rem
1859 3743 2147 3812 integram

509 3848 571 3904 in
605 3847 794 3902 medio
826 3844 1112 3913 relinquo,
1140 3840 1473 3911 exprimens
1509 3837 1564 3888 in
1616 3833 1879 3887 versione
1933 3829 2148 3885 Latinis

505 3936 713 3992 litteris
743 3951 869 3989 eam
903 3933 1093 4003 ipsam
1127 3945 1349 3994 vocem,
1374 3940 1550 3995 quam
1584 3921 1763 3976 lector
1794 3936 1896 3990 pro
1929 3934 2033 3972 suo
2057 3935 2146 3972 ar-

504 4026 680 4080 bitrio
709 4022 797 4079 vel
828 4021 1061 4094 proprie
1092 4018 1179 4073 vel
1208 4014 1553 4086 appellativa
1585 4026 1818 4064 sumere
1849 4008 2076 4079 poterit.

574 4109 964 4184 Ἀναδὲχεσθαι
1028 4104 1118 4160 καὶ
1185 4100 1429 4174 ἀναδοχή
1498 4118 1565 4171 p.
1637 4099 1781 4152 256.
1839 4098 1965 4184 rllogc
2024 4094 2148 4149 loco

508 4204 655 4257 duas
688 4203 751 4272 [P
777 4180 908 4269 569]
972 4197 1103 4249 illas
1158 4209 1328 4247 voces
1385 4184 1658 4258 ἀναδοχῆς
1714 4190 1769 4239 et
1826 4180 2147 4255 ἁναὸἑχοιτο

509 4288 787 4361 peculiari
821 4286 1073 4357 quadam
1108 4276 1379 4348 usurpari
1441 4274 1834 4329 ecclesiastica
1890 4273 2145 4338 notione,

503 4359 675 4433 facile
696 4375 972 4430 attentius
987 4370 1186 4425 omnia
1202 4362 1697 4433 circumspicienti
1715 4365 1891 4431 patet.
1910 4359 2150 4412 Videtur

2239 489 2449 561 Joseph
2463 508 2530 546 us
2563 492 2756 563 ipsum
2782 509 2993 547 arcano
3026 493 3393 547 confitentem
3416 493 3670 565 deinceps
3689 498 3825 552 audi-

2241 583 2326 632 ret
2344 584 2444 633 aut
2476 579 2818 636 absolveret.
2846 581 2905 635 Id
2938 585 3132 635 tamen
3164 581 3273 635 sibi
3305 582 3484 636 fuisse
3510 583 3823 652 prohibitum

2242 667 2495 734 negabat
2524 668 2834 738 Josephus.
2870 668 3021 722 Sane
3052 669 3268 723 scimus
3292 669 3701 725 dissimulando
3730 690 3833 744 per-

2243 754 2473 808 misisse
2506 755 2894 826 patriareham
2929 765 2987 810 ut
3018 758 3337 826 Augustus,
3371 757 3505 812 licet
3533 775 3563 812 a
3593 776 3649 813 se
3689 760 3834 815 inter-

2245 842 2433 896 dictus
2452 845 2651 909 sacris,
2679 844 2876 914 aliqua
2898 850 3091 898 tamen
3117 845 3557 915 participatione
3580 863 3834 904 sacrorum

2248 933 2526 997 uteretur;
2560 937 2624 985 ut
2654 933 2925 987 distincte
2958 932 3337 1003 Pachymeres
3363 936 3556 1002 refert,
3603 936 3837 991 inconse-

2248 1020 2549 1088 quentiam
2583 1021 2709 1088 ejus
2734 1022 2868 1075 facti
2899 1037 3208 1086 excusans,
3259 1020 3299 1075 l.
3337 1038 3423 1088 ιιι,
3457 1038 3505 1076 c.
3567 1024 3643 1076 14.
3685 1025 3838 1087 Quare

2252 1106 2374 1159 ﬁeri
2409 1108 2596 1175 [otuit
2630 1112 2691 1161 ut
2721 1110 2845 1162 etin
2871 1108 3253 1179 relinquendo
3280 1108 3366 1163 illi
3397 1126 3508 1163 usu
3538 1110 3701 1165 libero
3729 1128 3841 1168 cono

2252 1194 2522 1249 fessionis
2591 1212 2812 1250 arcanae
2880 1198 3228 1265 conniverat,
3305 1213 3419 1251 non
3490 1197 3842 1254 interdicendo

2247 1282 2501 1352 Josepbo
2532 1284 2657 1352 ejus
2689 1284 3043 1339 confessario
3075 1300 3146 1338 ne
3182 1284 3291 1356 ipsi
3321 1285 3661 1355 poenitentia
3682 1302 3844 1342 sacra-

2250 1375 2510 1425 mentum
2542 1372 2812 1441 privatim
2846 1372 3228 1427 ministraret.
3278 1372 3430 1429 Vide
3486 1389 3607 1443 quae
3647 1375 3846 1429 adnota-

2250 1474 2383 1511 mus
2416 1460 2584 1513 verbo
2615 1458 2997 1529 πνευματικός.

2322 1544 2588 1621 Ἀναφορά
2637 1564 2693 1618 p.
2743 1548 2867 1615 375,
2922 1545 3190 1622 Ἀναφορά
3250 1548 3342 1602 hic
3403 1552 3570 1603 sonat
3617 1549 3844 1619 prolatio-

2254 1651 2400 1699 nem,
2435 1641 2499 1689 ut
2528 1634 2664 1689 alibi
2687 1635 2956 1708 προφορά.
2989 1636 3201 1690 Notum
3235 1638 3394 1691 enim
3427 1636 3738 1711 προφορικὸν
3771 1635 3850 1689 λό-

2177 1768 2225 1829 B
2253 1742 2349 1794 γον
2380 1724 2593 1821 Opponi
2616 1719 3067 1794 évatatléupapud
3101 1724 3425 1788 Graecosmt
3467 1728 3613 1795 apud
3653 1726 3848 1779 Latinos

2255 1812 2566 1881 opponitur
2597 1828 2784 1867 sermo
2840 1828 2976 1866 voce
3034 1812 3293 1882 prolatus
3354 1818 3547 1867 mente
3589 1818 3846 1883 concepto.

2254 1897 2453 1952 Videri
2483 1901 2654 1953 etiam
2686 1905 2874 1971 potest
2903 1900 3167 1953 adhibita
3189 1917 3297 1954 vox
3319 1916 3453 1971 quae
3484 1907 3702 1971 pr0pter
3720 1916 3848 1955 com-

2258 1986 2605 2055 positionem
2638 2003 2705 2041 ex
2735 1988 3139 2058 praepositione
3169 1985 3288 2054 ἀνὰ,
3339 1988 3728 2059 repetitionem
3769 1993 3849 2042 aut

2259 2073 2714 2143 resumptionem
2733 2076 3122 2144 signiﬁcante,
3144 2076 3417 2130 innueret
3438 2076 3607 2130 istam
3631 2092 3846 2147 pronun-

2258 2160 2561 2216 tiationem
2592 2162 2741 2216 inter
2760 2164 2913 2219 548
2945 2179 3112 2217 sacra
3135 2164 3437 2233 publicam
3454 2164 3699 2219 nominis
3719 2178 3850 2235 papa:

2261 2264 2375 2301 non
2410 2265 2564 2301 nunc
2595 2250 2848 2319 primum
2875 2251 3225 2315 institutam,
3260 2252 3364 2305 sed
3401 2267 3533 2305 cum
3581 2250 3707 2306 olim
3746 2255 3849 2305 ante

2260 2336 2518 2389 schisma
2549 2338 2730 2390 fuisse
2761 2339 2995 2405 usitata,
3026 2354 3179 2391 nunc
3211 2338 3568 2393 restitutam.

2330 2423 2522 2493 Ἀνέμα
2551 2424 2753 2497 πύργος
2796 2443 2851 2495 p.
2910 2426 3037 2479 378.
3096 2426 3174 2480 De
3230 2427 3461 2481 Joanne
3519 2430 3689 2481 Vecce
3740 2425 3843 2497 agit.

2259 2513 2463 2566 Turris
2497 2513 2616 2566 haec
2646 2517 2897 2579 Anemaa,
2939 2530 3088 2583 quis,
3115 2514 3213 2568 ubi
3244 2522 3299 2569 et
3325 2516 3486 2570 unde
3509 2516 3590 2570 sic
3622 2516 3758 2569 dicta
3777 2514 3844 2577 sit,

2261 2600 2427 2653 docet
2460 2602 2623 2655 Anna
2648 2606 2959 2667 Comnena,
2994 2601 3131 2655 1.1m
3166 2602 3483 2669 Alexiudis,
3516 2621 3569 2674 p.
3619 2604 3732 2671 364,
3773 2600 3840 2655 uni

2258 2693 2567 2757 postquam
2602 2689 3023 2759 deprehensam
3062 2690 3363 2745 Michaelis
3387 2691 3831 2758 Anemseinimpe-

2260 2782 2510 2829 ratorem
2543 2776 2806 2831 Alexium
2833 2778 3293 2845 conjuralionem
3319 2778 3610 2843 retulit,et
3630 2794 3687 2832 se
3710 2778 3835 2845 ipsam

2258 2880 2494 2917 curasse
2527 2863 2891 2933 decretzeipsi
2909 2864 2965 2917 in
2990 2882 3220 2935 pLP-nam
3239 2863 3843 2935 excaecationisgratiam

2260 2953 2533 3005 damnato
2562 2953 2705 3020 fieri,
2732 2952 2929 3006 subdit
2959 2955 3198 3007 ductum
3224 2971 3365 3009 eum
3391 2956 3570 3010 fuisse
3600 2956 3653 3008 in
3684 2950 3846 3007 turrim

2264 3056 2440 3109 prepe
2473 3039 2747 3109 palatium
2782 3041 3147 3107 mdiﬁcatam,
3181 3047 3237 3096 et
3287 3043 3371 3097 ibi
3410 3032 3667 3098 habitum
3696 3043 3744 3094 in
3771 3055 3847 3093 cu-

2181 3113 2223 3178 C
2267 3128 2739 3183 stodia.Ascribit
2762 3128 2968 3183 deinde
3000 3128 3120 3183 haec
3152 3131 3347 3196 verba,
3387 3124 3851 3201 quaeindicantisti

2258 3216 2531 3284 deinceps
2558 3214 2679 3269 loco
2710 3216 2882 3269 turris
2913 3217 3133 3272 Anemaz
3190 3218 3641 3288 appellationem
3695 3216 3852 3271 adhe-

2258 3304 2423 3357 sisse.
2456 3298 2621 3356 Οὕπω
2654 3298 2698 3354 δ’
2746 3302 2899 3362 οὗτος
2956 3309 3057 3371 τῆς
3086 3302 3303 3377 εἱρκτῆς
3362 3303 3732 3378 ἠλευθεροῦτο,
3782 3299 3852 3354 καὶ

2254 3388 2343 3441 τὸν
2402 3389 2699 3461 Γρηγὸριον
2762 3388 2911 3452 αὖθις
2963 3392 2996 3457 ἡ
3054 3395 3150 3443 τοῦ
3225 3391 3433 3464 Ἀνέμα
3496 3394 3635 3467 εἶχεν
3682 3390 3849 3463 εἱρκτῆ.

2258 3476 2466 3549 Πύργος
2500 3473 2543 3529 δ’
2574 3476 2639 3543 ἦν
2692 3496 2773 3536 τις
2818 3480 2924 3529 τῶν
2976 3478 3150 3552 ἀγχοῦ
3180 3483 3284 3531 τῶν
3338 3478 3396 3534 ἐν
3446 3480 3757 3553 Βλαχὲρναις
3790 3474 3851 3528 δι·

2255 3563 2495 3636 ακτόρων
2559 3560 2909 3635 διακειμένων
2958 3570 3158 3639 τειχῶν
3229 3572 3328 3634 τῆς
3407 3568 3611 3628 πόλεως
3643 3613 3656 3637 ,
3706 3566 3730 3618 ὁ
3777 3566 3850 3616 τοῦ

2257 3652 2463 3723 Ἀνεμᾶ
2492 3648 2855 3722 καλούμενος,
2904 3652 3083 3727 ὥσπερ
3127 3675 3179 3707 τι
3213 3652 3395 3728 λάχος
3439 3658 3536 3725 τὴν
3586 3652 3848 3724 ἐπωνυμίαν

2254 3739 2475 3808 ταυτηνὶ
2534 3737 2964 3813 κληρωσάμενος
3009 3738 3096 3794 διὰ
3141 3742 3203 3795 τὸ
3241 3741 3481 3816 πρώτως
3524 3745 3611 3798 τὸν
3662 3744 3849 3811 Ἀνεμᾶν

2255 3824 2600 3901 σιδηρόδετον
2653 3825 2893 3899 δέξασθαι
2954 3828 3040 3882 ἐπὶ
3094 3826 3267 3883 πολὺν
3318 3828 3369 3883 ἐν
3422 3831 3564 3903 αὐτῷ
3613 3847 3851 3905 χρονοτρισ

2257 3910 2496 3985 ϐήσαντα
2529 3915 2749 3989 χρὸτον.
2783 3922 2913 3971 Haec
2946 3918 3023 3972 ibi
3053 3922 3251 3985 Anna;
3277 3936 3408 3990 qua
3442 3921 3523 3976 sic
3554 3922 3683 3975 olim
3710 3915 3848 3972 verti-

2260 4022 2429 4059 mus:
2465 4005 2714 4059 Nondum
2744 4005 2792 4059 is
2836 4022 2897 4060 eo
2939 4022 3157 4061 carcere
3207 4007 3480 4063 liberatus
3532 4012 3720 4074 fuerat,
3754 4020 3849 4059 cum

2254 4093 2433 4147 alium
2479 4096 2743 4163 hospitem
2785 4093 3107 4161 Gregorium
3149 4094 3265 4151 haec
3308 4112 3438 4165 quae
3479 4099 3630 4167 prius
3672 4102 3849 4149 Anam?

2252 4183 2439 4250 fuerat
2471 4184 2633 4235 unius
2662 4180 2913 4235 custodia
2942 4185 3177 4253 excepit.
3208 4186 3405 4239 Turris
3426 4190 3601 4239 autem
3634 4188 3737 4239 erat
3763 4195 3849 4235 una

2256 4272 2509 4339 quaedam
2556 4286 2624 4323 ex
2671 4269 2740 4323 iis
2784 4286 2901 4338 qua:
2939 4286 3037 4339 per
3081 4270 3345 4325 mzenium
3393 4272 3633 4327 civitati:
3671 4277 3849 4341 partem

2262 4359 2695 4412 Blachernurum
2728 4360 2941 4427 regium
2968 4358 3217 4429 proxime
3244 4364 3573 4429 spectantem
3608 4360 3751 4414 certi:
3790 4356 3851 4409 in-

505 4472 700 4521 autem
732 4462 894 4534 prius
928 4456 1271 4513 vocabulum
1305 4447 1585 4523 ἀναδοχῆς
1615 4448 1673 4502 in
1701 4465 1765 4502 eo
1799 4447 1891 4500 hic
1924 4446 2146 4515 signiﬁ-
2182 4469 2227 4532 D
2263 4446 2513 4500 terualli:
2554 4446 2831 4516 disposita:
2872 4456 3017 4502 sunt.
3076 4448 3151 4500 Ea
3207 4450 3477 4517 insignem
3520 4465 3588 4503 ex
3630 4463 3685 4502 eo
3727 4458 3852 4515 quem

507 4560 637 4610 catu
657 4551 815 4624 poni,
838 4547 1128 4604 utindicet
1145 4542 1567 4599 absolutionem
1590 4535 2075 4591 sacramentalem
2093 4534 2151 4587 in

502 4640 779 4698 tribunali
797 4634 1184 4693 confessionis
1203 4647 1421 4686 arcanae
1444 4625 1718 4697 impertiri
1736 4624 2152 4696 pcenitentibus

505 4730 743 4787 solitam
768 4718 1600 4791 asacerdotejurisdictionem
1624 4715 1693 4768 ad
1718 4714 1773 4767 id
1799 4711 2154 4767 ordinariam

502 4819 591 4874 vel
625 4815 952 4885 delegatam
985 4812 1251 4865 habente.
1298 4805 1583 4861 Similiter
1631 4803 1866 4857 verbum
1902 4795 2154 4871 ἀναδέχε-

505 4907 623 4959 σθαι
650 4901 927 4973 exprimit
948 4900 1235 4955 actionem
1273 4898 1457 4966 ipsam
1494 4890 1809 4946 sacerdotis
1842 4888 2153 4943 absolven-

502 4996 601 5050 tis.
624 4992 900 5049 Continet
939 4992 1133 5043 autem
1169 4983 1452 5057 posterior
1482 4996 1618 5051 pars
1654 4979 1827 5046 hujus
1858 4977 2155 5031 sententiae

506 5083 789 5139 rationem
822 5078 1034 5150 prioris
1065 5094 1075 5129 :
1113 5077 1240 5129 ideo
1285 5072 1438 5127 enim
1486 5066 1691 5121 scribit
1721 5070 1920 5120 auctor
1970 5066 2158 5120 incre-

502 5174 703 5245 pitum
722 5167 1041 5239 Josephum
1069 5163 1235 5236 quasi
1263 5156 1610 5215 absolvisset
1634 5156 1689 5208 in
1718 5154 1837 5207 foro
1866 5153 2158 5207 conscien-

518 5241 947 5328 tiazAugustum
977 5261 1180 5309 contra
1211 5249 1567 5303 voluntatem
1600 5241 1938 5312 patriarcha:
1964 5261 1977 5307 ;
2003 5242 2156 5311 quod

520 5356 832 5421 postquam
853 5337 1454 5399 excommunicaverat
1472 5335 1806 5401 Augustum
1832 5330 2159 5401 patriarcha

2264 4552 2561 4589 narramus
2591 4540 2786 4589 eventu
2814 4536 3241 4606 appellationem
3270 4536 3327 4590 in
3358 4552 3516 4591 omne
3544 4546 3732 4606 tempus
3754 4545 3852 4602 pro-

2260 4627 2437 4695 priam
2474 4634 2633 4677 nacta
2664 4632 2771 4677 est:
2807 4627 2975 4677 turris
3017 4625 3129 4693 iam
3166 4624 3378 4695 passim
3420 4627 3637 4679 Anima:
3684 4622 3852 4681 vocata,

2262 4721 2545 4782 prapterea
2581 4711 2718 4781 quod
2749 4712 3015 4766 Anemam
3042 4714 3188 4781 [erro
3218 4715 3459 4768 vinctum
3487 4714 3713 4784 primum
3735 4719 3850 4762 acce-

2263 4800 2404 4869 perit
2432 4800 2630 4868 diuque
2663 4802 2925 4854 tenuerit.

2336 4888 2701 4957 Ἀνεμοπύλαι
2736 4905 2790 4958 p.
2822 4890 2943 4942 410.
2981 4893 3059 4942 De
3118 4888 3298 4942 Icario
3356 4890 3439 4944 ait
3496 4889 3666 4943 fuisse
3716 4882 3849 4938 illum

2264 4975 2607 5049 κατάρχοντα
2636 4977 2801 5044 νήσου)
2840 4974 3095 5047 μεγίστης
3122 4976 3181 5043 ἢν
3224 4974 3564 5046 ἀνεμοπύλας
3612 4973 3718 5032 ἔθος
3760 4970 3850 5025 τοῖς

2266 5064 2375 5116 ἐκεῖ
2403 5062 2607 5117 καλεῖν.
2642 5066 2762 5119 Non
2795 5081 2921 5119 esse
2948 5064 3055 5119 hoc
3085 5082 3294 5119 nomen
3321 5065 3475 5119 illius
3510 5063 3703 5119 insula:
3745 5054 3846 5111 vul-

2267 5170 2401 5224 gare
2436 5153 2669 5223 ubique,
2703 5154 2867 5207 docct
2900 5153 3022 5223 ipse
3058 5159 3274 5218 auctor,
3309 5154 3443 5207 dum
3485 5155 3555 5208 ab
3602 5148 3780 5205 incolis
3802 5141 3844 5196 id

2269 5241 2497 5313 proprie
2532 5242 2801 5313 usurpari
2862 5241 3094 5295 solitum
3144 5242 3434 5296 admonet.
3472 5246 3553 5295 An
3608 5250 3779 5291 verum
3806 5237 3847 5285 et

2268 5331 2543 5385 omnibus
2576 5335 2777 5384 notum
2802 5329 2982 5400 hujus
3004 5328 3207 5385 insulae
3236 5346 3442 5385 nomen
3466 5330 3660 5399 Lipara
3689 5319 3845 5385 fuerit,

590 5562 665 5632 (1)
698 5560 781 5616 Cf.
816 5556 1043 5613 Possin.
1077 5551 1336 5608 Glossar.
1371 5545 1622 5602 alterum
1650 5540 2014 5616 (Andronic.)
2045 5558 2099 5598 v.
2125 5537 2374 5613 Ἀλλαγή
2408 5546 2552 5599 extr.
