4122 6272
283 383 425 440 1005

1750 382 2230 437 GLOSSARIUM.

3542 388 3679 445 1006

280 528 411 584 quae
441 514 665 582 septem
697 508 1018 577 aut,utalii,
1042 506 1559 563 decemJEoliarum
1586 506 1913 561 insularum

2027 499 2216 558 διιέναι
2274 511 2388 569 τοῖς
2431 508 2828 584 πεφρασμένοις
2859 510 2964 580 (ita
3014 508 3169 565 clare
3220 510 3392 568 ambo
3444 512 3674 569 codices

283 600 541 655 maxima
577 603 634 652 et
684 598 859 651 unica
925 598 1075 650 inter
1133 612 1333 651 omnes
1392 595 1659 650 habitata
1717 596 1921 662 fertur,

288 690 381 758 [P.
415 688 540 758 370]
572 685 822 741 viderint
848 683 1171 755 peritiores.
1215 684 1331 754 Ego
1375 680 1581 755 ἐπέχω,
1623 683 1811 753 quoad
1837 683 1922 735 in-

283 778 505 833 dicium
535 774 857 830 occurrerit
889 771 1194 827 certius.Si
1225 771 1330 825 hoc
1362 771 1456 835 sit,
1477 775 1716 841 apparet
1747 787 1924 825 causa

284 881 391 920 cur
411 865 558 919 hanc
588 862 848 916 insulam
885 860 1262 929 Pachymeres
1307 856 1559 932 μεγίστην
1611 860 1920 913 maximam

282 952 513 1019 dixerit,
547 951 679 1005 licet
711 966 816 1004 nec
846 952 1025 1004 Cretae
1060 965 1162 1003 nec
1192 946 1401 1001 Siciliae
1465 947 1917 1015 comparabilem

282 1046 549 1111 respectu
584 1037 861 1093 videlicet
892 1039 964 1092 ad
1010 1053 1109 1092 sex
1141 1042 1241 1091 aut
1295 1052 1502 1091 novem
1544 1035 1755 1091 [Eolias
1812 1036 1920 1089 mi-

285 1145 477 1185 DOI‘CS.

351 1229 688 1304 Ἀντίδωρον
743 1249 798 1303 p.
842 1231 968 1287 561.
1027 1231 1249 1286 Rursus
1296 1231 1367 1285 de
1422 1232 1625 1285 eodem
1672 1248 1729 1302 p.
1794 1231 1916 1285 407.

278 1323 523 1379 Erathic
566 1338 785 1388 merus,
829 1337 944 1375 non
998 1324 1372 1373 consecratus
1429 1324 1531 1373 aut
1590 1318 1647 1372 in
1705 1318 1920 1373 Christi

278 1427 493 1481 corpus
525 1426 842 1465 conversus
874 1406 1065 1479 panis,
1100 1407 1199 1478 qui
1233 1407 1458 1462 cunctis
1476 1407 1805 1477 promiscue
1828 1408 1917 1461 in-

276 1504 368 1555 ter
398 1513 564 1553 sacra
592 1498 650 1550 in
683 1496 930 1551 ecclesia
987 1495 1451 1549 distribuebatur
1498 1494 1916 1565 apudGraecos,

278 1587 365 1643 uti
396 1591 454 1641 et
484 1586 637 1657 apud
675 1586 926 1651 Latinos,
971 1584 1084 1637 ritu
1117 1582 1406 1653 hodieque
1438 1583 1692 1654 vigente,
1727 1583 1918 1638 dictus

278 1673 596 1748 ἀντίδωρον,
631 1675 782 1746 quod
814 1674 933 1728 vice
956 1673 1105 1729 sacri
1137 1673 1273 1727 doni
1294 1672 1917 1744 Euchaaristize,dispo-

278 1763 511 1830 sitione,
545 1778 721 1833 quam
763 1759 1288 1831 exquisitissimam
1333 1759 1547 1814 Christi
1587 1775 1798 1830 corpus
1834 1777 1920 1814 re-

2027 594 2229 664 optimi
2252 596 2291 650 B
2314 603 2369 652 et
2400 603 2470 663 A,
2495 614 2628 653 cum
2652 598 3045 667 fragmentum
3086 616 3120 654 a
3166 600 3399 656 Petavio
3443 602 3669 658 editum

2026 684 2429 756 πεφραγμένως
2476 686 2649 758 legat)
2689 684 3179 759 ἀναγινώσκοντας.
3257 689 3385 743 Haec
3462 690 3546 746 sic
3596 693 3672 747 ad

2028 770 2267 826 verbum
2318 779 2530 828 sonat:
2582 775 2645 830 Ut
2690 773 2911 830 omnino
2950 790 3057 829 non
3110 782 3430 832 accusantes
3463 780 3671 850 impie-

2026 859 2155 912 tatis
2196 860 2308 915 sive
2360 861 2624 917 haereseos
2665 864 2852 931 Italos,
2896 865 3188 933 petierint,
3242 865 3465 921 sublato
3514 872 3671 925 modo

2026 947 2391 1003 additamenta
2414 966 2441 1004 e
2474 952 2740 1021 symbolo,
2766 953 2824 1005 in
2854 953 3088 1022 reliquis
3120 953 3412 1023 scripturis
3441 956 3497 1009 id
3539 974 3669 1012 con-

2021 1038 2283 1107 scriptum
2312 1039 2586 1108 habentes,
2610 1041 2777 1094 simul
2808 1041 3002 1111 eﬂerre
3030 1059 3154 1096 cum
3180 1043 3311 1098 aliis
3341 1061 3460 1115 quae
3486 1061 3555 1100 ea:
3598 1049 3672 1106 iis

2025 1125 2233 1179 chartis
2280 1129 2690 1194 pronuntiando
2731 1131 2988 1199 legerent.
3035 1131 3195 1185 Hanc
3226 1132 3397 1203 plane
3431 1139 3669 1191 senten-

2025 1214 2189 1279 tiam,
2261 1214 2433 1270 Paulo
2508 1216 2762 1272 claribus
2830 1218 3113 1273 duntaxat
3194 1220 3409 1291 verbis,
3489 1222 3668 1279 inter-

2026 1303 2269 1371 pretatio
2302 1305 2427 1373 ejus
2460 1305 2663 1375 capitis
2696 1310 2893 1360 nostra
2923 1306 3211 1376 exprimit.
3247 1308 3484 1364 Transit
3500 1312 3669 1366 deni-

2027 1406 2138 1460 que
2168 1392 2235 1444 ad
2269 1393 2786 1448 demonstrandum
2820 1394 2964 1448 nihil
2995 1411 3123 1450 esse
3154 1394 3347 1451 illiciti
3372 1397 3428 1451 in
3461 1400 3663 1455 admit-

2024 1479 2201 1532 tenda
2232 1482 2784 1536 commemoratione
2811 1483 3068 1537 nominis
3093 1500 3250 1554 papas
3281 1485 3339 1538 in
3376 1484 3666 1559 liturgicis

2026 1567 2456 1635 precationibus
2506 1569 2859 1626 Grecorum.
2918 1571 2988 1625 Et
3015 1573 3084 1626 de
3116 1571 3224 1627 hoc
3256 1574 3445 1643 capite
3471 1576 3554 1632 sic
3581 1577 3664 1632 lo-

2024 1653 2217 1721 quitur
2240 1656 2299 1709 iu
2332 1657 2527 1711 codice
2558 1658 2865 1713 Barberino
2901 1675 2913 1712 :
2945 1658 3077 1711 Τινά
3114 1655 3156 1711 δ’
3211 1657 3358 1734 ἔχειν
3400 1663 3497 1729 τήν
3547 1684 3662 1717 κοι-

2022 1739 2215 1794 νωνίαν
2252 1744 2285 1809 ἡ
2339 1741 2422 1796 ἐπ’
2469 1741 2767 1811 ἐκκλησίας
2797 1744 3041 1822 ἀναφορὰ
3069 1751 3164 1800 τοῦ
3196 1742 3483 1820 ὀνόματος,
3525 1750 3662 1807 ὅπου

280 1828 633 1922 ᾳυὶτὶιξηοῑι
667 1828 1025 1921 praeparatis,
1060 1848 1508 1902 ministraretur.
1543 1848 1621 1903 De
1651 1847 1758 1903 hoc
1790 1849 1915 1903 fuse

2027 1849 2081 1901 γε
2110 1830 2199 1884 καὶ
2252 1832 2326 1902 μή
2356 1831 2577 1894 πάπποις
2626 1828 2781 1895 ὄντας
2832 1834 2958 1896 τοὺς
3010 1832 3214 1900 ἄλλους
3261 1839 3466 1913 ἀνάγκη
3533 1862 3663 1914 μετ-

277 1946 336 1995 et
364 1940 591 1993 erudite
620 1938 872 1993 Jacobus
905 1937 1049 1991 Coar
1078 1936 1215 1991 Grd.
1250 1936 1456 2001 Praed.,
1486 1936 1649 1991 Notis
1698 1937 1767 1992 ad
1802 1937 1912 1991 Eu-

276 2027 532 2098 cholog.,
567 2044 623 2096 p.
660 2026 783 2091 154,
815 2041 987 2096 quem
1020 2024 1169 2078 vide.

354 2131 723 2186 Ἀντικανονία
755 2148 811 2201 p.
861 2131 986 2185 561.
1037 2130 1197 2183 Hanc
1241 2146 1437 2184 vocem
1485 2148 1517 2184 a
1563 2131 1915 2202 Pachymere

279 2226 342 2276 P.
376 2221 482 2274 373
523 2224 863 2290 usurpatam
893 2219 961 2272 ad
1021 2218 1470 2287 significandum
1515 2216 1911 2289 illegitimum,

272 2307 652 2379 irregularem
686 2310 743 2360 et
793 2305 976 2359 sacris
1006 2306 1157 2362 54-!
1186 2306 1508 2360 canonibus
1556 2307 1910 2361 contrarium

275 2413 474 2460 usum,
509 2395 843 2464 conjectura
875 2393 1148 2459 divinavi,
1184 2410 1316 2448 cum
1345 2395 1572 2449 codices
1605 2411 1808 2449 omnes
1832 2396 1910 2449 ibi

270 2484 764 2539 manifestissime
803 2483 1059 2554 corrupti
1104 2482 1274 2537 aliter
1330 2499 1433 2537 nec
1468 2482 1914 2553 intelligibiliter

270 2590 402 2629 eum
435 2572 630 2627 locum
663 2570 1021 2626 exhiberent.
1044 2571 1355 2625 Advertam
1377 2588 1609 2641 aequum
1647 2571 1911 2626 animum

270 2661 532 2733 prudens
566 2659 743 2714 lecter
772 2664 829 2713 et
857 2660 1096 2727 judicet.
1126 2660 1238 2713 lsto
1269 2659 1421 2729 quod
1445 2658 1693 2714 iudicavi
1726 2661 1912 2730 capite

275 2749 413 2803 libri
445 2766 480 2803 v
509 2749 807 2803 disserens
859 2747 1176 2817 imperator
1224 2748 1375 2815 apud
1423 2748 1809 2817 patriarcham
1859 2754 1913 2802 et

276 2837 567 2907 synodum
598 2836 668 2890 de
691 2834 1054 2890 concilianda
1084 2835 1234 2888 inter
1264 2834 1549 2889 Ecclesiae
1582 2836 1840 2890 Latinam
1858 2842 1914 2891 et

282 2925 541 2977 Grecam
576 2939 732 2993 pace,
764 2927 1069 2977 enumerat
1115 2922 1304 2993 capita
1335 2924 1404 2977 de
1453 2924 1667 2993 quibus
1714 2940 1910 2979 conve-

283 3010 562 3064 niendum
595 3015 837 3078 esset,ut
857 3027 965 3080 pax
996 3009 1097 3064 illa
1118 3010 1494 3076 coalesceret;
1520 3016 1578 3065 et
1614 3013 1915 3066 contendit

279 3098 684 3152 demonstrare
716 3097 947 3152 nullum
981 3114 1182 3151 eorum
1217 3096 1329 3152 tale
1358 3114 1537 3153 essea
1559 3115 1670 3169 quo
1702 3099 1912 3153 admit-

276 3188 453 3242 tendo
486 3186 797 3241 abhorrere
822 3186 1133 3256 quisquam
1153 3186 1752 3258 debeatlmetugculpre
1771 3205 1908 3243 con-

276 3276 610 3331 sciscendae.
648 3274 911 3328 Primum
942 3274 1096 3327 enim
1120 3271 1453 3348 λειτουργεῖν
1481 3295 1539 3327 τε
1567 3274 1655 3328 καὶ
1692 3297 1907 3347 μνημοο

272 3362 715 3432 vs-Sew,quibus
746 3363 954 3424 verbis,
1002 3367 1174 3433 prout
1219 3380 1285 3417 ea
1332 3364 1453 3418 suis
1502 3363 1644 3418 locis
1692 3366 1749 3418 in
1802 3365 1910 3421 hoc

276 3451 575 3507 Glossario
609 3467 975 3515 enarramus,
1024 3450 1391 3521 signiﬁcavit,
1444 3452 1620 3522 priori
1672 3455 1909 3524 quidem

204 3523 209 3526 ἢ
283 3540 594 3594 admittere
626 3539 861 3594 Latinos
892 3540 949 3592 in
987 3540 1456 3594 communionem
1506 3557 1681 3595 sacrae
1714 3543 1912 3597 Litur-

278 3626 409 3696 giae,
443 3626 549 3681 hoc
579 3632 669 3680 est
699 3642 825 3681 eam
857 3626 1000 3696 ipsis
1034 3625 1417 3696 prasentibus
1445 3630 1496 3681 et
1526 3629 1916 3684 communiter

278 3714 589 3770 orantibus
620 3730 731 3770 non
769 3714 1021 3769 aversari
1057 3713 1376 3778 celebrare,
1410 3714 1587 3770 altera
1605 3733 1740 3770 vero
1763 3736 1917 3773 men-

278 3804 499 3858 tionem
536 3820 696 3874 papaa
712 3802 897 3857 facere
929 3802 1219 3873 publicam
1241 3802 1298 3855 in
1314 3802 1600 3873 liturgicis
1617 3807 1914 3875 precibus:

283 3908 373 3959 ea,
398 3892 661 3961 inquam,
699 3892 870 3946 ambo
904 3906 1031 3945 esse
1062 3890 1221 3944 licita
1241 3891 1483 3945 evicisse
1507 3892 1619 3946 sibi
1648 3895 1809 3949 visus
1832 3903 1922 3950 est

285 3981 631 4036 auctoritate
651 3979 934 4035 Manuelis
980 3978 1320 4049 patriarchae
1347 3996 1480 4033 cum
1504 3998 1610 4035 sua
1633 3984 1850 4053 synodo
1864 3989 1923 4038 et

284 4068 533 4125 Joannis
572 4070 732 4123 duces
772 4067 1160 4138 imperatoris,
1218 4084 1366 4138 quos
1410 4068 1592 4124 missa
1639 4070 1921 4140 legatione

287 4157 392 4211 illa
422 4156 574 4211 ultro
606 4157 948 4227 promisisse
980 4155 1219 4226 papaa,si
1242 4155 1559 4211 abstineret
1589 4175 1622 4213 a
1644 4160 1920 4229 juvandis

290 4245 514 4300 Latinis
574 4246 670 4315 qui
732 4243 1230 4313 Constantinopoli
1318 4248 1457 4298 tunc
1529 4248 1918 4315 potiebantur,

288 4334 543 4389 ostendit
569 4350 635 4388 ex
668 4332 868 4387 codice
898 4331 1163 4386 Ecclesia
1199 4332 1269 4385 ad
1301 4331 1472 4387 ﬁdem
1506 4335 1631 4404 ejus
1654 4337 1731 4391 rei
1749 4345 1920 4406 gestae

286 4421 617 4477 faciendam
652 4420 894 4491 prolato.
932 4423 1303 4474 Demonstrat
1332 4421 1540 4476 deinde
1581 4427 1918 4482 eorumdem

289 4510 637 4565 auctoritate
674 4508 912 4565 Latinos
934 4512 1173 4579 propter
1195 4509 1549 4565 additionem
1583 4512 1920 4585 inSymbolo

290 4616 405 4653 non
440 4614 566 4653 esse
600 4598 903 4652 habendos
925 4596 1248 4665 haereticos,
1282 4614 1415 4651 cum
1465 4599 1548 4652 illi
1594 4601 1739 4654 nihil
1788 4608 1925 4659 tunc

291 4687 449 4742 aliud
485 4703 517 4741 a
556 4685 777 4740 Latinis
826 4685 1142 4755 exegerint,
1187 4685 1297 4739 nisi
1347 4691 1409 4739 ut
1466 4687 1926 4748 additamentum

293 4775 454 4830 istud
487 4791 520 4828 a
548 4773 823 4845 Symbolo
840 4772 1293 4840 tollerent,nihil
1312 4773 1683 4842 prohibentes
1701 4780 1929 4848 quomi-

295 4879 409 4918 nus
438 4861 499 4917 in
530 4861 752 4915 caeteris
775 4861 1083 4931 scripturis
1112 4860 1167 4914 id
1193 4860 1507 4916 retinerent
1535 4868 1591 4917 et
1638 4864 1930 4935 legerent;

296 4951 454 5022 quod
488 4950 746 5005 ostendit
776 4948 1100 5003 doctrinam
1133 4948 1321 5020 ipsam
1354 4965 1420 5004 ac
1450 4950 1662 5021 dogma
1710 4970 1934 5026 nequa-

297 5056 478 5111 quam
510 5037 654 5108 ipsis
701 5037 1098 5107 displicuisse,
1147 5054 1211 5091 ac
1256 5048 1679 5108 consequenter
1715 5044 1931 5100 crimen

294 5128 392 5183 hic
425 5127 684 5193 haeresis,
709 5126 936 5196 judicio
968 5140 1194 5193 eorum,
1229 5142 1342 5181 non
1377 5126 1577 5182 fuisse.
1611 5128 1769 5185 Hanc
1797 5139 1932 5201 puto

294 5230 426 5270 esse
456 5214 806 5268 sententiam
842 5212 1075 5267 illorum
1108 5214 1438 5283 verborum,
1463 5215 1721 5287 alioquin
1756 5220 1933 5290 hujus

298 5300 607 5371 scriptoris
636 5315 795 5355 more
827 5315 893 5353 ac
915 5297 1191 5369 peculiari
1236 5300 1404 5370 genio
1449 5319 1588 5356 sane
1639 5306 1933 5375 perplexo-

296 5405 471 5444 rum:
510 5389 633 5447 Πῶς
671 5387 745 5457 μὴ
786 5389 1220 5459 κατηγοροῦντες
1276 5386 1421 5447 ὅλως
1477 5384 1718 5451 ἀσεϐείας
1778 5396 1935 5462 (huic

304 5477 431 5531 voci
464 5476 781 5531 Vaticanus
813 5476 1123 5530 substituit
1170 5473 1388 5547 αἵρεσιν,
1434 5495 1548 5533 non
1595 5481 1764 5553 male)
1812 5482 1938 5545 τοὺς

296 5561 588 5632 Ἰταλοὺς,
646 5561 832 5632 ἠξῖουν
881 5566 1273 5637 παραιροῦντας
1322 5566 1419 5632 τὴν
1474 5568 1792 5638 προσθήκην
1840 5577 1939 5626 τοῦ

299 5646 612 5727 συμϐόλου,
676 5651 730 5705 ἐν
786 5656 904 5713 ταῖς
938 5649 1158 5712 λοιπαῖς
1187 5651 1527 5725 ἀνάγραπτον
1560 5650 1808 5733 ἔχοντας,
1831 5682 1942 5717 συν.

2020 1918 2165 1991 ἐχειν
2196 1926 2312 1981 τοῖς
2342 1920 2761 1990 ἐκκλησιάζουσι
2809 1926 3230 1997 συνισταμένους
3277 1923 3662 2004 λειτουργοῦν-

2017 2026 2109 2067 τος
2136 2011 2232 2060 τοῦ
2277 2008 2484 2082 ἱερέως,
2516 2009 2606 2062 καὶ
2654 2010 2752 2077 τὴν
2787 2009 3021 2084 Τριάδος
3070 2014 3230 2086 χάριν
3263 2014 3658 2088 παραδιδόντος

2017 2106 2239 2163 κοινῶς.
2271 2106 2596 2161 Allatianus
2627 2107 2684 2161 in
2714 2107 2821 2162 hoc
2874 2113 3104 2164 tantum
3164 2111 3455 2183 discrepat
3501 2118 3653 2172 548

2019 2194 2166 2260 quod
2193 2194 2503 2248 articulum
2520 2196 2953 2265 praepositivum
2976 2198 3074 2264 τήν
3094 2203 3228 2253 ante
3246 2216 3515 2257 vocemxo
3531 2224 3657 2258 ινω-

2015 2277 2131 2332 νίαν
2164 2299 2276 2336 non
2302 2283 2601 2349 habet;uti
2635 2302 2821 2355 neque
2852 2286 3026 2341 editio
3057 2287 3384 2345 Petaviana.
3424 2293 3647 2366 [P.37lj

2015 2369 2188 2424 Porro
2220 2372 2433 2427 cubare
2464 2373 2521 2428 in
2569 2377 2778 2429 mendo
2826 2376 3000 2431 verba
3048 2376 3148 2432 illa
3178 2370 3299 2451 ἔχεν
3359 2380 3644 2435 κοινωνίαν

2014 2457 2096 2512 vel
2127 2458 2225 2525 τὴν
2257 2459 2540 2513 κοινωνίαν
2576 2462 2711 2517 inde
2742 2465 3117 2520 madifestum
3141 2472 3247 2537 est,
3273 2470 3425 2538 quod
3449 2469 3646 2525 infini-

2010 2546 2164 2600 tivus
2186 2541 2329 2619 ἔχειν
2356 2565 2468 2602 non
2504 2554 2694 2619 potest
2724 2551 3030 2619 cohaerere,
3057 2553 3214 2609 salva
3231 2557 3478 2626 syntaxi,
3512 2574 3646 2614 cum

2014 2634 2370 2689 nominativo
2400 2634 2663 2710 ἀναφορὰ,
2699 2638 2799 2708 qui
2822 2640 3106 2710 sequitur.
3141 2641 3303 2699 Unde
3324 2645 3450 2700 sine
3471 2647 3648 2703 dubio

2013 2721 2395 2792 Pacbymeres
2427 2725 2703 2793 scrpserit
2724 2721 2841 2798 ἔχει
2885 2728 2943 2781 in
2995 2732 3297 2799 praesentis
3347 2733 3648 2790 indicativi

2019 2809 2186 2863 tertia
2207 2826 2474 2880 persona.
2510 2813 2658 2875 Quid
2690 2829 2826 2885 ergo
2850 2814 2996 2869 iltud
3030 2834 3062 2869 v
3084 2818 3421 2891 redundans
3445 2823 3499 2876 in
3525 2840 3648 2878 om-

2015 2897 2187 2950 nibus
2239 2898 2691 2968 exemplaribus,
2739 2901 2797 2955 in
2843 2903 3157 2959 Barberino
3207 2923 3341 2962 vero
3383 2911 3647 2967 omnium

2013 2986 2234 3053 optimo
2269 2991 2547 3055 praeterea
2577 2988 2840 3045 articulis
2870 2990 3004 3060 τὴν;
3041 2994 3182 3064 quid
3215 2993 3359 3062 haec,
3385 2996 3646 3069 inquam,

2012 3071 2171 3126 aliud
2210 3072 2454 3129 dixerim
2488 3092 2665 3145 quam
2703 3078 2949 3149 vestigia
2978 3080 3035 3133 in
3070 3085 3421 3154 apographis
3453 3088 3649 3144 adhuc

2019 3161 2309 3215 exstantia
2356 3162 2681 3236 archetypas
2729 3167 3078 3236 scripturae?
3124 3174 3344 3226 Auctor
3384 3173 3653 3233 videlicet

1939 3223 1981 3290 Ο
2022 3247 2104 3301 sic
2135 3247 2299 3303 initio
2333 3249 2658 3322 scripserit,
2686 3250 2805 3306 τίνα
2851 3249 2897 3306 δ’
2928 3252 3044 3328 ἔχει
3100 3256 3502 3318 ἀντικανονίανε
3550 3280 3651 3333 pro

2015 3335 2234 3406 quibus
2272 3338 2659 3409 exscriptores
2713 3359 3014 3412 perperam
3075 3354 3397 3416 posuerunt
3441 3348 3561 3404 τίνα
3606 3350 3654 3407 δ’

2016 3418 2161 3495 ἔχειν
2194 3424 2499 3493 κοινωνίαν,
2531 3430 2718 3483 securi
2770 3427 3129 3502 σολοικισμοῦ
3168 3440 3222 3489 et
3266 3440 3650 3508 perturbatio-

2020 3512 2111 3566 nis
2142 3512 2558 3569 inextricabilis
2588 3516 2645 3571 in
2671 3534 2845 3588 quam
2879 3525 3001 3575 tota
3031 3525 3319 3580 sententia
3359 3544 3460 3597 per
3488 3531 3647 3586 istud

2019 3600 2280 3670 ipsorum
2312 3599 2605 3673 παρόραμα
2637 3606 2937 3677 implicata
2968 3617 3266 3682 remanet;
3300 3623 3363 3670 ut
3392 3617 3539 3672 nihil
3572 3621 3656 3675 di-

2022 3706 2149 3745 cam
2165 3690 2234 3744 de
2256 3690 2496 3745 tazdiosa
2526 3694 2867 3763 repetitione
2890 3700 3151 3767 ejusdem
3186 3704 3442 3762 nominis
3463 3727 3655 3761 κοινω-

2021 3776 2109 3830 νία
2139 3778 2320 3832 altero
2353 3778 2546 3834 statim
2583 3786 2714 3851 post
2742 3800 2931 3851 versu,
2965 3792 3022 3842 et
3053 3789 3289 3857 quidem
3335 3809 3513 3850 sensu
3569 3798 3653 3853 in-

2025 3865 2380 3921 sulsissimo.
2414 3867 2561 3933 Quid
2585 3868 2741 3924 enim
2765 3873 2953 3943 magis
2984 3871 3375 3949 ἀσυλλόγιστον
3398 3882 3537 3954 ﬁngi
3558 3902 3658 3955 po-

2026 3958 2324 4023 testquam
2343 3955 2449 4009 hoc
2465 3958 2634 4012 modo
2660 3963 3057 4029 argumentari
3084 3980 3095 4017 :
3124 3965 3293 4031 Quam
3321 3972 3469 4024 enim
3500 3972 3659 4030 habet

2024 4044 2458 4097 communionem
2488 4046 2729 4114 prolatio
2758 4048 3021 4115 nominis,
3061 4067 3185 4106 cum
3204 4055 3341 4110 alios
3370 4057 3466 4127 qui
3498 4078 3657 4130 papa:

2026 4146 2136 4184 non
2173 4135 2300 4184 sunt
2329 4146 2539 4186 necesse
2576 4132 2650 4187 sit
2691 4137 3031 4207 participare
3086 4147 3501 4203 communioni?
3543 4156 3654 4207 etc.

2027 4220 2152 4274 Non
2177 4235 2267 4272 me
2300 4221 2448 4274 fallit
2478 4222 2658 4277 videri
2690 4224 2862 4279 alicui
2912 4244 3083 4297 posse
3121 4248 3316 4288 vocem
3368 4238 3657 4295 κοινωνίαν

2029 4307 2205 4379 priori
2253 4307 2377 4362 loco
2417 4310 2668 4379 positam
2731 4316 3001 4384 usurpari
3049 4318 3104 4371 in
3155 4336 3222 4374 ea
3269 4324 3504 4382 notione
3548 4346 3666 4400 qua

2026 4394 2202 4448 κοινὸν
2239 4395 2544 4452 interdum
2578 4398 2923 4457 immundum
2954 4413 3144 4476 sonat,
3179 4414 3242 4463 ut
3271 4394 3667 4483 significet-la-

2031 4487 2150 4539 bem
2179 4502 2247 4540 ac
2274 4488 2571 4554 maculam,
2590 4491 2879 4545 sententia
2905 4493 3023 4559 jam
3050 4500 3341 4569 utcunque
3362 4501 3671 4578 tolerabili,

2036 4577 2135 4630 sed
2158 4592 2282 4646 quae
2301 4593 2412 4630 non
2442 4576 3180 4642 tollitverisimilitudinem
3198 4587 3366 4661 longe
3386 4576 3666 4665 majorem

2038 4664 2464 4719 emendationis
2496 4670 2726 4732 nostrae,
2758 4670 2827 4723 ad
2861 4686 3039 4739 quam
3070 4673 3199 4730 ideo
3234 4680 3356 4747 fnou
3411 4664 3671 4741 dubitavi

2039 4754 2401 4808 conformare
2437 4755 2773 4811 editionem.
2824 4760 2883 4814 Si
2933 4762 3067 4832 quis
3116 4773 3339 4836 quaerat
3378 4774 3671 4842 quomodo

2040 4841 2353 4897 Vaticanus
2384 4844 2563 4898 codex
2592 4844 2748 4901 hunc
2780 4846 2973 4905 locum
3006 4858 3375 4925 expresserit,
3399 4841 3558 4917 sciat
3586 4867 3678 4918 to-

2040 4933 2167 4984 tum
2200 4930 2455 4986 emisse:
2490 4933 2571 4987 sic
2622 4933 2981 5009 plerumque,
3032 4959 3165 5000 cum
3220 4949 3362 5017 quid
3413 4952 3678 5024 ambigui

2041 5019 2312 5088 occurrit,
2347 5020 2587 5093 defungi
2619 5022 2847 5081 solitus.

2112 5141 2461 5214 Ἀντιλλάξας
2506 5165 2560 5217 p.
2611 5148 2732 5205 140.
2781 5152 2909 5223 Agit
2956 5156 3026 5210 de
3080 5159 3369 5217 militibus
3438 5164 3681 5223 Caesaris

2042 5232 2460 5288 insidiantibus
2494 5235 2622 5290 urbi
2653 5238 3337 5317 Constantinopolitanae,
3370 5267 3544 5320 quam
3569 5254 3677 5308 im-

2045 5320 2295 5391 provisio
2328 5321 2671 5395 intercipere
2702 5329 3005 5400 parabant,
3032 5349 3257 5389 summo
3280 5343 3586 5409 propterea
3606 5341 3684 5396 si-

2045 5406 2222 5461 lentio
2238 5414 2575 5479 agentes,ne
2600 5419 3089 5483 responsantibus
3108 5436 3135 5474 e
3151 5406 3316 5478 muro
3332 5406 3582 5492 quibusd
3593 5445 3684 5484 am

2046 5497 2450 5589 proderentur.
2477 5502 2653 5589 Codd.
2682 5503 2722 5556 Β
2747 5509 2803 5557 et
2823 5507 2867 5559 A
2893 5522 3025 5560 cum
3060 5508 3312 5580 simplici
3336 5510 3367 5565 λ
3391 5517 3681 5589 scribunt,

2047 5584 2232 5639 Vatic.
2281 5585 2530 5642 alterum
2564 5584 2596 5640 λ
2646 5591 2828 5646 addit.
2876 5595 3063 5649 Audio
3088 5596 3145 5650 in
3197 5599 3417 5672 vulgari
3468 5584 3681 5665 Graacis

2050 5673 2225 5731 hodie
2258 5674 2475 5733 usitata
2504 5676 2706 5749 lingua
2738 5677 3054 5754 ἀντιλλάξας
3080 5685 3191 5741 dici
3228 5706 3329 5760 pro
3355 5689 3693 5766 ἆντηλλάξας
