4146 6288
432 379 573 436 1007

1487 378 1549 428 Ρ.
1590 375 1868 430 POBSINI
1907 375 2515 433 OBSERVATIONUM
2556 381 2696 436 LIB.
2741 380 2781 432 Ι.

3694 379 3845 440 1008

434 510 511 564 ab
543 497 924 556 ἀνταλλάττω.
960 500 1099 551 noto
1127 497 1253 565 jam
1287 495 1608 562 vocabulo;
1644 495 1797 566 quod
1847 495 2091 550 fortasse
2120 501 2173 563 Α
2206 512 2302 551 cos
2324 496 2567 569 aliquid,
2595 498 2827 554 etallini
2853 499 2965 555 sibi
2997 499 3335 554 Latinorum
3354 516 3460 555 usu
3491 517 3842 571 passosesse

434 601 635 652 noster
688 586 1036 658 expresserit
1090 599 1253 637 more
1303 583 1588 653 populari.
1636 584 1692 635 Si
1742 584 1939 637 minus
1979 583 2086 637 hoc

438 684 650 757 placet,
684 675 885 748 reponi
928 678 1127 744 posset
1171 668 1599 741 ἀντικλαξάντων
1654 671 1723 724 ab
1781 668 2084 737 ἀντικλάζω

442 771 613 845 quasi
654 762 1020 836 ἀντικλάγγω.

514 865 948 923 ’Λντιστατικῶς.
990 878 1043 928 ρ.
1095 860 1216 912 480.
1274 858 1554 923 Habebat,
1619 862 1682 911 ut
1721 862 1977 928 apparet,
2027 857 2085 910 in

446 958 643 1012 animo
670 955 787 1006 haec
814 946 1472 1016 scribensPachymeres
1509 946 1696 999 locum
1715 944 2090 1013 Hermogenis

446 1046 571 1107 περὶ
631 1042 890 1106 στάσεων,
943 1038 1042 1091 ubi
1101 1035 1398 1107 explicans
1456 1037 1607 1105 quod
1662 1036 1738 1089 sit
1788 1033 2091 1092 ἀντίστασις

449 1100 692 1191 scribit:
728 1128 936 1182 Γίνεται
987 1123 1293 1183 ἀντίστασις
1335 1121 1458 1175 ὅταν
1508 1118 1803 1194 ὁμολογῶν
1834 1122 1860 1173 ὁ
1884 1120 2092 1195 φεύγνω

452 1219 809 1289 πεποιηκέναι
855 1236 909 1268 τι
954 1215 1026 1273 ὠς
1066 1210 1308 1283 ἀδίκημα
1338 1210 1558 1279 ἀνθιστᾷ
1586 1206 1769 1282 ἕτερόν
1796 1230 1847 1262 τι
1882 1207 2091 1282 εὐεργὲ-

450 1330 603 1382 τημα
638 1311 823 1380 μεῖζον
858 1301 928 1357 δι’
959 1301 1123 1354 αὐτοῦ
1161 1300 1257 1353 τοῦ
1308 1296 1645 1370 ἀδικήματος
1682 1297 2084 1371 πεπραγμένον.

458 1401 574 1455 Hoc
606 1402 730 1453 est:
765 1394 851 1448 Fit
894 1390 1278 1450 ἀντιστατικῶς
1305 1391 1418 1443 sive
1468 1390 1821 1458 comparatio,
1882 1386 2095 1456 quando

458 1504 584 1543 reus
607 1485 867 1553 conﬁtens
897 1497 952 1535 se
982 1481 1177 1549 [coisse
1201 1478 1418 1547 aliquid
1449 1477 1588 1547 quod
1616 1476 1953 1544 maleﬁcium
2001 1491 2094 1529 υο-

457 1586 626 1643 cetur,
659 1572 883 1644 opponit
912 1585 980 1623 ea:
1019 1566 1245 1621 adverso
1274 1567 1449 1628 maius
1506 1564 1727 1633 aliquod
1779 1562 2099 1630 beneﬁcium

459 1666 614 1735 cujus
656 1670 844 1715 auctor
888 1659 1061 1727 fuerit
1107 1655 1444 1719 male/icium
1496 1651 1640 1705 illud
1695 1651 2094 1705 committenda.

458 1754 646 1811 Veluti
672 1766 804 1805 cum
822 1745 1162 1817 peregrinus
1196 1747 1495 1796 accusatos
1514 1741 1665 1811 quod
1698 1744 1903 1793 contra
1942 1738 2100 1810 leges

2191 590 2254 638 ut
2284 593 2644 641 armaturam
2677 588 3035 642 etinstrume
3049 593 3148 641 nta
3177 586 3840 661 inferandiautpropul-

2191 674 2492 728 sandivim
2524 690 2591 729 ea
2621 675 3041 745 signiﬁcarent,
3066 676 3233 730 docet
3262 675 3517 730 Thomas
3550 678 3826 748 Magister

2193 761 2249 813 id
2282 762 2711 832 reprehendens
2747 764 2833 817 his
2862 762 3050 817 verbis
3082 779 3095 817 :
3128 763 3311 832 Ἅρμα
3365 761 3416 814 ἐν
3468 762 3513 833 ᾧ
3568 764 3620 815 οἱ
3663 761 3836 817 ἵπποι

2197 846 2521 922 ζεύγνυνται.
2555 847 2711 905 016i
2759 849 2845 903 ἐπὶ
2896 848 3081 903 ὃπλων
3130 846 3501 920 λαμϐάνοντες
3544 849 3604 904 οὐ
3655 851 3842 913 καλῶς

2194 940 2456 1010 χρῶνται.
2500 939 2833 995 Percrebuit
2874 940 2929 994 id
2964 944 3158 995 tamen
3222 940 3387 1007 satis,
3430 946 3494 995 ut
3539 943 3838 997 adversus

2196 1028 2485 1097 ejusmodi
2535 1044 2842 1083 censuram
2901 1028 3049 1083 tueri
3100 1045 3161 1083 se
3218 1030 3509 1099 quispiam
3559 1032 3843 1101 exemplis

2197 1121 2391 1183 queat.
2422 1116 2637 1171 Omitto
2660 1133 2782 1187 quae
2809 1117 3148 1171 testimonia
3189 1117 3319 1186 eius
3370 1117 3635 1173 notionis
3666 1120 3845 1174 refert

2200 1202 2763 1274 l‘vleursius,quaeque
2785 1205 2939 1274 apud
2957 1204 3269 1274 scriptores
3292 1205 3468 1259 etiam
3491 1222 3603 1260 non
3624 1223 3848 1278 usque-

2200 1307 2431 1361 quaque
2463 1293 2745 1346 barbaros
2766 1293 2933 1348 facile
2957 1294 3584 1350 occurrent.Admoneo
3607 1300 3843 1351 tantum

2198 1379 2633 1449 Pachymerem,
2667 1384 2966 1449 utcunque
2988 1380 3132 1434 alias
3183 1380 3606 1451 antiquarium,
3661 1382 3843 1452 hujus

2202 1470 2534 1538 εωτερισμοῦ
2584 1468 2765 1523 teneri
2823 1470 3151 1523 manifeste.
3204 1470 3329 1524 Duo
3391 1472 3519 1541 ejus
3571 1474 3841 1527 annotavi

2202 1554 2324 1609 loca
2354 1554 2411 1609 in
2445 1556 2659 1625 quibus
2690 1572 2886 1611 vocem
2921 1557 3134 1629 ἅρματα
3164 1559 3214 1612 si
3248 1559 3381 1626 quis
3412 1575 3622 1613 currus
3655 1560 3841 1615 inter-

2205 1648 2551 1714 pretaretur,
2585 1646 2654 1698 ab
2686 1646 2813 1715 ejus
2848 1652 3040 1699 mente
3072 1648 3390 1702 aberraret.
3451 1652 3512 1701 P.
3568 1649 3690 1715 434,
3752 1650 3840 1704 sic

2205 1730 2408 1785 scribit
2437 1733 2507 1785 de
2535 1732 2760 1786 Joanne
2791 1734 2941 1787 duca
2972 1734 3321 1804 imperatore
3357 1752 3368 1788 :
3406 1737 3741 1808 Κατωχύρου
3780 1737 3850 1789 τὰ

463 1858 699 1900 murum
724 1836 885 1892 urbis
919 1833 1343 1897 conscenderit,
1378 1831 1667 1885 fateturid
1700 1848 1732 1884 a
1763 1846 1824 1884 se
1856 1830 2097 1896 factum,

2212 1817 2440 1890 φρούρια
2472 1817 2603 1888 σίτῳ
2624 1818 2712 1871 καὶ
2746 1820 3001 1891 ἅρμασιν.
3030 1823 3177 1876 547
3224 1823 3425 1892 Specie
3474 1824 3601 1894 ipsa
3656 1826 3852 1895 prima

464 1933 563 1988 sed
599 1928 758 1984 addit
788 1942 848 1981 se
882 1924 989 1978 hoc
1022 1923 1243 1993 agendo
1275 1935 1538 1975 servasse
1570 1919 1887 1985 civitatem,
1916 1918 2104 1987 repul-

466 2024 549 2079 sis
579 2020 872 2082 hostibus,
907 2014 1003 2083 qui
1036 2018 1176 2067 tunc
1210 2012 1361 2066 546
1388 2008 1546 2064 nullo
1576 2009 1786 2063 civium
1822 2008 2108 2062 sentiente

470 2124 706 2166 murum
737 2102 933 2158 infesti
966 2098 1141 2155 scalis
1192 2096 1443 2152 admotis
1488 2098 1921 2165 superaverant.
1965 2092 2109 2145 Hinc

475 2202 629 2269 patet
652 2193 752 2265 qui
792 2190 926 2245 velit
960 2189 1067 2243 hoc
1093 2187 1217 2241 loco
1251 2190 1468 2251 noster,
1502 2183 1641 2236 dum
1690 2182 1769 2235 ait
1813 2196 2013 2250 pacem
2037 2180 2109 2234 ab

474 2268 767 2356 Ephesino
799 2284 855 2334 et
878 2277 1007 2332 aliis
1038 2273 1424 2329 ἀντιστατικῶς
1448 2272 1729 2324 duntaxat
1769 2268 2109 2334 admissam,

476 2370 805 2429 conﬁtendo
836 2365 1116 2421 nimirum
1141 2376 1270 2415 eam
1300 2357 1511 2412 malum
1544 2356 1799 2423 esse,sed
1824 2357 2109 2424 majorum

478 2460 766 2516 malorum
797 2454 1165 2509 vitandorum
1200 2464 1377 2502 causa
1410 2450 1560 2500 recte
1611 2444 1914 2499 toleratam
1956 2442 2113 2497 arbi-

476 2547 638 2605 trari.
672 2546 733 2600 ln
765 2559 879 2614 quo
912 2538 1203 2608 detegitur
1237 2535 1484 2589 ultimus
1508 2536 1776 2602 receptus
1825 2530 2113 2584 schisma-

472 2638 604 2692 ticae
634 2628 1033 2695 contumaciae,
1067 2630 1124 2680 et
1155 2622 1489 2678 declaratur
1529 2636 1704 2690 quam
1752 2633 1959 2689 parum
2001 2616 2117 2671 sin-

472 2741 604 2781 cera
635 2722 746 2775 ﬁde
779 2716 1037 2789 plerique
1068 2718 1209 2767 tunc
1244 2711 1572 2765 Graecorum
1609 2707 1783 2761 istam
1832 2720 1966 2759 cum
2008 2705 2115 2758 La-

480 2815 604 2867 tina
632 2806 886 2864 Ecclesia
911 2801 1284 2857 concordiam
1318 2798 1438 2852 sint
1460 2794 1731 2866 amplexi.

548 2894 858 2968 Ἀποστολή
894 2917 948 2971 p.
998 2897 1121 2952 424.
1161 2898 1315 2949 Inter
1368 2908 1576 2946 causas
1628 2906 1755 2961 quas
1808 2888 2118 2957 imperato-

479 3011 600 3050 rem
635 2988 1018 3058 Palaeologum
1058 2985 1362 3037 moverunt
1383 2980 1450 3033 ad
1488 2977 1893 3032 absistendum
1937 2981 2120 3044 coepta

481 3079 917 3155 oppugnatione
964 3072 1174 3129 Galatae
1211 3068 1693 3155 obsidionemque
1759 3063 2116 3155 solvendam,

481 3151 785 3227 enumerat
815 3177 1082 3234 sparsam
1118 3161 1332 3212 famam
1365 3152 1713 3208 auxiliorum
1747 3151 1929 3205 asede
1971 3166 2111 3221 apo-
2142 3194 2183 3260 C

578 3259 609 3260 η
730 3255 741 3260 -
978 3251 988 3260 .
1083 3248 1092 3258 ,
1424 3241 1637 3260 ,,___,A
1686 3240 2002 3260 ___,,,_____
2058 3244 2107 3260 ,ι

483 3259 687 3315 stolica
719 3255 843 3324 jam
903 3248 1333 3305 submissorum
1384 3241 1640 3297 obsessis
1686 3240 2009 3294 validorum
2053 3244 2108 3293 et

472 3348 597 3416 jam
630 3345 716 3413 [P.
756 3340 881 3410 372]
928 3332 1410 3391 adventantium;
1454 3324 1730 3395 ἀποστολή
1778 3328 1957 3397 igitur
2004 3326 2113 3381 hoc

478 3435 604 3489 loco
636 3429 780 3485 nihil
812 3427 969 3483 aliud
1012 3438 1188 3494 quam
1240 3420 1436 3475 sedem
1479 3416 1851 3489 apostolicam
1900 3419 2111 3470 Roma-

482 3539 618 3578 nam
651 3523 822 3574 sonat

552 3607 850 3682 Ἀπόφασις
886 3622 941 3675 ρ.
988 3603 1117 3655 268.
1176 3596 1608 3653 Denuntiarunt
1646 3593 1985 3666 patriarchae
2020 3593 2115 3682 da-

481 3681 842 3754 mnationem
878 3693 1062 3763 ipsius
1096 3693 1153 3743 et
1184 3686 1607 3756 depositionem
1652 3683 1872 3753 judicio
1913 3681 2112 3753 synodi

480 3791 795 3843 decretam.
828 3782 991 3838 Unde
1019 3775 1448 3847 intelligiturin
1480 3772 1649 3826 titulo
1681 3789 1807 3841 cap.
1841 3768 2111 3837 sexti,qui

482 3878 566 3932 sic
598 3875 801 3929 habet:
851 3870 1037 3927 Ὅπως
1098 3864 1464 3937 συναχθέντων
1527 3864 1637 3913 τῶν
1691 3856 1994 3931 ἀρχιερέων
2050 3854 2112 3908 τὸ

478 3963 687 4018 τέλειον
744 3960 969 4032 μήνυμα
1015 3954 1101 4009 καὶ
1158 3952 1244 4006 ἐπὶ
1286 3952 1464 4020 τούτῳ
1508 3950 1541 4015 ἡ
1587 3945 1853 4022 ἀπόφασις
1903 3943 2112 4019 γέγονε,

482 4069 677 4108 vocem
725 4046 992 4108 ἀπόφασις
1049 4040 1485 4097 damnationem
1534 4052 1760 4091 sonare.
1812 4034 1940 4089 Scio
1998 4049 2113 4087 non

482 4159 611 4197 esse
641 4140 790 4193 hanc
815 4106 1112 4202 vulgarem
1145 4130 1324 4198 hujus
1355 4125 1619 4181 vocabuli
1652 4123 1967 4178 notionem.
2004 4123 2112 4176 Ta-

482 4247 615 4285 men
642 4225 862 4296 aliquid
896 4220 1088 4276 simile
1112 4216 1444 4287 signiﬁcare
1475 4211 2116 4277 interdum,ostendunt

478 4318 606 4372 loca
636 4314 1013 4369 classicorum
1039 4312 1369 4367 auctorum,
1404 4300 1742 4369 vulgaribus
1773 4299 1943 4352 etiam
1977 4297 2111 4351 lexi-

477 4408 561 4463 cis
593 4404 795 4459 relata.
832 4399 973 4455 Mihi
1008 4394 1225 4450 sufﬁcit
1246 4387 2109 4462 Hesychius,apudquemlego:

473 4488 784 4568 Ἀπὸφασις,
834 4484 1033 4559 κρίσις,
1081 4482 1285 4555 ψῆφος,
1326 4475 1447 4545 δίκη
1533 4478 1597 4531 Et
1666 4480 1829 4530 vetus
1889 4474 2109 4529 lexicon

2214 1920 2453 1985 apparet
2484 1916 2786 1987 complecli
2805 1933 2935 1971 eum
2955 1918 3070 1971 duo
3092 1918 3342 1973 maxime
3357 1920 3684 1975 necessaria
3704 1938 3849 1992 pras-

2214 2002 2473 2057 sidiariis
2504 2004 2750 2067 arcium,
2783 2003 3058 2058 alimenta
3091 2010 3149 2059 et
3179 2022 3365 2060 arma.
3389 2009 3444 2060 Si
3480 2007 3610 2077 quis
3647 2013 3853 2063 tamen

2214 2090 2627 2144 contentiosior
2649 2107 2858 2145 currus
2888 2092 3061 2145 etiam
3094 2093 3151 2146 in
3187 2099 3466 2163 apparatu
3492 2096 3851 2150 tuendarum

2215 2178 2434 2231 arcium
2468 2195 2583 2232 non
2613 2180 2852 2233 inutiles
2885 2180 3177 2233 interdum
3201 2186 3304 2234 aut
3327 2182 3498 2237 etiam
3531 2184 3600 2237 ad
3635 2200 3845 2239 conve-

2214 2264 2459 2318 ctionem
2494 2272 2924 2321 commeatuum
2960 2269 3319 2323 necessarios
3351 2269 3442 2324 hic
3494 2277 3854 2327 memoratos

2215 2353 2373 2420 velit,
2402 2370 2486 2405 nae
2510 2353 2643 2406 huic
2669 2356 3034 2424 extorquebit
3057 2355 3435 2426 pertinaciam
3452 2359 3609 2427 quod
3633 2358 3853 2414 ibidem

2219 2456 2353 2493 mox
2403 2439 2527 2511 περὶ
2576 2438 2829 2511 ἁρμάτων
2868 2440 3104 2509 dicitur,
3144 2460 3211 2497 ea
3259 2460 3388 2498 esse
3436 2461 3505 2498 ex
3549 2462 3617 2500 eo
3644 2463 3855 2517 genere

2219 2545 2413 2582 rerum
2447 2530 2616 2598 cujus
2645 2547 2945 2600 nunquam
2970 2531 3188 2587 affatim
3215 2533 3515 2589 utentibus
3569 2535 3649 2589 sit
3670 2552 3685 2589 :
3706 2538 3855 2590 unde

2230 2634 2364 2671 mox
2395 2618 2648 2683 additur,
2697 2619 2753 2671 id
2814 2624 3175 2688 reputantem
3230 2620 3394 2675 illum
3448 2623 3844 2694 imperatorem

2220 2705 2476 2774 jussisse
2501 2706 2634 2758 addi
2675 2705 2951 2777 catalogis
2982 2707 3164 2777 gratis
3217 2710 3767 2779 suppeditandraum
3799 2726 3827 2764 e

2224 2792 2364 2846 ﬁsco
2389 2791 2559 2845 militi
2585 2808 2775 2846 rerum
2801 2810 2963 2847 arma
2985 2796 3175 2851 omnis
3205 2797 3433 2866 generis
3463 2801 3522 2852 et
3546 2815 3692 2853 usus
3714 2798 3833 2864 ,ubi

2225 2882 2282 2934 in
2313 2880 2507 2935 Graeco
2538 2897 2605 2935 ex
2632 2898 2738 2935 vox
2770 2878 2914 2933 ὅπλα
2946 2884 3247 2938 manifeste
3277 2889 3342 2937 ut
3388 2902 3715 2957 synonyma
3761 2888 3849 2937 τοῦ

2226 2974 2467 3047 ἅρματος
2501 2977 2663 3048 prius
2695 2979 2998 3033 memorati
3034 2980 3242 3049 posita.
3298 2979 3636 3037 Clarissime
3683 2984 3855 3037 etiam

2225 3065 2425 3118 eadem
2461 3081 2567 3119 vox
2598 3063 2811 3136 ἅρματα
2840 3082 2943 3137 pro
2976 3064 3119 3119 ὅπλα
3151 3073 3433 3139 usurpata
3461 3071 3773 3140 reperitur.
3799 3088 3855 3141 p.

2223 3152 2348 3213 419,
2378 3153 2473 3206 ubi
2508 3153 2886 3223 Pachymeres
2906 3155 2985 3209 ait
3008 3159 3258 3210 Nenetos
3276 3156 3587 3226 aliquando
3616 3159 3859 3214 ditiores

2224 3238 2763 3311 splendidioresque
2793 3244 3199 3297 Genuensibus
3226 3245 3464 3308 fuisse,a
3486 3246 3859 3315 quibus,vice

2221 3344 2413 3382 rerum
2439 3328 3061 3400 humanorum,postea
3082 3331 3300 3385 divitiis
3313 3334 3570 3387 etcultus
3585 3335 3859 3405 magnifi-

2221 3418 2407 3471 centia
2438 3418 2694 3487 superati
2729 3419 2865 3472 sint.
2904 3422 3049 3490 Ergo
3074 3419 3857 3490 prioremillamVenetorum

2224 3506 2655 3576 magniﬁcentia
2722 3522 3076 3574 memorans,
3155 3508 3237 3561 ait
3312 3525 3512 3563 eorum
3578 3506 3857 3583 συνέδριον

2221 3593 2329 3648 hoc
2359 3599 2446 3647 est
2492 3610 2777 3663 proceres,
2801 3594 3093 3664 patricios,
3128 3612 3191 3649 ex
3228 3595 3441 3665 quibus
3502 3598 3557 3650 in
3604 3614 3671 3651 ea
3714 3600 3859 3654 urbe

2222 3688 2459 3737 senatus
2490 3680 3011 3753 οοηείθηῐπτλούτῳ
3029 3681 3116 3735 καὶ
3148 3682 3349 3754 ἅρμασι
3374 3683 3463 3736 καὶ
3520 3692 3859 3755 παρασκευαῖ

2221 3768 2450 3829 ἁπάσαις
2525 3772 2927 3825 Genuensibus
3002 3772 3139 3825 olim
3210 3773 3569 3842 praestitisse.
3616 3773 3718 3829 Hic
3786 3792 3860 3830 ne

2222 3855 2434 3930 ἅρματα
2474 3876 2681 3913 currus
2746 3860 3219 3930 interpretemur,
3269 3860 3556 3931 prohibet,
3604 3861 3652 3915 si
3706 3863 3856 3917 nihil

2222 3949 2401 4014 aliud,
2436 3954 2590 4001 certe
2620 3947 2768 4002 situs
2813 3948 2974 4002 urbis
3004 3947 3228 4001 Venetae
3263 3949 3333 4002 ad
3360 3949 3537 4003 maris
3584 3952 3857 4006 aestuaria

2222 4046 2303 4099 sic
2337 4046 2534 4117 positae
2567 4050 2628 4099 ut
2660 4046 2885 4117 cymbis
2908 4062 3008 4115 per
3028 4062 3177 4113 eam,
3204 4062 3313 4100 non
3349 4046 3543 4100 rhedis
3566 4064 3853 4103 commee-

2222 4140 2336 4188 tur.
2371 4136 2557 4197 Quare
2585 4134 2896 4187 ridiculum
2930 4134 3574 4205 faceretPachymerem,
3597 4138 3694 4207 qui
3718 4154 3851 4192 eum

2222 4223 2411 4276 dicere
2435 4222 2654 4292 juberit
2685 4228 2981 4276 senatores
3015 4222 3152 4275 olim
3186 4223 3435 4277 Venetos
3467 4223 3525 4276 in
3558 4240 3664 4277 sua
3711 4226 3851 4280 urbe

2223 4311 2411 4380 specie
2440 4311 2754 4365 rhedarum
2786 4317 2843 4363 et
2874 4309 3307 4381 magnificentia
3336 4326 3616 4365 curruum
3651 4312 3843 4381 copias

2221 4397 2644 4455 ostentasse.Ut
2670 4398 2933 4451 omittam
2975 4414 3041 4451 ex
3064 4397 3192 4451 aliis
3220 4397 3398 4467 hujus
3418 4398 3836 4464 historialocis,

2222 4488 2305 4555 [P.
2339 4488 2463 4556 375]
2497 4487 2649 4557 quod
2683 4486 2817 4539 alibi
2850 4486 3110 4553 observo,
3135 4502 3433 4556 apparere,
3470 4504 3538 4541 ne
3586 4489 3645 4541 in
3690 4486 3833 4541 urbi-

472 4546 1071 4653 anon‘ymiueditum'a
1096 4546 1380 4623 Vulcanio
1414 4584 1430 4620 :
1462 4563 1762 4640 Απόφασις,
1798 4564 2105 4617 sententia.
2141 4546 2184 4610 Ῐ)
2218 4546 2326 4629 fma
2361 4546 2595 4645 quidém
2631 4575 2689 4626 in
2724 4574 2894 4644 plano
2925 4580 2982 4627 et
3014 4546 3518 4642 sicbogdmcaiis,
3548 4575 3738 4645 iisque
3760 4591 3843 4629 ι-θ.

542 4677 1012 4753 Ἀπροσποιοῦμαι
1046 4688 1101 4742 p.
1137 4668 1258 4723 496.
1291 4668 1540 4721 Verbum
1584 4664 1741 4753 istud
1793 4662 1929 4753 alibi
1987 4678 2101 4716 non

470 4750 676 4840 reperi.
698 4768 767 4821 Et
793 4762 1136 4823 Vaticanus,
1170 4764 1229 4810 ut
1263 4750 1863 4840 soletinohscuris,et
1905 4750 2014 4803 hoc
2048 4753 2104 4840 et

471 4837 702 4913 comma
732 4869 864 4907 cum
896 4866 962 4903 eo
991 4852 1181 4901 totum
1216 4842 1718 4897 omisit.Czsterum
1744 4838 1924 4907 hujus
1947 4837 2123 4890 notio

472 4952 538 5001 ut
568 4942 859 4999 contraria
887 4940 966 5007 τῷ
997 4934 1405 5006 προσποιοῦμαι
1440 4929 1628 4995 debet,
1654 4924 2100 4998 opinor,accipi.

470 5040 681 5089 Notum
706 5035 901 5085 autem
934 5042 1047 5079 non
1080 5023 1218 5093 quid
1246 5016 1653 5089 προσποιεῖσθαι
1679 5017 2097 5080 sit,assumere,

469 5124 805 5193 adjungere,
835 5118 1139 5171 admovere
1172 5109 1281 5164 sibi
1308 5126 1322 5175 ;
1356 5112 1421 5160 ut
1452 5102 1958 5193 solent‘principos
1999 5119 2097 5193 eos

464 5189 579 5283 quo
612 5189 717 5265 sua
748 5205 932 5279 gratia
964 5203 1173 5273 dignos
1197 5199 1422 5268 putant.
1466 5194 1615 5283 Ergo
1648 5189 2095 5283 dapoanozsisﬁat

457 5279 565 5356 c-rit
595 5298 899 5353 excludere
932 5308 996 5346 ac
1028 5288 1281 5357 rejicere.
1318 5282 1477 5348 Quod
1521 5281 1634 5334 huc
1666 5279 2094 5349 bellequadrat,

452 5395 518 5445 ut
546 5384 877 5455 Acropolita
897 5382 1087 5434 favore
1111 5390 1175 5429 ac
1208 5368 1602 5426 familiaritate
1624 5367 1991 5436 imperatoris
2015 5366 2092 5421 si-

448 5477 766 5549 gniﬁcetur
795 5466 1100 5525 excidisse.

518 5574 773 5645 ’Ἀρματα
831 5567 888 5621 ln
940 5562 1171 5619 notione
1220 5556 1378 5613 vocis
1457 5551 1603 5627 ἅρμα
1674 5570 1789 5645 (ἶυὲ
1856 5571 2091 5645 currum

453 5642 751 5732 designari
782 5654 978 5712 sciunt
998 5647 1536 5715 omnes,innovasse
1561 5642 1910 5699 recentiores
1933 5644 2089 5701 Grae-

2215 4663 2345 4734 giis,
2384 4666 2742 4733 frequentem
2767 4678 2832 4715 ea
2865 4662 3846 4732 tempestatecurruum,rhedarum

2215 4757 2314 4805 aut
2344 4752 2708 4816 essedorum,
2760 4749 3063 4821 splendide
3112 4750 3431 4821 praesertim
3481 4756 3847 4817 ornatorum,

2213 4865 2385 4903 usum
2440 4849 2641 4902 fuisse.
2689 4848 2837 4918 Ergo
2888 4847 3017 4901 sino
3061 4847 3237 4900 dubio
3278 4844 3503 4917 πλούτῳ
3525 4846 3613 4899 καὶ
3646 4848 3846 4921 ἅρμασι

2211 4936 2399 4991 divitis
2429 4944 2479 4991 et
2508 4938 2681 4990 armis
2712 4936 3053 4990 vertendum
3084 4936 3503 4989 fuit.Nimirum
3519 4936 3697 4990 armis
3715 4952 3845 5006 pre-

2210 5025 2356 5078 tiose
2386 5024 2604 5077 ornatis
2636 5024 2906 5093 instructi
2938 5023 3273 5092 gaudebant
3295 5040 3591 5094 apparere,
3626 5040 3782 5077 more
3812 5040 3845 5076 a

2211 5112 2880 5184 Satyricolaudato,dum
2896 5110 3214 5165 adducitex
3227 5110 3474 5166 heroicis
3485 5112 3843 5183 temporibus

2207 5200 2534 5271 exemplum
2569 5200 2879 5269 cujusdam
2913 5199 3163 5270 gemmis
3200 5215 3314 5253 non
3350 5201 3419 5254 ad
3452 5200 3711 5255 ornanda
3741 5216 3845 5268 po-

2204 5291 2355 5352 cula,
2390 5296 2453 5343 ut
2479 5289 2644 5342 Virro
2691 5288 2925 5359 quidam
2963 5286 3229 5355 faciebat,
3258 5292 3321 5341 ut
3352 5287 3643 5353 soliti,sed
3663 5303 3759 5341 eas
3780 5286 3840 5341 in

2201 5379 2420 5448 vaginae
2450 5378 2638 5431 fronte
2670 5376 3015 5447 ponere,boc
3047 5380 3136 5429 est
3158 5376 3215 5429 in
3240 5375 3838 5445 capitulo,conspicuo

2203 5468 2472 5522 videlicet
2502 5465 2646 5531 loco,
2676 5465 2981 5519 ostendare
3006 5462 3236 5517 :alludit
3268 5464 3421 5518 enim
3445 5464 3590 5517 illud
3618 5462 3844 5534 Virgilii

2201 5556 2477 5610 stellatum
2487 5554 2708 5624 jaspidc
2741 5552 2898 5621 fulva
2927 5566 3125 5606 ensem
3156 5551 3335 5607 zEaea
3362 5552 3695 5607 tribuentis.
3728 5550 3841 5606 Sed

2202 5645 2321 5699 haec
2352 5640 2402 5695 ἐν
2433 5642 2703 5715 παρέργου
2750 5641 2919 5712 μέρει.
2954 5639 3197 5694 Summa
3249 5639 3346 5709 sit,
3389 5638 3603 5711 ἅρματα
3647 5639 3707 5696 in
3744 5638 3840 5695 his
