4122 6272
337 329 478 385 1009

1792 338 2273 393 GLOSSARIUM.

3586 334 3723 389 1010

332 455 565 511 duobus
599 457 978 529 Pachymeris
1008 458 1151 515 locis
1201 476 1304 531 pro
1348 458 1545 522 ὅπλοις
1593 463 1877 534 positum,
1922 478 1937 517 ε

2049 509 2063 529 ι
2161 461 2247 531 [Ρ.
2306 459 2432 528 374]
2490 454 3038 512 Αὐθεντοπουλεύειν.
3098 457 3247 511 Puer
3301 457 3573 528 princeps
3621 463 3722 515 aut

330 560 496 599 arma
527 546 736 601 Latina
770 548 1006 603 notione
1038 549 1483 621 designare,nec
1515 554 1586 607 ad
1616 569 1824 608 currus
1855 552 1966 608 nisi

334 634 588 689 absurde
612 636 780 689 referi
820 653 989 707 posse
1020 638 1116 708 (1).

402 719 677 794 Ἀρπεδὼν
740 741 794 794 ρ.
852 726 976 779 293.
1034 724 1207 786 Αὐτὸς
1265 727 1483 799 πεμψας
1539 728 1627 782 καὶ
1676 727 1964 802 ἁρπεδόσιν

326 807 590 873 ἐνδεῖσθαι
657 811 1107 885 παρασκευάσας.
1169 815 1297 870 Haec
1366 816 1499 872 licet
1570 819 1627 872 in
1690 823 1959 874 contextu

325 899 620 968 disjuncta
649 900 732 954 sic
759 902 1014 969 aptanda
1055 908 1215 957 sunt.
1259 904 1562 975 Signiﬁcat
1605 906 1960 961 Germanum

323 986 715 1056 patriarcham
750 988 938 1044 valida
968 990 1039 1044 ad
1080 990 1275 1061 ipsum
1310 992 1519 1048 throno
1565 994 1958 1063 dejiciendum

321 1075 570 1129 conflata
620 1076 887 1144 factione,
950 1094 1294 1146 persuasum
1357 1082 1570 1151 supina
1617 1083 1959 1138 credulitate

319 1162 553 1217 studere
585 1163 697 1217 sibi
729 1164 1137 1234 imperatorem
1172 1183 1347 1238 quam
1365 1170 1636 1233 maxime,
1661 1172 1958 1225 conﬁden-

317 1253 408 1303 ter
435 1249 726 1305 indicasse
754 1252 865 1321 ipsi
892 1270 1039 1323 opus
1067 1254 1176 1308 sibi
1210 1271 1338 1310 esse
1379 1257 1691 1327 donativis,
1743 1259 1955 1326 quibus

317 1338 665 1409 spargendis
711 1340 1143 1396 adversantium
1212 1344 1615 1399 reconciliaret
1682 1346 1950 1401 animos.

319 1427 503 1489 Quam
532 1428 601 1480 ad
637 1442 781 1495 rem,
813 1428 870 1481 in
904 1428 1372 1486 dissimulatione
1417 1432 1741 1501 persistens
1799 1435 1951 1490 548

320 1513 573 1569 Michael
603 1517 920 1582 Augustus,
947 1533 1220 1571 nummos
1249 1519 1298 1573 ei
1323 1536 1503 1575 aereos
1526 1528 1951 1592 argenteosque

317 1602 656 1673 misit,quos
670 1603 809 1658 dum
825 1604 1105 1660 solemnis
1121 1605 1457 1661 litaniarum
1476 1624 1688 1678 pompa
1706 1610 1763 1663 in
1806 1610 1948 1665 festo

315 1689 652 1745 Palmarum
685 1692 1040 1762 procederet,
1076 1694 1409 1763 patriarcha
1431 1696 1681 1765 jactaret
1705 1697 1762 1750 in
1809 1714 1947 1751 con-

2075 547 2376 620 regnantis
2411 546 2567 601 ﬁlius
2600 562 2973 616 parvus,cum
2999 546 3346 616 procedente
3384 547 3441 600 in
3464 547 3714 617 primam

2074 636 2383 706 pueritiam
2418 634 2665 689 infantia
2691 634 3032 689 comitatum
3066 634 3360 689 natalibus
3384 651 3710 706 congruum

2075 725 2284 794 accipit
2315 730 2369 778 et
2402 723 2723 777 ministerio
2758 740 2823 778 ac
2847 722 3122 778 satellitio
3155 724 3572 789 circumdatur,
3616 723 3708 777 αὖ·

2072 812 2509 874 θεντοπουλεύειν
2574 814 2787 866 dicitur
2839 813 3067 867 Gracia
3110 812 3349 881 recenti,
3380 814 3550 882 cujus
3592 831 3703 869 usu

2068 920 2177 957 vox
2224 898 2431 961 ποῦλος
2492 900 2879 973 ὑποκοριστική
2944 906 3051 956 est.
3111 901 3185 955 Ut
3242 917 3380 971 ergo
3448 898 3705 971 αὐθέντης

2068 990 2370 1045 dominum
2401 1035 2414 1050 .
2465 990 2548 1044 ita
2600 987 3036 1049 αὐθεντόπουλος
3088 1006 3329 1061 parvum
3390 992 3700 1046 dominum

2068 1084 2256 1133 sonat.
2290 1079 2431 1132 Hinc
2468 1078 2813 1149 intelligitur
2845 1080 2997 1149 quod
3032 1079 3240 1133 scribit
3269 1081 3495 1143 Noster,
3521 1097 3576 1150 p.
3608 1081 3701 1147 24,

2065 1168 2134 1220 de
2172 1166 2579 1221 Muzalonibus
2612 1166 2799 1221 tribus
2828 1167 3104 1222 fratribus
3124 1168 3425 1221 Theodoro
3454 1168 3704 1237 impera-

2062 1254 2167 1309 tori
2193 1254 2406 1321 charis,
2440 1256 2593 1325 quod
2627 1256 2700 1319 ei,
2744 1271 2876 1309 cum
2921 1255 3175 1324 primum
3229 1270 3373 1325 puer
3416 1254 3700 1309 familiam

2060 1342 2446 1413 principalem
2482 1343 2696 1397 habere
2720 1342 2910 1411 cmpit,
2952 1342 3008 1395 in
3056 1342 3311 1412 ephebos
3357 1343 3699 1397 honorarios

2058 1433 2209 1487 datis
2242 1433 2516 1486 fuissent.
2550 1429 2779 1503 ’Ἀνδρας
2810 1430 2917 1483 οὐκ
2946 1430 3213 1504 εὐγενείας
3239 1431 3331 1501 μὲν
3366 1432 3694 1504 μετέχοντας

2053 1521 2116 1574 τὸ
2174 1521 2453 1595 παράπαν,
2514 1520 2588 1580 εἷς
2635 1518 3043 1583 παιδοπούλους
3075 1518 3131 1574 δὲ
3197 1518 3693 1575 αὐθεντοπουλευο-

2058 1611 2203 1681 μένῳ
2234 1607 2593 1683 τεταγμένους
2625 1608 2791 1679 αὐτῷ.

2124 1700 2275 1755 549
2354 1696 2790 1770 Αὐτοπρόσωπον
2881 1696 3284 1773 ἀντιφάρμακον
3360 1716 3394 1770 p
3432 1742 3444 1754 .
3512 1700 3682 1754 212.

316 1779 525 1833 fertam
560 1780 807 1850 plebem.
844 1781 971 1835 Hac
999 1783 1150 1837 dona
1178 1788 1343 1838 vocat
1383 1787 1576 1839 noster
1625 1781 1943 1856 ἁρπεδόνας,
1974 1816 2021 1880 Β
2052 1787 2425 1842 Proverbium
2458 1788 2725 1841 indicans
2756 1787 3071 1842 efﬁcaciam
3108 1789 3425 1858 prasentia
3459 1788 3514 1841 in
3563 1793 3687 1843 tra-

315 1883 443 1936 qua
472 1884 581 1921 vox
608 1869 836 1938 proprie
862 1870 1152 1940 significat
1173 1870 1356 1925 lineas
1397 1875 1499 1926 aut
1547 1872 1714 1927 funes
1772 1874 1944 1929 hamo

310 1955 821 2026 praﬁxos,quibus
853 1958 1043 2027 pisces
1073 1974 1218 2012 esca
1250 1958 1535 2014 inhiastes
1567 1960 1754 2014 inﬁxa
1780 1962 1946 2015 avide

305 2043 523 2097 voratis
555 2044 709 2114 capti
740 2045 1056 2100 trahuntur
1080 2046 1137 2099 in
1172 2048 1455 2116 piscantis
1487 2052 1944 2119 manum.Atque

305 2130 463 2184 haud
494 2131 615 2186 scio
646 2149 719 2186 an
752 2149 865 2187 non
899 2138 1201 2204 propterea
1231 2135 1445 2190 lineam
1479 2137 1717 2191 divitem
1735 2138 1943 2207 hujus-

304 2219 464 2273 modi
494 2220 780 2288 gratuitas
797 2220 1099 2291 rapinasin
1124 2222 1351 2293 plebem
1375 2224 1685 2280 ambitiose
1703 2243 1943 2296 sparsas

307 2304 525 2360 alicubi
552 2307 843 2362 vocaverit
875 2308 1181 2375 Martialis,
1216 2312 1369 2381 quod
1402 2312 1495 2366 his
1552 2312 1714 2367 velut
1772 2313 1941 2368 lineis

305 2395 660 2466 piscatoriis,
695 2398 795 2451 sed
829 2398 1021 2453 aureis
1050 2403 1106 2453 et
1137 2399 1603 2465 amabilioribus,
1639 2402 1940 2457 hominum

308 2482 503 2537 studia
558 2488 616 2538 et
666 2482 995 2539 voluntates
1055 2486 1389 2557 capiantur.
1443 2491 1788 2558 Quanquam
1838 2506 1941 2544 nec

307 2571 513 2641 ignoro
543 2588 651 2627 nec
671 2572 938 2643 improbo
971 2589 1100 2644 qua
1128 2574 1242 2630 alia
1271 2577 1483 2631 eruditi
1513 2577 1860 2648 interpretes
1882 2578 1939 2632 in

308 2675 445 2713 eum
476 2659 665 2713 locum
700 2665 1189 2717 commentantur.

380 2746 559 2819 Ἀρχή
613 2766 669 2819 p.
730 2748 814 2802 17.
872 2750 1170 2804 Sententia
1226 2751 1334 2807 loci
1385 2752 1561 2823 exigit
1611 2752 1790 2824 ἀρχήν
1846 2753 1939 2808 hic

309 2835 503 2887 vocari
536 2835 726 2890 aulam
760 2836 881 2891 sive
910 2836 1249 2893 comitatum
1283 2839 1671 2911 imperatoris,
1705 2846 1804 2895 aut
1841 2857 1937 2895 ur-

313 2921 445 2975 bem
477 2921 700 2993 imperii
732 2925 951 2979 sedem.

382 3008 609 3082 Ἀτηρόν
646 3028 701 3081 p.
733 3013 856 3066 150.
889 3012 998 3069 Pro
1027 3011 1229 3086 ἀτηρόν
1275 3015 1385 3070 hoc
1444 3015 1566 3071 loco
1627 3017 1938 3072 Vaticanus

308 3098 487 3151 codex
517 3099 719 3153 scribit
742 3096 1007 3171 λυπηρῶς
1043 3103 1236 3156 notius
1268 3102 1324 3156 id
1356 3104 1751 3159 euim.Noster
1779 3104 1937 3159 vide-

302 3184 443 3240 licet
496 3191 757 3242 veterum
827 3189 1174 3260 scriptorum
1236 3191 1598 3247 abstrusiora
1657 3193 1938 3247 vocabula

304 3273 587 3329 libentius
618 3282 884 3347 usurpat.
920 3277 1240 3349 Hesychius
1270 3277 1469 3352 ἀτηρόν
1512 3281 1746 3351 exponit
1801 3277 1934 3353 βλα-

303 3356 499 3433 ϐερόν.
560 3364 699 3418 Inde
753 3363 818 3418 ﬁt
866 3363 1166 3437 ἀταρτηρός
1228 3384 1328 3437 per
1378 3369 1774 3439 epenthesim,
1829 3385 1936 3423 vox

303 3454 554 3506 Homero
611 3451 977 3523 Hesiodoque
1033 3455 1430 3524 frequentata.
1481 3457 1822 3512 Eustathius
1861 3457 1930 3510 ad

302 3538 536 3595 Iliad.a
593 3540 876 3611 originem
934 3543 1092 3598 vocis
1149 3541 1348 3615 ἀτηρόν
1408 3543 1568 3599 ducit
1620 3562 1653 3599 a
1700 3544 1932 3599 nomine

297 3626 400 3693 ἄτη
427 3643 596 3692 noxa,
650 3627 978 3693 calamitas,
1022 3631 1322 3685 damnum.
1372 3635 1518 3687 Cave
1567 3633 1930 3703 obtemperes

295 3715 758 3772 Constantinoin
790 3718 1235 3787 Lexicojubenti
1269 3737 1370 3789 pro
1392 3717 1592 3792 ἀτηρός
1617 3720 1931 3776 rescribere

283 3803 539 3875 ἀτειρής.
575 3806 710 3868 Quas
744 3806 889 3860 mihi
921 3823 1099 3862 causa
1131 3807 1238 3861 fuit
1267 3807 1388 3862 hac
1417 3808 1525 3861 hoc
1554 3807 1679 3863 loco
1728 3809 1927 3863 admo-

294 3890 508 3957 nendi,
567 3891 784 3963 alioqui
838 3895 1084 3949 tacituro
1142 3896 1213 3949 de
1268 3912 1405 3951 voce
1461 3893 1681 3969 ἀτηρός,
1742 3901 1806 3950 ut
1861 3912 1929 3950 ex

286 3978 515 4050 vulgari
548 3981 759 4036 veteris
790 3982 1131 4037 Hellenismi
1165 3983 1371 4038 notitia
1412 3983 1554 4038 satis
1603 3988 1925 4053 perspecta.

368 4064 673 4120 Αττάλλειν
703 4086 756 4139 p.
805 4071 893 4125 44.
945 4071 1082 4141 Agit
1139 4071 1219 4127 ibi
1278 4071 1522 4139 loquens
1580 4071 1800 4127 Muzalo
1856 4073 1927 4126 de

295 4171 478 4225 puero
506 4155 731 4211 Joanne
764 4159 1239 4229 Augusto;quem
1266 4176 1331 4214 eo
1354 4159 1611 4214 subditis
1625 4158 1924 4215 amabilio-

290 4260 415 4297 rem
446 4243 631 4298 videri
664 4244 873 4299 debere
916 4246 1016 4315 ait,
1080 4248 1234 4315 quod
1295 4263 1397 4317 per
1453 4252 1682 4302 atatem
1734 4246 1923 4301 adhuc

287 4330 637 4400 simplicem,
670 4332 795 4387 sine
828 4333 981 4399 fuco,
1026 4334 1232 4405 puerili
1276 4334 1588 4390 securitate
1628 4338 1919 4406 operetur.

288 4420 394 4473 Est
425 4416 734 4489 ἀττάλλειν,
764 4420 957 4490 inquit
1004 4422 1343 4477 Eustathius
1402 4425 1473 4477 ad
1531 4424 1692 4479 Iliad.
1754 4419 1802 4487 δ,
1862 4420 1922 4475 ἐκ

2056 1877 2282 1929 ctandis
2315 1876 2586 1947 negotiis,
2620 1876 2937 1947 praesertim
2962 1876 3523 1939 reconciliationum,
3558 1892 3685 1945 qua

2055 1963 2225 2033 longe
2240 1964 2413 2018 citius
2428 1969 2482 2018 et
2498 1964 2722 2019 facilius
2738 1982 2771 2018 a
2784 1981 2977 2019 coram
2994 1965 3204 2019 aﬁ‘ante
3221 1969 3277 2019 et
3293 1982 3358 2018 os
3378 1981 3444 2018 ac
3459 1963 3687 2018 vultum

2055 2057 2258 2106 notum
2293 2052 2600 2107 exhibente
2622 2053 3028 2124 transiguntur
3050 2069 3220 2120 quam
3238 2054 3309 2106 ab
3326 2054 3567 2108 absente
3592 2069 3692 2122 per

2051 2137 2280 2195 litteras
2314 2145 2415 2195 aut
2443 2140 2856 2196 internuntios.
2894 2142 3008 2195 Hoc
3039 2140 3315 2210 adagium
3343 2141 3399 2194 in
3436 2139 3689 2211 vulgatis

2052 2227 2495 2282 collectionibus
2519 2228 2778 2282 nondum
2811 2229 3021 2299 reperi.

2124 2315 2430 2387 Ἀψικορὲω
2458 2317 2645 2386 p.298.
2668 2316 2924 2371 Verbum
2959 2316 3063 2371 hoc
3089 2316 3162 2371 ab
3192 2316 3305 2371 alio
3336 2321 3684 2388 usurpatum

2047 2404 2243 2458 videre
2276 2421 2389 2457 non
2446 2403 2706 2458 memini.
2761 2406 2981 2458 Tamen
3042 2421 3111 2458 ex
3167 2405 3404 2473 vulgata
3455 2405 3682 2459 notione

2046 2492 2456 2547 vocabulorum
2490 2491 2746 2562 ἁψίκορος
2778 2497 2834 2547 et
2872 2490 3126 2564 ἁψικορία
3159 2492 3400 2557 Platoni,
3449 2493 3678 2547 Plutar-

2047 2580 2156 2633 cho
2189 2586 2247 2635 et
2280 2581 2533 2635 Luciano
2562 2582 2857 2649 tritorum,
2883 2581 3049 2636 facile
3071 2581 3332 2651 intelligo
3356 2588 3514 2637 recta
3536 2599 3673 2636 ana-

2046 2668 2539 2737 logiat‘ormatum
2579 2671 2819 2725 verbum
2864 2669 3165 2741 ἁψικορεῖν,
3202 2670 3357 2740 quod
3408 2675 3573 2725 sonet
3617 2669 3677 2723 in

2047 2756 2374 2810 satietatem
2407 2757 2519 2812 cito
2548 2758 2746 2812 venire
2795 2758 2874 2811 rei
2936 2762 3035 2811 aut
3083 2774 3340 2827 persona
3399 2757 3671 2827 alicujus.

2045 2848 2291 2914 Perapte
2323 2845 2391 2898 ad
2427 2846 2773 2899 sententiam
2810 2844 2941 2910 loci,
2983 2861 3097 2915 quo
3148 2845 3512 2914 signiﬁcatur
3559 2845 3676 2898 cito

2045 2936 2353 3000 pertasum
2389 2932 2716 3001 imperatori
2750 2933 3021 2987 Germani
3073 2932 3440 3003 patriarcha,
3495 2948 3668 3002 quem

2043 3019 2220 3088 paulo
2251 3028 2382 3074 ante
2408 3024 2569 3075 tanto
2601 3021 2795 3075 studio
2828 3025 3207 3091 promoverat.

2115 3102 2370 3181 Βαρϐάρα
2402 3126 2457 3179 p.
2489 3110 2614 3163 270.
2650 3110 2760 3164 Res
2782 3109 2999 3163 indicat
3029 3110 3325 3179 regionem
3359 3108 3675 3177 quamdam

1998 3190 2009 3213 ⁴
2045 3200 2143 3249 aut
2174 3202 2398 3266 partem
2432 3197 3080 3268 Constantinopolitanae
3113 3198 3275 3251 urbis
3315 3201 3417 3251 aut
3463 3197 3673 3251 subur-

2034 3282 2263 3338 biorum
2320 3286 2445 3353 ejus
2506 3287 2821 3341 Barbaram
2884 3286 3103 3340 dictam
3139 3327 3152 3350 ,
3214 3286 3426 3340 fortea
3480 3284 3669 3339 vicino

2034 3371 2251 3440 templo
2285 3376 2342 3427 S.
2378 3373 2636 3427 barbara
2668 3374 2909 3445 martyri
2942 3372 3665 3429 dicato.SaneConstanti-

2034 3458 2227 3527 nopoli
2263 3460 2441 3515 fuisse
2470 3461 2755 3531 templum
2789 3462 3014 3517 celebre
3047 3464 3080 3515 S
3108 3462 3373 3516 Barbara
3406 3461 3663 3526 nomine,

2032 3545 2199 3599 docet
2231 3547 2432 3601 Petrus
2466 3549 2699 3616 Gillius,
2729 3549 2768 3602 1.
2803 3566 2866 3614 ιι,
2900 3566 2946 3603 c.
2981 3551 3017 3602 2
3047 3548 3466 3619 Topographiae
3514 3547 3663 3601 Con-

2034 3633 2464 3704 stantinopol.,
2530 3637 2682 3706 quod
2738 3636 2964 3691 videtur
3013 3636 3295 3691 collocare
3353 3636 3411 3688 in
3472 3634 3662 3704 prima

2033 3722 2285 3793 regione.
2339 3722 2484 3786 Quia
2538 3739 2672 3777 vero
2734 3724 2843 3778 hoc
2881 3720 3229 3795 κελλύδριον,
3263 3724 3333 3777 de
3392 3739 3507 3793 quo
3567 3722 3662 3776 hic

2032 3814 2479 3884 agitur,dicitur
2510 3813 2687 3868 fuisse
2737 3815 2968 3869 miriﬁci
3018 3814 3258 3879 Nicolai,
3308 3814 3419 3867 hoc
3466 3816 3554 3867 est
3611 3812 3663 3866 ei

2031 3902 2287 3957 dicatum
2340 3906 2395 3955 et
2452 3918 2520 3955 ex
2570 3917 2635 3955 eo
2695 3906 3125 3971 nuncupatum,
3183 3900 3468 3969 suspicari
3531 3898 3665 3953 licet

2029 3990 2289 4060 proxime
2307 3989 2453 4044 illud
2470 3989 3013 4058 adhasissetemplo
3029 3989 3087 4043 in
3110 3989 3379 4044 honorem
3398 3988 3662 4057 ejusdem

2027 4078 2081 4131 S.
2115 4076 2333 4131 Nicolai
2377 4093 2410 4130 a
2442 4077 2777 4131 Justiniano
2827 4076 2967 4129 olim
3023 4080 3305 4141 extructo,
3366 4080 3431 4129 ut
3487 4076 3663 4129 refert

2027 4166 2365 4234 Procopius,
2397 4164 2437 4229 1,
2460 4182 2478 4218 ι
2511 4166 2582 4219 De
2610 4165 2880 4233 adiﬁciis,
2911 4181 2961 4218 c.
2993 4165 3047 4219 6.

2098 4248 2499 4324 Βαρὸαρειῶται
2533 4271 2588 4325 p.
2621 4252 3119 4322 321.Corrigenda
3162 4252 3307 4307 forte
3360 4251 3437 4305 sit
3482 4251 3662 4320 hujus

2024 4342 2179 4396 vocis
2212 4341 2520 4412 scriptura,
2584 4347 2805 4395 mutato
2838 4360 2882 4393 ει
2937 4342 2996 4395 in
3030 4360 3064 4410 ι,
3117 4356 3185 4394 ex
3214 4339 3453 4405 Codino,
3500 4357 3550 4393 c.
3600 4340 3655 4403 5,

2033 4429 2130 4483 ubi
2159 4435 2467 4500 postquam
2500 4430 2967 4484 Bardariotarum
3000 4429 3274 4483 vestitum
3306 4432 3361 4481 et
3393 4427 3662 4481 ministe-

282 4509 384 4559 τοῦ
448 4500 619 4573 ᾅττειν
679 4481 763 4561 καὶ
819 4481 1103 4565 ἅλλεσθαι.
1151 4512 1311 4573 Quod
1371 4511 1521 4566 idem
1582 4481 1800 4581 repetit,
1848 4511 1919 4565 ad

2049 4481 2184 4571 rium
2217 4481 2511 4587 explicuit.
2539 4519 2609 4571 de
2642 4518 2713 4571 iis
2745 4516 2865 4570 hac
2886 4512 3461 4585 subjungitzToiStouc
3490 4512 3659 4567 πάλαι

288 4594 464 4649 Iliad.
517 4614 560 4661 ε,
595 4595 815 4651 addens
873 4597 946 4653 ob
1005 4598 1358 4668 euphoniam
1418 4600 1652 4670 dempto
1720 4616 1835 4654 uno
1889 4618 1919 4650 τ

282 4682 464 4738 scribi
496 4680 777 4750 ἀτάλλειν,
810 4686 964 4755 quod
998 4690 1189 4741 tamen
1248 4690 1452 4742 Noster
1511 4687 1601 4742 hic
1662 4704 1774 4743 non
1832 4691 1922 4741 est

281 4775 549 4826 secutus.
584 4770 767 4826 Sonat
798 4780 991 4827 autem
1024 4772 1081 4827 id
1115 4775 1353 4828 verbum
1408 4790 1637 4829 movere
1685 4791 1749 4830 ac
1798 4791 1923 4845 pro-

282 4858 405 4912 fere
427 4874 490 4912 se
520 4858 701 4914 libere
752 4860 810 4914 in
862 4876 1097 4916 omnem
1159 4866 1405 4932 partem,
1451 4866 1672 4917 natura
1724 4862 1923 4917 indul-

283 4946 502 5017 gendo,
528 4946 675 5001 citra
705 4951 930 5003 metum
963 4952 1063 5003 aut
1097 4953 1461 5020 respectum;
1510 4951 1663 5021 quod
1717 4956 1771 5006 et
1818 4951 1920 5006 be-

282 5033 534 5088 stiarum
567 5039 656 5088 est
684 5039 742 5089 et
773 5052 1267 5108 puerorum,quos
1294 5040 1551 5092 nondum
1584 5038 1732 5095 ratio
1765 5055 1921 5093 com-

283 5120 495 5193 pescit.
528 5123 890 5178 Vocabulum
927 5125 1097 5195 plane
1131 5125 1571 5197 Pachymeriani
1602 5126 1778 5197 genii,
1803 5127 1920 5196 pri-

285 5224 459 5263 scum
492 5209 852 5280 populariter
882 5212 1261 5282 loquentibus
1294 5216 1656 5282 musttatum,
1690 5231 1718 5269 e
1751 5214 1918 5269 scho-

284 5295 479 5351 liastis
511 5302 811 5368 poetarum
845 5300 902 5355 in
935 5301 1239 5357 historiam
1270 5302 1593 5358 intextum:
1644 5304 1919 5375 qualibus

282 5383 384 5439 hic
415 5390 620 5441 auctor
653 5387 999 5445 delectatur.

359 5593 437 5665 (4)
469 5595 552 5651 Cf.
585 5596 843 5655 Glossar.
877 5600 1124 5657 alterum
1156 5618 1208 5658 v.
1242 5600 1773 5673 Ἀρματοφυλάκιον.

2028 4604 2232 4677 Πέρσας
2307 4603 2441 4657 κατὰ
2496 4605 2651 4677 γένος
2704 4603 2731 4657 ὁ
2788 4600 3042 4676 βασιλεὺς
3112 4600 3418 4673 μετοικίσας
3465 4599 3659 4656 ἐκεῖθεν

2029 4691 2103 4753 εἷς
2158 4691 2249 4745 τὸν
2328 4690 2628 4765 Βαρδάριον
2704 4690 2916 4753 ἐκάθισε
2968 4691 3233 4762 ποταμὸν,
3310 4690 3396 4765 ἀφ’
3452 4689 3513 4743 οὗ
3570 4689 3660 4744 καὶ

2030 4777 2398 4854 Βαρδαριῶται
2454 4783 2768 4835 καλοῦνται.
2821 4785 2933 4835 H0:
2982 4795 3181 4850 genere
3234 4785 3433 4834 Persas
3482 4780 3659 4849 impe-

2031 4873 2188 4924 rator
2243 4868 2369 4923 inde
2410 4868 2707 4924 translatos
2762 4868 3047 4924 constituit
3098 4884 3274 4939 prope
3316 4867 3659 4922 Bardarium

2029 4972 2283 5023 omnem,
2338 4973 2409 5011 ea:
2464 4973 2568 5027 quo
2616 4957 2931 5013 Badariotée
2976 4960 3276 5011 vocantur.
3337 4956 3655 5011 Bardarum

2030 5045 2182 5100 hunc
2212 5061 2441 5100 amnem
2501 5044 2755 5116 appellat
2812 5050 2979 5099 Anna
3007 5044 3323 5111 Comnena,
3355 5044 3393 5098 l.
3430 5060 3532 5115 1,p.
3566 5047 3657 5111 18,

2031 5128 2284 5199 ubi,eum
2318 5129 2595 5183 describit
2619 5133 2675 5183 et
2724 5128 2783 5182 in
2842 5128 3147 5183 Thessalia
3175 5127 3441 5194 collocat,
3476 5128 3560 5183 uti
3604 5135 3661 5184 et

2030 5222 2381 5271 nostereum
2415 5215 2810 5271 memoransl.
2870 5232 2914 5282 ι,
2962 5232 3011 5270 c.
3073 5216 3158 5269 10.
3221 5215 3364 5269 Eum
3429 5215 3660 5271 Nicetas

2033 5303 2199 5357 initio
2231 5302 2273 5357 l.
2304 5320 2369 5358 ιιι
2393 5305 2621 5359 videtur
2678 5301 2891 5370 ’Ἂξειον
2951 5308 3175 5358 Axeum
3225 5318 3450 5357 vocare.
3499 5303 3661 5358 Veri-

2031 5390 2225 5448 simile
2254 5397 2343 5448 est
2372 5392 2956 5463 Pachymerem,cum
2975 5384 3385 5461 Βαρδαρειώτας
3402 5391 3659 5462 scripsit.
