4122 6272
535 276 669 333 1011

1593 290 1655 339 Ρ.
1696 284 1969 339 POSBINI
2004 282 2607 340 OBSERVATIONUM
2643 288 2754 340 LIB
2816 288 2863 339 Ι.

3754 279 3864 336 1012

537 400 595 454 id
631 403 848 472 gentile
871 419 1082 459 nomen
1116 420 1231 459 non
1264 420 1331 460 ex
1366 405 1640 461 Bardario
1685 404 1906 472 Codini,
1963 404 2061 459 sed
2116 419 2185 457 ex

2310 406 2607 478 originatio
2657 406 2762 461 ἀπὸ
2791 410 2889 461 τοῦ
2942 406 3067 481 βοᾷν
3119 410 3175 463 et
3223 402 3457 477 βοάζειν,
3513 402 3656 459 unde
3699 402 3867 459 rectior

545 488 793 546 Bardaro
845 493 1014 545 Annae
1048 494 1348 561 formasse;
1384 496 1535 549 unde
1568 499 1723 548 recta
1750 492 2015 563 analogia
2045 492 2180 562 Βαρ-

545 570 734 647 δαρεύς
773 584 829 633 et
861 577 1180 653 Βαρδάρειος
1233 582 1409 637 ﬂuere
1461 590 1722 653 possunt.
1786 579 1924 635 Utut
1981 580 2057 634 sit
2112 578 2181 631 de

539 666 843 733 vocabulo,
877 670 961 739 de_
979 687 1037 725 re
1071 671 1197 741 ipsa
1227 674 1471 737 constat,
1507 676 1736 742 gentem
1768 669 1919 723 hanc
1957 666 2181 737 origine

542 752 853 824 Persicam,
890 757 1184 812 domicilio
1231 758 1554 827 Tessalam,
1599 759 1671 813 ab
1729 756 2180 828 imperatoribus

541 840 861 899 Bizautinis
893 850 994 899 aut
1024 847 1194 902 etiam
1230 849 1570 917 proceribus
1594 848 1801 902 horum
1826 842 2179 913 consangui-

542 932 667 983 neis
703 933 965 987 adhiberi
1000 935 1231 990 solitam
1270 937 1341 991 ad
1401 942 1622 990 certum
1680 951 1864 1007 genus
1922 929 2182 987 satellitii

538 1020 794 1088 propriis
828 1021 1163 1091 insignibus
1197 1023 1479 1089 distincti,
1515 1041 1578 1078 eo
1616 1024 1795 1078 ferme
1838 1021 2009 1075 modo
2067 1034 2182 1088 quo

542 1106 838 1178 principes
870 1110 1132 1181 Europaai
1166 1111 1638 1179 hodieHelvetiis
1674 1114 1941 1165 utuntur.

619 1204 720 1274 [Ρ.
778 1206 924 1279 275]
995 1207 1463 1285 Βασιλογραφεῖον
1520 1226 1554 1280 p
1590 1252 1603 1264 .
1662 1209 1801 1261 492.
1862 1207 1949 1259 Ita
1997 1202 2182 1259 codd.

543 1306 786 1360 omnes,
858 1296 1033 1350 etiam
1094 1298 1448 1353 Vaticanus.
1520 1297 1679 1352 Unde
1738 1292 2184 1365 intelligendum

544 1378 765 1435 crimen
794 1382 977 1437 libelli
1026 1388 1227 1440 contra
1276 1387 1689 1457 imperatorem
1752 1382 1974 1452 scripti,
2030 1378 2184 1443 lecti,

546 1466 731 1521 habiti
790 1471 1067 1539 peculiari
1126 1474 1408 1528 vocabulo
1484 1470 1937 1544 βασιλογραφεῖον
2008 1466 2189 1521 fuisse

546 1562 838 1625 vocatum,
873 1564 929 1613 et
951 1560 1001 1615 ei
1035 1562 1237 1616 mortis
1264 1578 1494 1632 pcenam
1526 1561 1928 1615 constitutam.

623 1653 777 1709 550
834 1649 1129 1727 Βεϐράναις
1184 1675 1253 1728 p.
1314 1659 1434 1711 492.
1499 1659 1588 1711 Ita
1650 1654 2011 1712 concorditer
2066 1654 2188 1705 tres

2301 494 2569 567 analogia
2598 497 2793 566 potius
2828 495 3069 568 βῡασμόν
3103 493 3433 549 formaverit
3472 507 3633 563 quam
3666 490 3866 563 βοασκόν.

2371 586 2578 663 Γαϐρᾶς
2625 609 2681 662 p.
2713 593 2836 647 282.
2892 592 3125 647 Invenio
3176 584 3355 662 Γάϐρα
3401 605 3607 643 nomen
3667 587 3868 641 civitatis

2298 678 2543 734 Persicas
2567 681 2720 751 apud
2744 680 3143 747 Ptolemaeum;
3165 696 3230 733 ex
3246 695 3360 749 qua
3383 677 3629 745 majores
3648 674 3867 729 Germani

2300 768 2663 836 patriarchae,
2706 769 2775 824 de
2828 786 2942 839 quo
3001 768 3093 822 hic
3156 766 3369 839 agitur,
3427 768 3582 818 ortos
3645 762 3869 833 Oportuit.

2305 856 2590 912 Caeterum
2651 857 2796 912 ratio
2854 855 3172 918 ἀντιθέσεως
3231 854 3489 924 exigeret
3540 855 3598 904 ut
3649 866 3679 903 a
3727 849 3872 902 Graba

2299 944 2521 1013 gentile
2553 961 2763 1000 nomen
2798 947 3165 1009 formaretur,
3211 943 3365 1013 quod
3428 938 3776 1009 responderet
3818 938 3874 1003 τῷ

2306 1030 2527 1098 Λάζοςς
2559 1034 2623 1100 (Ρ
2653 1034 2777 1103 376)
2837 1034 2950 1089 nisi
3007 1038 3204 1088 noster
3260 1024 3471 1101 Γαϐρᾶς
3520 1026 3577 1080 in
3618 1030 3753 1079 τεοῖο
3798 1038 3873 1093 Pw

2306 1111 2541 1192 Γαϐρεύς
2570 1125 2671 1175 aut
2702 1114 2964 1196 Γαϐραῐος
2997 1120 3275 1193 posuerit,
3317 1131 3529 1172 norma
3558 1112 3779 1184 quadam
3797 1126 3877 1165 sua

2309 1208 2564 1277 propria,
2598 1214 2662 1264 ut
2687 1214 2847 1265 amat
2878 1226 3011 1265 cum
3040 1207 3243 1281 paucis
3274 1204 3461 1277 loqui.

2376 1302 2687 1374 Γασμοῦλοι
2772 1310 2829 1361 et
2903 1302 3277 1377 Γασμουλικόν
3348 1319 3432 1373 p.
3495 1298 3633 1353 309.
3702 1292 3879 1365 Vulgus

2304 1389 2685 1461 Byzantinum
2720 1394 3006 1466 Hybridas
3024 1410 3092 1448 ex
3119 1392 3336 1447 Latinis
3362 1380 3881 1459 patribus,matribus

2304 1480 2516 1534 Grecis
2539 1486 2704 1536 natos
2735 1482 2881 1538 55]
2909 1477 3260 1555 γασμούλους
3284 1491 3495 1531 vocare
3541 1471 3879 1533 consueverat,

2310 1570 2371 1619 ut
2401 1569 2570 1623 docet
2602 1587 2705 1625 nos
2728 1571 2836 1626 hoc
2864 1570 2985 1626 loco
3019 1570 3244 1625 Noster.
3277 1566 3453 1635 Origo
3505 1562 3634 1619 talis
3682 1556 3884 1629 appella-

2308 1654 2481 1711 tionis
2514 1658 2736 1713 incerta
2766 1658 3173 1730 est.Suspicari
3195 1662 3396 1711 tamen
3424 1654 3557 1708 licet
3594 1649 3814 1705 allusum
3841 1643 3885 1695 in

549 1741 722 1795 codd.
761 1743 874 1798 nisi
906 1746 1061 1814 quod
1093 1745 1222 1802 Vat.
1258 1746 1328 1799 ad
1366 1738 1648 1817 βεϐράναις
1682 1743 1845 1799 addit
1889 1736 2187 1812 συμπίσσῃ,

2310 1759 2371 1797 ea
2395 1744 2464 1797 ad
2490 1762 2684 1800 vocem
2712 1748 2970 1801 Latinam
3001 1743 3434 1813 mulustraacis
3456 1741 3622 1796 etiam
3641 1735 3887 1819 usitatam.

550 1828 769 1885 omissa
828 1849 962 1887 voce
1019 1830 1172 1891 οὖσι.
1231 1834 1468 1903 Voluit,
1533 1834 1775 1905 opinor,
1839 1844 2049 1900 ponere
2098 1824 2187 1879 σὺν

556 1914 747 1990 πίσσῃ,
780 1924 846 1975 ut
881 1922 1235 1993 significaret
1267 1924 1450 1993 picem
1511 1922 1768 1976 additam
1834 1916 2190 1973 membranis

560 2008 799 2062 urendis
847 2026 1027 2081 supra
1076 2016 1251 2082 caput
1307 2011 1599 2076 Caloidaa;
1653 2009 1753 2080 qui
1819 2008 1903 2063 sic
1964 2003 2190 2075 capillis

560 2097 799 2154 ﬂamma
832 2101 1122 2173 applicata
1155 2102 1437 2173 correptis
1469 2105 1788 2157 excaecatus
1846 2099 2027 2153 miser
2080 2099 2186 2150 est.

559 2179 849 2259 Βεϐράναις
906 2195 1044 2259 puto
1117 2190 1339 2244 dictum
1409 2208 1514 2261 pro
1573 2183 1866 2260 μεϐράναις
1931 2203 1999 2241 ex
2054 2197 2190 2237 voce

560 2274 767 2331 Latina
796 2279 1150 2333 membrana:
1181 2278 1321 2349 quid
1350 2278 1502 2333 enim
1536 2275 1981 2346 aliudsuspicer
2000 2274 2026 2326 ‘?
2049 2270 2190 2342 quin

557 2363 785 2419 nisime
816 2367 1133 2422 deterreret
1186 2383 1511 2423 consensus
1556 2366 1845 2433 codicum,
1898 2363 2188 2417 crederem

559 2468 753 2507 errore
774 2453 1154 2510 librariorum
1179 2456 1530 2526 scriptorum
1560 2447 1842 2526 βεϐράναις
1874 2468 1973 2521 pro
2000 2441 2192 2519 μεερά-

559 2558 698 2609 ναις,
733 2559 798 2596 eo
832 2543 1230 2613 deceptorum,
1259 2544 1411 2613 quod
1444 2543 1500 2596 in
1534 2542 1741 2613 primis
1763 2537 2192 2608 exemplaribus

567 2630 722 2683 unde
750 2634 1132 2701 exscripsere,
1167 2630 1228 2683 τὸ
1265 2630 1295 2703 β
1327 2648 1393 2686 ea
1446 2632 1633 2701 figura
1680 2630 2013 2699 pingeretur
2065 2640 2191 2695 qua:

564 2734 771 2788 parum
808 2719 991 2774 distat
1022 2737 1053 2774 a
1099 2739 1155 2790 μ.
1210 2719 1327 2774 Hoc
1388 2720 1509 2774 fieri
1555 2718 1898 2789 plerumque
1954 2713 2191 2769 solitum

564 2823 714 2874 esse,
748 2815 963 2862 norunt
997 2808 1095 2878 qui
1130 2809 1189 2862 in
1214 2808 1479 2864 codicum
1512 2808 1839 2862 Grazcorum
1869 2820 2045 2858 manu
2068 2816 2191 2855 exa-

560 2899 820 2950 ratorum
877 2896 1121 2951 fectione
1151 2898 1364 2952 versati
1396 2901 1553 2967 sunt,
1579 2897 1790 2951 Locum
1816 2908 1985 2964 porro
2014 2889 2192 2952 hunc,

565 2988 630 3037 ut
663 2983 723 3037 in
750 2985 875 3039 cod.
915 2984 1152 3040 duobus
1190 2987 1228 3040 B
1259 2990 1315 3041 et
1345 2990 1389 3039 A
1440 2984 1761 3057 legebatur,
1794 2977 2193 3035 mendandum

564 3088 633 3126 ex
661 3070 940 3128 Vaticano
972 3074 1190 3144 putavi,
1225 3074 1493 3129 restituto
1525 3072 1582 3125 in
1616 3071 1809 3124 locum
1860 3065 2018 3122 verbi
2075 3060 2187 3116 οὖσι

2308 1830 2453 1899 Lego
2498 1833 2653 1888 enim
2714 1836 2772 1889 in
2806 1834 3034 1889 Basilio.
3070 1833 3261 1903 Eclog,
3309 1832 3378 1885 19
3418 1847 3431 1884 :
3473 1827 3570 1881 Καὶ
3604 1825 3629 1877 ὁ
3664 1816 3885 1894 μουλὶων,

2307 1915 2395 1972 ἐὰν
2455 1916 2501 1972 δ’
2557 1919 2802 1994 ἀπειρίαν
2881 1920 2971 1975 καὶ
3021 1916 3290 1983 ἀσθένειαν
3356 1917 3458 1972 οὐκ
3514 1910 3755 1989 ἐκράτησε
3798 1908 3883 1959 τῶν

2312 2005 2555 2076 μουλῶνε
2590 2013 2655 2065 Et
2676 2012 2869 2078 mulio,
2901 2012 2952 2065 .ςί
2969 2012 3036 2066 ob
3067 2008 3411 2080 imperitiam
3438 2006 3524 2061 vel
3554 1998 3882 2072 inﬁrmitatem

2305 2097 2481 2150 mulos
2511 2106 2606 2152 aut
2636 2100 2815 2153 mulas
2855 2107 3034 2153 tenere
3056 2092 3546 2168 nequiveriLQuia
3576 2104 3702 2159 ergo
3730 2081 3884 2139 mulus

2310 2177 2512 2255 διγινὶς
2565 2190 2654 2240 est
2684 2186 2922 2253 animal,
2967 2203 3034 2241 ex
3065 2184 3486 2241 commistione
3528 2180 3759 2235 duarum
3786 2184 3885 2239 spe-

2308 2271 2529 2327 cierum
2563 2278 2788 2341 natum,
2818 2292 2886 2330 ex
2907 2275 3037 2345 ejus
3062 2272 3345 2329 vocabulo
3364 2269 3547 2327 Graeci
3572 2256 3883 2321 formaverint

2314 2376 2528 2415 nomen
2560 2379 2674 2433 quo
2705 2365 3094 2435 exprimerent
3133 2362 3291 2416 istud
3326 2375 3517 2431 genus
3556 2351 3879 2426 Bybridarum

2310 2450 2805 2523 Constantinopoli
2837 2457 3030 2507 ortum
3057 2467 3125 2506 ex
3155 2449 3449 2521 conjugiis
3466 2446 3875 2531 Graecarum‘mﬂ'n

2312 2537 2555 2593 Latinis.
2590 2520 2867 2595 Uni—versa
2898 2556 3066 2611 porro
3096 2538 3304 2594 talium
3346 2520 3517 2591 inatio
3569 2520 3875 2616 I‘aapoultsxo'j

2312 2625 2635 2683 dicebatur.
2670 2608 3024 2700 Pachymer.,
3049 2646 3104 2699 p.
3139 2627 3260 2681 188:
3290 2628 3382 2695 Τῷ
3416 2620 3474 2676 δέ
3504 2640 3563 2695 γε
3588 2608 3875 2686 Γασμουλικῷ

2310 2714 2400 2775 οὖς
2458 2714 2523 2783 δὴ
2584 2717 2919 2789 συμμίκτους
2976 2720 3009 2786 ἡ
3067 2721 3172 2771 τῶν
3229 2713 3456 2770 Ἰταλῶν
3505 2708 3667 2765 εἷ’πειε
3691 2703 3866 2789 ﬂio???

2311 2803 2437 2859 Non
2508 2788 2893 2862 dissimulabo
2968 2808 3317 2862 Vaticanum
3385 2803 3641 2859 codicem
3706 2796 3754 2848 in
3797 2788 3868 2841 hoc

2312 2894 2568 2948 secundo
2599 2894 2723 2949 loco
2754 2896 2911 2966 (nam
2945 2896 3101 2966 prior
3131 2912 3186 2966 p.
3217 2894 3347 2959 309,
3399 2891 3459 2945 in
3510 2906 3574 2944 eo
3621 2900 3721 2941 non
3762 2888 3873 2932 com-

2314 2981 2497 3051 paret)
2542 2983 2889 3037 vocabulum
2950 2983 3105 3038 istud
3137 2998 3239 3053 per
3301 2979 3621 3037 secundam
3677 2970 3875 3061 littera:n

2314 3050 2607 3125 inchoare:
2644 3070 2928 3141 scriptum
2962 3072 3116 3125 enim
3139 3050 3387 3125 exhibet
3424 3069 3505 3137 τῷ
3566 3050 3877 3141 βασμουλιῷ

563 3163 641 3229 τῷ
673 3125 1695 3232 ciniiniioeniquo’d‘villehsuggerit
1746 3156 1893 3213 satis
1942 3156 2013 3211 ad
2071 3168 2189 3207 rem

2314 3158 2557 3228 Reperio
2590 3125 3041 3214 etiam‘Nicetam
3074 3158 3416 3214 Choniatem
3464 3125 3575 3210 lib:
3614 3125 3674 3205 ni
3714 3146 3763 3199 in
3795 3139 3881 3194 Ma-

565 3249 802 3305 faciens.

635 3330 841 3397 Βὲκλας
913 3355 982 3409 ρ.
1033 3339 1139 3393 28.
1199 3337 1269 3391 Τὸ
1338 3331 1547 3409 συμϐὰν
1605 3334 1691 3388 ἐπὶ
1739 3336 1817 3403 τῷ
1868 3329 2038 3385 πάλαι
2093 3326 2194 3385 Βὲ-

566 3422 724 3485 κλας.
751 3426 1066 3483 Notissima
1090 3430 1179 3481 est
1211 3429 1533 3498 impostura
1564 3423 1895 3493 Photii.qua
1916 3420 2007 3476 sui
2038 3435 2199 3474 revo-

565 3514 851 3569 cationem
886 3516 957 3569 ab
988 3515 1190 3571 exsilio
1215 3516 1549 3570 eblanditus
1569 3516 1658 3569 est
1679 3531 1711 3567 a
1732 3512 1968 3581 decepto
1991 3506 2197 3563 Basilio

567 3601 917 3671 imperatore
948 3602 1215 3658 fabulosa
1243 3603 1371 3673 ejus
1396 3601 1733 3673 genealogia
1762 3596 2087 3669 supposita,
2138 3593 2197 3648 in

570 3703 685 3756 qua
715 3688 909 3757 ipsum
945 3689 1226 3744 Basilium
1271 3691 1606 3761 prOphetice
1638 3689 2009 3759 designatum
2040 3699 2199 3737 com-

570 3778 994 3834 miniscebatur
1043 3780 1323 3836 vocabulo
1380 3782 1593 3847 Berlas,
1620 3781 1867 3834 formato
1911 3794 1940 3830 e
1994 3773 2198 3844 primis

568 3865 781 3921 litteris
814 3868 1121 3923 nominum
1150 3868 1344 3924 Basilii
1368 3870 1707 3940 ipsius,tum
1732 3865 1909 3935 hujus
1933 3860 2199 3931 conjugis

569 3954 853 4022 Eudociee,
891 3956 1143 4011 ﬁliorum
1179 3963 1455 4028 praeterea
1501 3956 1689 4028 ipsius
1729 3958 2000 4025 quatuor.
2045 3950 2197 4003 Con-

568 4043 833 4109 stantini,
898 4044 1127 4111 Leonis,
1187 4045 1533 4108 Alexandri,
1594 4042 1891 4115 Stephani.
1950 4042 2029 4095 Ea
2071 4041 2198 4093 fuse

563 4135 879 4186 narrantur
908 4149 939 4185 a
967 4131 1165 4187 Niceta
1195 4133 1253 4186 in
1292 4132 1422 4186 Vita
1471 4136 1526 4185 S.
1587 4131 1797 4201 Ignatii
1855 4128 2198 4200 patriarcha:

566 4218 674 4275 ΟΡ.
708 4226 765 4274 et
785 4238 817 4275 a
846 4220 1240 4275 Constantino
1272 4220 1560 4274 Manasse.

634 4314 920 4389 Βλάγκαρ.
954 4318 1087 4371 365.
1118 4315 1187 4368 Τὸ
1220 4312 1277 4368 δὲ
1307 4314 1442 4388 πρὸς
1500 4314 1590 4369 τὸν
1643 4312 1883 4389 Βλάγκα.
1934 4316 2018 4370 Ita
2074 4314 2197 4368 cod.

563 4404 917 4461 Allatianus.
982 4405 1336 4461 Barberinus
1394 4422 1525 4460 vero
1562 4404 1624 4458 τὸ
1655 4404 1790 4477 πρὸς
1842 4407 1919 4473 νῷ
1976 4400 2197 4475 Βλάγκᾳ

2314 3246 2483 3303 nuele
2496 3248 3242 3315 Comneno,describentem
3257 3248 3416 3301 idem
3431 3258 3614 3317 genus
3626 3233 3879 3293 hominum,

2324 3334 2673 3407 βασμουΛοὺς
2721 3354 2834 3393 non
2884 3334 3237 3411 γασμούλους
3281 3350 3511 3391 vocare.
3564 3325 3883 3411 Pachymgﬁl‘.es

2318 3428 2511 3480 tamen
2540 3427 2594 3480 in
2630 3431 2879 3499 utroque
2911 3427 3133 3482 meliori
3168 3424 3362 3481 codice
3428 3422 3692 3478 constans
3730 3401 3881 3499 est-in

2316 3513 2425 3569 hoc
2474 3514 2709 3570 nomine
2767 3492 2870 3587 per
2926 3516 3158 3572 tertiam
3220 3514 3479 3569 litteram
3547 3492 3882 3574 auspicando.

2318 3600 2515 3656 Utrius
2535 3603 2843 3673 praevalere
2858 3594 3658 3671 debeatauctoritas,arbitrio
3670 3587 3881 3649 relin‘luo

2312 3691 2617 3760 prudentis
2650 3692 2903 3749 lectoris.

2384 3788 2792 3857 Γονικευθείσης
2852 3806 2912 3860 p.
2981 3789 3103 3843 164.
3164 3787 3248 3841 Ita
3304 3788 3439 3841 cod.
3499 3764 3880 3860 uterqueiB,“

2314 3874 2375 3929 Λ.
2433 3852 2753 3932 Vaticanus
2780 3852 3022 3933 autem:
3084 3874 3265 3945 τρίτον
3313 3872 3451 3947 ὅπερ
3508 3869 3572 3937 ἦν
3618 3852 3880 3947 “NW?”

2310 3968 2410 4030 τῆς
2439 3968 2541 4037 γῆς
2568 3968 2686 4025 τοῖς
2744 3941 3193 4037 θεληματαρίοὶς.
3244 3941 3503 4035 Apparet
3557 3941 3879 4041 verbum'hof

2317 4067 2445 4107 esse
2477 4054 2939 4124 agrimensorum
2965 4070 3100 4108 arva
3131 4051 3518 4107 dividentium
3537 4049 3591 4102 et
3605 4056 3701 4099 sua
3719 4038 3878 4098 cuique

2316 4142 2740 4212 assignantium
2768 4144 2995 4213 jugera.
3038 4142 3338 4213 Nusquam
3391 4136 3531 4194 alibi
3561 4134 3661 4188 hoc
3685 4125 3877 4213 VOQbu'

2312 4211 2702 4286 lumimemini
2734 4211 2825 4286 me
2847 4211 3064 4303 legere.
3096 4211 3372 4301 Suspicor
3404 4230 3591 4283 autem
3625 4211 3873 4303 formatum

2316 4334 2349 4372 8
2375 4316 2531 4391 γόνος
2566 4292 2943 4391 significante
2969 4317 3143 4390 μίτον,
3177 4292 3286 4373 hoc
3334 4321 3426 4372 est
3473 4312 3629 4367 filum
3676 4302 3775 4358 sive
3808 4292 3873 4346 fu-

2316 4408 2599 4480 niculum,
2634 4426 2746 4480 quo
2805 4409 2864 4464 in
2923 4408 3327 4480 designatione
3384 4402 3734 4477 praediorum,
3781 4394 3869 4480 ηυξ

559 4492 963 4547 κοντοσκέΛιον.
1000 4493 1317 4549 Vaticanus
1348 4494 1474 4549 sine
1507 4495 1795 4549 mentione
1817 4488 2189 4544 κοντοσκελίου

2314 4498 2526 4568 cuique
2578 4498 2633 4552 in
2696 4498 3009 4568 partitione
3037 4502 3319 4553 terrarum
3363 4471 3871 4568 attribuunturjiu't1

559 4581 643 4635 sic
675 4582 866 4636 habet:
901 4579 969 4633 Τὸ
1004 4576 1060 4633 δὲ
1087 4580 1222 4654 πρὸς
1270 4582 1358 4635 τὸν
1395 4581 1663 4656 Βλάγχαν,
1692 4582 1748 4636 id
1808 4582 2061 4636 referens
2120 4579 2189 4633 ad

559 4686 757 4725 vocem
805 4670 1053 4741 νεώριον,
1113 4674 1331 4742 navale,
1394 4673 1666 4743 superius
1716 4671 1986 4743 positam.
2044 4668 2189 4734 Quid

559 4758 735 4812 fuerit
761 4758 853 4814 hic
875 4761 1084 4816 Blanca
1114 4760 1202 4815 vel
1235 4762 1491 4828 Blancas,
1534 4761 1589 4815 in
1647 4759 2046 4816 monumentis
2096 4766 2193 4812 aut

558 4846 1047 4917 descriptionibus
1076 4848 1736 4920 Constantinopolitanae
1762 4850 1924 4905 urbis
1940 4847 2191 4919 reperire

562 4936 825 4990 nondum
860 4936 1040 5006 potui.

632 5030 926 5102 Βοασμοῦς
958 5049 1014 5104 p.
1049 5033 1282 5088 355.Sic
1316 5034 1575 5106 optimus
1607 5034 1786 5089 codex
1812 5033 2188 5102 Barberinus,

563 5121 736 5191 cujus
752 5121 1096 5176 auctoritate
1123 5123 1529 5193 corrigendum
1546 5126 1741 5193 putam
1753 5139 1820 5176 us
1834 5121 2187 5177 Allatianum

565 5211 665 5279 qui
704 5207 967 5282 βοασκούς
1028 5209 1181 5265 clare
1240 5210 1395 5279 legit.
1456 5210 1599 5264 Nam
1660 5210 2000 5277 Vaticanus,
2057 5208 2191 5264 licet

561 5299 620 5350 in
654 5298 759 5351 hoc
790 5297 1071 5352 vocabulo
1106 5297 1461 5364 balbutiens,
1496 5298 1678 5368 magis
1711 5298 1780 5351 ad
1816 5297 2186 5351 Barberinum

564 5385 829 5455 inclinat,
863 5388 1001 5442 dum
1038 5387 1123 5442 sic
1153 5386 1387 5441 exhibet
1447 5385 1602 5440 hunc
1657 5385 1894 5441 locum:
1956 5383 2061 5445 Οὓς
2121 5381 2186 5452 δὴ

568 5472 843 5546 βοασμοὺς
876 5474 930 5525 οἱ
960 5473 1134 5527 κοινοὶ
1168 5471 1437 5548 λέγουσιν.
1469 5476 1723 5544 Apparet
1750 5475 1957 5529 boatus
1996 5476 2189 5529 Graeca

560 5560 760 5631 lingua
786 5560 1006 5632 vulgari
1064 5560 1338 5635 βοασμούς
1397 5563 1601 5630 dictos,
1662 5566 1719 5617 ct
1774 5568 2043 5635 prompta
2099 5568 2189 5618 est

2318 4562 3053 4641 coloniarum-deductores
3079 4584 3285 4640 solent.
3342 4582 3503 4637 Unde
3541 4576 3669 4633 sunt
3716 4562 3785 4620 illi
3828 4562 3869 4609 in

2308 4674 2625 4745 Scripturis
2654 4679 2773 4728 tam
2807 4690 2957 4744 saepe
2987 4672 3251 4745 usurpati
3272 4668 3511 4726 funiculi
3534 4654 3867 4745 ὴτειιθάίίείυηξ

2308 4766 2331 4814 Ι
2382 4730 2571 4824 Paral.
2628 4779 2745 4830 xvr,
2786 4730 3319 4831 18;.Josue,‘xvn,
3377 4759 3411 4813 5
3464 4759 3519 4811 et
3576 4752 3660 4817 14ἷ
3711 4730 3867 4831 ια’-9

2309 4855 2365 4905 et
2396 4852 2485 4919 29;
2519 4852 2669 4906 Psal.
2702 4825 2909 4917 LxxviI,
2962 4851 3053 4919 54;
3085 4825 3196 4915 civ,
3254 4848 3420 4919 Ηξθΐ
3479 4840 3627 4900 alibi.
3681 4825 3865 4919 Fundi"I

2312 4914 2836 5009 mihi'conjecturae
2869 4914 3186 5012 Hesychius
3236 4914 3344 4993 esti
3379 4932 3555 5006 apud:
3573 4937 3725 4999 quem

2315 5026 2473 5099 γόνον
2529 5002 2704 5098 μίιξον.
2765 5002 3190 5085 Posset'etiam
3246 5026 3389 5081 forte
3418 5002 3675 5091 icuipiam
3724 5002 3862 5099 viden

2309 5097 2625 5172 deductum
2655 5118 2896 5172 verbum
2929 5113 3221 5191 γονικεύειν
3273 5132 3306 5169 a
3332 5128 3466 5168 voce
3520 5100 3673 5191 γονίαῗ
3717 5097 3863 5191 foeni}:

2309 5205 2703 5275 significante,
2736 5210 2801 5261 ut
2828 5173 3336 5277 Meursiusjtradit,
3367 5173 3602 5273 quod'in
3631 5173 3863 5277 θῇυεφίξάί

2310 5294 2813 5363 assignationibus
2849 5311 3120 5365 agrorum
3157 5292 3405 5363 singulis
3429 5282 3685 5351 focis,hoc
3712 5272 3785 5329 est
3802 5265 3862 5319 fa-

2310 5381 2510 5448 miliis,
2543 5399 2649 5437 sua
2676 5388 2840 5439 terra?
2865 5382 3103 5437 arabilis
3132 5381 3318 5452 portio
3349 5377 3639 5434 tribuatur.

2377 5475 2748 5550 Δαιταλευταί,
2810 5498 2864 5551 p.
2928 5482 3020 5534 161
3076 5451 3181 5534 Pro
3238 5470 3588 5536 δαιταλευτιί,
3641 5458 3769 5536 quod
3815 5451 3857 5551 in

2306 5566 2535 5621 duobus
2565 5539 2748 5622 codd:
2767 5539 2893 5623 Blet
2921 5569 2967 5622 A
2998 5567 3224 5639 legitur,
3250 5568 3551 5623 Vaticanus
3578 5557 3731 5614 habet
3778 5539 3853 5614 μά·
