4146 6288
434 354 573 410 1013

1887 364 2361 421 GLOSSARIUM-

3686 364 3825 420 1014

429 496 630 551 γειροι,
657 480 810 549 quod
847 485 1080 536 secutus
1111 499 1243 538 sum
1276 484 1335 539 in
1383 485 1859 557 interpretatione
1886 503 2066 542 voca-
2099 487 2153 552 Α
2183 503 2346 557 quam
2374 488 2562 545 valido
2612 490 2789 544 illisus
2839 491 3051 558 impetu
3102 488 3335 543 interiit.
3387 490 3538 543 Sane
3572 493 3819 545 mortem

428 566 553 619 buli
588 583 620 618 a
652 582 743 622 me
774 568 1006 638 quidem
1039 570 1177 625 alibi
1199 587 1314 627 non
1346 573 1476 629 visi.
1511 576 1818 645 Reperitur
1838 578 2072 645 quidem
2180 575 2337 630 illius
2368 579 2515 647 nigri
2576 577 2790 648 pugili;
2820 594 2886 631 ex
2942 578 3040 632 illo
3073 593 3211 630 casu
3271 581 3532 632 secutam
3574 578 3821 632 indicari

431 650 715 714 δαιταλεύς
746 656 991 726 conviva,
1035 658 1284 726 sodalis;
1335 663 1435 717 sed
1486 663 1751 733 ful’ginis
1782 669 1838 719 et
1864 665 2037 719 carbo

2176 665 2350 718 verbo
2382 661 2682 740 διεφώνησε
2739 666 2994 720 ostendit
3042 664 3286 735 plausus
3330 664 3407 719 ibi
3469 666 3663 720 statim
3697 681 3823 721 me-

430 758 595 807 num,
626 743 840 812 quibus
874 746 1123 816 parietes
1151 749 1492 819 deturpatos
1526 752 1595 806 ab
1628 753 1759 807 istis
1791 749 2069 805 δαιταλευ-

426 833 544 890 ταῖς
578 837 776 886 noster
808 835 1092 905 queritur,
1121 838 1336 891 mentio
1370 840 1563 909 aptius
1595 840 1653 894 in
1687 858 1902 911 coquos
1925 857 2068 910 qua-

432 918 582 974 drat.

495 1017 782 1088 Διαϐαινᾶς
812 1044 867 1098 ρ.
919 1029 1041 1083 466.
1099 1031 1271 1086 Addit
1328 1033 1644 1089 Vaticanus
1694 1031 1783 1087 ἐπῖ
1830 1039 1909 1105 τῷ
1943 1040 2064 1114 Atat-

426 1103 586 1180 ϐαινᾷ
612 1112 783 1184 τόπῳ,
814 1117 968 1186 quod
1020 1118 1241 1174 indicat
1297 1119 1488 1176 locum
1532 1124 1845 1193 quemdam
1884 1103 2066 1178 luisse

422 1199 571 1255 circa
601 1202 955 1271 Ternobum,
990 1205 1074 1260 ita
1103 1212 1386 1269 vocatum.

488 1307 547 1375 (P
602 1308 728 1378 377)
789 1314 1109 1384 Διαφωνεῖν.
1173 1313 1470 1384 Duplicem
1540 1315 1825 1371 habemus
1884 1318 2061 1387 hujus

413 1394 571 1448 verbi
630 1412 805 1451 usum
864 1400 1021 1468 aqud
1084 1401 1519 1473 Pacbymerem,
1572 1405 1909 1461 inusitatam
1960 1410 2061 1460 aut

416 1499 612 1538 rarum
673 1490 988 1557 utrumque
1027 1506 1093 1543 ac
1152 1496 1453 1560 propterea
1509 1496 1872 1549 enarratione
1906 1496 2055 1552 552

413 1570 792 1642 indigentem.
851 1576 1015 1629 Prior
1071 1583 1278 1648 exstat,
1336 1598 1392 1650 p.
1426 1582 1570 1648 ξ145.
1603 1583 1725 1636 Non
1784 1583 2055 1653 usurpari

414 1658 522 1714 hoc
579 1660 704 1716 loco
760 1664 999 1718 verbum
1076 1661 1363 1742 διαφωνεῖν
1452 1670 1507 1723 in
1564 1670 1783 1739 vulgari
1837 1672 2051 1726 discre-

413 1748 588 1817 pandi
648 1754 750 1804 aut
802 1751 1188 1808 dissentiendi
1222 1755 1475 1824 notione,
1525 1760 1668 1812 satis
1729 1760 2053 1814 attendenti

2180 761 2438 809 moratus
2472 755 2777 809 favitorum
2835 755 3097 824 Andreas,
3132 756 3231 825 qui
3294 754 3593 809 candidati
3637 770 3704 810 ea
3734 756 3821 809 vi-

2178 841 2339 896 sione
2380 844 2755 913 apparebant,
2807 847 2863 898 et
2923 842 3237 912 gratulatio
3313 848 3593 913 tanquam
3649 843 3820 913 plena

2173 929 2410 984 victoria
2446 947 2583 985 nece
2643 931 2952 986 adversarii
3015 935 3241 1000 patrata
3273 946 3285 984 :
3324 928 3525 1001 Κράτος
3556 928 3611 982 δὲ
3648 929 3815 1004 μὲγας

2173 1017 2382 1087 inquit,
2440 1022 2547 1071 τῶν
2589 1014 2963 1092 λευχειμόνων
3005 1018 3092 1071 καὶ
3142 1017 3287 1091 χαρὰ
3340 1014 3648 1092 γλυκυτᾶτη
3692 1019 3817 1073 τότε

2172 1102 2399 1175 ἐγένετο.
2435 1107 2559 1161 llaec
2591 1123 2702 1161 non
2729 1122 3300 1175 commemorassem,
3330 1106 3443 1161 nisi
3477 1108 3813 1164 necessaria

2170 1198 2368 1248 essent
2400 1194 2469 1248 ad
2515 1194 2695 1249 alium
2748 1194 3114 1267 Pachymeris
3163 1197 3347 1249 nostri
3391 1194 3586 1250 locum
3620 1195 3813 1251 decla-

2170 1282 2438 1349 randum,
2473 1298 2527 1352 p.
2558 1284 2678 1337 486.
2710 1284 2839 1352 Agit
2871 1284 2940 1337 de
2997 1283 3167 1354 Cotye
3196 1284 3475 1355 quodam,
3506 1284 3603 1353 qui
3627 1286 3806 1354 jussu

2167 1369 2538 1440 imperatoris
2596 1376 2897 1441 correptus
2954 1371 3366 1441 atortoribus,
3424 1388 3556 1427 cum
3612 1372 3807 1427 vinci—

2166 1461 2326 1511 retur
2354 1458 2495 1512 diris
2534 1459 2838 1529 suppliciis
2895 1459 3341 1528 excruciandus,
3400 1476 3599 1515 eorum
3655 1462 3807 1518 553

2163 1544 2290 1614 ipso
2324 1550 2477 1600 metu
2531 1548 2898 1601 exanimatus
2926 1547 3245 1603 conciderit
3300 1552 3585 1604 mortuus.
3639 1549 3802 1604 Unde

2163 1634 2359 1687 statim
2422 1635 2690 1689 eumdem
2769 1635 2929 1689 addit
2979 1637 3205 1704 pondus
3270 1636 3601 1691 miserabile
3658 1638 3797 1692 sub-

2160 1720 2348 1775 latum
2379 1726 2435 1776 et
2467 1723 2644 1776 humo
2696 1724 3040 1777 mandatum
3094 1724 3272 1778 fuisse
3305 1723 3511 1778 multis
3560 1741 3803 1779 cernen-

410 1808 591 1905 patet.
620 1839 758 1908 Agit
787 1845 991 1894 auctor
1019 1842 1089 1897 de
1120 1808 2053 1919 Latinorum,Constantinopoli
2080 1836 2128 1899 B
2160 1808 2337 1919 ξιξ-εξ
2373 1808 2587 1919 Iit-:0?
2612 1808 3795 1919 δξῗῗθέθδῗθ,δάηῖηῇθξῗβῗηθυἷῗμξίῖἓῗῗθῗ

407 1923 797 1981 obtinentium
858 1929 1109 1983 exercitu
1188 1932 1589 2002 Daphnusiam
1645 1941 2045 2007 oppugnante,

405 2015 531 2065 tum
591 2030 722 2068 cum
784 2021 954 2085 capta
996 2022 1083 2071 est
1139 2017 1677 2092 Constantinopolis
1736 2025 1809 2078 ab
1851 2024 2047 2079 Alexio

406 2098 648 2155 Caesare.
705 2101 880 2173 Cujus
930 2104 1030 2170 rei,
1065 2106 1205 2160 dum
1256 2108 1447 2163 adhuc
1473 2109 1658 2175 ﬁeret,
1693 2112 1850 2166 fama
1878 2112 2045 2182 quasi

403 2187 683 2243 divinitus
714 2191 781 2242 ad
806 2190 1045 2269 Latinos
1080 2193 1437 2263 Daphnusiae
1471 2204 1901 2270 oppugnatores
1927 2217 2046 2254 mo-

402 2280 596 2330 mento
645 2274 867 2362 per/tata
910 2284 1302 2336 consternavit
1348 2283 1481 2338 illos
1528 2287 1763 2343 horrore
1797 2289 2039 2359 periculi

399 2363 460 2417 in
493 2380 608 2434 quo
627 2365 847 2420 vereari
878 2369 1192 2437 apparebat
1214 2387 1421 2427 uxores
1442 2377 1499 2427 et
1528 2373 1743 2431 liberos
1777 2377 2038 2446 ipsorum

400 2452 897 2523 Constantinopoli
950 2455 1203 2512 relictos.
1259 2459 1420 2515 Unde
1469 2464 1669 2517 statim
1720 2464 2035 2534 solverunt,

404 2538 775 2610 suppelias,si
809 2544 1175 2611 pervenirent
1202 2546 1261 2600 in
1310 2550 2037 2617 tempore,laturi.Nullum

403 2628 496 2682 hic
525 2628 808 2682 indicium
855 2630 1242 2688 dissensionis
1272 2634 1426 2690 inter
1464 2638 1644 2709 ipsos.
1696 2640 1881 2703 Quare
1911 2660 2038 2697 ver-

400 2714 541 2770 bum
592 2710 1063 2792 διτπεφωνήκεσαν
1117 2720 1263 2776 male
1322 2723 1431 2778 hoc
1474 2724 1599 2781 loco
1626 2728 2037 2799 interpretare-

398 2806 514 2869 tur,
573 2804 674 2872 qui
731 2804 1097 2863 discordibus
1155 2811 1544 2868 tumultuatos
1603 2818 1907 2871 sententiis
1963 2820 2032 2872 ad

399 2888 576 2945 talem
612 2892 881 2947 nuntium
918 2894 1152 2951 Latinos
1208 2898 1445 2955 diceret.
1490 2902 1603 2958 Nec
1659 2904 1862 2959 dubito
1894 2907 2030 2975 quin

399 2982 624 3045 auctor,
661 2981 960 3037 studiosus
989 2984 1288 3040 affectator
1314 2990 1661 3045 eruditionis
1693 2992 2033 3063 antiquaa,et

397 3070 631 3136 captare
662 3070 922 3137 gaudens
972 3072 1581 3145 notionesabstrusas,
1604 3078 1665 3131 τὸ
1717 3076 2032 3157 δαπεφωννς-

2157 1896 2334 1965 hujus
2396 1898 2574 1952 verbo
2634 1893 2979 1971 διαφωνεῖνθ.
3036 1899 3385 1966 Pachymere
3452 1899 3796 1969 signiﬁcari,

2152 2000 2448 2039 recurrere
2479 1986 2550 2039 ad
2583 1985 2930 2041 Vaticanum
2960 1986 3399 2056 paraphrastem
3428 1986 3792 2042 hunclocum

2150 2071 2234 2126 sic
2290 2074 2752 2137 exprimentem:
2813 2074 2874 2127 Ὀ
2934 2070 2989 2126 δὲ
3047 2073 3169 2146 πρὶν
3207 2069 3377 2134 δεθεὶς
3422 2075 3791 2145 κρεμασθῆναι

2146 2162 2225 2229 τῷ
2257 2154 2409 2235 φόϐῳ
2438 2160 2534 2227 τὴν
2569 2161 2753 2233 ψυχὴν
2785 2160 3162 2226 ἀποστίθησιν.
3197 2162 3313 2217 Hoc
3370 2166 3460 2217 est
3503 2180 3516 2217 :
3563 2165 3609 2217 Is
3660 2179 3787 2218 vero

2145 2250 2466 2319 priusquam
2491 2250 2706 2305 vinctus
2722 2251 3155 2322 suspenderetur,
3179 2260 3323 2305 metu
3343 2255 3596 2306 animam
3625 2253 3777 2320 efﬂa-

2148 2337 2246 2391 vit.

2218 2428 2471 2502 Διδυμόω
2527 2451 2582 2504 p.
2645 2436 2769 2489 364.
2851 2430 3120 2505 Διδυμοῦν
3188 2451 3291 2506 pro
3349 2435 3630 2505 geminare
3696 2436 3791 2492 vix

2144 2521 2298 2590 apud
2331 2527 2551 2576 veteres
2585 2525 2857 2593 reperias.
2910 2525 3018 2578 Sed
3052 2524 3212 2595 origo
3255 2529 3516 2597 apparet,
3550 2530 3605 2581 et
3635 2532 3791 2582 recte

2145 2613 2381 2663 constat
2409 2609 2698 2681 analogia.

2214 2706 2278 2775 (P
2311 2707 2440 2775 378)
2472 2703 2645 2760 δοκῶν
2704 2726 2757 2777 p.
2811 2710 2929 2763 148.
2984 2711 3063 2764 Ita
3123 2712 3287 2766 codd.
3350 2716 3479 2767 Bet
3535 2717 3600 2766 A.
3679 2713 3787 2768 Va-

2138 2794 2371 2849 ticanus
2404 2800 2595 2850 autem
2663 2813 2821 2852 more
2852 2814 2956 2852 suo
2998 2798 3176 2853 libere
3228 2804 3463 2869 mutans
3495 2817 3621 2871 quas
3679 2802 3786 2856 ob-

2139 2882 2399 2936 scuriora
2449 2888 2636 2953 putat,
2669 2884 2696 2936 ὁ
2756 2888 2975 2957 πρῶτος
3014 2904 3117 2957 pro
3150 2886 3177 2939 ὁ
3207 2883 3379 2940 δοκῶν
3425 2889 3608 2958 ponit,
3667 2906 3782 2945 non

2141 2969 2289 3023 male
2321 2974 2671 3027 sententiam
2705 2973 3112 3045 interpretans.
3176 2976 3327 3030 Sunt
3384 2978 3540 3031 enim
3571 2979 3785 3034 Graecis

2136 3058 2308 3112 etiam
2351 3060 2642 3115 veteribus
2675 3060 2725 3113 ot
2781 3059 3085 3127 δοκοῦντες,
3118 3064 3215 3134 qui
3272 3066 3633 3131 auctoritate,
3666 3068 3786 3121 exi-

389 3172 544 3207 κεσαν
575 3159 937 3224 usurpaverit
967 3176 1032 3214 eo
1075 3178 1250 3216 sensu
1286 3180 1397 3233 quo
1427 3182 1459 3219 a
1506 3144 1657 3221 LXX
1691 3144 1938 3239 positum
1970 3144 2025 3223 id
2054 3177 2104 3243 VC
2144 3144 2503 3243 δίίηῖθίίοῖλξδν
2532 3148 2901 3243 ἀίεηίίθίθ-ίη
2936 3150 3131 3243 διίίῖξω
3156 3156 3330 3243 gem?
3355 3156 3455 3205 ant
3476 3154 3621 3243 c9?!“
3646 3154 3786 3208 emi“

389 3244 629 3298 verbum
685 3249 773 3299 est
818 3247 1135 3303 Ezechielis
1193 3267 1241 3304 c.
1280 3269 1489 3321 xxxvu,
1554 3256 1611 3308 11
1655 3272 1666 3308 :
1710 3253 2028 3311 Ἀπόλωλεν

392 3330 428 3396 ἡ
462 3327 621 3390 ἐλπὶς
650 3332 833 3402 ἡμῶν,
899 3330 1408 3411 διαπεφωνήκαμεν,
1464 3344 1616 3412 quod
1666 3344 1935 3414 vulgatus
1967 3362 2034 3400 ex

396 3417 731 3488 Originibus
763 3423 973 3479 vertit:
1030 3426 1199 3480 Periit
1221 3445 1339 3497 spes
1370 3434 1556 3484 nostra
1588 3436 1640 3486 et
1695 3432 1902 3487 abcissi
1936 3450 2032 3488 su-

399 3521 542 3560 mus.
577 3511 675 3562 Est
712 3509 865 3563 enim
912 3506 969 3565 in
1021 3515 1257 3569 Hebraeo
1312 3525 1453 3577 137::
1501 3521 1805 3586 nigmrenu
1855 3539 1888 3576 a
1942 3533 2034 3583 'm

399 3610 591 3662 gamr,
625 3597 775 3665 quod
804 3602 893 3651 est
918 3599 1251 3657 abscindere
1277 3621 1289 3669 ;
1319 3609 1375 3657 et
1404 3606 1740 3669 additurum
1773 3610 1908 3664 lanu
1936 3626 2033 3664 ηο-

400 3681 502 3745 bis,
562 3684 715 3753 quod
766 3685 879 3739 nisi
937 3688 1213 3756 abundat,
1260 3696 1324 3744 ut
1353 3692 1489 3746 alibi
1522 3711 1636 3749 non
1668 3714 1817 3765 raro,
1852 3699 2034 3752 videri

398 3773 591 3839 potest
618 3786 683 3825 eo
745 3772 1031 3843 pertinere
1092 3780 1155 3829 ut
1185 3779 1545 3847 significetur
1591 3783 1796 3839 divisio
1854 3786 2036 3842 animi

400 3859 569 3927 quasi
600 3876 631 3912 a
663 3876 723 3914 se
754 3859 902 3931 ipso,
933 3862 1071 3931 sive,
1125 3869 1191 3919 ut
1230 3866 1367 3920 alibi
1422 3869 1721 3940 Scriptura
1756 3872 2031 3943 loquitur,

401 3946 717 4001 confractio
750 3949 963 4017 cordis,
998 3952 1189 4020 qualis
1220 3955 1504 4026 contingit
1534 3958 1727 4012 subita
1748 3963 1803 4013 et
1826 3977 2037 4030 magna

401 4032 728 4089 calamitate
768 4038 1229 4107 comprehensis,
1280 4044 1446 4112 cujus
1496 4045 1847 4115 depellenda
1877 4050 2038 4104 nulla

400 4125 502 4174 aut
531 4123 726 4177 tenuis
758 4140 890 4194 spes
922 4131 1028 4180 est.
1062 4128 1343 4184 Vatablus
1373 4133 1578 4187 vertit:
1612 4134 1820 4189 Succisi
1846 4152 2037 4194 sumus

396 4208 573 4264 nobis.
629 4210 773 4267 Puto
826 4213 1108 4285 Hesychio
1149 4217 1304 4272 hunc
1349 4219 1542 4290 ipsum
1592 4222 2034 4293 LXXinterpre-

395 4299 521 4351 tum
553 4297 747 4354 locum
780 4301 1147 4358 obversatum
1202 4306 1415 4376 animo,
1450 4326 1578 4364 cum
1616 4306 2076 4387 διαπεφωνήκαοε

401 4402 495 4453 μεν
522 4384 944 4456 interpretatur
984 4389 1313 4463 ἀπωλόμεθα
1358 4384 1901 4471 ρενίίτηιιδηυωοει
1929 4420 2035 4458 vox

398 4472 857 4543 desperantium,
917 4482 973 4531 et
1027 4480 1085 4533 in
1155 4497 1398 4537 occursu
1456 4486 1845 4544 ineluctabilis
1890 4492 2029 4546 mali

398 4577 667 4625 angorem
702 4565 900 4633 animi,
936 4567 1034 4635 qui
1069 4569 1241 4623 verbo
1301 4566 1586 4646 διαφωνεῖν
1644 4575 2025 4647 significatur,

397 4650 867 4719 exprimentium.
935 4655 1114 4710 Graeci
1177 4661 1368 4713 tamen
1430 4663 1800 4731 posteriores,
1832 4683 1900 4720 ex
1928 4666 2026 4723 illo

399 4736 641 4825 fortasse
696 4744 797 4794 aut
850 4741 988 4796 LXX
1042 4746 1343 4800 Seniorum
1403 4753 1503 4802 aut
1559 4751 1822 4821 Hesychii
1878 4753 2023 4825 loco,

396 4824 570 4879 verbo
603 4820 890 4901 διαφωνεῖν
922 4833 1289 4888 exanimandi
1340 4840 1441 4890 aut
1478 4820 1807 4909 exspirandi
1841 4844 2026 4898 notio-

399 4923 531 4963 nem
565 4911 960 4981 subjecerunt.
992 4919 1206 4974 Auctor
1263 4938 1589 4993 anonymus
1630 4928 1901 4982 Actorum
1940 4930 2026 4983 fu-

401 4995 627 5051 sissime
654 5001 1004 5069 scriptorum
1059 5006 1120 5060 B.
1182 5010 1421 5064 Andreas
1470 5020 1851 5082 cognomento
1883 5017 2022 5086 Sali,

399 5099 527 5175 quae
583 5091 810 5142 exstant
866 5091 1055 5147 Graece
1084 5094 1142 5148 in
1175 5098 1301 5151 cod.
1338 5097 1617 5155 Vaticano
1649 5103 1805 5171 1574,
1866 5121 1918 5172 p.
1968 5106 2022 5175 5,

396 5171 652 5227 referens
671 5178 980 5244 quamdam
1008 5179 1223 5237 luctam
1250 5201 1349 5253 per
1379 5189 1670 5245 somnium
1704 5171 2022 5261 ostensam,

396 5275 513 5329 qua
534 5261 689 5317 idem
714 5264 773 5320 B.
800 5268 1059 5324 Andreas
1090 5274 1467 5329 commissum
1493 5281 2023 5353 seeumElbiopem

395 5351 675 5440 postravit
734 5354 1059 5427 occiditque
1104 5358 1246 5414 eliso
1275 5362 1403 5431 ejus
1432 5365 1501 5418 ad
1554 5371 1772 5436 petram
1816 5351 2022 5440 capite,

396 5437 481 5530 sic
511 5440 763 5530 scribit:
823 5442 1052 5518 Ἔτυχεν
1110 5445 1272 5500 αὐτοῦ
1328 5452 1650 5527 (Ethiopis)
1704 5456 1766 5509 τὸ
1805 5437 2021 5530 κρανίον

396 5520 471 5584 εἷς
531 5524 726 5601 πέτραν
762 5573 776 5600 ,
834 5532 922 5585 καὶ
990 5536 1331 5609 κατενεχθεὶς
1378 5541 1621 5613 παραγ)τᾶ
1676 5540 1973 5620 διεφώνησε
2007 5589 2020 5613 ,

394 5611 501 5669 hoc
532 5622 659 5672 est:
704 5621 858 5677 Forte
914 5638 1078 5679 ruens
1110 5624 1309 5682 incidit
1355 5611 1532 5701 capite
1560 5632 1621 5686 in
1674 5611 1907 5704 petram,
1956 5611 2025 5690 ad

2144 3238 2302 3299 nent,
2339 3235 2577 3305 antiqua
2629 3243 2684 3291 et
2726 3239 2924 3307 proba,
2978 3240 3077 3293 sed
3136 3239 3333 3293 ratiori
3391 3244 3449 3294 et
3503 3240 3631 3295 ideo
3688 3242 3781 3297 hic

2140 3339 2255 3377 non
2315 3325 2531 3379 frustra
2578 3325 2871 3381 declarata
2920 3327 3174 3381 notione.
3214 3325 3365 3381 Talis
3425 3333 3621 3383 autem
3651 3335 3777 3384 erat

2139 3409 2289 3464 inter
2308 3412 2416 3467 hos
2447 3413 2878 3469 thelematarios
2896 3430 2996 3469 seu
3029 3414 3384 3469 voluntarios
3403 3416 3773 3487 Cutritzaces,

2141 3515 2313 3568 quem
2348 3502 2616 3570 superius
2649 3503 2871 3568 Noster,
2908 3521 2963 3573 p.
3001 3505 3121 3568 138,
3155 3503 3253 3557 ubi
3304 3505 3557 3559 narravit
3586 3506 3773 3560 Casa-

2140 3603 2259 3641 rem
2315 3585 2444 3647 τοὺς
2502 3585 2785 3649 δοκοῦντας
2844 3589 3259 3661 θεληματαρίων
3314 3608 3680 3658 convocasse,
3713 3594 3773 3648 in

2140 3675 2211 3729 iis
2245 3675 2424 3731 fuisse
2456 3678 2807 3748 praecipuum
2843 3680 3228 3745 demonstrat,
3263 3680 3404 3733 dum
3453 3679 3617 3734 illum
3652 3681 3774 3737 vice

2140 3779 2205 3818 ac
2237 3765 2474 3819 nomine
2505 3766 2767 3819 omnium
2799 3766 3060 3820 locutum
3097 3768 3293 3821 refert.

2211 3859 2345 3928 Δόξα
2393 3879 2449 3932 p.
2506 3863 2630 3916 275.
2685 3866 2809 3916 Vox
2866 3858 2991 3929 δόξα
3055 3862 3149 3916 hic
3206 3862 3483 3935 peculiari
3542 3865 3778 3919 notione

2141 3949 2526 4019 sumiturfpro
2558 3951 2823 4019 dogmate
2858 3950 2975 4005 sive
3031 3949 3299 4004 doctrina
3354 3966 3538 4019 sacra,
3600 3968 3776 4021 quam

2142 4035 2549 4091 inconcussam
2612 4042 2832 4103 tenere,
2891 4053 2994 4106 pro
3052 4053 3168 4107 qua
3217 4037 3428 4108 pacisci
3489 4038 3662 4093 vitam
3721 4044 3777 4093 et

2141 4124 2483 4193 sanguinem
2508 4125 2823 4180 Christiani
2846 4126 3105 4195 cujusvis
3128 4126 3381 4181 ofﬁcium
3406 4130 3514 4181 est.
3548 4127 3775 4182 Vatica-

2141 4227 2253 4265 nus
2312 4212 2395 4267 sic
2451 4211 2783 4287 παραφράζει
2841 4213 3033 4268 locum
3062 4214 3254 4268 hunc:
3315 4211 3410 4272 Εἲς
3438 4211 3490 4265 τί
3529 4211 3627 4285 γάρ
3685 4233 3770 4274 τις

2139 4296 2550 4369 σκανδαλισθείη
2608 4301 2690 4353 ὅτι
2738 4299 3049 4373 μεταλλαγή
3099 4321 3181 4361 τις
3228 4302 3424 4374 γέγονε
3452 4306 3553 4368 τῆς
3601 4320 3777 4372 παρα-

2139 4383 2434 4457 δεδομένηά
2488 4390 2622 4458 ἡμῖν
2679 4388 2886 4457 δᾶξης;
2947 4386 3072 4441 ἀλλ’
3130 4386 3284 4442 οὐδὲν
3321 4429 3335 4455 ,
3396 4393 3771 4463 χορηγοῦντος

2140 4473 2294 4543 Θεοῦ,
2327 4470 2754 4549 παραϐέϐασται,
2787 4483 2896 4533 etc.
2948 4478 3101 4533 infra
3129 4478 3229 4533 lib.
3263 4494 3339 4543 VI,
3372 4495 3422 4533 c.
3458 4480 3481 4531 1
3518 4494 3771 4548 usurpa-

2137 4570 2229 4618 tur
2259 4564 2377 4619 haec
2410 4568 2607 4620 eadem
2641 4583 2746 4621 vox
2777 4566 2978 4621 eadem
3010 4567 3246 4621 notione
3272 4566 3329 4621 in
3390 4566 3482 4620 his
3534 4567 3764 4622 verbis:

2133 4650 2209 4707 Τὸ
2240 4648 2549 4726 παραϐῆναι
2582 4660 2715 4729 σφᾶς
2744 4655 2843 4722 τὴν
2898 4655 3035 4729 πρὸς
3066 4653 3266 4709 ἐκεῖνον
3315 4654 3489 4727 (Θεὸν)
3536 4660 3765 4727 νομιζο-

2136 4741 2299 4811 μένην
2332 4740 2487 4811 δόξαν
2519 4743 2775 4817 ἀρχῆθεν.

2203 4837 2503 4913 Ἐγκόλπια
2563 4858 2618 4911 p.
2684 4843 2809 4896 265.
2896 4841 3286 4913 Intelligimus
3369 4842 3505 4897 hinc
3569 4857 3765 4899 sacras

2130 4928 2456 4993 icunculas,
2515 4930 2717 4999 quales
2776 4930 3059 4985 habemus
3118 4946 3313 4985 cereas
3356 4930 3578 4998 effigies
3628 4930 3764 5009 agni

2132 5016 2254 5082 Dei,
2288 5020 2389 5070 aut
2418 5017 2476 5071 id
2517 5034 2699 5085 genus
2730 5034 2896 5072 sacra
2929 5017 3179 5073 amuleta
3212 5022 3440 5088 gestare
3497 5017 3566 5071 de
3616 5015 3762 5071 collo

2133 5121 2419 5175 suspensa
2449 5106 2674 5161 Graecos
2704 5105 3063 5161 Christianos
3094 5106 3316 5173 solitos,
3348 5110 3405 5161 et
3435 5105 3540 5159 hoc
3571 5103 3763 5173 speci-

2134 5211 2264 5248 men
2299 5199 2470 5265 atque
2500 5195 2779 5250 indicium
2842 5196 3023 5249 fuisse
3052 5195 3389 5249 Christianae
3441 5191 3760 5261 religionis,

2130 5282 2272 5336 Nam
2324 5300 2390 5337 eo
2423 5284 2655 5338 nomine
2710 5283 2821 5338 sibi
2870 5284 3007 5337 talia
3041 5283 3187 5337 mitti
3246 5282 3447 5336 Sultan
3482 5278 3759 5350 postulat,

2132 5373 2308 5428 utsic
2364 5375 2631 5445 probaret
2684 5391 2745 5429 se
2802 5373 3194 5428 Christianum
3245 5387 3391 5436 esse,
3429 5371 3498 5423 de
3532 5384 3645 5438 quo
3674 5366 3763 5419 vi-

2133 5461 2305 5516 debat
2331 5464 2602 5517 dubitari.
2640 5463 2798 5518 Patet
2851 5462 3005 5516 unde
3036 5459 3323 5531 ejusmodi
3355 5456 3628 5527 religiosa
3668 5470 3763 5522 ge-

2132 5550 2386 5603 stamina
2425 5546 2691 5623 ἐγκόὶπια
2720 5552 3014 5615 vocentur,
3050 5549 3199 5616 quod
3245 5546 3519 5599 nimirum
3552 5557 3582 5595 e
3612 5540 3760 5595 collo

2132 5642 2266 5708 apta
2296 5638 2352 5694 in
2376 5639 2571 5695 sinum
2595 5639 2931 5710 penderent.
2960 5634 3159 5689 Fuisse
3184 5638 3397 5697 autem,
3430 5629 3581 5700 quod
3616 5628 3758 5697 dixi,
