4146 6288
434 303 573 357 1015

1489 321 1550 371 Ρ.
1592 319 1864 374 POSSINI
1902 314 2512 372 OBSERVATIONUM
2547 313 2682 366 LIB.
2720 314 2767 364 ι.

3678 296 3825 352 1016

431 427 650 483 formas
689 436 787 484 aut
815 431 1037 503 efﬁgies
1067 438 1349 503 quasdam
1383 456 1579 495 sacras
1611 443 1683 496 iis
1734 442 2075 510 impressas,

2191 437 2339 506 quod
2403 439 2799 491 Cantacuzeno
2864 429 3077 484 dicitur
3150 420 3417 497 ἆμπιδοῦν
3472 421 3571 489 τὴν
3628 418 3825 510 πρᾶξιν

435 516 747 571 manifeste
783 519 946 574 docet
975 522 1183 578 Noster
1227 528 1399 596 paulo
1433 534 1580 597 post,
1615 530 1752 583 dum
1787 530 1867 583 ait
1897 531 2082 584 Sulta-

437 618 578 656 nem
621 607 867 674 petendo
899 625 990 663 res
1024 611 1168 666 tales
1230 630 1293 667 se
1326 616 1760 672 demonstrasse
1782 620 1889 669 τῶν
1924 617 2081 679 θείων

440 686 901 763 ἐκτυπωμάτων
941 702 1321 769 προσκυνητήν
1396 704 1710 758 divinarum
1776 709 2083 773 formarum

439 794 637 834 venero
649 784 992 855 iorem.Ergo
1016 786 1115 841 illa
1138 787 1236 843 illa
1249 805 1373 859 qua
1389 791 1697 862 appellavit
1709 790 1825 865 ἱερὰ
1848 790 2083 863 περιάμ-

444 886 588 936 ματα
633 874 690 924 et
719 868 1007 943 ἐγκόλπια,
1066 882 1230 931 erant
1285 880 1484 934 eadem
1546 884 1661 940 Θεῖα
1700 877 2079 951 ἐκτυπώματα,

439 970 723 1025 expressa
761 976 951 1015 rerum
975 978 1275 1018 sacrarum
1304 967 1521 1036 forma,
1563 968 1773 1023 Christi
1806 968 2076 1023 nimirum

443 1047 547 1097 aut
576 1050 933 1104 sanctorum.
965 1053 1131 1105 Unde
1161 1068 1263 1122 per
1290 1054 1412 1109 hac
1452 1056 1653 1124 jurare
1682 1056 1885 1112 solitos
1914 1056 2079 1112 Chri-

442 1130 663 1187 stianos
685 1135 1008 1192 Orientales
1038 1140 1107 1192 ad
1136 1142 1510 1196 sanciendam
1553 1149 1850 1213 pactorum
1884 1146 2079 1211 ﬁdem,

444 1219 612 1273 docet
670 1224 1051 1280 Cantacuzeni
1111 1227 1298 1298 locus,
1351 1229 1388 1283 l.
1423 1248 1507 1297 ιιι,
1542 1248 1592 1285 c.
1628 1234 1712 1296 17,
1770 1249 1827 1302 p.
1858 1233 1959 1285 403
1989 1232 2076 1286 ed.

452 1314 613 1384 Reg»
665 1313 992 1391 Συμϐἀσεις,
1069 1323 1359 1393 inquiens,
1411 1321 1467 1378 δὲ
1546 1325 1755 1397 θέμενοι
1812 1326 1933 1397 περὶ
1988 1328 2083 1378 τοῦ

448 1401 649 1487 γάμου,
703 1407 789 1457 καὶ
860 1409 994 1461 κατὰ
1047 1410 1108 1462 τὸ
1160 1410 1442 1483 Ῥωμαίων
1498 1410 1614 1475 ἔθος
1673 1411 1717 1466 θ’
1774 1411 2079 1487 ἐγκολπίων

452 1486 858 1559 ἐμπεδώσαντες
890 1497 986 1563 τὴν
1037 1498 1248 1572 πρᾶξιν.
1293 1503 1464 1557 Video
1495 1505 1651 1559 554
1706 1486 1858 1558 hunc
1891 1504 2082 1558 locum

450 1594 654 1648 parum
690 1583 984 1640 efﬁcacem
1036 1589 1224 1641 visum
1278 1589 1343 1643 iri
1405 1592 1473 1643 ad
1526 1591 1993 1645 conﬁrmandum
2025 1591 2079 1643 id

456 1669 611 1736 quod
642 1668 860 1735 dixi,de
884 1674 1218 1742 juramento
1240 1677 1546 1732 ﬁrmandis
1570 1680 1751 1748 pactis
1785 1696 1884 1749 per
1905 1676 2087 1751 ἐγκόλ-

2189 531 2291 580 aut
2333 522 2426 583 τὰς
2455 515 2770 592 ίσυμϐάσεις
2814 515 2885 571 δι’
2932 513 3262 589 ἐγκολπίων.
3310 514 3380 568 Et
3425 510 3558 581 quis
3588 509 3699 563 scit
3742 525 3821 562 an

2188 628 2301 666 non
2343 612 2478 665 inde
2530 609 2681 678 apud
2730 603 3127 661 Occidentales
3171 614 3406 671 quoque
3453 595 3820 652 Christianos

2185 698 2516 761 invaluerit,
2575 696 2728 766 quod
2788 693 2959 748 hodie
2989 693 3049 745 in
3108 706 3215 744 usu
3250 688 3513 741 videmus
3569 698 3717 748 esse,
3752 685 3821 735 ut

2186 806 2363 843 manu
2396 787 2612 858 pectori
2646 786 2881 841 admota
2908 783 3052 837 ﬁdes
3083 778 3239 835 verbi
3297 781 3399 831 aut
3428 774 3579 847 pacti
3609 771 3817 827 conﬁr-

2187 881 2383 931 metur
2404 876 2431 929 ?
2449 875 2591 928 Tam
2625 869 3007 927 universalem
3043 884 3211 939 porro
3243 865 3424 919 fuisse
3443 859 3820 918 consuetudi-

2188 979 2323 1017 nem
2356 960 2744 1017 Orientalium
2785 956 3243 1013 Christianorum
3292 949 3559 1024 gestandi
3608 948 3821 1017 hujus-

2187 1051 2349 1106 modi
2376 1047 2679 1119 religionis
2726 1046 2916 1117 signa,
2964 1048 3028 1099 ut
3065 1039 3469 1098 necessitatem
3500 1038 3823 1099 induceret,

2186 1162 2466 1217 apparere
2523 1148 2717 1215 potest
2772 1159 2839 1197 ex
2895 1157 2961 1196 eo
2993 1141 3145 1209 quod
3205 1138 3416 1193 Noster
3445 1133 3656 1217 innuit,
3688 1130 3825 1217 l._11,

2187 1213 2361 1299 οίῖῖὃ,
2394 1213 2667 1286 distribui
2721 1229 2902 1299 gratis
2958 1227 3157 1282 solitas
3186 1224 3477 1279 militibus
3533 1213 3829 1288 σεϐασμῖας

2187 1319 2396 1380 εἰκόνας
2432 1336 2621 1374 sacras
2669 1321 2885 1383 icones;
2942 1332 3088 1385 quas
3136 1312 3405 1367 videlicet
3448 1326 3479 1364 e
3508 1307 3653 1364 collo
3692 1322 3823 1361 sus-

2189 1426 2406 1480 pensus
2438 1409 2494 1461 in
2529 1406 2661 1461 ﬁdei
2697 1423 2763 1461 ac
2816 1403 3115 1474 religionis
3171 1407 3451 1455 tesseram
3510 1397 3823 1467 portarent.

2190 1498 2353 1552 Dicet
2413 1498 2555 1551 forte
2612 1496 2894 1549 adversus
2951 1491 3233 1545 hactenus
3291 1490 3511 1543 statuta
3564 1482 3827 1555 argutior

2191 1585 2482 1655 quispiam
2509 1624 2522 1648 ,
2557 1583 2705 1639 555
2764 1582 2937 1635 istam
2966 1572 3272 1647 ἐμπέδωσιν
3302 1568 3619 1646 συμϐάσεων
3648 1567 3825 1642 γάμου

2192 1668 2259 1723 δι’
2294 1669 2628 1744 ἐγκολπίων,
2662 1670 2835 1738 cujus
2862 1670 3303 1723 Cantacuzenus
3334 1656 3831 1727 meminit,reterri

454 1772 552 1805 πια
606 1757 729 1810 dari
785 1759 982 1831 solito,
1040 1762 1086 1816 si
1143 1762 1324 1818 lector
1386 1766 1455 1820 de
1544 1766 1650 1821 isto
1705 1749 2084 1821 Cantacuzeni
2114 1774 2162 1839 Β
2195 1760 2265 1813 ad
2293 1758 2711 1830 jquurandum
2758 1772 2873 1810 11011
2905 1770 3095 1826 P0530:
3146 1752 3424 1823 quoniam
3473 1749 3662 1804 Statim
3694 1749 3832 1839 PB“

456 1843 789 1902 testimonio
810 1848 1038 1918 judicet
1068 1867 1137 1906 ex
1168 1854 1430 1908 versione
1460 1854 1841 1909 eruditissimi
1890 1853 2087 1909 Jacobi

462 1934 707 1990 Pontani
738 1938 943 1992 nostri.
979 1940 1032 1994 Is
1065 1940 1219 1995 enim
1254 1941 1400 1996 nihil
1424 1943 1502 1996 ibi
1536 1943 1799 2014 agnoscit
1831 1959 2084 2011 sacrum,

458 2023 529 2078 ad
588 2023 814 2079 civilem
896 2041 1167 2098 mereque
1229 2028 1549 2084 humanam
1625 2030 2085 2086 observationem

456 2116 666 2166 cuncta
696 2112 1067 2184 detorquens,
1098 2116 1236 2171 dum
1269 2116 1352 2171 sic
1382 2118 1559 2173 verba
1598 2120 1769 2173 modo
1800 2118 2089 2189 descripta

455 2200 656 2255 Latine
686 2201 877 2256 reddit
902 2220 915 2257 :
944 2203 1281 2259 Paciscentes
1309 2208 1552 2275 nuptias,
1591 2215 1643 2260 et
1670 2222 1818 2261 more
1847 2208 2088 2261 Romano

448 2289 715 2359 pronubis
728 2290 1031 2345 monilibus
1042 2292 1105 2346 de
1123 2293 1259 2347 collo
1274 2293 1554 2360 gestandz’s
1567 2298 1693 2349 acta
1707 2296 2089 2364 conﬁrmantes

451 2376 591 2431 Cum
626 2377 696 2432 ab
729 2378 887 2432 omni
911 2380 1368 2449 reprehendendi
1394 2398 1747 2453 quemquam
1777 2383 2086 2458 supercilio

452 2474 736 2530 abhorreo
768 2481 991 2544 natura,
1017 2480 1139 2531 tum
1174 2478 1346 2548 hujus
1390 2479 1495 2533 viri
1529 2480 1819 2550 pracipua
1860 2496 1948 2533 me
1987 2480 2088 2533 du-

456 2563 595 2617 dum
626 2564 916 2618 veneratio
947 2566 1112 2618 valde
1143 2565 1401 2620 alienum
1435 2567 1571 2621 facit
1613 2568 1684 2621 ab
1716 2567 1840 2636 ejus
1870 2566 2089 2638 cogita-

452 2648 610 2703 tione
642 2649 980 2720 sugillandi.
1009 2651 1229 2706 Tamen
1273 2654 1411 2722 quia
1440 2653 1653 2708 veritas
1696 2655 1922 2709 cunctis
1952 2653 2087 2707 affe-

454 2738 646 2793 ctibus
675 2738 936 2807 antistat,
1006 2756 1121 2794 non
1184 2758 1423 2811 possum
1473 2743 1763 2798 abstinere
1811 2743 1949 2814 quin
1997 2743 2087 2796 hic

458 2842 654 2881 meum
687 2827 759 2882 ab
778 2821 906 2897 ejus
937 2828 1224 2883 sententia
1244 2830 1537 2885 diversum
1562 2831 1849 2899 judicium
1882 2847 2089 2901 propo-

460 2931 617 2981 nam,
653 2916 974 2986 prasertim
1006 2932 1140 2970 cum
1175 2916 1341 2971 illum
1390 2919 1617 2972 videam
1648 2934 1776 2987 qua
1820 2917 1877 2970 in
1912 2917 2087 2971 inter-

456 3004 777 3075 pretatione
809 3005 1020 3075 posuit,
1056 3006 1230 3061 etiam
1262 3006 1321 3060 in
1352 3007 1517 3063 Notis
1548 3007 1839 3060 afﬁrmare
1870 3010 2090 3061 astrue-

2192 1848 2341 1902 idem
2376 1851 2578 1901 auctor
2626 1847 3099 1916 juramentorum
3130 1840 3223 1895 his
3276 1840 3679 1910 adjunctorum
3708 1832 3831 1887 dis-

2191 1936 2372 1990 tincte
2428 1933 2761 1988 meminerit
2816 1931 2908 1985 his
2963 1929 3157 1985 verbis
3209 1930 3305 1980 τοῦ
3335 1919 3835 1999 παρακοιμωμὲνου

2192 2018 2249 2074 δὲ
2322 2020 2411 2074 καὶ
2487 2021 2679 2092 ὅρκους
2744 2018 3075 2091 προσθέντος
3134 2011 3425 2092 φρικώδεις
3482 2009 3568 2064 ἐπὶ
3632 2007 3832 2078 τούτῳ.

2191 2112 2451 2165 Primum
2509 2109 2831 2179 respondeo
2885 2122 3082 2162 vocem
3140 2103 3466 2176 προσθέντος
3522 2100 3592 2155 ad
3636 2097 3834 2171 ὅρκους

2192 2193 2484 2273 φρικώδεις
2536 2195 2781 2251 relatam
2844 2195 3038 2265 potius
3105 2192 3451 2247 conﬁrmare
3516 2186 3672 2257 quod
3725 2200 3832 2238 nos

2191 2287 2446 2342 diximus
2479 2302 2492 2340 :
2527 2285 2819 2355 signiﬁcat
2847 2282 3002 2338 enim
3045 2279 3486 2352 Apocauchum,
3518 2274 3621 2347 qui
3656 2273 3831 2328 isthic

2192 2377 2474 2448 loquitur,
2506 2393 2639 2431 cum
2696 2374 3022 2429 vehementi
3077 2372 3271 2426 studio
3332 2367 3697 2424 incumberet
3756 2365 3829 2417 ad

2192 2465 2662 2537 persuadendum
2696 2461 3037 2533 patriarcha
3089 2459 3245 2531 quod
3291 2456 3537 2521 volebat,
3570 2453 3642 2508 ad
3669 2452 3830 2522 prius

2192 2563 2337 2617 illud
2378 2561 2787 2631 jusjurandum
2833 2557 3045 2627 lenius,
3097 2561 3267 2628 gestu
3317 2558 3547 2608 tantum
3577 2554 3635 2605 et
3671 2550 3824 2631 tactu

2193 2630 2503 2725 ἐγκολπίων
2594 2648 2935 2712 exercitum,
3020 2645 3136 2701 alia
3226 2642 3501 2699 horibilia
3583 2630 3816 2725 φρικξίξδη

2194 2722 2551 2811 adjunxisse,
2582 2738 2711 2792 dira
2737 2736 2843 2791 sibi
2877 2735 3154 2789 nimirum
3187 2730 3564 2803 imprecando
3588 2728 3636 2781 si
3666 2722 3819 2779 falle-

2194 2833 2301 2894 ret,
2340 2826 2710 2898 quopertius
2760 2824 2972 2878 faceret
3018 2823 3195 2877 ﬁdem
3247 2821 3562 2875 dictorum.
3618 2812 3833 2869 Deinde

2193 2917 2282 2972 aio
2312 2916 2457 2971 istas
2484 2913 2803 2969 horrendas
2834 2911 3257 2967 exsecrationes
3306 2913 3362 2963 et
3391 2905 3600 2977 capitis
3660 2904 3833 2956 devo-

2191 3005 2381 3061 tiones
2429 3003 2539 3072 sui,
2599 3002 2670 3056 ab
2727 3000 3072 3071 Apocaucho
3130 3003 3271 3053 tunc
3323 2997 3530 3060 factas,
3585 3008 3701 3046 non
3765 2989 3837 3042 ad

450 3109 627 3162 reque
645 3093 1017 3163 diligentius;
1046 3111 1114 3148 ea
1135 3112 1303 3164 porro
1327 3095 1442 3147 sint
1467 3094 1831 3161 ejusmodiut
1853 3094 1964 3147 nisi
1984 3111 2077 3149 co-
2110 3120 2153 3187 α
2195 3098 2363 3164 pacta
2410 3089 2692 3162 nuptialia
2754 3088 3128 3159 pertinuisse,
3178 3086 3278 3141 sed
3327 3086 3398 3140 ad
3445 3086 3651 3138 caetera
3707 3093 3834 3148 qua

451 3185 790 3250 arguantur,
816 3180 1008 3234 locum
1028 3185 1221 3235 tenere
1242 3197 1415 3234 suum
1444 3198 1509 3235 ac
1541 3181 1768 3250 probari
1790 3186 2080 3252 nequeant

454 3283 581 3337 qua
641 3272 838 3323 noster
893 3267 1276 3337 Pachymeres
1332 3268 1425 3323 hic
1474 3270 1748 3324 afﬁrmat.
1805 3272 2085 3325 Accenset

452 3353 1416 3428 ibinimirumPontanuséyxdlma
1444 3358 1687 3427 nuptiali
1715 3358 2080 3429 supellectili,

452 3444 657 3499 arrhas
713 3448 771 3499 et
814 3445 1079 3514 pronuba
1138 3446 1507 3515 munuscula,
1557 3462 1624 3501 ea
1674 3446 2081 3517 interpretans,

452 3538 727 3609 qualibus
758 3542 867 3607 vir,
899 3539 1112 3610 inquit,
1145 3557 1399 3609 sponsam
1425 3558 1519 3597 seu
1542 3558 1771 3597 uxorem
1799 3542 1908 3597 sibi
1933 3545 2083 3611 fum-

450 3644 570 3682 ram
600 3628 965 3699 oppignerare
992 3631 1387 3699 quodammodo
1433 3633 1732 3687 consuevit.
1772 3633 1838 3686 El
1869 3632 2083 3685 mirum

452 3716 651 3771 statim
686 3715 743 3770 in
774 3716 858 3786 [P.
892 3716 1017 3788 379]
1049 3716 1254 3771 talium
1286 3734 1477 3772 rerum
1527 3734 1768 3773 numero
1800 3716 2085 3772 nominari

452 3804 760 3871 annulum,
820 3821 1027 3860 manus
1074 3804 1274 3876 utique
1303 3822 1370 3861 ac
1426 3806 1736 3877 digitorum
1768 3810 2088 3875 gestamen,

452 3909 567 3946 non
602 3892 767 3947 sinus
819 3909 884 3947 ac
934 3894 1205 3962 pectoris,
1238 3898 1411 3964 prout
1457 3900 1580 3948 erat
1626 3910 1881 3960 necesse,
1906 3898 1970 3947 ut
2016 3894 2087 3948 ad

451 3978 781 4053 ἐγκολπίων,
818 3996 1010 4035 rerum
1062 3999 1092 4036 e
1123 3982 1267 4037 collo
1311 3983 1369 4036 in
1431 3983 1627 4037 sinum
1687 3981 2087 4053 pendentium,

454 4068 702 4125 classem
749 4071 1078 4125 referretur.
1143 4072 1355 4126 Contra
1392 4088 1461 4127 ea
1503 4088 1609 4127 nos
1659 4072 1908 4127 dicimus
1957 4087 2088 4125 cum

454 4166 652 4212 nostro
718 4158 1062 4229 Pachymere
1136 4159 1394 4229 vulgaris
1461 4176 1602 4214 usus
1651 4176 1716 4213 ac
1774 4158 2090 4230 promiscui

454 4242 725 4318 ἐγκόλπια
780 4247 984 4311 fuisse,
1044 4245 1503 4317 plurimumque,
1566 4263 1759 4302 avero
1802 4248 2089 4316 aberrare,

456 4334 594 4390 talia
622 4334 813 4389 solum
847 4352 879 4388 a
906 4335 1096 4405 procis
1126 4334 1184 4388 in
1217 4335 1471 4405 conjugii
1504 4335 1717 4406 pignus
1734 4337 1929 4403 data,a
1950 4336 2091 4391 solis

457 4426 694 4493 accepta
722 4426 1055 4493 gestataque
1090 4422 1564 4493 nupturientibus
1624 4423 1805 4478 fuisse
1835 4424 2088 4479 feminis.

456 4521 737 4576 Praterea
809 4519 1215 4575 contendimus
1274 4519 1572 4591 religionis
1628 4520 1744 4575 ista
1813 4520 2091 4591 insignia,

458 4625 574 4664 non
608 4606 907 4662 muliebris
940 4611 1165 4663 tantum
1213 4612 1313 4663 aut
1360 4608 1545 4664 civilis
1576 4612 1817 4663 ornatus
1848 4608 2090 4664 monilia

458 4697 679 4762 fuisse;
712 4696 922 4767 quippe
980 4713 1105 4767 qua
1162 4697 1277 4749 θεῖα
1305 4694 1685 4768 ἐκτυπώματα,
1716 4696 1933 4752 divinas
1960 4699 2088 4765 for-

457 4802 577 4839 mas
605 4785 922 4854 impressas
955 4789 1056 4839 aut
1084 4784 1407 4854 insculptas
1439 4787 1856 4856 praferrent,et
1887 4785 2087 4840 merito

456 4872 674 4926 idcirco
715 4878 1058 4928 vocarentur
1086 4871 1204 4945 ἱερὰ
1240 4873 1593 4945 περιάμματα
1638 4890 1796 4929 sacra
1824 4874 2086 4939 amuleta,

456 4949 737 5015 Putemus
750 4964 946 5014 autem
962 4960 1329 5030 illum,cujus
1342 4964 1776 5015 Cantacuzenus
1799 4960 2085 5028 meminit,

451 5054 827 5105 Romanorum
882 5063 1089 5103 morem
1142 5047 1428 5119 Ῥωμαίων
1485 5044 1605 5110 ἔθος
1663 5066 1776 5103 non
1809 5050 1879 5103 ad
1920 5054 2089 5117 pacta

456 5137 745 5208 nuptialia
792 5137 1023 5209 proprie
1081 5140 1437 5208 restrictum,
1488 5140 1586 5193 sed
1638 5139 1709 5193 ad
1756 5154 1924 5192 omne
1976 5138 2088 5192 late

456 5226 812 5298 pertinuisse
843 5227 1291 5282 conventionum
1320 5243 1524 5297 genus,
1567 5226 1648 5281 ita
1678 5231 1741 5280 ut
1762 5244 1829 5280 ex
1851 5242 2089 5281 consue-

455 5315 660 5370 tudine
690 5315 1837 5387 Constantinopolitanorum,quicunque
1859 5315 2085 5385 quidvis

460 5403 707 5458 invicem
769 5404 1149 5475 promiterent
1185 5420 1251 5458 ac
1309 5402 1745 5474 stipularentur,
1803 5420 1978 5457 manu
2012 5405 2082 5458 ad

461 5498 663 5563 pectus
714 5496 949 5549 admota
978 5498 1034 5549 et
1076 5492 1357 5549 reverenti
1431 5496 1648 5547 attactu
1708 5492 2085 5562 pendentium

462 5581 582 5639 illic
612 5598 909 5636 sacrorum
934 5583 1323 5639 amuletorum
1350 5580 1592 5651 polliciti
1612 5581 1786 5639 ﬁdem
1811 5582 2085 5645 facerent;

2192 3181 2540 3253 persuadere
2570 3178 2908 3249 patriarcha
2939 3176 3230 3248 cupiebat,
3278 3189 3485 3245 nempe
3529 3187 3666 3225 vera
3705 3181 3835 3222 esse

2189 3288 2315 3342 qua
2329 3272 2399 3324 de
2411 3268 2671 3323 consiliis
2683 3267 2868 3337 magni
2884 3264 3184 3321 domestici
3200 3257 3835 3335 patriarchamdejicere

2189 3360 2399 3414 throno
2414 3355 2905 3413 meditantisfalso
2927 3353 3427 3410 etcalumniosead
3444 3353 3636 3422 ipsum
3661 3354 3835 3423 patri-

2192 3447 2429 3503 archam
2443 3445 3010 3515 detulerat;ejusque
3025 3442 3330 3499 calumnia
3345 3441 3581 3496 ulﬁdem
3598 3442 3829 3499 faceret.

2193 3561 2259 3599 ac
2293 3560 2355 3598 se
2375 3542 2460 3596 illi
2484 3542 2687 3598 intime
2725 3540 2989 3611 jugcndo
3027 3538 3248 3594 fraudis
3282 3535 3473 3594 omnis
3494 3542 3668 3608 atque
3688 3537 3835 3593 insi-

2194 3632 2420 3686 diarum
2441 3630 2806 3701 suspiciones
2821 3627 3124 3683 amoliretu
3134 3626 3278 3693 r,afﬁ
3288 3625 3528 3680 nitatem
3542 3624 3830 3680 obtulerat

2194 3736 2296 3790 per
2319 3718 2556 3789 nuptias
2580 3734 2697 3772 sua
2719 3717 2851 3771 ﬁlia
2874 3732 3008 3771 cum
3031 3716 3150 3770 ﬁlio
3174 3713 3534 3785 patriarcha;
3556 3713 3614 3767 in
3634 3729 3825 3784 quam,

2194 3813 2259 3863 ut
2290 3812 2380 3863 est
2410 3807 2653 3875 dictum,
2683 3806 2801 3874 jam
2834 3806 3005 3859 ambo
3036 3806 3473 3869 consenserant,
3504 3805 3561 3855 et
3588 3816 3828 3856 consen-

2195 3913 2328 3951 sum
2379 3895 2753 3949 ﬁrmaverant
2801 3889 2869 3945 δι’
2917 3887 3221 3966 ἐγκολπίων
3272 3906 3376 3962 per
3402 3894 3623 3945 tactum
3655 3906 3826 3945 sacra

2197 3984 2402 4053 iconis,
2436 3999 2614 4053 quam
2648 3988 2890 4051 uterque
2935 3982 3197 4053 ipsorum
3244 3980 3315 4034 de
3348 3995 3507 4034 more
3536 3982 3667 4033 ante
3697 3993 3826 4048 pec-

2197 4075 2293 4126 tus
2326 4070 2642 4141 pendulam
2693 4074 2966 4141 gestaret.
3018 4070 3206 4131 Quare
3244 4074 3394 4123 recte
3450 4066 3571 4121 hac
3628 4065 3827 4120 ultima

2196 4159 2371 4214 verba
2401 4158 2691 4213 Ponianus
2724 4157 2783 4210 in
2818 4160 3077 4210 nostram
3110 4155 3457 4211 sententiam
3493 4156 3577 4209 sic
3613 4154 3779 4209 vertit
3808 4170 3821 4208 :

2197 4247 2513 4318 Apocaucho
2542 4248 2768 4315 insuper
2793 4247 2955 4315 caput
3000 4260 3160 4300 suum
3189 4242 3476 4299 horrendis
3504 4241 3823 4298 exsecratio-

2198 4336 2359 4389 nibus
2382 4334 2692 4398 dovovente,
2725 4334 2788 4387 m’
2815 4334 3065 4387 sincerus
3113 4334 3202 4387 sit.
3235 4333 3319 4386 En
3349 4347 3464 4401 quo
3506 4332 3821 4402 spectarent

2202 4420 2424 4494 ὴὶὸρκοι
2455 4416 2745 4497 φρικώδεις
2778 4421 3039 4492 adjuncti
3070 4414 3372 4490 ἐμπεδώσει
3405 4415 3475 4471 δι’
3506 4416 3815 4492 ἐγκολπίων,

2200 4540 2316 4578 non
2337 4524 2463 4593 jam
2496 4523 2568 4577 ad
2600 4522 2898 4592 sponsalia
2920 4522 3229 4590 ﬁrmanda,
3262 4521 3364 4575 sed
3417 4520 3487 4575 ad
3520 4517 3820 4575 delationis

2197 4612 2481 4666 sinceram
2513 4609 2823 4677 veritatem
2883 4608 3370 4681 persuadendam.
3427 4607 3688 4679 Dedique
3731 4608 3824 4662 ob-

2156 4775 2159 4778 ,
2196 4704 2387 4754 servet
2416 4698 2672 4769 prudens
2701 4698 2885 4753 lector
2912 4697 3235 4753 evidentem
3269 4702 3327 4751 et
3368 4694 3824 4766 irrefragabilem

2196 4788 2566 4859 horum,qua
2598 4787 3239 4851 dixi,conﬁrmationem
3289 4802 3355 4841 ex
3387 4785 3513 4857 ipso
3551 4784 3661 4840 loci
3690 4800 3827 4839 con-

2196 4880 2397 4945 spectu
2443 4875 2636 4947 palam
2681 4878 3024 4931 exstantem.
3074 4875 3349 4930 Refertur
3384 4874 3444 4927 in
3497 4871 3595 4928 illo
3651 4873 3831 4929 citato

2196 4964 2441 5019 historia
2489 4964 2874 5019 Cantacuzeni
2923 4964 3110 5034 capite
3157 4961 3513 5033 colloquium
3553 4976 3828 5016 arcanum

2195 5052 2532 5122 Apocauchi
2590 5068 2726 5106 cum
2786 5050 3162 5123 patriarcha:
3225 5050 3377 5106 inter
3430 5050 3487 5104 id
3547 5048 3643 5104 ille
3693 5047 3829 5103 huic

2195 5138 2324 5193 ﬁlia
2354 5139 2599 5210 propria
2630 5156 2763 5193 cum
2797 5140 2925 5209 ejus
2948 5137 3065 5192 ﬁlio
3097 5136 3332 5207 nuptias
3361 5135 3575 5192 obtulit
3605 5151 3620 5190 :
3653 5134 3829 5205 patri-

2197 5228 2373 5282 archa
2427 5228 2788 5292 admittente,
2846 5230 3081 5297 pactum
3135 5226 3207 5279 ab
3268 5230 3515 5296 utroque
3557 5228 3828 5277 mutuum

2199 5312 2267 5368 δι’
2296 5312 2599 5389 ἐγκολπίων
2643 5316 2942 5370 ﬁrmatum
2972 5317 3060 5368 est
3090 5313 3159 5368 ad
3196 5312 3425 5368 duobus
3470 5311 3733 5382 patribus
3759 5311 3831 5366 de

2192 5404 2511 5460 liberorum
2540 5403 2809 5475 conjugio
2835 5403 2893 5457 in
2925 5402 3133 5457 horum
3166 5400 3429 5457 absentia
3454 5397 3829 5470 transigenti-

2193 5494 2305 5548 bus
2352 5494 2486 5563 jure
2536 5496 2796 5563 paterno.
2831 5494 3010 5558 Quem
3063 5489 3156 5544 hic
3186 5505 3321 5561 ergo
3367 5489 3557 5544 locum
3614 5486 3830 5542 habere

2195 5584 2327 5653 post
2378 5580 2685 5636 arrharum
2742 5577 3096 5651 nuptialium
3154 5578 3256 5631 aut
3316 5572 3565 5646 pronubi
3621 5569 3830 5629 annuli
