4146 6288
364 371 504 427 1017

1815 382 2294 439 GLOBSABIUM.

3607 382 3746 439 1018

361 511 623 579 traditio,
659 529 836 583 quam
871 514 961 570 hic
988 515 1275 589 interpres
1307 520 1579 590 cogitavit
1602 521 1630 575 ι]
1658 522 1767 577 Sed
1802 522 1870 578 de
1901 522 1995 578 his
2025 507 2077 571 Α
2109 507 2373 577 expedito
2403 513 2493 564 est
2523 508 2691 563 Forte
2718 505 2890 561 εἰσιτά
2919 507 3139 562 dictum
3162 511 3227 561 ut
3246 505 3503 578 προσιτόν
3522 525 3556 562 a
3584 512 3739 563 recto

366 598 503 669 plus
534 601 699 655 satis.

435 707 500 776 [P
528 706 874 782 380]Εἷρκτή
910 712 1089 784 νήθης
1129 730 1187 783 p.
1245 716 1371 769 247.
1430 716 1553 770 Non
1615 716 1814 772 dubito
1860 717 2002 787 quin

367 794 487 847 haec
510 796 770 851 scribens
794 797 1071 854 habuerit
1099 800 1156 855 in
1176 803 1370 857 animo
1393 804 1776 875 Pachymeres
1797 806 2002 859 Proco-

362 880 441 951 pii
470 880 662 937 locum
694 883 776 938 1.1
812 886 883 940 De
914 888 1049 942 belle
1078 889 1293 944 Persico
1324 907 1373 944 ο.
1406 892 1460 957 5,
1520 892 1619 946 ubi
1685 893 1755 946 de
1817 894 2000 947 Persis

362 968 824 1026 deliberantibus
857 973 997 1042 quid
1033 977 1104 1031 de
1137 993 1269 1048 rege
1301 979 1526 1033 Cabade
1559 981 1786 1035 redacto
1815 980 1874 1035 in
1907 997 1999 1035 or-

362 1055 558 1113 dinem
589 1059 988 1125 decernerent,
1020 1068 1222 1119 auctor
1250 1065 1372 1119 ait:
1430 1066 1497 1122 Οι
1546 1064 1602 1119 δὲ
1656 1072 1855 1120 κτεῖναι
1908 1064 2004 1120 ἄν-

363 1138 461 1216 δρα
514 1143 789 1218 βασιλείου
821 1144 1050 1219 α’ίματος
1081 1148 1194 1204 οὐδ’
1228 1147 1485 1224 ἔγνωσαν,
1515 1151 1642 1207 ἀλλ’
1670 1152 1722 1207 ἐν
1756 1155 2001 1230 φρουρίῳ

359 1232 652 1304 καθεῖρξαι,
713 1231 843 1306 ὅπερ
898 1243 997 1304 τῆς
1046 1236 1227 1306 λήθης
1285 1239 1470 1293 καλεῖν
1519 1240 1877 1314 νενομίκασιν·
1935 1243 2001 1310 ἦν

359 1315 457 1390 γάρ
487 1339 568 1379 τις
598 1319 821 1374 ἰνταῦθα
870 1319 1169 1393 ἐμϐληθεὶς
1215 1324 1357 1400 τύχῃ
1386 1328 1482 1381 οὐκ
1511 1324 1586 1382 ἔτι
1638 1330 1807 1399 νόμος
1853 1330 2000 1405 σφίσι

358 1407 574 1478 γνήμην
633 1408 800 1461 αὐτοῦ
854 1410 1007 1477 εἶναι,
1064 1412 1209 1466 ἀλλὰ
1270 1416 1497 1477 θάνατος
1554 1417 1634 1487 τῷ
1691 1418 1999 1487 ὡνομακότι

358 1493 392 1559 ἠ
454 1493 640 1563 ζημία.
698 1497 790 1549 Διὸ
846 1499 935 1551 καὶ
967 1500 1066 1567 τήν
1121 1500 1431 1573 ἐπωνυμίαν
1463 1502 1662 1572 ταύτην
1697 1504 1831 1579 πρὸς
1864 1511 2001 1578 Περ-

358 1582 461 1632 σῶν
496 1578 715 1656 ἔλαχεν.
756 1587 866 1640 Hoc
897 1592 984 1642 est
1014 1605 1082 1643 ex
1103 1590 1421 1645 novissima
1453 1593 1674 1662 optima
1704 1594 1996 1647 versione:

358 1669 696 1726 Abhorruere
752 1674 906 1730 556
982 1680 1161 1732 tamen
1216 1694 1410 1733 eorum
1466 1680 1645 1733 animi
1694 1683 1761 1734 ab
1819 1683 1993 1751 effun-

356 1756 528 1812 denda
558 1763 703 1830 regio
730 1765 1021 1833 sanguine,
1051 1764 1293 1836 satisque
1351 1768 1661 1822 habuerunt
1718 1784 2002 1823 asservare

2108 594 2338 665 προσιτά
2374 596 2708 666 accessibile,
2742 600 2806 651 ut
2854 592 3050 647 εἲσιτόν
3116 594 3403 666 signiticet
3430 594 3741 651 introduci-

2112 682 2240 748 bite,
2269 689 2333 738 ut
2352 686 2434 740 sic
2453 687 2663 754 dicam,
2689 686 2773 740 vel
2794 685 3073 740 introduci
3086 686 3333 756 dignum,
3359 688 3527 757 quasi
3545 686 3737 740 dicere

2106 770 2341 837 vellent,
2367 774 2716 843 quaestiones
2749 790 2873 844 quae
2906 792 2939 829 a
2970 777 3155 829 Vecco
3196 779 3586 843 moverentur,
3621 789 3739 827 non

2109 876 2236 915 esse
2258 862 2462 933 dignas
2483 880 2608 934 quas
2627 865 3203 920 introducerenturin
3228 866 3465 920 domum
3491 864 3613 929 Dei,
3631 863 3743 918 hoc

2109 955 2197 1003 cst
2254 951 2577 1007 ecclesiam.
2632 955 2712 1007 An
2770 954 2964 1023 potius
3018 952 3485 1007 existimabimus
3550 948 3738 1020 εἰσιτά,

2109 1037 2365 1106 positum
2404 1056 2507 1110 pro
2565 1037 2780 1109 εἷσιτὲα,
2839 1058 2904 1096 eo
2962 1056 3141 1095 sensu
3184 1044 3248 1093 ut
3300 1056 3511 1111 negare
3566 1037 3745 1094 velint

2106 1124 2531 1182 introduoenda
2555 1129 2678 1183 haec
2702 1129 2883 1185 fuisse
2904 1129 2963 1184 in
2997 1130 3342 1196 Ecclesium,
3369 1128 3584 1199 quippe
3614 1143 3741 1197 qum

2111 1212 2239 1282 ejus
2270 1216 2527 1285 quietem
2561 1219 2887 1273 turbarent.

2177 1308 2482 1379 Ἐκκλητον
2531 1330 2584 1382 ρ.
2632 1316 2754 1369 375.
2806 1314 2908 1369 Hic
2964 1314 3274 1369 manifeste
3337 1313 3398 1366 τὸ
3477 1309 3741 1381 ἔκκλητον

2108 1404 2277 1452 sonat
2298 1418 2394 1470 Jus
2421 1405 2837 1471 provocationis.
2875 1402 3142 1473 Alioquin
3179 1403 3371 1457 inanis
3407 1408 3562 1457 esset
3620 1417 3744 1470 quae

2107 1486 2343 1541 affertur
2373 1491 2518 1543 ratio
2550 1492 2616 1543 ad
2652 1492 2799 1547 557
2834 1490 3170 1545 leniendum
3213 1489 3276 1560 [P
3323 1491 3449 1561 381]
3504 1505 3745 1543 conces-

2107 1574 2291 1629 sionis
2322 1575 2500 1643 huius
2530 1576 2987 1633 incommodum.
3021 1579 3236 1649 Nempe
3282 1580 3437 1649 quod
3478 1577 3589 1632 tale
3616 1577 3740 1647 jus,

2107 1659 2305 1716 liceta
2353 1663 2563 1719 Graecis
2611 1682 2980 1728 concessum.
3034 1666 3493 1738 haudquaquam
3544 1670 3739 1720 tamen

2105 1750 2493 1820 redigendum
2509 1752 2568 1805 in
2594 1752 2816 1822 praxim
2839 1753 3171 1820 videretur;
3197 1753 3426 1808 nemine
3446 1751 3738 1807 verisimi-

362 1844 628 1901 Cabadem
670 1848 733 1902 in
778 1852 1008 1906 castello
1054 1853 1369 1919 oblivionis,
1399 1859 1479 1910 ita
1534 1855 1682 1911 dicto
1737 1873 1809 1911 ea:
1858 1858 1984 1925 lege.

2104 1836 2239 1892 liter
2267 1849 2537 1896 curaturo
2558 1843 2815 1896 conferre
2845 1859 2908 1897 se
2939 1842 3439 1914 Constantinopoli
3491 1843 3734 1896 Romam

360 1948 485 2003 qua
512 1934 576 1989 de
598 1952 659 1991 eo
688 1939 782 2006 qui
808 1940 981 2006 fuerit
1014 1941 1149 1995 illuc
1180 1943 1455 2010 coniectus
1510 1946 1849 1999 mentionem
1895 1962 1995 1999 un-

357 2037 524 2090 quam
550 2025 675 2091 ﬁeri
696 2029 861 2092 vetat,
888 2043 1049 2096 paena
1105 2028 1273 2084 etiam
1319 2033 1557 2100 capitati
1590 2033 1659 2086 iis
1717 2035 1997 2103 preposita

356 2110 452 2177 qui
477 2108 654 2179 ipsius
674 2128 872 2167 nomen
891 2116 1241 2182 pertulerint.
1268 2119 1398 2185 Quae
1417 2135 1590 2173 causa
1610 2119 1726 2189 fuit
1748 2121 1995 2191 appella-

356 2195 523 2251 tionis
550 2198 1028 2267 ejusmodi.Vides
1061 2204 1117 2256 in
1150 2204 1261 2270 his,
1298 2210 1362 2259 ut
1420 2222 1563 2273 rem,
1618 2207 1702 2261 sic
1743 2208 1996 2278 appella-

358 2282 577 2338 tionem
612 2284 830 2358 εἱρκτῆς
872 2282 1015 2357 λήθη
1050 2306 1117 2343 ex
1151 2291 1383 2346 Perside
1406 2294 1651 2348 venise.
1691 2299 1757 2348 Et
1816 2297 1995 2351 tuisse

354 2370 435 2424 ibi
466 2372 696 2427 videtur
714 2380 871 2429 certa
900 2378 1190 2443 custodia,
1223 2379 1279 2432 in
1314 2396 1488 2447 quam
1546 2382 1640 2449 qui
1693 2384 1990 2448 darentur,

356 2458 427 2513 de
457 2459 528 2513 iis
575 2461 928 2517 mentionem
980 2465 1189 2519 deinde
1250 2467 1461 2521 inferre
1516 2469 1692 2522 ullam
1750 2471 1992 2540 capitale

355 2546 519 2601 foret.
550 2547 679 2601 Pari
712 2550 975 2620 exemplo
1007 2552 1327 2622 imperator
1362 2555 1575 2610 Michal
1608 2557 1989 2630 Pala=ologus,

357 2634 480 2704 Qui,
503 2635 643 2690 dum
668 2642 823 2691 esset
848 2638 1125 2707 privatus,
1151 2641 1205 2693 in
1224 2643 1457 2696 Perside
1475 2644 1678 2700 fuerat.
1705 2652 1767 2699 ut
1788 2647 1993 2702 Noster

358 2723 523 2776 docet
554 2722 591 2777 Ι.
626 2740 664 2785 ι,
696 2724 928 2779 videtur
962 2727 1285 2783 imitatione
1319 2747 1461 2784 usus
1492 2748 1664 2802 quem
1694 2733 1772 2788 ibi
1797 2734 1989 2791 visum

360 2810 1079 2879 probaverat,instituisse
1111 2821 1174 2870 ut
1213 2833 1360 2886 quos
1419 2819 1697 2874 Nicaeensi
1758 2822 1987 2877 cuidam

353 2897 577 2951 carceri
608 2898 1021 2970 mancipasset,
1047 2903 1103 2955 in
1137 2910 1477 2974 perpetuum
1511 2907 1591 2961 ibi
1632 2913 1988 2977 tenerentur,

358 2999 463 3038 nec
493 2984 804 3055 quisquam
828 3003 991 3043 orare
1016 3006 1118 3060 pro
1162 2990 1234 3045 iis
1282 2998 1383 3047 aut
1438 2995 1677 3050 omnino
1727 3002 1989 3068 satagere

348 3069 437 3125 vel
485 3073 777 3127 mentione
833 3080 1004 3131 tenus
1061 3078 1317 3133 auderet.
1377 3085 1538 3135 Hanc
1602 3082 1987 3140 imitationem

2107 1925 2394 1982 laborioso
2425 1934 2483 1983 et
2530 1928 2858 1999 periculoso
2903 1935 2988 1985 tot
3034 1930 3284 1985 marium
3338 1931 3606 2001 trajectu,
3667 1930 3737 1982 ad

2105 2014 2264 2070 litem
2299 2034 2465 2072 suam
2490 2019 2892 2089 provocatione
2922 2018 3060 2073 illuc
3082 2020 3422 2074 translatam
3446 2019 3525 2073 ibi
3545 2034 3739 2088 perse-

2105 2105 2418 2171 quendam.
2442 2105 2543 2159 Est
2572 2122 2708 2176 ergo
2740 2106 2862 2161 sine
2888 2106 3065 2161 dubio
3084 2104 3146 2159 τὸ
3168 2100 3458 2173 ἔκκλητον,
3484 2106 3583 2174 jus
3604 2123 3737 2175 pro-

2099 2190 2414 2245 vocationis
2446 2192 2704 2261 ajudicio
2728 2194 3073 2263 patriarchae
3101 2192 3734 2264 Constantinopolitani

2100 2286 2156 2333 et
2188 2278 2434 2334 aliorum
2468 2280 2850 2335 Orientalium
2880 2282 2950 2335 ad
2975 2282 3305 2352 pontificem
3361 2283 3682 2336 Romanum
3715 2301 3728 2350 ;

2100 2368 2268 2432 cujus
2293 2368 2447 2436 juris
2471 2369 2689 2438 agnitio
2723 2370 3118 2441 professioque
3142 2387 3321 2424 unum
3344 2375 3469 2425 erat
3501 2373 3732 2424 etribus

2098 2453 2404 2522 praecipuis
2436 2454 2718 2523 capitibus
2751 2472 2875 2525 quae
2932 2458 3001 2509 ad
3048 2456 3421 2511 ecclesiarum
3454 2456 3733 2510 consilia-

2099 2542 2314 2595 tionem
2365 2561 2395 2595 a
2440 2543 2658 2596 Graecis
2706 2543 3108 2613 exigebantur.
3144 2545 3220 2599 Ea
3249 2544 3440 2615 capita
3486 2544 3578 2598 his
3627 2543 3728 2597 tri-

2097 2628 2208 2682 bus
2239 2629 2427 2683 verbis
2452 2630 2909 2701 designabantur
2937 2630 2998 2683 τὸ
3048 2635 3340 2703 πρωτεῖον,
3397 2631 3459 2683 τὸ
3522 2630 3733 2701 μνημό-

2096 2736 2273 2783 συνον,
2302 2717 2365 2770 τὸ
2395 2716 2676 2787 ἔκκλητον.
2730 2720 3021 2775 Primatus
3044 2737 3225 2791 papas,
3257 2722 3519 2790 ejusdem
3579 2720 3731 2774 inter

2096 2821 2262 2859 sacra
2286 2806 2516 2873 publica
2544 2809 3041 2875 commemoratio,
3074 2813 3366 2880 postremo
3390 2809 3492 2877 jus
3527 2807 3728 2877 appel-

2094 2891 2326 2947 lationis
2347 2895 2417 2948 ad
2442 2896 2707 2950 eumdem
2727 2913 2760 2949 a
2781 2895 3087 2950 sententiis
3112 2896 3469 2964 synodorum
3493 2900 3595 2949 aut
3625 2912 3723 2964 pa-

2094 2978 2502 3037 triarcharum.

2164 3073 2618 3146 Ἑλλησποντίας.
2653 3097 2708 3151 ρ.
2740 3082 2863 3135 396.
2914 3081 3082 3137 Venti
3142 3098 3376 3150 nomen,
3427 3087 3493 3136 ut
3549 3082 3723 3154 ἀπαρ-

350 3157 543 3213 innuit
576 3160 856 3229 particula
880 3162 1287 3221 similitudinis
1310 3166 1402 3232 ὡς,
1435 3169 1703 3225 indicans
1724 3172 1983 3226 Nicaeen-
2015 3185 2057 3251 ρ
2093 3165 2263 3227 κτίας-
2296 3167 2517 3223 Ventus
2535 3168 2846 3224 vehemens
2868 3169 3015 3224 ﬂans
3031 3171 3101 3223 ab
3124 3170 3510 3240 Ηθιιθεροωο.

349 3262 469 3301 sem
503 3249 827 3304 custodiam
861 3250 1179 3323 Palaaologo
1208 3254 1383 3309 luisse
1442 3272 1545 3326 pro
1576 3274 1705 3312 arce
1758 3264 1858 3313 aut
1886 3276 1984 3315 ca-

349 3334 537 3405 stello,
558 3352 733 3406 quam
754 3337 934 3392 Persas
953 3340 1872 3414 vocabantnominemquivalente
1892 3348 1985 3403 his

348 3423 561 3477 Graecis
582 3424 821 3479 vocibus
844 3425 1323 3499 opoépzovhﬁenc.
1349 3431 1490 3487 Nam
1510 3450 1621 3488 non
1638 3439 1725 3489 est
1742 3436 1982 3491 audien-

350 3509 461 3564 dus
480 3510 931 3582 Christophorus
957 3520 1230 3586 Persona,
1255 3519 1397 3574 dum
1420 3519 1499 3574 ibi
1523 3520 1778 3595 φρούριον
1808 3521 1984 3591 λήθης

350 3596 553 3681 Latine
574 3599 764 3653 reddit
790 3602 1096 3657 custodiam
1126 3620 1250 3674 quae
1279 3606 1431 3662 lethe
1463 3610 1771 3676 vocabatur,
1814 3612 1983 3681 quasi

349 3680 492 3752 λήθη
533 3685 672 3740 lethe
700 3686 1020 3755 Persicum,
1056 3708 1167 3745 non
1195 3692 1455 3747 Graecum
1504 3680 1848 3751 vocabulum
1884 3698 1980 3753 sit.

345 3770 509 3825 Haud
532 3772 703 3841 paulo
721 3776 1070 3843 prudentius
1088 3778 1326 3833 ultimus
1344 3789 1737 3852 tempore,non
1755 3786 1978 3855 merito,

345 3856 634 3927 interpres
657 3862 919 3931 Procopii
941 3862 1220 3919 Claudius
1243 3866 1545 3922 Mallretus
1572 3875 1769 3924 noster
1814 3872 1980 3944 φρού-

347 3962 461 4016 ριον
496 3943 672 4015 λήθης
700 3948 1000 4004 castellum
1028 3952 1318 4008 oblivionis
1353 3956 1545 4011 Latine
1588 3943 1862 4014 reddidit.
1918 3961 1978 4014 In

345 4047 459 4103 quo
490 4033 673 4089 videri
710 4036 895 4106 possit
925 4038 973 4092 si
1004 4056 1141 4094 casu
1175 4042 1427 4110 quodam
1464 4044 1751 4113 praeivisse
1778 4046 1976 4101 Pachi-

348 4137 558 4189 meres,
592 4123 731 4178 dum
765 4123 801 4178 l.
836 4142 911 4191 Iv,
936 4127 1005 4182 de
1038 4128 1150 4182 isto
1182 4130 1383 4185 eodem
1426 4148 1604 4203 agens
1661 4135 1976 4204 ergastulo,

346 4208 405 4263 in
438 4211 593 4280 quod
626 4227 693 4265 ea
751 4214 1085 4270 conditione
1142 4217 1448 4273 subibatur
1499 4224 1565 4274 ut
1612 4222 1774 4277 nefas
1824 4227 1977 4279 esset

342 4294 480 4350 illuc
530 4298 707 4353 semel
764 4299 1229 4358 introductorum
1314 4307 1607 4375 memisse,
1660 4309 1802 4364 illud
1876 4307 1972 4363 κᾶ-

341 4403 498 4458 στρον
530 4394 773 4442 castrum
804 4388 922 4443 sive
952 4393 1231 4446 castellum
1260 4392 1749 4465 ἀντονομαπικῶς;
1772 4398 1972 4470 appel-

338 4471 439 4528 lat.
471 4476 611 4529 Cum
646 4475 801 4531 enim
834 4476 903 4531 de
933 4477 1238 4535 Barlaamo
1290 4484 1565 4553 quodam,
1599 4484 1844 4556 inquieti
1904 4503 1969 4542 ac

990 4532 1009 4533 η
1298 4532 1565 4553 ,_-__-..,
1600 4532 1844 4556 -..Ἰ---η
1905 4532 1968 4542 ,ν

340 4560 594 4631 suspecti
624 4560 840 4632 ingenii
874 4562 1130 4635 homine,
1163 4568 1457 4624 retulisset
1486 4570 1813 4626 decrevisoe
1862 4571 1965 4627 im-
1995 4532 2043 4595 Β

337 4651 661 4715 peratorem
686 4649 936 4705 eximere
964 4651 1077 4706 sibi
1098 4654 1278 4709 semel
1308 4673 1540 4712 omnem
1563 4658 1620 4711 in
1667 4665 1962 4729 posterum

337 4735 408 4788 de
460 4735 562 4789 illo
616 4741 836 4793 metum
883 4738 1359 4811 sollicitudinem,
1406 4762 1521 4816 quo
1580 4746 1635 4801 id
1692 4763 1964 4819 asseque-

338 4826 516 4890 retur,
550 4823 633 4878 ait
662 4827 1003 4896 praecepisse
1034 4830 1264 4884 cuidam
1297 4848 1327 4887 e
1359 4833 1472 4887 sibi
1504 4834 1807 4891 ﬁdissimis
1833 4854 1963 4892 eum

337 4907 587 4962 Nicaeam
619 4912 928 4979 abducere,
961 4931 1026 4969 ac
1047 4917 1123 4970 ibi
1157 4916 1261 4988 πρὸ
1290 4922 1384 4971 τοῦ
1416 4918 1491 4979 εἷς
1539 4922 1768 4992 κάπρον
1819 4922 1966 4976 εἷσα-

334 4997 520 5066 γαγεῖν
552 5002 825 5069 στερῆσαι,
857 5002 962 5053 τῶν
1001 4999 1323 5077 ὀφθαλμῶν,
1379 5009 1705 5079 priusquam
1759 5012 1823 5066 in
1874 5028 1964 5066 ca-

333 5080 557 5137 stellum
588 5083 981 5154 indroduceret,
1000 5091 1171 5145 oculis
1196 5095 1434 5163 privare.

408 5184 597 5241 Εἷσιτά
626 5206 682 5259 p.
714 5190 832 5245 478.
894 5193 1072 5249 Multa
1119 5202 1239 5251 toto
1300 5199 1407 5255 hac
1467 5206 1753 5257 commate
1805 5201 1963 5275 ἆνᾶρ-

334 5280 469 5338 θητα
497 5281 553 5330 et
581 5277 823 5334 invicem
868 5280 1187 5339 inconnexa
1243 5294 1554 5358 ponuntur.
1616 5290 1961 5361 Exprimun-

338 5365 435 5418 tur
465 5363 617 5419 enim
642 5366 909 5437 carptim,
934 5369 1074 5424 solis
1093 5371 1275 5428 initiis
1297 5377 1715 5433 sententiarum
1742 5378 1962 5434 deliba-

333 5449 430 5519 tis,
464 5468 591 5522 quae
626 5452 826 5523 Graeci,
860 5472 1059 5526 pacem
1093 5475 1223 5514 cum
1262 5464 1478 5519 Latinis
1505 5465 1655 5519 haud
1685 5482 1751 5520 ex
1767 5468 1960 5523 animo

334 5542 668 5610 probantes,
700 5541 759 5596 in
790 5543 1029 5615 scriptis
1060 5546 1227 5603 Vecci
1258 5551 1778 5622 reprehendebant.
1811 5554 1958 5619 Quid

333 5631 524 5684 autem
554 5628 652 5687 hic
688 5635 858 5687 sonet
883 5637 987 5689 aut
1014 5634 1153 5704 quid
1182 5637 1235 5694 si
1272 5654 1380 5698 vox
1434 5638 1627 5713 ιῒσιτᾶ,
1684 5641 1841 5699 haud
1895 5642 1957 5699 in

2186 3262 2570 3336 Ἐναιθριάζειν
2622 3284 2682 3337 p.
2744 3266 2866 3319 405.
2928 3266 3050 3319 Non
3127 3272 3215 3321 est
3285 3267 3379 3322 hic
3456 3264 3723 3339 ἐΛαιοριά-

2091 3354 2196 3417 ζειν
2243 3356 2341 3409 sub
2382 3356 2471 3411 dio
2514 3372 2673 3412 esse:
2737 3374 2968 3412 summa
3015 3357 3168 3411 enim
3208 3362 3423 3421 aestate,
3463 3362 3526 3411 ut
3581 3366 3721 3413 tunc

2088 3448 2229 3506 erat,
2260 3445 2581 3499 meridiano
2615 3444 2734 3499 sole
2766 3446 3040 3514 fervente,
3068 3448 3222 3501 haud
3250 3450 3406 3501 esset
3434 3445 3534 3500 illa
3563 3461 3720 3500 com-

2090 3530 2265 3582 moda
2294 3530 2485 3584 statio.
2521 3532 2966 3603 intelligendum
3010 3552 3144 3605 ergo
3203 3534 3607 3604 imperatorem
3642 3535 3712 3587 ad

2087 3631 2288 3670 auram
2319 3632 2348 3669 e
2381 3620 2817 3687 septentrionali
2850 3620 2993 3676 forte
3019 3626 3250 3692 patente
3285 3622 3536 3676 fenestra
3565 3620 3709 3674 ﬂan-

2086 3704 2202 3755 tem
2238 3703 2416 3767 frigus
2448 3710 2733 3775 captasse.
2767 3713 2881 3762 Aut
2911 3710 2958 3764 si
2991 3709 3200 3780 frigore
3218 3709 3369 3763 aeris
3392 3723 3632 3762 camera:
3657 3708 3710 3763 vi

2085 3805 2117 3841 a
2139 3790 2265 3845 cceli
2286 3792 2488 3846 ardore
2510 3793 2732 3848 defensi
2755 3794 2969 3849 clausis
2989 3795 3254 3851 fenestris
3269 3796 3559 3858 utebatur,
3579 3791 3711 3845 tvat

2084 3876 2317 3951 θριάζειν
2371 3898 2473 3951 pro
2524 3882 2847 3951 refrigerari
2899 3887 3148 3954 positum
3204 3885 3422 3950 fuerit;
3491 3899 3558 3936 ex
3640 3899 3707 3936 eo

2083 3970 2237 4038 quod
2273 3969 2618 4039 plerumque
2642 3970 2758 4039 fiat,
2787 3975 2851 4024 ut
2879 3988 3005 4041 quae
3038 3973 3147 4026 sub
3178 3972 3317 4026 coelo
3374 3975 3571 4041 aperto
3604 3971 3706 4039 ja-

2082 4061 2213 4114 cent
2244 4056 2677 4127 refrigerentur,
2710 4058 2992 4113 translato
3015 4076 3079 4114 eo
3110 4061 3283 4115 verbo
3304 4062 3474 4115 etiam
3512 4060 3580 4113 ad
3618 4075 3705 4112 re-

2082 4144 2514 4216 lrigerationem
2542 4160 2666 4213 quas
2697 4142 2865 4199 aliter
2895 4146 3101 4200 evenit.
3137 4147 3192 4201 L.
3219 4162 3296 4213 vr,
3338 4162 3387 4199 c.
3426 4145 3515 4210 29,
3544 4161 3704 4198 men-

2076 4234 2156 4287 tio
2188 4234 2251 4286 ﬁt
2273 4227 2463 4290 ὕδατος
2493 4228 2963 4301 ἐξαιθριαζομένου
3018 4250 3175 4304 aqua
3230 4234 3329 4287 sub
3384 4231 3473 4286 dio
3529 4234 3702 4300 refrt-

2073 4330 2269 4392 geratae
2302 4338 2315 4387 ;
2350 4319 2525 4390 quod,
2543 4324 2601 4373 et
2622 4320 2669 4373 si
2694 4324 2836 4374 tunc
2862 4337 3092 4391 quoque
3114 4326 3287 4375 wetas
3306 4324 3448 4383 erat,
3475 4318 3701 4373 facilius

2075 4409 2423 4480 iutelligitur
2446 4425 2548 4479 per
2576 4412 2805 4462 noctem
2837 4410 3076 4464 factum.
3105 4413 3175 4463 At
3203 4410 3309 4463 hoc
3331 4415 3453 4462 loco
3485 4409 3703 4461 diserta

2075 4500 2139 4553 ﬁt
2169 4498 2282 4553 dici
2339 4497 2579 4563 mentio,
2641 4512 2773 4551 cum
2815 4498 3214 4567 designatione
3260 4495 3410 4551 horse
3456 4495 3702 4565 pomeri-

2074 4587 2279 4643 dianae.

2144 4680 2392 4753 Ἐνδυτή,
2455 4698 2511 4752 p.
2561 4680 2686 4734 385.
2743 4681 2913 4738 Recte
2961 4682 3252 4739 Meursius
3315 4684 3478 4738 docet
3550 4676 3699 4733 ἐνδυ-

2072 4773 2169 4841 τήν
2194 4790 2321 4827 esse
2350 4784 2689 4841 supremum
2721 4785 2897 4824 sacris
2921 4788 3132 4827 mensas
3186 4772 3519 4826 instratum.
3582 4770 3701 4823 Pri-

2074 4877 2238 4915 mum
2271 4859 2426 4914 enim
2462 4856 2895 4912 insternebatur
2938 4876 3045 4913 aras
3093 4859 3245 4931 quod
3293 4858 3505 4913 dicitur
3551 4855 3698 4909 ἄντι-

2078 4948 2313 5018 μίνσιον,
2363 4963 2530 5003 sacra
2593 4964 2823 5021 mappa,
2870 4952 3010 5003 tunc
3066 4952 3296 5002 tantum
3371 4947 3697 5001 necessario

2074 5037 2424 5108 imponenda
2443 5039 2632 5109 altari,
2666 5038 2899 5107 quando
2938 5053 3051 5092 non
3084 5038 3387 5092 constabat
3434 5054 3504 5090 an
3554 5035 3695 5090 illud

2072 5127 2280 5182 fuisset
2299 5132 2727 5183 consecratum.
2752 5127 2939 5196 Supra
2964 5125 3131 5193 illud,
3159 5132 3257 5181 aut
3275 5143 3453 5197 supra
3475 5127 3692 5179 nudam

2072 5232 2229 5271 aram
2262 5222 2415 5272 certo
2474 5220 2783 5277 sacratam,
2834 5217 3248 5271 extendebatur
3304 5216 3360 5269 in
3416 5232 3697 5286 praepara-

2071 5295 2228 5350 tione
2275 5297 2528 5351 sacriﬁci
2578 5295 2846 5363 linteum,
2911 5296 3063 5366 quod
3124 5293 3496 5364 appellabant
3532 5292 3695 5346 κατά-

2071 5402 2261 5456 σαρκα,
2295 5400 2472 5454 supra
2521 5382 2674 5454 quod
2734 5381 2997 5437 videlicet
3050 5380 3262 5454 ἀμίσως
3318 5398 3529 5453 corpus
3573 5380 3695 5435 sive

2070 5487 2203 5528 caro
2236 5472 2459 5529 Domini
2500 5472 2559 5525 in
2603 5470 2958 5526 eucharistia
3007 5475 3139 5541 post
3192 5472 3691 5530 consecrationem

2069 5574 2327 5629 praesens
2357 5558 2768 5617 reclinabatur.
2828 5559 2888 5613 Id
2931 5558 3121 5615 velum
3175 5560 3454 5629 corporale
3510 5559 3691 5616 Latini

2073 5663 2363 5707 vocamus.
2395 5648 2511 5705 Nec
2530 5645 2665 5719 plus
2687 5652 2808 5701 erat
2835 5645 2896 5700 in
2926 5644 3055 5717 ipsa
3078 5648 3375 5705 {unctione
3395 5645 3688 5704 sacriﬁcii.
