4146 6288
459 325 596 382 1019

456 533 615 609 δυτῇ,
638 540 832 592 textus
864 535 1210 607 plerumque
1254 534 1589 606 magnifici;
1650 535 1804 590 unde
1846 534 1906 587 in
1964 532 2094 587 illos

451 642 561 681 usu
611 625 864 696 pretiosa
916 625 1177 695 stragula
1243 625 1655 691 offerebantur,
1716 622 1909 693 qualis
1975 620 2095 674 haec

454 714 564 768 fuit
594 709 783 779 ἐνδυτή
818 714 889 767 ab
923 712 1272 782 imperatore
1302 710 1577 767 Michaele
1612 709 1926 780 Palaeologo
1978 709 2094 779 pri-

458 819 620 858 mum
654 820 865 873 magno
916 803 1133 874 templo
1192 805 1246 856 S.
1306 802 1534 873 Suphiaa
1595 802 1830 869 donata,
1890 799 2097 853 deinde

454 891 629 945 etiam
655 893 724 945 ad
759 892 1091 961 pontificem
1117 892 1446 945 Romanum
1478 891 1678 944 missa.
1707 887 1991 943 Credibile
2011 891 2098 941 est

454 996 523 1033 ex
554 979 663 1034 isto
706 984 895 1049 tapete
925 994 1105 1048 super
1134 994 1296 1033 aram
1350 977 1629 1047 explicato
1684 976 1943 1047 speciose
1998 990 2097 1046 pe-

465 1066 739 1136 pendisse
769 1067 827 1119 in
866 1067 1111 1121 frontem
1146 1064 1349 1120 altaris
1376 1065 1657 1128 ﬁmbrias,
1698 1064 1972 1118 tuborum
1998 1067 2097 1117 aut

455 1153 723 1208 nolarum
779 1152 869 1208 vel
930 1153 1103 1208 etiam
1156 1152 1448 1207 malorum
1498 1153 1704 1208 formis
1750 1152 2093 1219 distinctas;

459 1249 613 1303 unde
652 1249 975 1319 Hesychius
1035 1244 1277 1315 ὲνδύταν,
1321 1249 1369 1303 si
1429 1248 1757 1303 forteidem
1821 1265 1953 1303 cum
2008 1244 2095 1299 ἐν·-

458 1331 591 1406 Socii
624 1335 724 1400 sit,
761 1333 1009 1389 αὐλωτόν
1043 1336 1270 1401 dixerit,
1328 1336 1619 1407 quomodo
1674 1333 1954 1394 αύλωτοὺς
2007 1354 2095 1409 φι-

461 1419 595 1491 μούς
629 1421 825 1477 Pollux
867 1427 1153 1477 memorat
1206 1422 1309 1478 lib.
1359 1441 1414 1485 x,
1475 1423 1571 1477 ubi
1612 1424 1680 1477 de
1738 1421 2096 1477 ornamentis

457 1525 764 1578 equorum.
799 1510 1127 1564 Ἐκαλοῦντο
1160 1505 1217 1562 δὲ
1254 1529 1416 1577 τινες,
1460 1510 1651 1579 inquit
1709 1511 1861 1567 558
1920 1507 2097 1563 αὐλω-

454 1596 540 1650 τοὶ
573 1596 733 1673 φιμοὶ
788 1594 877 1650 διὰ
922 1598 983 1650 τὸ
1040 1594 1302 1659 κώδωνας
1357 1591 1501 1669 ἔχειν
1546 1596 1983 1671 ἐπηρτημένους,
2015 1597 2097 1657 οἷς

454 1681 931 1757 ἐγχρεμετίζοντες
998 1682 1162 1737 ’ίπποι
1238 1684 1383 1758 ἦχον
1458 1682 1674 1737 ἐποίουν
1759 1684 2096 1757 προσόμοιον

1525 326 1586 377 Ρ.
1625 322 1901 378 POSSINI
1934 317 2540 380 OBSERVATIONUM
2578 332 2707 383 LIB.
2749 331 2793 381 Ι.

457 453 530 503 At
560 451 690 521 post
748 446 940 517 ipsam
998 462 1099 502 ara
1154 446 1531 518 operiebatur
1585 442 1951 517 tapete°'sive
2008 439 2089 493 ἐν-

2212 449 2573 516 confessoris,
2641 453 2741 522 qui
2822 465 3000 522 agens
3068 449 3138 502 de
3225 432 3600 511 ἀντιμινσίοις,

3678 310 3858 371 ,1020

3720 436 3838 491 Κυ-

2199 535 2331 606 Ρίως
2361 534 2438 603 δὲ,
2497 540 2709 609 inquit,
2740 537 2823 591 ἐπ’
2857 536 3084 597 ἐκείναις
3110 537 3216 587 τῶν
3246 535 3523 605 τραπεζῶν
3575 532 3839 596 τίθενται,

2199 619 2258 683 ἃς
2291 623 2611 697 καθιέρωσις
2640 625 2748 699 οὐχ
2811 624 2937 699 tnta
2956 644 3062 677 σεν.
3113 620 3346 691 Proprie
3380 636 3503 675 vero
3540 635 3704 690 super
3761 629 3859 670 eas

2198 728 2384 767 sacras
2430 731 2645 770 mensas
2687 718 2990 786 ponuntur,
3020 728 3152 783 quas
3194 713 3502 765 consecrato
3540 724 3651 762 non
3703 721 3843 759 san-

2198 804 2477 870 ctiﬁcavit.
2511 804 2632 859 Non
2664 805 2845 875 igitur
2866 802 3130 858 absolute
3161 799 3298 853 dicit
3327 797 3626 853 Meursius
3663 794 3723 847 τὸ
3745 813 3843 846 κα-

2201 889 2438 963 τασάρκα
2496 910 2671 963 supra
2720 889 3052 961 άντιμίνσιον
3106 888 3307 944 sterni.
3368 887 3499 940 Vidi
3543 890 3736 939 autem
3786 885 3854 937 et

2203 984 2470 1034 accurate
2499 980 2773 1051 perpendi
2807 980 3127 1033 indicatum
3163 976 3391 1031 aGoare
3419 978 3622 1029 contra
3645 972 3838 1026 Meur-

2203 1066 2357 1121 sium
2388 1068 2688 1138 Symeonis
2729 1064 3271 1121 Thessalonicensis
3332 1062 3548 1126 locum,
3598 1059 3696 1130 qui
3751 1059 3840 1112 sic

2200 1155 2398 1225 habet,
2446 1174 2555 1211 arae
2602 1158 2673 1211 ad
2721 1155 3070 1213 sacrificium
3131 1154 3429 1209 instructae
3487 1152 3841 1221 apparatum

2203 1259 2536 1299 memorans
2574 1261 2586 1297 :
2620 1243 2938 1316 Κατασάρκα
2968 1238 3026 1294 δὲ
3052 1241 3113 1294 τὸ
3163 1237 3461 1312 λεγόμενον
3522 1234 3695 1301 εὐθὺς,
3750 1233 3842 1288 καὶ

2205 1332 2320 1400 μετ’
2376 1330 2504 1384 αὐτὸ
2555 1330 2962 1407 τραπεζοφόρον
3021 1329 3301 1397 κέκτηται.
3390 1327 3538 1395 Quod
3616 1328 3845 1380 vocatur

2204 1422 2522 1485 catasarca,
2546 1422 2734 1475 statim
2757 1438 2769 1486 ;
2794 1437 2827 1488 p
2845 1423 2924 1474 ost
2984 1418 3125 1472 illud
3156 1415 3612 1487 trapezophorum
3653 1413 3843 1467 habet.

2203 1508 2341 1577 Agit
2370 1509 2441 1562 de
2471 1525 2571 1562 ara
2602 1508 2803 1578 utique
2834 1510 3187 1562 consecrata.
3212 1508 3346 1571 Quae
3372 1505 3418 1559 si
3449 1503 3581 1559 talis
3605 1518 3718 1556 non
3750 1516 3845 1555 es-

2204 1600 2291 1650 set
2321 1600 2423 1650 aut
2455 1612 2582 1651 esse
2614 1613 2727 1650 non
2758 1596 3025 1661 sciretur,
3060 1611 3174 1649 non
3208 1597 3447 1663 negaret
3475 1590 3850 1659 superimpo-

2204 1684 2474 1738 sitionem
2511 1685 2662 1739 578
2695 1684 3083 1738 necessariam
3116 1678 3480 1752 ἀντιμινσίου.
3531 1684 3698 1734 Hunc
3750 1676 3847 1732 lo-

456 1770 630 1843 αὐλῴ.
668 1776 752 1829 Ita
781 1773 897 1843 ille,
935 1774 1005 1828 ad
1043 1790 1251 1829 sonum
1284 1775 1563 1839 referens,
1598 1774 1897 1845 quodbnon
1935 1774 2092 1829 inve-
2126 1777 2174 1841 Β
2205 1789 2338 1827 cum
2379 1772 2681 1843 Symeonis
2738 1770 3224 1826 Thessalonicens
3281 1769 3432 1823 Goar
3491 1766 3573 1821 sic
3630 1766 3850 1819 vertit:

459 1862 783 1916 risimilitcr
812 1863 881 1916 ad
916 1862 1168 1932 speciem
1203 1878 1431 1932 quoque
1456 1862 1754 1933 pertinuit.
1778 1861 1923 1916 Nam
1956 1862 2099 1917 alio-

458 1948 559 2019 qui
595 1946 891 2015 κωδώνων,
922 1954 1219 2022 utcunque
1258 1950 1586 2005 hinnitibus
1626 1951 2098 2020 responsantium

454 2054 637 2093 sonus
669 2055 783 2093 non
812 2038 1065 2093 multum
1090 2039 1161 2093 ad
1183 2038 1335 2092 tibias
1363 2042 1599 2093 cantum
1626 2039 1865 2093 accedit.
1892 2029 2101 2093 Forma

455 2140 591 2180 vero
623 2126 750 2180 tubi
782 2132 883 2181 aut
914 2124 1056 2181 nolaa
1088 2126 1149 2180 in
1179 2126 1602 2197 appendicibus
1664 2124 2098 2196 ephippiorum,

458 2223 542 2278 uti
575 2228 633 2277 et
663 2222 1008 2278 militarium
1039 2223 1436 2294 chlamydum,
1458 2221 1807 2289 elegantiam
1836 2223 1905 2276 ad
1931 2239 2097 2293 aspe-

462 2317 620 2366 ctum
655 2311 848 2367 habet.
885 2313 997 2367 Has
1026 2311 1379 2382 appendices
1435 2309 1739 2365 calliculas
1798 2311 1917 2365 sive
1975 2311 2096 2381 gal-

450 2397 664 2454 liculas
714 2400 1019 2469 vocabant,
1078 2414 1227 2469 quas
1313 2398 1521 2469 glossaa
1607 2403 1830 2454 veteres
1893 2396 2097 2471 τροχά-

458 2477 552 2547 δας
578 2488 771 2543 Graece
795 2488 1280 2558 interpretantur,
1312 2504 1380 2542 ea
1422 2503 1557 2543 voce
1615 2489 1932 2543 rotundum
1991 2488 2098 2542 ali-
2143 2516 2148 2522 α

462 2576 605 2645 quid
638 2579 695 2629 et
724 2574 976 2630 volubile
1006 2576 1381 2645 designantes
1416 2592 1429 2641 ;
1463 2575 1656 2645 qualia
1685 2584 1853 2630 erant
1897 2575 2098 2630 tintin-

458 2663 676 2717 nabula
705 2666 763 2717 et
794 2662 1194 2734 malogranata
1223 2680 1290 2718 ex
1314 2678 1414 2718 ora
1438 2663 1616 2718 vestis
1643 2664 1939 2718 Aaronicaa
1997 2664 2097 2717 de-

458 2751 791 2821 pendentia,
825 2751 884 2816 (P
926 2751 1052 2821 382)
1082 2751 1258 2806 Exod.
1287 2767 1479 2815 χχχιιι,
1508 2748 1597 2807 23.
1630 2752 1828 2807 Passio
1859 2752 1917 2806 S.
1971 2756 2097 2805 Per—

458 2847 639 2908 petuae
671 2826 1010 2894 describens
1030 2840 1304 2894 vestitum
1338 2840 1642 2909 Pomponii
1666 2839 1895 2894 diaconi
1927 2842 1985 2892 in
2008 2839 2097 2893 vi-

461 2927 624 2982 sione
645 2927 981 2998 apparentis
998 2929 1069 2981 τε
1074 2935 1167 2982 rat
1188 2928 1413 2983 vestitus
1429 2929 1761 2983 distinctam
1780 2926 2093 2992 candidam,

2208 1860 2507 1914 Interulam
2541 1876 2665 1915 vero
2710 1864 2927 1926 vestem,
2969 1875 3088 1931 qw
3143 1857 3213 1912 ad
3273 1871 3494 1911 carnem
3537 1854 3763 1916 dicitur,
3796 1855 3857 1906 et

2209 1964 2444 2018 superne
2517 1949 2755 2003 mantile
2803 1947 3012 2017 adepta
3060 1953 3156 2000 est.
3218 1944 3358 1999 Tria
3410 1959 3523 1997 non
3612 1941 3790 2012 probo
3829 1974 3848 2003 ,

2207 2039 2359 2108 quod
2390 2036 2453 2090 τὸ
2480 2057 2615 2090 κατα
2654 2037 2821 2107 σάρκα
2871 2037 3188 2099 interulam,
3230 2035 3385 2106 quod
3441 2028 3851 2105 τραπεζοφόρον

2203 2126 2455 2195 mantile,
2515 2127 2667 2194 quod
2722 2125 2979 2190 κέκτηται
3031 2125 3233 2179 reddat
3287 2123 3483 2193 adepta
3526 2126 3648 2175 est:
3708 2135 3849 2173 nam

2203 2212 2458 2280 κέκτηται
2490 2214 2597 2268 hoc
2629 2213 2753 2268 loco
2780 2217 2866 2268 est
2892 2212 3132 2283 possidet
3166 2218 3264 2266 aut
3294 2210 3474 2264 habet.
3524 2207 3852 2279 Κατασάρκα

2204 2318 2417 2356 nomen
2449 2302 2751 2372 proprium
2791 2300 2898 2356 veli
2948 2300 3097 2355 sacri
3141 2298 3197 2353 in
3231 2315 3345 2369 quo
3403 2296 3619 2358 ἆμὲσως
3676 2292 3847 2350 recli-

2205 2389 2761 2459 naturéeucbaristia
2791 2389 2907 2443 sive
2938 2403 3147 2457 corpus
3176 2390 3233 2441 et
3262 2403 3394 2441 caro
3456 2383 3704 2447 Domini,
3752 2398 3847 2436 ec-

2205 2476 2531 2533 clesiastico
2551 2477 2830 2532 vocabulo
2853 2477 3135 2531 debuerat
3151 2474 3417 2545 exprimi.
3441 2472 3705 2543 Denique
3723 2489 3850 2543 τρα-

2202 2564 2505 2637 πεζοφόρον
2537 2564 2728 2620 velum
2753 2563 2946 2635 potius
3001 2568 3091 2619 est
3148 2580 3263 2634 quo
3331 2576 3585 2629 superne
3642 2563 3841 2613 sancta

2204 2657 2613 2724 conteguntur,
2641 2653 2811 2723 quale
2842 2653 2993 2719 quod
3031 2655 3226 2706 nostro
3255 2667 3415 2705 more
3462 2665 3643 2719 supra
3691 2646 3827 2700 cali-

2202 2757 2326 2795 cem
2357 2744 2459 2796 aut
2488 2756 2715 2795 sacram
2748 2740 3010 2811 pyxidem
3042 2738 3254 2794 Christi
3286 2753 3498 2807 corpus
3552 2740 3653 2789 aut
3700 2749 3836 2787 san-

2203 2822 2438 2899 guinem
2461 2828 2825 2883 continentes
2839 2844 3018 2897 supra
3033 2842 3190 2881 aram
3210 2824 3567 2881 extenditur.
3586 2820 3843 2877 Declarat

2202 2915 2311 2971 hoc
2343 2933 2474 2971 mox
2506 2915 3050 2971 Thessalonicensis
3080 2914 3298 2969 ibidem
3346 2913 3493 2977 "On,
3544 2910 3841 2982 inquiens,

462 3024 675 3079 habens
699 3024 1033 3094 multiplices
1061 3024 1367 3079 colliculos.
1425 3024 1552 3078 Haec
1609 3023 1858 3077 candida
1912 3022 2092 3077 videri

2212 3000 2372 3075 τάφος
2417 3002 2526 3056 ἐστὶ
2584 3003 2673 3056 καὶ
2732 3002 2921 3077 θρόνος
2977 3002 3176 3069 Ἰησοῦο
3255 3001 3599 3067 Signiﬁcat:
3678 3014 3848 3053 sacra

462 3115 650 3181 potest
681 3088 873 3166 fuisse
891 3107 1109 3172 ἐνδύτας
1152 3108 1399 3170 etim;
1436 3111 1726 3181 Hesychii.
1786 3113 1868 3165 Ad
1929 3113 2097 3180 cujus
2127 3113 2170 3180 ο
2209 3091 2563 3146 eucharistia
2592 3107 2770 3161 super
2801 3108 2960 3146 aram
2985 3090 3095 3145 isto
3125 3105 3297 3161 quem
3331 3088 3601 3181 deseribi}
3637 3102 3849 3181 fppaj

464 3200 708 3255 formam
738 3195 954 3266 ἐνδυτή,
996 3199 1419 3267 operimentum
1454 3216 1585 3266 area,
1627 3204 1683 3254 et
1741 3199 1869 3270 ipsa
1916 3195 2101 3252 αὐλω-

459 3284 555 3347 τός
580 3285 747 3340 facile
778 3286 973 3349 fuerit,
1006 3284 1317 3356 multiplici
1348 3287 1668 3357 appendice
1698 3286 2097 3343 callicularum

462 3372 759 3445 eleganter
783 3378 1007 3442 ornata,
1040 3374 1274 3428 insertis
1304 3374 1479 3428 etiam
1504 3375 1761 3445 speciose
1785 3375 2101 3429 unionibus

467 3469 532 3516 ut
556 3463 648 3516 hic
680 3462 890 3517 Noster
920 3466 1223 3517 memorat.
1251 3462 1487 3517 Diversa
1518 3480 1551 3517 a
1599 3463 1871 3535 superius
1929 3464 2101 3519 dictis

467 3547 591 3622 περὶ
649 3545 871 3616 ἐνδυτῆς
928 3547 1019 3602 καὶ
1072 3552 1167 3601 τοῦ
1235 3549 1544 3622 κατασάρκα
1627 3552 1792 3607 docet
1848 3552 2103 3607 Jacobus

466 3641 617 3691 Goar
648 3641 715 3692 ad
752 3637 1172 3708 Euchologium
1227 3656 1285 3709 p.
1340 3640 1466 3706 627,
1522 3639 1835 3694 Meursium
1895 3638 2104 3710 corrigi

459 3725 681 3796 jubens
714 3740 727 3779 :
761 3726 861 3779 sed
897 3742 1013 3781 non
1061 3728 1398 3795 persuadet,
1440 3727 1717 3797 quoniam
1773 3726 2104 3796 quem‘ilau-

468 3814 570 3867 dat
601 3812 849 3867 fundum
883 3830 1001 3868 suaa
1032 3815 1332 3869 sententiae
1400 3819 1738 3885 Symeonem
1795 3814 2107 3869 Thessalo-

476 3901 800 3965 nicensem,
833 3906 1147 3973 postquam
1172 3902 1465 3968 consului,
1500 3902 1652 3955 haud
1689 3903 1971 3956 faventem
1995 3901 2107 3974 ipsi

475 3988 684 4058 reperi.
715 3988 812 4043 Ait
870 3988 925 4042 in
987 4005 1052 4044 eo
1111 4004 1303 4045 errare
1359 3989 1677 4045 Meursium
1736 3991 1889 4061 quod
1946 4008 2108 4042 κατα-

477 4073 647 4146 σάρκα
678 4092 791 4130 non
824 4074 1041 4147 ἀμέσως
1074 4094 1184 4132 ιιι-ω
1237 4078 1427 4143 nudae,
1479 4078 1576 4133 sed
1637 4094 1819 4147 supra
1863 4075 2111 4149 ἆντιμίν-

480 4182 599 4215 σιον
633 4165 816 4219 sterni
846 4166 1084 4219 solitum
1136 4168 1379 4220 asserat.
1435 4166 1602 4235 Atqui
1661 4181 1774 4219 non
1825 4165 1933 4221 hoc
1963 4166 2111 4221 sim-

482 4249 712 4321 pliciter
765 4256 866 4306 aut
927 4252 1334 4308 universaliter
1385 4252 1669 4308 Meursius
1724 4252 1949 4321 asserit,
2010 4254 2111 4309 sed

482 4342 710 4392 tantum
744 4340 980 4409 quando
1026 4356 1138 4394 non
1196 4339 1501 4395 constabat
1556 4341 1627 4394 de
1683 4341 2115 4396 consecratione

483 4425 683 4481 altaris
716 4444 731 4495 ;
763 4428 932 4496 cujus
963 4427 1171 4483 asserti
1200 4432 1408 4483 testem
1465 4427 1731 4499 producit
1786 4429 2111 4484 Manuelem

486 4514 877 4583 patriarcham
909 4514 966 4569 in
992 4515 1113 4570 haec
1144 4516 1320 4571 verba
1351 4532 1364 4570 :
1397 4513 1476 4568 Τὰ
1531 4514 1839 4587 ἀντιμίνσια
1896 4514 1993 4570 οὐκ
2040 4514 2114 4577 εἷς

483 4601 656 4659 πάσας
714 4599 921 4674 ἀνάγκη
989 4602 1194 4656 κεῖσθαι
1264 4603 1360 4665 τὰς
1432 4603 1588 4677 ἄγξας
1636 4602 1901 4678 τραπέζας
1933 4647 1947 4672 ,
1989 4601 2116 4657 ἀλλ’

486 4686 561 4749 εἷς
623 4686 682 4747 ἃς
740 4687 801 4741 οὐ
855 4688 1130 4763 γνώριμόν
1192 4688 1332 4744 ἐστιν
1384 4688 1493 4745 εἴτε
1535 4692 1926 4766 καθιερωμέναι
1981 4689 2113 4745 εἰσὶν

491 4776 599 4832 εἶτε
632 4773 715 4832 οὕ.
748 4780 1093 4836 Antimensia
1121 4796 1233 4836 non
1262 4783 1513 4837 omnibus
1534 4785 1742 4853 imponi
1768 4785 1939 4838 sacris
1963 4799 2119 4837 men-
2155 4781 2158 4784 ’

486 4868 563 4922 sis
591 4882 799 4922 necesse
827 4872 924 4936 est,
953 4870 1045 4924 sed
1075 4872 1135 4924 in
1163 4886 1252 4925 eas
1288 4870 1353 4924 de
1382 4871 1577 4940 quibus
1618 4887 1729 4925 non
1773 4874 1851 4925 est
1908 4875 2119 4938 notum,

487 4966 816 5015 consecrate
868 4957 979 5013 sint
1028 4975 1214 5016 necne.
1282 4960 1459 5015 Addit
1509 4960 1710 5015 statim
1784 4961 2116 5017 rationem:

489 5053 570 5108 Τὰ
615 5053 717 5128 γὰρ
766 5055 1179 5129 καθιερωμένων
1238 5056 1408 5129 ἁγίων
1452 5058 1726 5129 τραπεζῶν
1783 5053 1947 5109 τόπον
1996 5055 2121 5111 ἐπέ-

492 5159 675 5214 χουσι,
725 5143 1069 5199 Antimensia
1114 5145 1262 5199 enim
1338 5153 1773 5200 consecratarum
1838 5160 2124 5201 sacrarum

496 5247 821 5287 mensarum
874 5234 1049 5287 locum
1096 5233 1358 5287 obtinent.
1408 5232 1569 5288 Unde
1632 5232 1972 5289 concludit:
2024 5232 2122 5287 Καὶ

492 5313 617 5380 ἔνθα
673 5315 777 5371 sici
829 5318 1098 5391 γνώριμοι
1157 5317 1552 5392 καθιερωμέναι
1588 5362 1601 5387 ,
1659 5318 1720 5372 οὐ
1778 5320 1937 5394 χρεία
1973 5320 2123 5376 ἀντιο

495 5410 718 5476 μινσῖων
760 5405 889 5462 ἐκεῖ.
930 5411 996 5464 Et
1039 5410 1135 5464 ubi
1172 5419 1508 5480 perspectum
1554 5414 1630 5464 est
1679 5426 1807 5465 aras
1857 5428 1967 5467 esse
2005 5429 2129 5467 cons

491 5500 751 5565 secratas,
781 5512 915 5567 opus
959 5498 1307 5552 antimensiis
1380 5514 1491 5553 non
1547 5501 1624 5553 est
1691 5497 1794 5553 ibi.
1844 5499 2019 5554 Addit
2074 5505 2131 5554 et

495 5584 653 5640 aliud
709 5586 1112 5643 testimonium
1174 5586 1489 5660 Nicephori
1559 5586 1946 5660 Homologete
2011 5587 2132 5644 sive

2210 3185 2339 3235 ratu
2371 3181 2558 3236 oculis
2584 3181 2839 3236 ﬁdelium
2873 3181 3169 3253 proposito
3188 3181 3331 3235 duos
3353 3178 3595 3234 indicari
3626 3177 3845 3233 Christi

2203 3269 2686 3338 status,jucentis
2710 3270 2768 3323 in
2796 3269 3062 3340 sepulcro
3096 3272 3153 3323 et
3182 3265 3624 3323 resurrectionis
3657 3265 3848 3337 gloria

2204 3356 2499 3425 conspicui
2523 3358 2873 3427 tanquamin
2893 3357 3121 3412 throno.
3138 3356 3331 3427 Pergit
3348 3356 3500 3409 idem
3519 3353 3850 3423 declarans,

2204 3442 2307 3498 Καὶ
2354 3443 2416 3497 τὸ
2468 3444 2560 3515 μὲν
2608 3444 2956 3519 (κατατάρκα)
3006 3442 3144 3498 ἐστὶν
3199 3443 3272 3504 ὡς
3319 3439 3509 3496 σινδὼν
3634 3461 3847 3514 περιει-

2207 3532 2385 3598 Λήθην
2415 3531 2625 3605 νεκρός.
2677 3534 2749 3587 Ac
2787 3538 3072 3589 catasarca
3119 3533 3355 3603 quidem,
3405 3533 3517 3587 sive
3562 3532 3850 3599 corporale

2204 3618 2486 3673 sindaaem
2516 3626 2873 3689 reprwsentat
2912 3638 3020 3690 qua
3046 3624 3296 3674 mortuus
3327 3620 3577 3675 Christus
3623 3619 3847 3672 involu-

2206 3715 2296 3761 tu:
2324 3711 2420 3761 est.
2470 3707 2544 3761 Τὸ
2596 3703 2653 3759 δὲ
2709 3707 2782 3767 ὡς
2843 3704 3004 3778 δόξης
3067 3702 3358 3781 περιϐολὴ,
3419 3707 3493 3767 ὡς
3532 3705 3622 3759 καὶ
3672 3706 3700 3758 ’ὁ
3754 3704 3845 3758 ἐπὶ

2206 3793 2386 3864 τούτῳ
2454 3793 2506 3847 ἐν
2575 3798 2653 3864 τῷ
2724 3794 2959 3858 τίθεσθαι
3027 3793 3275 3871 ἐμφαίνει
3347 3793 3584 3866 ψαλμὸς.
3644 3792 3845 3867 Κύριος

2210 3877 2544 3953 ἕϐασίλςυσε,
2594 3881 2795 3955 λέγων,
2863 3883 3184 3957 εὐπρέπειαν
3218 3880 3500 3937 ἐνεδύσατο
3549 3883 3690 3938 Illud
3718 3900 3845 3938 vero

2213 3971 2344 4043 (hoc
2375 3975 2463 4025 est
2513 3971 2940 4046 τραπεζοφόρον)
2994 3975 3053 4027 ut
3092 3973 3281 4043 glorim
3324 3973 3561 4026 amictus
3610 3970 3845 4039 (partim

2211 4058 2306 4113 hic
2337 4059 2501 4113 addit
2524 4060 2595 4114 de
2624 4076 2730 4114 suo
2761 4061 3047 4129 interpres
3078 4060 3273 4115 nescio
3304 4060 3525 4130 quare),
3564 4057 3649 4113 uti
3675 4062 3727 4113 et
3754 4059 3855 4128 qui

2213 4147 2343 4201 dum
2361 4150 2754 4218 superponitur
2781 4149 3021 4217 (sanctis
3071 4148 3284 4218 velum)
3316 4147 3445 4202 cani
3490 4146 3639 4201 solet
3693 4146 3849 4200 Psal-

2212 4252 2333 4289 mus
2355 4234 2707 4304 demonstrat,
2729 4235 2947 4290 dicens:
2987 4238 3251 4291 Dominus
3292 4236 3568 4304 regnavit,
3606 4234 3851 4289 decorem

2215 4321 2413 4377 induit.
2449 4327 2739 4377 Hactenus
2769 4323 3304 4378 Thessalonicensis
3336 4340 3349 4389 ;
3384 4339 3453 4377 ex
3482 4322 3699 4392 quibus
3724 4323 3844 4392 ejus

2217 4410 2411 4465 verbis
2458 4414 2697 4481 apparet
2746 4411 2889 4465 nihil
2944 4412 3194 4465 Meursio
3269 4409 3837 4465 Thessalonicensem

2222 4497 2538 4564 adversari,
2567 4499 2665 4552 sed
2698 4500 2891 4569 potius
2919 4498 3179 4553 refellere
3219 4498 3415 4570 ipsum
3477 4499 3846 4569 interpretem

2222 4585 2576 4656 Euchologii,
2609 4586 2667 4640 in
2701 4603 2766 4641 eo
2794 4588 2947 4657 quod
2979 4588 3049 4642 ad
3082 4587 3345 4641 ordinem
3379 4586 3617 4642 lotionis
3675 4602 3849 4641 sacrae

2224 4690 2460 4736 mensae,
2495 4690 2549 4744 p.
2606 4676 2710 4728 627
2738 4670 3145 4750 τραπεζοφόρον
3177 4674 3417 4729 mantile
3456 4675 3637 4730 fuisse
3694 4674 3854 4738 dicit,

2224 4760 2369 4815 illud
2436 4766 2711 4832 praeterea
2773 4763 3132 4818 confundens
3207 4778 3339 4816 cum
3415 4758 3627 4833 ὲνδυτῇ,
3700 4761 3856 4832 quod

2226 4848 2311 4903 illi
2345 4849 2683 4920 neutiquam
2714 4851 3124 4915 concesserim,
3148 4850 3259 4906 nisi
3291 4853 3499 4905 testem
3532 4849 3749 4905 laudet.

2298 4956 2361 5031 [P
2390 4956 2515 5027 383)
2547 4954 2758 5029 Ἐνορία
2789 4973 2842 5027 p.
2876 4958 2998 5012 452.
3030 4959 3184 5021 Quas
3206 4973 3311 5012 nos
3339 4956 3507 5012 hodie
3528 4956 3697 5028 vulgo
3714 4955 3859 5011 dite-

2230 5060 2389 5100 ceses
2443 5060 2739 5112 vocamus,
2798 5042 3004 5117 ἐνορίας
3060 5044 3239 5100 δι’ωοὶ
3296 5045 3519 5109 dicunt,
3594 5044 3862 5114 regiones

2230 5130 2487 5202 episcopi
2518 5134 2805 5201 cujusque
2846 5132 3051 5187 ditioni
3113 5150 3178 5188 ac
3234 5132 3505 5204 potestati
3556 5132 3858 5186 ordinarias

2232 5218 2462 5290 proprie
2491 5220 2787 5291 subjectae
2824 5237 2837 5288 ;
2870 5237 3005 5276 nam
3031 5221 3297 5276 dimcesis
3314 5220 3657 5277 vocabulum
3689 5219 3866 5275 latius

2233 5305 2372 5362 olim
2406 5307 2658 5378 patebat.

2306 5410 2746 5486 Ἐξαυτωρειανοί
2804 5432 2863 5485 p.
2921 5416 2990 5469 66
3060 5414 3201 5486 Πρὸς
3260 5413 3355 5485 μὶν
3410 5415 3517 5466 τῶν
3607 5412 3875 5485 Εβαυτῶ-

2238 5503 2462 5574 ρειανῶν
2520 5496 2888 5574 πατριάρχην.
2946 5503 3057 5557 Hoc
3108 5507 3197 5557 est
3252 5501 3556 5556 Arsenium
3627 5501 3878 5571 patriar-

2238 5587 2426 5644 cham.
2464 5588 2557 5645 Sic
2585 5590 2701 5645 duo
2733 5589 2926 5656 codd.,
2974 5586 3251 5643 Vaticano
3307 5589 3632 5656 omittente,
3667 5594 3731 5641 ut
3778 5602 3877 5641 so-
