4122 6272
302 346 443 405 1021

308 559 419 614 cha
434 560 671 631 quidem
686 560 1214 615 Exauterianorum
1232 560 1550 616 distinctus
1572 578 1605 616 a
1627 560 1961 631 patriarcha

310 647 659 719 simpliciter
710 652 765 701 et
808 646 924 699 κατ’
952 646 1154 720 ἐξοχὴν
1206 650 1287 703 sic
1338 649 1510 704 dicto.
1560 648 1961 703 Exauctoriani

310 735 414 806 qui
468 735 821 800 dicerentur,
873 734 1167 806 suspicari
1201 734 1337 790 licet
1373 752 1440 791 ex
1489 736 1581 791 his
1609 752 1734 807 quae
1783 736 1961 791 tradit

311 824 611 879 Meursius
649 824 825 879 verbo
878 822 1223 895 ἒξαυτωρεία,
1275 823 1372 878 ubi
1424 826 1592 878 docet
1656 842 1719 879 ex
1782 825 1961 880 Suida

311 909 664 985 ἐξαυτωρείαν
743 911 856 966 dici
926 909 1229 984 ἐλευθερίαν
1306 909 1411 964 ἀπὸ
1488 910 1762 985 στρατείας
1834 914 1959 967 mis-

311 1002 528 1054 sionem
574 1017 609 1054 a
638 999 869 1054 militia.
924 1000 1085 1062 Quod
1121 1004 1177 1054 et
1224 999 1419 1054 innuit
1466 1001 1570 1055 Leo
1614 1001 1671 1054 in
1714 1000 1957 1055 Tacticis

317 1087 509 1142 Const.
540 1088 633 1151 20,
682 1087 965 1141 militares
998 1086 1263 1141 dividens
1294 1087 1352 1141 in
1385 1089 1499 1142 duo
1540 1103 1771 1158 genera.
1805 1088 1957 1140 Ὅσοι

317 1178 415 1227 τοῦ
445 1176 674 1246 στρατοῦ
728 1174 851 1241 εἱσι,
898 1176 978 1229 ait
1022 1173 1110 1227 καὶ
1154 1171 1272 1227 ὅσοι
1315 1180 1415 1242 τῆς
1466 1171 1768 1247 λεγομένης
1810 1172 1957 1244 ἐξαυ-

319 1260 569 1335 τωρείας.
623 1262 765 1317 Hine
824 1261 1085 1317 videlicet
1133 1260 1538 1334 ἐξαυτωρειανοί
1606 1264 1959 1318 vocabantur

321 1352 422 1422 qui
454 1350 679 1406 emeriti
712 1354 812 1405 aut
842 1349 973 1404 aliis
1020 1350 1245 1405 idoneis
1276 1350 1471 1405 causis
1502 1349 1761 1422 legitime
1792 1350 1957 1405 missi

318 1456 352 1494 a
383 1439 596 1494 militia
627 1437 882 1493 militum
917 1438 1232 1508 privilegiis
1263 1437 1614 1508 gaudebant.
1651 1442 1803 1495 Inter
1834 1456 1959 1510 qua:

317 1527 608 1598 suspicari
656 1527 791 1582 licet
841 1531 899 1581 et
946 1526 1055 1581 hoc
1108 1526 1309 1593 fuisse,
1366 1531 1431 1580 ut
1484 1526 1670 1581 ubivis
1701 1531 1960 1597 agerent,

318 1633 434 1671 non
469 1633 502 1670 a
526 1615 637 1670 loci
670 1615 964 1686 episcopo,
998 1615 1099 1669 sed
1132 1632 1164 1668 a
1199 1614 1529 1684 patriarcha
1559 1614 1616 1668 in
1650 1616 1803 1671 560
1839 1614 1958 1685 spi-

322 1702 633 1758 ritualibus
681 1704 1018 1774 penderent.
1071 1702 1260 1764 Quare
1309 1708 1519 1771 praesto
1554 1703 1847 1757 habebant
1877 1703 1963 1755 vi-

1759 352 2215 411 GLOSSARIUM

302 470 387 526 let
416 468 476 525 in
517 469 805 527 obscuris.
854 470 1159 526 Manifeste
1190 471 1285 526 hic
1317 474 1672 527 memoratur
1701 471 1943 542 patriar-
1972 474 2027 540 Α

3554 346 3694 404 1022

2126 475 2377 549 Ἐπιχειν
2411 494 2467 549 p.
2516 479 2642 533 256.
2679 479 2922 533 Videtur
2968 477 3076 530 hoc
3108 474 3233 529 loco
3280 469 3496 544 ἐπέχειν
3548 484 3691 524 neve

2068 567 2324 634 positum
2375 583 2477 637 pro
2507 582 2751 622 coercere
2780 570 2830 620 et
2857 566 3127 632 castigare
3176 562 3353 617 verbis
3384 560 3565 630 aspire
3593 556 3703 612 ali-

2065 668 2243 723 quem.
2330 654 2473 709 Vide
2526 672 2693 710 voces
2763 649 3116 725 ἀναδέχεσθαι
3176 656 3233 706 et
3310 643 3699 717 πνευματικός.

2066 759 2199 797 nam
2230 758 2297 797 ex
2321 742 2398 797 ibi
2422 744 2593 798 dictis
2618 745 2835 815 patebit
2860 743 3000 798 ratio
3021 736 3517 810 interpretationis
3542 751 3700 789 meae.

2134 836 2197 901 [P
2254 831 2380 903 384]
2442 834 2750 887 Ἐπευκτεῖν
2814 850 2869 904 p.
2921 831 3044 885 288.
3100 829 3249 899 Lego
3302 827 3396 881 hic
3440 824 3699 889 ἐπευκτη-

2066 917 2293 989 σάμενος
2371 938 2402 974 a
2469 923 2643 976 verbo
2722 920 2993 973 ἐπευκτεῖν
3074 917 3217 972 satis
3284 915 3568 969 inusitato
3637 909 3703 966 ill

2064 1008 2324 1077 quidem,
2359 1025 2473 1063 non
2504 1013 2701 1063 tamen
2735 1008 3085 1063 abhorrente
3116 1022 3148 1058 a
3179 1002 3323 1075 style
3355 1002 3534 1072 hujus
3566 998 3704 1055 scri-

2063 1095 2245 1164 ptoris
2277 1095 2611 1165 antiquarii,
2657 1096 2705 1151 si
2739 1096 2871 1166 quis
2916 1093 3087 1161 alius,
3128 1096 3185 1147 et
3226 1090 3483 1146 fastidire
3511 1086 3697 1154 obvia,

2064 1182 2271 1237 sectari
2306 1182 2429 1237 avia
2462 1183 2814 1254 palmarium
2858 1180 3140 1253 putantis.
3193 1180 3358 1234 Forte
3392 1178 3448 1233 in
3480 1176 3701 1246 legerat

2063 1270 2215 1340 apud
2252 1270 2399 1325 LXX
2436 1270 2643 1325 Jerem.
2676 1288 2771 1335 xx,
2805 1268 3035 1335 ἐπευκτή
3084 1266 3284 1340 ἡμέρα,
3335 1266 3445 1321 hoc
3494 1267 3602 1328 est,
3636 1264 3702 1316 ut

2064 1358 2382 1429 Hesychius
2425 1359 2860 1430 interpretatur,
2924 1354 3260 1427 ἐπιθυμητή,
3334 1357 3399 1408 ut
3463 1350 3698 1417 Suidas,

2060 1442 2229 1519 εὒχῆς
2256 1445 2391 1514 ἀξία.
2425 1447 2577 1503 Satis
2606 1448 2715 1502 hoc
2747 1447 2828 1501 illi
2864 1445 3229 1500 fundamenti
3260 1442 3435 1497 fuerit
3466 1440 3536 1495 ad
3562 1455 3696 1492 ver-

2066 1533 2200 1587 bum
2233 1530 2503 1587 ἐπευκτεῖν
2551 1535 2978 1598 fabricandum,
3012 1538 3076 1588 ut
3107 1531 3219 1586 alia
3249 1528 3470 1601 passim
3515 1526 3701 1581 multa

2063 1621 2198 1675 Nam
2233 1624 2373 1694 quid
2402 1622 2515 1692 :hic
2543 1622 2725 1687 aliud,
2760 1623 2914 1691 quod
2945 1623 3016 1675 ad
3066 1637 3184 1675 rem
3221 1617 3412 1683 faciat,
3464 1612 3699 1670 commi-

2069 1709 2410 1764 niscamur?
2455 1710 2640 1764 Codex
2687 1710 2833 1765 561
2887 1708 3239 1762 Barberinus
3292 1704 3468 1758 habet
3511 1699 3700 1754 ἐπαικ-

319 1792 545 1846 carium
578 1789 939 1861 patriarchae,
983 1791 1054 1843 ad
1088 1806 1259 1859 quem
1293 1790 1390 1844 illo
1422 1790 1665 1844 absente
1696 1806 1955 1845 recurre-

2075 1795 2397 1868 εησάμενος,
2448 1798 2774 1854 Allatianus
2826 1794 3297 1867 ἐπικτησάμενος,
3343 1791 3698 1854 Vaticanus,

317 1883 469 1934 rent.
520 1879 665 1943 Quia
692 1894 825 1933 vero
875 1878 973 1933 ubi
1005 1882 1130 1932 erat
1173 1878 1511 1948 imperator,
1560 1883 1624 1932 ut
1672 1883 1811 1933 tunc
1847 1883 1958 1933 Ma-

318 1966 555 2038 gnesiae,
591 1982 842 2037 magnus
874 1970 999 2020 erat
1028 1967 1537 2021 exautorianerum
1568 1984 1871 2031 numerus,
1903 1971 1961 2021 et

320 2071 452 2110 cum
480 2054 598 2109 illis
631 2053 1071 2125 propatriarcha
1101 2054 1371 2124 preprius
1401 2053 1684 2123 ipsorum,
1707 2056 1776 2109 ad
1801 2054 1959 2110 hunc

321 2143 657 2213 congregati
693 2158 958 2213 proceres
986 2140 1228 2195 mittunt
1257 2146 1322 2195 ut
1350 2141 1764 2211 patriarcham,
1791 2144 1960 2212 cujus

322 2236 446 2288 erat
475 2230 748 2293 vicarius,
781 2234 1099 2285 accerseret
1127 2230 1337 2298 Nicaea,
1370 2231 1520 2299 quod
1553 2230 1679 2299 ejus
1702 2246 1875 2301 opera
1905 2235 1960 2285 et

324 2321 668 2375 auctoritate
702 2319 1001 2388 praesentis
1033 2335 1124 2373 res
1156 2319 1225 2371 de
1245 2334 1361 2388 qua
1382 2320 1740 2373 tractabatur
1770 2323 1961 2388 egeret

326 2414 459 2463 Haec
489 2408 849 2479 opinababar
878 2408 934 2460 in
968 2406 1092 2461 loco
1127 2407 1418 2476 perplexo,
1450 2407 1634 2460 donec
1667 2406 1801 2476 quid
1836 2423 1958 2461 cer-

326 2498 444 2551 tius
475 2496 745 2562 occurrit,
796 2512 911 2550 non
942 2495 1209 2549 nesciens
1258 2500 1455 2548 tamen
1490 2505 1611 2564 post
1663 2498 1894 2565 captam
1927 2513 1960 2549 ιι

328 2582 547 2638 Latinis
577 2582 1141 2651 Constantinopolim
1188 2586 1244 2636 et
1276 2586 1519 2636 mortem
1569 2582 1812 2636 Joannis
1856 2582 1958 2636 Ca-

332 2671 558 2737 materi,
592 2670 700 2726 sub
732 2687 846 2741 quo
879 2669 1207 2741 patriarcha
1228 2669 1407 2724 Graeci
1440 2686 1508 2724 ex
1536 2686 1603 2725 ea
1632 2670 1772 2724 urbe
1804 2670 1959 2741 pulsi

330 2776 432 2830 per
471 2759 707 2813 Latinos
738 2762 896 2822 sunt,
948 2757 1196 2813 electum
1232 2758 1303 2812 ab
1352 2757 1559 2812 iisdem
1612 2757 1825 2812 Graecis
1855 2757 1959 2811 im-

331 2847 474 2917 perii
507 2847 702 2901 sedem
747 2846 946 2901 Nicaeae
979 2846 1333 2901 habentibus
1376 2845 1761 2915 patriarcham
1793 2844 1959 2899 titulo

333 2933 717 2989 nihilominus
741 2933 1477 3004 Constantinopolitanum,
1511 2934 1609 3003 qui
1642 2934 1822 2987 sacris
1846 2950 1960 3004 prae

328 3022 560 3092 sideret,
583 3022 920 3077 Michaelem
944 3023 1384 3085 Auctorianum,
1405 3036 1577 3090 quem
1608 3020 1703 3074 alii
1728 3020 1961 3075 Sauria-

326 3126 467 3165 num
513 3118 715 3165 vocant
765 3129 779 3179 ;
831 3111 973 3180 quin
1032 3110 1206 3165 etiam
1254 3109 1561 3164 Arsenium
1612 3108 1719 3163 hoc
1768 3109 1956 3178 capite

332 3202 745 3267 memoratum,
779 3198 879 3269 qui
926 3215 958 3251 a
986 3196 1269 3252 Michaelo
1317 3198 1636 3251 Autoriano
1666 3196 1952 3267 septimus

329 3288 593 3342 eamdem
616 3286 1061 3358 patriarchalem
1084 3287 1285 3340 Nicaeae
1311 3286 1508 3340 sedem
1533 3287 1721 3338 tenuit
1743 3284 1964 3354 reperio

329 3375 724 3431 Autorianum
775 3390 1006 3445 quoque
1054 3374 1278 3428 dictum
1307 3414 1320 3428 .
1368 3374 1476 3427 Sed
1528 3374 1666 3443 quid
1712 3373 1833 3427 hzee
1894 3371 1962 3426 ad

332 3462 679 3536 πατόιάρχην
730 3461 1216 3536 Ἐξαυτωρειανῶν,
1263 3462 1333 3515 de
1382 3477 1494 3530 quo
1541 3460 1637 3514 hic
1684 3459 1898 3514 mentio
1939 3458 1966 3513 ?

338 3553 712 3623 quaerendum
756 3551 937 3622 igitur
982 3550 1257 3620 amplius,
1306 3548 1419 3602 nisi
1452 3549 1584 3620 quis
1622 3550 1968 3617 conjecturae

336 3658 370 3696 a
402 3657 493 3695 me
526 3640 685 3709 prius
720 3639 1032 3710 propositae
1062 3638 1554 3708 acquiescendum
1588 3641 1754 3708 puter
1783 3637 1881 3706 (α).

403 3726 756 3783 Ἐπαλαστὲω
843 3745 899 3798 p.
980 3727 1109 3781 298.
1197 3725 1325 3780 Οἴον
1395 3722 1581 3777 ἑαυτὸν
1660 3720 1969 3792 ἐπαλαστή-

331 3836 449 3877 σας.
502 3815 717 3887 Repelii
752 3820 806 3869 et
838 3814 876 3869 l.
928 3831 979 3880 v,
1015 3830 1064 3870 ο,
1097 3814 1152 3868 6.
1202 3813 1327 3867 Non
1362 3812 1527 3883 posui
1583 3812 1688 3866 hoc
1726 3813 1966 3867 verbum

330 3906 391 3960 in
427 3905 534 3960 hoc
567 3903 824 3973 catalogo
858 3907 921 3956 ut
958 3902 1229 3957 lectorem
1265 3902 1526 3955 decerem
1560 3900 1697 3970 quid
1730 3899 1965 3966 valeret,

330 3993 582 4065 (confido
626 3991 781 4046 enim
821 3992 880 4045 id
913 3991 1109 4060 ipsum
1143 4006 1211 4044 ex
1256 3988 1487 4043 Homeri
1533 3987 1777 4042 lectione
1818 3988 1966 4042 didi-

330 4082 511 4145 cisse,
542 4080 697 4149 apud
747 4096 917 4149 quem
950 4073 1168 4146 Ὀδυσσ,
1202 4096 1256 4142 α,
1285 4093 1338 4130 ν.
1384 4076 1495 4128 252
1523 4074 1744 4146 legerit.
1775 4074 1880 4128 Τὸν
1922 4069 1968 4127 δ’

328 4167 753 4237 ἐπαλαστήσασα
782 4163 1068 4239 προσηύδα
1112 4163 1334 4225 Παλλὰς
1380 4165 1607 4233 Ἀθήνη.
1652 4164 1757 4218 Ubi
1792 4164 1957 4235 Didy-

330 4276 471 4316 mus
501 4257 754 4329 exponit,
806 4254 892 4308 ἐπὶ
944 4259 1059 4316 τοῖς
1100 4251 1399 4327 λεχθεῖσιν,
1451 4251 1524 4314 ὡς
1574 4251 1829 4313 ἀλαστοῖς
1878 4250 1966 4304 καὶ

330 4346 537 4407 δεινοῖς
583 4343 697 4399 οὖσι
744 4388 757 4411 ,
811 4340 1293 4415 δεινοπαθήσασα),
1343 4344 1442 4397 sed
1494 4346 1558 4397 ut
1621 4342 1966 4397 admoneam

331 4439 408 4492 de
447 4435 616 4507 genio
650 4433 1041 4505 Pachymeris,
1076 4449 1247 4503 quem
1280 4431 1531 4486 delectat
1553 4431 1728 4486 verba
1757 4432 1841 4485 vel
1876 4446 1967 4484 se-

2066 1890 2129 1940 ut
2162 1888 2217 1940 in
2250 1887 2543 1942 similibus
2575 1886 2744 1956 solet,
2797 1903 2898 1958 pro
2929 1902 2995 1940 eo
3044 1883 3193 1955 quod
3230 1899 3343 1938 non
3392 1877 3696 1942 intellexit,

2064 1974 2177 2027 alia
2224 1974 2422 2029 omnia
2476 1991 2581 2029 nec
2632 1974 2931 2029 sententiae
2980 1976 3370 2027 consentanea
3418 1965 3699 2036 subjecit.

2061 2062 2433 2117 Manifestum
2489 2072 2680 2117 autem
2730 2068 2819 2116 est
2866 2066 3135 2115 neutram
3198 2058 3437 2113 illarum
3491 2068 3701 2109 vocum

2063 2151 2177 2204 huc
2208 2152 2516 2220 quadrare,
2540 2150 2656 2205 Nec
2678 2148 2836 2204 aliud
2860 2149 3115 2204 occurrit
3136 2147 3292 2218 quod
3345 2146 3414 2199 ad
3446 2146 3700 2197 mentem

2063 2237 2318 2293 auctoris
2356 2238 2738 2293 tolerabiliter
2785 2254 2843 2292 se
2864 2236 3286 2304 accommodet,
3324 2247 3499 2302 quam
3552 2227 3705 2281 ἐπευ-

2060 2344 2159 2393 κτη
2172 2326 2417 2396 σάμενος.

2134 2409 2429 2477 Ἐπίδοσις,
2490 2431 2547 2484 p.
2605 2414 2733 2467 286.
2802 2411 2951 2467 Κατὰ
3001 2409 3163 2483 λόγον
3232 2403 3547 2466 ἐπιδόσεως.
3616 2403 3705 2458 Si-

2063 2504 2303 2573 gniﬁcat
2345 2520 2457 2557 non
2491 2503 2852 2557 ordinarium
2886 2506 2942 2556 et
2974 2500 3276 2572 proprium
3311 2497 3496 2551 fuisse
3548 2496 3702 2549 hunc

2062 2590 2466 2645 Procennesize
2488 2590 2749 2646 eeclesize
2777 2594 3093 2661 pastorem,
3123 2588 3221 2643 sed
3253 2587 3360 2641 hoc
3394 2586 3452 2639 in
3484 2601 3550 2638 ea
3572 2600 3706 2654 pro-

2062 2684 2325 2749 tempore
2372 2678 2628 2733 ofﬁcium
2661 2678 2988 2734 exercuisse
3019 2694 3083 2731 ex
3142 2673 3555 2731 commissione
3604 2675 3706 2726 aut

2065 2767 2449 2838 delegatione,
2494 2771 2556 2819 ut
2611 2766 2952 2836 loquuntur,
3013 2764 3273 2835 precario
3332 2767 3391 2817 et
3465 2777 3702 2815 conces-

2065 2856 2247 2921 sione,
2296 2872 2423 2926 quae
2472 2854 2565 2908 hic
2616 2850 2860 2914 ἐπίδοσις
2910 2858 3186 2918 vocatur;
3244 2850 3330 2905 uti
3366 2853 3420 2904 et
3466 2866 3522 2919 p.
3573 2848 3701 2912 360,

2066 2944 2165 2997 ubi
2202 2945 2271 2998 de
2303 2944 2553 3014 quodam
2589 2943 2792 2998 Latino
2815 2944 3082 3012 episcopo
3115 2940 3408 3010 quondam
3444 2940 3704 2991 Crotona

2066 3030 2365 3098 scribitur,
2414 3029 2668 3083 voluisse
2713 3028 3123 3099 imperatorem
3154 3023 3243 3077 καὶ
3288 3020 3574 3089 ἐκκλησίαν
3626 3016 3705 3072 δι-

2068 3114 2216 3170 δόναι
2276 3117 2326 3169 οἱ
2381 3121 2461 3187 τῷ
2518 3116 2675 3190 λόγῳ
2736 3123 2836 3185 τῆς
2896 3111 3186 3174 ἐπιδόσεως
3244 3113 3316 3171 ὡς
3375 3106 3705 3183 σχολάζοντι

2072 3212 2169 3274 τῆς
2213 3203 2496 3278 λαχούσης
2534 3208 2920 3261 commendare
2966 3205 3073 3275 ipsi
3117 3200 3408 3258 ecclesiam
3454 3199 3704 3255 admini-

2071 3294 2356 3349 strandam
2406 3311 2474 3349 ex
2520 3294 2889 3363 delegatione,
2940 3309 3050 3348 non
3096 3291 3389 3346 ordinaria
3429 3289 3705 3359 potestate,

2070 3384 2269 3436 cumis
2310 3383 2552 3439 erclesiw
2580 3398 2745 3453 quam
2792 3381 3008 3435 dudum
3056 3382 3239 3451 fuerat
3283 3377 3529 3442 sortitus,
3561 3390 3699 3429 cura

2064 3473 2189 3539 jam
2214 3473 2447 3523 vacaret.

2146 3555 2486 3626 Ἐπικὸμπια
2543 3575 2598 3626 p.
2660 3559 2794 3614 294.
2851 3559 2937 3612 Ita
2988 3557 3123 3611 eod.
3184 3555 3356 3610 Allat.
3394 3596 3409 3617 ,
3470 3568 3539 3606 ex
3594 3567 3708 3622 quo

2076 3644 2270 3717 putavi
2303 3643 2711 3714 corrigendum
2759 3645 3019 3709 Barber.,
3070 3644 3168 3714 qui
3227 3636 3516 3713 ἐπιγκὸπια
3548 3639 3710 3693 exhi-

2075 3733 2190 3787 bet.
2237 3730 2428 3796 Vatic,
2461 3730 2612 3785 clare
2656 3730 2950 3785 Allatiano
2980 3729 3292 3785 consentit.
3326 3729 3469 3781 Sunt
3509 3731 3705 3780 autem

2075 3814 2377 3887 ἐπικόμπια
2425 3832 2493 3870 ea
2540 3832 2662 3885 quas
2716 3816 2788 3870 ab
2836 3815 2968 3870 aliis
3041 3808 3374 3886 ἐπικόμϐρια
3429 3814 3712 3866 vocantur

2076 3922 2109 3958 a
2141 3903 2390 3959 Meursio
2437 3902 2690 3957 laudatis
2722 3918 2787 3957 eo
2817 3904 3013 3969 verbo,
3042 3919 3249 3973 nempe
3284 3898 3579 3956 sudariola
3609 3901 3711 3951 aut

2075 3991 2229 4046 linea
2278 3994 2598 4061 segmenta,
2648 4007 2775 4060 qua;
2825 3990 3023 4059 ligatis
3072 3990 3231 4043 intus
3275 3992 3431 4043 certe
3462 4000 3707 4040 numero

2076 4078 2402 4133 nummulis
2444 4078 2699 4133 materia:
2733 4079 2971 4132 diversae
3002 4078 3061 4131 in
3109 4077 3333 4144 plebem
3385 4075 3706 4130 confertam

2067 4167 2439 4238 jaciebantur
2487 4166 2960 4220 solemnitatibus
2999 4164 3193 4220 certis.
3224 4164 3313 4218 Je.
3364 4166 3709 4217 Cantacuze-

2077 4272 2210 4321 nus,
2270 4253 2309 4309 l.
2364 4271 2403 4321 1,
2453 4271 2501 4309 c.
2551 4254 2640 4319 41,
2675 4272 2732 4325 ρ.
2786 4254 2886 4308 125
2933 4255 3024 4308 ed.
3070 4257 3207 4323 Reg.
3257 4252 3338 4322 Τῇ
3365 4248 3546 4320 ἡμέρᾳ
3587 4248 3710 4308 καθ’

2074 4342 2136 4409 ἣν
2194 4341 2222 4394 ὁ
2274 4338 2529 4414 βασιλεὺς
2564 4339 2805 4413 χρισθεὶς
2849 4337 3005 4410 ἔξεισι
3036 4343 3137 4394 τοῦ
3186 4341 3339 4405 ναοῦ,
3389 4336 3534 4409 παρά
3563 4353 3709 4394 τινος

2074 4432 2182 4482 τῶν
2237 4430 2637 4501 συγκλητικῶν,
2687 4427 2744 4481 ’ὃν
2800 4424 2858 4480 ἂν
2919 4424 3170 4502 βασιλεὺς
3226 4422 3425 4491 ἐθέλοι,
3488 4420 3561 4481 εἷς
3616 4420 3709 4474 τὸν

330 4503 1080 4594 ωσι-ροθῑειτυωήουὶρίαω
1124 4524 1386 4575 veterum
1436 4523 1715 4589 usurpata
1745 4520 1802 4572 in
1834 4534 1962 4573 ora-

2075 4514 2250 4588 δῆμον
2333 4515 2609 4591 ῥίπτονται
2670 4516 2701 4569 ἃ
2754 4512 3001 4590 λέγουσιν
3060 4507 3436 4587 ἐπικόμϐρια¹
3493 4506 3711 4562 δύναται

327 4613 497 4669 tione
527 4628 632 4666 sua
688 4625 902 4681 ponere
943 4628 956 4677 ;
1010 4624 1139 4678 quae
1186 4624 1302 4662 una
1350 4624 1418 4661 ex
1466 4607 1662 4661 causis
1706 4610 1797 4661 est
1837 4606 1965 4675 ejus

331 4698 735 4757 obscuritatis.
785 4697 892 4752 Sed
944 4696 1135 4751 ethoc
1182 4699 1390 4765 praeter
1442 4693 1668 4749 Homeri
1718 4692 1967 4748 auctori-

337 4791 517 4845 tatem
550 4791 740 4852 novat,
775 4789 839 4840 ut
866 4785 1110 4840 verbum
1153 4784 1307 4855 apud
1342 4781 1507 4837 illum
1539 4785 1811 4837 neutrum
1844 4781 1969 4852 ipse

333 4876 589 4933 activum
674 4876 871 4943 faciat,
953 4874 1078 4929 Non
1164 4873 1319 4927 enim
1404 4870 1598 4939 ἒαυτὴν
1661 4867 1966 4939 ἐπαλαστή-

333 4980 472 5015 σασα
512 4966 797 5017 Homerus
827 4962 1025 5031 posuit
1072 4964 1140 5015 ut
1168 4960 1396 5016 Noster.
1447 4958 1516 5013 Et
1563 4958 1611 5012 si
1644 4958 1745 5028 qui
1789 4958 1845 5011 id
1879 4972 1966 5011 re-

332 5051 468 5116 fert,
527 5048 774 5120 simplex
831 5064 1063 5120 quoque
1120 5048 1298 5118 hujus
1331 5088 1345 5113 ,
1403 5044 1753 5113 ἀλαστήσας,
1813 5044 1967 5099 idem

333 5138 606 5209 princeps
658 5142 962 5208 poetarum
1015 5135 1279 5190 absolute
1310 5135 1437 5190 sine
1468 5134 1747 5205 regimine
1797 5149 1971 5188 casus

334 5224 534 5296 posuit
564 5224 732 5280 Iliad.
770 5244 827 5294 μ,
862 5242 913 5277 v.
964 5225 1085 5291 165,
1118 5224 1215 5278 ubi
1266 5222 1415 5283 ἅσιος
1456 5217 1791 5295 Ὑρτακίδης.
1836 5264 1848 5277 .
1894 5263 1907 5276 .
1955 5263 1970 5278 .

333 5310 645 5380 ἀλαστήσας
699 5306 825 5372 ἔπος
860 5307 1019 5379 ηὔδα,
1055 5329 1171 5367 non
1210 5316 1404 5366 autem
1437 5309 1619 5363 ἑαυτὸν
1664 5307 1972 5377 ἀλαστήσας

335 5405 403 5455 ut
432 5400 524 5455 hie
557 5399 799 5456 Michael
832 5400 1192 5471 Palaaolegus
1225 5416 1259 5455 a
1289 5395 1972 5470 Pachymereinducitur.

2074 4603 2132 4659 δὲ
2185 4608 2346 4658 τοῦτο
2402 4601 2743 4676 ἀποδέσμους
2796 4605 2942 4665 τινὰς
2997 4603 3048 4658 ἐν
3094 4602 3320 4666 ὀθονίων
3342 4601 3593 4672 τμήμασι
3626 4594 3713 4650 δε-

2076 4692 2383 4767 δεμένους,
2460 4689 2609 4747 ἔνδον
2681 4689 2911 4766 ἔχοντας
2987 4691 3302 4763 νομίσματα
3369 4690 3546 4763 χρυσᾶ
3601 4688 3710 4738 τῶν

2079 4781 2372 4857 βασιλικῶν
2437 4779 2562 4855 τρία
2629 4779 2718 4835 καὶ
2794 4778 2843 4851 ἐξ
2919 4779 3153 4856 ἀργύρου
3224 4781 3458 4832 τοσαῦτα
3528 4775 3563 4844 ἢ
3621 4770 3713 4828 καὶ

2078 4869 2277 4939 πλείω,
2308 4867 2398 4922 καὶ
2433 4863 2668 4931 ὀϐολοὺς
2709 4868 2813 4922 ἀπὸ
2845 4866 3058 4942 χαλκοῦ
3105 4866 3416 4927 τοσούτους.
3450 4864 3568 4919 Hoc
3626 4864 3714 4917 est

2082 4974 2150 5014 ex
2199 4958 2462 5013 versione
2524 4958 2765 5013 Pontani
2823 4958 3053 5013 nostri:
3106 4958 3201 5012 Die
3259 4970 3362 5026 quo
3416 4954 3713 5023 imperator

2082 5050 2274 5101 unctus
2296 5046 2590 5117 "atemplo
2647 5045 2784 5111 exit,
2842 5045 2909 5100 ab
2960 5044 3149 5116 aliquo
3179 5046 3294 5116 ejus
3339 5042 3706 5113 optimatium,

2082 5150 2210 5205 qum
2256 5132 2325 5188 ad
2378 5134 2476 5187 hoc
2521 5132 2761 5203 elegerit,
2822 5135 2881 5187 in
2927 5134 3189 5204 populum
3253 5133 3533 5198 iaciuntur
3592 5141 3708 5198 quae

2081 5224 2273 5276 vocant
2317 5220 2641 5290 epicombia.
2689 5220 2837 5274 Sunt
2882 5231 3067 5275 autem
3110 5217 3374 5291 fasciculi
3418 5214 3709 5283 segmentis

2085 5310 2267 5363 linteis
2290 5308 2515 5380 illigata
2560 5308 2813 5363 habentes
2842 5308 3181 5363 numismala
3211 5322 3381 5361 aurea
3408 5309 3707 5375 imperata-

2083 5398 2176 5452 ria
2203 5398 2334 5459 tria.
2365 5396 2587 5452 totidem
2616 5406 2870 5467 argentea
2901 5406 2995 5452 aut
3039 5398 3224 5466 plura.
3253 5402 3304 5450 et
3332 5394 3512 5449 obolos
3539 5404 3708 5447 aereos

401 5560 470 5620 (α)
502 5557 601 5624 ilic
620 5559 771 5624 locus
800 5556 934 5624 citra
963 5571 1175 5624 causam
1209 5558 1637 5624 nimisnturbavit
1665 5556 1937 5624 hominem

2075 5557 2380 5624 tumulata
2404 5554 2449 5604 si
2480 5555 2842 5624 ἐξαυτωρειανοί
2868 5554 3421 5624 dividas,3cr_ibasque
3450 5553 3499 5613 ἐξ
3522 5552 3707 5624 sese:

341 5612 539 5683 ρεόιᾰινί,
567 5619 661 5685 qui
690 5634 755 5668 ea:
784 5617 1186 5670 Autorianorum
1213 5618 1421 5680 familia
1452 5621 1616 5676 erant,
1648 5619 1821 5668 omnis
1856 5624 2137 5668 evanescot
2160 5612 2450 5666 difﬁcultas
2472 5612 2769 5668 constamus
2799 5619 2853 5667 in
2881 5621 2970 5666 not
2998 5615 3070 5666 ad
3098 5612 3470 5666 Ieslameriium
3496 5612 3712 5665 Arsenii
