4122 6272
455 320 596 376 1023

1528 329 1590 379 Ρ.
1631 325 1902 380 POBSINI
1936 319 2545 376 OBSERVATIONUM
2583 324 2714 375 LIB.
2757 323 2801 373 Ι.

3697 320 3837 377 1024

456 445 696 501 totidem.
748 449 879 501 Haec
926 446 1043 502 ille.
1091 450 1171 501 Ex
1238 448 1454 519 quibus
1506 448 1692 503 obiter
1741 446 1947 518 collige
1998 462 2085 499 cm

2205 464 2287 517 γει
2337 441 2395 497 δὲ
2435 443 2524 497 καὶ
2572 442 2677 498 διπὸ
2728 442 3017 505 ἐλάττονος
3062 445 3230 514 τιμῆς
3260 439 3335 505 εἷς
3382 440 3623 515 μείζονα,
3657 442 3836 513 87,11-

458 534 586 587 auri
632 550 744 588 non
779 535 881 589 ﬁat
912 536 969 590 in
1016 542 1214 591 nostro
1266 536 1718 607 Pacbymeriano
1769 536 1895 589 loco
1928 550 2089 587 men-

438 621 565 687 tio,
599 623 696 676 sed
731 629 1141 693 argenteorum
1175 626 1456 679 duntaxat
1486 640 1883 694 azreorumque
1916 639 2093 677 num-

461 710 779 764 mulorum.
823 712 995 765 Aurei
1025 713 1245 767 scilicet
1294 712 1519 767 nummi
1549 712 1956 783 largitionibus
1985 710 2091 763 im-

456 802 791 868 peratorum
826 816 999 855 causa
1030 805 1086 855 et
1130 801 1365 855 nomine
1401 801 1565 855 factis
1596 800 2044 855 reservabantur
2074 814 2085 850 :

456 883 577 938 haec
612 890 806 940 autem
842 888 1229 956 patriarchica
1259 893 1399 959 erat,
1434 906 1548 945 non
1576 887 1948 959 imperatoris
1978 884 2093 957 epi-

458 972 822 1027 combiorum
856 975 1104 1045 sparsio.

536 1077 909 1153 Ἐπιλυγάζειν
970 1100 1040 1153 p.
1100 1084 1205 1138 353
1241 1124 1253 1138 .
1311 1084 1393 1138 Τὰ
1444 1081 1848 1157 ὡμολογημένα
1903 1078 2091 1135 ἐπιλυ-

455 1167 671 1239 γάζετο.
732 1171 850 1224 Duo
910 1170 1116 1225 ultima
1172 1173 1346 1227 verba
1399 1173 1559 1228 Vatic
1610 1174 1680 1227 de
1712 1187 1871 1225 more
1918 1188 2091 1242 παρα-

456 1252 671 1328 φρόἷζων
748 1257 841 1310 his
912 1258 1039 1311 aliis
1096 1265 1482 1315 commutat:
1549 1260 1616 1313 τὰ
1690 1258 2094 1334 συμπεφωμένα

456 1341 867 1411 ἐπεσκεπάζετο.
951 1345 1255 1417 Signiﬁcat
1335 1353 1537 1404 auctor
1612 1349 1767 1403 hunc
1834 1349 2093 1419 legatum

457 1432 631 1485 cralis
664 1434 876 1487 Serbiaa
910 1435 1314 1491 dissimulasse
1346 1437 1401 1490 in
1440 1438 1740 1491 tractando
1772 1437 1935 1507 prius
1966 1452 2096 1490 con-

460 1525 630 1574 venta
672 1526 727 1575 et
777 1521 1058 1592 stipulata
1102 1525 1255 1579 inter
1302 1525 1710 1595 imperatorem
1757 1530 1812 1580 et
1856 1524 2091 1589 eralem,

457 1614 649 1663 astuto
682 1610 781 1663 illa
830 1610 1063 1665 silentio
1097 1611 1359 1680 legendo,
1394 1630 1462 1668 ne
1508 1613 1799 1667 mentione
1833 1614 1981 1667 facta
2022 1612 2092 1665 il-

455 1696 647 1750 lorum
697 1714 764 1751 ea
808 1703 933 1751 rata
987 1698 1200 1753 habere
1248 1699 1561 1754 videretur.
1611 1698 1759 1772 Λύγη
1805 1700 2093 1770 interpre-

2197 531 2263 601 δὴ
2297 533 2403 586 ἀπὸ
2434 533 2741 587 ἐπισκοπῶν
2795 532 2872 595 εἷς
2923 532 3288 605 μητρόπολιν,
3332 533 3365 596 ἢ
3399 531 3591 605 ἀνδρὸς
3640 533 3833 608 ἀρετήν

2195 620 2231 688 ἢ
2283 621 2444 676 πόλιν
2496 625 2703 692 τιμῶν,
2761 624 2884 676 [1ωο
2942 622 3021 676 ibi
3082 622 3329 692 aliaque,
3397 622 3454 675 in
3511 623 3728 691 quibus
3785 624 3833 677 si

2198 710 2287 765 cui
2325 712 2469 765 forte
2500 711 2549 765 is
2582 715 2785 765 auctor
2814 711 3080 764 videatur
3125 715 3475 781 potestatem
3516 710 3625 765 hoc
3657 712 3831 765 verbo

2196 798 2509 854 indicatam
2559 799 2865 854 extendere
2899 797 3075 853 latius
3122 815 3296 867 quam
3334 804 3395 852 ut
3424 799 3608 869 possit
3639 798 3824 853 conti-

2198 887 2321 942 neri
2357 888 2508 942 intra
2558 888 2842 942 terminos
2873 886 3053 941 sacris
3104 886 3428 942 canonibus
3461 891 3516 941 et
3545 886 3828 958 exemplis

2198 975 2651 1031 orthodoxorum
2688 974 3037 1047 principium
3068 974 3291 1028 dudum
3318 975 3483 1041 ﬁxos,
3516 980 3722 1045 praesto
3746 978 3833 1029 est

2199 1064 2409 1120 idonea
2459 1066 2518 1119 in
2566 1064 2923 1122 contrarium
2967 1065 3269 1133 exceptio:
3318 1078 3528 1132 nempe
3580 1064 3831 1119 hominis

2198 1155 2573 1221 schismatici,
2627 1155 2853 1225 qualem
2888 1170 2948 1209 se
2990 1153 3321 1208 Demetrius
3353 1154 3445 1208 hic
3489 1155 3690 1208 eodem
3720 1154 3830 1208 isto

2199 1243 2415 1314 scripto
2442 1244 2633 1315 palam
2666 1236 2942 1307 declarat,
2968 1243 3370 1297 auctoritatem
3399 1244 3542 1297 nihil
3576 1243 3830 1314 legitime

2200 1333 2573 1403 prmscribere
2602 1334 2802 1387 contra
2834 1330 3154 1385 doctrinam
3183 1330 3549 1385 catholicam.

2270 1430 2580 1502 Ἐπίσχεσις
2632 1447 2687 1501 p.
2750 1431 2872 1483 2'25.
2924 1429 3058 1499 Agit
3107 1430 3177 1482 de
3229 1430 3527 1483 sacerdote
3587 1429 3684 1499 qui
3742 1432 3828 1481 at-

2200 1522 2523 1574 tentaverat
2565 1518 2905 1574 benedicere
2946 1518 3166 1588 nuptiis
3200 1517 3324 1571 sine
3356 1518 3629 1572 facultate
3668 1518 3832 1572 char-

2201 1607 2542 1678 topbylacis,
2593 1608 2686 1662 cui
2719 1608 2846 1661 ideo
2896 1607 2953 1661 in
3002 1623 3231 1676 pmnam
3284 1607 3593 1677 suspensio
3627 1624 3660 1661 a
3699 1607 3832 1660 fun-

2203 1697 2393 1751 ctione
2456 1696 2766 1751 sacerdotii
2814 1696 3071 1765 irrogata
3122 1696 3218 1750 sit.
3272 1696 3374 1749 Est
3435 1710 3570 1767 ergo
3614 1692 3837 1765 ἐπίσχε-

453 1784 615 1839 tibus
667 1785 901 1840 Homeri
932 1791 1021 1839 est
1064 1783 1118 1839 ἐν
1154 1783 1254 1857 ἴσῳ
1304 1790 1382 1856 τῷ
1430 1784 1634 1861 ἡλύγη,
1670 1786 1699 1840 ὅ
1746 1786 1853 1840 ἐστι
1898 1784 2085 1855 σκέπη,

2202 1802 2282 1843 σις
2311 1784 2701 1839 ecclesiastica
2749 1783 3004 1849 notione,
3037 1784 3189 1853 quod
3222 1784 3377 1853 juris
3407 1783 3669 1837 canonici
3696 1800 3838 1837 con-

453 1871 596 1928 σκιά.
630 1872 791 1927 Unde
823 1878 909 1928 est
957 1876 1109 1930 562
1143 1871 1367 1947 λυγαῖον
1407 1877 1469 1947 [Ρ
1498 1877 1622 1947 385]
1665 1879 1780 1948 φῶς
1830 1877 2087 1948 maligna

454 1961 572 2016 lux.
611 1961 751 2015 llinc
800 1958 1145 2035 ἐπιλυγάζειν
1197 1963 1409 2017 valebit
1454 1964 1793 2032 obsecurare,
1853 1964 2092 2036 caligine

458 2050 755 2121 o/fundere,
792 2051 997 2106 artiﬁci
1030 2052 1258 2108 silentio
1289 2053 1558 2108 ivolvere.

550 2155 1079 2230 Ἐπιστημονάρχης
1171 2176 1251 2229 ρ.
1332 2161 1484 2213 261.
1568 2160 2089 2233 Ἐπιστημονσρχης

454 2259 565 2297 vox
618 2248 707 2299 est
779 2246 1101 2315 composita
1159 2262 1227 2301 ex
1301 2244 1616 2317 ἐπιστήμων
1674 2253 1732 2302 et
1791 2247 1961 2320 ἀρχὴ.
2016 2249 2086 2302 ad

455 2331 907 2401 signiﬁcandum
970 2333 1290 2405 principem
1324 2336 1682 2406 cognitorem
1720 2377 1734 2404 ,
1786 2336 1895 2390 hoc
1953 2339 2042 2389 est
2071 2377 2085 2401 ,

457 2434 591 2474 eum
648 2420 740 2475 cui
798 2420 856 2475 in
916 2422 1122 2492 primis
1180 2424 1567 2494 cognoscendi
1628 2425 1699 2478 de
1756 2440 1816 2478 re
1893 2422 2091 2493 aliqua

443 2507 553 2576 jus
606 2508 920 2579 competit.
971 2511 1186 2580 Aptum
1247 2511 1594 2566 vocabulum
1661 2512 1729 2565 ad
1790 2510 2086 2581 explican-

453 2595 588 2649 dam
622 2597 951 2666 principum
986 2602 1086 2651 aut
1116 2598 1563 2669 magistratuum
1599 2599 1965 2654 seacularium
1994 2598 2086 2653 in-

453 2684 870 2739 terventionem
902 2684 961 2739 in
989 2686 1226 2755 synodis
1259 2690 1359 2740 aut
1389 2688 1629 2742 caetibus
1652 2686 2084 2742 ecclesiasticis.

450 2770 575 2825 Non
607 2772 763 2826 enim
798 2772 870 2827 iis
899 2774 1215 2844 praesident
1238 2779 1303 2829 ut
1324 2776 1557 2845 judices
1580 2792 1711 2830 cum
1731 2776 1864 2846 jure
1888 2776 2087 2830 suifra-

450 2858 531 2928 gii
564 2858 818 2925 decisivi,
852 2861 953 2915 sed
1003 2861 1301 2918 intersunt
1331 2868 1393 2918 ut
1424 2868 1627 2931 testes,
1654 2864 1774 2919 solo
1806 2863 2083 2934 cognitio-

451 2945 543 3000 nis
593 2948 1018 3017 approbatricis
1077 2951 1317 3006 arbitrio
1370 2951 1617 3006 decretis
1677 2950 2082 3005 auctoritatem

449 3034 834 3101 conferentes,
884 3039 938 3090 et
972 3037 1044 3091 ad
1092 3038 1525 3093 exsecutionem
1566 3039 1744 3091 robur
1776 3038 2082 3092 seculares

2194 1871 2332 1926 sulti
2391 1874 2805 1944 suspensionem
2857 1872 3009 1929 568
3057 1879 3284 1937 vocant,
3338 1872 3590 1943 speciem
3641 1870 3825 1927 eccle-

2195 1961 2443 2017 siasticas
2502 1978 2770 2027 censurae
2847 1960 3451 2016 excommunicatione
3526 1961 3835 2014 minorem-

2192 2050 2352 2112 Quod
2386 2052 2556 2104 etiam
2594 2050 2855 2103 indicant
2882 2049 3058 2103 verba
3086 2065 3219 2103 mox
3250 2048 3595 2118 sequentia:
3628 2049 3834 2102 Τοῦτο-

2192 2137 2297 2210 γάρ
2330 2137 2429 2190 οὐκ
2458 2132 2605 2205 ἔδοξε
2628 2139 2873 2189 τοιοῦιον
2907 2137 2942 2204 ἢ
2968 2156 3019 2189 τι
3068 2132 3209 2189 ἄλλο
3244 2134 3460 2209 μέτριον
3494 2138 3573 2205 τῷ
3616 2133 3836 2207 βασιλεῖ

2193 2224 2475 2299 ἀγγελθὲν,
2525 2222 2649 2279 ἀλλ’
2702 2224 3006 2300 ἀφορισμὸς
3052 2224 3319 2298 ἄντικρυς.
3374 2224 3601 2288 Quibus
3651 2224 3829 2294 signi-

2193 2314 2403 2369 ﬁcatur
2434 2315 2845 2385 imperatorem
2876 2330 2935 2368 re
2966 2314 3078 2367 sibi
3110 2315 3380 2367 nuntiata
3409 2313 3491 2367 ita
3520 2312 3828 2381 exarsisse,

2194 2405 2364 2477 quasi
2416 2422 2533 2459 non
2583 2404 2890 2475 suspensio
2940 2403 3106 2472 illud,
3159 2405 3261 2459 sed
3305 2403 3828 2458 excommunicatio

2194 2495 2382 2562 major
2431 2493 2684 2558 fuisset,
2745 2492 3155 2547 contundendo
3214 2492 3438 2563 species
3495 2492 3827 2563 gradusque

2193 2598 2573 2637 censurarum
2624 2581 3053 2636 canonicarum.
3097 2580 3414 2635 Vaticanus
3458 2579 3630 2634 solita
3653 2579 3825 2634 liber-

2190 2674 2309 2725 tate
2351 2671 2509 2724 hunc
2557 2669 2745 2724 locum
2794 2667 3151 2743 παραφράζει,
3203 2685 3305 2738 pro
3358 2667 3475 2722 illis
3506 2667 3702 2722 verbis
3754 2667 3821 2724 ὡς

2189 2754 2509 2829 πρόστιμον.
2556 2800 2570 2813 .
2623 2797 2635 2811 .
2681 2796 2695 2809 .
2737 2754 3013 2829 ἐπίσχεσις
3067 2754 3157 2822 ἧν,
3204 2757 3287 2810 sic
3336 2756 3645 2810 scribens:
3703 2753 3815 2808 Ἐσ-

2190 2843 2435 2916 χόλαστο
2477 2850 2579 2911 τῆς
2622 2840 2919 2914 ἱερωσύνης
2972 2841 3115 2915 παρὰ
3155 2845 3253 2895 τοῦ
3284 2842 3631 2916 πατριάρχου
3691 2841 3825 2915 πρὸς

2188 2932 2399 3001 καιρόν.
2431 2938 2511 2988 De
2539 2949 2645 2987 suo
2677 2932 2839 2986 addit
2872 2931 3219 2986 mentionem
3254 2931 3587 3001 patriacbae.
3842 3000 3845 3003 Α

2260 3029 2323 3098 [ll
2375 3028 2501 3098 386]
2547 3024 2919 3099 Ἑταιρίαρχοι
2970 3044 3024 3097 ρ.
3068 3028 3193 3082 321.
3245 3025 3387 3087 Τοὺς
3420 3024 3507 3080 ἐπὶ
3536 3032 3636 3094 τῆς
3684 3025 3825 3079 εἷσα-

446 3122 756 3190 potestatis
804 3124 1209 3195 adjungentes.
1246 3125 1350 3179 Ubi
1398 3125 1719 3180 notandum
1758 3124 2068 3195 primatum

2198 3122 2371 3190 γωγῆς
2405 3114 2497 3178 οὓς
2543 3114 2926 3190 ἓταιριάρχους
2975 3113 3254 3189 λέγουσιν.
3308 3118 3473 3183 Hinc,
3519 3123 3726 3189 praeter
3757 3134 3825 3173 ea

444 3206 625 3262 istum
652 3209 1042 3279 {cognitionis,
1066 3210 1165 3281 qui
1188 3216 1511 3281 competere
1546 3212 1931 3283 principibus,
1964 3229 2078 3267 non

448 3292 862 3351 ecclesiasticis
892 3297 988 3352 hic
1018 3298 1249 3366 dicitur,
1283 3315 1411 3354 esse
1442 3305 1707 3370 respectu
1741 3308 2078 3355 caelerorum

450 3383 541 3436 sui
591 3382 837 3448 ordinis,
887 3384 995 3438 hoc
1042 3389 1133 3439 est
1176 3385 1477 3453 laicorum,
1510 3388 1662 3441 inter
1688 3405 1833 3459 quos
1875 3389 2081 3460 primis

448 3470 593 3539 ipsis
624 3471 889 3525 convenit
948 3471 1089 3527 talia
1139 3491 1330 3529 nosse.
1393 3474 1681 3531 Alludunt
1736 3478 1914 3548 igitur
1966 3478 2081 3531 hac

452 3558 637 3613 nostri
671 3559 923 3615 auctoris
954 3563 1128 3616 verba
1152 3564 1223 3617 ad
1242 3567 1490 3619 veterem
1525 3567 1866 3621 memoriam
1899 3566 2081 3621 histo-

453 3645 549 3698 rias
580 3645 1008 3713 ecclesiasticae,
1060 3666 1186 3719 quae
1219 3650 1651 3707 Constantinos.
1702 3653 2080 3722 Theodosios,

452 3733 778 3788 Marcianos
828 3741 930 3790 aut
960 3738 1031 3792 ab
1061 3738 1153 3794 his
1186 3739 1399 3795 missos
1442 3741 1700 3812 legitime
1740 3743 2083 3812 praesedisse

450 3822 715 3877 conciliis
763 3824 935 3879 ﬁdem
971 3826 1125 3893 facit,
1160 3827 1270 3883 isto
1302 3830 1583 3884 nimirum
1617 3846 1789 3899 quem
1841 3831 2081 3900 exposui

453 3910 643 3963 modo.
681 3914 863 3973 Quare
893 3929 997 3967 vox
1044 3912 1310 3987 βασιλέως
1342 3916 1435 3971 hic
1479 3917 1793 3973 universim
1821 3922 1877 3973 et
1916 3918 2082 3973 inde-

453 3998 617 4053 ﬁnite
647 4004 955 4070 sumenda,
986 4010 1276 4074 quatenus
1308 4024 1421 4062 non
1454 4007 1605 4062 hanc
1636 4009 2083 4063 determinatam

453 4102 781 4158 personam,
803 4091 901 4144 sed
927 4108 1337 4164 quemcunque
1358 4096 1428 4149 ad
1458 4095 1755 4165 imperiale
1786 4096 2084 4167 fastigium

452 4182 711 4231 evectum
744 4178 984 4235 indicat.
1022 4182 1394 4253 Participium
1421 4190 1613 4239 autem
1637 4186 1686 4240 ei
1717 4187 2081 4255 adjunctum,

449 4260 858 4337 δικαιουμένου,
894 4270 1161 4339 designat
1181 4273 1285 4341 jus
1314 4272 1447 4327 talis
1478 4275 1830 4345 cognitionis
1857 4280 1913 4329 ct
1940 4292 2085 4345 prae-

453 4353 638 4408 sentis
672 4355 901 4409 arbitrii
936 4356 991 4410 in
1035 4359 1451 4415 ecclesiasticis
1492 4361 1754 4426 cmtibus,
1789 4379 1900 4415 usu
1931 4362 2083 4416 anti-

2186 3222 2317 3277 quas
2364 3206 2435 3259 de
2482 3205 2589 3259 hac
2635 3220 2771 3260 voce
2821 3208 2985 3259 notat
3043 3205 3376 3274 Meursius,
3437 3205 3823 3277 intelligimus

2184 3295 2613 3350 introductores
2690 3294 2809 3350 sive
2886 3294 3333 3350 admissionales
3402 3295 3823 3366 imperatorum

2187 3382 2578 3438 hateriarchos
2602 3381 2813 3450 dictos,
2845 3383 2997 3452 quod
3033 3399 3241 3453 nempe
3273 3382 3491 3437 tribuni
3525 3383 3822 3453 praetoria-

2189 3487 2421 3536 norum,
2477 3470 2693 3540 quibus
2745 3470 2977 3541 proprie
3027 3470 3082 3523 id
3119 3486 3325 3525 nomen
3376 3471 3667 3535 convenit,
3700 3470 3821 3542 ple-

2187 3574 2439 3628 rumque
2486 3558 2600 3613 isto
2631 3558 2964 3613 admittenti
3013 3559 3085 3612 ad
3117 3558 3435 3629 principem
3470 3558 3661 3613 ofﬁcio
3693 3559 3820 3613 fun-

2188 3650 2481 3717 gerentur.

2256 3739 2615 3815 Ὲτεροθαλής
2688 3759 2745 3811 p.
2822 3744 2945 3798 292.
3014 3742 3126 3808 Τήν
3209 3742 3504 3815 ὲτεροθαλῆ
3580 3740 3819 3815 ἀδελφὴν

2187 3830 2384 3897 αὐτῶν,
2437 3848 2645 3903 nempe
2694 3832 2936 3887 Joannis
2997 3837 3053 3887 et
3119 3833 3459 3887 Theodosia:
3509 3833 3819 3888 liberorum

2187 3920 2427 3975 Martha:
2460 3920 2677 3975 sororis
2718 3920 3106 3990 imperatoris.
3140 3920 3277 3986 Cap.
3312 3921 3580 3991 sequenti
3611 3922 3681 3975 de
3726 3937 3820 3974 ea-

2187 4006 2319 4059 dem
2352 4005 2818 4074 Nostongonissa
2864 4005 3109 4076 loquens
3141 4006 3351 4061 Noster
3380 4007 3556 4061 habet
3587 4006 3814 4071 iterum,

2186 4094 2275 4147 καὶ
2332 4100 2431 4160 τῆς
2491 4093 2663 4147 αὐτῶν
2718 4095 3072 4166 ἕτεροοαλοῦς
3135 4100 3233 4162 τῆς
3311 4094 3769 4169 Νοστογγονίσσης
3804 4138 3815 4151 .

2189 4182 2333 4247 Quid
2387 4184 2462 4237 sit
2491 4183 2597 4238 hoc
2648 4183 2770 4238 loco
2803 4180 3151 4253 ἑτεροϐαλής,
3199 4184 3352 4239 clare
3401 4184 3570 4239 docet
3619 4186 3818 4238 Eusta-

2188 4270 2350 4324 thius
2384 4271 2453 4324 ad
2507 4270 2674 4325 Iliad.
2707 4288 2767 4342 χ,
2802 4288 2857 4340 p.
2894 4272 3035 4325 1283
3083 4272 3174 4325 ed.
3208 4275 3367 4325 Rom.
3402 4268 3597 4331 Παῖδες
3624 4270 3821 4344 πατρὸς

2192 4355 2681 4439 μήιὸμομήτριοι
2762 4355 3098 4427 ἑτεροθαλεῖς
3172 4355 3444 4430 λέγονται.
3523 4360 3662 4415 Filii
3725 4376 3819 4429 pa-

454 4454 569 4508 quo
617 4445 673 4494 et
702 4449 938 4512 patrum
975 4444 1238 4500 Ecclesiae
1290 4453 1549 4501 veterum
1583 4464 1894 4515 consensu,
1930 4448 2084 4518 prin-
2115 4469 2159 4531 Ι)
2191 4447 2293 4499 tri:
2326 4446 2588 4516 ejusdem,
2620 4446 2711 4501 sed
2739 4448 2931 4501 matris
2960 4446 3213 4503 diversae.
3247 4447 3356 4501 Res
3390 4465 3560 4517 porro
3590 4448 3649 4502 in
3682 4465 3820 4519 pras-

452 4526 682 4596 cipibus
711 4535 1069 4599 competens.
1108 4532 1351 4603 Reperio
1385 4551 1557 4590 usum
1586 4534 1696 4590 hoc
1724 4536 2002 4591 vocabulo
2022 4536 2083 4589 in

452 4614 655 4668 eadem
688 4616 921 4672 notione
952 4618 1311 4675 Demetrium
1344 4622 1769 4678 Cbomatenum
1796 4623 2080 4694 archiepi-

452 4716 695 4771 scopum
730 4703 1014 4775 Bulgarim
1045 4708 1101 4761 in
1136 4710 1620 4778 responsionibus
1650 4713 1720 4767 ad
1754 4712 2084 4767 Constanti-

451 4806 592 4843 num
626 4792 945 4848 Cabasilam
997 4795 1498 4868 archiepiscopum
1534 4801 2083 4872 Dyrrhacbiensem,

452 4876 652 4933 relatis
683 4895 717 4932 a
767 4881 1111 4937 Leunclavio
1144 4883 1179 4936 l.
1216 4902 1248 4938 v
1285 4886 1445 4942 Juris
1486 4888 1678 4943 Graaco
1725 4889 1990 4957 Romani,
2025 4906 2081 4959 p.

445 4964 551 5017 3l6
584 4970 639 5019 et
672 4982 765 5036 sq.
797 4968 889 5022 ed.
930 4969 1431 5028 Francofurtensis
1469 4992 1563 5028 an.
1608 4977 1782 5041 1640;
1816 4976 1896 5030 ibi
1927 4976 2082 5030 enim

452 5051 574 5106 haec
622 5052 899 5123 leguntur
950 5074 963 5112 :
1014 5057 1074 5113 Ὁ
1138 5057 1389 5132 βασιλεὺς
1443 5060 1541 5133 γὰρ
1601 5062 1689 5113 οἷα
1744 5062 1923 5122 κοινὸς
1976 5066 2082 5114 τῶν

452 5135 761 5207 ἐκκλησιῶν
817 5141 1305 5219 ἐπιστημονάρχης
1356 5145 1443 5199 καὶ
1494 5146 1566 5200 ὣν
1610 5148 1700 5201 καὶ
1752 5147 2083 5220 ὀνομαζόμε-

451 5247 542 5288 νος
600 5228 688 5283 ναὶ
743 5231 1046 5295 συνοδικαῖς
1122 5235 1369 5308 γνώμαις
1415 5235 1687 5291 ἐπιστατεῖ
1736 5238 1824 5293 καὶ
1877 5238 1940 5293 τὸ
1991 5242 2086 5292 x75-

454 5336 546 5391 ρος
632 5321 849 5384 ταύταις
932 5324 1213 5399 χαρίζεσαι
1249 5343 1262 5356 ⁸
1362 5323 1814 5396 ἐκκλησιαστικὰς
1914 5328 2090 5399 τάξεις

458 5404 728 5480 ῥυθμίζει,
787 5412 873 5465 καὶ
932 5412 1212 5484 νομοτεθιῖ
1271 5410 1376 5486 βίῳ
1426 5414 1516 5467 καὶ
1565 5416 1812 5487 πολιτείᾳ
1839 5422 1936 5472 τοῦ
1982 5418 2087 5492 βή-

460 5513 648 5580 ματος,
698 5499 785 5552 ναὶ
839 5501 944 5573 μὴν
976 5501 1065 5555 καὶ
1118 5497 1292 5564 δίκαις
1318 5500 1625 5558 ἐπισκόπων
1674 5506 1761 5560 καὶ
1808 5506 2087 5580 κληρικῶν

450 5579 543 5634 καὶ
592 5586 726 5659 πρός
782 5608 841 5665 γι
896 5592 1249 5664 χηρευουσῶν
1303 5592 1509 5667 ψήφοις
1563 5591 1887 5665 ἐκκλησιῶν.
1926 5579 2093 5649 νἘνά-

2194 4532 2341 4587 senti
2376 4534 2459 4587 sic
2504 4550 2565 4587 se
2594 4533 2822 4598 habuit,
2857 4538 2919 4588 ut
2968 4534 3183 4589 diserte
3214 4535 3392 4589 tradit
3440 4536 3823 4607 Pacbymeres

2191 4620 2300 4674 sub
2333 4620 2507 4674 ﬁnem
2541 4636 2589 4675 c.
2627 4622 2711 4673 19.
2746 4620 3159 4686 Tarchaniota,
3190 4621 3278 4675 vir
3306 4623 3542 4677 Marthae
3576 4629 3633 4678 et
3662 4639 3729 4677 ex
3759 4639 3823 4677 ea

2192 4713 2357 4777 pater
2401 4707 2643 4762 Joannis
2675 4714 2731 4763 et
2761 4709 3121 4777 Theodosias,
3155 4726 3222 4764 ex
3271 4710 3465 4780 priore
3500 4728 3677 4766 uxore
3725 4726 3821 4781 ge-

2190 4799 2395 4849 nuerat
2444 4801 2609 4851 antea
2639 4796 3151 4867 Nostongonisam,
3205 4798 3295 4851 cui
3329 4798 3559 4854 videtur
3589 4800 3661 4854 ad
3706 4799 3821 4853 dis-

2190 4882 2528 4938 tinctionem
2581 4889 2909 4939 maternum
2950 4884 3181 4939 familiae
3223 4901 3435 4940 nomen
3485 4886 3819 4941 adhaesisse.

2190 4976 2324 5026 Hinc
2354 4987 2419 5026 eo
2451 4972 2778 5028 notavimus
2809 4973 2948 5044 quia
2978 4972 3035 5025 in
3067 4972 3406 5044 vulgaribus
3436 4974 3641 5030 lexicis
3668 4974 3821 5027 haud

2194 5060 2336 5114 satis
2364 5058 2627 5114 disertim
2650 5060 2994 5131 exprimitur
3018 5058 3137 5114 haec
3168 5060 3340 5116 istius
3362 5063 3519 5119 notio
3538 5059 3821 5117 vocabuli.

2266 5153 2503 5230 Εὑλογία
2544 5176 2601 5228 p.
2634 5159 2756 5214 407.
2809 5157 2928 5212 Etsi
2959 5157 3137 5212 videri
3190 5163 3382 5229 potest
3411 5178 3580 5230 agere
3628 5163 3825 5215 auctor

2198 5244 2267 5299 de
2316 5244 2714 5301 benedictione
2758 5261 2791 5300 a
2840 5243 3169 5314 patriarcha
3218 5251 3348 5315 post
3396 5247 3821 5319 perceptionem

2195 5332 2461 5399 antidori,
2510 5334 2620 5388 hoc
2677 5336 2787 5398 est,
2821 5336 2886 5387 ut
2932 5348 3039 5387 suo
3095 5332 3219 5388 loco
3271 5334 3821 5398 demonstravimus,

2197 5420 2356 5491 pani:
2387 5420 2668 5488 benedicti,
2723 5419 3082 5490 accipienda,
3114 5427 3307 5476 tamen
3339 5423 3718 5477 verisimilius
3742 5426 3828 5476 est

2199 5504 2449 5581 εὐλογίας
2492 5508 2769 5563 vocabulo
2821 5522 3030 5577 panem
3079 5506 3275 5577 ipsum
3322 5510 3695 5565 benedictum
3738 5508 3827 5564 hic

2201 5594 2542 5666 signiﬁcari,
2587 5600 2653 5651 ut
2678 5590 2732 5649 ἓν
2782 5590 2872 5648 διὰ
2909 5591 3056 5646 δυοῖν
3103 5592 3417 5653 historicus
3457 5596 3826 5670 expresserit,
