4146 6288
332 360 471 419 1025

330 592 446 647 quo
474 575 738 645 ejusdem
772 572 949 627 unius
981 572 1061 626 rei
1097 569 1375 626 vocabula
1409 572 1778 627 continuans.
1815 571 1972 625 Reti-

334 664 433 719 nui
483 678 650 735 porro
702 660 905 714 Latine
957 675 1167 713 nomen
1218 658 1473 727 eulogiae,
1506 658 1722 730 quippe
1772 659 1832 712 in
1869 658 1976 712 hac

337 750 574 805 notione
622 749 844 803 Latinis
876 746 1267 801 ecclesiastice
1308 747 1702 801 scribentibus
1747 748 1976 800 tritum.

333 838 523 893 Unum
556 837 731 892 atl‘ero
763 834 1098 904 exemplum
1132 851 1161 888 e
1212 834 1484 905 plurimis
1517 834 1736 904 passim
1778 849 1978 888 occur-

334 926 513 991 suris,
542 942 611 979 ex
643 925 876 978 decreto
908 923 991 975 Pii
1026 940 1186 992 papae
1211 923 1339 992 ejus
1366 924 1624 976 nominis
1658 922 1979 993 primi,quo

336 1018 579 1086 putatur
623 1013 775 1067 hunc
808 1027 983 1065 usum
1036 1011 1300 1065 sanxisse
1354 1010 1641 1064 benedicti
1702 1010 1870 1080 panis
1919 1010 1977 1062 in

337 1102 582 1157 ecclesia
612 1099 1000 1155 distribuendi
1036 1099 1128 1153 his
1167 1099 1265 1169 qui
1303 1098 1758 1153 adEucharistiae
1784 1114 1978 1169 perce-

338 1191 594 1262 ptionem
628 1187 811 1259 parati
844 1204 958 1242 non
986 1190 1202 1242 essent.
1244 1186 1305 1240 Id
1334 1187 1417 1240 sic
1468 1186 1645 1241 habet
1701 1186 1979 1241 Concilio-

336 1295 462 1332 rum
518 1282 675 1331 tomo
707 1277 751 1344 Ι,
784 1292 842 1346 p.
899 1275 1003 1329 234
1032 1276 1120 1329 ed.
1160 1274 1298 1345 Reg.
1334 1275 1406 1328 De
1435 1273 1818 1329 oblationibus
1856 1289 1984 1345 quae

337 1367 643 1435 circi-untur
670 1380 705 1417 α
739 1363 962 1433 populo,
1010 1371 1061 1418 et
1089 1361 1590 1417 consecrationibus
1638 1377 1763 1433 qum
1791 1379 1983 1433 super—

336 1457 484 1519 sunt,
515 1452 600 1506 vel
645 1451 710 1505 de
730 1451 966 1520 panibus
999 1466 1131 1520 quos
1175 1451 1427 1518 deferunt
1466 1450 1649 1519 ﬁdeles
1698 1450 1767 1504 ad
1803 1451 1980 1506 eccle-

337 1543 502 1609 siam,
534 1540 615 1593 vel
645 1549 790 1593 certe
819 1538 889 1592 de
917 1537 1051 1603 suis,
1070 1536 1355 1607 presbyter
1382 1539 1771 1592 convenienter
1788 1541 1979 1608 partes

339 1630 545 1683 incisas
599 1627 794 1681 habeat
830 1629 887 1680 in
922 1642 1043 1680 vase
1090 1625 1267 1680 nitido
1294 1630 1344 1679 et
1391 1626 1758 1692 coavenienti,
1783 1630 1840 1679 ut
1866 1634 1984 1696 post

340 1718 642 1771 missarum
685 1716 978 1783 solemnia,
1039 1714 1135 1784 qui
1182 1714 1588 1768 communicare
1629 1730 1735 1769 non
1775 1716 1987 1784 fuerint

1792 358 2267 417 GLOBSABIUIL

331 489 469 544 dum
523 488 582 542 et
628 480 927 557 ἆντιδώρου
974 486 1031 538 et
1078 478 1323 555 εὐλογίας
1372 482 1648 537 distincte
1702 482 1971 539 meminit

2089 483 2217 536 κατὰ
2275 485 2436 555 σῶμα
2491 482 2692 558 φυή....

3578 354 3718 411 1026

2751 481 2906 556 ἑτέρα
2951 478 3008 534 δὲ
3058 480 3193 534 κατὰ
3248 482 3397 538 νοῦν.
3456 477 3573 532 ὅθεν
3633 476 3726 532 καὶ

2082 568 2281 646 εὐφυής
2335 570 2361 621 ὁ
2422 568 2478 622 εὗ
2536 564 2680 642 ἔχων
2740 568 2814 631 εἷς
2868 568 2932 622 τὸ
2991 565 3185 621 εἰδέναι
3229 569 3405 624 Vides
3439 568 3533 623 hic
3573 566 3727 623 clare

2084 659 2683 730 distinguiduplicem
2725 658 2841 713 vim
2889 658 3048 713 verbi
3104 656 3324 733 εὐφυής,
3370 673 3619 727 quarum
3652 656 3723 710 ad

2086 747 2298 802 mentis
2348 746 2726 802 acrimoniam
2780 764 2915 814 una,
2958 747 3028 799 ad
3080 747 3339 817 corporis
3415 760 3481 799 ac
3528 743 3725 798 vultus

2085 835 2337 905 speciem
2372 838 2655 906 pertineat
2684 834 3069 889 altera.Juxta
3086 834 3333 904 priorem
3352 847 3723 903 nequaquam

2086 925 2179 978 hic
2208 924 2617 995 Pachymerem
2654 923 2913 977 locutum
2944 922 3173 987 suadet,
3214 923 3365 991 quod
3419 922 3468 975 si
3518 921 3726 974 incon-

2088 1028 2338 1082 sequens
2371 1011 2889 1082 promptitudinem
2920 1010 3143 1081 ingenit
3180 1009 3371 1063 nimiae
3392 1025 3455 1063 ac
3489 1009 3727 1062 morbo-

2087 1116 2164 1154 οδε
2222 1099 2413 1153 cardis
2464 1098 2904 1153 effervescentis:
2943 1102 3227 1167 tanquam
3261 1096 3561 1168 proprium
3587 1096 3725 1151 effe-

2087 1193 2244 1243 ctum
2304 1189 2626 1258 assignare,
2683 1189 2999 1259 praesertim
3048 1204 3179 1241 cum
3232 1204 3365 1242 mox
3398 1187 3576 1241 addat
3601 1202 3723 1240 rem

2089 1277 2261 1349 plane
2282 1277 2659 1345 contrariam,
2682 1293 2889 1347 nempe
2915 1278 3191 1347 [uligines
3217 1292 3286 1330 ea:
3314 1277 3417 1330 isto
3440 1274 3617 1329 cordis
3638 1274 3725 1328 in-

2089 1366 2278 1420 cendio
2321 1381 2547 1419 cursum
2594 1366 2654 1419 in
2710 1366 2994 1419 cerebrum
3085 1366 3326 1433 perlatas
3372 1363 3605 1416 rationis
3668 1364 3730 1416 in

2088 1455 2296 1508 Joanne
2322 1454 2552 1522 Augusto
2582 1469 2738 1506 usum
2769 1452 3131 1522 perturbasse.
3160 1451 3291 1505 Haec
3309 1449 3462 1504 enim
3486 1454 3574 1505 est
3594 1465 3727 1504 sen-

2088 1540 2270 1594 tentia
2313 1542 2621 1594 verborum
2673 1539 2948 1594 illorum:
2983 1536 3337 1612 Οὐστέγοντος
3381 1541 3477 1590 τοῦ
3534 1535 3731 1609 μορίου

2088 1627 2150 1679 τὸ
2200 1625 2367 1688 πάθος
2421 1626 2698 1679 κάντεῦθεν
2756 1626 3151 1699 ἐκτρεπομένου
3207 1629 3303 1678 τοῦ
3363 1624 3594 1693 εἰκότος,
3654 1625 3730 1685 ὡς

2094 1712 2233 1787 μηδὲ
2281 1714 2593 1788 χρησίμους
2640 1712 2911 1775 πολλάκις
2965 1714 3296 1785 ἀναπέμπειν
3328 1717 3406 1783 τῷ
3449 1711 3732 1790 εγχεφάλῳ

339 1806 544 1875 parati,
569 1803 819 1873 eulogias
855 1804 1011 1859 564
1040 1804 1191 1856 omni
1218 1803 1311 1857 die
1329 1803 1605 1857 Dominico
1622 1812 1671 1856 et
1698 1804 1753 1856 in
1793 1803 1986 1857 diebus
2014 1839 2062 1902 Β
2092 1803 2186 1864 τὰς
2218 1801 2587 1869 ἀναπνεύσεις,
2620 1805 2769 1869 Quin
2802 1809 2859 1859 et
2888 1805 3028 1857 dum
3072 1809 3276 1874 reputo
3316 1803 3729 1874 Pachymerem

339 1895 499 1963 festis
524 1892 722 1947 exinde
753 1891 1050 1959 accipiant,
1083 1905 1208 1960 qua
1231 1906 1357 1944 cum
1393 1890 1788 1945 benedictionis
1826 1893 1982 1961 prius

341 1981 545 2052 faciat.
567 1981 695 2035 Haec
713 1981 847 2034 Pius
868 1996 1017 2050 papa
1038 1980 1439 2050 etmartyr,Ex
1455 1980 1673 2049 quibus
1688 1980 1848 2035 vides
1879 1996 1984 2034 cur

346 2068 619 2123 exclusus
653 2068 1099 2139 participatione
1131 2066 1371 2137 eulogia
1408 2066 1462 2119 in
1486 2067 1631 2121 festo
1667 2067 1724 2121 S.
1752 2066 1982 2138 Georgii

343 2157 586 2211 Michael
621 2161 920 2227 Augustus
943 2156 1174 2222 dixerit,
1218 2153 1441 2228 ἀνέορτα
1490 2152 1855 2227 ἒωρτάσαμεν,
1902 2159 1981 2226 fe-

342 2249 490 2299 stum
518 2246 783 2314 infestum
820 2243 1237 2298 celebravimus.
1281 2243 1397 2296 Hoc
1429 2246 1548 2296 est:
1602 2259 1717 2296 non
1758 2242 1815 2296 id
1850 2244 1982 2297 feri-

349 2350 483 2387 mus
514 2333 666 2402 quod
703 2332 826 2386 ﬁeri
886 2331 1031 2385 festo
1072 2331 1165 2384 die
1214 2330 1283 2384 ad
1325 2331 1452 2399 ejus
1483 2330 1802 2401 legitimam
1838 2331 1982 2385 cele-

348 2419 670 2474 brationem
708 2419 793 2473 fas
820 2423 910 2472 est
940 2422 995 2473 et
1038 2434 1181 2471 usus
1222 2416 1655 2471 ecclesiasticus
1686 2418 1981 2487 poscebat.

415 2541 659 2615 Εὐφυής.
718 2558 774 2611 p.
826 2541 914 2594 32.
964 2542 1057 2595 Sic
1087 2539 1492 2609 Pachymeres,
1526 2556 1765 2594 causam
1794 2541 1982 2595 morbi

344 2646 461 2701 quo
492 2629 653 2700 gravi
709 2634 766 2681 et
813 2627 986 2699 longo
1034 2627 1321 2681 laboravit
1376 2628 1692 2697 imperator
1726 2628 1983 2684 Joannes

353 2717 615 2772 Lascaris
638 2715 928 2779 indicans,
958 2714 1195 2784 scripsit
1222 2713 1318 2768 :Tb
1347 2710 1391 2765 δ’
1435 2712 1523 2780 ἦν,
1578 2714 1651 2775 ὡς
1699 2709 1891 2785 ἔοικεν,
1925 2714 1983 2768 ἐκ

349 2803 541 2870 ζέσεως
601 2803 829 2870 φυσικῆς
889 2797 1178 2874 έγκαρδίου
1214 2842 1227 2854 .
1284 2802 1433 2853 Ὃθεν
1470 2843 1483 2868 ,
1544 2802 1717 2873 οἶμαι,
1777 2802 1864 2855 καὶ
1919 2803 1982 2857 τὸ

252 2922 261 2931 -
348 2889 536 2965 εὐφυὲς
585 2888 769 2961 ἐκείνῳ
826 2888 915 2942 καὶ
967 2889 1095 2963 ὑπὲρ
1142 2889 1203 2941 τὸ
1260 2895 1539 2963 προσῆκον
1572 2889 1660 2957 ἧν.
1693 2896 1825 2946 ΗίΒο
1876 2909 1980 2963 ego

347 2981 404 3033 in
442 2979 591 3032 hunc
622 2979 860 3032 modum
889 2984 1169 3033 verteram
1200 2996 1211 3033 :
1258 2977 1431 3047 Origo
1464 2980 1581 3039 eius
1630 2981 1983 3035 versimiliter

346 3067 725 3136 imputabatur
746 3068 995 3121 naturali
1024 3067 1441 3137 e/fervescentiae
1466 3067 1644 3122 c0rdis
1669 3085 1680 3134 ;
1717 3084 1883 3139 quam
1928 3074 1979 3123 et

337 3171 569 3209 causam
599 3156 651 3209 ei
677 3156 848 3224 fuisse
877 3171 1006 3209 reor
1057 3155 1273 3209 ruboris
1329 3157 1389 3209 in
1446 3156 1603 3209 vultu
1656 3155 1971 3223 ﬂagrantis.
2005 3185 2047 3251 C

335 3245 521 3314 Super
544 3242 655 3307 his,
689 3243 988 3312 editajam
1013 3241 1187 3313 priori
1219 3242 1972 3314 parteillaPaohymerianaa

334 3331 614 3398 historiae,
645 3334 1019 3386 convenitme
1040 3331 1194 3385 viret
1224 3331 1509 3401 dignitate
1534 3331 1974 3388 illustrissimus

334 3425 393 3473 et
424 3419 656 3489 ingenio
682 3436 745 3473 ac
776 3419 1137 3473 eruditiones
1154 3419 1738 3490 przestansﬁdemque
1762 3421 1974 3475 huma-

338 3505 621 3558 nissimus
653 3521 717 3557 ac
751 3504 859 3559 mei
882 3504 1053 3576 longe
1084 3522 1264 3576 supra
1296 3508 1569 3561 meritum
1621 3524 1865 3562 amans:
1918 3513 1976 3563 et

345 3591 537 3644 mirari
562 3608 623 3645 se
672 3590 813 3645 dixit
844 3592 998 3662 quod
1045 3591 1107 3644 τὸ
1156 3591 1365 3663 εὐφυές,
1426 3610 1540 3663 quo
1598 3594 1769 3666 vulgo
1815 3595 1973 3666 inge-

344 3678 508 3732 nium
542 3678 855 3741 industria,
890 3679 1041 3732 bona
1070 3678 1324 3745 indoles;
1357 3681 1412 3733 in
1433 3680 1696 3736 classicis
1729 3683 1974 3738 auctori-

332 3766 444 3819 bus
477 3765 767 3836 signatur,
801 3781 905 3836 ego
938 3766 1009 3819 ad
1043 3765 1239 3820 vultus
1272 3768 1543 3822 ruborem
1604 3770 1973 3825 contulerim.

340 3854 487 3907 Huic
517 3870 623 3925 ego
654 3853 859 3924 gratiis
887 3853 1105 3924 prolixe
1136 3853 1375 3922 habitis,
1410 3862 1465 3909 et
1497 3872 1563 3909 ex
1594 3874 1727 3911 vero
1759 3858 1977 3928 signifi-

346 3945 476 3995 catu
511 3941 808 3995 docilitate
836 3957 958 3995 mea
991 3942 1057 3994 ad
1087 3943 1611 4012 obtemperandum
1660 3950 1811 3999 recta
1855 3962 1974 3999 mo-

274 4047 277 4049 ·
344 4029 644 4095 nentibus,
677 4030 905 4083 ostendi
940 4029 1079 4099 quid
1115 4034 1351 4084 secutus
1386 4048 1417 4083 a
1466 4037 1604 4085 nota
1648 4033 1803 4085 vocis
1852 4033 1979 4101 ejus

342 4118 577 4170 notione
620 4117 1001 4170 deﬂexissem.
1046 4118 1114 4171 Et
1182 4117 1281 4171 ille
1332 4135 1421 4171 me
1471 4118 1691 4186 audito,
1741 4119 1978 4173 innuere

334 4220 451 4258 non
483 4210 571 4258 est
592 4208 864 4274 gravatus
897 4205 1009 4259 sibi
1045 4205 1460 4259 satisfactium.
1515 4207 1656 4270 Quia
1692 4223 1822 4260 vero
1844 4224 1975 4260 eru-

336 4291 474 4345 ditis
508 4308 737 4362 quoque
773 4292 905 4347 aliis
935 4292 1250 4347 lectoribus
1302 4293 1493 4348 simile
1540 4296 1840 4364 quidpiam
1884 4311 1978 4349 oc-

338 4395 510 4433 cursu
538 4380 665 4447 ejus
697 4378 805 4433 loci
838 4385 1152 4434 venturum
1187 4380 1241 4433 in
1278 4386 1531 4435 mentem
1565 4386 1654 4436 est
1685 4382 1979 4448 credibile,

343 4484 469 4538 quae
501 4467 580 4521 illi
616 4466 931 4537 respondit,
957 4468 1146 4539 palam
1176 4468 1265 4522 hic
1296 4485 1578 4539 exponere
1620 4486 1806 4541 operte
1848 4488 1980 4541 pre-

336 4554 486 4609 tium
519 4555 757 4626 putavit.
788 4556 911 4610 Non
946 4573 1035 4610 me
1065 4555 1205 4611 latet
1236 4555 1421 4628 εὐφυές
1483 4557 1819 4628 adaptatum
1877 4559 1974 4613 ho-

340 4643 483 4697 mini
538 4642 886 4714 plerumque
934 4660 1141 4699 sonare
1190 4644 1252 4695 τὸ
1304 4640 1575 4712 δέξιὸντοῦ
1630 4649 1725 4698 νοῦ
1780 4645 1867 4698 καὶ
1922 4644 1977 4699 εὖ

332 4729 569 4801 πεφυκὸς
601 4730 736 4801 πρὸς
780 4730 1064 4801 τὸμαοεῖν,
1110 4732 1464 4787 industriam
1524 4740 1580 4788 et
1638 4735 1974 4790 facilitatem

338 4818 651 4886 quamdam
701 4819 849 4873 acris
898 4819 1139 4889 ingenii.
1200 4820 1307 4875 Sed
1356 4826 1411 4875 et
1462 4821 1581 4875 scio
1628 4821 1976 4892 Hesychium

336 4901 504 4975 εὐφυῆ
531 4904 821 4975 explicare
840 4923 938 4975 per
968 4905 1168 4977 ὡραῖον
1188 4908 1761 4963 formosum.Formzs
1786 4916 1977 4965 autem

345 4996 566 5061 partem
598 4993 657 5045 in
690 4993 852 5046 vultu
886 4994 1016 5063 quis
1051 5003 1216 5064 neget
1246 4996 1517 5049 ruborem
1549 5012 1685 5050 ense
1714 4998 1740 5050 ‘?
1763 5003 1817 5051 et
1838 4998 1976 5068 quid

346 5076 502 5132 aliud
535 5079 605 5133 ad
632 5079 875 5135 formam
928 5082 1229 5152 pertinens
1254 5080 1313 5134 ἐκ
1371 5080 1563 5149 ζέσεως
1609 5090 1836 5157 φυσικῆς
1883 5084 1977 5158 ἐγ-

342 5163 586 5239 καρδίου,
633 5183 702 5222 ea:
728 5169 985 5223 naturali
1012 5172 1226 5237 fervore
1265 5171 1463 5238 cordis,
1507 5188 1678 5240 quam
1729 5175 1978 5228 ruboren

341 5254 435 5309 hic
468 5255 580 5310 dici
614 5255 892 5311 exsistere
949 5256 1341 5312 verisimiliter
1373 5258 1741 5314 comminisci
1774 5262 1980 5331 potui?

342 5344 515 5399 Recte
542 5344 885 5400 Eusthatius
918 5346 989 5399 ad
1022 5343 1179 5399 Iliad.
1215 5348 1447 5418 ﬁ,p.172
1480 5348 1976 5417 ed.Rom.'Pr,'céov

340 5430 413 5490 ὡς
448 5426 599 5500 διττή
651 5434 685 5501 ἡ
737 5432 865 5504 φυὴ,
922 5434 955 5500 ἡ
1013 5431 1107 5504 μὲν
1161 5433 1297 5487 κατὰ
1342 5432 1408 5486 τὰ
1455 5432 1693 5495 ἐκτὸς....
1738 5432 1977 5506 δεξιότης

339 5518 468 5572 οὖσα
500 5521 785 5591 σωματικὴ
830 5520 919 5573 καὶ
954 5520 1028 5581 εἰς
1066 5519 1259 5575 ταυτὸν
1304 5521 1514 5590 ἥκουσα
1558 5527 1635 5593 τῷ
1684 5521 1971 5583 κάλλει....

339 5606 430 5682 ἀφ’
494 5606 561 5675 ἧς
607 5609 694 5662 καὶ
762 5608 1054 5684 πρόσωπον
1103 5610 1407 5685 εὖφυὲς.....
1462 5610 1553 5665 καὶ
1600 5610 1734 5680 αὖτή
1795 5613 1887 5684 μὲν
1935 5615 1971 5682 ἡ

2095 1891 2339 1947 lectione
2382 1892 2747 1963 antiquitatis
2801 1892 3036 1962 plenum
3089 1891 3283 1962 potius
3334 1893 3392 1944 in
3425 1891 3731 1946 scribendo

2097 1980 2385 2051 respicere
2417 1980 2557 2049 quid
2590 1981 2740 2050 apud
2777 1982 3043 2034 auctores
3073 1979 3282 2034 viderit
3312 1996 3487 2051 quam
3527 1995 3733 2035 curare

2096 2072 2237 2141 quid
2281 2071 2474 2125 minus
2502 2070 2627 2141 ipso
2658 2070 2829 2125 tritus
2862 2070 2918 2123 in
2954 2070 3132 2126 veteri
3180 2070 3506 2124 eruditione
3554 2070 3735 2124 lector

2092 2157 2495 2212 intellecturus
2518 2157 2715 2212 statim
2744 2158 2834 2227 sit,
2868 2157 2925 2211 in
2960 2156 3175 2226 animo,
3201 2173 3334 2211 cum
3367 2156 3487 2210 haac
3519 2156 3731 2211 chartae

2092 2246 2367 2310 illineret,
2398 2244 2671 2300 habuisse
2697 2245 2872 2299 simul
2899 2244 3031 2300 illos
3061 2245 3295 2299 Homeri
3326 2261 3529 2299 versus
3554 2244 3732 2300 iliaci.

2094 2334 2143 2403 δ,
2177 2337 2335 2390 Toiot
2364 2355 2447 2387 τοι
2481 2332 2725 2390 Μενέλαο
2764 2334 2990 2403 μιάνθην
3030 2331 3219 2405 αἵματι
3272 2333 3441 2408 μηροὶ
3493 2332 3735 2410 εὐφυέες,

2092 2422 2271 2477 simul
2302 2422 2592 2477 Plutarchi
2616 2440 2682 2478 ex
2704 2424 2875 2478 libro.
2913 2424 3036 2485 Πῶς
3067 2421 3124 2475 ἂν
3157 2442 3239 2482 τις
3266 2420 3511 2475 αἴσθοιτο
3545 2422 3736 2476 ἑαυτοῦ

2092 2510 2498 2583 προκόπτοντος
2533 2508 2613 2563 ἐπ’
2641 2510 2828 2583 ἀρετῇ,
2862 2512 3054 2566 locum
3078 2511 3235 2565 hunc
3265 2512 3570 2581 dejuvene
3600 2528 3738 2583 pro-

2094 2600 2317 2669 gressio
2339 2601 2464 2668 jam
2498 2601 2555 2653 in
2588 2601 2781 2654 studio
2812 2600 3074 2654 virtutis:
3098 2596 3274 2654 Ἀλλὰ
3320 2598 3411 2651 καὶ
3450 2619 3732 2673 προσαγο-

2092 2685 2295 2759 ρευθεὶς
2328 2686 2411 2762 ὑφ’
2444 2686 2626 2759 ἑτέρου
2672 2685 2839 2759 τοι-ὅττι
2886 2690 2953 2758 τῇ
2998 2686 3345 2762 προσηγορίᾳ
3386 2685 3737 2761 (φιλοσόφου)

2094 2773 2336 2848 φράσειεν
2387 2772 2448 2828 ἂν
2497 2775 2699 2850 εὐφυὴς
2747 2777 2885 2843 νέος,
2938 2774 3065 2828 ὥστ’
3116 2774 3285 2828 εἰπεῖν
3324 2772 3605 2846 μειδιάσας
3649 2776 3740 2830 καὶ

2092 2859 2461 2931 ὑποπλησθεὶς
2489 2860 2850 2937 ἐρυθήματος,
2891 2860 2963 2915 Οῧ
3001 2862 3085 2925 τίς
3112 2884 3196 2917 τοι
3250 2863 3367 2926 θεός
3418 2863 3559 2934 εἶμι,
3609 2880 3741 2919 cum

2087 2950 2144 3004 in
2171 2950 2355 3020 primo
2385 2956 2681 3005 cruentam
2715 2952 3081 3020 rubedinem,
3117 2953 3175 3007 in
3208 2952 3390 3007 altero
3432 2969 3713 3007 verecun-

2087 3038 2223 3092 dum
2261 3040 2529 3093 ruborem
2559 3039 2743 3104 faciei,
2787 3041 3104 3109 conjuncta
3148 3056 3282 3095 cum
3312 3040 3591 3095 vocabulo
3622 3038 3716 3093 εὗ-

2086 3126 2225 3195 φυής
2262 3126 2503 3191 videret,
2532 3126 2675 3181 illud
2710 3130 2766 3181 in
2800 3144 2906 3182 sua
2938 3128 3253 3199 scriptione
3302 3128 3570 3199 posuisse
3600 3130 3720 3183 ani-

2088 3231 2180 3270 mo
2210 3214 2507 3268 indicandi
2532 3216 2915 3286 conspicuum
2939 3216 3205 3271 ardorem
3238 3215 3436 3271 vultus
3465 3216 3720 3288 ﬂagran-

2080 3303 2181 3369 tis,
2212 3303 2445 3373 qualem
2478 3303 2535 3356 in
2566 3303 2790 3358 Joanne
2823 3304 3045 3358 Lascari
3078 3321 3144 3358 ex
3167 3304 3358 3358 cordis
3389 3305 3721 3360 inﬂamma-

2082 3390 2265 3455 tione,
2301 3395 2367 3444 ut
2408 3390 2698 3457 credebat,
2733 3396 2922 3445 ortum
2956 3393 3386 3447 observaverat.

2154 3511 2463 3585 Εὐχέλαιον
2514 3530 2570 3584 p.
2610 3514 2733 3569 5H.
2767 3515 2849 3569 Ad
2897 3531 3094 3570 vocem
3140 3512 3430 3588 εὐχὲλαιον
3459 3515 3579 3570 haec
3617 3533 3723 3572 an-

2080 3606 2238 3656 notat
2283 3601 2727 3656 Meursius:Sic
2761 3603 3045 3657 dicebatur
3073 3605 3108 3670 ἡ
3159 3600 3462 3665 ἀκολουθία
3502 3620 3620 3673 qua.
3662 3607 3722 3659 in

2078 3688 2496 3743 consecratione
2547 3691 2654 3744 olei
2743 3691 3073 3759 psallebatur
3129 3708 3165 3745 a
3225 3696 3421 3761 septem
3470 3693 3721 3747 sacerdo-

2080 3775 2246 3833 tibus.
2306 3777 2582 3831 Eruditus
2618 3777 2905 3847 interpres
2922 3777 3257 3848 Euchologii
3291 3779 3442 3834 notis
3474 3781 3543 3834 ad
3568 3778 3723 3853 εὐχέ-

2082 3861 2237 3916 λαιον
2271 3882 2327 3934 p.
2351 3865 2445 3919 451
2480 3864 2565 3919 sic
2587 3864 2825 3919 scribit:
2858 3868 3075 3919 Passim
3110 3871 3294 3920 autem
3330 3884 3523 3922 rursus
3555 3866 3722 3941 εὐχέ-

2083 3949 2235 4004 λαιον
2264 3957 2485 4006 vocatur
2521 3954 2682 4022 quasi
2709 3952 2854 4007 dicas
2903 3953 3031 4023 (non
3076 3953 3183 4007 olei
3228 3958 3722 4025 consecrationem,

2084 4049 2140 4093 ut
2203 4040 2433 4093 barbare
2505 4040 2785 4096 Meursius
2853 4042 2911 4094 in
2972 4040 3261 4111 Glossario)
3337 4043 3527 4097 oleum
3591 4061 3723 4099 cum

2084 4127 2362 4191 oratione,
2393 4128 2704 4196 compositis
2738 4127 2806 4180 ad
2836 4126 3073 4181 invicem
3106 4126 3274 4199 εὐχῆς
3315 4137 3366 4183 et
3413 4126 3598 4181 ἐλαίου
3628 4146 3721 4185 vo-

2082 4217 2254 4268 cibus.
2289 4214 2696 4285 Ha’cille;qui
2737 4232 2933 4270 vereor
2980 4220 3043 4269 ut
3096 4222 3213 4271 tam
3266 4217 3432 4272 facile
3491 4222 3724 4288 praaslet

2083 4302 2415 4372 aequitatem
2440 4320 2556 4356 suae
2570 4319 2833 4358 censurae
2847 4306 3321 4374 quamMeursius
3336 4306 3406 4359 ab
3432 4305 3721 4376 interpre-

2084 4391 2303 4445 tatione
2342 4407 2450 4445 sua
2490 4391 2771 4445 barbarici
2848 4397 3044 4446 notam
3106 4392 3281 4448 eluat.
3332 4392 3476 4447 Nam
3528 4409 3725 4448 revera

2085 4482 2205 4532 tota
2235 4478 2575 4533 caeremonia
2595 4495 2658 4531 ac
2683 4478 2830 4533 ritus
2852 4478 3051 4534 multis
3067 4480 3429 4535 orationibus
3460 4497 3525 4535 ac
3546 4481 3723 4535 bene-

2085 4566 2437 4620 dictionibus
2482 4572 2755 4621 constans
2825 4583 2936 4637 quo
3011 4569 3459 4623 consecrabatur
3505 4568 3721 4638 oleum,

2091 4649 2376 4725 εὐχέλαιον
2419 4658 2676 4708 vocatur.
2724 4652 2966 4707 Videtur
2987 4659 3179 4708 autem
3232 4660 3720 4711 auctornotarum

2092 4734 2161 4787 ad
2193 4731 2610 4801 Euchologium
2643 4732 2797 4785 tdem
2832 4732 2938 4787 hoc
2970 4732 3093 4787 loco
3126 4750 3357 4804 passus,
3402 4736 3555 4804 quod
3615 4736 3724 4788 hu-

2093 4821 2349 4875 manitus
2392 4819 2455 4892 [P
2511 4820 2636 4890 387]
2696 4821 3012 4892 contigisse
3071 4821 3244 4876 refert
3294 4822 3517 4877 Gellius
3568 4822 3606 4877 1.
3646 4840 3727 4878 v11

2092 4908 2341 4965 Noctium
2391 4910 2713 4974 Atticarum,
2734 4924 2781 4963 c.
2804 4909 2892 4975 -l7,
2915 4909 3296 4980 grammatico
3310 4910 3545 4966 cuidam
3573 4910 3723 4965 cele-

2093 4997 2180 5051 bri
2232 5014 2264 5049 a
2306 5012 2369 5050 se
2413 4996 2772 5065 interrogato
2818 4997 2888 5050 de
2938 4997 3173 5052 notione
3230 4999 3389 5053 vocis
3437 4999 3723 5053 obnoxius.

2098 5101 2211 5155 quo
2244 5084 2327 5138 sic
2358 5083 2433 5137 ibi
2459 5082 2679 5137 Gellius
2711 5084 2949 5138 scribit:
2987 5086 3105 5151 Qua
3132 5101 3259 5140 vero
3290 5086 3393 5139 ille
3411 5087 3731 5153 grammati-

2093 5189 2184 5228 cus
2213 5174 2468 5241 ﬁnitione
2497 5187 2629 5225 usus
2660 5180 2760 5236 est,
2786 5188 2851 5226 ea
2878 5171 3083 5226 videtur
3118 5173 3178 5227 in
3208 5174 3375 5228 verbo
3402 5178 3514 5227 tam
3534 5174 3726 5226 multi-

2089 5261 2226 5332 plici
2255 5278 2426 5315 unam
2457 5262 2825 5315 tantummodo
2882 5261 3295 5331 usurpationem
3340 5261 3458 5329 ejus
3494 5269 3723 5316 notasse.

2090 5350 2182 5405 Sic
2214 5350 2368 5404 enim
2404 5352 2459 5403 et
2479 5348 2540 5403 P.
2574 5348 2744 5414 Goar,
2772 5366 2903 5403 cum
2937 5349 3132 5419 plures
3168 5344 3455 5419 εὐχελαίου
3502 5346 3725 5417 species

2091 5438 2328 5501 fuerint,
2360 5437 2558 5491 omnia
2590 5437 2659 5491 ad
2694 5454 2869 5491 unam
2905 5436 3104 5503 trahit,
3132 5451 3259 5489 eam
3293 5451 3406 5505 qua
3431 5434 3617 5488 oleum
3652 5434 3721 5487 ad

2091 5525 2426 5581 unctionem
2470 5524 2836 5581 infirmorum
2900 5524 3253 5595 parabatur;
3286 5539 3319 5577 a
3366 5539 3481 5594 qua
3529 5525 3723 5575 tamen

2092 5614 2214 5686 ipse
2265 5611 2403 5668 alibi
2458 5612 2742 5670 diversam
2785 5618 3071 5668 memorat
3122 5627 3177 5683 p.
3220 5611 3344 5681 441,
3397 5610 3565 5679 cujus
3594 5604 3728 5661 ἄκο-
