4146 6288
441 384 581 442 1⁷027

1509 387 1572 438 Ρ.
1612 381 1891 436 POSSINI
1923 381 2536 439 OBSERVATIONUM
2572 385 2703 437 LIB.
2743 387 2788 439 Ι.

3693 356 3835 438 102's

441 505 665 564 λουθίαν
698 506 817 562 sive
842 504 1095 561 ofﬁcium
1129 520 1194 559 ac
1222 504 1674 560 consecrationis
1724 503 1898 559 ritum
1959 503 2080 559 edi-
2104 508 2164 572 Α
2194 504 2357 560 nulla
2401 509 2622 561 restare
2667 504 2917 573 vestigia
2967 504 3245 576 Zeuxippi
3274 507 3529 561 testatur
3557 505 3828 576 Gyllius),

439 602 569 653 tum
601 611 662 650 se
694 595 907 650 vidisse
949 594 1049 661 ait,
1068 592 1175 648 etsi
1210 609 1326 647 sum
1345 592 1669 647 collectioni
1696 608 1808 647 non
1832 608 2074 649 curave-

441 687 521 741 rit
589 685 846 739 inserere
889 686 1125 753 propter
1158 681 1552 752 suspicionem
1585 682 1895 751 cujusdam
1929 680 1989 735 in
2012 697 2077 737 eo

441 770 893 842 ἐθελοθρησκείας
926 776 983 826 et
1012 771 1469 842 superstitionis.
1502 771 1667 825 Certe
1698 770 1805 826 hoc
1848 786 2078 841 quoque

441 864 612 933 cujus
645 862 738 916 hic
764 861 1149 931 Pochymeres
1171 859 1440 913 meminit
1468 854 1779 931 εὐχέλαιον,
1831 863 1958 913 tum
2007 858 2079 913 ab

442 949 541 1005 illo
592 965 710 1004 non
761 949 1055 1002 immerito
1098 947 1294 1013 Goari,
1358 952 1627 1016 suspecto
1658 945 1949 1001 euchelaso
1975 962 2077 1017 pro

443 1037 713 1105 mortuis,
740 1052 917 1107 quam
966 1034 1147 1090 Graeci
1191 1039 1403 1089 vocant
1439 1031 1661 1101 τελετὴν
1710 1030 1894 1086 ἐλαίου
1944 1034 2076 1107 ὑπὲρ

438 1129 547 1179 τῶν
579 1120 978 1195 κοιμηθέντων,
1013 1131 1133 1177 tum
1166 1139 1199 1177 a
1228 1123 1659 1177 consecratione
1694 1121 1805 1176 olei
1856 1139 1957 1193 pro
1989 1122 2076 1176 in-

439 1214 652 1281 ﬁrmis,
689 1212 996 1267 manifeste
1053 1211 1350 1265 diversum
1402 1214 1511 1265 est.
1560 1210 1708 1275 Quin
1740 1210 1937 1264 docuit
1988 1227 2080 1266 me

442 1300 867 1358 eruditissimis
899 1298 1150 1353 Allatius
1183 1315 1293 1352 usu
1324 1298 1648 1353 obtinuisse
1679 1300 1831 1368 apud
1855 1298 2080 1353 Graacos

443 1394 508 1445 ut
536 1389 776 1460 quidam
809 1388 958 1441 ritus
992 1383 1253 1458 εὐχὲλαια
1274 1391 1571 1454 vocentur,
1604 1385 1663 1439 in
1683 1386 1896 1457 quibus
1947 1386 2078 1439 nul-

439 1477 533 1533 lus
576 1476 686 1532 olei
740 1493 883 1530 usus
933 1475 1264 1542 intervenit,
1306 1474 1393 1527 uti
1445 1473 1693 1544 exempli
1742 1474 1930 1544 gratia
1974 1473 2080 1527 ali-

443 1564 923 1638 quando,inquit,
956 1562 1159 1618 ﬂorem
1185 1566 1282 1615 aut
1304 1560 1599 1616 ramulum
1643 1563 1830 1616 sancti
1880 1562 2082 1630 cujus-

444 1655 602 1727 piam
635 1651 877 1722 reliquis
911 1656 1011 1705 aut
1051 1650 1292 1720 imagini
1334 1649 1635 1719 praecipuas
1674 1648 2081 1715 ﬁvenerationis

444 1744 747 1798 admotum
776 1740 844 1795 ad
879 1755 1095 1811 aegrum
1127 1738 1417 1805 deferunt,
1450 1737 1549 1807 qui
1568 1737 1864 1792 conlidens
1895 1736 2080 1793 sancti

443 1832 571 1902 ejus
604 1829 872 1901 precibus
898 1826 1114 1897 juvari,
1146 1843 1211 1880 eo
1258 1824 1522 1892 ﬂosculo,
1548 1841 1708 1878 ramo
1754 1829 1855 1878 aut
1901 1826 2075 1879 etiam

438 1919 618 1973 linteo
667 1915 925 1971 dolentia
976 1914 1088 1969 sibi
1141 1914 1404 1968 membra
1458 1912 1759 1983 contingit.
1827 1913 1961 1977 lloc,
2015 1918 2080 1967 ut

440 2007 542 2078 qui
571 2006 715 2059 vidit
748 2005 857 2058 ﬁde
901 2002 1291 2074 dignissimus
1339 2004 1615 2069 testatur,
1649 1997 1934 2073 εὐχὲλαιον
1974 2018 2077 2072 ap-

442 2094 683 2168 pellant.
720 2093 919 2164 Neque
978 2091 1071 2145 hic
1103 2088 1290 2144 ἐλαίου
1338 2091 1692 2145 mentionem
1763 2088 1963 2163 κυρίως
2015 2107 2078 2145 ac

440 2184 692 2256 proprie,
725 2182 823 2237 sed
842 2182 1113 2251 μυστικῶς
1146 2184 1202 2234 et
1240 2180 1482 2249 ﬁgurate
1539 2179 1806 2247 usurpari
1847 2182 2077 2247 putant,

442 2276 736 2343 quatenus
767 2269 875 2324 olei
898 2268 1163 2337 symbolo
1190 2267 1316 2334 Dei,
1341 2283 1467 2337 quae
1498 2265 1590 2320 his
1622 2266 1832 2321 ritibus
1864 2266 2078 2337 implo-

438 2364 622 2429 ratur,
683 2356 1089 2412 misericordia
1144 2355 1554 2426 designaretur
1617 2360 1673 2408 et
1734 2348 1914 2407 ἔλαιον
1972 2350 2076 2406 ἐντὶ

439 2443 595 2501 ἐλὲου
626 2446 893 2502 sumitur.

513 2566 815 2636 Ζευξίππου
897 2561 1113 2641 φυλακή
1193 2582 1248 2636 p.
1325 2565 1446 2619 5l9.
1518 2565 1653 2636 Agit
1724 2565 1794 2618 de
1854 2564 2076 2619 Latinis

438 2656 627 2727 captis
657 2656 726 2709 ad
755 2654 1337 2724 Belidagrama,quos
1351 2650 1911 2722 Constantinopolim
1944 2652 2079 2707 due-

431 2748 523 2800 tos
555 2749 611 2799 et
633 2743 752 2798 illic
782 2747 1108 2798 ostentatos
1141 2740 1318 2811 plebi,
1370 2740 1585 2793 deinde
1631 2738 1713 2794 ait
1757 2740 2075 2795 historicus

429 2831 491 2886 in
541 2832 697 2886 hunc
748 2834 918 2900 quem
979 2832 1190 2884 vocant
1253 2832 1353 2894 τῆς
1419 2825 1720 2897 Ζευξίππου
1802 2827 2074 2898 Zeuxippi

435 2935 726 2975 carcerem
761 2920 941 2973 fuisse
973 2917 1298 2972 conclusos.
1326 2914 1569 2969 Nullum
1625 2913 1738 2967 vidi
1792 2912 2069 2967 idoneum

437 3013 736 3063 auctorem
788 3007 887 3078 qui
925 3006 1106 3060 fuisse
1139 3001 1644 3072 Constantinopoli
1674 3001 2071 3056 carcerem'sic

439 3095 667 3149 dictum
701 3095 919 3149 doceat.
941 3092 1280 3163 Procopius,
1311 3090 1388 3144 1.1
1422 3095 1497 3143 Pe
1531 3088 1653 3142 bell.
1689 3092 1844 3141 Pers.
1906 3104 1963 3159 p.
2004 3089 2075 3141 70

433 3184 523 3237 ed.
560 3187 697 3253 Reg,
721 3186 777 3235 et
807 3181 846 3234 l.
888 3183 1023 3235 item
1060 3198 1077 3233 1
1117 3185 1195 3233 De
1228 3179 1385 3247 cedi/2
1430 3176 1579 3246 p.23
1616 3171 1903 3248 βαλανείου
1955 3176 2075 3230 bal—

431 3273 525 3325 nei
578 3271 789 3341 publici
844 3267 1116 3322 meminit
1161 3267 1316 3336 quod
1364 3264 1392 3317 ὁ
1425 3261 1718 3334 Ζεύξιππος
1748 3269 2068 3319 vocaretur.

432 3359 794 3427 Nicephorus
825 3360 965 3411 item
989 3353 1289 3410 Callisti.l.
1316 3370 1396 3420 ιχ,
1429 3369 1479 3407 c.
1508 3354 1563 3419 9,
1587 3369 1640 3422 p.
1674 3353 1873 3406 697ed.
1896 3352 2076 3409 Paris.

434 3442 701 3517 δημόσιον
733 3443 961 3515 λουτρὸν
996 3439 1292 3518 περιφανές
1340 3460 1397 3493 τε
1426 3439 1514 3493 καὶ
1567 3437 1838 3512 μέγιστον,
1889 3441 2077 3510 publi-

432 3552 559 3591 cum
598 3535 889 3588 lavacrum
937 3533 1299 3602 conspicuum
1347 3533 1401 3584 et
1445 3529 1777 3593 maximum,
1818 3527 1908 3581 τὸν
1941 3527 2075 3580 Ζεύ-

432 3624 624 3694 ξιππον
658 3622 841 3675 fuisse
870 3619 1241 3674 nominatum
1275 3616 1472 3672 tradit.
1505 3615 1787 3670 Thermas
1819 3633 1849 3669 a
1871 3616 2076 3671 Severo

428 3710 692 3765 conditas
748 3709 856 3764 has
924 3709 1118 3762 ferunt
1183 3708 1241 3761 in
1303 3705 1522 3776 templo
1577 3702 1700 3763 Διὸς
1781 3701 2077 3774 Ζευξίππου

432 3797 591 3852 Jovis
624 3813 807 3868 equos
832 3796 1099 3867 jugentis
1146 3812 1244 3850 seu
1302 3810 1478 3849 curru
1537 3792 1867 3861 subjunctis
1914 3792 2079 3859 equis

430 3890 613 3941 tracto
642 3885 934 3951 vehentis,
970 3884 1124 3955 quod
1171 3880 1470 3951 Ζευξίππου
1518 3896 1631 3934 vox
1683 3879 1925 3943 indicat,
1967 3880 2078 3933 for-

429 3982 588 4033 tasse
629 3976 713 4031 sic
758 3974 917 4030 dicto
969 3974 1067 4045 qui
1115 3972 1219 4028 tali
1265 3971 1457 4044 specie
1490 3970 1720 4040 Jupiter
1757 3968 1895 4023 olim
1923 3967 1982 4022 in
2012 3985 2077 4023 eo

434 4064 653 4137 templo
695 4065 926 4119 effictus
1007 4064 1315 4117 videretur.
1383 4061 1462 4115 Ex
1516 4058 1690 4113 veteri
1754 4074 1924 4128 porro
1978 4055 2078 4111 illo

439 4156 571 4210 fano
603 4154 950 4210 vocabulum
984 4151 1292 4207 recentiori
1326 4151 1711 4205 Thermarum
1747 4147 1987 4202 aedificio
2027 4146 2077 4202 ei

435 4245 717 4314 adjuncto
750 4241 1070 4297 adhaesisse
1094 4243 1353 4311 apparet.
1382 4242 1596 4307 Estque
1618 4236 1672 4289 id
1702 4234 2078 4289 verisimilius

435 4348 611 4402 quam
656 4332 807 4402 quod
844 4330 941 4384 alii
972 4328 1368 4395 suspicantur,
1403 4343 1436 4380 a
1461 4324 1664 4380 Zeuxis
1707 4324 1947 4395 pictoris
1984 4327 2076 4378 ta-

436 4419 609 4489 bulis,
646 4419 847 4490 quales
880 4417 999 4472 illic
1048 4419 1399 4487 prostarent,
1445 4413 1634 4468 locum
1688 4413 2072 4468 nominatum.

435 4506 656 4564 Statuis
709 4505 864 4561 enim
926 4509 981 4559 et
1033 4504 1219 4575 signis
1275 4502 1459 4557 fuisse
1508 4500 1741 4554 videtur
1788 4500 2075 4571 insignior

2186 594 2398 649 rudera
2448 594 2507 650 in
2532 594 2689 647 στοάν
2749 596 3019 665 porticum
3066 594 3391 660 eﬂ'ormata,
3436 595 3605 665 juxta
3644 611 3821 665 quam

2180 682 2387 753 spatiis
2448 684 2643 738 vacuis
2688 689 2851 755 septo
2897 682 3275 737 circumdatis
3327 682 3645 738 multitudo
3704 683 3824 740 haec

2181 776 2483 840 captorum
2509 771 2661 826 bello
2695 771 3063 838 Latinorum,
3111 787 3287 841 quam
3323 770 3486 825 urbis
3535 772 3815 827 ordinarii

2182 875 2442 914 carceres
2473 860 2671 914 minus
2702 864 2995 929 caperent,
3038 858 3314 913 conclusa
3361 867 3495 914 tnnc
3546 859 3719 914 fuerit
3765 865 3820 915 et

2181 946 2300 1002 haec
2332 965 2365 1002 a
2395 954 2592 1002 nostro
2620 952 2720 1014 τῆς
2754 946 3053 1015 Ζευξίππου
3086 946 3362 1017 (subaudi
3389 949 3570 1015 στοᾶς)
3602 943 3814 1022 φυλακή

2180 1042 2401 1091 vocata.
2459 1037 2553 1091 Sic
2585 1036 2757 1090 hodie
2813 1036 2965 1106 apud
3024 1033 3343 1104 Algerium,
3404 1050 3472 1089 ex
3520 1035 3697 1089 veteri
3735 1036 3818 1091 Ιοι

2180 1126 2415 1181 caesarie
2462 1125 2853 1178 deformatum
2901 1139 3133 1192 nomen,
3185 1139 3217 1177 a
3257 1123 3462 1193 piratis
3517 1123 3669 1194 capti
3716 1140 3817 1178 cu-

2184 1213 2519 1267 stodiuntur
2552 1212 2610 1266 in
2642 1211 2869 1280 balneo,
2901 1212 2992 1267 nel
3022 1213 3217 1280 bagno,
3252 1214 3426 1282 prout
3447 1210 3518 1266 ab
3569 1211 3817 1281 expertis

2186 1300 2516 1354 didicimus.

2255 1401 2489 1471 Ζυγῆνοι
2546 1397 2607 1451 in
2638 1396 2810 1451 titulo
2877 1395 3063 1467 captis
3094 1395 3182 1464 42,
3217 1393 3257 1448 l.
3316 1412 3379 1461 II,
3414 1395 3494 1466 (ρ.
3518 1393 3663 1466 6)τᾶ
3689 1395 3819 1448 κατᾶ

2180 1483 2312 1544 τοὺς
2349 1485 2636 1557 ζυγήνους,
2683 1490 2741 1539 et
2781 1484 3054 1540 similiter
3088 1483 3146 1537 in
3178 1483 3346 1538 titulo
3378 1501 3426 1538 ο.
3478 1485 3564 1551 13,
3617 1482 3817 1536 ἀπολο-

2185 1571 2280 1645 γία
2325 1576 2432 1625 τῶν
2483 1573 2742 1645 ζυγήνων.
2779 1578 2913 1627 Esse
2969 1572 3077 1626 hoc
3126 1588 3330 1625 nomen
3366 1588 3483 1626 non
3518 1572 3816 1644 proprium

2186 1664 2398 1733 gentis,
2459 1664 2557 1717 sed
2618 1662 3050 1734 appellativum,
3101 1666 3167 1716 ut
3226 1659 3451 1735 ἀγρόται
3536 1663 3681 1719 505
3766 1668 3823 1717 et

2190 1753 2447 1823 χωρῖται,
2508 1750 2725 1819 quibus
2782 1751 2925 1804 istos
2984 1749 3130 1805 alias
3189 1750 3491 1805 vocabulis
3547 1750 3825 1822 indigitat

2189 1844 2408 1904 Noster,
2441 1839 2746 1892 manifeste
2779 1841 2940 1908 parte
2987 1854 3056 1892 ex
3102 1838 3213 1893 fine
3246 1838 3455 1909 capitis
3492 1839 3577 1907 l3,
3603 1839 3702 1893 ubi
3734 1839 3818 1894 sic

2191 1886 2408 1904 _.----_,
2441 1886 2743 1892 ..-πω-,ν
2779 1886 2937 1908 ιη---
2991 1886 3056 1892 -_
3102 1886 3211 1893 --.η
3249 1886 3453 1909 ηπ----
3498 1886 3577 1907 .-,
3608 1886 3702 1893 __-
3734 1886 3817 1894 _--

2110 1886 2155 1950 Β
2188 1926 2401 1998 legitur
2445 1926 2504 1981 in
2564 1926 2848 1981 Allatiano
2907 1927 3089 1980 Ταῦτα
3146 1925 3266 1999 περὶ
3325 1923 3454 1986 τοὺς
3504 1930 3601 1978 τοῦ
3662 1928 3826 1999 ζυγοῦ

2187 2013 2628 2088 διαπραξάμενοι.
2688 2020 2767 2070 En
2848 2031 2997 2085 quos
3074 2016 3338 2088 ζυγήνους
3412 2015 3652 2083 dixerat,
3693 2017 3824 2086 jam

2184 2102 2311 2164 τοὺς
2343 2107 2439 2155 τοῦ
2471 2102 2633 2177 ζόγου
2690 2110 2874 2173 vocat,
2937 2104 3046 2158 hoc
3097 2110 3207 2171 est,
3231 2106 3441 2175 jugum
3482 2105 3829 2162 incolentes.

2188 2193 2539 2248 Barberinus
2617 2197 2812 2247 tamen
2896 2196 2955 2248 et
3020 2192 3341 2248 Vaticanus
3404 2209 3603 2249 vocem
3662 2195 3827 2267 ζυγή-

2187 2301 2311 2342 νους
2338 2281 2429 2336 bic
2462 2297 2689 2352 quoque
2721 2282 2998 2336 retinent.

2256 2374 2600 2451 ἸΙμιάνδριοι
2667 2396 2722 2449 p.
2799 2379 2923 2433 351.
3005 2379 3151 2443 Quid
3230 2378 3387 2433 aliud
3464 2375 3829 2453 ἡμιανδρίους

2186 2469 2646 2539 interpretemur
2691 2468 2751 2522 in
2800 2467 3079 2522 comitatu
3129 2467 3377 2538 virginis
3430 2468 3600 2538 regias
3648 2485 3821 2538 quam

2189 2556 2493 2611 semiviros
2524 2554 2846 2621 eunuchos,
2875 2554 3206 2610 ministrare
3259 2555 3317 2609 in
3351 2555 3583 2610 Oriente
3611 2556 3824 2625 princi-

2187 2644 2360 2714 pibus
2393 2642 2625 2697 feminis
2654 2641 2857 2697 solitos
2884 2643 2911 2697 ?

2258 2738 2521 2813 Θεραπεία
2572 2758 2626 2810 ρ.
2658 2741 2782 2795 214.
2826 2744 2963 2795 Orat
3008 2741 3325 2811 imperator
3355 2738 3810 2794 excommunica-

2187 2836 2284 2885 tus
2337 2829 2725 2899 patriarcham
2777 2830 2874 2881 τοῦ
2906 2825 3107 2898 δεσμοῦ
3157 2827 3247 2880 ὸντ
3293 2826 3474 2894 ἱκέτην
3503 2827 3818 2881 ἀνεῖναικαὶ

2191 2914 2549 2990 μετεγνωκότι
2579 2917 2676 2983 τὴν
2730 2912 3012 2989 θεραπείαν
3044 2913 3260 2988 ἐπάγειν
3292 2916 3357 2983 ἣν
3394 2914 3594 2975 ἐκεῖνος
3630 2913 3826 2990 βούλε-

2185 3025 2294 3059 ται.
2343 3005 2444 3059 Hic
2500 3002 2755 3075 θεραπεία
2828 3003 3181 3075 peculiarem
3252 3011 3309 3058 et
3370 3005 3828 3060 ecclesiasticam

2187 3093 2361 3147 habet
2430 3092 2749 3160 notionem,
2802 3090 3140 3162 signiﬁcans
3211 3107 3386 3162 opera
3433 3108 3561 3162 qua:
3623 3096 3828 3147 vocant

2184 3180 2506 3249 satisfactio,
2542 3184 2682 3251 puta
2724 3180 2970 3249 jejunia,
3018 3178 3460 3233 bumiliationes
3504 3180 3575 3234 et'
3608 3179 3831 3234 similia

2187 3269 2268 3322 rei
2302 3268 2498 3338 magni
2554 3272 2611 3321 et
2641 3266 2859 3337 publici
2890 3267 3155 3322 criminis
3186 3267 3253 3320 ad
3298 3266 3689 3337 expiationem
3733 3285 3831 3322 ca-

2183 3356 2451 3410 nonicam
2495 3355 2727 3426 injungi
2763 3355 2937 3409 solita
2967 3356 3143 3409 veteri
3176 3354 3447 3410 Ecclesiae
3490 3355 3832 3426 disciplina.

2183 3445 2370 3507 Quare
2393 3441 2648 3515 θεραπεία
2680 3443 2772 3497 hic
2801 3444 2858 3497 id
2893 3444 3090 3513 ipsum
3121 3448 3207 3497 est
3241 3444 3392 3514 quod
3432 3443 3619 3497 Latini
3652 3443 3844 3499 eccle-

2183 3532 2429 3589 siastici
2477 3532 2793 3602 scriptores
2845 3531 3229 3602 paenitentiam
3273 3536 3514 3598 vocant;
3544 3532 3627 3585 uti
3656 3534 3841 3604 prmi-

2183 3624 2377 3685 tentes,
2412 3620 2511 3689 qui
2574 3619 2773 3688 culpas
2820 3619 3077 3689 expiant,
3137 3619 3468 3690 suppliciis,
3501 3618 3843 3692 θεραπευταί

2185 3707 2431 3776 Philoni,
2467 3707 2525 3761 S.
2563 3706 2775 3762 Basilio
2807 3712 2863 3761 et
2891 3707 3022 3762 aliis
3054 3707 3271 3763 Graecis
3303 3707 3593 3763 dicuntur.
3629 3710 3842 3765 Talem

2184 3798 2335 3867 apud
2363 3795 2773 3864 Pacbymerem
2804 3811 2932 3851 esse
2964 3796 3369 3867 significatum
3413 3796 3589 3867 hujus
3636 3798 3819 3867 vocis,

2183 3888 2547 3940 demonstrat
2596 3885 2750 3954 quod
2795 3883 2948 3939 infra
2996 3885 3197 3938 eodem
3255 3885 3439 3956 capite
3490 3886 3821 3954 patriarcha

2185 3974 2520 4044 imperatori
2548 3970 2826 4045 θεραπείαν
2859 3970 3110 4045 πράττειν
3154 3970 3499 4045 προσέταττε.
3527 3974 3596 4027 Et
3645 3975 3818 4045 paulo

2185 4067 2315 4133 post
2340 4062 2459 4115 haec
2492 4061 2832 4131 patriarcha:
2864 4061 2933 4114 ad
2987 4060 3402 4129 imperatorem
3456 4062 3629 4117 verba
3677 4063 3823 4118 reci-

2184 4153 2423 4205 tantur:
2471 4146 2768 4221 Θεραπείαν
2821 4145 2966 4201 ποίει
3009 4145 3097 4200 καὶ
3146 4145 3412 4219 δὲξομαιε
3463 4150 3531 4204 ad
3582 4150 3823 4205 verbum

2182 4242 2273 4305 [ac
2329 4238 2717 4307 paenitentiam
2773 4241 2824 4291 et
2875 4238 3165 4307 accipiam.
3199 4236 3362 4293 Unde
3410 4255 3541 4293 mox
3590 4243 3829 4294 vocatur

2186 4324 2499 4385 ἀντίποινος
2530 4323 2803 4398 θεραπεία,
2836 4328 2892 4378 et
2922 4325 3153 4380 additur
3186 4341 3313 4380 eam
3348 4328 3602 4396 quadam
3630 4343 3819 4398 eaqua-

2183 4414 2345 4469 litate
2379 4413 2726 4485 respondere
2760 4412 3029 4485 gravitati
3063 4413 3327 4469 criminis
3357 4414 3588 4470 debere.

2255 4510 2340 4583 [P.
2389 4509 2516 4579 388]
2572 4505 2877 4582 Ἱερολογία
2932 4526 2989 4580 p.
3046 4510 3173 4564 225.
3233 4508 3381 4573 Quid
3434 4511 3511 4565 sit
3559 4511 3666 4567 hoc
3694 4510 3815 4567 loco

440 4612 619 4667 quam
652 4594 871 4649 tabulis
898 4609 911 4646 :
935 4591 1065 4646 vide
1096 4608 1222 4662 quae
1256 4607 1325 4645 ne
1357 4589 1464 4643 loci
1489 4590 1615 4657 ejus
1638 4591 1843 4642 ornatu
1879 4589 2075 4659 exqui-

2186 4594 2469 4671 ἱερολογία
2499 4602 2555 4652 et
2584 4593 2893 4670 ἱερολοχεῖν
2929 4597 3132 4653 merito
3165 4598 3465 4669 quazritur.
3498 4599 3604 4655 Vir
3633 4598 3823 4655 erudi-

438 4684 725 4741 sitissimo
766 4680 999 4752 collegit
1046 4696 1075 4735 e
1122 4679 1417 4734 veteribus
1470 4677 1675 4732 Petrus
1708 4675 1931 4744 Gyllius
1960 4676 1999 4732 1.
2032 4694 2074 4730 ιι

444 4775 517 4829 De
569 4775 744 4844 pogto.
782 4770 1014 4826 Constan
1045 4777 1109 4833 t.,
1141 4784 1191 4821 c.
1250 4770 1305 4835 7,
1358 4766 1456 4820 ubi
1509 4766 1794 4836 prolivum
1846 4765 2077 4820 exhibet

442 4860 776 4931 catalogum
811 4862 1140 4913 statuarum
1170 4853 1290 4908 illic
1329 4853 1664 4909 electarum.
1698 4855 2075 4922 Frequentari

447 4948 687 5005 solitum
712 4962 997 5001 concursu
1030 4943 1389 4998 curiosorum
1422 4941 1642 4995 indicat
1682 4941 2076 4999 Nazianzenus

441 5040 592 5092 orat.
623 5036 714 5102 25,
751 5034 849 5089 ubi
890 5033 1252 5102 Zeuxippum
1307 5033 1612 5101 propterea
1657 5034 1825 5084 vocat
1871 5046 2075 5085 novam

434 5123 783 5191 Jerusalem,
819 5123 973 5192 quod
1005 5119 1223 5189 templo
1273 5135 1305 5173 a
1344 5118 1397 5171 S.
1453 5116 1663 5170 Helena
1717 5115 1774 5168 in
1814 5116 2076 5172 Calvario

436 5212 672 5269 condita
718 5210 769 5265 ei
837 5226 983 5264 nova
1039 5206 1366 5261 Jerusalem
1405 5208 1605 5259 vocato
1660 5202 1968 5273 splendore
2014 5222 2080 5261 ae

440 5299 879 5371 magnificentia
912 5314 1028 5352 non
1059 5296 1305 5350 cederet.
1340 5294 1527 5357 Quare
1557 5290 1717 5345 solus
1772 5290 2077 5364 Pachyme-

439 5407 532 5447 res
586 5387 831 5444 articulo
907 5387 1044 5440 fern.
1101 5383 1333 5453 generis
1387 5385 1488 5446 τῆς
1545 5377 1839 5446 Ζευξίππου
1909 5377 2081 5455 φυλα-

436 5480 538 5549 κήν
587 5478 816 5545 dixerit,
874 5491 988 5529 non
1048 5471 1219 5543 plane
1275 5468 1552 5540 comperi.
1606 5467 1951 5538 Suspicabar
1981 5487 2082 5541 po-

438 5567 781 5626 sterioribus
830 5560 1219 5634 temporibus,
1260 5556 1518 5629 collapsa
1566 5573 1682 5611 aavo
1726 5562 1890 5628 parte
1933 5560 2083 5613 anti-

441 5671 689 5729 quarum
735 5652 1082 5710 balnearum
1116 5650 1274 5720 (nam
1307 5650 1441 5704 ante
1473 5645 1578 5702 hos
1622 5649 1857 5703 centum
1901 5666 2083 5712 annos

2182 4693 2298 4759 tus,
2332 4687 2517 4742 editor
2548 4690 2603 4740 et
2658 4685 2977 4740 illustrator
3027 4686 3361 4758 Eucbologii
3412 4688 3532 4743 sive
3580 4687 3827 4744 Ritualis

2138 4811 2141 4814 ι
2183 4777 2535 4843 Grecorum,
2566 4771 2871 4848 ἱερολογίας
2903 4790 3069 4829 sacra
3113 4775 3350 4843 registra
3402 4776 3828 4847 interpretatur

2184 4869 2241 4919 et
2268 4858 2579 4934 ὶερολογεῖν
2612 4864 2671 4917 in
2702 4863 2945 4931 registra
2974 4878 3270 4918 recensere.
3300 4863 3648 4920 Describens
3670 4865 3827 4920 enim

2184 4954 2243 5007 in
2290 4951 2641 5022 Eucbologio
2674 4968 2729 5021 p.
2779 4950 2885 5005 268
2934 4954 2991 5005 et
3044 4952 3428 5021 sequentibus
3469 4942 3828 5021 Iopusculum

2185 5042 2276 5095 oui
2312 5040 2516 5095 tilulus
2541 5045 2631 5094 est
2661 5036 2821 5107 Τάξις
2850 5043 2949 5105 τῆς
2997 5036 3151 5111 ἁγίας
3204 5038 3466 5113 Μεγάλης
3515 5038 3828 5108 ἐκκλησίας.

2185 5130 2306 5184 ἱ)ωο
2335 5146 2401 5184 ex
2431 5144 2495 5183 eo
2526 5128 2699 5183 verba
2729 5128 2800 5181 de
2824 5121 3445 5201 chartophylaceﬁ'xwv
3476 5123 3645 5188 δὲτὰς
3677 5128 3826 5201 ἱερο-

2186 5216 2373 5291 λογίας
2431 5218 2845 5287 τὼμνηστειῶν,
2897 5214 3193 5290 ἱερολογῶν
3244 5213 3435 5276 αὐτάςε
3492 5216 3575 5272 sic
3625 5217 3831 5273 Latine

2187 5306 2412 5360 reddit:
2449 5305 2623 5359 Sacra
2661 5306 2886 5375 insuper
2935 5306 3170 5372 registra
3216 5305 3702 5361 matrimoniorum
3735 5323 3833 5377 pe—

2184 5410 2277 5448 nes
2307 5408 2361 5447 se
2394 5392 2571 5459 habet,
2606 5407 2730 5462 quae
2752 5401 3045 5463 postquam
3092 5392 3151 5445 in
3198 5391 3429 5462 registra
3477 5395 3837 5449 recensuerit.

2189 5481 2336 5536 Huic
2365 5480 2713 5551 expositioni
2749 5497 2914 5535 meus
2933 5497 3022 5535 me
3048 5484 3204 5536 vetat
3224 5486 3423 5536 auctor
3447 5486 3842 5551 acquiescere,

2191 5569 2331 5624 dum
2380 5566 2473 5621 hic
2517 5567 3043 5639 scribitnpovdpiov
3073 5568 3254 5623 fuisse
3288 5567 3756 5638 chartophylaeis
3776 5574 3846 5624 ut

2197 5662 2344 5715 nutu
2370 5656 2776 5729 arbitratuque
2817 5658 3107 5714 duntaxat
3128 5656 3313 5727 ipsius
3329 5656 3451 5716 ista
3471 5672 3845 5729 quaecunque
