4122 6272
284 360 447 438 1029“

1757 369 2228 428 GLOSSABIUM'.

3538 373 3691 434 1030‘

287 504 530 559 demum
578 501 701 558 sint
729 497 1052 565 Hierologim
1083 495 1304 550 ﬁerent.
1359 492 1678 565 Hesychius
1727 491 1927 566 προνό-
1957 495 2012 560 Α
2041 494 2283 551 ecclesia
2313 495 2419 551 rite
2449 497 2822 553 matrimonio
2845 499 3199 570 junguntur;
3250 498 3309 554 id
3366 502 3519 571 quod
3569 504 3677 558 du-

295 612 394 665 μια
422 608 551 647 esse
582 592 749 645 docet
774 587 842 640 τὰ
872 582 1202 660 ὀφειλόμενα
1242 587 1318 653 τῷ
1376 582 1665 654 ἀξιώματι,
1723 584 1932 638 decora

294 687 395 737 aut
421 678 723 751 privilegia
754 690 883 746 quin
913 672 1124 728 eximie
1138 672 1423 726 debentur
1444 672 1615 725 alicui
1636 671 1927 742 dignitati.

283 768 655 841 Splendidus
684 766 740 818 in
776 762 982 834 primis
1015 777 1080 815 ac
1112 760 1446 831 praecellens
1470 760 1932 831 chartophylacis

276 857 466 927 magis
490 859 678 910 tratus
711 858 833 906 est:
889 849 979 903 cui
1042 852 1345 918 propterea
1397 848 1490 902 vix
1529 853 1618 903 est
1654 854 1719 903 ut
1771 848 1929 902 credi

279 944 473 1017 possit
529 942 875 996 attributum
933 936 1059 991 vice
1126 934 1430 1007 προνομίου
1495 940 1551 990 et
1604 936 1924 990 honoraria

278 1030 675 1104 praerogativae
710 1042 955 1097 pensum
979 1040 1045 1078 ac
1079 1024 1333 1078 laborem
1365 1041 1481 1079 non
1521 1023 1712 1078 solum
1747 1039 1926 1093 penes

276 1137 341 1176 se
370 1117 623 1174 habendi
646 1118 881 1186 registra
896 1113 1405 1178 matrimoniorum,
1426 1112 1525 1167 sed
1552 1113 1724 1167 etiam
1742 1128 1920 1166 manu

270 1208 509 1280 propria
539 1202 908 1268 conﬁciendi,
938 1199 1180 1255 nomina
1212 1200 1561 1255 nubentium
1595 1202 1654 1254 in
1686 1201 1920 1268 registra

270 1294 623 1360 recensendo,
658 1298 723 1347 ut
770 1292 925 1345 idem
985 1289 1274 1358 interpres
1326 1288 1605 1359 loquitur,
1664 1288 1916 1343 reddens

270 1382 622 1440 vocabulum
645 1375 968 1451 ἳερολογῶν,
996 1392 1111 1447 quo
1128 1374 1421 1447 propriam
1446 1376 1915 1447 chartOphylacis

2038 585 2177 638 dum
2211 589 2342 639 ante
2371 600 2463 639 me
2490 586 2766 640 docuerat
2795 586 3158 657 Nicephorus
3181 589 3506 659 Bryennius
3559 592 3674 646 Ca3-

2038 689 2135 726 sar
2163 674 2273 727 sub
2308 674 2480 727 ﬁnem
2504 673 2714 727 libriin
2737 673 3457 732 Commentariorumame
3491 695 3679 751 nuper

2038 758 2352 828 editorum,
2386 760 2483 815 ubi
2516 778 2760 816 narrans
2790 762 3126 834 illegitimas
3187 766 3425 836 nuptias
3474 773 3677 822 contra

2037 864 2208 902 omne
2240 849 2324 902 fas
2355 853 2670 904 attentatas
2702 867 2735 903 a
2788 851 3091 906 Botaniate
3123 853 3389 909 invasere
3446 855 3677 927 imperii

2036 952 2168 991 cum
2201 936 2386 990 Maria
2414 938 2676 1006 Augusta
2705 940 2951 1009 conjuge
2983 939 3279 995 Michaelis
3310 948 3479 997 Duces
3532 944 3677 999 solio

2034 1024 2326 1079 deturbati
2354 1024 2543 1079 adhuc
2598 1026 2866 1091 viventis,
2900 1028 3093 1093 refert,
3141 1045 3274 1083 cum
3299 1031 3424 1100 jam
3476 1033 3676 1103 sponsi

2033 1114 2204 1169 ambo
2221 1115 2278 1167 in
2303 1112 2603 1169 ecclesiam
2620 1115 2936 1181 venissent,
2965 1117 3323 1172 sacerdotem
3344 1119 3442 1189 qui
3461 1121 3529 1174 ad
3546 1136 3675 1175 eam

2032 1202 2308 1257 unionem
2367 1204 2756 1273 peragendam
2816 1208 3054 1273 paratus
3114 1206 3298 1260 fuerat
3346 1206 3395 1277 (ὁ
3450 1205 3671 1278 μέλλων

2027 1290 2126 1356 τὴν
2174 1288 2461 1361 μνηστείαν
2517 1287 2755 1358 τελέσαι)
2804 1290 3107 1361 collegisse
3166 1310 3227 1347 se
3273 1298 3330 1348 et
3386 1302 3673 1364 quantum

2028 1376 2239 1447 piaculi
2273 1376 2658 1432 conscisceret
2678 1386 2724 1431 el
2755 1379 3208 1447 reputantem,si
3231 1381 3551 1451 bigamum,
3571 1399 3677 1437 cu-

272 1472 636 1527 functionem
669 1468 903 1523 Graecus
936 1464 1187 1534 scriptor
1217 1463 1550 1518 declaravit.
1584 1464 1760 1534 Atqui
1792 1463 1913 1517 haec
2018 1464 2121 1533 jus
2151 1464 2326 1518 etiam
2360 1466 2619 1519 secunda
2668 1482 2811 1519 uxor
2832 1465 3022 1520 adhuc
3055 1467 3289 1535 viveret,
3348 1485 3483 1524 cum
3535 1487 3665 1525 mu-

273 1561 512 1632 quidem
546 1571 793 1611 munera
825 1553 977 1609 566
1002 1550 1147 1605 nihil
1178 1551 1564 1606 honoriﬁcum
1598 1556 1700 1605 aut
1746 1555 1910 1606 tanto

270 1648 506 1718 fastigio
537 1646 773 1713 dignum
808 1642 1082 1697 habentia
1112 1640 1404 1695 actuarios
1437 1640 1629 1710 potius
1659 1656 1724 1694 ac
1783 1639 1911 1695 vul-

273 1753 444 1809 gares
476 1735 697 1790 scribas
724 1732 811 1787 vel
844 1731 916 1785 ad
948 1744 1248 1784 summum
1308 1728 1583 1783 tabularii
1641 1729 1912 1783 custodes

274 1827 539 1880 deceant.
592 1823 783 1891 Longe
845 1818 1018 1873 aliter
1079 1815 1612 1871 Thessalonicensis
1665 1819 1911 1887 Symeon

2025 1550 2165 1606 liere
2195 1552 2363 1621 cujus
2396 1552 2529 1606 item
2590 1552 2838 1607 maritus
2889 1553 3080 1609 adhuc
3138 1561 3435 1625 superstes
3493 1563 3667 1629 esset,

2023 1638 2416 1694 ecclesiastica
2437 1639 2841 1694 benedictione
2858 1642 3259 1712 conjungeret,
3291 1643 3353 1716 [P
3374 1646 3499 1716 389]
3524 1663 3663 1701 cun-

2024 1731 2241 1782 ctatum
2274 1742 2401 1781 esse
2433 1726 2665 1797 prodire
2697 1744 2765 1781 ex
2795 1726 2982 1797 altari;
3004 1735 3142 1784 tunc
3168 1736 3361 1787 autem
3386 1733 3658 1790 concilia-

2021 1818 2207 1869 torem
2224 1815 2368 1869 567
2396 1814 2815 1884 sacrilegarum
2852 1816 3194 1885 nuptiarum
3222 1818 3509 1876 lsaacium
3544 1822 3669 1876 Cau-

272 1912 416 1985 quid
468 1908 831 1965 auctoritatis
888 1907 1040 1960 circa
1070 1903 1445 1959 matrimonia
1501 1902 1918 1974 chartophylax
1946 1902 1991 1917 ⁵¹
2024 1919 2209 1957 sarem
2243 1902 2423 1957 alium
2451 1902 2627 1956 istius
2664 1902 2789 1957 loco
2820 1906 3176 1961 sacerdotem
3201 1908 3571 1980 submisisse,
3604 1907 3663 1970 ὃς

275 1998 599 2056 exercuerit
630 1996 851 2050 indicat
883 1994 974 2049 his
1020 1993 1248 2047 verbis:
1305 1991 1406 2045 Καὶ
1455 1991 1523 2043 τὰ
1577 1994 1681 2043 τῶν
1726 1991 1914 2063 γάμων

269 2084 528 2157 νομίμως
561 2082 836 2160 φροντίζει
875 2078 1134 2153 γίνεσθαι·
1172 2082 1237 2136 Ut
1283 2080 1531 2148 legitime
1574 2080 1921 2135 celebrentur

267 2173 633 2231 matrimonia
662 2179 841 2226 curat.
873 2174 1050 2224 Porro
1100 2168 1468 2223 institutione
1523 2166 1756 2232 Christi,
1816 2166 1916 2237 qui

271 2260 715 2319 matrimonium
743 2275 811 2313 ex
840 2256 991 2313 civili
1015 2261 1319 2311 contractu
1361 2256 1418 2310 in
1479 2258 1915 2309 sacramentum

269 2349 477 2414 evexit,
513 2352 579 2402 ut
608 2347 665 2401 id
699 2347 809 2401 rite
842 2348 1201 2415 perpetretur
1233 2360 1381 2413 opus
1408 2347 1496 2396 est
1523 2357 1689 2397 sacra
1720 2341 1917 2412 aliqua

273 2428 658 2493 eccleSiastici
693 2432 947 2488 ministri
981 2432 1297 2493 l‘unctione,
1331 2445 1466 2499 qua,
1501 2434 1565 2482 ut
1618 2428 1917 2483 Evaristus

271 2523 700 2594 antiquissimae
733 2521 991 2591 pontifex
1012 2518 1183 2589 epist.
1209 2519 1278 2572 ad
1311 2519 1568 2588 episeop.
1622 2516 1915 2571 Africanos

276 2613 560 2685 loquitur,
615 2612 901 2664 nubentes
940 2623 1034 2663 suo
1091 2615 1330 2676 tempore
1379 2604 1812 2671 sacerdotaliter,
1858 2613 1921 2660 ut

272 2717 389 2756 mos
443 2703 544 2767 est,
591 2713 710 2752 cum
766 2697 1013 2766 precibus
1055 2701 1106 2750 et
1162 2693 1526 2749 oblationibus
1557 2710 1590 2747 a
1643 2694 1917 2748 sacerdote

273 2790 685 2846 benedicantur.
721 2786 909 2856 Hujus
951 2784 1369 2839 benedictionis
1414 2785 1653 2838 effectus
1682 2785 1779 2854 qui
1813 2783 1910 2851 sit,

276 2880 448 2932 docet
469 2874 709 2930 Siricius
738 2876 873 2928 item
899 2872 1175 2944 pontifex,
1203 2872 1453 2943 epistola
1484 2873 1553 2925 ad
1587 2871 1908 2926 Himerium

274 2966 787 3031 Tarraconensem,
819 2977 867 3015 c.
901 2962 957 3029 4,
986 2961 1082 3014 ubi
1112 2961 1502 3030 interrogatus
1532 2961 1580 3013 si
1616 2960 1910 3029 desponsa-

269 3061 383 3107 tam
414 3050 527 3105 alii
548 3050 790 3121 puellam
819 3050 959 3103 alter
987 3047 1051 3102 in
1098 3050 1515 3103 matrimonium
1571 3050 1740 3116 possit
1768 3047 1911 3103 acci-

266 3156 418 3212 pere,
451 3140 760 3208 respondet
792 3155 804 3192 :
841 3139 945 3192 Hoc
982 3152 1050 3191 ne
1079 3138 1174 3206 ﬁat
1201 3136 1375 3191 modis
1406 3137 1658 3191 omnibus
1692 3136 1903 3191 inhibe-

262 3242 409 3295 mus,
442 3225 571 3296 quia
595 3226 697 3281 illa
750 3226 1067 3293 benedictio,
1125 3241 1288 3295 quam
1343 3228 1605 3295 nupturae
1657 3226 1905 3279 sacerdos

265 3319 507 3388 imponit
552 3315 699 3387 apud
755 3315 959 3385 ﬁdeles,
1021 3315 1312 3385 sacrilegii
1357 3316 1534 3368 instar
1570 3323 1664 3382 est,
1714 3313 1764 3368 si
1790 3314 1910 3368 ulla

260 3404 701 3473 transgressione
716 3403 972 3457 violetur.
992 3405 1149 3455 Hanc
1163 3401 1623 3457 benedictionem
1651 3418 1909 3473 praesen-

266 3496 431 3550 tibus
463 3495 521 3549 in
554 3494 801 3549 ecclesia
822 3492 1052 3563 sponsis
1073 3509 1105 3547 a
1136 3493 1437 3547 sacerdote
1468 3494 1715 3548 conferri
1756 3493 1907 3547 anti-

274 3582 547 3654 quissimi
580 3599 682 3652 per
711 3598 913 3636 omnes
952 3580 1226 3635 ecclesias
1287 3581 1466 3635 moris
1521 3587 1628 3635 est.
1687 3580 1909 3635 Concil.

274 3670 546 3740 Carthag.
574 3687 651 3737 Iv,
684 3686 811 3723 can.
844 3684 983 3722 xm:
1044 3668 1279 3737 Sponsus
1331 3677 1382 3721 et
1411 3684 1611 3737 sponsa
1664 3684 1788 3723 cum
1820 3669 1908 3723 be-

267 3757 562 3814 nedicendi
615 3759 724 3811 sint
771 3773 804 3811 a
859 3755 1150 3824 sacerdote,
1209 3772 1243 3809 a
1287 3755 1606 3825 parentibus
1662 3758 1774 3811 suis
1826 3757 1911 3811 vel

273 3846 680 3918 paranymphis
711 3847 1032 3917 oﬂerantur.
1059 3843 1204 3907 Quia
1232 3859 1365 3897 vero
1398 3844 1660 3914 episc0pi
1693 3852 1780 3898 est
1810 3845 1908 3899 de-

268 3936 506 4006 signare
536 3934 915 3989 sacerdotem.
958 3947 1129 4003 quem
1184 3931 1555 4001 potissimum
1605 3930 1743 3985 velit
1800 3932 1910 3986 ista

270 4039 441 4080 sacra
468 4022 621 4077 circa
650 4022 924 4091 conjuges
956 4020 1297 4074 caaremonia
1345 4018 1602 4087 defungi,
1660 4020 1909 4088 patriar-

270 4113 394 4168 οδω
424 4107 1047 4179 Constantinopolitani
1082 4108 1229 4161 hanc
1253 4107 1483 4178 proprie
1511 4123 1709 4161 curam
1744 4108 1910 4162 char-

267 4198 562 4271 tophylaci
595 4198 716 4252 sive
748 4195 1092 4251 cancellario
1125 4212 1234 4249 sua
1283 4195 1797 4264 demandaverant,
1849 4199 1914 4249 ut

269 4288 359 4342 vel
392 4286 516 4357 ipse
541 4302 643 4357 per
671 4301 797 4340 sese
827 4285 1060 4354 sponsis
1091 4283 1198 4339 hoc
1230 4283 1401 4337 modo
1433 4283 1911 4349 benediceret,vel

269 4376 634 4430 sacerdotem
667 4372 905 4443 eligeret
932 4371 1031 4442 qui
1080 4370 1137 4424 id
1185 4372 1416 4436 faceret,
1472 4372 1613 4425 adeo
1646 4376 1711 4425 ut
1767 4371 1912 4427 citra

267 4465 399 4534 ejus
429 4478 737 4517 assensum
770 4476 837 4514 ac
859 4460 1097 4530 jussum
1148 4458 1346 4513 nullus
1379 4459 1682 4529 presbyter
1710 4458 1766 4513 id
1801 4460 1910 4514 rite

267 4568 336 4607 ac
365 4550 621 4621 legitime
655 4554 849 4619 posset
876 4563 1064 4633 agere.
1119 4546 1237 4601 Hoc
1268 4552 1357 4601 est
1403 4548 1555 4617 quod
1592 4548 1761 4602 docet
1814 4547 1909 4603 hic
1940 4569 1989 4633 ι)

269 4640 501 4701 Noster,
528 4639 670 4693 dum
703 4638 783 4691 ait
829 4632 1130 4709 προνόμιον
1163 4651 1291 4690 esse
1351 4635 1817 4706 chartophylacis
1845 4635 1907 4689 τὸ

266 4728 609 4801 προτροπαῖς
665 4722 864 4777 ἐκείνου
926 4721 1020 4783 τὰς
1087 4721 1397 4797 ἱερολογίας
1464 4720 1729 4794 γίνεσθαι,
1796 4741 1907 4780 non

264 4816 392 4870 sine
420 4813 685 4884 facultate
739 4828 801 4866 ac
848 4809 1107 4865 mandato
1163 4825 1277 4880 ejus
1336 4808 1586 4864 adhiberi
1636 4813 1846 4879 sponsis
1875 4828 1909 4866 a

261 4902 537 4959 sacerdote
565 4901 678 4956 ullo
707 4900 986 4970 nuptiales
1020 4898 1435 4954 benedictiones.
1470 4899 1655 4963 Quare
1686 4896 1784 4953 ille
1811 4897 1905 4961 τὰς

259 4994 372 5044 τῶν
423 4988 609 5063 ἱερὲων
658 4988 716 5049 ὃς
767 4984 897 5060 δίχα
943 4992 1042 5053 τῆς
1088 4989 1184 5039 τοῦ
1225 4983 1640 5061 χαρτοφύλακος
1671 5004 1900 5060 προτρο.

259 5084 374 5145 πῆς
416 5076 684 5152 νυμφίους
724 5074 1021 5148 ἱερολόγει,
1081 5075 1327 5130 sacerdos
1374 5073 1596 5143 quidam
1646 5079 1740 5145 qui
1763 5080 1904 5131 citra

258 5167 584 5222 mandatum
633 5181 696 5220 ac
723 5168 922 5218 nutum
978 5163 1419 5234 chartophylacis
1473 5163 1687 5231 sponsis
1746 5164 1904 5219 bene-

260 5256 504 5319 dixerat,
535 5252 939 5323 suspensionis
971 5257 1040 5306 ob
1075 5252 1130 5305 id
1165 5269 1335 5322 pmna
1383 5256 1473 5306 est
1503 5252 1806 5318 multatus,
1840 5257 1904 5307 ut

258 5359 397 5396 mox
427 5340 808 5409 Pachymeres
843 5339 1167 5409 subjuugit.
1226 5339 1323 5393 Est
1379 5338 1567 5410 igitur
1614 5336 1900 5412 ἱερολογία

254 5446 428 5486 sacra
449 5423 667 5484 functio
700 5426 1020 5484 sacerdotis
1050 5428 1204 5482 circa
1235 5444 1501 5498 sponsos,
1567 5430 1801 5500 quando
1831 5430 1892 5485 in

333 5642 410 5716 (1)
440 5641 521 5697 Cf.
556 5638 808 5698 Glossar.
842 5638 1006 5697 alter.
1036 5657 1093 5696 v.
1127 5636 1487 5715 Ἰχνηλάτης.

1938 3223 1980 3271 U

1948 3205 1979 3231 Π

2020 1988 2110 2041 καὶ
2138 1990 2235 2056 τὴν
2268 1986 2576 2062 ἱερολογίαν
2611 1986 2873 2057 ἐτέλεσεν,
2918 1995 3015 2062 qui
3044 1995 3315 2064 nuptialis
3336 1998 3474 2051 ritus
3495 2012 3668 2054 caere-

2019 2079 2264 2132 moniam
2288 2080 2520 2147 peregit.
2552 2083 2683 2133 Hec
2732 2079 3039 2136 Briennius
3086 2082 3296 2151 Caesar,
3346 2085 3443 2153 qui
3492 2085 3668 2156 paulo

2022 2170 2153 2219 ante
2184 2165 2542 2220 iunctionem
2574 2166 2837 2220 eamdem
2870 2168 3044 2223 verba
3093 2166 3336 2243 εὐλογεῖν
3391 2172 3667 2244 designa-

2019 2254 2293 2323 verat,',de
2323 2259 2467 2307 aestu
2500 2269 2565 2308 ac
2599 2253 2885 2323 fscrupulo
2936 2256 3149 2326 prioris
3200 2260 3521 2315 sacerdotis
3581 2260 3670 2315 sic

2022 2341 2325 2397 scribens:
2380 2340 2706 2415 Συναγαγὼν
2767 2341 2951 2395 ἑαυτὸν
2983 2341 3072 2396 καὶ
3124 2344 3284 2419 γνοὺς
3336 2344 3443 2415 ὅπη
3501 2350 3668 2402 κακοῦ

2022 2426 2233 2503 φέρεται
2280 2429 2532 2502 μοιχείαν
2587 2429 2699 2499 ἅμα
2747 2428 2836 2483 καὶ
2890 2431 3186 2505 τριγαμίαν
3247 2432 3512 2508 εὐλογῶν,
3564 2437 3664 2492 ubi

2022 2513 2263 2590 εὐλογεῖν
2306 2518 2461 2572 idem
2489 2522 2579 2572 est
2609 2520 2765 2588 quod
2797 2517 3138 2594 ἱερολογεῖνε
3192 2528 3512 2592 utrumque
3563 2542 3666 2580 au-

2023 2610 2141 2659 tem
2174 2604 2464 2675 signiﬁcat
2495 2622 2727 2661 sacrum
2765 2606 2927 2661 illum
2978 2608 3156 2663 ritum
3215 2627 3331 2682 quo
3391 2614 3665 2669 sacerdos

2026 2692 2155 2748 illos
2202 2710 2449 2763 sponsos
2498 2695 2557 2748 in
2608 2696 3052 2751 matrimonium
3101 2700 3442 2771 conjungit;
3491 2718 3665 2772 quem

2022 2781 2489 2836 benedictionem
2521 2783 2592 2836 ab
2624 2784 2883 2853 antiquis
2916 2785 3332 2843 ecclesiasticis
3362 2789 3662 2860 scriptori-

2020 2870 2133 2924 bus
2166 2870 2366 2924 Latine
2421 2875 2689 2924 vocatum
2726 2871 3002 2941 vidimus,
3043 2874 3101 2928 in
3143 2891 3260 2946 quo
3319 2880 3515 2932 tamen
3575 2883 3666 2933 est

2019 2961 2295 3027 praeterea
2340 2958 2771 3012 observandum
2811 2976 2939 3014 esse
2983 2966 3043 3015 et
3090 2961 3263 3017 aliam
3308 2964 3663 3019 benedictio-

2020 3061 2151 3099 nem
2179 3044 2524 3115 nuptialem,
2550 3062 2675 3115 quae
2707 3047 3099 3119 conjungibus
3125 3066 3227 3120 per
3256 3052 3450 3121 verba,
3482 3057 3547 3106 ut
3575 3053 3663 3107 lo-

2019 3132 2118 3204 qui
2143 3133 2357 3199 solent,
2390 3133 2460 3187 de
2494 3133 2765 3199 praesenti
2796 3137 3062 3205 ratojam
3096 3138 3468 3195 matrimonio
3503 3156 3537 3195 a
3562 3157 3659 3195 sa-

2019 3222 2249 3275 cerdote
2281 3220 2567 3292 copulatis
2598 3221 2749 3277 solet
2778 3222 3038 3279 adhiberi
3068 3241 3080 3293 ;
3112 3225 3183 3279 de
3224 3242 3340 3297 qua
3386 3226 3663 3299 intelligi-

2021 3316 2113 3363 lur
2143 3308 2242 3363 illa
2274 3309 2519 3379 quaestio
2552 3327 2727 3381 quam
2754 3312 3005 3383 theologi
3039 3320 3293 3382 movent,
3325 3316 3406 3370 An
3434 3320 3508 3371 sit
3533 3333 3664 3388 pec-

2015 3406 2197 3452 catum
2264 3413 2649 3453 consummare
2721 3401 3133 3457 matrimonium
3196 3410 3328 3459 ante
3400 3406 3660 3461 Ecclesia?

2019 3486 2475 3553 benedictionem,
2507 3492 2615 3541 etc.
2650 3487 2795 3542 Vide
2825 3489 3103 3545 Sanchez.
3152 3490 3190 3546 l.
3252 3508 3336 3561 ιιι,
3370 3492 3522 3563 disp.
3574 3494 3659 3547 12.

2021 3578 2302 3629 Caeterum
2337 3573 2496 3643 prior
2527 3574 2626 3628 illa
2648 3576 2719 3629 de
2750 3592 2866 3646 qua
2900 3577 3157 3633 diximus
3206 3580 3533 3635 benedictio
3583 3586 3666 3635 est

2021 3679 2147 3733 quae
2180 3662 2273 3717 hic
2303 3657 2615 3734 ἱερολογίας
2666 3669 2723 3718 et
2779 3662 3078 3739 ἱερολογεῖν
3128 3667 3425 3723 vocabulis
3481 3670 3665 3739 expri-

2021 3752 2220 3805 mitur.
2254 3751 2378 3805 Huc
2411 3750 2545 3805 facit
2595 3752 2830 3822 Georgii
2871 3754 3215 3825 Acropolitae
3274 3754 3459 3825 locus,
3519 3758 3663 3812 Hist.

2019 3858 2077 3895 n.
2133 3840 2234 3895 33:
2288 3837 2571 3911 Πληροῦσι
2632 3839 2730 3904 τὴν
2789 3843 2895 3893 τῶν
2949 3838 3160 3895 παίδων
3216 3842 3523 3918 συνάφειαν.
3565 3848 3663 3897 τοῦ

2016 3925 2360 4001 πατριάρχου
2386 3930 2666 4002 Γερμανοῦ
2716 3927 2785 3981 τὰ
2834 3934 2930 3996 τῆς
2978 3927 3289 4003 ἱερολογίας
3325 3930 3658 3995 τελέσαντος.

2017 4018 2149 4088 Agit
2179 4018 2249 4072 de
2301 4016 2525 4087 nuptiis
2575 4016 2860 4071 Theodori
2906 4018 3167 4073 Junioris
3212 4020 3475 4074 Lascaris
3524 4037 3657 4076 cum

2016 4106 2233 4160 Helena
2263 4104 2380 4158 filia
2406 4104 2616 4159 Asanis
2641 4105 2932 4176 Bulgariae
2962 4108 3133 4177 regis.
3156 4107 3317 4163 Adde
3338 4115 3391 4163 et
3413 4107 3656 4165 titulum

2018 4211 2146 4249 can.
2177 4195 2211 4247 6
2232 4193 2718 4248 Neocaesariensis
2760 4195 2980 4249 recitati
3016 4212 3049 4249 a
3103 4195 3367 4251 Μελίη]ωο
3400 4196 3660 4252 Blastare

2016 4282 2191 4336 verbo
2244 4280 2461 4355 γάμος,
2505 4281 2727 4351 quisic
2787 4281 2999 4336 habet:
3058 4281 3190 4355 Περὶ
3248 4284 3343 4335 τοῦ
3400 4283 3475 4354 μὴ
3536 4303 3660 4338 συνε

2019 4368 2259 4421 πιᾶσθαι
2289 4371 2367 4437 τῷ
2391 4364 2707 4441 ’δι-γαμοῦντι
2737 4367 2829 4421 τὸν
2864 4368 3317 4442 ἱερολογήσαντα.

2088 4453 2511 4530 Ἰχνηλάτηςμ)
2544 4474 2600 4526 p.
2650 4458 2771 4511 464.
2826 4457 3170 4512 Καθικετεύει
3214 4456 3273 4512 ἐκ
3324 4462 3433 4513 τῶν
3495 4458 3661 4533 ὶχνη-

2020 4543 2187 4599 λάτου
2241 4538 2648 4615 παραϐολικῶν,
2702 4552 2831 4600 etc.
2884 4546 2974 4599 Ait
3028 4547 3462 4619 imperatorem,
3518 4566 3652 4604 cum

2020 4636 2234 4689 videret
2260 4636 2538 4702 quosdam
2588 4631 2918 4688 inconsulto
2966 4635 3090 4690 zelo
3135 4636 3465 4708 improbare
3514 4654 3654 4692 con-

2020 4723 2274 4777 cordiam
2306 4737 2437 4775 cum
2471 4720 2693 4776 Latinis
2734 4721 2962 4794 initam,
3019 4724 3356 4796 congregari
3398 4725 3654 4795 jussisse

2017 4811 2314 4881 episcopos
2346 4824 2550 4865 omnes
2576 4814 2631 4864 et
2662 4811 3021 4880 monachos;
3053 4817 3177 4867 tum
3212 4815 3406 4884 ipsum
3437 4813 3497 4869 in
3551 4814 3651 4871 illo

2015 4914 2293 4954 consessu
2318 4896 2576 4951 medium
2602 4898 2922 4953 orationem
2944 4899 3275 4970 inchoasse,
3298 4904 3555 4973 rogando
3578 4918 3648 4958 ex

2015 4987 2320 5043 Ichnelata:
2351 4986 2718 5052 Parabolicis,
2752 4989 2922 5058 cujus
2978 4989 3089 5045 loci
3149 4992 3219 5045 ad
3250 4991 3359 5047 hoc
3412 4997 3647 5063 tempus

2011 5075 2323 5148 opportuni
2352 5075 2656 5146 plerosque
2683 5076 2944 5146 ipsorum
2974 5080 3259 5133 recordari
3293 5080 3640 5145 conﬁdebat,

2014 5182 2084 5219 ne
2140 5164 2332 5234 potius
2394 5163 2633 5217 mallent
2689 5163 2910 5218 imitari
2966 5166 3130 5220 avide
3181 5166 3642 5237 praefestinantes

2008 5269 2183 5323 quam
2218 5250 2487 5322 prudenti
2521 5251 2799 5321 patientia
2832 5254 3228 5308 maturitatem
3261 5255 3640 5309 occasionum

2008 5345 2064 5396 et
2086 5355 2278 5394 rerum
2311 5344 2643 5409 exspectare
2673 5340 2952 5394 cessando
2976 5342 3197 5396 solitos.
3244 5341 3459 5396 Multos
3491 5342 3639 5409 dies,

2009 5445 2078 5484 ne
2100 5428 2288 5482 dicam
2319 5425 2738 5498 hebdomadas,
2780 5428 2839 5482 in
2891 5428 3065 5500 hujus
3096 5445 3228 5485 sum
3252 5428 3362 5485 loci
3394 5430 3647 5487 medita-
