4146 6288
477 331 608 390 1031

1524 335 1588 389 Ρ.
1627 332 1899 388 POSSINI
1933 334 2548 391 OBSERVATIONUM
2583 337 2720 392 LIB.
2759 340 2805 391 Ῑ.

3716 332 3869 389 1032

457 458 617 512 tione
635 456 922 512 versatus.
955 454 1136 525 Cujus
1167 470 1299 509 cum
1333 454 1697 526 intelligendi
1729 472 1847 511 una
1878 472 2012 528 spes
2046 460 2104 513 et
2129 459 2186 524 Α
2214 457 2437 513 Persica
2469 466 2523 514 et
2550 459 2819 528 Arabica,
2851 475 2997 531 quas
3029 458 3208 513 fuisse
3242 456 3500 513 diversas
3557 457 3865 528 ponimus,

460 545 610 601 ratio
641 544 755 599 sita
784 547 940 599 esset
977 543 1034 597 in
1067 542 1275 598 notitia
1322 543 1623 613 scriptoris
1668 543 1725 597 in
1757 560 1823 598 eo
1862 543 2109 611 laudati,

457 639 646 689 totum
672 649 760 687 me
790 631 922 686 dedi
951 631 1387 702 investigationi
1438 630 1685 685 istorum
1713 625 2106 700 παραϐολικῶν

455 720 782 795 ’ἰχνηλάτου
806 720 901 775 hic
926 724 1409 786 memoratorum,
1433 718 1788 789 ignotissimi
1811 724 1934 774 tum
1962 721 2107 775 mihi

456 809 868 882 operis,quoad
884 805 2109 879 eruditissimusjuxtahumanissimusque

461 900 568 954 Leo
600 896 843 951 Allatius
873 894 901 946 ὁ
931 892 1068 946 πάνυ
1092 894 1285 964 primo
1339 894 1643 961 indicium,
1685 894 1897 949 deinde
1928 896 2106 950 etiam

457 986 683 1058 copiam
716 982 935 1055 perrari
966 984 1094 1051 ejus
1129 986 1187 1037 et
1249 982 1466 1036 Latinis
1525 999 1763 1052 prorsus
1820 983 2105 1038 hactenus

456 1072 736 1144 incogniti
768 1070 1172 1126 commentarii
1218 1069 1372 1124 fecit.
1405 1070 1611 1124 Totum
1646 1070 1809 1125 avide
1842 1070 2101 1142 perlegi:

458 1172 601 1242 quin
629 1170 835 1235 etiam,
869 1169 1026 1239 quod
1061 1167 1144 1223 sic
1176 1167 1451 1237 expedire
1503 1167 1694 1221 visum
1726 1172 1834 1235 est,
1893 1169 2103 1238 raptim

461 1259 774 1314 Latinitate
800 1257 1081 1310 donatum
1116 1254 1174 1309 in
1220 1254 1429 1308 harum
1489 1254 1969 1309 Observationum
2003 1272 2103 1325 ap-

460 1346 767 1419 pendicem
793 1343 1036 1414 conjeci.
1071 1342 1155 1397 Ibi
1185 1341 1423 1405 videbit,
1457 1341 1506 1396 si
1535 1342 1941 1412 tantijudicet,
1973 1347 2103 1397 stu-

460 1436 665 1490 diosus
690 1433 868 1487 lector
919 1447 1093 1501 quem
1149 1431 1280 1500 ejus
1327 1430 1421 1484 hic
1470 1430 1744 1501 indigitat
1790 1430 2105 1501 imperator

459 1524 675 1587 locum,
710 1519 1118 1577 dissertatione
1151 1517 1484 1589 parabolica
1515 1524 1695 1584 sexta,
1731 1535 1845 1588 qua
1877 1519 2102 1573 fabellis

462 1614 531 1666 ad
569 1612 627 1665 id
662 1610 814 1681 aptis
845 1608 1067 1662 sultitia
1118 1607 1446 1661 traducitur
1503 1623 1702 1661 eorum
1755 1623 1901 1676 quos
1956 1607 2102 1677 ipsis

461 1700 657 1756 statim
703 1696 953 1752 exordiis
1014 1694 1322 1765 longorum
1386 1695 1748 1765 negotiorum
1790 1694 2101 1765 impatiens

2215 562 2331 600 non
2362 562 2476 600 una
2524 562 2721 601 revera
2772 550 2829 603 et
2879 547 3085 602 eadem
3140 544 3316 601 fuerit
3374 544 3586 598 versio.
3638 544 3867 600 Dicitur

2213 632 2366 688 enim
2392 634 2486 688 hic
2514 638 2742 689 tantum
2774 634 2989 690 librum
3014 634 3171 688 hunc
3196 649 3263 689 ex
3281 632 3445 688 India
3471 632 3531 687 in
3554 632 3857 688 Persidem

2212 720 2467 776 delatum
2502 739 2535 776 a
2572 728 2797 789 Perzoe,
2833 723 2913 778 ita
2971 726 3034 776 ut
3084 722 3239 792 quod
3273 720 3509 775 additur
3565 721 3636 774 de
3664 724 3863 775 trans-

2212 807 2506 864 lationein
2540 810 2801 882 linguam
2835 810 3164 879 Arabicam,
3202 808 3379 863 tribui
3415 808 3601 863 eidem
3660 808 3859 863 Perzoi

2211 902 2382 965 queat
2398 902 2453 952 et
2473 898 2715 970 intelligi
2731 916 2963 954 versum
2979 899 3053 953 ab
3079 914 3144 952 eo
3157 897 3397 951 Arabica
3417 896 3657 951 Cbosroi
3690 897 3862 951 obla-

2209 988 2334 1039 tum
2361 990 2417 1040 et
2448 985 2745 1057 vulgatum
2780 988 2839 1041 in
2871 986 3105 1041 Perside
3138 984 3451 1047 fuisse,ubi
3483 984 3630 1039 forte
3651 983 3859 1054 lingua

2206 1073 2454 1127 Arabica
2484 1090 2598 1127 non
2620 1073 2918 1145 incognita
2946 1072 3114 1141 vulgo
3149 1071 3344 1126 fuerit.
3379 1072 3595 1126 Verum
3619 1088 3854 1126 omnem

2208 1160 2651 1231 ambiguitatem
2686 1162 2834 1216 tollit
2870 1162 3022 1232 quod
3044 1162 3114 1215 ad
3143 1161 3360 1215 calcem
3390 1159 3581 1231 operis
3605 1160 3856 1229 subjun-

2207 1247 2365 1318 gitur
2396 1249 2467 1303 ab
2496 1249 2624 1319 ipso
2656 1250 2850 1303 Graeco
2882 1248 3199 1318 interprete
3218 1252 3503 1319 Bymeone
3534 1247 3691 1315 Seth,
3727 1252 3865 1318 post

2208 1336 2472 1404 quintam
2508 1338 2797 1391 decimam
2848 1336 3328 1392 Dissertationem
3382 1335 3701 1406 ascriptum
3760 1336 3854 1389 bis

2207 1432 2378 1501 plane
2406 1433 2634 1487 verbis:
2668 1436 2850 1488 Ταῦτα
2895 1433 2962 1487 τὰ
3013 1433 3070 1485 ιε’
3113 1434 3380 1503 τμήματα
3412 1431 3439 1484 ὁ
3471 1430 3636 1506 σοφὸς
3666 1428 3856 1504 ἰατρὸς

2205 1519 2425 1592 Ηερζωὶ
2471 1515 2760 1591 μετὲϐαλεν
2812 1518 2871 1573 ἐκ
2910 1527 3008 1589 τῆς
3061 1517 3293 1587 Ἰνδικῆς
3344 1517 3421 1579 εἷς
3473 1519 3574 1585 τὴν
3620 1515 3858 1592 Περσίδα

2207 1603 2510 1675 διάλεκτον,
2566 1607 2932 1680 μετακομίσας
2992 1606 3051 1661 ἐκ
3106 1614 3204 1676 τῆς
3266 1606 3460 1668 Ἰνδίας
3505 1611 3584 1676 τῷ
3639 1604 3859 1679 βασιλεῖ

2204 1694 2443 1769 Χοσρόῃ.
2500 1696 2593 1749 Ἐκ
2650 1694 2707 1749 δὲ
2759 1703 2859 1766 τῆς
2918 1702 3184 1766 Περσικῆς
3246 1694 3321 1755 εἷς
3374 1695 3473 1761 τήν
3534 1696 3682 1750 569
3738 1698 3851 1746 τῶν

464 1788 613 1845 568
638 1786 849 1854 abripit
880 1783 1121 1838 aviditas
1149 1784 1221 1837 ad
1254 1782 1397 1837 ﬁnes
1431 1799 1858 1853 successusque
1889 1800 2097 1852 praevo-

2207 1777 2446 1855 Ἀράϐων
2502 1779 2912 1855 μετεϐλήθησαν
2958 1783 3231 1859 γλῶσσαν,
3288 1782 3347 1836 ἐκ
3387 1779 3444 1835 δὲ
3472 1782 3572 1849 τῆς
3600 1776 3854 1854 Ἀράϐων

460 1876 697 1931 randos.
730 1873 835 1927 Hic
865 1872 1156 1943 agendum
1190 1870 1335 1924 mihi
1367 1876 1505 1940 puto
1535 1872 1603 1925 de
1648 1872 1881 1925 nomine
1929 1869 2091 1943 ἰχνη-

462 1961 657 2033 λάτης,
688 1963 841 2033 quod
866 1976 999 2014 cum
1032 1965 1311 2028 tanquam
1346 1959 1642 2029 proprium
1676 1958 1848 2013 istius
1880 1959 1965 2012 vel
1989 1977 2096 2013 au-

462 2051 639 2106 ctoris
670 2047 754 2103 vel
776 2047 969 2118 operis
1005 2052 1273 2117 ponatur,
1307 2047 1497 2099 neutri
1531 2051 1724 2099 tamen
1778 2062 1845 2099 ex
1876 2046 2099 2117 origine

461 2136 761 2202 convenit;
804 2150 931 2204 quae
965 2132 1107 2186 mihi
1131 2131 1434 2187 fuitcausa
1465 2132 1607 2186 illud
1642 2132 1713 2186 ab
1750 2132 1877 2201 ejus
1927 2131 2096 2186 titulo

461 2225 521 2279 in
560 2224 757 2279 Latina
785 2221 1261 2291 interpretatione
1310 2220 1665 2274 removendi.
1716 2220 1949 2274 Primus
2000 2237 2097 2274 vo-

462 2310 737 2366 cabulum
767 2306 1075 2384 ἶχνηλάτης
1108 2325 1173 2363 ac
1213 2307 1369 2362 hunc
1417 2306 1633 2362 librum
1684 2307 2097 2379 appellandum

466 2398 734 2455 adhibuit
761 2400 994 2453 Gl‘tBOUS
1017 2396 1176 2452 illius
1200 2396 1490 2467 interpres
1514 2396 1761 2467 Symeon
1783 2396 1939 2464 Seth,
1973 2396 2094 2450 imi-

465 2491 640 2555 tatus,
676 2491 740 2541 ut
770 2487 893 2556 ipse
918 2486 1019 2552 ait,
1048 2485 1147 2539 sed
1179 2501 1247 2539 ex
1282 2488 1445 2555 parte
1496 2487 1798 2548 duntaxat,
1850 2485 2098 2538 Arabem

465 2576 922 2642 innominatum,
956 2573 1056 2645 qui
1078 2590 1147 2628 ex
1168 2574 1395 2627 Persica
1416 2572 1683 2639 dialecto,
1708 2573 1767 2627 in
1792 2590 1964 2643 quam
1992 2574 2099 2628 has

466 2663 828 2735 parabolicas
861 2661 1302 2716 dissertationes
1326 2666 1563 2715 Perzoes
1594 2677 1662 2715 ex
1687 2661 1898 2716 Indicis
1929 2661 2100 2731 origi-

468 2754 643 2809 nibus
673 2751 1072 2817 transtulerat,
1107 2751 1340 2805 Arabice
1369 2749 1499 2805 illas
1526 2751 1797 2819 reddens,
1836 2750 1992 2821 operi
2025 2749 2100 2802 ti-

467 2842 656 2897 tulum
683 2839 962 2911 imposuit
983 2840 1370 2909 compositum
1394 2855 1461 2893 ex
1482 2839 1819 2893 nominibus
1850 2839 2100 2893 duarum

471 2943 877 3001 personarum,
935 2942 1183 2997 quarum
1242 2925 1508 2996 dialogus
1568 2927 1844 2996 majorem
1905 2924 2104 2994 implet

473 3022 698 3088 partem
729 3014 1153 3071 dissertationis
1186 3014 1382 3083 prima:
1405 3018 1470 3067 ut
1491 3013 1561 3067 ad
1582 3013 1899 3068 secundam
1927 3013 2101 3066 etiam

472 3104 822 3169 extenditur.
855 3104 1067 3158 Earum
1097 3102 1295 3157 Indica
1349 3101 1631 3155 vocabula
1681 3116 1806 3170 quae
1865 3100 2100 3169 fuerint,

2203 1871 2328 1945 παρ’
2384 1872 2542 1942 ἡμῶν
2597 1871 2672 1933 εἷς
2728 1873 2829 1939 τήν
2885 1869 3208 1939 Ἑλληνίδα,
3269 1869 3360 1924 καὶ
3419 1868 3521 1923 εἶσὶ
3553 1870 3854 1941 παρ’ἡμῖν

2204 1959 2371 2032 μέχρι
2413 1964 2510 2026 τῆς
2558 1961 2796 2032 σήμερον
2848 1958 2924 2021 εἷς
2968 1957 3149 2032 ὠφέλε
3178 1978 3237 2011 αν
3291 1961 3398 2011 τῶν
3450 1956 3852 2030 ἀναγινωσκόν-

2199 2067 2328 2101 των.
2366 2050 2478 2102 Ηοο
2504 2052 2591 2103 est
2615 2049 2684 2103 ad
2716 2050 2957 2103 verbum
2986 2065 2998 2102 :
3034 2049 3137 2101 Has
3180 2047 3245 2100 15
3296 2048 3557 2101 sectione:
3613 2047 3843 2115 sapiens

2205 2136 2455 2190 medicus
2484 2137 2711 2191 Perzoes
2763 2135 3049 2190 transtulit
3096 2151 3166 2189 ea:
3221 2134 3413 2189 Indica
3462 2135 3519 2187 in
3567 2134 3856 2188 Persicam

2203 2222 2501 2277 dialeclum
2530 2240 2564 2276 a
2592 2240 2651 2278 se
2678 2222 2995 2294 deportata:
3024 2240 3096 2277 ex
3126 2223 3282 2277 India
3318 2224 3440 2289 regi
3468 2220 3720 2275 Chosroi.
3760 2225 3855 2276 8.2:

2204 2310 2425 2365 Persica
2453 2327 2578 2366 vero
2605 2311 2668 2365 in
2723 2311 3012 2366 Arabicam
3061 2327 3230 2365 versae
3279 2310 3532 2379 linguam
3575 2317 3723 2377 sunt,
3776 2327 3857 2364 ex

2202 2398 2439 2453 Arabica
2466 2400 2683 2454 demum
2713 2416 2746 2453 a
2775 2400 2933 2454 nobis
2981 2400 3041 2453 in
3094 2398 3361 2455 Graecam.
3414 2399 3477 2452 Et
3530 2407 3662 2452 sunt
3706 2398 3859 2467 apud

2202 2503 2299 2541 nos
2328 2504 2501 2557 usque
2529 2490 2590 2541 in
2620 2487 2954 2541 hodiernum
2978 2486 3122 2541 diem
3182 2486 3253 2540 ad
3308 2486 3608 2539 utilitatem
3666 2486 3852 2552 legen-

2204 2574 2369 2629 tium.
2407 2575 2490 2629 Ita
2520 2574 2620 2629 ibi.
2657 2574 2817 2629 Unde
2849 2575 3225 2629 manifestum
3251 2578 3340 2628 est
3372 2572 3662 2627 Persicam
3719 2589 3841 2642 quae

2205 2661 2421 2715 dicitur
2451 2663 2879 2732 Arabicamque
2906 2662 3234 2716 versionem
3259 2661 3442 2715 fuisse
3465 2659 3637 2730 plane
3661 2659 3831 2712 diver-

2206 2766 2325 2804 sas.
2357 2752 2497 2803 Cum
2541 2753 2758 2815 autem,
2806 2753 2870 2803 ut
2916 2765 2985 2803 ex
3035 2748 3199 2820 prius
3248 2747 3546 2816 descripto
3584 2747 3824 2816 ejusdem

2207 2839 2511 2909 Symeonis
2556 2838 2794 2909 prologo
2849 2843 3099 2904 constat,
3149 2837 3358 2892 titulus
3419 2836 3596 2907 Cylile
3653 2836 3831 2889 Bimae

2215 2934 2465 2988 Arabica;
2494 2934 2780 2989 versionis
2809 2935 3078 3005 proprius
3110 2934 3303 3002 fuerit,
3346 2934 3431 2988 uti
3478 2938 3536 2987 et
3566 2932 3696 3003 ipsa
3749 2931 3848 2985 illa

2208 3022 2488 3077 vocabula
2527 3023 2769 3077 Arabica
2798 3040 2866 3077 ex
2896 3023 3121 3094 origine
3171 3027 3472 3093 putantur,
3533 3020 3843 3076 dicendum

2214 3114 2301 3165 est
2338 3115 2395 3164 et
2426 3111 2623 3165 Indica
2649 3111 2965 3182 archetypa
2986 3117 3043 3166 et
3068 3111 3361 3167 Persicam
3385 3128 3418 3166 a
3447 3116 3657 3166 Perzoe
3710 3125 3845 3165 con-

568 3164 571 3169 .
1695 3163 1715 3170 -
2086 3163 2097 3169 ,
2226 3163 2267 3165 .,
2351 3163 3648 3182 _.,_,-_-"----___-_-m_--__.,,,--
3720 3163 3730 3165 ἡ

470 3201 763 3255 nescimus
790 3225 803 3265 ;
835 3215 1085 3269 quorum
1115 3203 1311 3252 tamen
1361 3201 1426 3250 ut
1477 3196 1839 3267 propriorum
1871 3196 2103 3252 retineri
2134 3163 2177 3229 ϐ
2214 3198 2507 3252 cinnatam
2538 3197 3076 3269 interpretationem
3108 3198 3194 3254 vel
3242 3198 3499 3253 caruisse
3557 3196 3729 3253 titulo
3765 3196 3850 3253 vel

469 3306 650 3345 sonus
667 3292 722 3342 et
744 3287 985 3341 aliarum
1022 3285 1231 3339 litteris
1262 3284 1504 3355 exprimi
1545 3285 1825 3340 debuerat
1872 3284 2105 3355 lingua-

468 3393 620 3431 rum.
656 3381 735 3430 Ac
769 3391 840 3428 ne
869 3374 968 3428 illa
994 3373 1232 3443 quidem
1265 3377 1665 3428 memorantur
1717 3388 1844 3442 qua»
1876 3372 1934 3426 in
1995 3389 2104 3427 sua

467 3462 940 3534 interpretatione
967 3460 1190 3516 Persica
1206 3461 1398 3532 posuit
1420 3461 1677 3515 medicus
1698 3465 1954 3516 Perzoes.
1980 3460 2102 3514 Pri-

471 3569 602 3606 mus
633 3552 837 3613 Arabs,
868 3550 965 3619 qui
997 3550 1290 3604 secundus
1320 3549 1605 3620 interpres
1636 3552 1720 3617 [P.
1746 3550 1871 3620 390]
1922 3548 2104 3603 fuisse

470 3640 720 3707 dicitur;
755 3656 867 3694 non
901 3639 1093 3693 solum
1119 3638 1266 3691 duos
1297 3638 1440 3691 istos
1465 3637 1905 3692 interlocutores
1960 3638 2101 3689 Ara-

468 3726 615 3782 bicis
647 3743 715 3781 ex
746 3725 968 3796 origine
998 3725 1235 3780 vocibus
1265 3724 1594 3794 indigitavit
1642 3726 1800 3780 hisce
1834 3723 2009 3794 Cylile
2049 3727 2105 3777 et

466 3817 679 3882 Dimne,
709 3830 911 3869 verum
950 3813 1124 3867 etiam
1157 3813 1316 3882 operi
1348 3812 1678 3883 quindecim
1739 3811 2103 3867 dissertatio-

470 3921 603 3958 num
633 3902 904 3957 universo
935 3903 1170 3957 easdem
1196 3917 1300 3971 pro
1330 3901 1500 3954 titulo
1524 3900 1857 3970 praeposuit.
1885 3899 1946 3953 Id
1966 3914 2101 3953 con-

463 3997 582 4047 stat
628 4008 694 4046 ex
734 3989 1236 4046 admonitiuncula
1295 3988 1580 4043 Allatiano
1632 3988 1815 4043 codici
1848 3988 2101 4057 praefixa,

466 4096 643 4150 quam
672 4079 764 4133 hic
813 4078 1257 4133 describendam
1290 4077 1424 4130 duxi
1454 4094 1466 4131 :
1501 4069 1723 4129 Βιϐλίον
1783 4076 2105 4148 φυσιολογί-

463 4166 559 4221 κὸν
620 4166 1011 4238 μετακομισθὲν
1069 4162 1129 4217 ἐκ
1182 4169 1281 4231 τῆς
1335 4160 1527 4224 Ἰνδίας
1570 4161 1659 4215 καὶ
1711 4160 1861 4215 δοθὲν
1892 4166 1970 4231 τῷ
2004 4163 2103 4235 βα-

465 4253 611 4309 σιλεῖ
666 4252 879 4327 Χοσρόῃ
930 4251 981 4305 ἐν
1041 4248 1259 4325 Περσίδι
1307 4250 1451 4325 παρὰ
1498 4271 1640 4310 τινος
1689 4250 1902 4321 Περζωὲ
1937 4252 2104 4325 σοφοῦ

462 4342 553 4396 καὶ
611 4342 794 4414 ἰατροῦ
852 4341 948 4408 τὴν
1022 4340 1265 4413 τὲχνην,
1332 4336 1421 4391 καὶ
1492 4339 1806 4412 μετενεχθὲν
1871 4337 1945 4399 εἷς
2003 4338 2101 4404 τὴν

462 4425 711 4503 Ἀράϐων
782 4428 1032 4503 γλῶσσαν
1069 4472 1082 4498 ,

2207 3286 2372 3341 aliter
2414 3285 2698 3356 inscripta
2756 3287 3120 3357 apparuisse.
3179 3286 3341 3342 Unde
3398 3285 3589 3357 quivis
3647 3302 3852 3357 aequus

2210 3374 2565 3429 concesserit
2589 3374 2780 3441 nobis,
2799 3374 2899 3445 qui
2932 3374 3569 3446 noninterpretationes
3591 3373 3852 3429 Graecam

2207 3467 2308 3517 aut
2341 3462 2676 3527 Arabicam,
2708 3463 2808 3517 sed
2842 3479 2990 3533 opus
3019 3462 3213 3533 ipsum
3229 3467 3359 3517 ortu
3375 3462 3563 3533 primo
3581 3461 3851 3516 Indicum

2208 3550 2414 3604 Latine
2446 3551 2772 3614 reddimus,
2815 3566 3055 3606 necesse
3087 3568 3201 3606 non
3248 3551 3428 3605 fuisse
3456 3549 3711 3604 Arabicae
3749 3554 3854 3605 aut

2208 3640 2418 3693 Graecae
2450 3637 2936 3694 nomenclationis
2969 3639 3183 3694 habere
3214 3638 3850 3706 rationem,praesertim

2207 3741 2341 3779 cum
2373 3741 2441 3779 ea
2467 3725 2614 3795 parti
2645 3730 2874 3780 tantum
2926 3728 3138 3798 operis,
3172 3727 3281 3782 hoc
3317 3731 3405 3782 est
3433 3725 3662 3780 duabus
3698 3726 3851 3780 dun-

2207 3818 2366 3868 taxat
2382 3814 3483 3884 dissertationibus,conveniat,quibus
3506 3814 3771 3869 Coronati
3794 3818 3854 3868 et

2206 3913 2586 3982 Vestigatoris
2617 3913 2907 3985 colloquia
2942 3912 3283 3967 recitantur.
3318 3910 3563 3977 Quaesivi
3593 3926 3661 3965 ex
3717 3926 3849 3964 ma-

2205 4000 2405 4070 gistris
2438 4000 2935 4073 Arabiczelinguze
2956 4018 3027 4056 an
3072 4001 3247 4069 Cylile
3296 4006 3355 4054 et
3402 3988 3598 4054 Dimne
3650 3999 3843 4053 Graece

2208 4085 2522 4161 στεφανίτην
2580 4088 2669 4141 καὶ
2726 4086 3058 4162 ΐχνηλάτην,
3116 4088 3224 4142 hoc
3277 4092 3367 4143 est
3423 4086 3627 4142 Latine
3684 4102 3841 4141 coro-

2206 4180 2393 4229 natum
2422 4180 2479 4230 et
2507 4176 2881 4245 vestigator-em
2913 4176 3336 4244 signiﬁcarent.
3398 4175 3845 4246 Responderunt

2208 4261 2266 4315 in
2301 4262 2473 4332 Cylile
2501 4264 2730 4331 quidem
2772 4279 3088 4333 agnoscere
3148 4279 3210 4316 se
3269 4262 3485 4332 aliquid
3541 4262 3697 4332 quod
3751 4277 3841 4316 co-

2210 4364 2354 4404 ronae
2402 4349 2695 4404 notionem
2746 4351 3027 4415 redoleat,
3061 4351 3118 4404 in
3152 4351 3355 4405 Dimne
3384 4349 3532 4404 nihil
3594 4348 3834 4419 reperire

1160 4425 1305 4498 παρὰ
1374 4422 1431 4479 δὲ
1506 4426 1731 4496 Συμεὼν
1808 4425 2101 4500 μαγίστρου

2212 4438 2363 4507 quod
2396 4438 2463 4491 ad
2496 4437 2724 4508 vestigii
2759 4438 3150 4508 significatum
3181 4441 3400 4506 vergat.
3448 4441 3525 4491 Ex
3584 4453 3693 4507 quo
3721 4436 3825 4488 for-

464 4498 555 4573 xa'i
613 4498 921 4595 φιλοσδφου
970 4520 1061 4569 toﬁ
1108 4515 1222 4583 Σὴθ
1267 4513 1344 4575 εἰς
1373 4516 1471 4582 τήν
1506 4511 1787 4583 Ἑλλήνων
1821 4498 2101 4567 διάλεκτον

2213 4530 2368 4579 tasse
2400 4525 2683 4595 suspicari
2714 4525 2884 4580 liceat
2914 4527 3192 4580 mendum
3226 4524 3609 4595 exscriptoris
3639 4525 3694 4579 in
3724 4522 3837 4577 ista

469 4601 828 4678 μεταϐληθὶν,
877 4601 1216 4673 καλούμενον
1276 4596 1554 4675 Ἀραϐιστὶ
1616 4602 1708 4674 μὲν
1767 4599 1968 4655 Κυλίλε
2014 4601 2103 4655 καὶ

467 4695 633 4767 Διμνὲ
669 4738 682 4761 ,
742 4691 1057 4761 Ἑλληνιστὶ
1116 4688 1172 4744 δὲ
1222 4687 1550 4766 Στεφανίτης
1606 4690 1693 4743 καὶ
1749 4686 2101 4763 Ἰχνηλάτης.

464 4792 623 4864 Ἔχει
684 4786 741 4841 δὲ
793 4788 992 4859 μύθους
1036 4785 1404 4857 παμπόλλους
1450 4785 1539 4839 καὶ
1590 4790 1749 4839 πᾶσιν
1801 4784 2113 4858 ἀνθρώποις.

469 4873 808 4954 ὠφελίμους.
843 4881 973 4930 Haec
1004 4875 1126 4940 ibi;
1169 4890 1296 4945 quae
1341 4874 1424 4927 sic
1474 4874 1674 4928 Latine
1719 4881 1960 4928 sonant:
2012 4874 2099 4927 Li-

467 4967 559 5021 ber
584 4965 996 5037 physiologicus
1025 4962 1245 5016 delatus
1274 4977 1344 5016 eo:
1371 4961 1527 5016 India
1555 4969 1604 5015 et
1626 4961 1783 5015 datus
1812 4960 1934 5031 regi
1962 4960 2102 5016 Cho-

465 5055 579 5109 sroi
607 5055 665 5108 in
698 5054 927 5107 Perside
956 5068 990 5106 a
1018 5050 1253 5122 quodam
1282 5049 1751 5119 Perzoe,sapientc
1777 5058 1830 5102 et
1869 5048 2098 5115 medico,

467 5152 761 5205 translatus
812 5150 979 5204 etiam
1036 5148 1098 5201 in
1157 5146 1397 5201 Arabum
1445 5144 1789 5214 livguam,a
1840 5143 2103 5213 Symeonc

464 5254 587 5295 vero
616 5240 879 5309 magistro
907 5240 959 5292 et
986 5235 1301 5306 philosopho
1314 5234 1699 5301 cognominata
1721 5231 1851 5285 50th
1863 5232 1920 5285 in
1951 5232 2101 5289 Gra-

465 5344 652 5383 corum
681 5328 971 5381 dialeclum
1002 5338 1306 5388 conversus,
1336 5331 1559 5377 vocatus
1592 5320 1827 5375 Arabico
1885 5320 2100 5391 quidem

470 5416 643 5487 Cylilc
672 5425 722 5469 et
752 5420 969 5479 Dzmne,
1005 5411 1186 5468 Graece
1213 5425 1337 5465 vero
1369 5408 1709 5479 Stephanites
1727 5410 1778 5463 et
1798 5409 2100 5463 Ichnelatc:

468 5505 634 5559 Habet
661 5512 840 5557 autem
872 5500 1100 5569 fabulas
1119 5499 1421 5571 permultas
1438 5501 1493 5551 et
1513 5496 1767 5552 omnibus
1786 5499 2103 5552 hominibus

464 5592 645 5647 utiles.
669 5590 853 5646 Video
884 5606 951 5645 ex
972 5588 1065 5643 his
1084 5588 1275 5644 verbis
1294 5590 1511 5642 restare
1530 5583 1770 5640 dubium
1801 5583 2098 5651 lectori,an

2215 4614 2517 4685 peregrina
2533 4630 2671 4668 voce
2701 4615 3017 4681 reddenda,
3050 4614 3202 4669 sicut
3231 4615 3470 4668 omnino
3528 4613 3723 4668 inesse
3756 4610 3839 4664 vi-

2211 4703 2383 4757 detur
2409 4703 2466 4756 in
2500 4701 2785 4773 particula
2810 4700 2921 4768 καί,
2955 4707 3127 4773 prout
3147 4701 3249 4756 illa
3262 4718 3396 4756 cum
3424 4702 3689 4756 Arabicis
3709 4717 3841 4755 con-

2204 4791 2474 4862 jungitur
2499 4792 2757 4858 vocibus,
2781 4808 2913 4846 cum
2937 4791 3133 4847 Graeca
3158 4792 3254 4859 sit,
3275 4790 3661 4846 Credibileest
3690 4790 3842 4845 enim

2210 4888 2450 4943 Setbum
2480 4888 2828 4943 scribentem
2875 4888 3087 4944 Graecis
3143 4887 3580 4943 cbaracteribus
3641 4885 3845 4941 Arabi-

2208 4990 2339 5030 cum
2373 4975 2609 5030 titulum
2658 4973 2860 5029 Κυλίλε
2885 4994 2945 5028 ου
2978 4975 3142 5046 Διμνὲ
3175 4976 3445 5047 posuisse
3478 4991 3493 5029 :
3545 4974 3691 5029 illud
3741 4990 3841 5028 au-

2207 5067 2322 5118 tem
2355 5083 2439 5130 ου,
2472 5080 2600 5133 quae
2631 5064 2839 5134 copula
2876 5068 2965 5119 est
3018 5064 3330 5118 Arabibus.
3384 5062 3620 5119 Graecus
3663 5061 3843 5116 libra-

2208 5149 2405 5204 riusin
2435 5146 2524 5201 καί
2554 5150 2918 5204 converterit.
2950 5149 3143 5204 Refert
3165 5149 3547 5205 doctissimus
3588 5146 3842 5203 Altatius

2206 5237 2456 5292 diatriba
2485 5237 2555 5291 de
2591 5242 2943 5308 Symeonum
3003 5237 3238 5308 scriptis
3288 5254 3346 5307 p.
3400 5238 3503 5291 184
3558 5235 3849 5307 prodiisse

2207 5324 2468 5379 Ferraria
2495 5325 2746 5379 an.1584
2778 5326 3091 5396 quamdam
3126 5324 3305 5395 hujus
3335 5325 3528 5396 operis
3560 5324 3847 5393 interpre-

2206 5412 2484 5467 tationem
2525 5411 2784 5467 Italicam
2823 5413 3023 5467 multis
3054 5413 3197 5467 locis
3237 5414 3527 5479 mutilam,
3560 5412 3620 5466 in
3669 5411 3841 5480 cujus

2208 5499 2445 5572 prologo
2465 5501 2695 5573 legatur
2709 5500 3085 5556 hunclibrum
3112 5516 3179 5555 ex
3208 5500 3402 5555 Indica
3423 5501 3479 5555 id
3513 5503 3839 5571 Agarenam

2204 5588 2468 5660 linguam
2501 5605 2533 5644 a
2564 5588 2698 5645 Lelo
2726 5594 2942 5645 Demno
2988 5593 3273 5644 Saraceno
3328 5604 3558 5645 versum
3620 5587 3839 5653 fuisse;
