4146 6288
469 226 609 282 135

461 443 638 497 sterio
671 441 871 496 fuisse.

527 528 861 605 Κελλύδριον
886 548 941 603 p.
977 532 1098 586 270.
1125 530 1390 586 Cellulam
1435 532 1600 587 verti.
1640 534 1741 589 Est
1769 532 2096 609 κελλόδριον

458 621 871 696 ὑποκοριστικόν
934 621 990 675 in
1045 622 1214 676 tertio
1258 621 1668 678 diminutionis
1711 626 1913 693 gradu.
1948 627 2097 682 Puto

451 714 645 765 autem
681 708 999 779 signiﬁcari
1045 708 1326 763 sacellum
1378 709 1471 763 cui
1505 712 1781 781 adjuncta
1811 718 1966 767 esset
1996 715 2096 768 do-

453 798 747 854 muncula.
783 799 840 851 Id
896 798 1105 851 suadet
1159 796 1374 852 mentio
1406 802 1461 852 S.
1513 798 1754 867 Nicolai,
1780 802 1871 855 cui
1905 801 2096 856 dicata

448 887 714 943 videlicet
756 889 911 940 esset
960 885 1218 939 aedicula.
1272 886 1418 940 Nata
1444 891 1533 940 est
1573 903 1641 941 ex
1670 889 2092 945 vetustissimis

452 974 833 1045 scriptoribus
864 975 1021 1028 cellae
1052 974 1360 1044 usurpatio
1394 991 1495 1045 pro
1530 978 1651 1031 loco
1685 975 1954 1048 religioso
1987 994 2090 1031 cu-

445 1066 707 1134 juspiam
741 1062 920 1117 cultui
956 1062 1164 1115 dicato.

526 1166 724 1223 Κελτοί
758 1186 814 1239 ρ.
843 1168 966 1222 486.
1000 1167 1162 1222 Unde
1189 1172 1386 1222 essent
1413 1167 1470 1222 hi
1505 1170 1605 1238 qui
1638 1171 1787 1226 Celli
1814 1172 2095 1227 vocaban-

454 1264 550 1313 tur
580 1256 1103 1326 Constantinopoli,
1136 1256 1302 1310 docet
1330 1257 1645 1312 Vaticanus
1680 1260 2092 1330 paraphrastes

454 1347 611 1401 hunc
671 1345 860 1399 locum
911 1344 993 1398 sic
1037 1344 1409 1414 exprimens:
1461 1346 1612 1402 572
1658 1346 1756 1399 Τὸν
1802 1344 1860 1400 8‘s
1920 1346 2088 1403 Κότυν

453 1438 570 1495 τοῖς
616 1431 951 1507 ,Αλαμάνοις
997 1428 1123 1494 δοὺς
1165 1430 1538 1504 κρεμαννύειν,
1592 1439 1703 1492 etc.
1758 1438 1903 1508 Ergo
1952 1438 2093 1493 Celti

457 1523 795 1595 Pachymeri
824 1522 1097 1576 dicuntur
1125 1521 1454 1575 Alamanni.

527 1628 692 1701 Κέρας
740 1646 791 1699 ρ.
854 1629 979 1682 524.
1035 1627 1177 1679 Κατὰ
1227 1627 1317 1680 τὸν
1367 1626 1559 1698 λιμὲνα
1609 1628 1670 1681 τὸ
1731 1630 1900 1703 Κέρας
1954 1630 2088 1688 ἀπο-

1526 233 1588 283 Ρ.
1628 232 1903 288 POSSINI
1940 236 2557 301 OBSERVATIONUM
2598 249 2729 303 LIB.
2773 252 2819 306 ῐ.

461 372 593 411 rum
628 371 641 409 :
671 368 806 409 nam
838 350 1171 424 patriarcha
1217 354 1356 407 tunc
1388 368 1501 408 non
1545 353 1775 411 videtur
1803 357 1860 412 in
1896 374 2103 415 monac
2134 369 2185 434 Α
2210 365 2477 433 jucunde
2526 372 2819 434 audirent.

3736 267 3870 325 1036

2872 379 2959 432 Ad
3015 379 3333 441 blanditias
3381 385 3769 447 titillationem
3814 400 3869 451 et

2208 454 2584 528 γαργαλισμόν
2619 462 2821 518 referri
2853 469 3297 535 proverbialiter
3328 490 3361 528 a
3404 478 3693 534 veteribus
3725 484 3863 537 stri—

2211 543 2436 597 cturam
2471 548 2868 607 auricularum
2899 556 3125 611 aii'rictu
3159 560 3439 631 pinnulae,
3465 566 3857 626 demonstrare

2210 633 2538 688 accuratius
2571 637 2751 693 debeo
2786 648 3019 713 propter
3061 662 3301 702 causam
3353 667 3529 722 quam
3564 671 3691 710 mox
3713 660 3859 715 refe-

2208 732 2355 771 ram.
2411 721 2704 782 Lucianus
2750 726 2899 785 libro
2931 730 3061 804 Περὶ
3118 721 3402 809 ὀρχήσεως
3451 757 3565 796 non
3611 744 3779 817 longe
3819 765 3850 804 a

2208 806 2496 880 principio
2545 815 2840 872 Cratinum
2891 820 3119 876 inducit
3154 806 3595 886 rsuccessentem
3648 834 3856 905 Lyciae

2209 896 2360 963 quod
2395 899 2621 956 sederet
2657 904 2713 957 in
2748 906 2996 963 Theatro
3029 916 3297 980 spectans
3330 916 3613 975 saltantes
3646 896 3854 981 et'cum

2205 982 2500 1054 voluptate
2534 991 2779 1047 audiens
2811 995 3093 1053 tibiarum
3149 1006 3355 1057 cantus
3389 1009 3446 1058 et
3494 1007 3758 1065 mollium
3792 1030 3856 1068 ac

2204 1068 2553 1130 lascivorum
2599 1081 2928 1137 carminum
2981 1101 3205 1142 sonos:
3262 1090 3501 1160 Κάθησαι
3555 1095 3857 1151 καταυλού-

2210 1176 2369 1227 μενος
2402 1159 2699 1237 θηλυδρίαν
2729 1164 3011 1241 ἄνθρωπον
3046 1172 3187 1246 ὁρῶν
3224 1159 3408 1245 ἐσθῆσι
3447 1178 3719 1251 μαλακαῖς
3768 1185 3857 1239 καὶ

2203 1242 2433 1316 ᾅσμασιν
2490 1251 2816 1317 ἀκολάστοις
2863 1242 3313 1334 ἐναϐρυνόμενον,
3363 1267 3453 1321 καὶ
3514 1272 3854 1345 μιμούμενον

2202 1332 2436 1406 ἐρωτικᾶ
2486 1340 2635 1398 573
2686 1342 2881 1418 γύνοὶιο,
2927 1352 3035 1400 τῶν
3086 1350 3279 1424 παλαι,
3337 1354 3431 1417 τὰς
3497 1357 3850 1434 μαχλοτάτας

2204 1421 2444 1500 Φαίδρας
2502 1430 2590 1482 καὶ
2652 1434 2997 1505 Παρθενόπας
3051 1439 3143 1492 καὶ
3190 1421 3456 1506 Ῥοδόπας
3497 1421 3698 1520 auiae,
3754 1421 3849 1505 nail

2198 1516 2365 1567 ταῦτα
2421 1519 2593 1572 πάντα
2663 1520 2764 1574 ὑπὸ
2839 1525 3143 1599 κρούσμχσι
3217 1530 3305 1584 καὶ
3366 1534 3705 1609 τερετίσμασι
3754 1540 3853 1595 καὶ

2201 1598 2379 1655 ποδῶν
2397 1605 2607 1678 κτύπῳ,
2626 1611 2904 1668 etc.Tum
2935 1616 3107 1685 paulo
3136 1624 3296 1689 post:
3320 1598 3563 1693 Kie'ncz:
3581 1598 3658 1679 ’τὰ
3687 1626 3787 1700 δ’μο
3804 1650 3856 1683 ια

456 1698 643 1778 eam;
698 1698 854 1783 νήός.
909 1716 1042 1787 Agit
1092 1717 1163 1770 de
1218 1716 1443 1771 Joanne
1494 1717 1774 1774 Lazarum
1807 1698 2084 1793 'principe

2204 1702 2486 1755 πεπονθὼς
2511 1700 2627 1757 τοῖς
2677 1698 2744 1751 τὰ
2773 1699 2883 1753 ὦτα
2931 1708 3113 1777 πτερῷ
3156 1709 3474 1779 κνωμένοις.
3524 1715 3603 1769 Ex
3634 1718 3857 1788 quibus

457 1803 1018 1874 Constantinopolim
1060 1803 1385 1874 appellente
1438 1806 1508 1858 ad
1549 1810 1781 1875 portum
1815 1807 1975 1863 Ceras
2007 1810 2093 1864 di-

459 1902 638 1950 ctum.
700 1889 913 1947 Κόλπον
962 1894 1157 1947 sinum
1207 1894 1462 1964 appellat
1506 1895 1822 1967 Procopus,
1857 1900 1893 1953 l.
1944 1917 1963 1953 ι
2022 1902 2097 1954 De

456 1982 733 2053 aediliciis,
765 1999 815 2037 ο.
848 1983 903 2046 5,
936 1981 1217 2052 originem
1267 1983 1441 2036 etiam
1476 1984 1730 2039 nominis
1780 1987 2047 2044 indicans
2077 2009 2091 2057 ;

457 2070 623 2142 »Αμσὶ
676 2070 765 2123 τὸν
821 2066 1051 2137 κόλπον,
1110 2070 1208 2135 ait,
1270 2069 1400 2143 ὅπερ
1460 2071 1631 2142 Κέρας
1692 2072 1744 2123 οἱ
1802 2072 2095 2149 ἐπιχώριοι

459 2157 726 2232 Κεροέσσῃ
781 2160 847 2228 τῇ
894 2156 1163 2223 Βύζαντος
1221 2157 1387 2227 μητρὶ
1442 2162 1538 2211 τοῦ
1593 2161 1692 2227 τῆς
1744 2160 1958 2223 πόλεως
2014 2163 2097 2217 οἰ-

456 2250 644 2301 κιο·τοῦ
706 2244 1012 2316 ἐπωνύμως
1050 2241 1269 2304 καλοῦς.
1343 2250 1460 2300 Hoc
1510 2253 1598 2301 est
1644 2265 1710 2303 ex
1761 2267 1910 2305 nova
1968 2270 2096 2307 vcr-

458 2339 623 2391 sione
654 2336 875 2390 Claudii
922 2334 1219 2389 Maltreti:
1273 2337 1441 2391 Circa
1468 2339 1656 2393 sinum
1698 2342 1764 2394 ab
1818 2341 2095 2410 indigenis

456 2426 659 2480 dictum
688 2430 881 2488 Ceras,
913 2422 978 2477 de
1022 2424 1244 2478 nomine
1272 2425 1530 2479 (Jeroessaz
1588 2433 1784 2483 matris
1831 2431 2097 2501 Byzantis

457 2513 554 2585 qui
586 2514 779 2566 urbem
807 2510 1075 2566 condidit.

528 2603 613 2671 (P.
655 2601 779 2668 393)
836 2595 1094 2651 Κλέπτειν
1152 2617 1205 2669 p.
1263 2600 1387 2654 352.
1444 2604 1602 2655 Inter
1657 2606 1862 2660 sordes
1920 2607 2095 2663 cralis

458 2689 672 2744 Serbiie
697 2690 965 2741 numerat
982 2686 1248 2739 illantum
1274 2690 1330 2739 et
1349 2686 1795 2744 tumultuarium
1813 2692 2090 2762 cibatum,

459 2776 621 2830 nulla
643 2774 930 2828 mund-itie
956 2790 1315 2841 mensarum,
1349 2775 1505 2830 nullo
1538 2778 1740 2833 ordine
1761 2781 2091 2837 ministerii:

457 2864 684 2918 cunctis
718 2879 818 2931 pro
856 2878 917 2917 se
947 2878 1180 2931 quoque
1230 2863 1502 2918 aviditate
1552 2879 1868 2934 venatoria,
1921 2871 2091 2938 quid-

456 2952 594 3023 quid
625 2950 791 3023 quasi
824 2951 1023 3004 furtim
1064 2949 1449 3020 arripuerant,
1501 2956 1851 3009 verentibus.
1891 2958 2088 3014 Talem

2204 1783 2511 1840 manifeste
2542 1792 2701 1856 patet
2734 1806 2747 1843 :
2784 1792 2987 1848 audire
3019 1811 3151 1850 cum
3184 1798 3482 1870 voluptate
3533 1783 3859 1865 cantilenas

2205 1873 2262 1923 et
2296 1886 2672 1928 numerosum
2726 1880 3031 1949 strepitum
3084 1883 3451 1955 saltantium,
3513 1895 3855 1967 ceterisque

2207 1958 2437 2013 aurium
2474 1961 2696 2017 deliciis
2730 1966 2904 2034 afﬁci,
2939 1987 2971 2023 a
3002 1970 3255 2029 Luciano
3303 1976 3417 2031 dici
3467 1981 3586 2049 pati
3622 1999 3738 2036 rem
3772 1986 3856 2037 si-

2209 2044 2402 2100 milem
2439 2047 2509 2101 iis
2542 2052 2757 2122 quibus
2791 2056 3066 2112 auricula»
3099 2076 3290 2130 penna
3328 2065 3672 2137 etrigantur.
3702 2075 3856 2127 Con-

2208 2131 2474 2190 ﬁrmatur
2504 2138 2555 2192 id
2589 2139 2777 2210 ipsum
2811 2145 3137 2203 evidentius
3168 2166 3233 2204 ex
3285 2151 3396 2207 alio
3438 2131 3697 2225 ejusdem
3735 2159 3853 2214 Lu-

2207 2220 2355 2275 ciani
2388 2222 2532 2294 loco,
2568 2226 2625 2280 in
2657 2227 2807 2284 libro
2839 2232 2968 2304 Ηερὶ
3002 2229 3267 2304 διαϐολῆς
3299 2243 3376 2295 De
3404 2220 3711 2315 calumnia,
3744 2249 3848 2303 ubi

2207 2311 2285 2363 sit
2322 2326 2335 2363 :
2369 2307 2497 2365 Οἶδα
2541 2318 2667 2387 γοῦν
2699 2336 2848 2379 τινας
2883 2318 3052 2382 οὕτως
3120 2320 3297 2391 ἡδέως
3347 2307 3852 2404 γαργαλιζομένους

2203 2396 2272 2450 τὰ
2329 2398 2439 2451 ὦτα
2513 2400 2615 2454 ὑπὸ
2681 2407 2787 2457 τῶν
2866 2403 3139 2463 διαϐολῶν
3202 2412 3381 2489 ὥσπερ
3440 2416 3566 2479 τοὺς
3626 2429 3847 2497 πτεροῖς

2205 2486 2538 2557 κνωμένους.
2574 2490 2695 2547 Scio
2726 2494 2897 2563 igitur
2942 2500 3215 2567 quosdam
3260 2486 3378 2558 tarn
3420 2510 3672 2565 suaviter
3698 2512 3839 2567 deli-

2204 2576 2324 2629 niri
2351 2577 2540 2632 solitos
2562 2580 2756 2636 auditu
2777 2585 3274 2658 calumniarum,ul
3294 2592 3339 2648 ii
3358 2596 3558 2665 quibus
3578 2602 3841 2658 auricula:

2202 2680 2381 2733 penna
2411 2669 2780 2737 stringuntur.
2823 2676 2954 2728 Haec
3004 2677 3297 2734 afferenda
3348 2684 3679 2741 testimonia
3715 2689 3827 2743 fue-

2205 2757 2360 2808 runt.
2399 2760 2459 2809 ut
2489 2755 3024 2829 interpretationem
3052 2764 3230 2836 hujus
3275 2768 3685 2829 Pachimeriani
3717 2775 3823 2831 loci

2205 2846 2466 2897 nostram
2502 2849 2800 2902 tueremur
2825 2851 3103 2909 adversus
3137 2861 3491 2915 contrariam
3525 2863 3573 2916 ei
3606 2870 3829 2920 senten-

2200 2928 2337 2983 tiam
2367 2933 2762 3005 paraphrastae
2799 2939 3083 3012 Vaticani,
3114 2944 3210 3013 qui
3264 2963 3365 3017 pro
3398 2947 3491 3004 his
3524 2968 3649 3022 quae
3680 2956 3828 3024 apud

456 3021 772 3111 quamdam
819 3041 1062 3093 subesse
1114 3039 1398 3109 intelliget
1429 3041 1722 3096 notionem
1754 3046 1924 3099 verbo
1954 3046 2085 3099 κΛέ-
2118 3055 2159 3121 C
2206 3021 2465 3121 "f’s‘trgm
2496 3027 2786 3121 θίξείοτίῖπί
2811 3026 2868 3081 in
2897 3029 3147 3121 rd_“0b_113
3172 3035 3434 3104 ~0Plimis
3469 3041 3763 3097 codicibus
3793 3044 3828 3098 Β

453 3149 603 3182 πτειν
654 3131 762 3183 hoc
812 3129 936 3183 loco
978 3129 1184 3197 posito,
1232 3128 1280 3182 si
1313 3129 1447 3197 quis
1500 3136 1749 3186 mentem
1791 3138 2093 3190 sententize

455 3217 830 3288 perspexerit.

524 3302 800 3374 Κλίμακες
836 3322 889 3375 ρ.
950 3303 1072 3357 411.
1124 3302 1245 3357 Non
1306 3304 1563 3359 dubitavi
1620 3309 1827 3364 Latine
1873 3318 2092 3370 vertere

452 3397 625 3448 scalas
673 3396 966 3462 equestres,
1018 3391 1125 3445 hoc
1176 3396 1285 3457 est,
1346 3409 1411 3446 ex
1462 3410 1744 3463 equorum
1797 3401 2090 3470 ephippiis

456 3481 728 3551 utrinque
751 3478 1057 3550 pendulas,
1081 3480 1390 3534 vecentiori
1425 3481 1723 3551 equitandi
1754 3487 2085 3559 disciplina.

453 3575 593 3624 Nam
627 3568 877 3624 heroicis
912 3568 1271 3638 temporibus
1302 3567 1530 3623 Graeciaa
1574 3571 1835 3644 Latiique
1866 3576 2088 3633 instru-

454 3662 716 3713 mentum
740 3659 893 3711 istud
925 3673 1038 3726 quo
1067 3658 1240 3727 pedes
1263 3657 1655 3725 equitantium
1688 3664 2083 3739 sustinentur,

454 3764 561 3802 usu
597 3748 882 3818 ignotum,
916 3760 1125 3799 nomen
1167 3762 1280 3799 non
1312 3745 1538 3804 habuit.
1598 3747 1834 3805 Postera
1861 3758 2000 3809 aetas
2031 3762 2087 3811 et

453 3853 573 3891 rem
602 3842 657 3891 et
686 3833 1033 3888 vocabulum
1065 3833 1301 3888 invenit.
1334 3835 1546 3889 Graecis
1587 3836 1821 3905 quidem
1854 3840 2082 3897 citerio-

452 3926 532 3978 ris
563 3923 664 3977 aevi
708 3923 765 3976 id
824 3915 1123 3981 ἀναϐολεός
1174 3920 1394 3977 dictum
1454 3930 1561 3991 est,
1624 3924 1840 3982 Latinis
1901 3931 2078 3986 scala.

449 4013 764 4081 Utriusque
795 4010 959 4064 testis
990 4010 1217 4078 Suidas,
1250 4003 1575 4071 Ἀναϐολεὺς
1618 4008 1694 4081 δὲ,
1725 4015 2019 4086 inquiens,
2043 4022 2076 4089 ἡ

442 4098 589 4171 ποιρά
617 4095 907 4169 Ῥωμαίοις
959 4093 1227 4169 λόγομὲνη
1283 4094 1474 4151 σκάλα.
1504 4100 1584 4153 Ex
1632 4117 1744 4168 quo
1797 4107 2077 4164 vocabulo

440 4205 578 4243 suas
610 4188 704 4242 hic
753 4184 1026 4256 κλίμακας
1076 4186 1459 4256 Pacbymeres
1511 4192 1706 4245 traxit.
1758 4193 1869 4248 Res
1918 4198 2074 4252 enim

435 4277 650 4331 clamat
689 4275 818 4345 ipsa
873 4290 1041 4345 agere
1070 4273 1233 4327 illum
1284 4277 1354 4328 de
1402 4277 1742 4347 stapedibus
1789 4282 1907 4337 sive
1955 4292 2073 4341 sta-

433 4366 597 4435 pedis
631 4369 732 4419 aut
780 4362 1003 4433 stzipiis,
1037 4379 1183 4433 quas
1215 4362 1446 4419 subices
1499 4367 1788 4435 pedaneos
1815 4372 2063 4430 Budzeus

2203 3111 2257 3158 et
2291 3112 2330 3157 Α
2377 3105 2654 3179 leguntur
2701 3113 2770 3167 de
2815 3116 3141 3185 patriarcha
3189 3126 3245 3176 et
3286 3123 3555 3184 Patribus
3602 3133 3826 3201 synodi,

2201 3193 2406 3265 Πτερῷ,
2453 3196 2513 3249 τὸ
2568 3202 2663 3250 τοῦ
2712 3196 2901 3275 λόγου,
2946 3204 3012 3259 τὰ
3064 3204 3174 3261 ὦτα
3224 3213 3525 3283 κνωμένοις
3575 3214 3831 3289 ἐῴκεσαν,

2197 3282 2279 3337 sic
2326 3285 2659 3343 reddit:Oi
2717 3286 2775 3342 ὐὶ
2833 3289 2949 3346 οὖδ⁴
3005 3290 3190 3372 ἄκροις
3258 3282 3355 3354 dmi
3419 3300 3620 3358 ἆκοῦσα
3678 3309 3834 3377 ήνεὶο

2194 3387 2382 3442 χοντο.
2416 3373 2518 3428 Illi
2546 3386 2727 3432 autem
2755 3397 2824 3435 ne
2851 3386 3079 3439 summis
3117 3388 3329 3458 quidem
3359 3392 3591 3448 auribus
3634 3398 3835 3455 audire

2191 3461 2551 3518 sustinebant.
2612 3465 2920 3538 Perperam
2974 3476 3235 3544 omnino,
3272 3484 3333 3533 ut
3382 3497 3535 3553 saepe
3573 3483 3737 3558 alias,
3772 3496 3836 3544 et

2195 3553 2394 3604 contra
2427 3555 2679 3611 auctoris
2710 3563 2963 3614 mentem
3016 3561 3243 3635 locique
3298 3570 3660 3640 sententiam,
3694 3591 3832 3645 qua:

2191 3636 2361 3706 plane
2392 3640 2569 3709 exigit
2621 3644 2712 3698 hic
2763 3646 3009 3720 intelligi
3053 3654 3441 3722 patriarcham
3493 3664 3547 3714 et
3598 3636 3827 3731 episco-

2190 3741 2316 3795 pos,
2344 3728 2426 3795 (P.
2451 3731 2577 3797 39/1)
2609 3739 2672 3786 ut
2703 3734 3037 3805 imperatori
3074 3744 3562 3815 gratiﬁcarentur,
3597 3728 3688 3805 cui
3719 3755 3827 3806 ob-

2188 3812 2392 3871 sistere
2450 3834 2563 3873 non
2622 3828 2906 3893 poterant,
2957 3828 3269 3887 simulasse
3329 3832 3576 3891 libenter
3620 3841 3824 3897 audire

2188 3904 2341 3972 quod
2375 3907 2423 3960 is
2455 3912 2813 3980 preponcbat
2835 3916 2903 3969 de
2937 3915 3189 3974 ineunda
3220 3937 3349 3976 cum
3411 3925 3624 3980 Latinis
3658 3945 3816 3999 pace,

2185 4007 2316 4045 cum
2353 4010 2543 4049 revera
2572 3997 2731 4054 intus
2763 4001 2818 4055 in
2850 4003 3045 4058 animo
3078 4006 3129 4059 id
3157 4022 3564 4067 aversarentur
3588 4020 3645 4068 et
3677 4034 3815 4071 non-

2186 4078 2295 4132 nisi
2321 4083 2711 4150 perfunctorie
2739 4090 3305 4157 audirent,intimum
3326 4102 3380 4151 et
3410 4116 3605 4155 verum
3637 4104 3811 4159 animi

2180 4181 2419 4223 sensum
2453 4173 2771 4241 exprimere
2804 4193 2917 4231 non
2961 4185 3259 4253 audentes,
3313 4202 3419 4242 nec
3450 4190 3593 4245 adeo
3623 4190 3678 4245 id
3712 4210 3807 4248 ne-

2178 4258 2495 4313 cessarium
2548 4266 2841 4331 putantes,
2876 4270 3029 4338 quod
3077 4272 3437 4329 confiderent
3470 4294 3587 4333 rem
3622 4282 3690 4334 ad
3713 4297 3803 4335 ex-

2177 4347 2425 4400 tremum
2462 4364 2737 4407 successu
2764 4356 3100 4416 carituram.
3132 4361 3237 4416 His
3266 4380 3332 4417 ex
3364 4368 3663 4423 occasione
3705 4370 3795 4422 ad-

430 4423 592 4508 dixit.
641 4454 755 4521 Ego
804 4423 1254 4517 scalam-omen,
1306 4423 1635 4508 testimhniu
1687 4458 1876 4513 Suidae
1926 4470 2059 4519 ante
2828 4446 2895 4499 ad
3121 4451 3299 4552 ‘Iva‘39
3356 4453 3455 4552 Ub}
3498 4455 3786 4552 ῧιῄωεξιῑιο

432 4543 615 4596 multa
639 4542 761 4611 jam
794 4540 1007 4595 saecula
1036 4540 1092 4594 in
1116 4541 1224 4594 hac
1256 4543 1487 4597 notione
1510 4546 1730 4600 Latinis
1755 4549 2056 4623 usitatum,

432 4626 677 4685 κλίμαξιν
712 4629 1179 4685 Pachvmerianis
1226 4632 1541 4685 rependere
1589 4634 1783 4685 debui.
1820 4638 1919 4685 Eat.
1955 4658 2058 4685 nn-

2197 4525 2471 4579 [ominum
2499 4528 2846 4599 κνηθομένων
2878 4534 2976 4601 τὴν
3000 4534 3189 4605 ἀκοήν,
3222 4538 3331 4593 hoc
3362 4548 3471 4611 est,
3512 4550 3578 4599 ut
3610 4545 3794 4616 vulga-

2197 4627 2262 4664 us
2291 4613 2584 4683 eleganter
2609 4619 2801 4685 vertit,
2850 4625 3226 4685 prurientz’um
3272 4631 3524 4685 auribus.
3558 4628 3793 4685 ἰσοδυνα-

426 4626 677 4701 Αλίμαξιν
712 4629 1179 4700 Pachymerianie
1226 4632 1541 4701 rependere
1589 4634 1783 4691 debui.
1818 4638 1919 4693 Est
1955 4613 2058 4695 au:
2167 4613 2262 4713 tus
2291 4613 2584 4713 eleganter
2609 4619 2801 4685 vertit,
2838 4625 3226 4713 prurientium
3272 4631 3524 4699 auribus,
3558 4628 3793 4686 ἰσοδυνα-

422 4700 537 4773 tem
582 4720 726 4773 ratio
774 4718 832 4771 in
885 4723 1155 4788 promptu
1189 4735 1291 4771 cur
1339 4721 1526 4789 stapia
1572 4723 1729 4777 scala
1773 4726 1925 4782 dicta
1956 4732 2052 4800 sit,
2147 4718 2285 4795 ,μεθ’
2337 4700 2473 4802 ὴιῆω
2522 4713 2790 4807 “MPF”
2838 4708 2945 4811 13.00
2997 4711 3118 4769 Ιοοο
3157 4715 3425 4813 formula?
3492 4735 3558 4774 εκ
3610 4729 3795 4829 ωθῖὶξθ

422 4807 575 4859 auod
624 4804 888 4859 videlicet
936 4805 1299 4859 inscendenti
1348 4824 1564 4859 eauuin
1608 4808 1824 4859 homini
1886 4818 2053 4859 anlm
2164 4789 2446 4859 Hesycbll-
2492 4793 2633 4849 Nam
2688 4814 2736 4851 ιε
2782 4798 2879 4853 11b!
2929 4810 3293 4859 exposmsset
3344 4805 3674 4859 κνηθόμενοι
3705 4830 3795 4859 ττν

420 4807 575 4876 quod
624 4804 888 4859 videlicet
936 4805 1299 4859 inscendenti
1348 4824 1564 4877 eqwm
1608 4808 1828 4866 homini
1886 4818 2053 4873 scalae
2162 4789 2646 4917 Evensjucb:;’N::
2679 4798 2885 4917 1:3?
2929 4805 3674 4917 θηξιῖίῖἷξξῖῗθῙ-Δκνξθδκμενοι

420 4896 593 4917 .-ΖΑ-...
634 4898 862 4917 ..-ηλιιιιι

456 4896 597 4948 icem
634 4898 886 4964 praestet.
1370 4979 1384 4996 ‘
1590 4980 1609 4996 κ
1646 4981 1658 4996 ι
1868 4988 1878 4996 _

2197 4878 2350 4946 κοήν,
2389 4897 2489 4950 per
2527 4881 2647 4938 haec
2679 4886 2885 4942 verba:
2941 4889 3239 4957 Ζητοῦντές
3291 4913 3344 4947 τι
3402 4895 3624 4950 ἀκοῦσαι
3682 4908 3778 4960 καθ

2201 4962 2362 4996 ἓ,...ιη
2460 4979 2747 4996 κ-.....---ι--
2817 4978 2937 4996 .ι.·μ
2979 4980 3022 4996 ι.
3177 4982 3213 4996 ι.
3381 4986 3390 4996 .
3533 4988 3545 4996 .
3639 4994 3646 4996 Α
3697 4994 3704 4996 .

415 4912 597 4948 Vicem
634 4912 886 4964 praesnet.

485 4981 762 5048 Κνώμενοι
796 4998 850 5052 p.
912 4981 1035 5035 368.
1094 4984 1282 5055 Πτερῷ
1331 4979 1393 5033 τὸ
1449 4986 1543 5034 τοῦ
1590 4980 1778 5059 λόγου,
1825 4988 1891 5044 τὰ
1940 4993 2051 5048 ὦτα

2199 4912 2350 4946 ηυιιν,
2389 4912 2488 4950 per
2527 4912 2647 4938 uaco
2682 4912 2885 4942 vei-ua:
2941 4912 3239 4957 ιητουντες
3291 4913 3344 4947 τι
3402 4915 3624 4950 ακουσαι
3682 4912 3791 4960 καθ’

2201 4962 2385 5039 δονήν,
2454 4979 2748 5042 quaerentes
2805 4978 3022 5049 aliquid
3078 4982 3275 5037 audire
3322 4986 3391 5039 ad
3460 4988 3791 5058 voluptatem

407 5070 708 5143 κνωμένοις
756 5068 1008 5141 ἐῴκεσαν.
1052 5072 1251 5140 Erant,
1282 5072 1494 5142 inquit,
1546 5079 1874 5144 patriarcha
1911 5092 1967 5138 et
1996 5088 2048 5141 ei
2157 5064 2355 5127 postea
2376 5061 3082 5140 xvtbpevouinterpretatur
3104 5074 3470 5144 equivalenti
3515 5076 3794 5135 vocabulo

408 5164 749 5219 assistentes
781 5162 1058 5233 episcopi,
1094 5164 1161 5216 ad
1214 5163 1570 5218 mentionem
1604 5165 1747 5235 ipsis
1786 5178 2045 5231 reconci-

2197 5147 2505 5221 νηθόμενοι.

406 5253 664 5307 liationis
696 5270 825 5306 cum
860 5252 1061 5305 Latina
1111 5250 1366 5306 Ecclesia
1417 5253 1651 5322 factam,
1687 5256 1911 5317 similes
1970 5267 2043 5323 iis

400 5341 615 5411 quibus
647 5339 909 5395 auricula
942 5356 1145 5410 pennae
1177 5340 1402 5393 atl‘rictu
1446 5340 1559 5394 leni
1590 5344 1915 5417 stringitur,
1958 5361 2037 5410 et.

396 5430 442 5483 si
482 5446 675 5483 revera
709 5430 762 5482 id
796 5429 982 5483 obiter
1005 5432 1061 5482 et
1101 5428 1513 5498 perfunctorie,
1564 5446 1678 5484 non
1729 5438 1944 5507 autem,
1981 5450 2041 5499 ut

386 5516 571 5571 videri
606 5516 1300 5589 volebant,gratificantes
1341 5517 1953 5592 iaiperatori,libenter
1982 5538 2038 5588 et

2222 5270 2427 5327 Κόκκοι
2464 5293 2517 5346 p.
2552 5278 2674 5332 489,
2721 5283 2875 5344 Quos
2904 5282 3061 5337 dicat
3110 5284 3201 5341 hic
3255 5289 3639 5362 Pachymeres
3666 5291 3796 5346 Coc-

2150 5376 2238 5414 cos
2286 5366 2621 5433 monachos,
2675 5368 2990 5424 Vaticanus
3034 5372 3159 5442 ipse
3208 5376 3436 5431 videtur
3484 5378 3787 5447 ignorasse

2147 5451 2558 5521 paraphrastes
2593 5473 2605 5508 :
2640 5474 2773 5511 nam
2809 5458 2917 5512 hoc
2948 5462 3185 5515 verbum
3210 5464 3406 5519 omisit
3438 5482 3451 5519 :
3490 5474 3551 5519 ut
3581 5475 3787 5521 caetera

2147 5539 2264 5594 fere
2311 5555 2438 5610 quis
2498 5559 2611 5599 non
2662 5544 2938 5618 intelligit
2984 5549 3275 5606 transilire
3334 5554 3660 5611 consuevit.
3699 5554 3781 5609 Ne
