4146 6288
365 319 503 376 1037

1821 319 2298 405 GLOSSARIUM.

3620 314 3764 373 1038

363 442 666 518 preprium
701 441 757 497 id
794 457 1002 498 nomen
1034 443 1258 512 putem,
1292 440 1489 496 obstat
1521 455 1840 494 numerus:
1873 456 2008 494 nam

2137 438 2412 511 sualoqui
2445 439 2549 492 ἀπὸ
2593 436 2806 500 κοιλίας
2853 439 3069 514 φωνεῖν,
3123 436 3491 508 proverbiali,
3533 436 3767 508 Opinor,

358 551 483 605 quae
516 531 661 588 ratio
704 530 923 601 patitur
969 533 1033 584 ut
1067 528 1236 584 multi
1268 529 1506 584 nomine
1538 545 1653 583 uno
1684 527 1843 584 velut
1873 545 2003 599 pro-

363 623 489 694 prio
521 620 640 676 sint
665 619 786 675 usi?
817 636 887 674 an
923 617 1239 690 peculiaris
1284 619 1551 689 quedam
1590 617 2008 672 monachorum

365 708 644 766 soladilas
679 708 788 761 hoc
810 706 1090 762 vocabulo
1135 705 1442 777 designata
1472 710 1579 775 est,
1614 707 1696 760 sic
1729 705 1874 760 forte
1904 722 2009 776 ap-

367 798 715 871 pellatorum
757 813 791 850 a
832 795 1021 850 colore
1067 796 1244 850 vestis
1293 795 1627 850 coccineum
1670 795 2008 864 praeferente

369 884 718 959 quippiam?
765 884 825 939 Id
879 884 1113 954 quidem
1170 883 1558 955 suspicabar;
1619 887 1675 937 et
1734 882 2010 936 fulciebat

369 977 761 1046 conjecturam
790 973 944 1043 quod
978 973 1175 1026 statim
1204 972 1603 1042 subjungitur,
1622 969 1887 1026 fortassis
1910 987 2005 1024 exv

369 1064 614 1136 positive
643 1060 890 1122 καὶτοὺς
919 1060 1036 1112 κατ’
1081 1058 1304 1126 ἐκεῖνον,
1348 1061 1500 1130 quod
1548 1060 1680 1114 licet
1727 1059 2008 1130 interpre-

371 1151 480 1207 tari
526 1159 577 1206 et
624 1167 710 1204 eos
757 1151 853 1221 qui
891 1148 1039 1204 circa
1087 1147 1272 1214 illum,
1323 1164 1531 1219 nempe
1577 1147 2008 1218 imperatorem,

373 1244 558 1295 erant.
583 1239 706 1293 Non
751 1237 953 1308 paucis
984 1237 1162 1307 hujus
1194 1236 1448 1290 historiae
1479 1235 1643 1301 locis,
1688 1234 2008 1306 praesrtim

371 1326 662 1398 capitibus
692 1327 727 1378 2
756 1329 813 1380 et
845 1326 910 1378 18
942 1323 1077 1379 libri
1107 1341 1181 1391 v1,
1214 1323 1378 1378 video
1412 1322 1654 1376 indicari
1681 1321 2006 1392 Josephum

370 1420 503 1471 ante
552 1411 1009 1485 patriarchatum
1062 1412 1251 1467 adhuc
1317 1411 1666 1466 monachum
1716 1411 2013 1464 assiduum

369 1505 552 1559 fuisse
579 1503 732 1574 apud
766 1502 1198 1572 imperatorem,
1220 1501 1480 1571 adeoque
1515 1499 1665 1554 514
1688 1501 1840 1569 quod
1874 1498 2011 1551 hinc

371 1593 653 1664 sequitur,
688 1592 746 1645 in
779 1590 994 1662 palatio
1027 1589 1621 1659 diversatum,utique
1648 1604 1761 1642 non
1785 1587 2006 1641 solum:

374 1701 509 1739 nam
542 1688 599 1737 et
627 1682 708 1736 illi
743 1680 1057 1735 adhaesisse
1091 1680 1181 1734 sui
1214 1679 1469 1734 instituti
1492 1678 1734 1733 comites
1758 1692 2008 1748 pronum

374 1776 464 1827 est
489 1770 734 1839 creditu,
767 1773 822 1823 et
849 1769 1124 1822 fratribus
1156 1772 1254 1822 aut
1283 1766 1418 1820 filiis
1451 1765 1819 1838 imperatoris
1865 1763 2008 1819 alios

376 1859 696 1914 monachos
728 1856 981 1912 similem
1012 1871 1246 1926 cperam
1280 1870 1523 1909 navasse
1542 1871 1654 1908 non
1669 1857 1759 1908 est
1798 1852 2012 1906 iuveri-

377 1947 585 2003 simile.
621 1945 765 2008 Quid
801 1943 849 1998 si
880 1943 1188 2014 opinemur
1217 1942 1320 1997 hos
1344 1942 1503 2014 quasi
1549 1940 1838 2013 palatinos
1885 1956 2007 1994 mo-

377 2036 616 2100 nachos,
651 2034 823 2088 etiam
859 2036 921 2087 ut
952 2037 1190 2089 caeteros
1221 2033 1430 2086 domus
1468 2030 1636 2102 regia
1689 2029 2012 2094 ministros,

374 2127 621 2178 vestitus
643 2121 958 2192 aliquando
992 2136 1203 2191 genere
1230 2125 1330 2174 aut
1360 2119 1548 2176 colore
1585 2135 1618 2176 a
1647 2117 1870 2172 caeteris
1900 2117 2013 2170 dis-

379 2216 587 2277 cretos,
610 2207 840 2269 κόκκους
868 2205 1145 2281 μοναχούς
1165 2213 1424 2273 vocatos,
1449 2208 1689 2262 forsitan
1724 2207 1876 2276 quod
1895 2221 2018 2259 coc-

378 2301 605 2356 cineum
632 2298 851 2368 aliquid
883 2295 1229 2367 gestarent?
1259 2297 1375 2366 Ego
1408 2300 1603 2349 tamen
1635 2293 1838 2366 ἐπέχω,
1882 2294 2014 2363 plus

379 2388 529 2444 lucis
561 2387 619 2440 in
653 2385 761 2440 hac
792 2383 1043 2456 caligine
1089 2383 1384 2453 alicunde,
1431 2383 1479 2438 si
1525 2385 1669 2438 forte
1716 2381 2017 2453 ati‘ulg'eat,

381 2475 690 2549 opperiens
722 2473 818 2544 (1).

455 2555 698 2618 Κόλυϐα.
759 2561 822 2616 L.
883 2577 939 2615 v1
988 2559 1194 2614 titulus
1238 2575 1288 2614 c.
1321 2559 1389 2614 42
1419 2559 1501 2614 sic
1540 2559 1734 2630 habet,
1768 2561 2018 2631 Τἀ⁹συμ-

383 2647 550 2706 ϐάντα
596 2651 910 2723 πατριάρχῃ
961 2645 1049 2701 διὰ
1092 2647 1189 2714 τήν
1239 2651 1344 2701 τῶν
1390 2642 1639 2702 κολῦϐων
1685 2647 2016 2716 ἀποστολήν.

385 2740 701 2795 Vaticanus
729 2731 1026 2807 κολύμϐων
1044 2736 1197 2806 legit;
1222 2735 1360 2806 quid
1381 2737 1617 2806 quidem
1644 2736 1888 2792 hoeloco
1905 2753 2018 2791 non

387 2828 722 2883 describens
753 2829 1071 2891 auctorem,
1089 2825 1186 2879 sed
1223 2841 1378 2879 more
1401 2823 1825 2896 suojliberrime
1845 2843 2014 2897 παρα-

388 2914 626 2991 φράζων,
661 2914 743 2968 sie
787 2912 1032 2968 scribit:
1066 2910 1152 2962 Ἐν
1200 2915 1316 2970 τοῖς
1361 2909 1691 2982 ἐκπώμασιν,
1751 2913 1864 2964 οἷον
1913 2911 2018 2963 τῶν

383 3000 608 3076 χαλκῶν
666 2999 926 3068 πινάκῶν,
979 2996 1033 3052 a't
1085 2999 1176 3052 τὸν
1224 2998 1382 3073 ἑφθὸν
1431 3004 1577 3052 σῖτον
1628 3000 1898 3076 φέρουσιν,
1949 3000 2022 3060 ὡς

381 3091 716 3164 (legendum
750 3093 889 3161 puto
913 3087 994 3160 ὅν)
1025 3091 1058 3157 ἡ
1094 3089 1328 3158 συνήθης
1359 3085 1577 3163 γλῶττα
1617 3084 1872 3162 κόλυμῦα
1925 3087 2019 3143 λέ-

2119 528 2372 582 formula
2403 545 2470 582 ex
2519 529 2590 584 iis
2624 529 2794 582 ducta
2841 544 3016 582 saerzs
3071 525 3385 596 Scriptura
3437 524 3579 580 locis
3630 541 3758 596 quae

2117 617 2597 688 Pylhonissarum
2650 615 2965 671 mulierum
3038 614 3510 685 ventiloquarum
3550 613 3756 669 memi-

2119 713 2332 761 nerunt
2375 715 2500 763 Act.
2535 725 2646 773 xvr,
2684 708 2769 773 16,
2804 714 2860 762 et
2894 707 2911 761 l
2945 707 3082 776 Reg.
3136 722 3333 774 xxvnr,
3389 704 3486 759 ubi
3545 722 3648 776 pro
3690 721 3756 759 eo

2119 797 2270 866 quod
2306 796 2576 867 vulgatus
2608 796 2804 859 habet,
2833 813 2884 850 ν.
2919 797 2988 850 3;
3023 795 3156 849 Saut
3206 795 3435 850 abstulit
3484 810 3668 864 magos
3715 802 3766 849 ει

2117 885 2317 938 amotos
2373 885 2437 940 de
2487 893 2654 952 terra,
2704 885 2849 938 LXX
2889 883 3088 954 legunt
3136 880 3387 956 Περιεῖλο
3435 880 3562 942 τοὺς
3619 879 3764 954 ἔγγα-

2120 970 2470 1044 στρίμύθους,
2529 975 2754 1027 sustulit
2786 972 3172 1041 ventriioquos,
3209 971 3275 1024 Et
3300 970 3378 1025 ib.
3404 987 3455 1025 ν.
3485 971 3539 1024 7.
3582 969 3765 1024 Dixit-

2121 1076 2222 1130 que
2251 1058 2386 1115 Saut
2407 1063 2579 1115 servis
2607 1060 2722 1116 suis
2745 1079 2763 1115 :
2784 1061 3020 1128 Quaerite
3043 1060 3185 1113 mihi
3219 1059 3508 1114 mulierem
3558 1059 3755 1112 haben-

2121 1158 2224 1203 tem
2280 1150 2593 1219 Pythonem.
2667 1149 2823 1216 LXX,
2893 1144 3269 1217 Ζητήσατέμοι
3336 1150 3563 1220 γυναῖκα
3607 1143 3764 1220 ἐγγα-

2122 1234 2437 1310 στρίμυθον.
2489 1237 2743 1308 Spiritus
2798 1235 2988 1290 malus
3039 1236 3136 1306 qui
3187 1235 3412 1305 Phyton
3442 1235 3761 1289 vocabatur

2122 1325 2358 1380 nomine
2392 1327 2566 1380 ducto
2599 1339 2631 1380 a
2681 1325 2873 1380 Graeco
2921 1324 3094 1378 verbo
3139 1322 3397 1384 πυθέσθαι
3449 1339 3518 1376 ex
3566 1321 3760 1383 πυνθά-

2119 1425 2320 1483 νεσθαι,
2356 1415 2510 1486 quod
2562 1431 2841 1483 responsa
2901 1413 3146 1478 cederet,
3179 1411 3434 1466 Hebraeis
3481 1411 3607 1465 loco
3639 1411 3761 1477 illo,

2121 1519 2169 1556 e.
2217 1520 2355 1556 xvm
2407 1502 2541 1556 libri
2592 1503 2611 1555 Ι
2663 1501 2949 1555 Samuelis
2983 1501 3130 1556 575
3165 1503 3405 1554 vocatur
3431 1499 3615 1554 hebres
3646 1499 3762 1559 0b;

2121 1608 2245 1661 qua:
2303 1607 2411 1645 vox
2456 1590 2588 1644 libri
2623 1590 2733 1644 Job
2783 1606 2833 1642 c.
2878 1606 3030 1643 xxxu
3080 1590 3169 1657 20,
3225 1594 3411 1641 utrem
3465 1587 3760 1656 significat

2120 1681 2257 1748 quia
2287 1679 2509 1732 scilicet
2539 1679 2760 1732 daemon
2791 1678 2901 1731 iste
2947 1676 3238 1730 insidebat
3294 1680 3550 1729 ventrem
3592 1675 3753 1728 fana-

2116 1768 2364 1821 ticarum
2396 1767 2663 1829 istarum,
2698 1783 2767 1820 ex
2797 1781 2980 1836 eoque
3011 1765 3069 1818 in
3103 1767 3342 1818 modum
3375 1764 3522 1818 utris
3553 1763 3753 1818 inﬂato

2118 1872 2286 1910 voces
2316 1856 2638 1919 emittebat,
2674 1871 2820 1924 quas
2851 1852 3010 1907 stulti
3046 1852 3419 1907 consulentes
3469 1868 3571 1923 pro
3621 1868 3750 1905 ora-

2121 1944 2291 1998 cullis
2322 1944 2634 1998 habebant.
2669 1943 2812 1997 Hinc
2844 1959 2968 2014 qua:
2999 1942 3131 2012 quis
3164 1941 3398 2012 rpoprio
3429 1957 3603 1996 sensu
3628 1942 3754 1996 sine

2123 2033 2413 2101 majorum
2463 2031 2807 2086 auctoritate
2853 2031 3191 2084 afﬁrmaret.
3249 2028 3352 2082 ἀπὸ
3399 2026 3616 2089 κοιλίας
3647 2049 3761 2105 φω-

2120 2124 2223 2173 νεῖν
2255 2120 2590 2191 Paeliymeri
2625 2119 2857 2173 dicitur.

2195 2202 2387 2261 Κοινόν
2441 2225 2492 2278 p.
2547 2209 2670 2262 ‘280.
2730 2206 2854 2259 Ὑπὸ
2910 2203 3067 2277 τὸμῳ
3095 2209 3263 2275 κοινῷ
3293 2204 3560 2280 γεγονόιι.
3607 2205 3757 2262 Cave

2125 2302 2292 2368 putes
2342 2295 2514 2365 κοινῷ
2561 2297 2901 2365 adjunctum
2952 2295 3044 2349 hic
3083 2311 3212 2348 esse
3276 2295 3532 2350 nominis
3577 2294 3753 2366 τόμῳ.

2124 2387 2225 2441 Est
2264 2385 2417 2439 enim
2461 2383 2640 2436 κοινόν
2693 2387 2963 2438 noutrum
3016 2384 3468 2450 substantivum,
3540 2389 3752 2438 castum

2126 2489 2495 2530 communem
2531 2478 2586 2526 et
2603 2488 2811 2542 cerpus
2847 2471 3180 2526 universum
3222 2471 3758 2543 Constantinopoli—

2126 2563 2247 2617 tani
2282 2561 2450 2616 celeri
2485 2561 2543 2615 in
2578 2578 2757 2615 unum
2795 2567 3213 2631 congregatum
3256 2561 3618 2632 significans,
3653 2576 3757 2616 no-

2127 2652 2284 2706 tione
2315 2650 2572 2720 antiquis
2596 2649 2767 2704 etiam
2804 2649 3039 2704 usitata.
3071 2649 3217 2713 Quid
3253 2650 3330 2704 sit
3377 2655 3570 2704 autem
3604 2650 3759 2703 hunc

2129 2743 2476 2794 conventura
2527 2737 2727 2792 haberi
2771 2735 2925 2809 τόμῳ
2963 2739 3060 2792 sub
3110 2742 3276 2808 temo,
3325 2738 3553 2792 dicetur
3583 2737 3758 2791 verbo

2127 2822 2318 2898 τόμος.
2351 2827 2490 2882 Vide
2521 2827 2696 2881 etiam
2726 2828 2966 2880 verbum
2997 2825 3330 2901 ὑποψτςφιος.

2202 2911 2530 2974 Κοινωνικός
2593 2931 2647 2984 p.
2707 2915 2809 2968 378
2858 2914 3190 2974 Κοινωνικὸς
3242 2910 3298 2967 δὲ
3355 2934 3484 2987 siem
3529 2917 3596 2986 τῇ
3637 2914 3759 2968 Ἐκ-

2127 3001 2347 3072 κλησίᾳ.
2381 3003 2474 3057 Sic
2506 3002 2750 3071 loquens
2810 3002 3031 3056 Veccus
3073 3019 3187 3057 non
3235 3020 3300 3058 ea
3348 3004 3761 3057 communione

2129 3109 2192 3146 se
2224 3092 2600 3160 conjunctum
2632 3089 2897 3144 Ecclesiae
2938 3090 3097 3161 dicit,
3149 3109 3261 3162 qua
3309 3091 3553 3161 quilibet
3599 3089 3759 3144 Chri-

379 3157 638 3254 veszinc
686 3157 985 3233 habemus
1015 3175 1172 3250 ἑφθὸν
1216 3157 1384 3231 νσῖτον-
1418 3178 1618 3250 lingua
1664 3157 1857 3234 Graeca
1897 3179 2016 3234 vul-
2049 3157 2093 3223 (ἶ
2132 3157 2380 3244 stianus,
2407 3178 2579 3232 etiam
2611 3177 2817 3244 laicus,
2847 3179 2894 3233 ei
2947 3157 3224 3247 adhaeret,
3273 3157 3371 3233 sed
3429 3179 3542 3233 alia
3586 3195 3759 3250 pecu-

379 3269 503 3341 gari
555 3261 810 3339 κόλυμϐα
862 3267 1107 3322 dictum.
1157 3267 1267 3321 Sed
1323 3266 1523 3322 multis
1601 3268 2014 3339 experimentis

380 3362 678 3428 comperta
710 3355 851 3409 mihi
874 3355 1054 3424 hujus
1086 3354 1485 3426 paraphrastae
1506 3355 2015 3426 indiligentia,non

388 3445 534 3499 satis
573 3443 657 3498 illi
714 3443 893 3498 ﬁdere
939 3459 1203 3514 possum,
1238 3447 1303 3497 ut
1325 3443 1580 3499 auctoris
1613 3445 1801 3515 ipsius
1831 3445 2015 3499 nostri

390 3532 618 3586 duobus
667 3531 1095 3603 exemplaribus
1143 3531 1375 3602 optimis
1425 3532 1462 3585 Β
1517 3537 1572 3586 et
1616 3535 1660 3587 A
1717 3534 2016 3603 probatam

393 3611 701 3667 lectionem
732 3611 910 3680 hujus
942 3611 1334 3665 vocabulinon
1356 3613 1664 3682 proferam,
1694 3615 2016 3684 praesertim

401 3717 531 3756 cum
558 3699 607 3755 ei
646 3698 833 3770 palam
860 3700 1212 3768 suffragetur
1231 3698 1454 3753 Snidas.
1489 3701 1632 3771 Lego
1664 3699 2020 3772 igiturxoM-

397 3783 530 3856 ϐων,
564 3805 680 3842 non
712 3779 1030 3858 κοΛύμϐων,
1076 3791 1132 3841 et
1177 3803 1311 3841 voce
1341 3782 1551 3839 κόλυϐοι
1598 3789 1878 3860 intelligo,
1939 3790 2021 3844 sic

405 3879 646 3932 docente
675 3876 873 3930 Suida.
936 3878 1081 3926 σῖτον
1128 3872 1349 3946 ἑψητόν,
1398 3877 1740 3947 frumentum
1795 3880 2019 3931 coctum.

399 3966 784 4038 Paebymeres
820 3964 877 4017 in
937 3963 1044 4018 hoc
1067 3979 1114 4017 c.
1174 3967 1319 4015 σῖτον
1353 3960 1509 4038 ἑφθόν
1543 3969 1721 4031 vocat,
1755 3965 1932 4035 idem,
1967 3967 2024 4020 ni

405 4054 591 4123 fallor,
628 4053 776 4124 quod
809 4052 1032 4123 antiqui
1069 4052 1276 4108 molam
1304 4053 1608 4120 vocabant,
1632 4053 1800 4107 farris
1821 4071 2027 4125 nempe

405 4142 587 4197 moliti
623 4141 869 4196 farinam
893 4141 1147 4212 inspergi
1179 4141 1389 4196 hostiis
1429 4139 1680 4196 solitam.
1728 4142 2030 4213 Significat

401 4247 539 4303 ergo
570 4230 847 4286 hiclocus
875 4229 1117 4284 solitum
1149 4233 1288 4284 tunc
1319 4229 1815 4300 ConstantinOpoli
1852 4231 2031 4287 fuisse

400 4321 460 4376 in
487 4323 633 4376 festo
666 4322 1030 4392 Hypapantes
1058 4320 1247 4375 offerri
1299 4319 1635 4391 patriarchas
1681 4322 1862 4376 sacris
1893 4338 2030 4393 ope-

404 4409 556 4465 ranti
588 4409 819 4481 patinas
845 4409 1045 4480 plenas
1088 4407 1200 4464 isto
1241 4409 1392 4464 farre
1424 4412 1590 4476 tosto,
1647 4409 1862 4481 quibus
1899 4427 2032 4464 cum

2125 3267 2275 3335 liari,
2301 3268 2690 3338 ascriptorum
2725 3268 2876 3321 clero
2902 3267 3156 3338 propria,
3189 3272 3243 3320 et
3263 3268 3642 3338 proventibus
3667 3283 3757 3320 ec-

2126 3355 2474 3409 clesiasticis
2507 3373 2570 3410 eo
2600 3357 2834 3411 nomine
2862 3357 3360 3427 participantium.
3409 3358 3530 3422 Quo
3580 3356 3757 3427 perti-

2127 3448 2266 3498 nent
2295 3444 2598 3512 superiora
2625 3443 2717 3497 his
2749 3443 3023 3514 contigua
3063 3444 3506 3513 ejusdemVecci
3539 3445 3751 3498 verba:

2127 3530 2294 3593 Αὐτὸς
2341 3531 2442 3604 γὰρ
2474 3526 2694 3601 ἕτοιμος
2727 3532 2858 3584 εἶναι
2911 3532 2999 3584 καὶ
3033 3531 3282 3608 ὀφφίκιον
3330 3533 3619 3595 ἀποθέσθαι
3667 3530 3758 3585 καὶ

2125 3625 2295 3673 πᾶσαν
2346 3617 2555 3691 ἀφεῖναι
2605 3620 2701 3684 τήν
2752 3619 2888 3693 πρὸς
2938 3619 3095 3672 αὐτὸν
3170 3617 3455 3694 πρόσοδον.
3517 3621 3761 3676 Videtur

2127 3708 2345 3779 aliquid
2381 3707 2551 3760 hodie
2583 3707 2774 3762 simile
2827 3709 2880 3762 in
2933 3726 3043 3764 usu
3096 3711 3266 3763 curiae
3310 3711 3602 3775 Romanae,
3656 3709 3753 3763 ubi

2158 3796 2365 3852 notarii
2400 3795 2637 3866 quidam
2673 3796 2975 3865 apostolici
3005 3798 3406 3869 participanles
3457 3799 3754 3862 dicuntur,

2131 3901 2258 3954 quae
2315 3900 2420 3936 vox
2469 3887 2814 3944 κοινωνικοῖς
2863 3887 3194 3955 respondet,
3256 3886 3325 3941 ad
3375 3885 3759 3940 differentiam

2134 3973 2402 4028 aliorum.

2205 4058 2599 4120 Κονοσταῦλος.
2653 4061 2746 4115 Sic
2804 4061 3006 4116 scribit
3062 4062 3278 4133 passim
3349 4063 3455 4118 hoc
3513 4063 3764 4118 voeabu-

2137 4149 2257 4204 lurn
2307 4149 2717 4220 Hachymeres,
2761 4151 3318 4220 pronuntiationem,
3372 4159 3435 4206 ut
3509 4157 3767 4224 apparet.

2141 4239 2518 4304 Francorum,
2551 4256 2582 4292 a
2613 4239 2829 4308 quibus
2858 4239 2916 4292 id
2955 4256 3164 4295 nomen
3217 4240 3400 4295 Graeci
3445 4257 3770 4313 sumpsere,

2142 4327 2411 4398 proprius
2437 4326 2776 4382 asseclatus.
2803 4327 2889 4381 Illi
2919 4327 3072 4382 enim
3088 4330 3394 4384 eonestable
3415 4330 3563 4384 hanc
3585 4329 3772 4401 digni-

2143 4418 2322 4468 tatem
2355 4419 2579 4468 vocant.
2619 4415 2685 4468 Et
2715 4415 2818 4482 sic,
2853 4420 2916 4469 ut
2947 4431 3008 4470 es
3040 4417 3336 4483 credibile,
3378 4422 3517 4472 tunc
3547 4432 3778 4488 quoque

400 4499 544 4554 bene
577 4501 846 4569 precatus
883 4496 1131 4552 solemni
1191 4497 1592 4553 benedictione
1630 4498 1836 4553 fuisset
1888 4500 2033 4553 anti-
2064 4522 2112 4584 ι)
2145 4519 2244 4573 per
2291 4503 2604 4566 Orientem,
2641 4503 2738 4556 ubi
2773 4502 3363 4573 multiversabantur,
3388 4506 3777 4576 proferebant.

405 4593 547 4656 stes,
581 4603 658 4642 ea:
690 4591 757 4640 ut
786 4603 954 4640 sacra
986 4586 1864 4656 apophoretadistribuebantur
1899 4605 2037 4658 prae-

409 4676 700 4742 sentibus,
733 4680 790 4729 et
822 4691 937 4729 una
967 4691 1166 4728 earum
1203 4675 1547 4729 mittebatur
1576 4676 1643 4728 ad
1687 4679 2040 4745 Augustum,

409 4779 586 4832 quam
621 4778 749 4816 mos
778 4767 903 4816 erat
931 4763 980 4817 ei
1015 4763 1316 4832 prandenti
1345 4763 1535 4817 oti'erri
1583 4765 1693 4817 sub
1725 4767 2042 4819 secundam

409 4866 674 4904 mensam
729 4851 885 4904 inter
940 4851 1201 4905 bellaria.
1256 4855 1373 4905 Hoc
1423 4856 1634 4905 sonant
1692 4852 1813 4905 haec
1863 4855 2046 4908 nostri

406 4938 585 4990 verba
618 4953 631 4990 :
666 4937 761 4987 Ὧν
789 4937 1144 5007 (patinarum
1171 4937 1449 4992 nimirum
1481 4955 1681 4992 earum
1705 4956 1852 5010 quas
1878 4938 2051 4992 ἐκπω-

415 5022 597 5093 μάτων
648 5021 911 5084 πλατείας
958 5029 1149 5093 vocat)
1202 5024 1276 5085 ὡς
1305 5023 1528 5098 ἀπαρχή
1582 5045 1667 5086 τις
1710 5028 1744 5093 ἡ
1793 5028 2049 5100 κρείττων

412 5113 492 5179 τῷ
523 5106 743 5184 βασιλεῖ
772 5111 1078 5183 προσήγετο
1111 5107 1450 5184 ἐπιδόρπιος.
1474 5113 1619 5168 Vide
1649 5130 1776 5185 qum
1803 5117 2055 5172 dicimus

414 5199 589 5253 verbo
619 5195 874 5250 πλατεῖαι
922 5197 1285 5270 ἐκπωμάτων.

487 5288 574 5354 [Ρ.
643 5287 768 5356 395]

495 5589 569 5662 (1)
603 5589 686 5646 Cf.
726 5589 982 5647 Glossar.
1016 5589 1180 5648 alter.
1215 5608 1249 5647 v
1280 5588 1505 5648 Κόκκοι.

855 5286 986 5341 Ἀπὸ
1071 5285 1286 5347 κοιλίας
1347 5293 1543 5364 φωνεῖν
1589 5307 1647 5361 p.
1707 5293 1831 5347 379.
1890 5293 2060 5350 Vocat

421 5376 658 5446 propria
680 5375 1026 5431 auctoritate
1057 5375 1184 5431 sine
1207 5377 1414 5432 idoneo
1445 5380 1782 5435 testimonio
1807 5381 1862 5434 in
1884 5399 2062 5438 causa

2146 4590 2262 4644 Hoc
2294 4591 2726 4644 admonendum
2759 4591 3262 4662 visum,quoniam
3308 4592 3404 4648 alii
3429 4593 3596 4665 longe
3619 4593 3782 4648 aliter

2148 4679 2204 4733 id
2240 4695 2448 4732 nomen
2482 4679 2747 4745 efferunt,
2776 4685 2831 4733 et
2863 4697 2933 4734 ne
2963 4682 3202 4751 quisme
3225 4681 3284 4736 in
3319 4681 3580 4736 versione
3609 4699 3786 4738 cono-

2154 4765 2412 4820 staulum
2441 4766 2680 4820 reddere
2713 4766 2972 4822 miretur.

2226 4852 2424 4912 Κόντος
2478 4872 2531 4924 p.
2580 4854 2699 4909 181.
2753 4853 2965 4909 Vocem
3023 4855 3277 4922 comitis,
3326 4863 3391 4911 ut
3439 4858 3788 4929 dignitatem

2159 4947 2342 5010 notat,
2388 4942 2776 5012 scriptoribus
2821 4943 3029 4998 citimae
3075 4945 3380 5002 vetustatis
3430 4948 3650 5010 tritam,
3684 4946 3787 5000 Pa-

2161 5030 2459 5102 chymeres
2493 5031 2583 5084 hic
2614 5031 2906 5101 exprimit,
2941 5037 3112 5102 prout
3140 5033 3309 5103 vulgo
3333 5033 3695 5104 pronuntiari
3721 5033 3790 5086 ab

2163 5118 2324 5174 Italis
2381 5117 2625 5184 solebat,
2674 5127 2846 5186 conto,
2882 5126 2983 5174 aut
3025 5127 3087 5174 ut
3126 5122 3364 5176 effertur
3409 5121 3579 5176 hodie
3601 5126 3792 5187 conte;

2166 5208 2319 5279 quod
2356 5207 2547 5261 Graece
2578 5205 2768 5259 κόντον
2794 5209 2984 5262 reddit
3016 5215 3070 5264 et
3103 5227 3215 5263 non
3249 5213 3473 5263 contum
3503 5209 3797 5278 expressi-

2167 5311 2320 5350 mus.
2354 5295 2491 5350 Rem
2527 5304 2718 5349 autem
2748 5297 2933 5366 ipsam
2970 5299 3123 5365 quod
3157 5297 3382 5361 attinet,
3429 5295 3534 5347 etsi
3586 5297 3798 5363 Pachy-

2169 5399 2354 5438 meres
2370 5384 2590 5453 passim
2615 5383 2874 5454 iniquior
2899 5385 3116 5439 Latinis
3149 5391 3362 5438 cautum
3396 5381 3573 5448 hunc,
3595 5383 3663 5435 de
3685 5398 3800 5452 quo
