4146 6288
436 314 572 370 1039

1493 311 1554 361 Ρ.
1595 307 1867 361 POSSINI
1904 306 2510 362 OBSERVATIONUM
2542 310 2678 363 LIB.
2719 312 2763 363 Ι.

3687 315 3829 370 1040

431 439 572 509 agit,
605 435 1243 492 ambitiosevocatuma
1265 430 1389 487 suis
1405 431 1579 497 dicat,
1603 428 1773 501 quasi
1796 428 2066 500 ampliori
2101 433 2152 495 Α
2186 430 2373 484 facere
2406 429 2665 501 :alioqui
2707 445 2811 487 nec
2858 431 3145 488 sullanem
3199 434 3457 491 Persidis
3488 451 3594 492 nec
3621 436 3825 493 Canim

427 524 706 581 vocabulo
738 538 914 596 quam
956 522 1165 576 modus
1209 521 1337 589 ejus
1367 517 1710 575 domesticae
1765 516 2067 584 dignitatis

434 619 627 678 l'erret,
676 614 872 667 tamen
924 626 1057 665 cum
1112 610 1268 663 hunc
1290 610 1658 663 Genuensem
1696 606 2066 661 nominatum

431 704 585 758 dicat
622 699 948 766 Viniimilia,
975 698 1168 753 andivi
1201 714 1263 751 ex
1302 698 1373 751 iis
1406 696 1501 766 qui
1537 695 1917 765 antiquitates
1951 694 2066 748 Ge-

434 791 739 846 nuensium
788 793 1121 859 perspectas
1168 786 1405 850 habent,
1448 800 1644 838 revera
1693 783 1922 837 comitis
1964 799 2068 837 no-

433 898 561 936 men
598 879 693 934 isti
732 877 961 933 familize
1015 893 1081 930 ex
1129 874 1526 930 vetustissimo
1578 878 1837 942 tempore
1886 871 2063 925 tribui

430 969 823 1025 consuevisse.
856 966 940 1038 [P.
970 961 1094 1027 396]
1124 964 1325 1019 Verum
1361 963 1604 1017 fortasse
1640 967 1904 1015 nostrum
1941 976 2066 1015 mo-

429 1059 528 1127 vit,
559 1062 622 1111 ut
653 1058 823 1111 istam
858 1054 1032 1108 nimis
1066 1052 1431 1124 splendidam
1450 1050 1590 1105 civis
1622 1049 2061 1120 Genuensisap—

442 1144 813 1218 pellationem
846 1147 1090 1215 putaret,
1128 1141 1281 1212 quod
1328 1139 1561 1193 maximi
1600 1143 1737 1193 tunc
1772 1137 2063 1208 principes

436 1252 504 1290 ca
548 1233 823 1289 honorari
875 1232 1018 1286 satis
1075 1230 1375 1285 haberent.
1420 1231 1540 1292 Quo
1574 1227 1845 1298 pertinet,
1907 1227 2058 1297 quod

426 1324 690 1394 ejusdem
723 1321 853 1375 libri
886 1337 936 1375 c.
970 1320 1023 1385 8,
1075 1318 1295 1383 scribit,
1342 1318 1412 1371 de
1450 1315 1651 1370 Carolo
1703 1330 1881 1385 agens
1932 1331 2063 1386 rege

424 1412 668 1466 Siciliaz:
712 1405 943 1483 ἀδελφὸν
979 1405 1143 1481 ῥηγὸς
1189 1409 1296 1457 τῶν
1350 1403 1728 1477 Φραντζίσιων
1787 1398 1914 1456 ὄντα
1971 1404 2058 1458 καὶ

424 1499 499 1560 εἷς
545 1498 769 1558 κόντους
827 1494 1153 1569 τεταγμένον
1210 1494 1302 1548 τὸν
1354 1491 1661 1564 Κάρουλον.
1700 1493 1941 1548 Carolus
1971 1495 2063 1547 ni-

426 1589 662 1653 mirum,
701 1588 877 1641 fratcr
907 1592 960 1639 S-
1006 1584 1279 1641 Ludovici
1312 1583 1463 1654 regis
1498 1583 1874 1650 Francorum,
1910 1583 2060 1637 516

425 1678 658 1747 quando
688 1680 933 1729 vocatus
967 1678 1051 1728 est
1108 1673 1175 1727 ad
1219 1687 1463 1741 regnum
1507 1669 1953 1741 Neapolitanum
2008 1676 2064 1726 ct

423 1764 711 1827 Siculum,
766 1779 961 1817 comes
1021 1766 1144 1815 erat
1194 1759 1521 1824 Provinciae,
1573 1759 1726 1813 unde
1783 1762 1938 1813 conte
1990 1761 2061 1814 ab

426 1854 585 1907 Italis
618 1857 757 1906 tunc
791 1855 1031 1906 vocatus
1065 1854 1154 1904 est
1183 1850 1251 1903 ad
1283 1846 1981 1919 regnumNeapalitanum
2012 1854 2067 1901 et

421 1941 705 2008 Siculum,
756 1957 948 1995 comes
994 1944 1117 1993 erat
1176 1938 1508 2003 Provinciae,
1560 1936 1717 1991 unde
1783 1944 1941 1992 conte
1997 1937 2069 1991 ab

427 2030 588 2084 Italis
625 2035 764 2084 tunc
796 2028 1125 2083 vocabatur.
1158 2032 1279 2092 Quo
1319 2026 1494 2081 etiam
1548 2030 1857 2079 contentus
1897 2025 2068 2079 titulo

428 2123 570 2171 tunc
615 2122 757 2183 erat,
814 2117 1081 2187 princeps
1128 2114 1261 2169 licet
1307 2114 1365 2169 in
1416 2112 1617 2184 paucis
1665 2113 1977 2183 opulentus
2012 2119 2070 2168 et

428 2210 774 2276 praepotens,
801 2205 1047 2275 dynasia
1076 2203 1401 2257 Sabaudiaa.
1435 2206 1891 2269 Cantacuzenus,
1944 2207 1981 2256 l.
2028 2219 2068 2266 1,

429 2310 481 2347 c.
515 2295 601 2360 40,
639 2310 693 2364 p.
731 2294 832 2347 120
860 2294 951 2346 ed.
1016 2296 1168 2360 Reg:
1233 2289 1521 2344 Ἑπῦοὸντο
1581 2290 1655 2350 ὡς
1700 2289 1795 2342 τοῦ
1832 2292 1931 2357 τῆς
1962 2295 2067 2342 Σα-

436 2375 634 2442 ϐωδίας
682 2382 967 2455 ἄρχοντος,
1014 2380 1071 2433 ’ὸν
1112 2377 1300 2431 κόν-εον
1346 2379 1380 2447 ἠ
1441 2378 1683 2432 Λατίνων
1734 2376 1955 2453 γλῶσσα
2003 2398 2069 2430 κα

432 2466 539 2540 λεῖ,
571 2477 680 2526 etc.

501 2552 897 2609 Κοντοσκὲλιον
968 2572 1023 2626 p.
1084 2556 1204 2609 365.
1288 2554 1532 2625 Reperio
1613 2554 1766 2625 apud
1826 2557 2061 2608 Petrum

429 2644 678 2715 Gyllium
726 2645 782 2698 in
829 2645 1014 2714 Topog.
1063 2644 1185 2697 urb.
1220 2644 1500 2699 Constant.
1546 2642 1585 2697 l.
1620 2660 1661 2707 1,
1694 2659 1742 2697 c.
1775 2643 1867 2709 20,
1902 2658 2065 2697 men-

429 2734 647 2788 tionem
685 2737 861 2804 porta:
910 2732 1299 2801 Condescalas,
1352 2748 1477 2802 quas
1526 2732 1719 2786 Graece
1766 2728 2069 2785 Κοντόσκε-

436 2836 533 2881 ao;
590 2822 699 2875 dici
741 2822 945 2892 potuit.
976 2821 1142 2875 Forte
1175 2820 1255 2873 illi
1291 2819 1544 2875 vicinum
1579 2826 1632 2874 et
1662 2837 1730 2874 ex
1754 2837 1821 2875 ea
1852 2835 2062 2874 nomen

433 2910 651 2964 ducens
682 2909 881 2964 navale
914 2909 1051 2964 olim
1078 2909 1229 2964 istad
1263 2907 2063 2973 luitContosceliumdictum,

435 3000 589 3069 quod
635 3003 770 3054 tunc
822 3000 1080 3055 dirutum
1146 3000 1493 3054 rcwdiﬁcarc
1516 2998 1767 3053 voluisse
1824 2996 2066 3051 Michael

432 3091 723 3156 Augustus
756 3088 848 3143 hic
878 3088 1109 3142 dicitur.

2187 523 2291 571 aut
2320 520 2534 573 Canem
2586 520 2982 575 Tocharorum
3016 537 3121 576 nec
3176 525 3338 593 Mepe
3390 525 3588 579 Iberia;
3636 526 3831 582 dicere

2179 606 2556 675 deberemus,
2590 609 2687 662 sed
2718 609 2871 679 regis
2903 626 3113 664 nomen
3149 627 3251 681 pro
3284 610 3414 666 istis
3436 613 3676 669 vocibus
3725 633 3824 687 po-

2178 710 2334 762 nera,
2369 696 2520 765 quod
2557 712 2729 751 nemo
2754 697 3107 767 probaverit.

2244 787 2522 852 Λαμπῖναι
2595 802 2628 855 p
2718 786 2836 840 156.
2910 784 2995 838 Ἐν
3049 782 3365 856 λαμπῖνοιις.
3448 790 3533 843 Ita
3581 794 3823 861 uterque

2174 872 2299 925 cod.
2334 876 2377 924 Β
2408 877 2463 925 et
2492 875 2568 927 A:
2604 889 2738 927 nam
2771 877 2899 927 Vat.
2934 873 3054 928 haec
3085 876 3352 929 comittit.
3379 876 3633 946 Λαμπένη
3673 882 3812 950 quid

2174 959 2271 1029 sit,
2306 977 2419 1014 non
2456 962 2999 1032 reperio.Nimirum
3034 964 3116 1034 [P.
3150 964 3277 1034 397]
3314 981 3382 1018 ex
3425 983 3535 1021 usu
3577 970 3818 1024 fortasse

2174 1047 2384 1117 linguae
2416 1048 2673 1120 vulgaris
2701 1050 3034 1123 Pacliymeri
3073 1052 3418 1123 obrepserit,
3476 1061 3539 1109 ut
3570 1074 3584 1107 ι
3618 1074 3720 1127 pro
3778 1078 3812 1126 η

2172 1136 2229 1190 in
2264 1136 2369 1190 hoc
2402 1137 2682 1192 vocabulo
2717 1144 2991 1209 poneret:
3026 1156 3159 1194 nam
3193 1138 3459 1213 λαμπήνη
3508 1148 3646 1199 nota
3686 1146 3811 1215 jam

2170 1241 2275 1279 vox
2308 1230 2413 1279 est.
2434 1226 3100 1297 HesychiuszAapnrjxn
3152 1225 3292 1289 εἶδος
3350 1230 3560 1301 ἁμάξης
3613 1230 3692 1305 ἐφ’
3748 1234 3817 1301 ἧς

2171 1312 2428 1385 ὀχοῦνται
2462 1308 2616 1380 ἔνιοι,
2650 1312 2856 1383 ἀπήνη,
2899 1317 2933 1385 ἢ
2995 1315 3141 1391 ἅρμα
3191 1319 3648 1376 σκεπαστόνᾙθθο
3695 1322 3813 1393 ille,

2169 1418 2490 1472 congercns
2524 1402 2711 1458 multa
2739 1420 2869 1475 qua;
2900 1404 3077 1459 simul
3109 1405 3401 1478 integram
3432 1409 3591 1464 vocis
3642 1426 3811 1479 quam

2170 1489 2418 1560 explicat
2450 1490 2757 1546 absolvunt
2790 1492 3104 1549 notionem.
3140 1497 3204 1549 Et
3235 1512 3375 1550 sane
3406 1499 3603 1552 omnia
3635 1515 3811 1569 quan-

2169 1580 2337 1633 drare
2370 1579 2639 1633 videntur
2681 1582 2738 1635 in
2772 1582 2928 1636 hunc
2954 1583 3143 1637 locum
3174 1592 3231 1637 et
3261 1584 3317 1638 in
3353 1589 3547 1639 mente
3570 1588 3812 1659 scripto-

2170 1664 2251 1718 ris
2304 1666 2451 1720 577
2512 1665 2714 1723 fuisse.
2771 1666 2875 1721 Illa
2957 1686 3127 1739 porro
3206 1672 3412 1725 verba:
3482 1673 3659 1727 Ταῦτα
3711 1674 3809 1749 γὰρ

2169 1754 2304 1822 ἦσαν
2335 1752 2397 1808 τὸ
2429 1754 2621 1827 πάλαι,
2663 1758 2935 1814 videntur
2984 1761 3270 1832 respicere
3331 1764 3542 1820 festum
3594 1771 3808 1822 Scene-

2174 1843 2349 1914 pegize
2400 1849 2501 1899 aut
2548 1846 3076 1903 Tabernaculorum
3129 1867 3163 1904 a
3208 1851 3427 1905 Judaeis
3475 1854 3611 1908 olim
3672 1855 3814 1911 cele-

2173 1932 2326 1987 brari
2361 1932 2597 1988 solitum
2624 1935 2682 1988 in
2717 1937 3057 1991 memoriam
3091 1939 3218 1993 vita
3248 1957 3280 1993 a
3318 1942 3586 2011 patribus
3618 1943 3674 1996 in
3726 1948 3811 1998 ta-

2170 2020 2501 2077 bernaculis
2552 2028 2858 2079 transacta
2907 2042 3007 2095 per
3085 2044 3269 2083 annos
3323 2030 3710 2100 quadraginta
3752 2032 3810 2086 in

2174 2111 2419 2165 deserto.
2453 2111 2571 2165 Etsi
2606 2117 2796 2167 autem
2833 2114 3133 2185 Scriptura
3165 2116 3261 2170 ubi
3296 2117 3404 2171 hoc
3424 2118 3635 2172 festum
3672 2137 3814 2189 pra:-

2174 2198 2396 2265 scribit,
2431 2199 2761 2254 meminerit
2787 2206 3013 2257 tantum
3042 2204 3255 2259 diserte
3302 2206 3809 2265 tabernaculorum

2172 2288 2491 2339 erectorum
2542 2291 2703 2339 extra
2756 2287 2981 2357 domos,
3009 2288 3151 2343 satis
3181 2294 3374 2344 tamen
3416 2308 3656 2360 pronum
3682 2309 3810 2348 cre-

2175 2372 2295 2425 ditu
2330 2376 2419 2426 est
2451 2371 2715 2427 adhibita
2748 2375 2816 2428 ad
2840 2374 2996 2430 hunc
3025 2394 3197 2431 usum
3231 2377 3486 2448 plaustra
3517 2381 3695 2434 ramis
3725 2382 3806 2436 vi-

2175 2461 2439 2515 rentibus
2472 2478 2724 2533 superne
2781 2469 2953 2533 tecta,
3004 2471 3061 2519 et
3110 2472 3315 2522 caetero
3369 2469 3677 2539 splendore
3713 2489 3809 2527 va-

2174 2549 2243 2602 rii
2296 2555 2541 2605 ornatus
2597 2554 2844 2622 agrestis
2883 2555 3213 2610 festivitatis
3257 2556 3465 2611 laetitiae
3517 2558 3806 2614 celebran-

2172 2637 2260 2692 dae
2343 2641 2736 2707 accomodata,
2825 2657 2950 2711 quae
3036 2642 3130 2696 hic
3232 2644 3441 2699 Noster
3541 2644 3799 2717 λαμ-πίνας

2171 2730 2355 2780 vocat

2242 2820 2583 2888 Λειτουργεῖν
2641 2835 2697 2888 p.
2742 2818 2865 2874 374.
2919 2818 3035 2875 Hoc
3093 2819 3216 2876 loco
3249 2838 3340 2877 res
3372 2821 3499 2893 ipsa
3529 2824 3703 2896 exigit
3728 2831 3791 2880 ut

2168 2901 2229 2955 τὸ
2278 2900 2610 2975 λειτουργεῖν
2669 2922 2783 2959 non
2829 2906 3174 2977 simpliciter
3213 2915 3381 2964 sonet
3413 2912 3654 2967 missam
3687 2914 3803 2968 sive

2170 3007 2394 3045 sacram
2454 2991 2750 3063 liturgiam
2798 2993 3110 3065 celebrare,
3164 2998 3263 3051 sed
3312 2997 3368 3051 id
3394 2999 3582 3055 facere
3634 3002 3809 3056 simul

2170 3095 2301 3134 cum
2339 3080 2579 3150 Latinis,
2613 3082 2685 3135 iis
2719 3098 2834 3135 una
2885 3085 3491 3153 communicando;in
3542 3106 3657 3160 quo
3690 3095 3812 3144 erat

496 3151 873 3247 [ξορδοκοῦϐας
907 3194 961 3247 p.
998 3178 1119 3229 450.
1154 3176 1405 3229 Pronum
1441 3173 1741 3245 suspicatu
1801 3178 1889 3229 est
1946 3173 2054 3227 lin-

2175 3166 2286 3221 sita
2319 3168 2711 3224 schismaticis
2740 3171 2953 3226 amotio
2989 3187 3000 3226 :
3057 3189 3188 3227 nam
3218 3173 3578 3230 schismatici
3628 3178 3809 3233 Graeci

422 3280 537 3334 gua
575 3268 868 3332 Mysorum
929 3264 1266 3318 cordocubze
1316 3263 1659 3318 vocabulum
1713 3262 1931 3332 aliquid
1992 3278 2059 3316 ex

421 3352 594 3406 oleris
618 3353 853 3406 notione
886 3353 1141 3418 duxisse,
1186 3357 1570 3423 propagatum
1615 3352 1759 3404 l'orte
1814 3367 1881 3404 ex
1912 3368 2056 3421 qua-

421 3440 555 3493 dam
587 3442 955 3511 corruptione
985 3443 1188 3494 Graeca:
1212 3440 1364 3495 vocis
1393 3438 1664 3513 κόρχορος
1690 3439 2050 3495 notissimam

420 3528 783 3598 designantis
815 3528 985 3583 oleris
1018 3528 1291 3598 speciem,
1324 3534 1380 3584 et
1409 3528 1631 3599 vulgari
1659 3528 1798 3583 olim
1849 3528 2053 3599 adagio

420 3615 706 3671 celebrate
732 3634 745 3671 :
776 3615 872 3669 Καὶ
902 3615 1180 3691 κὸρχορος
1209 3615 1261 3670 ἐν
1289 3614 1570 3690 λαχάνοις.

488 3701 834 3779 Κορτινάριοι
861 3724 916 3777 p.
951 3708 1076 3761 321.
1109 3709 1369 3771 Quatuor
1397 3723 1608 3778 genera
1656 3709 2051 3779 palatinorum

415 3794 821 3851 ministrorum
852 3797 1138 3866 gradatim
1171 3797 1456 3867 dignitate
1488 3800 1810 3853 crescentia
1831 3816 2049 3855 memo-

415 3887 524 3948 rat,
560 3883 929 3941 Bardariotas
955 3886 1086 3939 ostii
1119 3887 1390 3940 custodes
1423 3886 1611 3940 instar
1634 3886 2049 3958 Helvetiorum,

410 3966 776 4040 cortinarios,
810 3974 1198 4029 cubicularios
1228 3982 1281 4029 et
1342 3974 1805 4030 admissionales.
1865 3977 2049 4033 Corti-

413 4062 563 4115 narii
593 4061 774 4116 fuisse
809 4062 867 4116 in
902 4063 1090 4117 aulico
1123 4062 1396 4117 satellitio
1431 4064 1466 4117 ii
1499 4064 2045 4136 videntur,quorum

412 4155 537 4203 erat
562 4165 775 4204 munus
808 4150 878 4204 ad
913 4152 1221 4219 cortinam,
1243 4156 1403 4205 extra
1446 4152 1636 4206 velum
1670 4152 1965 4224 intimum,
1994 4156 2048 4210 la

412 4242 634 4294 Poliera
665 4240 918 4295 cubiculi
952 4241 1115 4311 regii,
1150 4241 1467 4311 praestolari
1501 4242 1725 4297 subitos
1766 4250 1942 4301 nutus
1991 4255 2047 4302 et

406 4327 649 4382 fortuita
679 4328 925 4399 imperia
965 4329 1268 4400 principis,
1304 4335 1359 4384 et
1389 4329 1845 4387 admissionibus
1870 4335 2042 4389 η]ἰηὶ-

406 4421 517 4470 stra
529 4433 607 4471 re.

470 4505 707 4579 Κορυφώ
742 4522 797 4576 p.
828 4506 953 4560 508.
987 4507 1089 4561 Est
1144 4506 1239 4561 hic
1299 4506 1527 4582 Κορυφώ
1578 4509 1869 4565 recentius
1931 4529 2034 4567 no-
2067 4507 2111 4569 D

398 4609 530 4647 men
581 4593 783 4649 insulae
842 4594 1116 4666 Corcyrae,
1169 4594 1337 4650 hodie
1392 4600 1449 4650 et
1499 4612 1566 4651 ex
1618 4596 1838 4667 aliquot
1879 4606 2031 4656 retro

397 4681 626 4736 saeculis
684 4681 859 4752 vulgo
894 4683 1054 4751 Corfa
1111 4684 1298 4748 dictzn,
1334 4684 1487 4755 quod
1542 4686 1668 4741 ideo
1702 4686 1947 4743 retinere
1978 4692 2034 4747 in

397 4768 873 4839 interpretatione
946 4771 1145 4836 debui,
1190 4772 1666 4842 quandoquidem
1735 4775 1790 4829 id
1835 4784 2039 4834 auctor

393 4857 586 4912 sciens
619 4858 909 4928 insurpat,
943 4859 1118 4913 veteri
1147 4859 1257 4913 sibi
1292 4877 1405 4913 non
1450 4860 1645 4929 ignoto
1704 4867 2034 4935 praeferens,

392 4946 472 4999 uti
507 4947 681 5001 etiam
716 4947 774 4999 in
813 4943 1005 5016 διορέῳ
1037 4948 1121 5001 vel
1155 4947 1465 5019 Mopéqz,pr0
1523 4950 1944 5021 Peloponneso,
1976 4962 2034 5011 et

385 5034 446 5089 in
482 5035 779 5090 similibus
814 5034 968 5091 fecit.

456 5122 658 5195 Κράλις
716 5123 756 5178 l.
818 5142 870 5191 ν,
930 5141 982 5179 c.
1040 5126 1093 5178 6.
1135 5130 1291 5194 Saepe
1352 5126 1618 5181 nominat
1650 5127 2029 5201 Pachymeres

382 5210 593 5285 Κραλιν
652 5206 921 5286 Σερϐίαςς
982 5229 1156 5282 quam
1215 5230 1415 5268 vocem
1460 5215 1566 5270 etsi
1602 5233 1715 5271 non
1766 5218 1966 5289 ignoro
1999 5240 2030 5276 a

382 5302 741 5371 quibusdam
776 5319 876 5374 pro
910 5300 1260 5373 appellativa
1298 5302 1481 5372 accipi
1519 5305 1899 5374 aequivalente
1929 5326 2027 5365 vo-

381 5392 586 5445 cabulo
617 5387 892 5464 βασιλεύς,
926 5396 1120 5445 tamen
1152 5407 1283 5445 cum
1316 5397 1370 5445 et
1413 5392 1619 5447 Noster
1649 5399 1705 5448 et
1734 5397 2024 5453 Cantacu-

376 5494 558 5533 zenus
616 5484 671 5533 et
717 5478 813 5532 alii
876 5494 1002 5531 eam
1066 5479 1375 5546 retineant,
1460 5496 1562 5533 nec
1638 5482 1810 5536 verbo
1870 5483 2022 5555 βασι-

380 5564 504 5625 λεύς
538 5570 1052 5634 commutent,non
1083 5570 1171 5620 est
1192 5567 1344 5637 quod
1376 5584 1481 5623 nos
1504 5568 1843 5626 dubitemus
1866 5574 2019 5629 idem

448 5683 527 5749 (1)
563 5682 640 5737 Cl‘.
678 5680 936 5735 Glossar.
971 5680 1238 5736 alterum.

2166 3255 2403 3310 Latinos
2437 3262 2499 3310 ut
2530 3274 2597 3311 ex
2629 3259 3096 3313 communicatos
3136 3265 3193 3315 et
3240 3261 3538 3319 haereticos
3582 3265 3636 3318 in
3671 3282 3811 3320 con-

2166 3344 2412 3398 sortium
2449 3361 2747 3400 sacrorum
2784 3348 3089 3403 admittere
3120 3351 3487 3406 recusaboni.

2236 3432 2412 3491 Λὲπας
2461 3450 2517 3503 p.
2572 3434 2695 3489 385.
2746 3434 2832 3495 Ὠς
2899 3432 3067 3495 λέπας
3122 3436 3338 3511 πέτρας.
3373 3440 3545 3495 Vetus
3574 3456 3809 3512 prover-

2163 3518 2323 3573 bium
2356 3536 2424 3574 ex
2454 3519 2835 3591 Aristophane
2869 3522 2923 3576 in
2957 3523 3147 3592 Pluto,
3182 3525 3280 3580 ubi
3309 3526 3683 3600 Chremylum
3715 3532 3805 3586 sic

2163 3610 2499 3681 loquentem
2535 3613 2672 3667 facit
2696 3615 2804 3668 sub
2836 3614 3054 3670 ﬁnem:

2229 3752 2315 3831 :9;
2346 3749 2595 3831 εὖτόρδῳς,
2628 3753 2672 3805 ὦ
2706 3756 2799 3806 Ζεῦ
2835 3753 3077 3831 βκσιᾎεῦ,
3111 3756 3172 3809 τὸ
3204 3755 3427 3831 γρᾳδίων

2247 3777 2314 3811 κς
2346 3777 2595 3819 ευτονως,
2628 3777 2672 3805 ω
2706 3777 2799 3806 Λευ
2835 3777 3077 3827 plot/tau,
3111 3777 3172 3809 το
3245 3777 3427 3831 ρᾳοιον

2228 3825 2428 3895 Ὥσπερ
2460 3821 2628 3885 λέπας
2658 3829 2738 3895 τῷ
2771 3826 3037 3900 μειρακίῳ
3061 3777 3442 3903 προσῖτχεταιο

2158 3966 2227 4021 ad
2263 3983 2434 4036 quem
2468 3967 2661 4022 locum
2687 3968 2768 4023 sic
2798 3970 3037 4024 adnotat
3055 3975 3219 4025 vetus
3242 3972 3800 4037 scholiasteszAém;

2154 4052 2463 4127 κογχύλιον
2496 4052 2740 4131 ἐφιζοὶνον
2769 4061 2887 4117 ταῖς
2917 4056 3158 4130 πέτραις,
3193 4059 3269 4111 ὅτ’
3323 4060 3514 4125 αὐταῖς
3541 4066 3795 4138 προστετί-

2154 4162 2363 4215 γνυται,
2437 4139 2895 4205 δυσαποσπάστως
2961 4142 3114 4217 ἔχον,
3191 4144 3404 4201 ἐπειδάν
3478 4170 3560 4211 τις
3629 4150 3789 4205 αὐτοῦ

2160 4228 2455 4303 βουληθείη
2493 4227 2698 4284 λαϐεῖν.
2733 4233 2962 4288 Similia
3010 4236 3162 4290 idem
3224 4239 3387 4293 docet
3428 4240 3498 4294 ad
3561 4258 3786 4297 versum

2156 4320 2308 4375 hunc
2340 4320 2516 4375 alium
2552 4321 2811 4389 ejusdem
2844 4322 3251 4394 Aristophanis
3307 4326 3364 4381 in
3423 4330 3623 4400 l’espz‘s,
3677 4347 3776 4384 non

2150 4410 2321 4481 longe
2350 4428 2383 4465 a
2409 4410 2716 4481 principio.

2252 4547 2613 4624 Upoansi'i'c‘u
2642 4551 2763 4624 πρῲ
2794 4550 2931 4605 πάνυ

2244 4621 2442 4696 Ὥσπερ
2471 4621 2639 4686 λέπας
2668 4621 3080 4698 ττρᾶσεχόμενος
3110 4630 3188 4697 τῷ
3218 4626 3382 4685 κίονι.

2121 4768 2305 4823 idem
2327 4768 2423 4823 alii
2449 4770 2765 4840 scriptores
2814 4771 3079 4826 tradunt.
3126 4773 3397 4842 Lepadem
3441 4775 3593 4832 hanc
3645 4795 3779 4833 con-

2144 4856 2312 4912 cham
2348 4858 2589 4913 Plautus
2623 4861 2818 4912 Latine
2846 4864 3013 4913 vocat
3059 4877 3173 4915 non
3206 4862 3408 4918 semel.
3443 4865 3667 4921 Plinius
3701 4873 3780 4921 ta-

2144 4961 2275 4999 men
2305 4945 2537 5000 videtur
2568 4946 2857 5000 buccinnm
2889 4947 3199 5018 appellare.
3235 4949 3341 5004 Ubi
3376 4953 3532 5008 enim
3585 4953 3622 5007 Ι.
3659 4972 3779 5022 xxx,

2141 5049 2189 5102 c,
2221 5034 2310 5099 36,
2346 5033 2632 5088 buccinum
2665 5034 2811 5088 dixit
2840 5052 2968 5090 esse
2997 5038 3269 5092 minorem
3299 5039 3563 5095 concham
3584 5043 3665 5096 ad
3694 5044 3777 5097 si-

2137 5122 2513 5177 militudinem
2537 5125 2650 5191 ejus
2681 5124 2898 5178 buccini
2925 5140 3027 5195 quo
3074 5142 3243 5180 sonus
3278 5127 3446 5195 edim,
3500 5129 3645 5183 unde
3694 5142 3777 5186 est

2136 5227 2304 5265 causa
2337 5210 2569 5274 nomini,
2606 5211 2776 5282 paulo
2810 5217 2942 5283 post
2973 5213 3176 5268 addit:
3212 5216 3503 5271 buccinum
3548 5219 3779 5273 nonnisi

2132 5302 2303 5370 petris
2333 5299 2597 5366 adha’ret,
2632 5302 2893 5370 circaque
2914 5304 3156 5371 scapulas
3189 5303 3396 5369 legitur
3426 5306 3521 5375 (1).

2204 5387 2523 5459 Μακαρίτης
2575 5404 2630 5458 p.
2672 5389 2794 5441 282.
2831 5409 2881 5442 υ.
2933 5389 3028 5443 Ἐκ
3086 5392 3363 5464 Γερμᾶνου
3411 5396 3504 5445 τοῦ
3538 5392 3772 5466 μακαρί-

2130 5496 2243 5530 τον,
2273 5476 2600 5547 Aliquando
2630 5478 2876 5532 credidit
2906 5478 3201 5550 designari
3236 5480 3343 5535 hoc
3377 5480 3501 5536 loco
3532 5483 3591 5536 S.
3626 5484 3771 5537 Ger-

2131 5582 2374 5621 manum
2405 5569 2468 5619 P.
2503 5566 2562 5620 C.
2592 5567 2828 5638 scriptis
2858 5567 3102 5634 clarum,
3121 5569 3436 5638 quiChristi
3470 5587 3621 5627 anno
3636 5574 3771 5637 714,
