4146 6288
348 380 480 433 1041

1810 381 2287 437 GLOSSARJUM.

3601 378 3738 433 1042

346 505 671 574 imperante
700 503 1014 558 Anastasio
1045 506 1329 575 Augusto,
1362 521 1430 559 ex
1458 507 1730 576 Cyzicena
1761 508 1897 560 sede
1930 506 1986 560 iu
2021 507 2071 570 Α
2101 505 2233 573 ἦσαν
2291 525 2302 559 :
2347 507 2617 562 διηιιίὶὶσι·
2662 514 2843 561 autem
2878 511 2930 560 et
2973 504 3431 559 Mummachutum
3458 511 3509 559 et
3541 502 3736 558 Meliti-

346 590 1043 661 Constantinopolitanam
1071 597 1157 646 est
1183 592 1526 648 translatus.
1560 595 1637 647 Im
1650 593 1893 663 pellebat
1918 595 1988 649 ad

348 680 430 735 sic
462 679 821 750 Opinandum
854 681 1068 735 mentio
1101 682 1464 751 antiquitatis
1498 682 1584 736 bis
1618 682 1723 737 hoc
1753 682 1876 737 loco
1910 700 1991 739 re-

343 770 542 840 petita,
566 769 734 840 quasi
758 770 1385 826 indicansGermanum
1412 770 1567 826 hunc
1596 772 1986 843 patriarcham

348 873 563 911 novum
596 873 662 911 ex
712 856 920 913 ultima
960 863 1244 914 vetustate
1291 862 1557 931 exempla
1604 864 1660 915 et
1704 866 1987 932 praecepta

350 945 726 1001 emendanda;
761 946 1021 1002 Ecclesiae
1054 947 1187 1003 inde
1219 965 1406 1019 usque
1429 950 1499 1003 ab
1523 948 1664 1004 actis
1680 953 1734 1004 et
1751 949 1983 1020 scriptis

350 1036 536 1089 sancti
561 1034 833 1090 Germani
862 1051 1151 1091 accersere
1184 1038 1503 1092 studuisse.
1535 1041 1749 1092 Verum
1797 1054 1854 1092 re
1900 1042 1983 1091 at-

346 1125 567 1180 tentius
598 1125 966 1181 considerata
990 1127 1348 1197 probabilius
1381 1128 1703 1183 existimavi
1736 1129 1827 1200 agi
1875 1129 1984 1183 hcc

341 1212 467 1267 loco
499 1214 567 1268 de
598 1214 882 1269 Germano
917 1215 1086 1287 longe
1115 1217 1452 1271 recentioris
1485 1219 1776 1272 memoriae
1800 1219 1982 1288 patri-

343 1300 539 1370 archa,
573 1302 743 1370 cujus
774 1314 1022 1357 mortem
1052 1308 1107 1358 et
1138 1303 1390 1375 elogium
1422 1305 1601 1359 habes
1644 1305 1793 1362 578
1827 1306 1979 1375 apud

343 1389 735 1459 Acropolitam
774 1390 830 1444 in
864 1391 1108 1462 imperio
1131 1392 1375 1449 Joannis
1408 1394 1572 1448 Ducze
1594 1399 1837 1448 Batatzae
1871 1394 1980 1447 sub

337 1493 455 1546 quo
488 1477 681 1531 ﬂoruit
719 1480 964 1552 ε’Έτυχε
1020 1480 1114 1550 μὲν
1171 1481 1277 1553 πρὸ
1333 1486 1526 1554 καιροῦ
1567 1482 1658 1536 τὸν
1708 1482 1979 1555 πατριάρ-

333 1582 447 1635 χην
492 1566 767 1638 Γερμανὸν
813 1566 879 1619 τὰ
926 1565 1057 1639 τῇδε
1106 1567 1476 1623 κατκλιπόντα
1524 1570 1659 1642 πρὸς
1698 1570 1790 1631 τὰς
1837 1570 1981 1630 Οείας

333 1650 541 1724 ἀπᾶραι
602 1653 823 1722 σκηνὰς,
869 1660 1055 1716 καλῶς
1098 1657 1186 1710 καὶ
1219 1656 1380 1718 ὁσίως
1429 1658 1695 1732 βιώσαντα
1745 1658 1833 1712 καὶ
1881 1678 1980 1711 κοι-

331 1738 453 1801 λῶς
508 1742 607 1809 τὴν
664 1742 830 1796 αὖτοῦ
887 1744 1227 1816 ποιμάναντα
1292 1746 1553 1818 ποίμνην.
1616 1749 1707 1803 Sic
1767 1753 1975 1819 Acrop.

2100 595 2253 665 dem,
2305 612 2512 650 necnon.
2582 594 3014 666 Amphididcm,
3073 593 3170 664 qui
3212 593 3442 647 celebres
3509 592 3734 647 insania

2097 685 2277 755 fuere.
2311 684 2417 738 Ubi
2452 685 2741 756 signiﬁcat
2770 684 2881 737 ista
2914 684 3144 755 propria
3177 683 3353 736 fuisse
3386 681 3616 736 nomina
3646 680 3733 734 in-

2099 789 2374 828 sanorum
2400 774 2950 844 quorumdam,qum
2974 771 3181 826 deinde
3200 771 3254 824 in
3282 770 3563 825 similium
3587 768 3733 838 ipsis

2097 860 2544 931 appellationem
2571 862 2851 916 translata
2880 859 3113 926 fuerint,
3136 863 3306 930 prout
3329 859 3397 912 de
3419 859 3614 913 Sanna
3635 874 3731 911 no-

2098 949 2360 1004 minatim
2391 951 2814 1019 observaverat,
2836 950 2917 1004 sic
2940 953 3107 1003 antea
3126 948 3387 1002 scribens
3410 946 3530 1001 ετὸν
3548 945 3732 1017 μωρὸν

2078 1033 2316 1108 ,οἷ’δαμεν
2352 1036 2552 1091 Σάννοιν
2596 1034 2875 1091 καλεῖσθαι
2915 1037 2987 1096 ὡς
3034 1033 3137 1088 ἀπό
3186 1054 3332 1097 τινος
3373 1032 3561 1106 κυρίου
3612 1032 3730 1085 ὀνό-

2093 1146 2279 1196 ματος.
2343 1128 2582 1182 Stultum
2619 1129 2819 1182 scimus
2867 1128 3117 1182 Sannam
3162 1125 3346 1180 vocari
3395 1133 3660 1194 tanquam
3695 1140 3731 1177 α

2092 1216 2321 1285 quodam
2371 1217 2591 1288 proprio
2649 1218 2888 1271 nomine.
2948 1216 3127 1285 Cujus
3184 1214 3266 1267 rei
3325 1217 3533 1267 testem
3595 1212 3730 1266 facit

2092 1303 2242 1359 579
2268 1303 2560 1358 Cratinum
2598 1302 2905 1367 comicum,
2937 1301 3019 1355 ita
3044 1300 3313 1355 continue
3336 1298 3722 1368 subjungens:

2090 1388 2193 1443 Καὶ
2271 1392 2561 1463 παράγεται
2634 1394 2890 1464 Κρατῖνος
2947 1383 3227 1458 κωμῳδῶν
3301 1388 3551 1439 τοιοῦτον
3631 1383 3721 1438 τὸν

2090 1477 2414 1550 Θεοδοτίδην
2462 1479 2680 1536 Σάνναν.
2714 1482 2860 1545 Quia
2894 1497 3022 1535 vero
3056 1477 3402 1534 Eustathius
3442 1480 3722 1531 constan-

2093 1575 2175 1625 ter
2196 1571 2345 1626 hanc
2376 1588 2568 1626 vocem
2612 1588 2742 1625 cum
2768 1568 2986 1641 duplici
3024 1589 3063 1639 μ
3093 1567 3317 1634 scribit,
3370 1566 3512 1619 forte
3543 1564 3625 1619 sic
3657 1581 3725 1619 ca

2089 1661 2241 1730 apud
2278 1660 2706 1731 Pachymerem,
2738 1659 2869 1714 etsi
2907 1658 3080 1712 ambo
3111 1656 3278 1711 codd.
3300 1654 3502 1725 optimi
3528 1654 3567 1708 B
3592 1657 3648 1707 et
3678 1658 3725 1709 A

2088 1749 2451 1803 concorditer
2471 1765 2601 1803 cum
2638 1748 2807 1803 unico
2843 1768 2881 1818 μ
2911 1746 3186 1811 scribant,
3217 1742 3720 1798 cmendandafue-

329 1847 386 1900 p.
456 1831 524 1932 d9
555 1831 689 1887 Hist.
751 1832 819 1887 Ut
858 1832 1016 1932 hunc
1076 1837 1267 1905 potius
1318 1836 1564 1891 indicari
1613 1836 1706 1890 hic
1753 1841 1974 1907 putem,
2007 1868 2054 1932 B
2089 1837 2182 1890 rit.
2218 1836 2531 1891 Vaticanus
2564 1836 2744 1891 solitae
2777 1836 2886 1891 sibi
2922 1835 3166 1889 licentlre
3212 1833 3267 1886 in
3302 1832 3407 1885 hoc
3470 1848 3582 1903 prae
3617 1847 3719 1884 rae-

326 1920 547 1974 suadet
575 1936 683 1974 vox
716 1918 1019 1990 μακαρίτης
1052 1923 1279 1978 civilem
1331 1926 1518 1995 magis
1560 1925 1727 1995 quasi
1770 1942 1975 1997 quem-

327 2008 498 2073 dam,
530 2024 597 2062 ex
629 2024 735 2063 usu
771 2009 1125 2075 Graecorum,
1159 2029 1333 2082 quam
1369 2012 1727 2084 religiosum,
1785 2013 1975 2084 qualis

322 2095 553 2150 sanctis
593 2096 664 2149 ab
718 2097 969 2153 Ecclesia
1017 2099 1324 2155 declaratis
1378 2103 1640 2171 debetur,
1694 2103 1969 2157 honorem

323 2183 674 2254 designans,
704 2186 763 2255 [P
790 2187 915 2257 398]
952 2192 1226 2258 praeterea
1254 2190 1630 2245 recentiorem
1654 2191 1969 2261 quamdam

326 2273 745 2327 defunctorum
779 2276 1121 2331 memoriam
1165 2276 1450 2333 indicans.
1493 2279 1614 2334 Non
1661 2281 1815 2334 enim
1872 2279 1970 2350 qui

328 2363 467 2415 ante
492 2359 674 2413 multa
705 2361 920 2416 saecula
951 2368 1091 2418 sunt
1120 2365 1358 2422 mortui.
1394 2383 1527 2420 cum
1585 2369 1968 2433 nominantur,

332 2451 627 2519 μακαρῖται
678 2447 793 2502 dici
839 2449 1043 2515 solent,
1091 2452 1191 2506 sed
1237 2450 1287 2503 οἱ
1340 2452 1665 2526 προσφάτως
1720 2451 1971 2523 τελευτῆ-

328 2555 536 2601 σαντες,
572 2552 718 2605 quos
750 2537 849 2607 qui
883 2538 1132 2593 viderint
1158 2540 1348 2595 adhuc
1390 2542 1603 2597 vivant.
1642 2543 1735 2598 Sic
1792 2543 1969 2613 hujus

328 2624 464 2678 libri
498 2641 546 2678 ο.
579 2625 669 2693 23,
703 2627 927 2681 Irenem
972 2632 1296 2698 Augustam
1329 2629 1569 2685 Joannis
1606 2634 1771 2686 Ducre
1830 2648 1967 2686 uxo-

330 2728 476 2778 rem,
528 2729 658 2783 quas
695 2716 1066 2770 commodum
1113 2717 1314 2772 eodem
1363 2734 1495 2773 eum
1529 2719 1637 2774 hoc
1682 2720 1968 2775 Germano

329 2800 560 2854 vixerat
608 2805 870 2873 tempore
900 2807 953 2858 et
985 2809 1115 2859 ante
1160 2803 1347 2859 virum
1408 2809 1757 2871 decesserat,
1796 2827 1967 2878 μακα-

334 2883 514 2960 ρίτιδα
548 2897 723 2945 vocat.
767 2891 936 2946 Nullo
967 2892 1159 2962 agitur
1188 2896 1360 2949 modo
1393 2895 1508 2961 agit
1538 2896 1645 2951 hoc
1691 2897 1813 2952 loco
1863 2897 1965 2952 Pa-

331 2975 636 3047 cbymeres
668 2979 737 3033 de
766 2984 969 3034 sancto
1001 2982 1283 3037 Germano
1306 2983 1636 3054 patriarcha
1678 2985 1775 3040 illo
1807 2990 1966 3040 vetu-

326 3063 616 3135 stissimo,
647 3083 822 3137 quem
852 3069 900 3123 si
949 3069 1294 3139 nominaret,
1342 3089 1453 3128 non
1509 3072 1833 3145 μακαρίτην,
1865 3075 1965 3129 sed

328 3151 593 3228 μακάριον
628 3155 863 3223 diceret,
894 3174 1092 3213 verum
1125 3160 1195 3214 de
1237 3160 1347 3215 isto
1395 3160 1574 3217 altero
1606 3162 1705 3233 qui
1762 3161 1965 3233 viginti

2085 1925 2225 1980 teris
2257 1926 2442 1996 capite
2474 1924 2804 1995 indulgens,
2840 1939 2969 1978 cum
3004 1922 3117 1977 alia
3142 1923 3354 1993 passim
3387 1921 3445 1973 in
3485 1936 3549 1974 eo
3581 1919 3721 1973 scri-

2086 2018 2179 2085 pta
2212 2014 2401 2068 verbis
2434 2015 2649 2085 quibus
2692 2013 2861 2067 libuit
2904 2012 3083 2078 effert,
3132 2016 3251 2064 tum
3311 2010 3367 2063 in
3426 2008 3534 2062 hac
3584 2022 3718 2061 voce

2084 2103 2322 2172 quidam
2370 2105 2707 2173 καινοτομεῖ.
2768 2102 2860 2155 Sic
2918 2100 3070 2155 enim
3125 2099 3299 2153 habet
3344 2115 3356 2153 :
3433 2093 3717 2151 Μάκουθοί

2081 2209 2217 2250 τινες
2250 2190 2416 2251 ὅντες.
2450 2190 2695 2245 Videtur
2725 2193 2916 2244 autem
2953 2205 3018 2242 ex
3051 2187 3159 2242 alia
3189 2186 3412 2257 origine
3452 2185 3600 2239 hanc
3626 2202 3721 2240 vo-

2083 2296 2206 2334 cem
2240 2296 2555 2346 accersere,
2591 2296 2694 2334 nec
2721 2278 2827 2333 viri
2859 2275 3175 2349 singularis
3207 2275 3343 2330 olim
3376 2274 3557 2328 fuisse
3617 2291 3717 2328 no-

2085 2384 2213 2423 men
2246 2367 2544 2439 pruprium
2576 2383 2910 2439 agnoscere,
2945 2366 3045 2420 sed
3088 2367 3463 2435 propagatam
3515 2366 3718 2433 putare

2080 2472 2147 2511 ex
2179 2458 2348 2512 verbo
2411 2460 2637 2528 μακοᾷν,
2684 2457 2836 2528 quod
2885 2453 3203 2526 Hesychius
3260 2451 3497 2524 exponit
3543 2470 3715 2525 παρα-

2079 2549 2316 2620 φρονεῖν,
2358 2546 2773 2618 προσποιεῖσθαι
2827 2564 2899 2615 μη
2952 2540 3187 2609 ἀκούειν,
3230 2541 3499 2611 desipere,
3546 2540 3717 2594 simu-

2080 2635 2195 2689 lare
2227 2650 2281 2689 se
2313 2651 2417 2689 non
2450 2635 2663 2689 audire.
2707 2636 2771 2688 Et
2802 2634 2952 2687 hanc
2986 2632 3358 2704 potissimum
3399 2629 3715 2685 secundam

2080 2723 2435 2778 dissimulati
2467 2724 2701 2778 auditus
2734 2722 3027 2777 notionem
3062 2720 3197 2774 huic
3220 2720 3303 2773 sic
3328 2736 3361 2773 a
3401 2735 3462 2773 se
3508 2719 3719 2772 decur-

2081 2817 2194 2866 lato
2226 2812 2502 2866 vocabulo
2536 2812 2606 2866 im
2622 2811 2860 2882 putandi
2883 2809 3244 2865 occasionem
3283 2809 3526 2863 fortasse
3556 2823 3716 2860 sum-

2078 2901 2257 2971 pserit
2288 2917 2357 2954 ex
2378 2918 2464 2966 co,
2499 2901 2651 2971 quod
2689 2899 2856 2969 paulo
2880 2899 3149 2969 superius
3180 2897 3399 2967 legerat
3426 2896 3579 2965 apud
3614 2912 3715 2949 au-

2075 2993 2313 3053 ctorem,
2360 2988 2751 3059 patriarcham
2800 3004 2931 3043 cum
2964 2986 3182 3058 synodo
3233 2985 3305 3040 ab
3364 2985 3715 3054 imperatore

2076 3082 2411 3148 provocatos
2444 3077 2514 3132 ad
2547 3078 2695 3133 serio
2734 3076 3108 3147 cogitandum
3150 3074 3220 3128 de
3268 3073 3525 3129 ineunda
3580 3088 3711 3126 cum

2078 3166 2278 3221 Latina
2334 3166 2589 3220 Ecclesia
2654 3165 2964 3221 concordia
3033 3158 3369 3221 ἐπιπολαίως
3426 3158 3712 3227 ἆκήκοὲναι

322 3243 557 3297 circiter
587 3245 755 3299 annis
787 3246 950 3316 prius
981 3249 1327 3316 decesserat,
1357 3252 1697 3307 memoriam
1730 3251 1821 3306 sui
1846 3251 1965 3307 lau-
1994 3225 2038 3288 Ο
2078 3254 2449 3326 perfunctorie
2495 3254 2732 3320 audisse,
2784 3258 2838 3308 et
2909 3269 3041 3307 cum
3110 3268 3226 3307 rem
3286 3253 3708 3315 aversarentur,

318 3330 580 3386 debilem
613 3333 969 3405 relinquens.

393 3418 761 3490 Μαμάκουθος
808 3424 886 3493 (1)
942 3441 998 3493 ρ.
1054 3424 1182 3480 369.
1241 3426 1545 3499 Vituperat
1597 3428 1691 3484 hic
1748 3429 1965 3500 Pachy-

324 3522 521 3563 meres
554 3511 943 3579 patriarcham
991 3519 1047 3568 et
1096 3516 1406 3586 antistites,
1458 3519 1555 3589 qui
1597 3520 1646 3574 ei
1704 3521 1963 3586 aderant,

321 3597 482 3667 quod
539 3614 651 3652 non
704 3601 917 3655 acriter
964 3603 1293 3659 obstiterint
1330 3606 1528 3675 prima;
1588 3608 1967 3679 propositioni

321 3684 821 3742 reconciliationis
879 3689 1146 3745 Ecclesia:
1188 3696 1392 3747 Graecae
1442 3712 1573 3749 cum
1632 3697 1848 3763 Latina,
1882 3698 1965 3752 sic

322 3788 505 3826 suum
539 3772 800 3828 animum
852 3779 1164 3833 ostendens
1206 3781 1509 3836 schismati
1563 3785 1860 3838 addictum
1911 3790 1967 3840 et

324 3876 600 3915 aversum
634 3878 667 3916 a
699 3879 857 3931 pace,
892 3870 1188 3937 utcunque
1230 3868 1391 3923 aliud
1434 3871 1745 3941 aliquando
1780 3874 1967 3926 simu—

322 3947 556 4003 laverit.
588 3949 990 4020 Μαμακούθους
1020 3961 1214 4011 autem
1249 3959 1475 4013 Graecos
1508 3958 1638 4014 illos
1690 3962 1965 4031 praesules

320 4041 517 4103 vocat,
552 4037 812 4094 stultitiae
846 4042 978 4098 illos
1009 4043 1379 4116 insimulans,
1415 4051 1477 4102 ut
1507 4050 1782 4116 ostendit,
1810 4050 1964 4119 quod

324 4141 467 4180 mox
497 4128 764 4198 adjungit
794 4132 961 4200 quasi
1013 4134 1346 4190 declarandi
1400 4137 1602 4207 gratia,
1628 4136 1963 4206 ἀναισθήτως

314 4216 428 4267 τῶν
480 4216 868 4287 πραττομένων
898 4214 1139 4293 ἔχοντες.
1184 4225 1245 4277 Id
1300 4242 1470 4296 porro
1522 4227 1783 4282 vocabuli
1838 4245 1963 4282 mu-

314 4306 527 4358 tuatus
560 4305 789 4361 videtur
818 4325 851 4363 a
883 4326 989 4365 suo
1020 4311 1323 4383 Hesychio,
1358 4331 1527 4384 quem
1580 4316 1794 4371 librum
1852 4317 1964 4388 ipsi

315 4393 511 4447 fuisse
572 4393 912 4452 familiarem
973 4416 1039 4454 ex
1088 4400 1217 4456 aliis
1270 4402 1412 4458 locis
1444 4404 1865 4475 §intelligimus.
1899 4408 1961 4460 In

319 4480 597 4552 Hesychii
628 4499 761 4539 vero
796 4485 977 4543 lexico
1009 4487 1178 4544 hodie
1213 4490 1423 4563 legitur
1456 4492 1813 4563 Μαμάκυθος,
1846 4514 1962 4564 μω-

2079 3359 2190 3396 non
2222 3355 2418 3397 tamen
2450 3343 2769 3408 obstitisse,
2804 3342 2904 3395 sed
2946 3340 3116 3411 quasi
3174 3338 3616 3395 dissimulantes
3649 3354 3712 3391 se

2079 3431 2577 3502 percepissezquod
2606 3432 2824 3485 dictum
2851 3430 3056 3499 fuerat,
3077 3433 3269 3484 astuto
3292 3426 3520 3482 silentio
3543 3425 3713 3479 lucri-

2080 3520 2571 3589 fecisscinvidiam
2599 3518 3033 3590 autpericulum
3060 3517 3249 3587 palam
3281 3514 3611 3571 resistendi:
3636 3511 3711 3567 Οὐ

2076 3606 2177 3681 γὰρ
2210 3606 2275 3674 ἦν
2303 3606 2482 3667 αὺτοῖς
2505 3606 2835 3676 ἀντιστῆναι,
2852 3624 2959 3661 non
2981 3608 3125 3662 enim
3146 3605 3214 3659 iis
3230 3606 3409 3659 inerat
3431 3602 3718 3657 resistendi

2073 3698 2174 3752 vis.
2210 3698 2319 3751 Eos
2356 3702 2548 3751 tamen
2584 3712 2696 3750 non
2730 3713 2790 3750 se
2812 3696 3170 3750 continuisse
3195 3693 3347 3746 intra
3372 3693 3514 3745 ﬁnes
3542 3708 3708 3744 merae

2076 3785 2567 3840 dissimulationis
2600 3783 2967 3850 aut‘silentii,
2993 3783 3091 3836 sed
3128 3792 3399 3851 praeterea
3429 3780 3626 3845 etiam,
3648 3784 3711 3831 ut

2077 3874 2413 3944 imperatori
2445 3870 3312 3944 gratificarentur,significasse
3338 3868 3561 3938 placere
3594 3866 3705 3921 sibi

2078 3962 2428 4016 mentionem
2454 3960 2675 4014 illatam
2702 3962 2770 4013 ab
2804 3975 2868 4013 eo
2903 3959 3082 4029 pacis,
3116 3958 3423 4011 manifeste
3454 3956 3710 4010 affirmat

2076 4051 2306 4116 Noster,
2340 4053 2402 4103 ut
2432 4048 2796 4103 ostendimus
2858 4046 3127 4118 superins
3183 4046 3357 4100 verbo
3414 4044 3709 4114 κνώμενοι.

2076 4140 2261 4202 Quare
2294 4155 2407 4192 non
2465 4137 2596 4192 illos
2660 4132 3042 4207 μαμακοῦθους
3108 4139 3208 4188 aut
3269 4130 3575 4204 μακούθους
3626 4132 3715 4186 id-

2077 4228 2228 4283 circo
2278 4225 2521 4291 vocavit,
2574 4227 2631 4292 [P
2664 4227 2787 4297 399]
2823 4225 2974 4295 quod
3030 4221 3432 4278 simulaverint
3481 4238 3541 4277 se
3600 4237 3712 4275 non

2076 4317 2299 4382 audire,
2335 4318 2434 4370 sed
2469 4316 2624 4386 quod
2657 4313 3077 4369 declaraverint
3107 4311 3217 4367 sibi
3269 4310 3501 4381 probari
3558 4309 3711 4380 quod

2076 4406 2527 4476 proponebatur,
2578 4403 2734 4457 haud
2777 4404 2919 4457 satis
2968 4401 3333 4472 providentes
3383 4398 3521 4469 quid
3579 4398 3714 4451 inde

2074 4499 2522 4549 consecuturum
2560 4497 2734 4556 esset,
2771 4491 2828 4545 in
2861 4507 2973 4561 quo
2991 4487 3480 4562 ponitstultitiam
3513 4501 3711 4541 eorum

323 4568 449 4643 ρὸς.
478 4571 683 4627 Verum
730 4592 835 4647 ego
878 4594 991 4632 non
1046 4580 1249 4635 dubito
1290 4581 1429 4652 quin
1484 4582 1544 4636 in
1578 4600 1683 4637 suo
1743 4584 1968 4638 meliori
1995 4570 2043 4635 D
2077 4580 2184 4637 hoc
2207 4583 2377 4637 verbo
2411 4580 2845 4653 reprehensam.

319 4659 646 4730 exemplari
694 4662 1080 4736 Pacbymeres
1147 4669 1353 4739 legerit
1388 4670 1782 4741 μαμάκουθοςε
1820 4673 1971 4727 unde

320 4746 421 4800 hic
448 4749 647 4816 posuit
682 4752 1046 4822 μαμάκουοοι.
1083 4756 1144 4810 Id
1178 4758 1386 4829 colligo
1418 4775 1484 4813 ex
1517 4761 1837 4825 Eustathio,
1871 4761 1968 4831 qui

316 4833 421 4902 (ad
452 4849 507 4886 V.
536 4836 644 4887 562
674 4842 729 4891 et
755 4841 859 4893 563
902 4844 1005 4898 0d.
1037 4863 1092 4911 κ,
1130 4841 1418 4918 Ἐλπήνωρ
1463 4842 1518 4898 δὲ
1554 4866 1636 4906 τις
1678 4844 1796 4899 ἔσκε
1833 4847 1968 4899 νεώ-

315 4938 510 5010 τατοςῖ
562 4918 683 4975 οὔτε
728 4945 779 4977 τι
829 4925 952 4995 λίην
1011 4928 1244 5003 ἄλκιμος
1293 4931 1342 4985 ἐν
1372 4932 1603 5005 πολέμῳ
1637 4931 1758 4987 οὔτε
1785 4934 1965 5010 φρεσὶν

316 5004 449 5079 ᾖσιν
487 5005 727 5080 ἀρηρώς)
780 5016 993 5073 multos
1042 5036 1394 5077 enumerans
1444 5004 1680 5079 stultitia
1726 5004 1970 5079 int'amia

317 5093 609 5191 celebres,
626 5102 1046 5191 postSannam,
1068 5110 1394 5177 Coroebum,
1413 5112 1691 5183 Margiten
1717 5130 1965 5184 quorum

318 5183 639 5241 notissima
672 5188 960 5247 dementia
1008 5194 1065 5248 in
1100 5197 1468 5265 proverbium
1501 5206 1556 5253 et
1602 5183 1859 5255 scomma
1887 5201 1967 5255 si-

314 5271 453 5327 mili
487 5272 623 5328 vitio
677 5275 1071 5336 laborantium
1114 5286 1431 5354 transierit,
1496 5287 1613 5341 haec
1657 5289 1962 5359 adjungit:

312 5359 569 5430 Ὁμοίως
625 5359 682 5416 δὲ
737 5365 826 5418 καὶ
873 5367 965 5420 τὸν
1026 5371 1436 5443 Μαμμάκουθον
1497 5375 1704 5428 καὶτὸν
1737 5374 1969 5430 Μελιτί-

315 5445 422 5517 δην
480 5447 569 5503 καὶ
622 5452 715 5507 τάν
778 5455 1150 5533 Ἀμφιετίδην,
1213 5457 1265 5514 οθί
1322 5456 1603 5533 διαϐόητοι
1648 5462 1735 5517 ἐπὶ
1787 5464 1969 5540 μωρίᾳ

400 5662 479 5733 (1)
512 5664 593 5719 Cl'.
630 5668 884 5726 Glossar.
913 5672 1157 5731 alterum
1191 5678 1299 5732 sub
1331 5668 1522 5735 verba.

2154 4668 2407 4731 Μανδύας
2437 4688 2493 4741 p.
2525 4670 2651 4723 262.
2686 4667 2929 4737 Hesycb.
2983 4661 3235 4725 Μανδύας
3296 4660 3436 4722 εἶδος
3494 4660 3714 4733 ἱματίου

2080 4762 2296 4833 Περσῶν
2325 4754 2650 4828 πολεμικόν.
2690 4758 2851 4811 Forte
2881 4752 3207 4825 πολεμικοῦ.
3259 4752 3591 4807 Eustathius
3644 4751 3713 4804 ad

2079 4850 2183 4903 0d.
2217 4867 2269 4914 τ,
2329 4847 2438 4901 sub
2473 4846 2862 4916 principium;
2899 4840 3089 4903 Α’ίλιος
3130 4839 3405 4902 Διονύσιος
3437 4838 3579 4912 λέγει
3629 4839 3711 4891 ὅτι

2080 4936 2338 5011 Περσικὸν
2396 4932 2571 5005 ὄνομα
2628 4932 2715 4986 καὶ
2771 4933 2798 4985 ὁ
2865 4929 3123 5003 μανδῦας.
3184 4932 3368 4985 Ἔοικε
3426 4925 3500 4994 δὲ,
3558 4926 3709 5002 φησί,

2080 5022 2332 5101 emam.
2367 5026 2460 5079 Ait
2489 5023 2665 5078 Ailius
2697 5023 2987 5092 Dionysius
3017 5019 3299 5075 Persicum
3346 5034 3459 5072 csse
3511 5031 3710 5070 nomen

2079 5113 2396 5184 mandyam.
2429 5114 2639 5167 Similis
2660 5114 2841 5165 autem
2871 5118 2948 5164 est
2977 5110 3211 5179 penulae.
3242 5107 3474 5161 Veteres
3506 5103 3710 5174 glossas

2078 5204 2387 5257 verborum
2414 5201 2588 5271 juris,
2626 5196 2861 5271 μανδύας
2895 5197 3133 5268 ἱμάτιον,
3165 5195 3226 5249 τὸ
3274 5191 3570 5265 λουρίκιον.
3600 5190 3710 5245 Sed

2082 5290 2203 5345 haec
2239 5295 2301 5345 ut
2328 5290 2481 5344 tiara
2510 5293 2566 5344 et
2597 5288 2707 5343 alia
2738 5304 2868 5342 cum
2903 5303 2992 5341 res
3015 5290 3137 5340 tum
3174 5283 3409 5337 nomina
3439 5281 3507 5333 ad
3541 5294 3708 5331 usnm

2081 5396 2375 5433 sacrorum
2407 5383 2544 5431 sunt
2573 5375 2877 5431 translata.
2903 5378 3075 5429 Docet
3099 5367 3529 5425 eruditissimus
3547 5371 3716 5420 Pater

2079 5468 2231 5522 Goar
2260 5466 2323 5522 Ο.
2358 5467 2611 5535 P.(notis
2630 5465 2700 5519 ad
2724 5465 2958 5518 Missam
2983 5462 3039 5515 S.
3068 5458 3310 5514 Joannis
3325 5452 3715 5526 Cbrysostomi
