4122 6272
430 344 569 399 1043
1478 347 1538 396 Ρ.
1581 345 1857 398 POSSlNl
1897 342 2058 395 OBSI

2150 341 2511 398 VATIONUM
2548 345 2680 399 LIB.
2724 347 2764 397 Ι.
3662 345 3778 399 1044

428 485 488 541 p.
521 469 612 524 sui
644 467 979 540 Euchologii
1014 468 1156 538 113),
1193 466 1374 523 fuisse
1404 466 1715 535 mandyam
1748 464 1898 520 inter
1918 480 2059 536 pon-
2092 462 2144 528 Α
2176 464 2465 537 virginum
2497 467 3132 539 patriciarum,quibus
3165 467 3251 522 illi
3289 466 3557 539 deinceps
3594 472 3780 523 matro-

432 557 675 613 tiﬁcales
705 560 893 611 vestes
926 558 981 610 id
1014 557 1167 626 quod
1195 572 1438 627 cappam
1459 555 1577 611 sive
1600 553 1854 625 pluviale
1887 551 2074 607 Latini
2185 554 2277 609 nis
2308 555 2485 624 ampli
2508 573 2574 610 ac
2604 556 2756 611 beati
2789 557 2995 612 forent.

435 646 901 701 Christianorum
939 646 1159 699 rituum
1206 645 1564 715 exposituros
1606 646 1831 697 vocant.
1884 647 1929 694 A
1964 658 2063 711 qua

2256 637 2751 719 Μεγαλοϐλαχῖται
2786 646 2961 716 p.83.
3024 645 3087 700 In
3146 644 3238 699 his
3295 644 3631 715 apponenda
3676 649 3788 714 post

436 750 541 788 nec
567 736 748 787 forma
771 749 875 787 nec
908 734 1140 788 notione
1160 732 1409 787 multum
1436 733 1599 786 abest
1624 730 1873 801 penula;
1899 745 2074 800 quam
2183 731 2896 803 xu).t‘iwdistinctiunculaa,
2914 736 3117 792 notula
3140 737 3266 800 fuit,
3288 753 3411 805 qua:
3436 751 3575 790 mss.
3598 735 3789 803 deerat;

439 822 510 876 ad
544 838 843 876 sacrorum
878 839 1044 876 usum
1072 823 1197 892 jam
1230 828 1349 875 tum
1387 820 1455 874 ab
1498 820 1830 891 apostolicis
1852 834 2076 873 accom-
2187 840 2256 878 ne
2288 824 2403 878 dici
2426 825 2719 880 videretur
2757 825 3038 880 Achillem
3065 826 3190 895 jam
3226 830 3348 879 tum
3402 840 3506 878 suo
3561 828 3790 893 tempore

440 911 734 965 mOdatam
768 910 1131 981 temporibus
1164 928 1279 964 non
1312 909 1604 963 immerito
1622 909 1727 962 Viri
1753 905 2077 962 doctissimi
2186 914 2493 971 Phthiotas
2526 934 2663 971 suos
2694 915 3208 987 Megaloblachitas
3250 913 3589 986 appellasse.
3620 913 3717 968 Sed
3746 916 3795 967 et

441 1000 817 1070 suspicantur
848 1016 916 1053 ex
946 998 1111 1054 Pauli
1144 999 1267 1053 loco
1300 999 1347 1053 Il
1380 998 1451 1053 ad
1483 998 1630 1053 Tim.
1682 1014 1755 1063 IV,
1809 997 1891 1050 13.
1950 994 2080 1049 Fuit
2189 1018 2315 1057 cum
2351 1005 2720 1076 participium
2753 1003 2936 1057 καλῶν
2977 1005 3191 1060 ,ποτωρὶ
3249 1002 3604 1073 “jungitur,
3634 1002 3686 1055 id
3724 1001 3794 1055 ita

442 1094 718 1157 Ρτὶθῖθτθα
752 1089 1032 1159 ωειηάγδε
1062 1088 1295 1159 Propria
1329 1086 1747 1141 mODaChOPUfD
1806 1084 1980 1139 νθδίῖε
2014 1100 2081 1138 01
2189 1092 2662 1165 intelligendum,
2696 1100 2759 1149 ut
2781 1113 2895 1150 non
2929 1094 3090 1151 solus
3123 1095 3204 1148 ita
3231 1110 3330 1149 eos
3368 1097 3591 1147 vocaret
3616 1107 3630 1145 :
3659 1106 3793 1146 com-

442 1176 706 1229 humeris
746 1176 817 1230 ad
851 1177 1025 1245 pedes
1050 1192 1236 1245 usque
1264 1175 1520 1229 defluens
1538 1178 1790 1228 ettotum
1817 1170 2080 1225 ambiens
2193 1184 2445 1239 munitm.
2472 1186 2612 1242 58'
2672 1186 2830 1241 enim
2877 1203 2945 1241 ea
2992 1188 3341 1256 tempestate
3388 1180 3696 1237 ίηναιυει-θι
3743 1184 3796 1233 ιη

444 1281 677 1334 corpus,
733 1280 765 1317 a
813 1269 976 1333 parte
1034 1262 1157 1317 sola
1214 1262 1489 1317 anteriori
1549 1266 1799 1332 aperta;
1850 1258 2072 1330 qualem

2190 1271 2504 1328 Thessaliae
2566 1279 2843 1329 montana
2896 1274 3107 1345 Magna
3182 1272 3422 1328 Blachia
3468 1273 3798 1325 vocarentur.

446 1353 621 1407 etiam
683 1351 741 1405 in
790 1351 1047 1406 Ecclesia
1106 1353 1300 1406 Graeca
1368 1352 1614 1405 retinere
1671 1350 1728 1404 in
1788 1348 2074 1420 ponticatu

2192 1360 2426 1415 Nicetas
2471 1362 2528 1416 in
2571 1361 2856 1417 Balduino
2912 1362 3192 1430 li‘randro,
3244 1378 3299 1431 p.
3332 1359 3441 1414 313
3494 1359 3605 1414 ed..
3648 1356 3794 1412 Basil.

449 1440 603 1497 580
634 1440 671 1494 ii
706 1439 970 1494 solebant
1001 1441 1101 1511 qui
1148 1434 1313 1494 erant
1344 1456 1410 1493 ex
1470 1438 1774 1493 monachis
1811 1434 2077 1507 promoti.

2194 1465 2287 1502 un.
2328 1450 2462 1502 1557
2495 1466 2508 1504 :
2546 1447 2664 1503 Ἑπῖ
2717 1444 2775 1501 δὲ
2829 1446 3043 1509 τούτοις
3094 1445 3183 1501 καὶ
3216 1442 3389 1500 ἄλλος
3449 1465 3528 1506 τις
3583 1444 3645 1497 τὰ
3694 1448 3800 1496 Θετ-

447 1530 527 1584 Ex
546 1547 657 1599 quo
689 1545 897 1599 genere
929 1545 1061 1587 cum
1094 1534 1245 1583 esset
1275 1527 1552 1582 Arsenius
1584 1544 1650 1580 ex
1682 1522 2075 1596 Apolloniensi

2192 1532 2383 1597 ταλίας
2440 1536 2686 1610 κατέχων
2751 1536 2993 1611 μετέωρα
3027 1580 3041 1605 ,
3104 1533 3136 1589 ἃ
3191 1538 3281 1589 νῦν
3354 1531 3561 1609 μεγάλη
3617 1529 3803 1605 Βλαχῖα

448 1618 800 1673 monasterio
859 1619 930 1671 ad
991 1617 1266 1673 thronum
1315 1616 1760 1687 patriarchalem
1823 1614 1959 1669 olim
1992 1630 2076 1667 as-

2193 1620 2567 1694 κικλήσκεται,
2610 1627 2900 1699 τοπάρχης
2931 1625 2996 1693 ἦν
3024 1628 3131 1679 τῶν
3163 1621 3293 1680 ἐκεῖ.
3327 1623 3538 1694 Hujus,
3563 1622 3655 1695 qui
3684 1626 3803 1677 tem-

450 1713 746 1777 δυωρίυεν
780 1710 844 1759 Ut
872 1705 1051 1760 tradit
1084 1708 1366 1776 Gregoras
1408 1705 1447 1757 Ῑ·
1481 1722 1565 1773 ΠΙ,
1602 1722 1714 1758 n0“
1774 1703 1985 1756 Πλίνυω
2036 1700 2087 1755 εί
2197 1729 2334 1782 pore
2366 1714 2633 1769 Balduini
2661 1714 3167 1786 Megaloblachitis
3198 1712 3647 1784 imperitaverat,
3676 1726 3807 1766 unus

454 1796 765 1865 maudyam
797 1794 971 1848 etiam
1020 1799 1179 1847 extra
1229 1811 1423 1847 sacras
1456 1796 1706 1863 gustaret
1739 1790 2082 1845 functiones.

2196 1816 2226 1855 e
2256 1803 2693 1857 successoribus
2728 1802 2839 1857 fuit
2870 1802 2960 1857 hic
2980 1802 3234 1859 Joannes
3260 1800 3562 1857 Michaelis
3591 1800 3808 1870 despotic

452 1883 599 1937 Nam
632 1882 782 1936 civili
816 1887 871 1936 et
900 1882 1193 1936 ordinario
1217 1881 1426 1935 vestitu
1453 1881 1631 1934 fuisse
1657 1878 2089 1933 tuncindutum
2118 1878 2163 1887 "
2212 1890 2447 1957 nothus,
2471 1892 2541 1945 de
2584 1907 2696 1961 quo
2730 1890 2825 1946 hic
2880 1891 3287 1963 pachymeres_
3352 1889 3614 1947 Meminit
3660 1887 3807 1943 etiam

463 1971 653 2037 illum,
688 1987 821 2024 cum
872 1970 1142 2041 privatim
1191 1974 1247 2023 et
1297 1968 1659 2023 familiariter
1688 1967 2091 2037 imperatorem

2215 1976 2454 2049 μεγάλης
2486 1975 2733 2052 Βλαχίας
2791 1980 3073 2051 Georgius
3104 1981 3373 2052 Acropol.
3402 1982 3536 2035 Hist.
3584 1981 3711 2033 sect.
3742 1975 3814 2040 15,

466 2057 624 2111 domi
650 2074 768 2112 suae
804 2057 1097 2126 inviseret,
1130 2073 1223 2110 res
1251 2056 1379 2127 ipsa
1425 2055 1624 2125 exigit.
1682 2053 1953 2108 Nondum
2009 2069 2101 2106 me
2212 2085 2267 2138 ρ,
2300 2069 2372 2121 23
2406 2070 2495 2123 ed.
2530 2075 2671 2141 Reg.
2705 2074 2757 2123 et
2792 2074 2931 2125 sect.
2965 2071 3054 2132 38'
3086 2088 3142 2141 ρ,
3173 2072 3260 2124 33,

466 2145 705 2217 pcenitet
738 2142 1204 2215 puvdt’iavsacram
1240 2142 1512 2215 penulam
1542 2142 1649 2197 hoc
1678 2143 1801 2197 loco
1834 2141 2094 2205 vertisse;

2283 2154 2489 2210 Μὲλεοι
2533 2175 2589 2228 p.
2622 2160 2745 2214 478.
2779 2157 2847 2210 Τὸ
2883 2154 2940 2211 δὲ
2988 2164 3087 2226 τῆς
3140 2157 3329 2233 μάχης
3387 2189 3457 2199 —
3511 2156 3602 2229 μὶν
3649 2152 3819 2227 ἐφεῖτο.

459 2242 516 2290 et
548 2234 647 2305 qui
679 2234 1237 2305 perpenderintquze
1267 2234 1336 2287 de
1368 2231 1592 2303 penulae
1628 2233 1813 2285 forma
1838 2237 1894 2285 et
1927 2246 2035 2284 usu
2070 2246 2087 2282 ε

2212 2247 2339 2301 Haec
2370 2246 2537 2301 valde
2570 2246 2843 2317 perplexa
2875 2253 3031 2317 sunt,
3067 2231 3228 2303 more
3244 2231 3326 2303 iac
3362 2248 3557 2302 indole
3574 2243 3820 2307 auctoris,

455 2324 749 2379 Veteribus
781 2324 1116 2391 traduntur,
1148 2326 1203 2376 εἴ
1234 2339 1300 2377 ea
1326 2338 1458 2376 cum
1493 2320 1724 2376 traditis
1754 2320 1823 2374 de
1856 2319 2103 2409 ωᾴηάγα
2214 2352 2327 2389 non
2362 2351 2491 2389 raro
2542 2338 2804 2406 quaedem
2840 2336 3139 2391 dimidiata
3190 2337 3582 2409 congerentis.
3612 2333 3823 2387 Videtur

454 2412 829 2479 θοηίυῙθΓίΠῖν
860 2412 1016 2466 hand
1052 2410 1327 2480 militum,
1361 2415 1426 2464 ιη
1466 2408 2098 2496 ερθτοχθρυεηθδυοῖ·
2213 2428 2406 2478 autem
2442 2424 2534 2479 hic
2555 2424 2894 2479 summatim
2923 2428 2981 2479 et
3027 2424 3277 2495 fastagia
3308 2408 3555 2496 carpens
3602 2420 3823 2476 indicare

452 2501 600 2557 Vide
634 2506 690 2557 et
719 2502 1005 2557 Codinum
1036 2498 1249 2570 saepius
1282 2515 1478 2555 vocem
1530 2492 1761 2568 μανδύας
1815 2511 2069 2565 usurpan

2214 2529 2341 2583 quae
2400 2516 2599 2568 essent
2654 2516 2793 2567 tunc
2842 2512 3145 2569 hominum
3188 2492 3449 2583 querelas
3501 2514 3572 2567 de
3618 2506 3816 2578 scriptis

454 2594 596 2647 tem.
1436 2672 1439 2673 ν
1888 2671 1896 2673 _
2212 2601 2399 2656 Vecci.
2457 2602 2630 2655 Porro
2677 2618 2786 2657 vox
2835 2599 3021 2673 μέλεοι
3072 2602 3155 2658 sic
3202 2602 3283 2657 ibi
3326 2604 3578 2673 abrupta
3624 2598 3819 2671 pendet.

525 2676 891 2751 Μαρμούτζας
927 2695 980 2750 p.
1020 2677 1147 2731 283.
1209 2672 1573 2749 Μαρμούτζαν
1637 2671 2100 2746 προσωνόμαζον.

2215 2692 2450 2761 punctis
2481 2690 2677 2745 clausa
2708 2690 2765 2745 in
2798 2671 3046 2761 utroque
3078 2708 3167 2746 ms
3200 2691 3240 2745 Β
3268 2695 3328 2745 et
3384 2693 3429 2746 A
3463 2671 3498 2744 ε-
3538 2704 3666 2744 nam
3697 2684 3816 2740 Vati-

459 2766 865 2841 προσάπτοντες
937 2761 1111 2838 ὄνομα
1178 2764 1475 2837 Περσικόν.
1538 2764 1673 2818 Erat
1724 2762 1899 2833 igitur
1950 2761 2087 2833 Μαρ-

2215 2794 2397 2833 canus
2430 2778 2585 2833 hunc
2614 2779 2831 2844 locum,
2863 2784 2927 2833 ut
2954 2780 3070 2835 fere
3090 2784 3341 2835 caeteros
3372 2778 3659 2844 difficiles,
3682 2789 3812 2830 secu-

467 2856 703 2929 μούτζας
739 2873 949 2912 nomen
982 2856 1171 2911 Persis
1199 2855 1519 2921 familiare;
1555 2853 1711 2924 quod
1742 2852 1801 2905 in
1842 2866 1905 2903 ea
1936 2854 2095 2920 gente

2215 2883 2316 2921 rus
2345 2867 2619 2921 transilit.
2657 2866 2894 2935 Μέλεον,
2929 2873 2992 2922 ut
3016 2872 3217 2923 notum
3251 2874 3363 2939 est,
3422 2866 3704 2938 significat
3744 2863 3814 2916 in-

460 2946 631 3002 multi
668 2945 966 3017 proprium
1001 2945 1299 3001 haberent.
1336 2944 1394 2998 Id
1422 2948 1613 2996 autem
1641 2940 1854 2995 idcirco
1879 2956 1911 2991 a
1933 2936 2107 2991 male-
2215 2971 2465 3018 cassum;
2495 2958 2645 3012 unde
2679 2962 2737 3011 et
2768 2973 2976 3013 nomen
3026 2955 3221 3028 μέλεος
3251 2936 3361 3022 est;
3392 2936 3604 3013 vadum
3634 2958 3685 3009 et
3735 2966 3812 3005 ευ.

462 3038 611 3093 diois
643 3037 931 3092 Germano
965 3036 1394 3108 imponebatur:
1416 3034 1569 3103 (Ιυοά
1600 3033 1669 3099 ί8›
1690 3037 1754 3084 ιη
1777 3028 1948 3100 ΡελυῙο
1978 3030 2107 3098 POSt
2216 3060 2639 3115 pervacaneum
2673 3062 2910 3100 sonans.
2937 3046 3423 3101 Siemendatione
3439 3044 3717 3100 curandus
3742 3038 3816 3092 hic

460 3126 691 3191 dicitur,
716 3126 1083 3180 remotiorem
1104 3124 1386 3193 originem
1420 3120 1649 3190 generis
1681 3136 1711 3173 a
1744 3118 1935 3173 Gabra
1964 3116 2088 3170 urbi

2223 3135 2384 3187 locus
2416 3138 2588 3204 esset,
2623 3138 2821 3204 posset
2853 3134 3087 3189 rescribi
3115 3131 3333 3204 μέλεον,
3358 3139 3423 3189 ut
3444 3132 3817 3200 intelligeretur

462 3215 737 3283 Persidis,
784 3214 1259 3287 propinquiorem
1309 3229 1340 3267 a
1391 3210 1552 3265 Lazis
1602 3210 1860 3265 duceret.
1920 3207 2090 3262 Codei

2226 3175 2384 3187 ...υυυ
2417 3175 2588 3204 μανι,
2625 3175 2821 3204 μιν-.
2853 3175 3087 3189 ww..."
3115 3175 3333 3204 ρων,
3363 3175 3423 3189 υ.
3445 3175 3809 3200 .........,,-.--_.

2221 3222 2499 3291 dogmata
2526 3221 3019 3288 moverirfrnstra,
3052 3222 3376 3291 incassum,
3429 3216 3814 3291 intempestive.

460 3304 629 3359 Allat.
657 3306 1007 3376 Μαρκουτζᾶν
1042 3302 1199 3374 legit,
1235 3315 1558 3372 anonymus
1594 3316 1725 3354 vero
1770 3314 1881 3351 ms.
1935 3312 2088 3366 quon

2219 3310 2327 3364 Sed
2363 3310 2571 3364 melius
2601 3308 2745 3363 citra
2776 3309 2956 3363 uliam
2988 3310 3044 3363 in
3068 3314 3338 3365 contextu
3366 3309 3728 3365 mutationem
3748 3303 3816 3355 in-

460 3392 707 3448 Allatius
738 3393 1014 3447 exscribit
1046 3393 1102 3445 in
1152 3390 1395 3445 Exercit.
1441 3394 1643 3442 contra
1693 3389 2079 3458 Creygtonum

2221 3397 2553 3467 telligemus
2567 3396 3005 3452 commemorari
3026 3397 3351 3452 summarie
3365 3402 3422 3452 et
3446 3413 3536 3469 per
3558 3389 3817 3450 inchoatas

463 3499 519 3552 p.
582 3482 707 3548 605,
770 3477 1159 3554 Μαλχουτζάν.
1220 3480 1291 3533 Et
1366 3480 1610 3533 fortasse
1666 3478 2005 3550 μαρκουτζᾶς
2050 3476 2091 3527 it

2219 3490 2447 3540 tantum
2480 3485 2711 3549 seetias,
2746 3501 2871 3555 quas
2902 3490 3041 3539 tunc
3100 3502 3197 3541 ore
3252 3483 3415 3557 vulgi
3466 3489 3657 3541 contra
3705 3482 3820 3531 Vec-

462 3571 1102 3643 Barberinolegendum
1130 3570 1256 3639 fuit,
1275 3568 1578 3624 fallentein
1601 3565 2112 3623 ms.similitudine
2222 3590 2350 3628 cum
2385 3578 2441 3627 et
2472 3576 2519 3628 ei
2554 3574 2914 3645 αάεωι-θοιεε
2937 3575 3338 3644 jactabantur,
3394 3574 3515 3630 hac
3556 3569 3818 3629 nimirum,

466 3662 871 3718 characterum
908 3683 946 3733 μ
975 3666 1030 3717 et
1050 3682 1083 3714 κ
1106 3665 1155 3729 (1
1169 3662 1204 3728 ).
2222 3662 2422 3717 moveri
2434 3663 2505 3716 ab
2519 3662 2587 3716 ad
2599 3662 2733 3733 ipsis
2746 3664 3119 3734 intempestive
3136 3663 3422 3731 dogmata.
3457 3665 3619 3718 Vanos
3636 3655 3820 3713 esseho-

538 3749 768 3823 Μάρπου
800 3768 855 3821 p-
881 3752 949 3803 28
982 3754 1036 3805 et
1072 3751 1188 3805 102.
1217 3747 1662 3821 Dyrrhacbiensi
1688 3744 1959 3816 episcopo
2011 3758 2111 3811 ρτο
2222 3753 2398 3805 mines
2428 3756 2475 3805 et
2506 3753 2700 3806 inania
2754 3753 3036 3808 miscentes
3083 3752 3296 3823 jurgia,
3351 3762 3463 3809 etc.
3524 3746 3821 3820 Explerique

470 3839 745 3894 Michaele
778 3837 1095 3908 Palaeologo
1127 3837 1320 3892 adhuc
1354 3835 1575 3906 privato
1624 3839 1679 3888 et
1707 3838 1832 3887 tum
1885 3828 2113 3901 pcricli-
2224 3839 2573 3911 incomptam
2602 3839 2784 3894 oratio
2820 3846 3018 3912 posset
3046 3842 3361 3912 repetendo
3391 3840 3451 3893 τὸ
3480 3840 3560 3893 ὅτι
3591 3832 3821 3907 superius

470 3931 632 3982 tante
665 3944 730 3984 ac
761 3926 1009 3982 sollicito
1043 3926 1223 3982 Deum
1262 3925 1447 3981 oranti
1500 3923 1696 3978 audita
1733 3937 1842 3976 vox
1873 3919 2098 3973 refertm

2225 3928 2503 3997 positum,
2553 3929 2612 3982 in
2664 3928 2818 3983 hunc
2864 3930 3130 3996 modum,
3178 3926 3260 3982 ὅτι
3314 3922 3817 3997 κινοῦνταιδόγματας

469 4017 787 4089 incognita,
830 4017 1049 4072 nullam
1087 4018 1156 4072 ad
1210 4017 1469 4087 linguam
1526 4014 1841 4085 pertinens,
1876 4010 2114 4080 Mar-pou,
2226 4014 2307 4068 δτι
2340 4014 2525 4086 μέλεοί
2558 4015 2681 4083 εἱσι,
2714 4022 2822 4072 etc,
2878 4022 3004 4072 Mox
3037 4018 3234 4073 recitat
3260 4020 3442 4074 verba
3498 4018 3620 4089 ipsa
3663 4023 3819 4082 reprc-

472 4122 648 4175 quam
684 4108 793 4161 sibi
830 4106 1127 4160 recitatum
1164 4104 1391 4159 Manuel
1438 4103 1749 4173 Disypatus
1806 4099 2115 4169 episcopus
2226 4105 2609 4161 hendentium
2640 4105 2889 4161 Veccum
2932 4111 2988 4161 et
3019 4122 3295 4178 sequaces
3326 4108 3457 4178 ejus
3509 4122 3521 4160 :
3554 4104 3676 4160 Εἶτα
3722 4097 3820 4168 ὑμῖν

470 4193 1011 4248 Thessalonicensis
1039 4194 1121 4247 sic
1152 4196 1241 4245 est
1273 4190 1716 4259 interpretatus,
1750 4192 1812 4240 ut
1846 4185 2116 4256 portendi
2226 4190 2427 4268 ἐφεῖτο,
2461 4200 2570 4250 διο,

474 4297 576 4353 per
606 4299 733 4337 eam
766 4281 1075 4353 imperium
1104 4278 1371 4333 Michaeli
1403 4278 1655 4331 diceret:
1684 4274 1927 4329 indicari
1960 4272 2102 4327 enitr.

2302 4281 2556 4349 Μεσάζων
2613 4300 2670 4354 p.
2741 4284 2865 4338 352.
2947 4284 3277 4340 Chronicon
3364 4271 3814 4346 Constantinopol-

473 4371 587 4426 isto
615 4372 912 4441 vocabulo,
948 4387 1015 4424 ex
1041 4369 1246 4441 primis
1290 4384 1387 4423 sex
1435 4365 1846 4423 vocabulorum
1909 4362 2117 4416 litteris
2233 4368 2531 4439 μεσάζοντα
2553 4388 2762 4427 nomen
2800 4372 3102 4442 dignitatis
3146 4374 3433 4443 agnoscit,
3495 4384 3660 4443 quam
3712 4375 3814 4418 cum

477 4459 818 4535 ἀκροστίχως
873 4460 1143 4527 conﬂato,
1204 4459 1353 4513 hanc
1421 4457 1769 4512 sententiam
1830 4453 2118 4523 divinitus
2154 4532 2185 4535 _
2232 4460 2429 4531 magni
2461 4461 2645 4530 ducis,
2681 4463 2875 4533 magni
2911 4463 3213 4518 domestici
3257 4468 3316 4518 et
3346 4454 3753 4534 protostratoris
3776 4451 3817 4504 et

477 4532 777 4606 ostensam
816 4566 829 4603 :
866 4548 1099 4605 Michael
1157 4548 1430 4615 Augustus
1488 4548 1851 4601 Romanorum
1907 4541 2119 4595 Palaeo-
2154 4532 2198 4594 D
2230 4550 2646 4617 protovestiarii
2670 4532 3053 4621 dignitatibus
3075 4532 3455 4622 amplissimis
3483 4540 3817 4619 comparat,“

480 4640 631 4709 logus
661 4640 810 4695 ocius
837 4640 1134 4694 vocabitur.
1176 4637 1267 4691 Sic
1299 4636 1501 4691 Latine
1544 4633 1937 4705 expressimus
1996 4645 2118 4683 ser-
2231 4652 2358 4690 eam
2388 4641 2527 4691 tunc
2560 4638 2837 4693 tributam
2871 4645 3154 4695 memorat
3184 4640 3413 4695 cuidam
3446 4640 3815 4695 CantacuzenO,

481 4733 613 4784 vata
661 4729 1078 4784 elementorum
1141 4726 1381 4781 veritate
1432 4725 1530 4779 illa
1582 4725 1822 4780 Graeca:
1882 4714 2118 4792 Μιχαὴλ
2233 4730 2515 4796 (ιυωξοτοῑ
2548 4726 2767 4782 familia
2799 4744 2867 4782 ex
2899 4728 3218 4799 primariis.
3272 4727 3432 4783 Unde
3483 4719 3814 4790 intelligimus

483 4814 608 4887 ἅναξ
638 4817 927 4888 Ῥωμαίων
962 4813 1338 4887 Παλαιολόγος
1369 4813 1531 4885 ὀξέως
1567 4812 1955 4884 ὑμνηθήσεταιο

2235 4813 2680 4883 magistratusid
2702 4832 2911 4870 nomen
2938 4815 3119 4871 fuisse
3140 4817 3197 4870 in
3221 4810 3814 4883 Constantinopolitana

553 4910 637 4979 [P.
675 4909 798 4980 400]
830 4906 1100 4979 Ματρώνα
1132 4924 1187 4978 p.
1222 4907 1310 4959 33.
1344 4910 1617 4961 Matronze
1647 4920 1857 4957 nomen
1883 4897 2121 4956 inveteri
2232 4901 2364 4956 aulo
2397 4902 2455 4956 in
2500 4902 2706 4973 primis
2736 4904 3052 4975 splendidi,
3087 4905 3179 4959 cui
3213 4903 3578 4975 proportione
3606 4892 3814 4953 similem

481 5014 591 5051 usu
617 4998 1010 5051 Romanorum
1034 4999 1202 5051 sonat
1223 4993 1521 5049 mulierem
1548 4990 1851 5063 patriciam
1874 4995 1929 5043 et
1951 4993 2121 5059 gente
2232 4992 2385 5061 apud
2411 5008 2550 5047 suos
2580 4993 2792 5047 Serbos
2819 4993 2906 5047 hic
2932 4997 3291 5048 memoratus
3315 4992 3587 5063 Georgius
3612 4980 3815 5058 gereret-

480 5084 758 5140 nobilem.
792 5086 1059 5141 Clemens
1105 5084 1163 5138 in
1199 5082 1350 5137 Actis
1393 5081 1545 5136 Petri
1576 5080 1682 5138 ιὨς
1741 5076 1829 5129 καὶ
1859 5079 1966 5129 τῶν
2025 5073 2118 5126 εὐ-
2229 5084 2605 5151 sequestrum
2641 5082 2840 5136 Latine
2871 5081 3060 5136 dicere
3085 5086 3342 5153 poteram
3370 5099 3383 5137 :
3417 5081 3512 5135 sed
3543 5092 3661 5132 cum
3683 5066 3816 5135 sit,ui

477 5176 643 5247 γενῶν
694 5177 960 5247 γυναικῶν
1012 5171 1104 5231 τὰς
1153 5168 1624 5243 περιφανεστὲρας,
1667 5166 1755 5219 καὶ
1788 5162 1846 5225 ἃς
1877 5164 1903 5217 ὁ
1951 5162 2105 5236 λόγος

2233 5168 2345 5221 dixi
2380 5173 2436 5222 et
2475 5169 2765 5223 Meursius
2796 5170 3087 5241 observat,
3118 5169 3417 5241 dignitatis
3449 5164 3675 5240 propria:
3697 5158 3813 5211 Cris-

483 5260 768 5333 ματρώνας
805 5258 913 5314 οἶδε
944 5258 1151 5315 καλεῖν.
1189 5260 1271 5313 Ait
1299 5276 1433 5331 ergo
1456 5260 1654 5315 Coster
1678 5254 1911 5311 solitum
1946 5254 2111 5307 Theo‘

2232 5272 2431 5310 corum
2466 5274 2700 5325 nomen,
2734 5258 3017 5313 usitatum
3052 5259 3193 5331 ipsis
3226 5257 3561 5314 vocabulum
3609 5247 3811 5306 retinere

480 5352 689 5407 dorum
722 5355 1053 5423 Augustum
1104 5348 1242 5403 viris
1290 5350 1462 5401 domo
1514 5346 1753 5399 minime
1804 5341 2120 5410 nobilibus,
2233 5345 2417 5399 satius
2450 5351 2537 5400 est
2564 5346 2875 5415 visum(‘2).

484 5445 755 5497 caeterum
814 5420 969 5512 apud
1002 5456 1062 5494 se
1080 5435 1376 5509 gratiosis,
1405 5434 1714 5491 conciliare
1749 5431 2112 5488 matrimonia

2305 5432 2366 5503 [P
2399 5433 2523 5504 401]
2555 5430 2851 5497 Μεσοθινία
2878 5433 2966 5488 καὶ
2997 5438 3341 5497 Μεσοθινῖται
3399 5451 3456 5507 p.
3487 5431 3603 5487 3l0.
3653 5420 3809 5480 Alize-

565 5658 641 5729 (1)
670 5656 756 5713 οε.
784 5653 1039 5710 Glossar.
1072 5650 1237 5707 alter.
1274 5667 1325 5705 v.
1364 5645 1769 5711 Μεσιτιύοντες.

1544 5645 1769 5711 ιύοντες.
2306 5647 2384 5719 (2)
2409 5648 2489 5703 Cf.
2520 5648 2874 5705 Glossarium
2904 5648 3172 5707 alterum.

3980 5088 3981 5123 ι

3976 5412 3977 5491 l

3968 5890 3971 5960 l
