4122 6272
303 434 442 487 1045

1763 441 2241 497 GLOSSARIUM.

3556 438 3694 492 1046

300 575 426 624 nas,
460 557 580 612 sive
604 563 667 613 ut
690 557 1027 614 Eustathius
1053 560 1424 615 scribendum
1450 562 1707 633 praacipit
1733 562 1937 634 pleris-
1966 566 2019 630 Α
2050 565 2224 632 dicta,
2259 565 2603 637 compendio
2639 561 3359 633 militariterloquentibus
3387 564 3513 617 tum
3548 562 3692 618 forte

301 663 420 717 quc
462 663 574 701 non
609 647 1171 718 obtemperantibus,
1210 648 1533 717 llalizonos,
1589 656 1940 706 memoratos

300 736 887 805 Homero,Herodoto,
904 738 1190 805 Straboni,
1208 738 1496 808 Stephano
1519 747 1569 793 el
1593 739 1936 810 aliis,quan-

302 842 478 896 quam
511 841 644 879 cum
668 824 866 896 aliqua
895 826 1196 896 scripturae
1230 827 1530 897 varietate,
1560 829 1804 900 Scythiae
1832 830 1939 883 Eu-

302 931 500 985 ropaeas
523 913 791 985 populos,
815 914 1112 969 communi
1136 916 1359 970 Graeciaa
1394 918 1716 988 Byzantines
1738 933 1939 972 recen-

300 1002 466 1058 tioris
498 1002 744 1058 dialecto
764 1003 1129 1059 Mesothinitas
1143 1004 1327 1060 dictos
1341 1006 1693 1060 credendum
1719 1006 1941 1061 scilicet

296 1091 669 1162 Paschymeri
699 1096 807 1147 est.
841 1092 923 1146 Ad
956 1090 1395 1164 intelligendam
1444 1098 1643 1151 autem
1675 1094 1802 1164 ejus
1836 1112 1936 1166 ap-

294 1177 631 1250 pellationis
666 1180 946 1236 rationem
983 1180 1260 1251 affulgere
1288 1182 1440 1237 582
1478 1183 1625 1237 forte
1644 1182 1744 1237 lux
1768 1183 1937 1237 nobis

294 1286 328 1322 a
360 1267 546 1323 Plinio
580 1269 808 1340 poterit,
833 1268 928 1338 qui
967 1267 1008 1322 1.
1056 1285 1110 1338 ν,
1145 1286 1193 1323 c.
1258 1270 1327 1323 3O
1383 1269 1737 1326 Halisernem
1801 1270 1936 1341 (nisi

289 1373 455 1411 error
485 1357 544 1411 in
576 1358 867 1429 scriptura
897 1357 1003 1427 est)
1042 1372 1241 1411 eorum
1290 1357 1579 1413 civitatem
1632 1358 1689 1413 in
1742 1374 1809 1413 ea
1838 1376 1937 1414 ora

288 1446 536 1503 collocat
565 1448 917 1519 quamidem
952 1448 1162 1503 deinde
1192 1465 1221 1503 c
1251 1448 1318 1502 3‘2
1348 1466 1381 1502 a
1420 1448 1640 1520 Thynis
1693 1451 1933 1505 univer-

288 1553 418 1591 sam
443 1537 608 1590 docet
634 1536 981 1600 habitatam,
1016 1536 1168 1591 unde
1194 1537 1349 1607 quod
1377 1537 1435 1591 in
1473 1538 1666 1593 media
1706 1539 1934 1610 Thynia

285 1629 489 1679 essent
521 1624 1025 1697 facileMesothyni
1056 1642 1087 1678 a
1117 1625 1326 1680 Graecis
1370 1627 1480 1681 dici
1544 1628 1857 1697 potuerint.
1893 1631 1932 1682 Λ

284 1731 407 1784 qua
436 1712 789 1785 etymologia
818 1713 1024 1784 siquis
1056 1714 1365 1769 abhorreat
1396 1716 1468 1769 ob
1492 1715 1931 1787 discrepantem

284 1802 647 1873 scripturam
681 1801 856 1869 vocis,
886 1802 1108 1873 Thynia
1140 1819 1240 1873 per
1273 1820 1305 1873 y
1366 1804 1605 1874 scripta,
1639 1822 1672 1859 a
1726 1804 1933 1860 Thinia

2049 653 2286 721 usitato;
2312 654 2482 725 quale
2510 653 2771 709 adhiberi
2800 652 3085 722 hodieque
3106 651 3297 706 videre
3333 667 3421 705 me
3446 650 3688 705 memini

2049 742 2106 795 in
2142 744 2578 797 narrationibus
2613 743 2943 813 praeliorum
2967 745 3066 794 aut
3097 740 3595 811 oppugnationum
3624 740 3683 793 in

2050 835 2245 884 nostra
2265 830 2467 897 Gallia,
2502 832 2598 885 ubi
2626 828 3188 902 legiones,Navarica
3211 827 3457 899 exempli
3485 845 3682 895 causa,

2046 918 2132 973 vel
2156 919 2592 989 Nortmannica,
2615 923 2865 975 Navarra
2897 923 2954 974 et
2992 918 3376 972 Nortmannia
3423 916 3534 970 dici
3567 933 3678 970 non

2048 1023 2177 1061 raro
2209 1006 2503 1078 leguntur.
2530 1008 2657 1062 Jam
2695 1008 2837 1062 satis
2865 1006 3112 1061 cohmret
3134 1006 3286 1077 quod
3322 1001 3680 1071 additur,ml

2050 1092 2221 1147 αὐτῶν
2258 1094 2595 1167 ὀπτιμάτων,
2620 1095 2678 1149 in
2709 1112 2821 1167 quo
2846 1096 3052 1150 modus
3087 1093 3501 1165 ipseloquendi
3549 1110 3679 1164 gra-

2046 1184 2339 1239 dationem
2370 1184 2609 1250 indicat,
2644 1184 2939 1254 utaliquid
2965 1182 3221 1253 amplius
3247 1181 3451 1235 licetin
3476 1182 3679 1236 eodem

2046 1288 2253 1343 genere
2284 1274 2593 1344 optimates
2623 1272 2721 1326 isti
2758 1272 2938 1326 fuisse
2988 1270 3413 1340 intelligantur.
3463 1268 3682 1339 Nempe

2047 1378 2158 1415 non
2184 1361 2372 1417 solum
2407 1364 2721 1432 imperator
2742 1358 3076 1414 Michaelem
3111 1358 3262 1415 583
3296 1356 3678 1427 Palaaologum

2041 1448 2255 1520 legioni
2287 1450 2622 1504 Halizonum
2651 1447 3007 1504 Mesothiniaa
3029 1446 3199 1517 vulgo
3224 1450 3568 1517 nuncupatas
3602 1443 3677 1505 εἰς

2041 1535 2281 1611 κεφαλὴν
2313 1534 2488 1606 ἔταξεν
2522 1541 2653 1592 mez’l
2682 1556 2748 1591 en
2780 1542 2933 1606 (este,
2967 1541 3027 1591 ut
3061 1534 3204 1589 Galli
3238 1535 3410 1589 hodie
3434 1534 3679 1605 loquun-

2041 1630 2157 1690 tur,
2189 1626 2298 1681 hoc
2322 1631 2429 1694 est,
2475 1628 2679 1681 ducem
2738 1624 3087 1696 praeposuit:
3148 1625 3247 1679 sed
3287 1622 3482 1689 etiam,
3518 1623 3671 1693 quod

2040 1712 2519 1768 honoriﬁcentius
2543 1713 2669 1780 fuit,
2704 1714 2946 1767 subesse
2968 1712 3153 1766 eidem
3177 1710 3357 1765 voluit
3373 1710 3667 1765 cohortem

2040 1799 2353 1872 ὀπτιμάτων
2388 1802 2625 1869 dictam,
2655 1802 2723 1855 de
2754 1817 2865 1870 qua
2895 1817 3031 1855 voce
3052 1800 3291 1868 videsis,
3323 1799 3519 1867 lector,
3544 1815 3669 1868 qua

282 1891 1177 1978 Pachymerimemorata,quam
1204 1891 1925 1963 illeubiqueperiscribit,
1960 1914 2007 1978 Β
2039 1890 2210 1959 paulo
2242 1891 2483 1945 inferius
2532 1890 2961 1945 adnotabimus.
3009 1889 3129 1944 Non
3177 1888 3669 1978 omittam-admo-

274 1979 533 2049 accipiat
563 1977 719 2033 aliud
756 1979 1138 2049 veriloquium
1174 1979 1231 2033 in
1266 1980 1570 2036 Strabonis
1596 1982 1927 2038 testimonio

282 2067 621 2123 fundatum.
646 2068 699 2121 Is
726 2066 903 2132 enim,
931 2066 969 2121 l.
998 2082 1121 2131 xm,
1151 2066 1208 2122 in
1252 2068 1492 2123 Troadis
1541 2069 1928 2139 descriptione

276 2155 651 2211 Allazonium
685 2155 963 2226 oppidum
988 2154 1329 2210 Halizonum
1349 2156 1614 2224 istorum,
1635 2148 1781 2228 ques
1803 2158 1926 2224 alii,

273 2248 347 2299 ut
377 2242 650 2311 iudicavi,
683 2242 989 2298 Allazonas
1040 2248 1264 2310 vocant,
1316 2243 1558 2299 collocat
1606 2247 1675 2300 ad
1728 2245 1924 2302 laevam

271 2331 471 2403 Esepi
496 2331 722 2388 amnis:
758 2330 889 2402 quia
921 2331 1074 2386 enim
1127 2329 1207 2393 θίν
1255 2331 1421 2387 littus
1474 2334 1683 2388 Graecis
1732 2340 1925 2403 sonat,

274 2420 587 2477 Halizones
620 2421 769 2475 inter
814 2418 1010 2475 littora
1053 2419 1191 2475 hinc
1231 2421 1493 2476 ﬂuminis
1543 2423 1731 2494 Esepi
1790 2422 1924 2478 hinc

272 2509 650 2580 Propontidis
670 2508 842 2563 sitam
876 2508 1167 2580 regionem
1190 2508 1510 2565 incolentes
1542 2511 1745 2567 merito
1771 2531 1925 2583 μεσο-

270 2600 476 2652 Θινῖται
506 2597 645 2653 dicti
683 2597 914 2652 luerint.
968 2597 1080 2652 Nec
1120 2598 1443 2654 omittenda
1500 2616 1567 2655 ex
1622 2601 1924 2656 occasione

273 2687 596 2743 declaratio
623 2686 731 2741 loci
766 2687 947 2741 nostri
982 2685 1258 2756 auctoris,
1293 2704 1341 2742 ο.
1394 2689 1448 2755 9,
1492 2687 1531 2745 l.
1568 2705 1607 2755 ι,
1650 2689 1742 2743 cui
1794 2706 1922 2760 quas

272 2776 379 2831 hic
423 2775 675 2831 diximus
732 2775 912 2830 facem
972 2774 1306 2846 praeferunt.
1356 2776 1643 2830 Scribitur
1690 2776 1766 2830 ibi
1799 2777 1918 2832 sic:

275 2863 425 2919 Τότε
474 2859 540 2930 δὴ
590 2860 678 2915 καὶ
724 2865 818 2916 τοῦ
870 2858 1253 2937 Παλαιολόγου
1287 2862 1360 2923 εἷς
1389 2862 1629 2939 κεφαλὴν
1669 2864 1922 2938 τεταγμέ-

272 2974 376 3006 νου
406 2950 727 3014 Μεσοθινίας
756 2951 843 3004 καὶ
874 2950 1047 3005 αὐτῶν
1099 2951 1413 3023 ὀπτιμάτων
1448 2950 1653 3005 ἐκεῖνον
1685 2952 1922 3026 προστά-

268 3042 485 3112 ξαντος,
518 3039 605 3095 καὶ
633 3038 699 3094 τὰ
728 3037 914 3095 πολλᾶ
958 3041 1075 3094 κατ’
1121 3040 1347 3094 Ἰταλῶν
1395 3041 1749 3115 πράττοντος,
1809 3046 1917 3097 etc.

264 3136 554 3187 Narratur
601 3129 721 3186 illic
768 3129 1105 3185 Michaelem
1164 3130 1553 3202 Palaeologum
1610 3136 1735 3185 tum
1786 3147 1917 3186 cum

264 3220 530 3276 maxime
588 3236 653 3275 ac
712 3224 948 3275 strenue
1007 3222 1293 3274 exerceret
1353 3220 1752 3290 praefecturam
1806 3219 1918 3274 sibi

260 3309 556 3364 creditam
590 3308 985 3364 Romanarum
1020 3308 1320 3379 copiarum
1354 3313 1554 3363 contra
1588 3307 1762 3363 Italos
1811 3324 1916 3378 pu-

260 3397 611 3469 gnantium,
666 3396 956 3451 monitum
1012 3412 1045 3451 a
1085 3395 1226 3468 Coty
1267 3396 1519 3467 quodam
1563 3396 1634 3450 de
1682 3394 1922 3451 consilio

259 3485 653 3557 imperatoris
685 3502 970 3540 excaacare
1001 3485 1194 3556 ipsum
1229 3485 1489 3557 parantis
1522 3485 1740 3557 fugisse
1785 3501 1917 3539 cum

264 3575 571 3630 monitore
601 3573 660 3628 in
692 3573 1006 3629 Persidem.
1058 3574 1166 3628 Sed
1228 3572 1367 3644 quid
1425 3572 1535 3627 sibi
1583 3573 1705 3628 vult
1761 3574 1915 3645 quod

258 3662 642 3733 Palaaologus
673 3659 750 3724 εἷς
800 3658 1043 3738 κεφαλὴν
1098 3661 1426 3734 τεταγμένος
1483 3662 1697 3717 dicitur
1756 3682 1915 3733 μεσο-

245 3752 447 3817 θινίας
478 3749 567 3805 καὶ
600 3749 771 3805 αὐτῶν
824 3750 1188 3823 ὀπτιμάτωνὲ
1236 3751 1529 3806 Traditam
1590 3751 1674 3805 illi
1735 3751 1914 3807 fuisse

239 3844 586 3916 regendam
628 3840 1039 3897 Mesothiniam
1075 3840 1428 3912 provinciam
1476 3838 1637 3893 nulla
1662 3856 1911 3910 usquam

231 3933 396 3989 alibi
431 3934 524 3986 est
554 3930 793 3985 mentio.
841 3933 912 3984 Et
952 3928 1304 4001 provinciam
1340 3926 1434 3982 hic
1465 3918 1582 3982 sive
1615 3928 1907 3999 regionem

226 4014 586 4081 Μεσοοινίας
623 4017 902 4073 vocabulo
953 4015 1221 4081 indicari,
1283 4014 1378 4069 vix
1436 4016 1579 4070 ferat
1636 4014 1908 4070 continue

222 4111 541 4181 adjuncta
574 4106 791 4162 mentio
823 4104 1172 4176 optimatum,
1193 4112 1246 4160 et
1277 4105 1511 4176 quidem
1539 4121 1668 4159 cum
1703 4121 1907 4175 prono-

221 4201 412 4256 mine
476 4198 742 4269 ipsorum,
800 4196 889 4248 καὶ
947 4192 1124 4247 αὐτῶν
1181 4192 1539 4265 ὀπτιμάτων.
1610 4193 1752 4259 Quid
1814 4193 1905 4248 hic

219 4290 527 4345 dicemus
551 4285 578 4341 ‘I
609 4285 781 4339 Aliud
815 4298 978 4353 sane,
1011 4288 1323 4355 postquam
1358 4282 1541 4338 multa
1572 4281 1899 4353 disquisivi,

216 4396 356 4434 non
408 4374 671 4432 occurrit
703 4372 813 4428 nisi
850 4371 1163 4444 μοσοθινίαν
1210 4371 1304 4427 hic
1353 4372 1488 4443 poni
1545 4389 1647 4443 pro
1683 4371 1901 4441 legione

213 4467 516 4541 quadam
550 4467 651 4517 aut
708 4466 869 4533 parte
926 4461 1315 4515 Romanarum
1369 4460 1667 4530 copiarum
1705 4475 1770 4513 ex
1827 4459 1899 4513 iis

212 4556 515 4614 conﬂata
544 4551 832 4605 militibus
865 4549 962 4619 qui
998 4548 1382 4603 Mesothinitae
1413 4548 1637 4620 vulgari
1698 4548 1899 4618 lingua

2038 1995 2174 2033 nere
2204 1980 2355 2049 apud
2390 1978 2783 2050 Acropolitam
2815 1995 2861 2032 c.
2890 1978 2959 2031 64
2990 1978 3147 2031 Hist”
3195 1972 3551 2042 Μεσοθυνίαν,
3601 1975 3671 2029 de

2036 2083 2153 2137 qua
2202 2067 2295 2122 hic
2348 2072 2563 2122 actum.
2616 2083 2748 2121 cum
2782 2084 2813 2121 υ
2860 2066 3057 2120 scribi.
3111 2065 3350 2122 Codices
3396 2064 3668 2135 Pachym.

2036 2171 2167 2211 cum
2205 2154 2567 2217 ιΜεσοθινίαν
2599 2158 2933 2210 constanter
2963 2154 3243 2208 scribunt.
3280 2153 3339 2224 [P
3370 2153 3493 2223 402]
3555 2152 3669 2207 Hos

2035 2261 2141 2298 nos
2171 2245 2583 2315 expressimus,
2618 2244 2712 2299 Sic
2760 2248 2817 2298 et
2876 2243 2933 2297 in
2983 2243 3375 2297 Tocharorum
3434 2246 3489 2296 et
3540 2240 3670 2295 aliis

2035 2334 2388 2405 quibusdam
2420 2333 2719 2389 vocabulis
2743 2332 3069 2403 Acropolita
3109 2349 3140 2387 a
3187 2332 3395 2387 Nostro
3455 2330 3669 2401 differt,

2034 2440 2138 2478 nec
2170 2424 2349 2479 nostri
2378 2423 2577 2494 iudicii
2611 2427 2698 2477 est
2720 2422 2958 2477 definire
2989 2427 3117 2475 uter
3158 2420 3453 2476 erraverit.
3482 2420 3668 2483 Quare

2034 2528 2153 2566 rem
2189 2513 2471 2582 integram
2496 2512 2905 2582 relinquimus:
2932 2512 3083 2582 quod
3102 2510 3423 2581 reperimus
3437 2510 3663 2563 damus.

2098 2599 2245 2653 Μὲπε
2276 2618 2332 2672 p.
2365 2602 2469 2654 216
2508 2603 2600 2654 Ait
2649 2601 2807 2671 Mope
2850 2600 3047 2654 Iberia:
3099 2598 3299 2653 Davidi
3359 2600 3550 2653 datam
3606 2598 3664 2652 in

2034 2705 2268 2743 uxorem
2304 2688 2481 2742 filiam
2517 2689 2775 2759 spuriam
2809 2688 3075 2759 conjugis
3107 2688 3358 2759 despotas
3400 2686 3661 2743 Joannis.

2032 2775 2136 2831 Ubi
2173 2777 2313 2848 quid
2346 2778 2713 2847 suspicemur
2769 2776 2926 2830 aliud
2990 2793 3164 2847 quam
3221 2792 3552 2846 supremam
3605 2776 3662 2829 in

2031 2866 2218 2919 Iberia
2250 2870 2588 2936 potestatem
2623 2864 2899 2919 vocabulo
2930 2864 3039 2919 isto
3063 2864 3379 2935 designari,
3413 2868 3475 2917 ut
3515 2863 3667 2918 sicut

2030 2952 2203 3007 cralis
2235 2954 2292 3007 in
2328 2953 2551 3019 Serbia,
2584 2952 2778 3006 sultnn
2812 2951 2869 3005 in
2908 2952 3144 3007 Perside
3174 2957 3313 3006 tunc
3338 2952 3663 3018 dicebatur,

2031 3042 2129 3110 qui
2162 3042 2336 3096 rebus
2360 3041 2479 3096 illic
2512 3045 2768 3112 praeerat,
2803 3043 2886 3095 sic
2920 3041 3215 3096 lberorum
3246 3040 3664 3096 Asiasticorum

2028 3133 2217 3183 rector
2246 3130 2389 3200 Mepe
2418 3134 2742 3184 vocaretur.
2777 3129 2853 3184 De
2886 3146 2999 3200 quo
3030 3134 3224 3185 tamen
3258 3128 3513 3200 amplius
3536 3145 3666 3199 pro-

2031 3218 2258 3285 nuntio,
2289 3218 2481 3291 quoad
2514 3217 2729 3273 certius
2760 3219 2885 3289 ejus
2933 3218 3012 3274 rei
3062 3218 3465 3275 testimonium
3524 3235 3663 3289 sup-

2030 3310 2187 3375 petat
2217 3307 2309 3377 (1).

2098 3392 2420 3467 Μετάληψις
2472 3415 2542 3467 p.
2596 3400 2738 3455 361.
2798 3398 2893 3453 Ait
2949 3398 3238 3453 admissos
3297 3397 3364 3451 ad
3428 3412 3659 3451 omnem

2025 3485 2495 3540 communionem
2530 3505 2829 3544 sacrorum
2872 3487 3107 3542 Latinos
3138 3504 3170 3541 a
3230 3486 3439 3541 Graecis
3490 3486 3656 3554 jussu

2024 3572 2411 3644 imperatoris,
2456 3576 2989 3631 reconciliationem
3019 3573 3407 3629 Ecclesiarum
3447 3590 3655 3644 procu-

2019 3662 2225 3727 rantis,
2258 3666 2491 3733 excepta
2526 3660 2848 3735 μεταλήψει,
2908 3680 3079 3735 quam
3141 3679 3256 3717 non
3314 3661 3655 3732 quzerebant

2018 3750 2083 3804 Et
2114 3754 2309 3806 tamen
2342 3755 2511 3806 antea
2541 3752 2763 3806 dixerat
2785 3768 2881 3806 eos
2913 3752 3376 3807 communicasse
3404 3750 3576 3804 etiam
3601 3746 3652 3801 ἒν

2019 3837 2322 3913 μεταλήψει
2344 3843 2437 3893 τοῦ
2470 3839 2616 3903 θείου
2648 3837 2833 3914 ἄρτου,
2866 3839 2921 3892 ὅν
2954 3837 3247 3915 ἀντίδωρον
3291 3840 3561 3914 Λέγουσιν,
3594 3842 3650 3894 in

2008 3932 2368 4000 perceptione
2395 3931 2549 3986 sacri
2566 3930 2730 4002 panis
2776 3946 2932 4001 quem
2962 3931 3276 3984 umidarum
3306 3929 3513 3984 dicunt.
3544 3929 3652 3991 Qui

2013 4019 2182 4089 panis
2214 4036 2345 4074 eum
2389 4024 2830 4090 repraesentaret
2874 4018 3322 4085 Eucharistiam,
3384 4018 3653 4073 videntur

2010 4107 2185 4162 etiam
2212 4108 2403 4163 Latini
2436 4126 2548 4163 non
2588 4108 2910 4164 recusaturi
2942 4124 3067 4163 eam
3104 4125 3238 4163 cum
3286 4106 3494 4161 Grecis
3524 4122 3650 4176 per-

2010 4196 2220 4267 cipere.
2255 4197 2543 4252 Nimirum
2583 4193 2888 4269 μετάληψις
2917 4213 2983 4251 ex
3015 4214 3123 4251 usu
3157 4196 3482 4251 Graecorum
3520 4211 3646 4263 pro-

2008 4285 2130 4356 prie
2153 4285 2447 4356 signiﬁcat
2503 4287 2898 4356 sumptionem
2964 4284 3079 4339 vini
3128 4283 3470 4349 consecrati,
3530 4283 3649 4338 sive

2006 4374 2335 4444 specierum
2368 4374 2675 4446 sanguinis
2700 4374 3119 4444 Christi,quam
3148 4374 3273 4427 ideo
3297 4373 3354 4426 in
3388 4388 3645 4426 commu-

2007 4462 2178 4517 nione
2225 4462 2371 4517 laica
2421 4462 2609 4517 Latini
2668 4479 2776 4517 non
2828 4462 3173 4532 qurere—bant,
3237 4458 3338 4512 οὐκ
3391 4452 3645 4533 ἔχρῃζον,

2007 4553 2158 4621 quod
2193 4568 2259 4606 ea
2290 4551 2403 4606 sibi
2439 4551 2657 4606 sciebat
2687 4550 3059 4604 interdictum
3094 4550 3202 4604 ritu
3261 4548 3646 4603 Occidentalis

209 4645 627 4704 dicebantur.
661 4639 777 4695 Hoc
809 4638 1036 4693 videtur
1069 4655 1171 4691 nos
1216 4638 1421 4692 docere
1454 4644 1646 4692 noster
1676 4642 1896 4704 auctor,
1931 4619 1975 4681 Ῐ)
2007 4639 2298 4695 Ecclesiae.
2333 4640 2541 4695 Docuit
2573 4656 2663 4694 me
2689 4638 2841 4693 hanc
2866 4638 3279 4709 proprietatem
3301 4637 3459 4692 vocis
3487 4634 3647 4707 μετά-

204 4738 381 4792 dum
457 4728 557 4785 illo
616 4745 665 4783 c.
718 4728 808 4792 27,
856 4726 894 4781 l.
952 4742 1008 4780 1v
1068 4724 1151 4779 sic
1207 4724 1468 4796 loquitur
1510 4743 1576 4780 ex
1632 4724 1893 4779 versione

207 4819 559 4887 nostra,de
590 4817 866 4871 Romanis
893 4831 1069 4885 agens
1094 4814 1274 4884 cepiis
1304 4813 1679 4868 validissimis
1718 4814 1892 4867 Joan-

210 4914 325 4970 nis
400 4909 669 4977 despotae
729 4905 929 4959 ductui
1000 4902 1341 4973 permissis:
1406 4903 1755 4973 Conﬁabalur
1809 4900 1897 4955 hic

209 4998 537 5059 exercitus
567 5009 634 5049 ca:
663 4991 1042 5063 diﬂerentihus
1076 4991 1393 5061 corporibus
1415 4999 1465 5044 et
1497 4979 1637 5045 relzil
1670 4988 1898 5059 collegii

205 5090 507 5148 militum
549 5123 560 5135 .
606 5124 620 5138 .
665 5098 874 5135 .unum
907 5089 1028 5135 erat
1089 5080 1541 5151 Paphagonz'cum
1574 5120 1586 5132 .
1632 5121 1646 5135 .
1691 5120 1703 5132 .
1736 5078 1898 5132 aliud

204 5195 365 5237 cum
402 5182 467 5229 et
496 5172 674 5241 ipsum
703 5167 1057 5223 multitudine
1086 5173 1207 5222 tum
1251 5167 1308 5221 vi
1353 5170 1403 5222 et
1460 5176 1578 5222 arte
1630 5176 1899 5238 prxslans

199 5263 481 5325 bellica.
539 5275 608 5314 ea:
659 5257 1027 5312 Haliaonibus
1077 5272 1206 5327 quos
1263 5256 1633 5311 Mesothinilas
1676 5257 1901 5326 vulgare

200 5355 399 5414 dicat
458 5346 688 5402 idioma.
737 5347 819 5401 En
873 5345 1013 5417 quid
1063 5344 1386 5400 Mesothina
1429 5344 1549 5400 haec
1588 5346 1760 5400 fuerit
1806 5343 1897 5398 cui

192 5450 375 5502 tunc
418 5435 779 5509 praepositus
808 5432 1049 5488 Michael
1075 5432 1426 5505 Palaeologus
1457 5436 1527 5488 ab
1555 5434 1901 5505 imperatore

193 5529 444 5591 fuerat
473 5539 489 5581 :
523 5540 637 5581 non
670 5522 847 5596 regio,
880 5522 980 5577 sed
1036 5520 1186 5594 legio
1240 5520 1514 5595 μεσοθινία
1562 5523 1902 5597 Pachymeri

295 5743 392 5819 (t)
434 5739 530 5796 Cf.
562 5737 925 5795 Glossarium
953 5736 1221 5792 alterum.

2007 4724 2176 4799 ληψις
2201 4729 2288 4782 vir
2320 4728 2691 4799 pereruditus
2721 4732 2776 4781 et
2806 4727 2862 4780 in
2892 4727 3100 4798 primis
3115 4727 3300 4781 sciens
3317 4725 3647 4781 Graecorum

2007 4817 2226 4871 rituum
2259 4816 2513 4871 Jacobus
2546 4816 2696 4871 Goar
2725 4815 2788 4871 Ο.
2824 4816 2879 4870 Ρ.
2909 4816 3007 4885 qui
3042 4814 3196 4870 uotis
3226 4814 3295 4867 ad
3328 4812 3645 4885 Liturgiam

2003 4908 2059 4975 S.
2093 4905 2331 4960 Joannis
2356 4904 2652 4975 Chrysost.
2689 4921 2743 4975 p.
2782 4904 2879 4957 150
2911 4903 3195 4974 Eucholog.
3228 4904 3647 4957 refertGrasciys

2002 4974 2066 5046 in
2099 4993 2230 5064 ipsa
2260 4992 2460 5049 altaris
2480 4974 2711 5049 concha
2742 4993 3055 5063 depingere
3080 4993 3391 5064 imaginem
3434 4992 3644 5047 Christi

2006 5081 2237 5136 Domini
2264 5082 2575 5153 pontificiis
2592 5081 2853 5137 vestibus
2876 5082 3082 5148 ornati,
3107 5081 3428 5137 clecussatis
3459 5078 3645 5134 mani-

2008 5170 2118 5225 bus
2164 5187 2369 5242 panem
2403 5175 2805 5226 consecratum
2838 5172 3059 5237 dextra,
3096 5169 3334 5225 calicem
3384 5185 3518 5223 vero
3569 5169 3645 5224 si-

2010 5259 2195 5313 nistra
2228 5260 2572 5331 proferentis
2606 5258 2883 5329 inscripto
2909 5260 2976 5312 ad
3007 5259 3300 5313 dexteram
3335 5262 3389 5311 et
3429 5273 3654 5311 sacrum

2010 5347 2215 5401 Christi
2249 5363 2459 5418 corpus
2490 5346 2766 5402 vecabulo
2802 5342 3105 5417 μετάδοσις,
3141 5347 3209 5400 ad
3272 5346 3473 5399 laevam
3514 5360 3647 5400 vero

2011 5440 2068 5491 et
2094 5435 2329 5490 calicem
2365 5440 2565 5490 nostra
2596 5435 2701 5490 hac
2735 5451 2869 5490 vere
2905 5430 3231 5505 μετάληψις.
3275 5433 3420 5487 Hinc
3472 5432 3646 5486 habe-

2012 5540 2147 5580 mus
2182 5519 2543 5597 μεταλήψεως
2571 5524 2920 5580 vocabulum
2954 5522 3266 5592 aliquando
3297 5519 3527 5593 proprie
3556 5537 3649 5576 ac-
