4146 6288
436 331 575 387 1047

1487 337 1547 386 Ρ.
1592 331 1862 387 POSSINI
1899 330 2504 390 OBSERVATIONUM
2542 339 2673 391 LIB.
2713 340 2757 390 Ι.

3706 330 3849 386 1048

440 453 805 513 commodari
866 454 936 509 ad
994 454 1421 525 perceptionem
1476 455 1624 509 sacri
1683 452 1895 509 calicis.
1951 450 2075 506 Dixi
2104 455 2158 517 Α
2188 458 2380 510 autem
2411 456 2469 511 id
2499 459 2665 514 facile
2692 458 3119 515 discerneretur
3148 456 3206 511 in
3256 472 3433 511 causa
3476 459 3627 521 erat,
3682 456 3847 526 quod

442 542 774 613 aliquando,
811 542 945 613 quia
978 547 1184 613 praeter
1212 542 1269 597 id
1303 543 1455 613 quod
1490 542 1782 614 superius,
1814 546 1878 596 ut
1909 542 2080 596 modo

446 632 856 697 admouebam,
892 628 1194 702 μετάληψις
1239 631 1580 703 adjungitur
1609 635 1687 701 τῷ
1742 631 1868 701 θείῳ
1914 626 2078 702 ἄρτῳ,

448 719 622 773 etiam
658 719 831 787 infra,
865 736 914 774 ο.
957 720 1043 787 36,
1104 720 1142 773 l.
1190 736 1265 786 v1,
1322 722 1637 791 imperator
1696 719 2082 775 moribundus

444 808 660 863 dicitur
722 808 818 873 τήν
890 807 1041 881 ἁγίαν
1117 807 1420 880 μετάληψιν
1486 806 1769 882 δέχεσθαι.
1844 809 2084 861 Videtur

448 902 641 952 autem
666 897 920 951 indicare
951 898 1068 952 illic
1099 898 1413 953 historicus
1444 900 1715 964 voluisse,
1764 896 2086 966 sumpsisse

448 990 589 1040 tunc
606 985 771 1040 illum
797 986 1218 1041 Eucharistiam
1242 1004 1356 1057 quo
1380 988 1549 1041 modo
1572 988 1837 1042 solebant
1856 999 2088 1041 sumere

454 1074 719 1129 morituri
750 1076 901 1145 apud
937 1076 1184 1143 Graecos,
1218 1076 1326 1131 hoc
1354 1082 1441 1130 est
1473 1078 1581 1131 sub
1616 1080 1860 1145 utraque
1898 1074 2089 1145 specie

454 1162 600 1218 Nam
636 1163 791 1218 584
834 1180 1016 1234 aeque,
1066 1164 1289 1234 opinor,
1351 1166 1420 1219 ad
1476 1172 1778 1234 utramque
1838 1162 2086 1233 speciem

458 1250 745 1320 pertinent
774 1258 1091 1306 memorata
1116 1252 1285 1322 paulo
1320 1254 1480 1323 prius
1511 1247 1763 1323 σύμϐολα
1778 1254 1873 1304 τοῦ
1898 1258 2092 1303 Δεσπο-

453 1340 606 1388 τικοῦ
639 1338 886 1392 Θανάτου.
927 1340 1045 1394 Nisi
1098 1343 1241 1395 forte
1299 1341 1397 1410 qui
1458 1343 1788 1410 suSpicetur
1836 1346 2091 1394 extremo

458 1425 738 1496 languore
769 1428 1243 1482 conﬂictantibus
1267 1430 1386 1483 dari
1428 1428 1655 1483 solitam
1690 1428 1929 1483 alteram
1962 1433 2091 1480 tan-

462 1520 589 1567 tum
624 1516 898 1585 speciem,
928 1532 1135 1586 nempe
1165 1516 1471 1586 liquidam,
1524 1533 1696 1587 quam
1732 1515 2095 1570 commodius

457 1604 935 1660 transmittereut
968 1621 1066 1675 per
1090 1606 1281 1659 fauces
1304 1606 1875 1671 catarrhaoosessas,
1894 1610 1947 1657 et
1973 1603 2097 1657 ideo

479 1689 836 1763 μεταλήψεως
878 1693 1082 1759 solius,
1110 1693 1216 1747 hoc
1247 1698 1335 1747 est
1365 1693 1479 1746 vini
1514 1694 1830 1748 consecrati
1865 1708 2098 1748 conver-

2192 559 2401 601 manus
2431 546 3022 602 etformalitterarum
3042 544 3355 601 Andronici
3378 543 3459 597 sic
3476 544 3847 613 congruebat

2191 651 2321 689 cum
2356 641 2614 706 paterna,
2639 642 2702 691 ut
2734 636 2965 692 nonnisi
2998 652 3145 706 aagre
3177 634 3353 689 etiam
3407 650 3438 686 a
3470 634 3663 703 perito
3720 632 3845 685 dis-

2192 724 2591 795 tingueretur:
2624 725 2746 780 Ἐπὶ
2777 727 3030 778 τοσοῦτον
3063 722 3163 796 γὰρ
3197 722 3283 785 καὶ
3316 720 3568 793 παρέϊκτο
3598 724 3732 781 τοῖς
3750 724 3850 772 τοῦ

2192 812 2395 884 πατρὸς
2443 812 2517 873 ὡς
2570 813 2643 884 μὴ
2696 810 2895 886 ῥᾳδίως
2942 808 3228 883 διαγνῶναι
3258 803 3402 882 ἔχειν
3435 808 3523 861 καὶ
3552 808 3655 861 τὸν
3694 804 3851 875 εἰδή-

2198 919 2353 969 μονα.
2378 902 2661 973 Gregoras
2693 903 2755 973 (ι.
2782 918 2857 971 1v,
2892 918 2948 972 p.
2980 902 3048 953 52
3071 900 3160 954 ed.
3186 898 3360 953 Basil.
3396 914 3489 951 an.
3514 898 3683 968 1562)
3702 898 3850 952 refe—

2197 1005 2330 1044 rens
2361 995 2633 1045 ornatum
2667 990 2999 1060 insignibus
3036 987 3266 1059 imperii
3296 1003 3329 1040 a
3352 991 3515 1057 patre
3548 985 3855 1040 Androni-

2197 1094 2331 1132 cum
2358 1080 2559 1133 addit:
2592 1078 2883 1150 Ἐπέτρεψε
2929 1073 2972 1129 δ’
3009 1074 3153 1145 αὐτῷ
3184 1073 3210 1126 ὁ
3241 1073 3419 1146 πατὴρ
3457 1073 3610 1131 585
3651 1071 3751 1125 καὶ
3788 1068 3855 1124 δι’

2198 1163 2432 1236 ἐρυθρῶν
2499 1165 2821 1241 ὑπογράφειν
2883 1162 3217 1238 γραμμάτων
3295 1160 3724 1236 προστάγματα,
3792 1160 3854 1213 οὗ

2202 1254 2383 1325 μέντοι
2421 1262 2563 1327 μῆνα
2592 1256 2679 1308 καί
2730 1252 2989 1321 ῗΛδικτον,
3023 1250 3168 1306 ἀλλὰ
3216 1247 3560 1323 Ἀνδρότικος
3610 1250 3855 1323 Χριστοῦ

2202 1343 2386 1415 χάριτι
2414 1342 2662 1417 βασιλεὺς
2686 1342 2991 1415 Ῥωμαίων.
3042 1342 3303 1397 Permisit
3362 1356 3481 1396 vero
3532 1339 3650 1411 ipsi
3694 1345 3861 1410 paler

2202 1435 2389 1489 edictis
2408 1434 2745 1489 subscribere
2774 1434 2959 1488 rubris
2985 1431 3201 1486 litteris.
3224 1440 3483 1486 caeterum
3503 1428 3633 1483 sine
3667 1443 3861 1483 mense

2206 1531 2258 1577 et
2284 1522 2755 1590 indictione;sed,
2786 1521 3128 1576 Andronicus
3177 1518 3387 1574 Christi
3430 1520 3619 1588 gratia
3678 1520 3861 1587 impe-

2208 1616 2361 1665 rator
2390 1611 2909 1666 Romanorumﬂaac
2940 1611 3260 1680 Gregoras;
3294 1623 3364 1662 ex
3394 1606 3610 1678 quibus
3678 1603 3864 1659 intel-

2208 1699 2355 1769 liges
2386 1701 2523 1770 quid
2558 1701 2633 1754 sit
2654 1700 2808 1770 quod
2843 1698 3226 1769 Pachymeres
3256 1695 3493 1766 scripsit
3512 1692 3863 1768 ὑπογράφειν

468 1780 631 1851 sique
662 1782 718 1834 in
752 1781 963 1836 Christi
990 1782 1579 1851 sanguinem,l‘actam
1604 1782 1696 1836 hic
1720 1781 2096 1847 mentionem,

2221 1787 2527 1853 Ξασιλικῶς,
2549 1788 2889 1842 subscribere
2917 1786 3101 1855 regie:
3135 1789 3225 1840 est
3255 1785 3411 1839 enim
3435 1784 3493 1838 id
3525 1778 3871 1855 ὑπογράφειν

467 1869 620 1938 quod
646 1868 702 1922 id
736 1868 920 1923 solum
955 1874 1075 1922 tum
1100 1871 1400 1935 Augustus
1424 1870 1763 1940 perceperit.
1800 1870 1943 1923 Nam
1971 1868 2105 1923 soli-

464 1959 553 2011 tos
576 1958 700 2026 jam
729 1956 864 2011 olim
892 1956 1117 2012 Graecos
1138 1957 1315 2012 fuisse
1332 1959 1562 2028 aegrotis
1587 1959 1643 2012 in
1676 1975 1808 2013 eum
1829 1959 1881 2011 vi
1915 1956 2102 2011 morbi

466 2050 681 2099 statum
716 2046 967 2100 redactis
1003 2051 1065 2100 ut
1092 2064 1237 2117 aegre
1270 2048 1435 2117 panis
1467 2048 1687 2117 species
1723 2046 2104 2117 glutirent,ne

468 2133 593 2189 sine
622 2134 828 2189 viatico
862 2134 1089 2189 abirent
1120 2136 1370 2205 speciem
1395 2135 1514 2188 vini
1543 2135 1878 2189 ministrare
1895 2133 2104 2196 solam,

471 2223 636 2277 docet
666 2228 864 2293 petrus
894 2223 1202 2278 Arcadius.
1237 2223 1274 2277 l.
1309 2241 1368 2277 III
1404 2229 1477 2278 De
1507 2223 1796 2278 concordia
1852 2223 2109 2278 Ecclesiae

471 2311 739 2381 Orientat,
773 2321 823 2366 et
854 2313 1180 2368 Occidentat.
1214 2320 1345 2380 etc.,
1380 2329 1435 2383 p.
1468 2314 1592 2368 335.

541 2417 837 2491 Μετόχιον,
871 2419 926 2473 d.
959 2419 1083 2471 270.
1119 2417 1247 2489 Agit
1280 2420 1350 2474 de
1411 2418 1768 2473 domuncula
1816 2434 1950 2472 eum
2010 2432 2108 2471 sa-

469 2508 613 2563 cello
631 2508 745 2561 divi
777 2507 994 2561 Nicolai
1026 2507 1096 2561 ad
1130 2523 1287 2561 mare
1339 2507 1470 2573 sita,
1519 2524 1696 2577 quam
1758 2506 1897 2560 dicit
1930 2505 2110 2559 fuisse

474 2595 729 2669 μετόχιον
760 2601 859 2662 τῆς
907 2593 1106 2662 Ὀξείας
1146 2596 1476 2649 metochium
1519 2596 1681 2649 Oxeas
1732 2594 1933 2649 insulae
1973 2594 2109 2647 Pro-

471 2686 749 2758 pontidis,
781 2685 850 2739 ad
884 2701 1058 2755 quam
1111 2685 1400 2755 deportari
1453 2685 1659 2754 jussus
1709 2682 2111 2756 expatriarcha

469 2774 768 2831 Arsenius.
814 2773 875 2829 In
936 2790 1002 2828 ea
1059 2773 1323 2838 aedicula,
1381 2773 1597 2845 quippe
1648 2774 1993 2827 imminente
2051 2772 2110 2825 in

476 2863 868 2919 rectissimum
920 2862 1057 2917 illuc
1113 2864 1448 2932 trajectum,
1499 2868 1600 2917 aut
1633 2864 1775 2917 forte
1825 2861 2000 2915 etiam
2040 2860 2107 2913 ad

476 2952 815 3007 monasterii
847 2950 1143 3017 Oxeensis,
1178 2951 1269 3005 cui
1303 2951 1680 3005 addicebatur
1705 2967 1769 3004 eo
1822 2948 2111 3017 relegatus

477 3040 779 3109 Arsenius,
813 3041 915 3111 jus
973 3038 1415 3109 dominiumque
1468 3039 1811 3108 pertinente,
1846 3036 2031 3090 obiter
2061 3035 2110 3089 is

387 3185 398 3193 ,
476 3129 777 3200 depositus
809 3134 915 3184 est.
952 3129 1013 3182 L.
1046 3145 1099 3194 v,
1133 3145 1182 3185 c.
1241 3129 1296 3192 2,
1356 3142 1565 3179 nomen
1624 3125 1775 3179 idem
1836 3125 2046 3178 iterum
2082 3140 2113 3175 a
2144 3133 2186 3199 ρ

477 3218 685 3272 Nostro
745 3218 807 3287 [P
840 3217 959 3285 ’103]
1021 3216 1331 3269 adhibetur
1376 3214 1434 3267 in
1465 3214 1556 3267 his
1609 3212 1836 3280 verbis;
1896 3212 2005 3277 Τὴν
2058 3207 2115 3263 δὲ

482 3304 651 3377 μονὴν
681 3302 887 3372 ἐκείνην
917 3303 1196 3373 (loquitur
1224 3303 1294 3355 de
1326 3302 1678 3357 monasterio
1728 3302 1881 3371 quod
1933 3303 2116 3354 fueret

482 3391 934 3462 Blemmidaehﬁ
974 3393 1074 3443 τοῦ
1133 3386 1401 3458 Γαλησίου
1464 3392 1603 3460 μονῇ
1667 3388 1985 3455 ὑποτεθῆναι
2040 3385 2115 3448 εἷς

484 3479 766 3553 μετὸχιον.
795 3480 1019 3535 Iudicat
1043 3478 1467 3533 monasterium
1493 3479 1648 3548 quod
1678 3480 1865 3533 fuerat
1920 3477 2113 3532 Blem-

485 3568 1099 3633 midae,contributum
1132 3575 1186 3622 et
1232 3567 1561 3637 subjectum
1610 3568 1956 3622 monasterio
2001 3569 2112 3621 Ga-

479 3655 630 3709 lesii.
656 3654 879 3725 Aliqua:
903 3654 1181 3725 religiosa:
1214 3654 1447 3709 familiae
1488 3656 1664 3710 habet
1711 3655 2114 3711 extraordina-

483 3746 600 3801 rias
658 3746 883 3811 domos,
938 3746 1205 3816 quaedam
1272 3762 1396 3816 qua:
1454 3752 1658 3801 vocant
1707 3746 1953 3815 hispitia,
2016 3744 2113 3798 ubi

480 3833 1103 3889 diversenturillarum
1136 3833 1387 3889 ministri
1416 3841 1514 3889 aut
1560 3833 1835 3903 religiosi,
1877 3833 1975 3902 qui
2016 3849 2117 3885 ne-

481 3922 621 3993 gotii
653 3939 829 3977 causa
856 3922 916 3976 in
977 3922 1119 3977 locis
1176 3922 1292 3977 illis
1352 3922 1816 3993 peregrinantur.
1876 3921 2118 3975 Videtur

482 4012 579 4080 qui
610 4010 801 4066 simile
831 4027 966 4067 voce
992 4010 1247 4083 μετὸχιον
1281 4011 1372 4065 hic
1404 4011 1717 4080 designari.

553 4114 899 4189 Μηνολογεῖν
957 4135 1010 4188 p.
1083 4119 1207 4172 319.
1258 4118 1374 4171 Hoc
1428 4114 1908 4188 Ιοουμηνολογεῖν
1944 4115 2119 4186 signi-

487 4207 622 4261 ﬁcat
650 4223 909 4261 mensem
943 4222 1234 4277 apponere
1282 4204 1700 4275 diplomatibus
1757 4208 1857 4258 aut
1905 4204 2119 4258 chartis

487 4295 686 4366 regiis;
717 4296 871 4366 quod
904 4294 1014 4349 sibi
1049 4294 1147 4348 uni
1181 4292 1423 4348 Michael
1448 4297 1745 4363 Augustus
1762 4298 2120 4347 reservatum

488 4383 691 4450 voluit,
748 4383 1091 4437 nominatim
1151 4382 1443 4452 excipiens
1502 4399 1573 4436 ne
1638 4382 1693 4435 id
1754 4381 2122 4435 Andronicus

2212 1873 2281 1928 δι’
2312 1874 2572 1950 ἐρυθρῶν,
2603 1878 2939 1932 subscribere
2968 1877 3157 1931 rubris
3190 1874 3408 1930 litteris.

2284 1998 2655 2071 Μνημονεύειν
2711 2000 2797 2053 καὶ
2854 1999 3205 2071 μνημόσυνον
3265 2016 3321 2070 p.
3380 1999 3524 2052 374.
3586 2002 3737 2051 Haec
3787 1996 3869 2051 0f-

2215 2090 2551 2144 ferebantur
2582 2107 2612 2144 a
2642 2088 2853 2143 Graecis
2886 2106 3065 2159 papae,
3101 2088 3150 2142 si
3178 2088 3352 2141 vellet
3384 2086 3689 2141 abstinere
3720 2085 3870 2154 aju-

2213 2179 2418 2232 vandis
2450 2177 2670 2231 Latinis
2696 2176 3257 2247 Constantinopolim
3274 2181 3412 2230 tunc
3432 2173 3868 2245 occupantibus

2216 2265 2401 2319 Vel-bo
2428 2285 2527 2335 μνη
2543 2262 2784 2335 μονεύειν
2800 2263 3447 2337 signiﬁcaturdistincta
3467 2262 3693 2317 mentio
3710 2276 3866 2332 papae

2219 2355 2275 2408 in
2310 2355 2490 2408 sacris
2508 2358 2833 2409 Graecorum
2857 2351 3384 2424 litturgiispublice
3418 2368 3483 2406 ac
3510 2348 3865 2405 nominatim

2218 2444 2501 2498 facienda.
2539 2445 2669 2514 ipsa
2700 2460 2864 2514 porro
2887 2442 3019 2497 talis
3047 2439 3523 2497 commemoratio
3543 2438 3605 2492 τὸ
3636 2434 3862 2508 μνημὸ-

2218 2551 2371 2583 συνον
2408 2530 2670 2586 absolute
2701 2530 3105 2585 autonomasia
3161 2527 3596 2600 compendiaria
3643 2526 3863 2581 dicitur

2218 2619 2277 2674 in
2310 2619 2415 2673 hac
2439 2619 2704 2686 historia,
2726 2625 2789 2673 ut
2811 2619 3083 2690 superius
3107 2617 3546 2672 diximusverbo
3568 2608 3859 2683 ἔκκλητον.

2218 2709 2302 2762 Ab
2333 2708 2441 2763 hac
2473 2708 2720 2763 Romani
2748 2707 3042 2778 pontificis
3075 2706 3227 2761 inter
3247 2722 3414 2762 sacra
3438 2719 3862 2760 commemora-

2218 2797 2374 2850 tione
2406 2813 2509 2851 cur
2540 2801 2838 2866 tantopere
2857 2794 3033 2849 Graeci
3064 2793 3732 2858 adhorrerent,causam
3758 2805 3858 2844 non

2218 2900 2347 2939 esse
2380 2884 2674 2955 sapienter
2704 2884 2962 2938 ostendit
2998 2882 3335 2953 imperator,
3366 2881 3458 2936 his
3488 2879 3621 2935 illos
3648 2893 3858 2951 urgens

2219 2972 2449 3027 verbis:
2482 2971 2614 3026 Τίνα
2665 2968 2710 3023 δ’
2766 2968 2881 3044 ἔχει
2940 2968 3370 3037 ἀντικανονίανὴ
3432 2966 3514 3021 ἐπ’
3571 2964 3856 3035 ἐκκλησίας

2223 3058 2465 3136 ἀναφορά
2519 3062 2616 3131 τρῦ
2652 3058 2946 3130 ίόνόματος
3004 3058 3280 3129 (subaudi
3340 3057 3544 3128 papaa),
3605 3054 3756 3108 ὅπου
3810 3070 3856 3125 γε

2222 3146 2421 3218 καὶμὴ
2463 3146 2681 3207 πάπποις
2726 3142 2879 3205 ὄντας
2927 3146 3054 3206 τοὺς
3106 3143 3312 3206 ἄλλους
3361 3144 3561 3218 ἀνάγκη
3618 3141 3860 3215 μετέχειν

2220 3232 2435 3289 τοιᾶσδε
2475 3242 2573 3303 τῆς
2606 3233 2927 3305 ςκοινωνίας,
2972 3239 3088 3295 τοῖς
3146 3231 3592 3302 ἐκκλησιάζουσιν
3645 3248 3858 3284 συνιτα-

2228 3325 2419 3395 μένους
2450 3326 2546 3377 τοῦ
2576 3322 2783 3393 ἱερέως.
2818 3323 2991 3390 Quasi
3019 3325 3271 3379 diceret:
3304 3322 3451 3387 Quid
3487 3323 3725 3375 tantum
3774 3334 3852 3372 re-

2224 3414 2422 3483 fugitis
2454 3433 2484 3467 ει
2509 3412 2864 3468 nominando
2919 3413 3072 3466 inter
3129 3428 3362 3467 sacrum
3413 3426 3579 3480 papa,
3611 3425 3749 3463 cum
3780 3404 3853 3459 ibi

2226 3502 2442 3557 multos
2474 3500 2640 3569 alios,
2674 3500 2919 3557 minoris
2953 3499 3488 3572 utiquedignitatis,
3515 3494 3854 3553 nominatim

2224 3590 2468 3661 exprimi
2505 3608 2615 3645 usu
2666 3589 2804 3644 olim
2834 3589 3093 3660 legitimo
3132 3586 3487 3643 invaluerit?
3544 3584 3858 3641 Verissime

2225 3680 2345 3734 haec
2368 3684 2524 3733 sunt.
2561 3678 2706 3733 Nam
2740 3679 2797 3733 in
2832 3678 3093 3750 Liturgia
3115 3679 3302 3733 sancti
3332 3676 3577 3732 Joannis
3610 3674 3859 3745 Chryso-

2226 3772 2412 3822 stomo
2445 3766 2563 3820 haec
2591 3766 2865 3837 legimus,
2896 3784 2952 3838 p.
3011 3768 3081 3819 ‘78
3121 3763 3462 3835 Euchologii
3497 3779 3510 3818 :
3543 3762 3802 3821 Ἐνταῦθα
3829 3756 3853 3809 ὁ

2224 3852 2401 3927 ἱερεὺς
2450 3852 2779 3925 μνημονεύει
2826 3852 2897 3906 ὦν
2951 3851 3345 3922 θὲλείζώντων
3394 3851 3481 3905 καὶ
3532 3850 3852 3902 τεθνεώτων.

2222 3935 2378 4015 ’Υπὲρ
2431 3942 2646 4009 ζώντων
2704 3940 2892 4015 λέγει.
2948 3942 3103 4016 Ὑπὲρ
3160 3936 3453 4014 σωτηρίας,
3513 3936 3853 4009 ἐπισκέψεως,

2228 4029 2465 4107 ἀφέσεως
2514 4036 2619 4083 τῶν
2674 4032 2949 4104 ἁμαρτιῶν
3000 4033 3094 4082 τοῦ
3140 4026 3340 4082 δούλου
3386 4030 3481 4081 τοῦ
3511 4029 3643 4080 Θεοῦ
3675 4022 3853 4080 δεῖνος.

2229 4121 2329 4175 Hic
2357 4120 2614 4175 sacerdos
2644 4118 2898 4173 meminit
2926 4136 3161 4189 quorum
3194 4118 3308 4172 vult
3340 4119 3588 4171 vivorum
3618 4118 3668 4169 et
3715 4127 3852 4167 mor-

2230 4219 2470 4272 tuorum,
2502 4211 2613 4263 Pro
2643 4208 2781 4262 vivis
2814 4206 2966 4261 dicit.
3002 4209 3108 4262 Pro
3130 4224 3191 4260 sa
3206 4205 3343 4271 tute,
3368 4203 3707 4277 proiectione
3727 4206 3850 4257 etre-

2231 4296 2497 4352 missione
2522 4301 2866 4365 peccatorum
2895 4302 3035 4351 servi
3066 4297 3165 4350 Dei
3193 4296 3256 4349 Ν.
3290 4295 3372 4349 En
3407 4298 3471 4346 ut
3522 4287 3845 4347 nominatim

2236 4385 2449 4440 mentio
2482 4386 2546 4439 tit
2577 4385 2637 4439 in
2668 4402 2830 4440 sacro
2863 4383 3205 4455 quorumvis
3237 4384 3307 4437 ad
3340 4380 3657 4436 arbitrium
3691 4390 3837 4433 sacer-

491 4472 670 4542 ﬁlius,
704 4488 879 4544 quem
929 4473 986 4525 in
1049 4470 1277 4540 imperii
1335 4471 1693 4526 consortium
1753 4470 2099 4524 admittebat

2235 4474 2407 4528 dotis.
2469 4473 2528 4527 Ρ.
2589 4474 2797 4528 deinde
2842 4475 2950 4527 79:
3012 4472 3072 4526 Ὁ
3124 4467 3179 4524 δὲ
3246 4469 3416 4541 ἱερεὸς
3476 4464 3723 4543 ἐκφωνεῖ·
3770 4462 3835 4512 Ἐν

493 4562 681 4616 facere
713 4577 774 4615 se
801 4560 928 4614 vivo
951 4565 1167 4631 posset.
1199 4559 1357 4614 Unde
1390 4560 1542 4613 idem
1579 4559 1784 4614 Noster
1815 4558 1870 4611 in
1905 4558 2125 4613 Andro-

490 4650 619 4705 nico
650 4649 827 4720 (quod
861 4647 1019 4703 aliud
1045 4665 1213 4719 opus.
1250 4648 1365 4703 Deo
1398 4650 1591 4712 dante,
1625 4664 1757 4702 mox
1788 4646 2049 4715 edemus)
2083 4644 2123 4701 1.

490 4756 531 4805 ι,
566 4755 615 4793 c.
651 4738 701 4803 1,
736 4742 934 4791 narrat
962 4752 1095 4790 eum
1130 4742 1260 4807 post
1292 4738 1472 4806 patris
1522 4735 1821 4791 Michaelis
1879 4739 2127 4789 mortem

490 4828 748 4898 primum
782 4826 841 4879 in
868 4825 1081 4895 scripto
1115 4827 1288 4893 jussu
1322 4825 1478 4895 regio
1501 4842 1758 4879 mensem
1786 4823 2129 4894 apposuisse

490 4911 610 4987 ἄρτι
676 4912 907 4986 πρώτως
985 4910 1509 4984 μηνολογησάμενος
1588 4912 1937 4985 πρόσταγμα.
2007 4911 2129 4974 Quo

493 5004 695 5059 eodem
728 5001 941 5071 scripto
974 5002 1042 5055 ad
1097 5001 1486 5072 patriarcham
1540 5001 1758 5071 perlato
1804 5000 1883 5052 ait
1938 5000 2127 5067 illum,

492 5108 625 5147 cum
656 5107 813 5145 mors
844 5088 1143 5143 Michaelis
1171 5089 1475 5155 celaretur,
1510 5087 1851 5160 Hachymeri
1876 5086 1986 5141 sibi
2019 5088 2129 5158 ipsi

493 5183 638 5235 forte
668 5178 881 5233 astanti
915 5178 1132 5247 regiam
1167 5177 1325 5231 illam
1357 5178 1617 5232 chartam
1676 5176 1927 5240 dedisse,
1961 5175 2129 5247 Ἑρω-

490 5272 598 5321 τῶν
647 5264 695 5319 εἲ
732 5265 893 5326 αὐτὸς
940 5263 1058 5339 ἔχοι
1110 5269 1310 5337 γνῶναι
1362 5261 1860 5339 διαστοχασάμενος
1894 5264 1954 5315 οὗ
1982 5284 2129 5323 τινος

495 5358 554 5413 ἂν
586 5354 670 5427 εἷή
703 5357 765 5411 τὸ
801 5356 1188 5429 μηνολόγημα,
1216 5360 1477 5425 θαιεενεηδ
1505 5374 1639 5410 num
1672 5374 1778 5426 qua
1810 5359 1923 5426 ipse
1952 5356 2130 5423 conje-

491 5460 651 5505 ctura
680 5457 819 5503 certo
845 5451 1017 5518 posset
1065 5447 1379 5515 dignoscere
1406 5448 1562 5517 cujus
1620 5463 1789 5500 manu
1846 5461 2132 5516 expressus

493 5537 698 5592 mensis
753 5541 907 5591 esset.
962 5535 1018 5588 Si
1070 5536 1224 5590 enim
1282 5535 1595 5591 Andronici
1655 5552 1778 5590 esse
1818 5539 2132 5597 constaret,

497 5631 722 5681 certum
755 5626 901 5679 feret
931 5630 1341 5693 argumentum
1399 5625 1611 5679 obiisse
1662 5622 2020 5681 Michaelem.
2053 5621 2135 5677 Ne

2235 4561 2473 4637 πρώτοις
2511 4562 2800 4632 μνήσθητι,
2852 4560 3040 4632 Κύριε,
3070 4563 3165 4613 τοῦ
3214 4558 3620 4632 πανιερωτάτου
3669 4568 3850 4626 μητροο

2235 4651 2472 4704 vro/timo
2502 4650 2661 4721 ἡμῶν
2692 4653 2787 4702 τοῦ
2834 4646 3023 4709 δεῖνος.
3064 4650 3332 4704 Sacerdos
3380 4662 3507 4702 vero
3564 4646 3850 4701 exclamat:

2185 4811 2189 4814 ,
2238 4740 2321 4811 [P.
2356 4740 2480 4809 404]
2514 4739 2805 4809 Inprimis
2856 4742 3143 4804 memento,
3206 4735 3456 4804 Domine,
3513 4722 3858 4789 sacratissimi

2237 4828 2593 4897 nit-trepolilw
2640 4830 2820 4882 nostri
2877 4830 2944 4881 Ν.
2982 4826 3235 4889 Quilibet
3267 4824 3447 4895 igitur
3502 4822 3857 4893 cpiscopusa

2242 4916 2539 4972 sacerdote
2570 4916 2629 4969 in
2662 4914 2894 4969 dioecesi
2928 4916 3053 4983 ejus
3110 4912 3438 4968 celebrante
3496 4909 3731 4965 nomine
3777 4920 3861 4960 cx-

2242 5021 2443 5077 presso
2495 5010 2875 5058 memoratur.
2912 5003 3060 5068 Quin
3098 5003 3290 5066 etiam,
3343 5005 3406 5055 ut
3463 5016 3593 5053 mox
3626 4996 3863 5055 additur,

2242 5094 2395 5147 idem
2429 5093 2612 5147 honos
2648 5092 2889 5147 habetur
2923 5090 3179 5162 simplici
3211 5089 3497 5144 sacerdoti
3528 5093 3585 5142 et
3633 5086 3864 5154 impera-

2240 5182 2487 5236 toribus.
2522 5181 2616 5235 Sic
2650 5180 2802 5234 enim
2839 5180 3192 5234 ascribitur:
3226 5176 3322 5229 Καὶ
3358 5176 3385 5229 ὁ
3446 5171 3691 5233 διάκονος
3746 5165 3866 5242 πρὸς

2240 5272 2309 5332 τῆ
2396 5267 2528 5340 θύρᾳ
2597 5267 2722 5327 στὰς
2795 5264 2964 5339 λέγει·
3043 5265 3147 5318 Τοὖ
3227 5262 3403 5323 δεῖνος
3474 5257 3863 5335 πανιερωτάτου

2249 5354 2657 5429 μητροπολίτου
2714 5353 2750 5422 ἢ
2811 5353 3129 5421 ἐπισκόπου,
3189 5351 3334 5412 ὅστις
3383 5350 3441 5404 ἂν
3500 5351 3558 5421 ᾖ,
3614 5347 3705 5402 καὶ
3756 5343 3871 5414 ὑπὶρ

2243 5448 2339 5497 τοῦ
2396 5442 2863 5519 προσκομίζοντος
2940 5442 3005 5496 τὰ
3062 5442 3188 5515 ἅγια
3242 5438 3390 5510 δῶρα
3439 5441 3608 5491 ταῦτα
3665 5426 3876 5489 εὐλαϐε-

2244 5531 2438 5585 τάττςο)
2511 5530 2701 5601 ἱερέως
2775 5534 2870 5584 τοῦ
2926 5527 3145 5588 δεῖνος’
3227 5528 3356 5598 ὑπὲρ
3436 5525 3710 5599 σωτηρίας
3781 5522 3872 5575 τῶν

2249 5616 2635 5675 εὐσεϐεστάτων
2691 5619 2779 5673 καὶ
2838 5616 3216 5696 Θεοφυ).άκτων
3276 5612 3541 5689 βασιλέων
3598 5614 3758 5685 ἡμῶν
3800 5602 3877 5662 καὶ
