4146 6288
320 404 459 459 1049

1772 410 2252 466 GLOSSABIUM.

3576 406 3713 459 1050

319 531 535 583 πάντων
586 530 675 583 καὶ
705 533 910 586 πασῶν.
962 532 1021 587 Ὁ
1076 533 1263 605 χορὸςο
1319 532 1415 585 Καὶ
1459 531 1668 586 πάντων
1720 531 1808 586 καὶ
1858 552 1958 585 πα-

2088 548 2267 587 ;onem
2302 531 2696 588 obedientiam
2748 531 2808 586 in
2835 532 3155 601 posterum,
3207 532 3307 584 sed
3357 546 3424 584 ea
3456 531 3714 600 prompti

272 676 281 677 ί
323 621 451 672 σῶν.
491 624 553 674 Et
601 618 861 674 diaconus
906 619 976 673 ad
1021 621 1253 688 ianuam
1298 630 1446 676 stans
1491 622 1723 676 dicit:...
1782 624 1841 675 Et
1868 636 1965 691 pro

324 708 582 776 offerente
611 723 775 762 sacra
804 726 1039 763 munera
1066 709 1185 764 haec
1208 710 1553 764 devotissimo
1581 710 1876 765 sacerdote.
1894 712 1965 778 Ν,

323 814 429 867 pro
459 798 634 852 salute
651 799 1001 869 piisimorum
1045 808 1095 854 et
1124 817 1163 853 α
1215 801 1314 853 Deo
1345 802 1743 855 custoditorum
1792 801 1967 869 impe—

326 889 565 940 ratorem
612 891 945 956 nostrorum,
1022 891 1072 941 et
1142 896 1457 942 cunctorum
1513 893 1562 942 et
1627 896 1966 943 cunctarum.

332 974 537 1028 Chorus
568 974 815 1046 [repetitz
852 977 915 1029 Et
962 981 1281 1031 cunctorum
1326 982 1379 1032 et
1434 980 1772 1032 cuncta-rum.
1827 976 1972 1040 Quia

335 1062 489 1117 enim
552 1063 966 1132 imperatorum
1021 1065 1171 1119 586
1230 1066 1512 1119 vocabulo
1564 1067 1859 1135 Augustus
1917 1069 1973 1118 et

328 1152 596 1220 Augusta
626 1168 759 1206 cum
790 1152 988 1206 liberis
1022 1168 1221 1207 eorum
1258 1153 1759 1223 significabantur,
1792 1153 1967 1206 adde-

330 1238 503 1292 batur
534 1238 645 1293 ista
676 1239 981 1311 utriusque
1015 1257 1191 1317 sexus
1218 1242 1534 1311 expressio.

398 1332 545 1388 Μνία
594 1352 649 1404 ρ.
699 1336 823 1390 293.
872 1341 991 1390 Non
1042 1336 1232 1391 solum
1283 1338 1413 1406 alga
1471 1344 1527 1391 et
1575 1354 1835 1403 muscus,
1870 1337 1968 1389 sed

332 1423 619 1493 quidquid
654 1424 927 1478 innatans
959 1425 1125 1496 aquis
1159 1425 1511 1479 soliditatem
1544 1431 1780 1496 aspectu
1810 1442 1970 1479 men-

323 1512 469 1565 titur
502 1513 841 1583 quamdam,
879 1510 1045 1583 μνίων
1081 1514 1255 1568 vocab
1277 1513 1370 1567 ulo
1410 1514 1970 1586 designatur,quan-

332 1603 459 1653 tum
492 1618 557 1655 ex
589 1600 819 1655 collatis
846 1601 1357 1673 Hesychii,Suidae,
1404 1602 1672 1673 Oppiani,
1702 1600 1971 1657 Nicandri

331 1691 387 1742 et
418 1687 666 1742 aliorum
700 1688 843 1743 locis
875 1689 1049 1743 datur
1080 1689 1341 1761 intelligi.

402 1774 614 1847 Μόρεον
649 1794 702 1847 p.
758 1778 880 1830 180.
933 1776 1066 1839 Quae
1117 1777 1253 1832 olim
1318 1777 1751 1847 Peloponnesus
1811 1778 1970 1832 dice-

328 1864 521 1934 batur,
575 1881 703 1919 eam
754 1865 923 1920 hodie
963 1865 1142 1920 Graeci
1220 1866 1389 1933 vulgo
1450 1866 1683 1921 litoream
1739 1872 1968 1920 vocant.
2007 1891 2051 1954 Β

334 1952 569 2007 Videtur
602 1955 797 2006 autem
829 1951 1203 2023 Pachymeris
1232 1959 1398 2007 (etate
1438 1952 1498 2006 τὸ
1531 1952 1742 2026 Μὸρεον
1779 1955 1970 2020 dicta;

332 2041 486 2093 unde
516 2045 573 2094 et
600 2040 752 2094 hanc
786 2057 979 2095 vocem
1004 2041 1405 2112 supplevimus
1436 2043 1493 2096 in
1528 2042 1736 2096 lacuna
1764 2043 1974 2113 capitis

330 2128 365 2179 9
396 2128 662 2197 ejusdem
698 2128 797 2183 lib.
834 2145 917 2183 ιιι.
950 2130 1029 2183 Ad
1064 2145 1237 2200 quem
1273 2130 1462 2184 locum
1490 2131 1619 2184 vide
1654 2136 1839 2185 notas.
1864 2130 1977 2184 Ali-

330 2216 463 2271 cubi
502 2226 688 2270 tamen
738 2216 1121 2287 Pacbymeres
1154 2215 1363 2290 Μορέαν
1409 2219 1649 2273 scribit:
1703 2220 1802 2273 sed
1836 2235 1971 2273 con-

335 2306 593 2360 stantius
624 2305 681 2359 in
716 2310 923 2360 neutro
957 2305 1013 2359 id
1042 2306 1390 2361 vocabulum
1428 2313 1690 2378 usurpat.

403 2390 639 2452 Μόσυνες
672 2411 726 2465 p.
780 2396 902 2448 311.
938 2393 1067 2449 Scio
1108 2393 1256 2449 alios
1304 2395 1614 2465 scriptores
1643 2460 1647 2465 λ
1679 2397 1972 2467 Mosynos,

336 2499 446 2536 non
503 2482 773 2553 Mosynas
829 2482 933 2536 hos
992 2482 1235 2552 populos
1304 2500 1552 2539 vocare:
1592 2490 1784 2539 tamen
1839 2501 1969 2538 cum

334 2568 545 2624 Μόσυσι
607 2587 723 2624 non
782 2570 969 2640 possit
1025 2587 1209 2625 essea
1266 2575 1422 2626 recto
1491 2569 1883 2639 Mdcovoz,sed
1940 2590 1973 2627 a

338 2656 597 2723 Μὸσυνες,
634 2658 765 2729 plus
796 2674 999 2729 sapere
1032 2676 1206 2729 quam
1242 2675 1407 2714 mens
1431 2664 1633 2715 auctor
1664 2661 1840 2715 nolui.

406 2752 751 2827 Μουγοωιιοι
788 2771 843 2825 p.
877 2755 998 2809 344.
1033 2755 1273 2810 Videtur
1324 2756 1512 2812 dicere
1543 2774 1641 2813 eos
1691 2775 1837 2829 quos
1870 2760 1974 2829 By-

336 2842 553 2897 zantini
592 2843 883 2897 Tocharos
931 2850 1217 2913 vocarent,
1270 2844 1531 2915 ipsorum
1579 2846 1972 2901 Tocharorum

344 2946 453 2988 usu
487 2935 544 2985 et
572 2931 775 3002 lingua
803 2932 1095 3002 Mugulios
1118 2932 1231 2987 dici
1265 2934 1658 2990 consuevisse.

402 3025 711 3101 Μυριοστῦς
771 3046 824 3099 p.
887 3030 1007 3083 470.
1069 3029 1185 3084 Hoc
1240 3030 1586 3085 vorabulum
1651 3028 1977 3102 μυριοπιὸας

345 3118 430 3171 sic
466 3117 745 3172 scribitur
782 3118 837 3170 in
871 3117 1100 3173 duobus
1134 3134 1301 3187 mss.,
1349 3118 1618 3173 Vaticano
1650 3121 1973 3175 omittente.

341 3206 616 3261 Flectitur
646 3204 908 3261 videlicet
939 3224 971 3261 a
1008 3209 1161 3261 recto
1219 3204 1529 3279 μυριοστός.
1565 3209 1686 3272 Quo
1720 3226 1834 3262 non
1868 3211 1974 3263 du-

342 3295 483 3360 bito,
516 3293 623 3348 etsi
658 3292 796 3348 alibi
827 3293 1155 3365 exemplum
1192 3312 1304 3349 ron
1341 3295 1548 3366 reperi,
1583 3297 1725 3367 quin
1760 3296 1977 3368 Pachy-

346 3399 535 3437 meres
586 3378 817 3455 μυριάδα
868 3382 1182 3453 signiticet,
1229 3382 1379 3438 sicut
1412 3400 1459 3439 c.
1516 3385 1604 3449 38,
1656 3383 1695 3439 1.
1746 3402 1821 3451 νι,
1856 3382 1981 3436 ἐκα-

338 3468 541 3521 τοστύα
587 3470 907 3524 centuriam
954 3469 1229 3542 appellat,
1280 3469 1364 3524 sic
1415 3471 1677 3526 scribens
1711 3489 1723 3527 :
1756 3472 1848 3532 Ἐς
1898 3470 1980 3525 ὅτι

352 3554 607 3609 πλεῖστον
686 3562 912 3630 συχναῖς
977 3555 1286 3610 ἑκατοστύσι
1365 3555 1670 3627 διείληπτο.
1730 3562 1799 3614 Et
1855 3562 1982 3631 ejus

345 3643 584 3716 aequalis
645 3646 890 3719 scriptor
956 3645 1237 3717 Georgius
1295 3647 1617 3717 Aoropolita
1690 3645 1981 3720 χιλιοστύα

343 3733 657 3788 chiliadem
691 3732 957 3787 nominat
986 3734 1043 3787 in
1076 3733 1166 3788 hls
1199 3735 1387 3788 verbis
1411 3752 1467 3804 p.
1502 3736 1533 3788 4
1562 3737 1649 3789 ed.
1689 3737 1827 3807 Reg.
1867 3752 1877 3791 :
1912 3734 1978 3791 Οἱ

343 3817 399 3873 δὲ
437 3818 738 3891 αὖτομὸλοι
796 3820 933 3892 πρὸς
987 3819 1115 3881 τοὺς
1173 3819 1476 3890 πολεμίους
1523 3826 1765 3893 χωροῦσι
1824 3822 1980 3896 χλιο-

346 3905 496 3968 στύες
529 3905 755 3961 πολλαί.
791 3907 898 3962 Ubi
942 3920 1093 3963 recte
1133 3908 1509 3963 doctissimus
1556 3909 1840 3981 interpres
1874 3916 1980 3966 Leo

345 3996 590 4051 Allatius
620 3992 941 4068 χιλιοστύας
973 3993 1186 4055 πολλάς
1223 3997 1446 4064 reddit;
1480 3998 1652 4051 multa
1682 4000 1879 4052 millia.

416 4090 591 4150 Νυσιά
610 4112 665 4165 p.
698 4094 824 4149 515.
884 4093 1246 4148 Vocabulum
1299 4094 1479 4146 νοσιάν
1530 4094 1613 4149 sic
1643 4093 1794 4150 clare
1842 4096 1982 4150 scri-

340 4182 501 4238 bitur
532 4182 588 4240 in
621 4182 789 4236 codd.
824 4181 1057 4237 Barber.
1108 4187 1164 4237 et
1191 4182 1375 4237 Vatic.
1427 4182 1752 4238 Allatianus
1783 4189 1978 4239 autem

340 4271 567 4326 videtur
599 4271 787 4341 legere
813 4269 1041 4330 νοετάςε
1085 4272 1181 4325 sed
1234 4287 1300 4326 ex
1350 4273 1570 4327 caeteris
1620 4288 1850 4342 quoque
1879 4289 1975 4327 ve-

341 4359 529 4430 stigiis
560 4359 874 4413 titubantis
906 4358 1025 4412 illic
1048 4358 1254 4413 calami
1282 4360 1427 4414 satis
1455 4365 1696 4432 apparet
1726 4377 1977 4416 errorem

341 4463 468 4503 esse
498 4464 564 4502 ac
596 4446 834 4502 omnino
867 4447 1304 4502 rescribendum
1330 4448 1545 4520 ubique
1578 4448 1778 4503 νοσιάν.
1802 4449 1978 4505 Vide—

339 4539 438 4589 tur
468 4541 661 4589 autem
693 4533 850 4586 νοσιὰ
906 4534 1162 4604 positum
1195 4552 1228 4589 a
1258 4534 1607 4606 Pacbymere
1636 4538 1977 4609 συγκοπικῶς

341 4640 445 4695 pro
493 4621 749 4690 νεοσσία.,
795 4639 926 4692 quae
974 4626 1055 4691 (P.
1105 4623 1228 4695 405)
1282 4640 1389 4678 vox
1441 4624 1733 4695 significat
1783 4624 1977 4679 nidum

339 4729 465 4767 cum
492 4711 672 4782 pullis
700 4709 1073 4782 implumibus.
1110 4712 1523 4783 Perstringitur
1553 4712 1705 4767 enim
1742 4730 1975 4785 prover-

342 4800 482 4854 biali
524 4799 913 4854 similitudine
944 4800 1297 4855 conﬁdentia
1327 4800 1689 4870 Latinorum,
1725 4802 1824 4871 qui
1860 4801 1975 4855 Ro-

344 4887 622 4957 maniam,
655 4888 765 4941 hoc
803 4892 892 4942 est
944 4887 1309 4958 imperatoris
1352 4889 1975 4960 ConstantinOpolitani

345 4975 623 5029 ditionem
648 4974 1003 5043 universam,
1027 4981 1146 5031 tam
1172 4976 1339 5031 facile
1369 4993 1429 5030 se
1457 4977 1976 5048 comprehcnsuros

347 5065 645 5135 sperarent
676 5079 852 5134 quam
882 5062 1207 5120 ludibunde
1240 5082 1273 5121 a
1304 5066 1446 5120 forte
1472 5064 1803 5122 iucurrente
1834 5066 1977 5121 tolli-

344 5156 442 5207 tur
473 5150 833 5206 avicularum
876 5167 1076 5207 recens
1108 5154 1229 5208 ovis
1279 5152 1647 5209 exclusarum
1696 5158 1813 5210 tota
1843 5172 1974 5210 cum

342 5240 472 5312 ipso
506 5239 643 5295 nido
676 5239 915 5295 familia.

415 5325 790 5401 Οῗιειόχειρος
825 5345 880 5399 p.
914 5328 1034 5383 497.
1069 5330 1139 5384 de
1186 5330 1481 5385 Muzalone
1538 5331 1709 5386 malis
1769 5330 1976 5387 inﬂexo

342 5418 413 5472 ad
449 5417 890 5487 obsequendum
924 5415 1280 5486 imperatori.
1306 5422 1438 5483 Quae
1473 5419 1591 5473 sint
1622 5420 1745 5473 istas
1779 5416 1976 5471 οἰκειό-

345 5521 523 5577 χειροι
570 5501 857 5579 ἀσφὰ)ειαι
918 5503 1343 5560 divinandum:
1398 5523 1533 5561 nam
1581 5506 1728 5561 illud
1778 5504 1977 5559 οἰκειό-

342 5610 533 5665 χειρον
566 5592 707 5649 alibi
739 5609 850 5648 uon
891 5591 1099 5664 reperi.
1159 5594 1314 5650 Licet
1360 5594 1585 5664 opinari
1618 5594 1868 5651 voluisse
1899 5596 1977 5651 si-

342 5680 617 5753 gniﬁtare
648 5686 966 5749 auctorem,
1003 5697 1117 5738 non
1143 5681 1330 5739 solum
1366 5683 1751 5755 spopondisse
1783 5684 1976 5740 Muza-

2077 620 2340 691 obsequii
2373 622 2723 676 documenta
2750 621 2803 673 in
2838 635 3091 689 prmsens
3111 618 3471 683 exhibuisse,
3506 635 3631 689 quae
3655 621 3728 671 li-

2077 709 2212 763 dem
2241 710 2471 764 abunde
2498 711 2745 765 facerent
2776 710 2923 765 587
2952 708 3254 779 sponsioni
3287 713 3343 762 et
3375 708 3717 778 imperatori

2077 805 2296 854 metum
2328 816 2563 854 omnem
2597 800 2939 865 adimerent,
2977 815 3047 853 ne
3079 797 3389 869 promissis
3427 796 3526 852 ille
3559 803 3718 867 post-

2079 888 2317 941 modum
2378 904 2491 942 non
2552 891 2752 943 staret.
2788 887 2917 942 Sint
2972 902 3107 957 ergo
3139 881 3496 957 οἷ’κειόχεροιι
3546 882 3720 956 ἀσφά-

2078 970 2565 1043 λειαι,οιιιιῐὶυιιειε
2608 980 2664 1031 et
2708 976 3051 1030 securitates
3082 972 3251 1043 quasi
3306 974 3438 1027 dato
3481 972 3723 1043 pignore

2079 1077 2146 1115 ex
2173 1062 2425 1133 propriis
2459 1063 2516 1116 in
2551 1069 2915 1118 antecessum
2932 1060 3363 1132 representatis
3381 1061 3726 1131 spondentis

2079 1151 2288 1203 ofﬁciis
2324 1155 2596 1221 acceptae.

2148 1238 2324 1307 Ὀξεῖα
2356 1240 2558 1309 p.385.
2624 1244 2741 1293 Duo
2791 1239 2884 1293 hic
2916 1242 3054 1293 sunt
3096 1238 3381 1308 adjectiva
3437 1236 3720 1292 feminina

2081 1326 2206 1381 sine
2253 1328 2378 1382 suis
2423 1330 2835 1394 substantivis,
2887 1328 3234 1399 supplendis
3274 1327 3542 1382 videlicet
3572 1346 3605 1381 a
3636 1328 3720 1382 lc-

2080 1420 2347 1479 ctore,ut
2379 1417 2442 1471 tit
2495 1434 2627 1470 cum
2679 1417 2891 1488 frigida
2930 1416 3275 1486 simpliciter
3333 1416 3569 1486 ponitur
3618 1433 3719 1486 pro

2080 1520 2233 1574 aqua
2267 1504 2496 1575 frigida.
2522 1505 2657 1559 Voci
2692 1503 3074 1578 χρυσόπαστος
3106 1505 3397 1560 videretur
3429 1520 3497 1559 ex
3528 1509 3725 1558 aucto-

2082 1591 2161 1645 ris
2221 1598 2415 1647 mente
2464 1593 2872 1663 subjungenda
2931 1590 3089 1659 ἐσθής
3144 1598 3244 1647 aut
3291 1589 3464 1660 ξυστίς
3514 1609 3582 1646 ex
3611 1596 3721 1644 Eu-

2082 1678 2219 1733 bulo
2256 1680 2502 1751 comico,
2553 1682 2723 1751 cujus
2772 1681 2971 1736 Pollux
3021 1681 3186 1735 initio
3237 1680 3368 1736 libri
3420 1681 3568 1735 sexti
3599 1680 3723 1734 haec

2082 1768 2253 1822 refert
2331 1771 2549 1823 verba:
2630 1773 2757 1831 Ταῖς
2839 1766 3039 1837 Ennio:
3104 1772 3223 1828 ταῖς
3307 1768 3718 1841 χρυσοπάστοις

2083 1855 2465 1929 στρώννυνται.
2502 1857 2756 1912 Verbum
2791 1856 3148 1929 στρώννυνται
3188 1853 3377 1928 ἐνδύτῃ
3429 1858 3723 1921 convenit,

2084 1960 2207 2013 quae
2242 1947 2571 2016 stragulum
2596 1951 2697 2000 aut
2726 1946 3036 2000 lustratum
3078 1961 3417 2015 supremum
3451 1950 3577 2000 erat
3612 1962 3723 1999 arae

2086 2032 2372 2100 maximae,
2406 2038 2469 2087 ut
2508 2052 2610 2089 suo
2641 2034 2764 2088 loco
2815 2034 3199 2089 declaramus.
3251 2033 3542 2088 Vocabulo
3576 2031 3724 2100 ὀξεῖα

2082 2122 2351 2190 equidem
2389 2120 2565 2194 βαφήν
2594 2122 2990 2192 adaptaverim
3025 2138 3092 2177 ex
3113 2122 3405 2178 Eustathii
3439 2121 3564 2177 loco
3590 2138 3722 2174 mox

2083 2209 2474 2265 describendo
2525 2212 2697 2265 verbo
2749 2208 3034 2280 ὀξύλευκος
3068 2228 3080 2265 :
3114 2228 3181 2265 ex
3228 2227 3342 2281 quo
3385 2209 3731 2281 intelligitur

2086 2294 2256 2363 ὀξεῖαν
2286 2296 2464 2371 βαφήν
2497 2315 2724 2354 roseam
2756 2316 2884 2354 esse
2911 2300 3249 2356 tincturam.

2153 2399 2446 2469 Ὀξύλευκα
2487 2420 2544 2474 ρ.
2594 2405 2717 2458 322.
2769 2405 2927 2459 Verti
2957 2421 2985 2460 ε
3033 2421 3192 2461 roseo
3237 2404 3529 2459 candentia
3578 2406 3720 2461 insi-

2079 2492 2232 2560 gm’a,
2267 2492 2471 2546 doctus
2517 2493 2588 2546 ab
2639 2492 2939 2547 Eustathio
2989 2494 3057 2546 ad
3101 2493 3205 2547 Od.
3253 2510 3310 2558 ιι,
3361 2493 3457 2547 ubi
3492 2509 3623 2546 cum
3660 2511 3727 2548 ex

2081 2579 2452 2633 Chazremone
2481 2579 2779 2635 retulisset
2826 2578 2907 2633 ὅτι
2934 2583 3131 2642 κοινῶς
3166 2580 3257 2651 μὲν
3289 2580 3357 2632 τὰ
3392 2577 3522 2647 ἄνθη
3558 2574 3713 2652 ἔαρος

2078 2665 2236 2718 τέκνα
2289 2662 2558 2734 ἐκάλεσεν,
2613 2663 2760 2727 ἰδίως
2813 2663 2869 2719 δὲ
2914 2666 2979 2721 τὰ
3022 2665 3153 2742 ῥόδα
3185 2667 3454 2743 ὀξυφεγγῆ
3504 2668 3593 2721 καὶ
3636 2666 3729 2722 ἕα-

2085 2772 2176 2825 ρος
2207 2754 2578 2825 τιθηνήματα,
2625 2757 2708 2811 sic
2740 2757 3015 2812 continuo
3064 2758 3378 2813 admonet:
3427 2758 3593 2818 Ἔνθα
3624 2756 3724 2830 δραι

2082 2842 2142 2895 τὸ
2176 2841 2440 2918 ὀξοφεγγῆ
2474 2844 2751 2916 χρήσιμον
2802 2842 2860 2897 ὃν
2912 2843 2986 2904 εἲς
3031 2845 3092 2898 τὸ
3136 2851 3327 2912 νοῆσαι
3357 2842 3599 2916 τοῦνομα
3627 2852 3726 2913 τῆς

2083 2928 2253 2999 ὀξείας
2302 2930 2496 3007 βχφῆς.
2557 2934 2656 2989 Ubi
2698 2933 2924 2987 observa
2974 2950 3159 2989 vocem
3203 2933 3475 3008 ὀξυφεγγῆ
3528 2936 3725 2989 utilem

2083 3019 2150 3072 ad
2169 3020 2587 3087 intelligendum
2601 3036 2853 3091 quaenam
2868 3038 2987 3076 vere
3014 3022 3089 3076 sit
3102 3023 3339 3077 tinctura
3358 3039 3522 3092 quam
3555 3021 3727 3093 ὀξεῖαν

2083 3110 2394 3163 nominant.
2448 3108 2670 3171 Quibus
2713 3110 2909 3164 verbis
2960 3110 3103 3165 satis
3157 3110 3377 3165 indicat
3421 3108 3593 3179 ὀξεῖαν
3631 3110 3731 3184 βά-

2091 3195 2195 3267 φτςν
2228 3195 2457 3250 trahere
2489 3196 2711 3268 aliquid
2745 3213 2775 3251 e
2804 3196 2994 3252 colore
3024 3198 3272 3268 vigentis
3304 3215 3468 3262 rosae,
3501 3204 3599 3253 aut
3622 3217 3726 3270 po-

2091 3286 2236 3341 tium
2259 3287 2527 3342 eumdem
2553 3287 2749 3359 ipsum
2774 3304 2919 3343 esse.
2950 3289 3314 3358 ltaquejure,
3344 3289 3573 3360 opinor,
3598 3306 3726 3345 meo

2095 3370 2380 3442 ὀξῦΛευκον
2435 3391 2569 3429 sum
2617 3374 3029 3445 interpretatus
3058 3392 3086 3431 ε
3132 3392 3283 3432 roseo
3313 3377 3576 3432 candens.
3613 3377 3724 3432 Ne-

2090 3478 2204 3532 que
2234 3463 2345 3517 tale
2380 3463 2555 3517 fuisse
2604 3464 2828 3534 imperii
2880 3465 3059 3533 gradu
3108 3464 3368 3519 inferiori
3402 3482 3434 3519 a
3486 3466 3727 3535 despota

2091 3549 2419 3621 participati
2452 3552 2679 3621 insigne
2724 3569 2937 3607 novum
2992 3557 3101 3620 est,
3153 3570 3285 3608 cum
3330 3558 3386 3609 et
3414 3556 3631 3608 rubens
3670 3558 3728 3607 et

2090 3638 2390 3707 candicus,
2432 3655 2500 3693 ex
2553 3640 2770 3710 quibus
2820 3636 3107 3707 ὀξύλευκος
3156 3641 3365 3696 mistus
3411 3647 3521 3711 est,
3553 3642 3723 3696 ambo

2090 3728 2255 3797 regiae
2307 3727 2610 3797 potestatis
2637 3726 3029 3783 characterem
3083 3745 3193 3784 usu
3242 3730 3484 3800 antiquo
3516 3732 3723 3800 praefe-

2090 3820 2220 3870 rant
2252 3815 2452 3886 utique
2495 3831 2629 3870 cum
2677 3832 2939 3886 purpura
2986 3817 3042 3870 in
3087 3821 3245 3871 veste
3287 3819 3470 3888 regia,
3511 3819 3728 3872 candor

2089 3905 2146 3957 in
2180 3903 2505 3958 diademate
2533 3904 3059 3958 commendaretur.
3086 3905 3194 3959 Sed
3229 3909 3283 3959 et
3314 3905 3600 3960 habemus
3624 3906 3726 3961 Pa-

2089 3991 2375 4062 chymeris
2405 3991 2592 4062 ipsius
2616 3990 3020 4046 testimonium
3054 3992 3161 4047 hoc
3193 3994 3614 4060 conlirmans,l.
3648 4011 3723 4061 νι,

2088 4095 2137 4136 c.
2169 4079 2258 4143 34,
2291 4078 2391 4132 ubi
2423 4094 2555 4133 cum
2594 4078 2893 4135 retulisset
2940 4081 3262 4136 decrevisse
3311 4082 3718 4151 imperatorem

2089 4184 2295 4222 ornare
2348 4166 2629 4222 Joannem
2691 4168 3013 4239 principem
3048 4169 3348 4238 Sazorum,
3408 4178 3719 4241 postquam

2087 4256 2136 4310 ei
2175 4255 2351 4310 filiam
2385 4255 2697 4310 Eudociam
2729 4256 3155 4326 despondisset,
3203 4254 3556 4329 insignibus
3592 4277 3718 4330 quas

2088 4344 2750 4414 lribuerenturdespotis
2766 4361 2873 4398 usu
2893 4344 3715 4417 aulzeConstantinopalitanze,

2088 4431 2746 4503 moxillaipsainsignia
2767 4432 3022 4502 despotaa
3060 4438 3223 4488 vocat
3250 4434 3317 4486 τὰ
3347 4435 3405 4487 ὲκ
3434 4433 3718 4509 πορφύρας

2087 4515 2308 4592 δίχροα,
2343 4519 2610 4573 bicoloria
2637 4533 2707 4573 ex
2722 4535 2995 4589 purpura,
3028 4519 3137 4574 hoc
3178 4526 3286 4585 est,
3320 4525 3382 4576 ut
3411 4520 3506 4578 hic
3536 4521 3722 4592 loqui-

2008 4604 2054 4667 D
2086 4613 2202 4677 tur,
2237 4603 2520 4678 ὀξύλευκα,
2561 4623 2632 4661 ea:
2661 4606 2893 4662 candido
2923 4610 2972 4661 et
3002 4623 3151 4663 roseo
3180 4611 3361 4665 mista.

2156 4714 2482 4785 Ὀπτιμᾶτοι
2524 4731 2579 4785 p.
2631 4713 2720 4769 24.
2769 4714 2975 4768 Docuit
3023 4732 3129 4769 nos
3178 4716 3401 4785 pridem
3448 4717 3721 4772 eruditis-

2085 4804 2267 4860 simus
2310 4803 2595 4874 Rigaltius
2654 4802 2711 4856 in
2762 4801 3075 4871 Glossario,
3129 4807 3283 4875 quod
3331 4807 3458 4876 ipse
3504 4806 3721 4861 didice-

2086 4898 2175 4947 rat
2230 4894 2300 4948 ab
2361 4890 2697 4946 auctoribus
2750 4890 2975 4947 idoneis
3027 4892 3105 4946 ibi
3155 4893 3430 4960 laudatis,
3482 4892 3721 4966 ὀπτιμά-

2082 4999 2208 5040 τους
2257 4996 2456 5036 vocem
2504 4996 2633 5034 esse
2681 4988 3059 5049 castrensem,
3108 4987 3333 5036 certum
3377 4998 3564 5053 genus
3622 4986 3724 5037 aut

2085 5069 2348 5124 ordinem
2398 5066 2652 5123 militum
2708 5069 3059 5139 signantem.
3123 5069 3283 5124 Unde
3330 5074 3491 5125 tanto
3534 5071 3721 5140 magis

2086 5159 2508 5213 conﬁrmantur
2538 5172 2656 5225 qua:
2690 5155 2759 5210 de
2787 5154 3065 5211 vocabulo
3119 5157 3403 5228 μεσυουνία
3436 5158 3717 5228 legionem

2086 5252 2186 5302 aut
2212 5245 2507 5301 cohortem
2541 5244 2621 5298 sic
2666 5243 3024 5299 nominatam
3076 5246 3368 5300 indicante
3409 5262 3584 5316 supra
3616 5262 3720 5299 suo

2087 5336 2210 5390 loco
2241 5333 2517 5388 diximus.
2549 5333 2611 5403 (P
2644 5331 2765 5403 406)
2797 5333 3046 5387 Omnino
3070 5333 3167 5388 illo
3217 5333 3563 5404 Pacbymeris
3594 5334 3718 5388 loco

2083 5421 2384 5479 Michaelis
2418 5419 2713 5487 Palssologi
2769 5420 3039 5475 militaris
3086 5419 3281 5475 Italico
3331 5425 3535 5474 navata
3566 5419 3715 5474 bello

2084 5511 2378 5565 indicatur
2432 5527 2625 5580 opera.
2677 5508 2838 5564 Unde
2886 5509 2986 5563 illa
3034 5510 3207 5564 verba
3255 5507 3321 5561 τὰ
3376 5506 3561 5561 πολλᾶ
3601 5507 3717 5561 κατ’

2083 5594 2308 5652 Ἰταλῶν
2358 5597 2687 5671 πράττοντος
2734 5601 2802 5651 de
2846 5596 3133 5651 industria
3182 5597 3267 5651 sic
3314 5595 3482 5661 verti,
3534 5601 3598 5649 ut
3643 5597 3715 5651 de

2088 5685 2311 5742 bellicis
2341 5686 2469 5756 ejus
2498 5701 2612 5757 quo
2664 5685 2733 5739 de
2759 5684 2952 5756 agitur
2998 5683 3352 5740 facinoribus
3383 5698 3714 5740 sermonem
