4122 6272
428 398 559 453 1051

1476 407 1535 455 Ρ.
1579 405 1853 457 POSSlNl
1890 405 2501 461 OBSERVATIONUM
2540 410 2671 460 LIB.
2712 411 2756 461 l.

3649 399 3768 454 1052

428 521 522 576 hic
550 536 676 575 esse
710 520 886 576 lector
927 522 1232 594 intelligat.
1283 524 1556 586 Quaenam
1586 541 1720 581 vero
1769 530 1826 581 et
1854 543 1922 581 ex
1952 542 2065 598 quo
2095 528 2150 593 Α
2179 528 2411 584 videtur
2440 532 2737 584 Pontanus
2771 532 3076 583 assecutus
3103 524 3270 581 initio
3289 523 3377 578 sui
3400 523 3765 593 Cantacuzeni,

430 609 581 665 588
615 625 821 680 genere
872 609 1177 666 hominum
1224 612 1431 667 cohors
1490 613 1609 669 haec
1654 614 1869 684 legiove
1916 615 2068 685 opti-

430 704 649 752 metum
684 699 831 753 dicta
866 698 922 752 in
978 700 1237 756 Romano
1289 706 1427 756 tunc
1476 706 1629 758 esset
1671 704 1883 770 excitu,
1918 704 2067 756 diffl-

428 786 537 840 cile
577 788 833 842 divinatu
870 788 936 842 sit
971 788 1029 842 in
1063 790 1402 860 seriptorem
1430 792 1557 860 ejus
1592 792 1871 863 temporis
1902 807 1967 847 ea
2001 790 2070 845 de

426 891 487 928 re
535 876 787 931 silentio.
834 876 977 931 Fieri
1034 878 1220 947 potuit
1271 883 1333 931 ut
1379 879 1603 934 nobiles
1652 880 1964 935 voluntarii
1997 883 2070 932 ‘et

426 979 533 1016 suo
566 970 806 1033 sumptu
843 965 1161 1019 militantes
1194 967 1277 1020 sic
1310 968 1741 1037 appelarentur,
1774 968 1884 1038 ‘qui
1918 968 2069 1037 opti-

430 1057 651 1105 matum
685 1052 1029 1106 vocabulum
1061 1054 1231 1108 domo
1268 1055 1538 1109 afferrent
1589 1056 1869 1110 indicium
1903 1061 2065 1111 nata-

428 1140 569 1193 lium
606 1140 981 1209 patriciorum
1009 1146 1110 1196 aut
1130 1158 1342 1197 census
1374 1144 1870 1199 domestici.Forte
1893 1145 2064 1199 etiam

428 1229 525 1298 qui
552 1226 861 1281 militarem
890 1230 1287 1284 fortitudinem
1312 1232 2069 1300 experimentisillustribus

431 1317 800 1383 probassent,
849 1317 906 1369 in
970 1322 1183 1371 certam
1246 1318 1485 1373 honoris
1542 1320 1733 1390 gratia
1784 1321 2067 1391 segregati

427 1403 715 1472 legionem
767 1404 873 1457 hoc
924 1405 1384 1475 designabantur
1436 1411 1716 1475 nomine;
1779 1410 2069 1479 quomodo

430 1497 633 1546 auctor
663 1497 751 1546 est
771 1492 1219 1563 Olympiodorus
1246 1495 1303 1547 in
1326 1496 1623 1566 Excerptis
1647 1497 1944 1551 Pbotianis
1964 1499 2071 1549 τῶν

430 1576 784 1651 Ῥοδογαΐσου
835 1581 1044 1633 Γότθων
1068 1580 1195 1641 τοὺς
1245 1580 1586 1653 κεφαλώτας,
1630 1586 1821 1655 capita
1860 1586 1989 1657 ipsa
2020 1578 2072 1639 el

431 1669 951 1740 prazstantissimos
985 1686 1215 1741 quoque
1266 1671 1517 1726 Gotthici
1568 1674 1855 1727 exercitus
1901 1689 2069 1743 quem

434 1758 710 1811 ductabat
763 1758 1149 1827 Rodogaisus,
1214 1761 1526 1829 optimates
1583 1762 1702 1817 sive
1760 1762 2070 1833 optimates

2174 619 2325 674 589
2360 636 2427 673 ex
2458 620 2626 687 cujus
2654 617 2941 674 sententia
2980 617 3346 685 interpretor,
3380 618 3443 666 ut
3473 612 3601 679 dixi,
3622 629 3767 684 παρα-

2172 706 2519 777 κοιμώμενον
2572 708 2680 762 hoc
2728 706 2851 761 loco
2884 704 3135 761 cubiculi
3193 704 3540 774 praefectum,
3588 716 3766 769 nempe

2172 795 2554 866 imperatorii,
2590 796 2709 850 sive
2745 802 2807 849 ut
2848 794 3141 848 interdum
3193 790 3427 858 dicitur,
3460 787 3601 842 sacri
3630 788 3769 841 cubi-

2174 882 2309 937 culi.
2344 883 2489 950 Quia
2537 900 2667 938 vero
2700 883 2879 952 hujus
2926 887 3049 936 erat
3098 880 3354 935 ofﬁcium
3386 876 3653 931 excubare
3682 892 3765 929 no-

2173 978 2264 1025 ctu
2316 971 2653 1043 imperatori
2699 976 2801 1026 aut
2842 969 3100 1025 excubiis
3144 982 3409 1039 praeesse,
3459 962 3771 1036 παρακοιμώ-

2177 1079 2336 1129 μενος
2394 1064 2631 1115 vocatur
2677 1058 2809 1130 plus
2875 1057 3243 1128 signiﬁcante
3291 1050 3568 1109 vocabulo
3622 1067 3771 1120 quam

2175 1153 2362 1215 sonet,
2396 1148 2550 1203 haud
2584 1149 2655 1202 ad
2698 1145 3240 1217 interpretationem
3292 1142 3598 1197 suﬂecturo
3625 1154 3773 1193 excu-

2174 1238 2383 1293 bitoris
2414 1239 2672 1303 nomine,
2704 1237 2767 1307 (P
2797 1237 2919 1303 407)
2950 1235 3104 1305 quod
3150 1249 3312 1303 aeque
3342 1230 3523 1285 cuivis
3551 1228 3776 1283 cohortis

2172 1328 2413 1399 vigilum
2464 1327 2726 1397 gregario
2780 1325 3131 1380 conveniret.
3182 1320 3583 1392 Bachymeres,
3637 1317 3671 1371 l.
3715 1333 3777 1384 v1,

2175 1434 2223 1471 c.
2270 1418 2381 1471 12:
2435 1414 2521 1483 Ἐξ
2582 1414 2752 1480 αὐτῆς
2796 1411 2997 1484 πέμπει
3045 1411 3136 1464 τὸν
3182 1412 3279 1463 τοῦ
3324 1410 3582 1466 κοιτῶνος
3623 1424 3777 1473 παρα-

2173 1516 2520 1576 κοιμωμενον
2554 1504 2645 1556 τὸν
2697 1500 2977 1576 βασιλικὸν
3012 1498 3321 1555 Βασίλειον.
3364 1499 3447 1552 En
3502 1500 3563 1550 ut
3604 1493 3779 1564 singu-

2175 1594 2279 1648 lari
2304 1594 2538 1648 nomine
2563 1593 2798 1647 eil'ertur
2829 1591 2935 1645 hoc
2968 1606 3175 1644 nomen
3211 1602 3516 1659 personam
3549 1582 3780 1636 indicans

2176 1689 2573 1755 praestantem;
2601 1681 2958 1752 majorisque
2990 1678 3295 1751 dignitatis
3327 1692 3500 1746 quam
3533 1676 3779 1744 quantam

2174 1772 2365 1842 capiat
2392 1770 2742 1826 exeubitoris
2765 1768 3010 1838 simplex
3032 1766 3267 1821 mentio.
3296 1763 3538 1818 Videtur
3558 1758 3783 1815 olﬁcium

432 1845 610 1900 fuisse
658 1850 909 1900 vocatos.
962 1846 1254 1902 Habemus
1303 1848 1476 1903 etiam
1530 1866 1596 1903 ex
1636 1850 1923 1911 Mauritio,
1958 1848 1995 1904 l.
2031 1867 2147 1945 11B
2178 1858 2371 1914 simile
2402 1860 2529 1928 ejus
2586 1859 2739 1929 quod
2801 1858 2858 1911 in
2900 1855 3032 1911 aula
3088 1859 3353 1909 Romana
3414 1850 3786 1945 hodie-vocant

432 1935 692 1999 δίπαιδα,
746 1950 794 1986 c.
855 1935 910 1999 3,
963 1951 1447 2006 unumquemque
1504 1939 1856 2007 optimatum
1916 1937 2069 1990 mili-

433 2025 547 2075 tem
583 2021 1128 2091 sibiobsequentem
1173 2040 1370 2078 secum
1412 2026 1669 2095 duxisse,
1703 2026 1802 2096 qui
1829 2023 2069 2099 ἅρματος

436 2116 688 2163 armatus
718 2110 1035 2166 dicebatur.
1087 2110 1247 2172 Quod
1290 2113 1483 2184 ipsum
1539 2119 1950 2185 argumentum
1985 2118 2075 2167 est

436 2197 861 2254 excellentioris
889 2216 1066 2269 supra
1086 2200 1297 2270 vulgus
1323 2201 1572 2255 militum
1601 2202 1902 2273 dignitatis
1919 2200 2074 2253 ὀπτι-

442 2283 646 2355 μάτων,
682 2288 749 2339 ad
799 2304 969 2355 quam
1023 2289 1257 2359 respicit
1299 2306 1406 2344 vox
1442 2288 1615 2343 αὐτῶν
1659 2291 1753 2345 hic
1784 2309 1816 2345 a
1844 2291 2071 2361 Pachy-

438 2391 585 2429 mere
617 2375 828 2445 posita,
858 2376 1127 2432 indicans
1150 2378 1507 2449 superiorem
1534 2379 1775 2435 honoris
1791 2385 1847 2435 et
1871 2380 2072 2451 digna-

439 2464 616 2518 tionis
638 2466 885 2535 gradum
909 2465 967 2519 in
996 2467 1339 2536 prafectura
1362 2469 1711 2539 optimatum
1733 2486 1909 2540 supra
1928 2484 2073 2540 prae-

438 2554 724 2607 tecturam
759 2553 1120 2609 Mesothiniae
1154 2555 1351 2610 fuisse.

510 2654 704 2713 Οὐδέσι
763 2675 816 2730 ρ.
884 2660 1007 2714 222.
1069 2660 1312 2716 Videtur
1367 2662 1461 2717 hic
1535 2680 1679 2719 nove
1731 2667 2075 2735 usurpatum

438 2747 717 2817 adjective
746 2748 1087 2803 vocabulum
1132 2745 1309 2802 οὐδέσι
1363 2752 1420 2806 in
1465 2753 1581 2807 dat.
1630 2752 1837 2822 plurali
1879 2753 1950 2807 ob
1984 2751 2073 2804 οὐ·

442 2831 550 2894 δείς
599 2837 668 2890 ad
717 2836 1170 2907 significandum
1219 2838 1361 2895 viles
1409 2840 1799 2896 homunculos
1832 2842 1902 2896 de
1944 2842 2075 2894 faece

439 2923 623 2994 plebis
656 2941 720 2978 ac
773 2924 961 2981 nihili.
1014 2931 1151 2981 Nam
1202 2931 1318 2987 τοῖς
1369 2925 1546 2982 οὐδέσι
1598 2930 1792 2985 statim
1837 2928 2077 3000 opponit

444 3008 737 3085 μεγάλους,
802 3014 885 3068 sic
946 3015 1359 3088 subjungens:
1404 3015 1657 3091 μεγάλων
1718 3016 1803 3069 ἐπὶ
1861 3014 2074 3075 τούτοις

437 3097 783 3174 τεταγμένων
815 3100 877 3154 τὸ
907 3103 1192 3178 πρότερον.
1240 3111 1295 3161 L.
1330 3124 1414 3175 Ill,
1450 3124 1495 3161 c.
1534 3108 1619 3174 18,
1651 3105 1941 3178 Josephus
1974 3106 2077 3160 Ga-

2175 1958 2409 2001 maestro
2426 1946 2485 2001 di
2513 1944 2885 2012 camera,etin
2908 1942 3130 2000 Gallica
3152 1939 3401 2013 premier
3428 1936 3789 2009 gentilhomme

2178 2035 2243 2089 de
2291 2036 2345 2090 la
2394 2035 2665 2089 chambre.
2717 2034 2828 2089 Sed
2872 2037 2928 2087 et
2998 2028 3503 2104 παρακοιμώμενον
3554 2022 3790 2095 generale

2177 2124 2472 2177 interdum
2503 2123 2854 2178 vocabulum
2894 2136 3042 2189 esse,
3077 2135 3281 2174 omnes
3323 2115 3592 2171 indicans
3621 2112 3709 2183 qui
3737 2128 3792 2164 ex

2178 2212 2366 2267 ol’licio
2382 2212 2437 2265 in
2455 2210 2725 2268 cubiculo
2748 2209 3122 2281 imperatorio
3137 2206 3453 2263 stationem
3468 2201 3788 2259 ordinariam

2179 2299 2493 2365 habebant,
2545 2298 2892 2370 intelligitur
2939 2313 3006 2351 ex
3052 2296 3123 2351 iis
3173 2312 3298 2366 quaa
3362 2294 3697 2348 adnotamus
3731 2288 3789 2342 ad

2178 2405 2376 2443 vocem
2409 2384 2696 2463 σφενδόνη.

2249 2489 2721 2566 Παραπληκτίζειν
2774 2509 2831 2562 p.
2884 2492 3007 2545 372.
3070 2495 3154 2544 Ex
3211 2489 3449 2543 abunde
3521 2488 3792 2557 perspecta

2180 2584 2415 2637 notione
2472 2580 2881 2636 vocabulorum
2954 2575 3246 2651 παραπλήξ
3306 2582 3366 2631 et
3403 2572 3789 2647 παράπληκτος,

2177 2670 2343 2725 licuit
2399 2670 2795 2741 signiﬁcatum
2881 2668 3142 2723 divinare
3202 2665 3367 2719 verbi
3444 2656 3791 2737 παραπΛηκ-ιὶ·

2182 2762 2285 2825 ζειν
2315 2758 2741 2827 lexieographis
2798 2755 3137 2825 vulgaribus
3196 2753 3404 2807 indicti
3459 2757 3515 2806 et
3563 2756 3792 2804 tamena

2179 2850 2379 2900 sancto
2404 2844 2677 2915 Gregorio
2710 2844 3070 2898 Nazianzeno
3102 2839 3395 2911 usurpati,
3429 2840 3597 2909 cujus
3623 2836 3788 2891 locum

2177 2936 2432 2990 Joannes
2460 2933 2790 3000 Parastron,
2818 2932 2917 3001 qui
2940 2931 3033 2985 hic
3056 2933 3295 2989 loquens
3318 2924 3792 2990 inducitur,tacito

2178 3022 2431 3078 auctoris
2465 3021 2701 3076 nomine
2749 3021 2969 3074 recitat.
3007 3020 3254 3074 Sanctus
3306 3018 3465 3072 enim
3502 3014 3593 3069 ille
3623 3014 3794 3068 doc-tor

2179 3111 2447 3166 Oratione
2466 3112 2536 3164 de
2559 3110 2777 3180 Spiritu
2805 3114 3004 3164 sancto
3031 3117 3161 3162 ante
3195 3105 3481 3171 medium,
3516 3120 3639 3159 eum
3667 3102 3792 3155 hanc

438 3186 565 3242 lesii
614 3194 965 3245 Germanum
1018 3193 1407 3261 patriarcham
1464 3192 1765 3264 alloqueus
1806 3194 1919 3249 ait:
1969 3192 2064 3245 Καί
2099 3214 2141 3280 C
2182 3198 2583 3269 proposuisset
2622 3195 3138 3265 interrogationem
3191 3192 3447 3247 haeretici
3482 3190 3794 3245 Pneumato-

439 3295 535 3328 σου
568 3273 929 3349 ὀλιγωροῦσιν
963 3277 1037 3341 ὡς
1082 3276 1332 3350 μηδεπός.
1380 3282 1481 3337 Hic
1530 3299 1761 3353 quoque
1803 3282 2066 3353 positive,

438 3370 503 3419 ut
545 3364 625 3419 sie
657 3365 882 3436 loquar,
935 3373 1254 3439 usurpatur
1297 3368 1356 3421 τὸ
1410 3366 1598 3440 μηδείς
1633 3387 1645 3425 :
1704 3370 1911 3442 nempe
1953 3388 2069 3426 non

437 3456 737 3521 verus,sed
765 3454 1023 3509 intrusus
1055 3460 1111 3510 et
1140 3457 1547 3528 supposititius
1580 3459 1908 3529 patriarcha
1937 3459 2069 3514 Ger-

441 3559 652 3596 manus
670 3542 1006 3598 habebatur.
1043 3546 1154 3600 Hoc
1186 3546 1457 3616 exprimit
1480 3552 1675 3603 noster
1696 3548 1863 3604 verbo
1886 3549 2072 3603 nullus

446 3626 659 3701 μηδείς.

516 3714 725 3776 Παπίας
775 3735 829 3789 ρ.
881 3720 1003 3773 350.
1063 3725 1135 3775 De
1188 3737 1401 3793 magno
1446 3723 1616 3794 papia
1665 3725 1747 3779 sic
1793 3725 2073 3786 Codinus,

444 3823 492 3860 c.
528 3806 582 3871 5,
623 3823 679 3859 n.
731 3807 799 3860 34
834 3823 846 3861 :
897 3807 958 3862 Ὀ
992 3806 1159 3881 μέγας
1205 3808 1447 3871 παππίας
1487 3812 1593 3883 (sic
1642 3813 1795 3867 enim
1848 3814 2073 3881 scribit,

444 3913 573 3952 cum
606 3896 813 3952 Noster
841 3918 880 3950 π
911 3898 1158 3971 simplex
1191 3902 1385 3974 ponat)
1419 3902 1531 3975 εἶχε
1574 3903 1667 3973 μὶν
1715 3899 1881 3955 πάλαι
1937 3902 2077 3971 ὑπη-

447 3984 624 4059 ρεσίαν
671 3984 1091 4061 ἀνεπίγνωστον,
1123 3992 1212 4042 νῦν
1264 3986 1320 4043 δὲ
1368 3986 1645 4062 οὐδεμίαν’
1676 3994 1899 4061 Magnus
1932 4010 2077 4064 pap-

444 4077 567 4146 pias
598 4075 791 4131 habuit
812 4077 945 4131 olim
966 4081 1333 4134 ministerium
1363 4080 1875 4149 incognitum,nunc
1898 4087 2081 4138 autem

446 4164 687 4218 nullum.
721 4166 939 4220 Tamen
976 4167 1267 4223 Pontanus
1303 4173 1496 4222 noster
1527 4172 1595 4225 ad
1617 4173 2077 4226 Cantacuzenuin

452 4252 618 4305 docet
649 4268 715 4307 ex
744 4253 965 4308 Zonara
989 4270 1263 4325 magnum
1290 4256 1562 4326 pappiam
1596 4256 1811 4312 dictum
1839 4260 2083 4329 judicern

448 4340 616 4395 illum
651 4358 938 4397 summum
976 4345 1041 4397 ad
1068 4360 1239 4414 quem
1274 4345 1828 4402 commentarienses
1862 4349 1930 4401 de
1956 4364 2081 4417 per-

451 4428 610 4483 sonis
643 4445 875 4485 reorum
907 4435 963 4485 et
996 4447 1258 4497 numero,
1310 4434 1378 4488 de
1410 4433 1689 4503 qualitate
1739 4434 2080 4491 delictorum

452 4517 523 4571 de
555 4517 881 4573 clausorum
911 4519 1216 4575 ordinibus
1248 4522 1456 4577 referre
1479 4523 1783 4578 debebant.

525 4624 1025 4697 Παρακοιμώμενος
1078 4644 1132 4697 p.
1179 4628 1303 4682 206.
1366 4628 1462 4684 "Ov
1515 4630 2015 4702 παρακοιμώμσνος
2052 4630 2079 4683 ὁ

450 4714 662 4784 κρατῶν
714 4710 849 4785 εἶχε,
900 4719 954 4768 et
984 4715 1156 4784 paulo
1187 4721 1319 4786 post
1367 4718 1456 4769 καί
1507 4718 1597 4770 τὸν
1654 4720 2083 4794 παρακοιμώμι-

451 4819 540 4853 νον
572 4800 885 4873 Μακρηνόν.
951 4808 1205 4874 Apparet
1250 4822 1317 4859 ex
1347 4806 1439 4860 his
1462 4807 1634 4862 ofﬁcii
1694 4810 1867 4865 auliei
1898 4810 1954 4864 id
1987 4828 2082 4867 vo-

451 4887 725 4942 cabulum
773 4906 933 4958 esse;
995 4893 1148 4947 unde
1186 4899 1242 4948 et
1287 4910 1416 4948 mox
1447 4912 1511 4949 eo
1552 4897 1676 4951 sine
1711 4900 1943 4969 proprio
1975 4918 2081 4955 no-

449 4974 605 5029 mine
663 4974 750 5030 vir
787 4976 941 5032 idem
992 4978 1350 5050 designatur,
1386 4981 1525 5037 dum
1558 4985 1792 5039 additur
1819 4988 1880 5052 ἧν
1917 4983 1962 5038 δ’
1993 4987 2084 5040 εὐ-

449 5056 688 5132 δοκιμῶν
726 5063 752 5115 ὁ
804 5063 1318 5138 παράκοιμώμενος.
1372 5071 1507 5124 Erat
1566 5088 1771 5142 nempe
1848 5074 1960 5142 hic,
2020 5081 2083 5130 ut

449 5149 710 5220 loquitur
757 5153 1033 5221 Codinus,
1096 5156 1588 5212 cubiculariorum
1639 5164 1694 5212 et
1728 5161 2081 5231 epheborum

454 5239 821 5308 imperatoris
878 5246 1051 5314 caput
1084 5260 1094 5272 ‘
1155 5246 1208 5294 '0
1274 5243 1762 5317 παρακοιμώμενος
1818 5253 1913 5301 τοῦ
1964 5271 2085 5304 κοι-

453 5330 623 5387 τῶνος
674 5326 970 5402 εὑρίσκεται
1013 5330 1222 5407 κεφαλὴ
1276 5336 1382 5384 τῶν
1429 5332 1479 5385 έν
1533 5337 1611 5401 τῷ
1639 5339 1859 5391 κοιτῶτι
1889 5338 2083 5395 παιδο-

455 5412 675 5469 πούλων
735 5415 823 5469 καὶ
852 5421 957 5471 τῶν
1008 5416 1401 5491 κοιτωναρίων.
1446 5422 1767 5487 Quodcirca
1813 5431 2083 5500 equidem

454 5506 788 5576 praefectum
818 5507 1078 5561 nubiouli
1109 5509 1300 5563 Latice
1332 5508 1469 5577 dixi,
1497 5508 1630 5565 licet
1651 5512 1905 5574 viderem
1933 5520 2085 5577 Wol-

454 5592 597 5648 ﬁum
620 5594 678 5648 in
700 5596 981 5665 excerptis
999 5600 1261 5667 Gregoraa
1304 5598 1636 5668 subjunetis
1658 5605 2084 5666 cubicularium

455 5681 843 5750 interpretari.
873 5683 983 5738 Sed
1014 5701 1205 5739 veram
1230 5688 1354 5757 ejus
1383 5686 1542 5743 vocis
1574 5690 1866 5751 notionem
1897 5699 2087 5770 magis

2183 3286 2397 3349 machi,
2430 3283 2521 3344 Τίς
2574 3283 2662 3335 οὖν
2696 3285 2730 3350 ἡ
2782 3281 3133 3355 ἐκπύρευσις;
3178 3297 3302 3351 qua?
3331 3281 3517 3351 igitur
3562 3282 3632 3333 est
3681 3290 3789 3346 pro-

2176 3374 2383 3430 cessio?
2441 3372 2798 3443 respondet:
2877 3370 3010 3426 Εἰπὲ
3066 3368 3127 3423 σὺ
3193 3369 3290 3435 τήν
3352 3365 3659 3441 ἀγεννησίαν
3708 3364 3787 3414 τοῦ

2178 3461 2405 3534 Ηατρὸς,
2454 3459 2605 3532 κάγὼ
2661 3459 2757 3526 τὴν
2809 3459 3050 3531 γέννησιν
3096 3461 3192 3511 τοῦ
3248 3456 3377 3509 Υἱοῦ
3426 3451 3784 3533 φυσιολογήσω

2177 3551 2267 3605 καὶ
2297 3550 2394 3615 τὴν
2430 3547 2741 3620 ἐκπόρευσιν
2767 3552 2861 3601 τοῦ
2910 3545 3238 3618 Πνεύματος.
3294 3547 3544 3601 Edissere
3573 3554 3628 3598 tu
3666 3539 3786 3594 mihi

2181 3638 2718 3707 ingenerabilitatem
2764 3637 2968 3705 Patris,
3003 3645 3051 3691 et
3094 3652 3188 3706 ego
3244 3634 3654 3703 generationem
3681 3627 3795 3683 Filii

2182 3729 2457 3783 enarrabo
2479 3734 2527 3781 et
2555 3728 2945 3797 processionem
2976 3725 3235 3793 Spiritus.
3268 3728 3418 3777 Tum
3455 3722 3680 3778 subdit:
3705 3713 3792 3770 Καὶ

2184 3813 2707 3890 παραπληκνίσομεν
2782 3810 2946 3889 ἄμφω
3011 3812 3085 3874 εἷς
3133 3815 3265 3867 Θεοῦ
3320 3819 3595 3881 μυστήρια
3646 3824 3797 3876 παρα-

2184 3904 2495 3964 κόπτοντες.
2539 3907 2600 3959 Et
2632 3906 2968 3959 insaniemus
3012 3904 3167 3957 ambo
3200 3904 3258 3955 in
3304 3902 3401 3956 Dei
3432 3899 3683 3972 mysteria
3708 3897 3795 3949 im-

2184 3997 2463 4049 mittentes
2489 3994 2686 4047 oculos.
2723 3993 2809 4047 Ita
2844 3992 3119 4047 scribitur
3164 3991 3256 4044 hic
3290 3989 3456 4044 locus
3488 3990 3543 4043 in
3574 3985 3797 4043 editione

2189 4099 2345 4138 mere
2401 4087 2595 4137 Graeca
2640 4080 2959 4137 Basileensi
3012 4079 3149 4133 anni
3206 4078 3361 4146 1550,
3417 4096 3470 4148 p.
3509 4076 3631 4139 221,
3677 4089 3722 4125 ν.
3753 4070 3797 4131 4.

2186 4170 2357 4240 longe
2419 4169 2625 4223 melius
2675 4185 2849 4239 quam
2897 4168 2953 4222 in
3029 4166 3311 4221 Parisensi
3381 4161 3796 4224 Graeco-Latina,

2190 4260 2289 4314 ubi
2335 4255 2872 4331 παραπληκτήσομεν
2928 4256 3143 4327 legitur
3191 4255 3361 4326 quasi
3420 4271 3489 4309 ex
3534 4246 3800 4323 παραπλη-

2189 4347 2349 4413 κτέω,
2384 4347 2535 4418 quod
2573 4352 2792 4401 rectum
2825 4363 2939 4401 non
2973 4350 3079 4400 est.

2261 4451 2561 4525 Παροχεύς,
2611 4470 2667 4524 p.
2717 4453 2837 4507 155.
2894 4450 2994 4504 Τὸν
3045 4449 3227 4521 μέντοι
3285 4470 3347 4522 γε
3409 4447 3660 4522 πρύτανιν
3692 4439 3799 4495 τού-

2188 4560 2295 4594 των
2327 4541 2415 4593 καὶ
2446 4540 2692 4613 παροχέα
2723 4540 2797 4601 ὡς
2856 4537 3072 4593 δυνατὸν
3130 4536 3482 4611 ἐμεγάλυνεν.
3532 4540 3615 4592 Ita
3653 4530 3795 4587 codd.

2190 4633 2231 4685 B
2261 4635 2314 4685 et
2364 4632 2421 4683 A.
2470 4630 2812 4684 Vaticamus
2860 4646 2961 4700 pro
2995 4629 3085 4683 his
3136 4627 3309 4683 habet
3329 4625 3419 4680 καὶ
3450 4626 3539 4679 τὸν
3571 4636 3797 4697 γραμμα-

2188 4718 2520 4789 τοκομιστήν
2582 4715 2887 4791 έγεγάλυνε.
2944 4722 3334 4788 Praeterquam
3412 4731 3571 4771 error
3618 4714 3698 4767 est
3749 4706 3795 4758 in

2192 4808 2480 4878 scriptura
2513 4806 2540 4858 0
2592 4806 2816 4862 intruso
2855 4808 2913 4861 in
2964 4808 3148 4862 locum
3181 4825 3210 4857 τ
3239 4805 3296 4858 in
3334 4821 3475 4859 voce
3498 4813 3797 4877 γραμματο-

2189 4896 2478 4967 κομιστήν,
2528 4895 2699 4949 etiam
2758 4896 3006 4963 videtur,
3057 4901 3121 4949 ut
3180 4910 3294 4947 non
3351 4909 3482 4947 raro
3532 4889 3669 4945 solet
3716 4881 3795 4937 hic

2192 4984 2570 5057 interpolator
2603 4984 2800 5056 potius
2849 5001 3024 5057 quam
3080 4984 3399 5054 descriptor
3429 4973 3793 5050 Pachymeris,

2193 5075 2461 5130 aberasse
2493 5091 2524 5128 a
2555 5078 2746 5129 mente
2777 5074 3032 5131 auctoris
3067 5089 3079 5128 :
3113 5071 3365 5143 quicum
3399 5069 3539 5125 dicit
3566 5062 3791 5136 πρύτανιν

2189 5161 2394 5216 τούτων
2454 5160 2543 5215 καὶ
2603 5162 2849 5235 παροχέα
2929 5157 3354 5234 μεγαλυνθῆναι,
3427 5162 3705 5213 auctorem
3748 5150 3795 5201 εἰ

2193 5251 2555 5323 praebitorem
2589 5252 2796 5306 horum
2850 5250 3285 5323 magniﬁcatum
3319 5248 3499 5302 fuisse
3542 5244 3610 5298 ab
3636 5241 3795 5307 impe-

2194 5346 2404 5407 ratore,
2436 5358 2547 5395 non
2581 5340 2702 5396 vult
2734 5341 3277 5412 signiﬁcareipsum
3302 5335 3535 5410 praemio
3565 5328 3796 5387 θίΐθῡίεεθ

2192 5427 2548 5496 tabellarios,
2607 5430 2705 5499 qui
2759 5411 2953 5484 laetum
3015 5426 3287 5483 nuntium
3363 5421 3668 5479 attulerant
3716 5411 3792 5482 (de

2193 5517 2457 5573 mercede
2512 5516 2728 5589 quippe
2786 5517 2914 5573 istis
2960 5514 3280 5573 liberaliter
3338 5508 3618 5583 persoluta
3653 5502 3793 5589 dixe-

2192 5610 2283 5661 rat
2346 5585 2579 5662 autem:
2620 5585 2733 5660 *Καὶ
2801 5601 3086 5660 ἀντεδίδου
3161 5601 3254 5677 μὶν
3321 5602 3427 5654 τῶν
3504 5594 3669 5669 λόγων
3732 5585 3791 5639 τὰ

2200 5691 2411 5766 μείζω),
2445 5693 2545 5749 sed
2592 5693 2680 5749 vel
2727 5694 2849 5767 agit
2878 5696 2951 5750 de
2998 5694 3238 5760 Caasare,
3291 5687 3389 5762 qui
3440 5700 3557 5741 rem
3587 5681 3786 5737 tantam
