4122 6272
286 399 425 453 1053

1755 406 2235 463 GLOSSARIUM.

3550 401 3686 459 1054

278 524 522 581 feliciter
554 526 896 599 fortiterque
919 534 1241 601 peregerat,
1272 531 1361 585 cui
1398 536 1704 603 propterea
1729 548 1791 587 se
1832 533 1934 587 de-
1963 532 2019 598 Α
2049 528 2450 583 sanctimonia
2482 528 2802 598 hominem,
2834 529 3273 601 suspicionibus
3304 529 3686 601 impudicitiae

280 614 415 669 bere
447 606 1160 688 proﬁteretursimperator
1190 635 1528 675 successum
1553 621 1707 677 500
1729 619 1932 687 istum,

280 706 334 755 et
366 703 495 772 ejus
523 703 806 757 virtutum
841 721 907 759 ac
932 706 1227 761 meritum‘
1265 724 1328 762 eo
1387 709 1621 764 nomine
1681 709 1933 765 celebra-

282 795 400 845 ret:
449 790 535 844 vel
598 807 697 862 per
757 809 923 848 voces
982 792 1241 865 πρύτανιν
1301 795 1385 848 καὶ
1446 795 1697 871 παροχέα
1749 806 1931 853 Deum

282 878 559 933 indicavit
593 881 875 935 bonorum
909 884 1171 938 omnium
1225 885 1467 954 fontem,
1527 888 1619 941 cui
1679 888 1932 957 peculia-

283 967 424 1021 riter
454 973 752 1039 acceptam
792 971 1050 1026 referens
1080 976 1196 1027 tam
1250 974 1538 1045 insignem
1596 975 1930 1031 felicitatem

283 1070 416 1110 eum
452 1057 926 1127 magnificaverit.
965 1061 1076 1114 [loc
1109 1062 1441 1117 confirmari
1500 1068 1692 1134 potest
1746 1082 1814 1119 ex
1858 1066 1930 1121 iis

282 1159 407 1214 quae
440 1161 573 1199 mox
601 1145 802 1200 subdit
835 1162 849 1202 :
884 1146 1179 1201 Συνεκάλεέ
1207 1149 1410 1211 πάντας
1452 1149 1527 1211 εἷς
1586 1150 1926 1225 εὐχαριστίαν

283 1232 380 1284 τοῦ
425 1229 758 1305 Κρείττονος.
802 1236 1133 1291 Provorabat
1182 1243 1405 1294 cunctos
1451 1240 1524 1294 ad
1553 1243 1766 1309 gratias
1813 1244 1926 1296 Nu-

285 1321 431 1374 mini
484 1322 739 1389 agendas.
790 1324 859 1377 Et
915 1324 1096 1394 hujus
1155 1326 1564 1397 gratulationis
1625 1330 1930 1384 occasione

294 1406 495 1461 habita
525 1409 747 1475 concio,
782 1426 907 1480 quae
940 1412 1126 1481 capite
1149 1414 1414 1484 sequenti
1436 1415 1727 1482 recitatur,
1750 1417 1931 1471 multa

290 1493 467 1549 habet
497 1494 556 1549 in
580 1495 726 1549 hanc
769 1500 1139 1553 sententiam.
1200 1501 1357 1564 Quod
1414 1502 1506 1557 hic
1565 1504 1931 1575 peculiariter

290 1583 612 1636 notandum
647 1584 822 1648 venit,
859 1588 947 1639 est
977 1603 1081 1640 vox
1112 1587 1387 1660 παροχεῦς
1414 1590 1621 1660 posita,
1664 1596 1727 1645 ut
1769 1593 1926 1646 vide-

285 1671 404 1734 tur,
438 1685 539 1740 pro
580 1669 829 1743 πάροχος
867 1674 1146 1742 presbiter,
1193 1677 1448 1746 largitor.
1498 1678 1679 1749 Cujus
1732 1681 1927 1735 formae

288 1758 621 1828 exemplum
654 1760 807 1815 haud
848 1764 1065 1831 passim
1100 1767 1373 1835 reperias.
1408 1768 1642 1838 Legitur
1662 1773 1854 1825 tamen
1875 1776 1932 1824 et

290 1846 535 1902 inferius
566 1847 604 1902 1.
636 1864 694 1904 γι
726 1866 774 1903 c.
805 1850 895 1916 23,
926 1852 1023 1905 ubi
1058 1853 1291 1909 recitato
1325 1855 1389 1910 D.
1424 1856 1761 1913 Damasceni
1802 1858 1927 1913 loco

292 1933 513 1989 Patrem
575 1941 852 1992 internum
909 1933 1190 2012 προϐολὲα
1249 1940 1342 1995 τοὺ
1394 1941 1706 2018 ἐαντορικοῦ
1764 1945 1932 1998 [Iasii-

291 2041 459 2092 ματος
475 2024 814 2093 prolalorem
843 2026 961 2082 sive
990 2031 1306 2085 emissorem
1346 2036 1704 2090 enuntiatorii
1750 2036 1927 2106 Spiri-

290 2116 376 2166 tus
409 2112 669 2168 vocantis
699 2114 781 2169 ait
804 2117 1082 2187 quosdam
1110 2123 1174 2173 ut
1207 2120 1350 2175 falso
1393 2122 1654 2178 afﬁctum
1720 2126 1927 2179 Dama-

286 2216 459 2255 sceno
519 2201 625 2256 hoc
679 2203 902 2259 dictum
960 2205 1240 2276 rejicisse,
1288 2211 1573 2280 quosdam
1635 2217 1818 2267 autem
1872 2213 1925 2267 id

286 2288 612 2359 legitimum
637 2292 765 2361 ejus
798 2294 983 2348 sancti
1007 2295 1261 2351 doctoris
1292 2297 1697 2355 testimonium
1750 2317 1928 2369 agno-

285 2381 512 2432 scentes
568 2377 629 2433 in
679 2395 743 2434 eo
812 2381 1159 2438 vocabulum
1230 2378 1537 2458 προϐολεύς
1615 2387 1673 2441 in
1758 2405 1926 2460 παρο“

285 2463 417 2540 χεύς
446 2471 724 2523 mutasse.

358 2553 448 2627 (P
478 2556 603 2626 408)
632 2552 847 2623 Πηλεύς
878 2558 948 2630 (1)
974 2576 1027 2630 ρ.
1090 2560 1212 2615 450.
1268 2561 1493 2618 Peleum
1556 2562 1649 2618 hic
1712 2579 1927 2619 memo-

289 2642 404 2696 rari
439 2646 659 2712 patrem
683 2645 902 2700 Achilis
954 2651 1010 2701 et
1066 2649 1124 2702 in
1182 2650 1514 2721 exemplum
1572 2652 1928 2707 castimonia

289 2731 535 2801 proponi
558 2736 815 2803 apparet,
851 2738 913 2788 ut
944 2736 1145 2791 statim
1174 2743 1303 2807 post
1343 2739 1651 2795 Aristidem
1688 2739 1743 2793 in
1793 2757 1930 2810 spe-

300 2818 490 2872 cimen
521 2820 882 2876 abstinentiae
908 2840 939 2878 a
974 2824 1128 2880 furto
1161 2826 1552 2882 alienissima.
1581 2828 1704 2883 Non
1734 2833 1928 2883 tamen

302 2906 557 2960 occurrit
574 2908 759 2963 adhuc
781 2910 923 2963 mihi
946 2912 1349 2969 testimonium
1374 2915 1602 2985 antiqui
1627 2916 1931 2987 scriptoris

304 2992 479 3047 istam
513 2995 778 3052 eximiam
810 2999 1104 3068 pudicitiae
1134 3000 1369 3057 laudem
1394 3003 1559 3059 Peleo
1590 3004 1927 3071 asserentis,

296 3084 627 3151 cujusmodi
660 3086 973 3157 quodpiam
1003 3090 1372 3145 obversatum
1399 3092 1595 3147 animo
1625 3092 1931 3147 scribentis

292 3170 421 3224 haec
453 3171 821 3244 Pachymeris
856 3176 1140 3247 suspicor.
1195 3179 1393 3249 Neque
1449 3181 1604 3236 enim
1663 3180 1933 3236 videlicet

2048 631 2222 686 quam
2256 615 2305 670 si
2335 616 2531 670 ﬁctum
2563 632 2629 671 ex
2663 618 2807 673 59]
2849 621 3001 671 creta
3033 620 3089 671 et
3118 616 3239 671 luto
3281 633 3512 688 corpus,
3564 634 3679 671 non

2045 704 2237 754 autem
2268 717 2333 755 ex
2358 718 2549 757 carme
2573 709 2905 758 concretum
2930 704 3250 758 habuisset.
3278 704 3511 759 Invenio
3535 703 3681 757 allu-

2044 788 2226 843 sionis
2259 806 2371 843 non
2407 807 2828 862 usquequaque
2850 791 3139 846 absimilis
3161 791 3491 861 exemplum
3526 791 3679 862 apud

2041 878 2416 932 Eustathium
2447 880 2535 947 (ad
2569 879 2734 936 Iliad.
2772 900 2785 932 t
2813 899 2867 952 p.
2898 881 3003 934 772
3035 882 3125 935 ed.
3160 880 3351 951 Rom.)
3389 878 3681 952 explican-

2041 967 2159 1018 tem
2212 966 2429 1019 dictum
2488 968 2738 1022 facetum
2800 967 2856 1021 in
2926 985 3246 1039 cauponem
3309 968 3409 1038 qui
3484 968 3683 1021 venale

2039 1052 2236 1108 vinum
2267 1055 2502 1109 turbare
2526 1055 2751 1110 fascium
2801 1056 3154 1111 admistione
3205 1055 3415 1111 solitus
3461 1056 3681 1110 audivit

2041 1157 2073 1194 a
2101 1143 2348 1211 quodam
2383 1159 2396 1197 :
2434 1143 2523 1210 Μὴ
2575 1141 2716 1197 ποίει
2756 1143 2845 1197 τὸν
2888 1142 3050 1199 Οἰνέα
3098 1140 3305 1212 Πηλέα,
3365 1144 3439 1198 Ne
3491 1142 3679 1213 facias

2038 1229 2273 1284 ()Eneum
2306 1232 2545 1287 Peleum.
2583 1232 2743 1294 Quod
2777 1238 2840 1287 ut
2870 1230 3216 1304 εὖτραπὲλως
3272 1234 3412 1287 salse
3457 1232 3675 1285 dictum

2038 1318 2092 1371 bi
2120 1325 2322 1374 auctor
2351 1321 2569 1389 laudat,
2604 1323 2687 1376 sic
2719 1338 3001 1376 enarrans
3036 1340 3047 1375 :
3079 1320 3171 1386 Μὴ
3228 1319 3446 1393 τρυγίαν
3499 1323 3677 1372 κυκῶν

2034 1406 2119 1458 καὶ
2173 1416 2217 1483 ᾧ
2274 1411 2556 1485 τεῖρητῆρι
2615 1410 2975 1482 παραμιγνὺς,
3022 1402 3330 1480 μετάϐαλλε
3386 1408 3473 1461 τὸν
3537 1408 3677 1460 οἶνον

2037 1501 2110 1561 ὡς
2169 1521 2244 1561 εις
2300 1497 2504 1568 πηλὸν,
2550 1496 2594 1569 ᾧ
2628 1494 2775 1551 δοκεῖ
2806 1494 3235 1571 παρωνομάσθαι
3283 1494 3675 1568 παιγνημόνως

2037 1591 2063 1643 ὁ
2095 1587 2330 1659 Πηλεύς.
2363 1590 2437 1643 Ne
2456 1591 2615 1658 faces
2645 1588 2860 1642 diluens
2882 1592 2933 1643 et
2955 1586 3161 1642 oratori
3189 1586 3497 1641 admiscens
3530 1595 3679 1640 muta

2037 1680 2224 1733 vinum
2248 1676 2405 1732 velut
2440 1676 2502 1730 in
2553 1676 2725 1730 lutum
2760 1694 2777 1728 :
2828 1676 3039 1729 ludicra
3088 1676 3232 1729 enim
3293 1674 3682 1745 paronomasia

2033 1767 2248 1822 videtur
2267 1766 2426 1821 verbo
2458 1766 2654 1820 Peleus
2686 1766 2864 1818 lulum
2911 1763 3199 1817 indicasse.
3236 1764 3359 1817 Πεθο
3408 1763 3504 1834 qui
3562 1779 3676 1816 non

2037 1855 2315 1927 probarit,
2350 1853 2652 1908 condoleat
2684 1851 2994 1906 infeliciter
3024 1852 3393 1918 conantibus,
3452 1855 3507 1905 et
3559 1867 3675 1905 me-

2042 1945 2206 2008 liora,
2237 1942 2285 1998 si
2316 1942 2512 2005 habet,
2547 1944 2821 2011 suggerat
2853 1944 3009 2008 grate
3041 1940 3390 2009 accepturis.

2109 2028 2366 2085 Ιῐλατεῖαι
2442 2027 2769 2082 ἐκπωλάτων
2831 2047 2887 2100 p.
2970 2028 3090 2081 453.
3174 2028 3508 2092 Quaerebam
3580 2026 3675 2080 hic

2038 2119 2175 2189 quid
2236 2122 2432 2173 essent
2488 2114 2825 2188 ἐκπωμάτων
2882 2113 3157 2182 πλατεῖαι,
3217 2131 3364 2185 quas
3423 2129 3491 2168 ex
3566 2131 3675 2168 iero

2036 2207 2216 2262 fuisse
2244 2224 2376 2261 mox
2405 2206 2628 2260 indicat
2649 2210 2846 2260 noster
2877 2205 2947 2259 de
2978 2204 3187 2258 iisdem
3222 2203 3433 2257 iterum
3492 2218 3671 2273 agens

2035 2295 2126 2350 his
2174 2295 2409 2350 verbis:
2469 2290 2693 2353 Χαλκᾶς
2765 2291 2969 2352 ὲκείνας
3021 2288 3280 2351 πλατείας
3367 2286 3668 2363 ὑποδοχάς.

2042 2384 2214 2439 Solus
2245 2382 2564 2438 Vaticanus
2596 2379 2809 2455 χαλκᾶς
2839 2378 3065 2440 πίνακας
3088 2378 3365 2451 appellat,
3406 2379 3506 2433 sed
3534 2378 3669 2433 huic

2034 2472 2178 2527 ﬁdes
2213 2473 2365 2543 apud
2394 2488 2486 2526 me
2518 2473 2756 2542 quidem
2784 2472 3005 2525 dudum
3039 2474 3126 2524 est
3155 2485 3224 2523 ex
3261 2485 3374 2540 quo
3426 2467 3675 2531 decoxit,

2034 2561 2198 2616 Certe
2227 2559 2380 2631 πίναξ
2405 2561 2580 2617 nimis
2610 2559 2875 2632 generale
2900 2557 3245 2614 vocabulum
3309 2562 3434 2613 est:
3488 2573 3676 2627 neque

2036 2649 2093 2704 in
2127 2649 2342 2704 tabulis
2375 2655 2475 2704 aut
2504 2648 2743 2704 laminis
2771 2648 2934 2703 aereis
2964 2646 3263 2702 commode
3302 2646 3361 2701 id
3418 2647 3676 2715 frumen-

2035 2747 2152 2793 tum
2204 2741 2432 2803 coctum,
2501 2739 2619 2793 sive
2680 2739 2797 2807 jam
2850 2736 3142 2799 molitum,
3205 2734 3359 2789 mola
3413 2734 3681 2788 videlicet

2038 2825 2208 2880 farris
2239 2827 2398 2889 tosti,
2432 2830 2495 2878 ut
2545 2825 2770 2896 antiqui
2830 2824 3239 2893 loquebantur,
3302 2823 3421 2876 sive
3481 2821 3685 2891 granis

2037 2912 2281 2983 integris
2315 2912 2563 2967 naturali
2592 2915 2797 2977 forma,
2831 2911 3138 2966 commode
3195 2911 3406 2981 gestari
3463 2910 3677 2981 potuit,

2036 3001 2119 3057 Ne
2149 3000 2352 3055 multis
2389 3018 2402 3055 :
2438 3000 2580 3055 mihi
2614 3004 2834 3055 attente
2860 2998 3255 3053 consideranti
3300 2999 3450 3052 hunc
3485 2997 3679 3052 locum

2034 3091 2303 3144 veniebat
2349 3090 2408 3144 in
2468 3094 2723 3144 mentem
2797 3085 3135 3157 ἐκπωμάτων
3207 3085 3465 3147 πλατείας
3541 3107 3680 3160 πγα-

2032 3177 2178 3238 τείας
2213 3174 2492 3251 ὑποδοχάς
2530 3178 2645 3234 dici
2694 3177 2787 3232 hic
2816 3194 2847 3231 a
2878 3175 3233 3247 Padhymere
3261 3192 3399 3230 vasa
3447 3193 3682 3231 mensa-

285 3260 485 3314 omnia
515 3278 644 3333 qua;
673 3263 768 3318 ille
800 3264 941 3334 legit
962 3267 1020 3320 in
1055 3272 1287 3324 nostras
1313 3285 1522 3325 venere
1557 3286 1769 3324 manus
1804 3287 1817 3337 ;
1862 3287 1927 3324 ac
1958 3269 2000 3335 C
2042 3266 2125 3322 ria
2153 3284 2278 3337 quae
2310 3271 2617 3337 sottocoppe
2660 3265 2821 3321 Italis
2847 3264 3018 3319 hodie
3049 3264 3328 3319 dicuntur
3355 3280 3369 3330 ;
3428 3281 3683 3336 quorum

282 3350 535 3405 fortasse
561 3367 633 3405 ne
663 3368 816 3407 nunc
847 3354 1083 3424 quidem
1115 3362 1449 3426 supersunt.
1498 3361 1682 3424 Quam
1737 3359 1922 3415 multa

284 3439 441 3493 enim
475 3442 784 3497 vetustatis
815 3443 1019 3498 Graecae
1050 3453 1432 3503 monumenta
1463 3448 1797 3520 quingentis
1840 3449 1930 3503 his

288 3526 407 3580 fere
422 3528 613 3594 annis,
629 3534 773 3599 quot
798 3548 831 3585 a
853 3532 1221 3602 Pachymeris
1242 3540 1405 3590 aetate
1419 3538 1488 3591 ad
1505 3537 1654 3593 hanc
1668 3544 1927 3594 nostram

286 3614 676 3684 intercedunt,
712 3620 897 3691 perire
921 3622 1178 3679 funditus
1200 3626 1462 3698 contigit.
1489 3631 1590 3681 aut
1618 3633 1768 3683 certe
1790 3628 1931 3683 hac-

284 3707 461 3761 tenus
491 3703 749 3760 ἀνὲκδοτα
778 3710 1015 3765 servari.
1063 3713 1172 3767 Sed
1228 3730 1331 3768 nec
1388 3720 1597 3771 cuncta
1643 3716 1799 3771 edita
1846 3716 1930 3770 vi-

286 3792 505 3849 dimus.
522 3795 1179 3855 Adnimadvertotamen
1202 3803 1510 3857 Homerum
1535 3804 1737 3859 crebra
1756 3821 1929 3875 quam

285 3880 464 3936 infert
504 3884 798 3940 mentione
832 3885 980 3942 Pelei
1040 3888 1388 3957 frugalitatis
1446 3891 1495 3945 ei
1582 3892 1929 3963 virtutisque

284 3967 516 4025 laudem
551 3972 666 4026 fere
697 3973 952 4029 tribuere
984 3975 1163 4030 videri
1197 3996 1210 4043 ;
1237 3993 1487 4047 quarum
1518 3978 1781 4034 videlicet
1806 3997 1928 4035 me-

284 4058 399 4113 rito
431 4059 503 4113 ab
528 4065 729 4116 Actore
761 4062 980 4117 Phthias
1013 4069 1307 4132 regnante,
1343 4067 1413 4121 ad
1446 4083 1616 4138 quem
1640 4084 1707 4122 ex
1731 4069 1930 4139 Egina

284 4146 646 4218 confugerat,
698 4152 950 4222 prepriis
1008 4152 1145 4208 ﬁliis
1198 4154 1469 4223 praelatus
1528 4171 1814 4227 generque
1862 4174 1928 4213 ac

284 4236 448 4306 regni
480 4253 783 4293 successor
808 4240 1027 4296 electus
1059 4242 1252 4308 fuerit,
1294 4248 1358 4298 ut
1389 4243 1727 4299 Eustathius
1756 4246 1931 4300 refert

287 4325 359 4379 ad
385 4324 549 4379 Iliad.
577 4325 608 4396 β
631 4343 686 4397 p.
717 4328 817 4381 321
839 4330 907 4383 ed
934 4329 1120 4395 Rom.,
1140 4332 1211 4385 ad
1236 4348 1411 4401 quam
1447 4333 1591 4388 forte
1622 4332 1926 4389 historiam

285 4412 597 4468 alluserint
627 4416 833 4470 fabulas
866 4433 995 4487 quae
1028 4418 1332 4489 praalatum
1367 4420 1480 4476 diis
1510 4421 1655 4492 ipsis
1706 4422 1927 4491 judicio

287 4501 571 4572 principis
592 4504 836 4559 deorum
868 4505 925 4558 in
959 4502 1231 4562 felicitate
1260 4510 1621 4577 nuptiarum,
1653 4526 1929 4565 concessa

2036 3359 2125 3410 est
2146 3372 2289 3410 usus
2316 3355 2374 3409 in
2398 3355 2633 3427 scyphis
2664 3353 3047 3425 porrigendis.
3070 3354 3298 3408 Habent
3319 3369 3385 3408 ea
3429 3370 3678 3424 superne

2036 3442 2405 3497 latitudinem
2435 3459 2704 3514 capacem
2738 3441 3088 3515 scyphorum
3124 3441 3301 3496 simul
3351 3440 3677 3496 multorum

2038 3531 2215 3602 (unde
2244 3534 2496 3583 πλατεῖαι
2542 3529 2879 3602 ἐκπωμάτων
2942 3534 3093 3585 recte
3137 3532 3458 3601 vocentur),
3517 3529 3681 3585 labro

2035 3636 2139 3690 per
2168 3618 2479 3674 circuitum
2511 3620 2582 3673 ad
2646 3620 2900 3690 aliquam
2934 3618 3297 3674 latitudinem
3329 3618 3679 3689 resupinato

2035 3716 2390 3773 coronatam,
2424 3706 2773 3762 innitentem
2792 3708 2922 3779 pedi
2951 3708 3254 3778 supposito
3276 3707 3545 3773 rotundo,
3568 3708 3665 3778 qui

2035 3803 2094 3854 et
2118 3797 2608 3853 manubriiusum
2663 3801 2897 3867 praestat
2955 3796 3312 3852 ministranti
3361 3795 3669 3866 pincernae.

2034 3888 2175 3956 Ejus
2210 3889 2405 3942 formae
2438 3886 2654 3949 lances.
2690 3890 2790 3940 aut
2820 3886 2868 3940 si
2893 3885 3081 3940 dicere
3105 3885 3298 3953 liceat,
3331 3884 3662 3955 capedines,

2036 3983 2319 4049 argenteae
2345 3979 2405 4049 [P
2434 3978 2562 4049 409]
2592 3979 2707 4033 fere
2737 3976 2906 4032 hodie
2937 3976 3210 4031 visuntur
3258 3977 3315 4030 in
3367 3993 3668 4048 procerum

2035 4067 2366 4124 conviviis:
2417 4066 2714 4122 tenuiores
2780 4064 3059 4120 fictilibus
3144 4069 3410 4121 utuntur.
3492 4066 3677 4121 Etate

2036 4156 2409 4229 Pachymeris
2440 4158 2698 4211 nondum
2733 4156 3006 4210 Peruanis
3035 4155 3217 4209 ditata
3241 4154 3490 4209 metallis
3519 4171 3675 4209 aereae

2034 4244 2441 4300 increbuerant
2468 4260 2481 4300 :
2518 4245 2617 4299 sed
2644 4244 2895 4299 materiae
2918 4242 3112 4297 vilitas
3131 4247 3406 4297 encausto
3440 4244 3675 4313 picturae

2033 4332 2206 4387 variae
2230 4333 2452 4388 fructus
2474 4331 2841 4387 autumnales
2898 4329 3301 4386 assimulantis
3353 4330 3676 4399 tegebatur,

2034 4424 2098 4474 ut
2121 4420 2288 4475 docet
2317 4419 2425 4475 hoc
2458 4419 2581 4475 loco
2613 4424 2825 4475 noster.
2862 4418 3069 4489 Negari
3120 4434 3234 4472 non
3295 4422 3482 4488 potest
3533 4419 3676 4488 quin

2035 4509 2447 4577 percommode
2478 4507 2655 4563 fuerit
2682 4505 3019 4562 istiusmodi
3044 4506 3199 4560 vasis
3232 4506 3417 4560 forma
3437 4506 3505 4559 ad
3536 4507 3678 4560 istas

286 4589 404 4680 ipsi
436 4589 493 4680 in
526 4607 802 4661 sponsam
835 4593 1079 4649 Thetide
1110 4611 1283 4667 quam
1310 4597 1542 4667 Jupiter
1574 4598 1700 4669 ipse
1732 4614 1833 4668 pro
1866 4613 1927 4653 se
1958 4616 2003 4680 Ι)
2034 4598 2278 4666 eulogia:
2323 4599 2618 4670 frumemti
2671 4597 2810 4652 cocti
2860 4600 2985 4651 tum
3036 4597 3239 4650 decore
3288 4596 3680 4650 admovendas

288 4677 512 4733 ambire
535 4679 840 4749 potuisset,
872 4681 1164 4738 celebrant
1188 4684 1421 4740 Peleum
1457 4701 1470 4739 :
1505 4686 1672 4756 cujus
1697 4687 1928 4757 generis

294 4765 398 4821 illa
416 4772 557 4821 sunt
573 4769 787 4825 Catulli
819 4785 834 4824 :

440 4870 607 4948 Teque
633 4872 783 4948 adeo,
806 4873 1013 4948 eximie
1042 4875 1194 4931 taedis
1219 4876 1473 4948 felicibus
1502 4885 1677 4942 aucte,

436 4942 719 5019 Thessaliae
750 4945 1037 5019 columem,
1064 4942 1257 5019 Pelea,
1290 4950 1381 5003 cui
1407 4950 1620 5019 Jupiter
1648 4948 1780 5018 ipse,

428 5013 548 5084 Ipse
572 5031 697 5071 suos
727 5015 917 5072 divum
945 5013 1162 5085 genitor
1188 5013 1450 5076 concessit
1472 5013 1711 5088 amores,

279 5118 398 5175 Nec
427 5118 574 5175 forte
620 5137 653 5175 a
699 5121 867 5192 genio
911 5121 1281 5194 Pacbymeris
1310 5123 1575 5192 j'multum
1632 5127 1927 5180 aberraret

285 5206 383 5276 qui
419 5208 816 5279 suspicaretur
846 5208 924 5265 ita
955 5212 1295 5268 meminisse
1323 5211 1493 5268 illum
1524 5211 1675 5268 Pelei
1732 5212 1922 5267 herois

281 5293 590 5362 inculpati,
626 5295 969 5353 utalluserit
987 5298 1056 5353 ad
1070 5304 1300 5370 etj'mon
1334 5300 1583 5357 nominis
1598 5301 1722 5370 ejus
1746 5298 1803 5353 ἐκ
1826 5304 1922 5354 τοῦ

283 5377 496 5451 πηλοῦ,
529 5384 681 5454 quod
713 5385 887 5439 lutum
947 5385 1257 5456 signiﬁcat,
1310 5388 1560 5457 formati,
1618 5388 1775 5444 velut
1829 5389 1922 5444 in-

284 5487 476 5527 nuens
510 5488 626 5528 non
657 5471 844 5544 magis
872 5474 1105 5531 afﬁnem
1136 5476 1319 5533 fuisse
1351 5476 1618 5544 Veccum,
1653 5482 1923 5549 spectatae

364 5690 383 5761 (
394 5688 445 5760 1)
475 5687 558 5745 Cl.
591 5687 950 5746 Glossarium
981 5688 1249 5749 alterum.

2036 4685 2174 4750 aris,
2204 4690 2330 4741 tum
2370 4686 2505 4741 inde
2547 4689 2679 4757 post
2709 4683 3027 4739 sacerdotis
3075 4682 3535 4738 benedictionem
3583 4684 3680 4738 de-

2037 4776 2353 4844 portandas
2378 4777 2436 4828 in
2470 4775 2674 4829 domos
2699 4777 2845 4839 tuto,
2881 4772 3208 4838 latitudine,
3262 4787 3332 4825 ex
3377 4787 3492 4841 qua
3539 4769 3673 4825 πλα-

2029 4864 2167 4914 τεῖαι
2187 4860 2787 4932 dicuntur,paulisper
2808 4876 3080 4928 concava,
3099 4864 3154 4915 et
3176 4859 3451 4930 coupacis
3476 4864 3674 4916 rotun-

2034 4952 2254 5017 ditatis,
2306 4951 2473 5006 facile
2531 4952 2874 5006 admittente
2934 4950 3238 5006 materiam
3285 4948 3486 5013 talem,
3536 4955 3592 5005 et
3642 4970 3670 5003 η

2033 5038 2201 5109 lapsu
2235 5040 2576 5111 prohibente
2610 5038 2890 5094 beneficio
2921 5037 3059 5092 editi
3091 5038 3309 5092 circum
3369 5038 3676 5108 marginis,

2033 5127 2195 5183 illius
2218 5144 2424 5198 nempe
2450 5129 2520 5182 de
2542 5144 2659 5197 qua
2681 5126 2818 5195 dixi,
2845 5125 3069 5181 modice
3097 5126 3344 5179 reductae
3370 5129 3426 5179 et
3448 5125 3564 5179 alte
3585 5141 3683 5194 per

2032 5217 2341 5271 circuitum
2357 5214 2637 5270 exstantia
2654 5214 3108 5269 loriculae.Voces
3121 5228 3352 5283 quoque
3366 5216 3485 5267 tum
3512 5210 3680 5273 ἐκπω,

2031 5302 2170 5357 άτων
2204 5309 2327 5358 tum
2362 5299 2612 5375 ὑποδοχή
2638 5302 2945 5373 aptissime
2993 5302 3051 5356 in
3111 5306 3373 5354 nostram
3433 5305 3665 5356 senten-

2032 5392 2172 5446 tiam
2206 5392 2501 5447 accidunt.
2533 5391 2794 5445 indicant
2817 5390 2968 5445 enim
2999 5404 3170 5443 usum
3206 5388 3379 5442 istius
3409 5389 3561 5443 vasis
3599 5404 3667 5444 eo

2033 5480 2169 5536 facti
2200 5484 2265 5536 ut
2295 5480 2524 5551 pocula,
2556 5476 2873 5550 ἐκπώματα,
2907 5476 3180 5548 imposita
3222 5475 3530 5545 exciperet,
3582 5477 3667 5531 sic
