4122 6272
416 370 552 426 1055

1461 366 1521 415 Ρ.
1564 358 1835 414 POSSlNl
1874 352 2486 410 OBSERVATIONUM
2523 352 2654 401 LIB.
2698 351 2740 400 Ι.

3664 326 3809 381 1056

411 496 706 551 offerenda
738 491 991 548 convivis
1016 506 1189 544 manu
1234 486 1608 559 pocillatoris.
1668 483 1844 538 Porro
1900 475 2044 532 πλα-
2075 478 2127 543 Α
2158 492 2327 547 porro
2385 473 2525 544 quid
2583 469 2875 541 Josephus
2916 462 3320 537 responderet,
3382 455 3807 559 commemorat

410 587 549 642 τεῐαι
582 583 854 637 videntur
879 576 1247 634 substantive
1273 574 1407 640 dici,
1441 574 1591 631 592
1625 572 1736 626 nisi
1762 568 1894 639 quis
1926 583 2043 621 ma-

410 672 496 736 lit,
533 688 667 726 cum
698 671 822 725 sola
853 670 972 723 haec
1004 684 1110 720 vox
1161 665 1417 736 ponitur,
1476 660 1938 716 subaudiendam
1994 658 2049 708 et

412 762 584 817 tacite
615 759 1003 829 supplendam
1038 755 1197 808 illam
1223 753 1463 808 alteram
1500 744 1787 820 ὑποδοχαί.

506 881 876 954 Πνευματικὸς
951 877 1039 931 καὶ
1098 873 1471 946 πνευματίζων
1556 891 1611 944 p.
1677 872 1801 925 256.
1884 869 2047 923 Jose-

413 973 595 1045 phum
631 968 983 1025 monasterio
1041 966 1251 1020 Gilesii
1310 962 1683 1035 praepositum
1728 962 1890 1013 vocat
1941 963 2052 1011 Pa-

412 1061 710 1133 chymeres
763 1053 928 1129 ἄνδρα
984 1051 1344 1125 πνευματικοί
1397 1049 1485 1103 καὶ
1546 1048 1620 1110 εἷς
1688 1044 1892 1120 πατέρα
1962 1064 2053 1097 τε-

407 1145 671 1221 ταγμένον
703 1148 782 1215 τῷ
819 1140 1049 1211 βασιλεῖ.
1115 1142 1305 1196 Primo
1356 1143 1592 1210 aspectu
1648 1153 1751 1190 vox
1813 1152 2052 1205 πνευμα-

406 1236 557 1296 τικός
590 1237 697 1291 hoc
730 1236 851 1289 loco
882 1234 1111 1286 videtur
1142 1230 1292 1284 idem
1326 1244 1532 1283 sonare
1556 1242 1688 1281 eum
1744 1241 1809 1279 eo
1870 1223 2051 1294 quod,

414 1326 453 1380 l.
486 1342 570 1392 111,
601 1324 769 1389 ο.19,
816 1324 1173 1376 memoratur
1230 1336 1491 1387 πνευματι
1550 1318 1652 1382 ζῶν
1710 1313 1910 1384 spiritu
1964 1327 2051 1365 vi-

413 1412 737 1481 vens,quod
771 1410 849 1464 ibi
898 1409 1110 1463 dicitur
1167 1407 1236 1461 de
1292 1404 1595 1459 monachis
1654 1400 2053 1457 sanctimoniae

417 1500 686 1571 opinione
735 1497 1102 1565 venerandis,
1154 1498 1388 1564 sumpta
1450 1510 1517 1547 ex
1564 1490 1742 1547 Paulo
1792 1487 2054 1559 apostolo

418 1590 670 1647 formula
700 1586 1002 1658 loquendi,
1038 1584 1240 1656 quales
1272 1584 1591 1653 imperator
1622 1597 1722 1651 pro
1772 1595 1830 1633 se
1888 1576 2057 1632 adhi-

418 1678 542 1739 buit
603 1676 821 1748 μεσίτας
894 1671 1159 1743 πνεύματι
1229 1674 1430 1737 ζῶντας
1501 1667 1589 1721 καὶ
1667 1667 1914 1735 συνήθεις
1978 1667 2056 1734 τῷ

418 1764 753 1838 πατριάρχῃ.
788 1766 1004 1818 Tamen
1037 1763 1087 1816 si
1118 1759 1249 1831 quis
1280 1758 1665 1829 introspiciat,
1698 1756 1855 1811 aliud
1901 1754 1960 1808 in
1992 1770 2059 1808 ea

416 1857 593 1913 latere
625 1852 1020 1923 deprehendet
1049 1850 1207 1903 haud
1234 1847 1594 1917 negligendze
1626 1845 1904 1899 notionis.
1964 1843 2059 1895 Ar-
2093 1838 2140 1901 Β

420 1946 698 2014 gumento
729 1940 804 1995 sit
835 1939 988 2009 quod
1024 1937 1196 2009 paulo
1226 1941 1353 2007 post
1385 1936 1583 1990 eodem
1619 1932 1803 2004 capite
1856 1929 2063 1986 scribi-

420 2036 536 2097 tur,
575 2033 787 2084 tamam
822 2042 1144 2082 emanasse.
1169 2024 1542 2079 interdictum
1561 2022 1810 2091 Josepho
1843 2019 2061 2074 huicab

416 2119 658 2177 Arsenio
683 2116 1012 2188 patriarcha
1038 2115 1216 2169 fuisse
1242 2130 1312 2167 ne
1340 2114 1677 2184 fungeretur
1696 2110 1883 2164 ofﬁcio
1906 2127 2062 2188 πνει)ἶ

422 2209 652 2279 μᾱτικοῦ
677 2212 763 2261 est
781 2204 994 2260 Graecis
1018 2202 1100 2257 sic
1116 2202 1334 2257 habent
1357 2218 1369 2255 :
1395 2200 1467 2260 ὡς
1491 2198 1581 2252 καὶ
1597 2197 1966 2269 ἐπιτιμήσειεν
1988 2179 2067 2271 iga,

416 2296 460 2366 ᾦ
497 2291 635 2366 μηδὲ
664 2291 1027 2365 πνευματικὸς
1072 2286 1422 2362 ἀνοιδέχοιτο.
1482 2289 1771 2345 Nimirum
1831 2303 2066 2355 πνευμα-

415 2383 567 2443 τικός
603 2388 692 2437 est
742 2381 954 2437 Grecis
1013 2377 1363 2434 Christianis
1413 2377 1566 2431 idem
1621 2376 1776 2445 quod
1838 2372 2065 2428 Latinis

418 2470 834 2528 ecclesiasticis
866 2469 1251 2538 eonfessarius,
1287 2471 1351 2521 ut
1407 2467 1579 2520 etiam
1638 2467 1791 2518 recte
1841 2462 2063 2516 dudum

422 2561 710 2617 Meursius
741 2557 1087 2614 observavit.
1120 2557 1324 2626 Itaque
1351 2554 1617 2624 suspicor
1641 2552 1703 2605 τὸ
1732 2547 1821 2603 καί
1879 2550 2063 2605 abun-

424 2650 582 2713 dare,
608 2653 670 2703 ut
700 2664 849 2717 sepe
881 2645 1017 2700 alibi
1052 2644 1203 2714 apud
1238 2647 1527 2708 nostrum,
1562 2641 1645 2696 sic
1677 2640 1735 2694 in
1794 2639 1918 2693 loco
1969 2638 2065 2691 de-

421 2738 639 2807 scripto
675 2753 687 2803 ;
722 2740 777 2791 et
809 2751 940 2790 cum
973 2730 1333 2804 πνευματικὸς
1363 2730 1449 2783 καὶ
1486 2729 1561 2792 εἷς
1616 2728 1819 2801 πατὲρᾳ
1873 2746 2068 2798 τεταγ-

427 2822 584 2897 μένος
635 2828 715 2895 τῷ
778 2821 991 2897 βασιλεῖ
1050 2821 1345 2892 Josephus
1401 2819 1637 2884 dicitur,
1698 2816 1843 2871 nihil
1906 2815 2061 2870 aliud

422 2913 669 2969 indicari
702 2913 816 2967 nisi
849 2929 979 2967 eum
1016 2916 1227 2983 patrem
1250 2909 1638 2982 spiritualem,
1671 2908 1779 2961 hoc
1811 2909 1897 2960 est
1929 2921 2063 2958 con-

428 3003 742 3059 fessarium
774 3002 1112 3074 imperatori
1145 3001 1344 3055 fuisse.
1377 3005 1460 3054 Ex
1494 3015 1610 3068 qua
1657 2993 2064 3050 observatione

421 3092 520 3147 lux
555 3091 793 3162 alfulget
823 3089 1245 3160 posterioribus
1276 3106 1309 3142 a
1342 3102 1432 3141 me
1476 3082 1785 3153 descriptis
1842 3081 2063 3151 Pachy-

2154 535 2555 634 l’achymeres,
2592 535 2859 631 quamvis
2891 535 3251 611 subobscure
3283 549 3340 602 in
3377 535 3529 613 cod.,
3561 545 3678 634 Biet
3730 543 3799 594 A.

2157 654 2265 707 Sed
2303 630 2358 705 in
2420 652 2572 708 593
2632 648 2913 703 Vaticano
2963 642 3199 704 clarius,
3246 642 3521 708 negatum
3578 630 3797 703 [P1110]

2158 758 2363 811 nempe
2395 742 2464 795 ab
2497 739 2623 810 ipso
2657 739 2870 792 factum
2898 750 2911 789 :
2939 728 3318 805 pertendisse,
3351 720 3796 811 inquam,ghaud

2158 846 2222 884 eo
2255 828 2557 884 devenisse
2598 824 2907 880 Arsenium
2932 817 3322 893 patriarcham
3356 820 3419 867 ut
3465 810 3563 865 ubi
3620 807 3798 877 juris-

2159 918 2471 972 dictionem
2506 917 2786 970 adimeret
2814 917 2871 967 et
2912 910 3150 965 omnino
3209 902 3579 959 interdiceret
3628 897 3798 951 abso-

2160 1006 2385 1061 lutione
2419 1003 2808 1076 imperatoris.
2836 999 3025 1054 Verba
3056 997 3175 1051 haec
3202 997 3340 1050 sunt
3368 986 3635 1076 historici
3692 983 3799 1076 sub

2160 1096 2335 1149 ﬁnem
2367 1070 2738 1163 ejus-capitis
2775 1106 2794 1144 .'
2827 1087 2934 1143 Κᾶν
2973 1086 3047 1158 μὴ
3093 1080 3321 1157 γεγονὸς
3368 1072 3667 1163 ἐφημίσρη,
3728 1070 3803 1163 ᾡς

2160 1181 2249 1236 καὶ
2315 1182 2341 1235 ὁ
2406 1180 2607 1253 Ἰωσὴφ
2666 1174 3104 1252 πατριαρχεῦσας
3170 1169 3415 1241 ὕστερον,
3481 1158 3801 1233 ἀπολογού-

2165 1291 2325 1342 μενος
2356 1270 2487 1344 ὑπὲρ
2516 1251 2701 1335 route,
2734 1262 3121 1339 διισχυρίζετο.
3157 1260 3252 1315 Sic
3310 1259 3371 1311 in
3431 1254 3600 1310 codd.
3659 1251 3803 1304 duo-

2163 1337 2292 1415 bus.
2350 1365 2419 1413 At
2460 1337 2792 1412 'Vaticanus
2850 1337 2933 1409 εἰσ
2992 1352 3209 1406 habet:
3262 1347 3457 1416 Ὅμως
3505 1341 3532 1394 ὁ
3604 1337 3801 1413 Ἰωσῆφ

2163 1445 2599 1521 πατριαρχεΰσας
2678 1443 2896 1516 ὕστερον
2968 1435 3332 1511 διισχυρίζετο
3399 1426 3593 1504 ψεῦδος
3672 1426 3804 1479 εἶναι

2162 1536 2252 1589 τὸν
2269 1534 2434 1608 λόγον
2455 1534 2646 1605 Ioseph
2658 1530 2999 1604 postmodum
3017 1524 3456 1599 patriarchalum
3480 1533 3669 1587 gerens
3682 1531 3805 1587 per-

2166 1606 2419 1679 tendebvat
2462 1622 2675 1694 falsum
2733 1636 2846 1676 esse
2897 1618 3035 1689 quod
3108 1632 3142 1670 a
3218 1612 3409 1668 multis
3480 1606 3807 1694 jactabalur

2168 1713 2385 1783 Nempe
2421 1718 2486 1767 ut
2519 1710 2690 1783 paulo
2724 1709 2997 1780 superius
3020 1706 3263 1765 dixerat,
3290 1700 3364 1759 ὡς
3390 1695 3564 1772 χωρὶς
3582 1700 3682 1761 τῆς
3712 1692 3808 1744 τοῦ

2171 1801 2516 1874 πατριάρχου
2581 1795 2789 1873 βουλῆς
2844 1794 3255 1860 ἀντιποιήσοιτο
3317 1783 3653 1859 (Josephus)
3707 1784 3810 1846 τῆς

2177 1870 2447 1963 βασιλιξιέξ
2475 1870 2772 1959 ἀναδοχῆς,
2829 1885 2953 1941 sine
2997 1889 3143 1937 nutu
3176 1884 3231 1935 et
3262 1892 3508 1932 assensu
3568 1870 3815 1944 patriar-

2173 1982 2295 2037 chae
2324 1978 2616 2049 Josephus
2652 1972 2959 2044 ingesserit
2996 1987 3057 2027 se
3089 1970 3159 2024 ad
3219 1964 3565 2021 audiendam
3626 1975 3819 2014 sacra-

2174 2067 2508 2124 mentaliter
2538 2063 2963 2120 confessionem
3002 2056 3393 2129 imperatoris.
3454 2051 3685 2123 Φέρεται
3734 2043 3817 2111 δὲ,

2173 2156 2479 2226 subjungit
2510 2154 2731 2222 statim,
2762 2149 2850 2203 καὶ
2900 2146 3068 2220 λόγος
3115 2144 3262 2215 παρὰ
3307 2140 3542 2199 πολλοῖς
3599 2136 3673 2226 ὡς
3726 2132 3817 2187 καὶ

2174 2245 2543 2315 ἐπιτιμήσειεν
2632 2241 2659 2293 ὁ
2742 2236 3091 2310 πατριάρχης
3168 2231 3369 2286 ἐκεῖνον
3446 2224 3819 2297 (Josephum)

2175 2333 2310 2387 ὥστε
2370 2333 2444 2404 μὴ
2504 2330 2638 2383 εἶναι
2687 2331 2782 2381 τοῦ
2814 2323 3083 2401 βασιλέὦς
3127 2316 3585 2390 ἐωπνευμιιτικόν.
3627 2315 3821 2368 Fertur

2171 2402 2383 2478 scilicet
2414 2435 2658 2475 sermone
2686 2417 2987 2471 multorum
3043 2410 3419 2483 patriarcham
3458 2402 3821 2460 interdixisse

2172 2510 2397 2581 Josepho
2423 2525 2489 2563 ne
2517 2511 2654 2563 esset
2711 2496 3077 2574 con/essarius
3134 2496 3514 2570 imperatoris.
3569 2494 3653 2547 ita
3710 2490 3819 2544 cla-

2176 2601 2320 2667 rius,
2358 2604 2421 2653 ut
2452 2597 2591 2664 dixi,
2627 2594 2939 2650 Vaticanus
2973 2589 3382 2662 paraphrastes
3416 2601 3429 2651 ;
3463 2602 3497 2638 a
3541 2598 3660 2653 quo
3693 2595 3817 2651 ger-

2176 2705 2409 2742 manam
2443 2683 2696 2740 auctoris
2727 2681 3079 2737 sententiam
3112 2677 3205 2731 hic
3228 2688 3562 2746 expressam
3606 2668 3815 2724 conﬁr-

2178 2784 2292 2830 mat
2357 2774 2731 2843 Pachymeres
2782 2770 2926 2839 ipse,
2978 2770 3151 2837 prout
3208 2765 3335 2833 ejus
3390 2761 3699 2815 contextus
3751 2755 3817 2809 ab

2175 2863 2414 2935 optimis
2447 2862 2745 2915 codicibus
2777 2856 3102 2920 exhibetur,
3135 2853 3311 2917 infra,
3341 2850 3379 2905 l.
3416 2865 3489 2917 ιν,
3522 2864 3573 2901 c.
3603 2846 3675 2898 ‘38
3734 2844 3819 2898 sic

2176 2933 2245 3007 de
2275 2952 2522 3022 Josepho
2555 2950 2800 3003 dicens:
2844 2946 2943 3000 Ὃν
2998 2940 3303 3016 ἀφωρίσθαι
3363 2935 3551 3011 ἔλεγον
3610 2933 3818 3022 ἐπ-ὶῄτῷ

2178 3041 2253 3112 μὴ
2315 3040 2405 3092 τὸν
2476 3034 2703 3109 βασιλέα
2774 3032 2846 3093 εἷς
2923 3030 3291 3101 πνευματικὴν
3366 3026 3593 3093 υἱότητα
3670 3018 3819 3092 δέχε-

2182 3129 2321 3181 σθαι.
2359 3132 2491 3194 Quae
2525 3126 2601 3180 ibi
2663 3126 2747 3179 sic
2801 3122 3018 3177 vertit:
3072 3120 3221 3187 Quod
3271 3118 3434 3172 illum
3485 3113 3714 3167 aiebant
3764 3112 3822 3163 in

420 3181 595 3236 meris
624 3179 835 3234 verbis.
870 3180 1084 3232 llorum
1116 3176 1269 3229 enim
1298 3174 1433 3227 hinc
1462 3177 1619 3244 patet
1647 3187 1776 3226 esse
1833 3174 2066 3224 senten-
2185 3174 2321 3181 """
2365 3174 2489 3194 ’⁶“’”
2634 3174 2743 3222 .'"
2960 3174 2967 3175 '
3006 3174 3107 3219 1"
3404 3206 3414 3215 .
3506 3205 3514 3213 .
3709 3199 3720 3208 .

434 3269 467 3275 .-
630 3268 640 3275 .
724 3272 731 3275 .
880 3266 890 3275 .
1110 3269 1118 3275 .
1202 3263 1212 3275 .
1344 3267 1352 3275 .
1400 3262 1409 3272 .
1520 3261 1532 3275 .
1761 3264 1769 3275 .
1828 3258 1838 3268 .
1922 3274 1929 3275 ,
2046 3272 2061 3275 ,
2100 3196 2141 3263 C
2182 3222 2804 3273 exeommumcalzonem
2835 3225 3161 3274 incurrisse,
3193 3207 3292 3260 sub
3324 3213 3823 3275 cujusmtermma-

424 3269 593 3334 tiam,
627 3268 844 3321 iratum
878 3263 1214 3336 imperatori
1265 3261 1653 3334 patriarcham
1687 3258 1940 3314 vetuisse
1998 3272 2068 3310 ne

420 3356 715 3425 Josephus
746 3354 1020 3423 deinceps
1048 3351 1219 3406 etiam
1245 3352 1498 3423 privatas
1518 3350 1643 3419 ejus
1674 3344 2066 3402 confessiones

425 3446 717 3514 exciperet
748 3438 1140 3513 (ἀναδέχοιτο,)
1172 3441 1242 3494 de
1263 3455 1378 3509 quo
1410 3438 1584 3492 verbo
1618 3453 1741 3507 quae
1773 3451 1878 3491 suo
1942 3433 2068 3487 loco

425 3537 722 3596 notamus,
756 3531 869 3584 huc
896 3530 1107 3587 confer)
1145 3533 1244 3583 aut
1265 3529 1455 3599 ipsum
1482 3529 1537 3581 in
1560 3529 1701 3597 foro,
1727 3528 1791 3578 ut
1818 3523 2068 3593 loquun-

433 3627 531 3676 tur
562 3621 917 3675 conscientim
947 3618 1267 3681 absolveret,
1299 3615 1580 3670 hactenus
1609 3613 1898 3684 siquidem
1942 3612 2072 3680 post

429 3707 743 3763 anathema
772 3706 1109 3775 imperatori
1144 3702 1376 3774 publice
1428 3701 1651 3755 dictum
1702 3700 1759 3752 in
1821 3697 2067 3766 quibus-

428 3798 563 3852 dam
597 3812 723 3866 qum
757 3793 1033 3864 antiquus
1064 3809 1210 3847 usus
1260 3791 1491 3845 vetabat
1547 3783 2068 3843 excommunicatis

429 3885 721 3956 permetti,
753 3881 1179 3938 connivendum
1240 3883 1541 3951 putaverat
1599 3873 1947 3945 patriarcha,
2010 3877 2071 3924 ut

431 3974 806 4043 Pachymeres
850 3970 1119 4040 superius
1178 3967 1504 4023 admonuit.
1568 3966 1642 4020 De
1699 3965 1806 4017 hoc
1863 3976 2073 4033 genere

436 4060 665 4115 videtur
693 4065 751 4114 et
771 4060 877 4113 hoc
909 4057 1116 4126 fuisse,
1150 4056 1428 4110 nimirum
1454 4054 1701 4108 tolerare
1735 4055 1797 4104 ut
1821 4047 2073 4121 privatim

433 4150 807 4205 conﬁteretur
836 4151 891 4201 et
938 4146 996 4199 in
1022 4147 1142 4199 foro
1171 4142 1533 4198 conscientiae
1569 4139 1980 4195 absolveretur.
2008 4136 2071 4190 Id

428 4238 581 4308 quod
616 4252 770 4290 nunc
800 4235 1037 4289 tandem
1061 4233 1319 4288 offensus
1351 4230 1634 4284 instantia
1656 4226 1893 4298 Josephi
1937 4241 2072 4296 pro-

434 4325 691 4379 hibuerit
722 4343 735 4391 ;
764 4328 820 4378 et
850 4321 1116 4377 videlicet
1140 4318 1607 4389 jurisdictionem
1642 4314 1950 4371 abstulerit
1974 4330 2075 4367 ne-

429 4412 742 4468 cessariam
768 4412 839 4465 ad
890 4408 1317 4464 absolutionem
1379 4406 1566 4462 valide
1598 4404 2069 4475 impertiendum.

436 4501 599 4556 Unde
620 4516 752 4554 cum
786 4497 967 4552 nihilo
1000 4497 1191 4551 secius
1225 4499 1425 4566 postea
1454 4494 1746 4565 Josephus
1792 4490 2073 4562 perrexis-

436 4594 525 4645 set
557 4591 714 4653 dare,
750 4592 814 4641 ut
842 4586 1003 4656 prius
1039 4602 1272 4656 operam
1330 4583 1632 4639 conﬁtenti
1692 4584 1972 4652 Augusto,
2021 4582 2077 4632 et

434 4676 597 4731 illum
634 4674 896 4729 videlicet
927 4674 996 4728 de
1030 4690 1188 4727 more
1206 4672 1571 4740 absolvisset,
1603 4687 1805 4726 ansam
1835 4662 2075 4738 Josephi

435 4763 781 4820 criminandi
810 4761 1117 4816 Arseniani
1148 4761 1220 4815 ab
1251 4777 1317 4816 eo
1355 4762 1479 4831 jam
1540 4758 1869 4831 patriarcha
1919 4756 2071 4811 schi-

434 4860 626 4909 smate
658 4850 891 4906 discissi
923 4853 1321 4920 sumpserunt,
1357 4849 1524 4919 quasi
1557 4850 1901 4903 attentaeset
1952 4862 2072 4900 rem

438 4940 721 4997 nefariam
755 4938 989 4993 ferendo
1020 4937 1367 4992 sententiam
1427 4936 1816 4992 absolutionis
1877 4951 2075 4989 sacra-

440 5028 707 5084 mentalis
739 5026 864 5081 sine
895 5030 1179 5097 potestate
1217 5026 1670 5096 jurisdictionis,
1726 5040 1840 5093 quo
1902 5023 2073 5077 modo

437 5116 554 5172 lata
582 5114 717 5170 talis
749 5113 1037 5168 sententia
1057 5114 1181 5167 sine
1221 5113 1398 5167 dubio
1457 5112 1617 5165 irrita
1647 5115 1753 5177 est,
1812 5108 1967 5162 unde
2016 5108 2073 5160 id

441 5209 757 5261 attentasse
787 5202 845 5256 in
868 5210 1230 5256 sacramento
1256 5199 1399 5255 nihil
1435 5199 1628 5253 minus
1662 5199 1737 5253 sit
1772 5213 1949 5268 quam
1981 5213 2072 5251 sa-

441 5292 768 5362 crilegium.
818 5290 921 5345 Est
954 5295 1147 5344 autem
1180 5288 1236 5342 id
1269 5293 1429 5343 extra
1473 5288 1744 5351 dubium,
1805 5302 2076 5340 emanare

444 5382 515 5436 ab
574 5378 862 5450 episcopis
915 5377 1119 5431 ordine
1187 5375 1545 5430 hierarchico
1598 5374 2076 5445 jurisdictionem

439 5470 634 5525 istam.
685 5469 872 5532 Quare
913 5466 961 5519 si
1016 5480 1143 5520 eam
1191 5464 1296 5518 rite
1346 5465 1677 5534 patriarcha
1726 5466 2076 5532 revocasset,

445 5562 666 5613 certum
694 5560 817 5609 erat
849 5570 963 5607 non
997 5552 1255 5622 potuisse
1307 5550 1515 5606 deinde
1574 5550 1987 5621 imperatorem
2047 5566 2079 5603 a

449 5643 702 5711 Josepho
734 5639 922 5695 audiri
954 5644 1051 5694 aut
1072 5635 1289 5695 absolvi
1317 5638 1832 5694 sacramentaliter.
1867 5637 1952 5691 Ad
2020 5635 2076 5691 id

2171 3306 2316 3361 tione
2340 3304 2569 3360 vetitum
2596 3304 2648 3356 ei
2708 3301 2842 3356 olim
2882 3317 2921 3354 (ι
2966 3296 3298 3369 patriarcha
3372 3294 3573 3363 fuisset
3622 3288 3823 3343 habere

2173 3395 2433 3464 deinceps
2461 3394 2858 3462 imperatorem
2894 3389 3003 3443 loco
3041 3383 3349 3456 spiritualis
3408 3381 3536 3452 filii,
3594 3382 3647 3434 et
3694 3377 3829 3430 illus

2172 3481 2558 3551 confessiones,
2591 3484 2651 3534 ut
2684 3485 2851 3533 (mleu
2889 3480 3264 3541 consueverat,
3306 3475 3366 3527 in
3410 3474 3697 3542 posterum
3733 3481 3824 3519 ac-

2170 3572 2368 3642 cipere.
2396 3570 2519 3624 Non
2555 3567 2766 3638 poterit
2798 3571 2993 3621 autem
3043 3580 3135 3617 me
3185 3561 3525 3633 quisquam,
3584 3556 3813 3626 opinor,

2173 3658 2615 3729 reprehendere,
2649 3657 2801 3727 quod
2836 3650 3196 3725 πλευματικὸν
3241 3647 3661 3704 contessarium
3720 3643 3814 3696 in-

2171 3752 2472 3818 terpreter,
2505 3745 2645 3816 quin
2680 3746 2841 3815 prius
2872 3748 3080 3813 arguat
3120 3738 3417 3811 vulgatum
3471 3732 3817 3789 Florentinis

2173 3834 2540 3891 meumenicae
2606 3832 2809 3904 synodi
2864 3831 3260 3901 interpretem,
3337 3826 3436 3896 qui
3488 3824 3695 3894 pagina
3754 3821 3817 3873 17

2173 3924 2313 3979 fomi
2345 3922 2569 3987 XXXII,
2594 3923 2683 3976 ed.
2718 3925 2887 3975 Cone.
2924 3920 3086 3989 Reg,
3113 3916 3209 3971 illa
3258 3916 3433 3969 verba
3488 3908 3821 3982 τιμιώτατος

2172 4009 2535 4083 πνευματικὸς
2590 4009 2745 4082 κύρις
2806 4005 3108 4081 Γρηγὸριος
3164 4005 3246 4059 sic
3304 4002 3504 4058 Latine
3584 3999 3818 4053 reddit:

2174 4099 2535 4157 Honorabilis
2566 4118 2597 4153 a
2627 4096 3062 4165 con/essiombus
3086 4094 3324 4148 domnus
3346 4088 3660 4158 Gregorius.
3690 4089 3823 4141 Erat

2175 4188 2395 4244 scilicet
2426 4186 2817 4243 contessarius
2876 4181 3248 4254 imperatoris
3308 4180 3663 4243 Grmcorum,
3720 4174 3819 4243 qui

2175 4273 2805 4345 conciliotFlorenlino
2864 4271 3151 4326 interfuit.
3211 4269 3279 4324 Ut
3357 4266 3621 4322 omittam
3710 4263 3822 4317 alia

2176 4366 2434 4435 ejusdem
2468 4363 2721 4418 notionis
2771 4362 2942 4416 verbo
3001 4354 3363 4430 πνευματικός
3424 4354 3706 4425 subjectae
3738 4357 3822 4405 te-

2178 4453 2454 4509 stimonia
2486 4470 2517 4507 a
2546 4450 2813 4517 Meursio,
2859 4455 2922 4504 ut
2952 4450 3093 4516 dixi,
3128 4448 3388 4513 recitata,
3420 4460 3547 4514 quae
3581 4442 3629 4496 si
3691 4442 3823 4511 quis

2105 4546 2153 4608 D
2183 4542 2380 4598 omnia
2405 4539 2877 4606 consideraverit,
2912 4556 2997 4593 nte
3031 4538 3079 4591 is
3115 4537 3267 4592 haud
3303 4532 3513 4605 poterit
3557 4530 3823 4602 judicare

2186 4631 2478 4685 addidisse
2518 4645 2611 4683 me
2640 4628 2964 4699 quidquam
2998 4625 3185 4681 sensis
3216 4621 3473 4678 auctoris
3504 4621 3642 4684 mei,
3682 4621 3823 4672 dum

2185 4720 2256 4774 ab
2288 4736 2352 4773 eo
2386 4721 2767 4772 memoratam
2815 4712 3183 4785 πνευματικὴν
3234 4710 3461 4777 υἱὸτητα
3517 4710 3587 4763 ad
3649 4705 3826 4761 mini-

2184 4807 2522 4862 strationem
2587 4804 2870 4876 privatam
2930 4801 3279 4859 sacramenti
3358 4797 3712 4869 poenitentiae
3771 4798 3826 4849 et

2183 4895 2540 4966 exceptionis
2574 4898 2927 4949 secretarum
2954 4890 3389 4947 confessionum
3421 4886 3642 4942 retulit.

2255 5107 2491 5176 Ποιότης
2526 5125 2580 5178 p.
2633 5109 2757 5163 36‘3.
2816 5106 2950 5179 Hap’
3002 5104 3029 5159 ὃ
3085 5105 3175 5159 καὶ
3231 5106 3264 5173 ἡ
3324 5097 3675 5177 προσηγορία
3727 5098 3825 5163 τῆς

2183 5194 2475 5265 ποιότητος
2508 5193 2783 5264 εἴληπται.
2815 5196 2931 5251 Hoc
2960 5200 3049 5250 est
3079 5196 3127 5250 si
3159 5196 3232 5249 ad
3262 5194 3501 5249 verbum
3565 5192 3779 5246 reddas
3810 5204 3823 5241 :

2184 5287 2349 5341 Juxta
2380 5285 2517 5355 quod
2547 5292 2599 5340 et
2620 5284 2918 5355 appellatio
2950 5284 3235 5355 qualitatis
3258 5285 3481 5352 sumpta
3511 5288 3615 5336 est.
3678 5276 3824 5343 Quid

2186 5378 2380 5428 autem
2405 5374 2562 5427 istud
2586 5378 2675 5427 est
2702 5372 2936 5427 relativo
2957 5373 3098 5443 quod
3117 5372 3434 5426 indicatum
3463 5370 3492 5424 ’ἶ
3524 5369 3743 5437 Nempe
3770 5357 3832 5419 ut

2184 5466 2507 5531 apparetex
2522 5461 3310 5532 praecedentibus,obliquum
3328 5456 3589 5528 adaptari
3611 5460 3667 5509 et
3682 5470 3827 5508 exae-

2188 5549 2352 5621 quari
2377 5550 2585 5605 debere
2616 5550 2686 5605 ad
2724 5553 2969 5614 rectum,
2998 5564 3113 5603 non
3145 5564 3176 5603 e
3204 5562 3479 5603 converso
3505 5552 3723 5600 rectum
3752 5541 3826 5595 ad

2189 5636 2494 5708 obliquum
2529 5675 2543 5693 .
2574 5637 2806 5692 Conﬁdo
2834 5634 2922 5691 vel
2952 5648 3021 5691 ex
3050 5634 3165 5691 hoe
3186 5633 3331 5705 loco,
3372 5646 3467 5689 c111
3522 5627 3828 5687 multi'alii
