4146 6288
318 363 455 418 1057

1775 362 2250 421 GLOSSARIUM.

3569 371 3707 427 1058

313 485 489 542 simili
514 483 805 554 ἆσυστασῖᾳ
870 489 926 540 et
980 482 1385 555 insuspicabili
1432 482 1757 538 cohaesione
1802 487 1962 538 tene-

2078 503 2188 557 quo
2246 490 2567 550 Vulcanius
2625 495 2735 567 legi
2765 496 2931 565 jubet
2966 511 3223 566 grumare
3254 496 3402 553 595
3440 492 3704 567 διορθῶσ,

317 575 474 630 brosi
509 591 608 645 per
642 574 789 627 hanc
823 574 1129 628 historiam
1192 577 1528 636 occurrunt,
1577 588 1954 626 assensurum

323 666 467 720 mihi
496 664 770 720 lectorem
808 666 1151 735 prudentem
1186 664 1231 718 si
1266 662 1462 717 dixero
1479 662 1956 733 5940E~lipum,

322 772 437 808 non
474 758 695 807 Davum
732 769 860 806 esse
892 751 1956 822 oportereinterpretemPachymeris,

318 841 651 911 scriptoris,
686 841 734 894 si
769 840 1087 911 quisquam
1140 839 1317 901 ullus,
1363 838 1702 909 antiquarii,
1749 839 1960 904 cuique

318 930 701 999 meliorijure
733 946 904 999 quam
944 929 1049 982 illli
1098 929 1155 983 in
1203 931 1622 999 quemLatinus
1668 928 1960 999 epigram-

321 1021 607 1074 matarius
641 1019 747 1072 hoc
776 1035 942 1073 versu
968 1017 1131 1086 lusit,
1166 1017 1602 1088 exprobraveris
1635 1033 1651 1070 :

445 1124 557 1179 Non
591 1125 787 1179 lectore
819 1124 929 1178 tuis
960 1140 1094 1194 opus
1123 1128 1222 1187 est,
1257 1123 1347 1176 sei
1376 1124 1622 1194 Apolline
1653 1122 1833 1177 libris.

316 1232 428 1286 Sed
474 1230 785 1304 παρεργωέν
808 1227 1173 1301 ἢξιτροοιμίων
1202 1227 1345 1289 ἅλις.
1374 1230 1531 1300 Opus
1560 1234 1723 1283 vocat
1746 1230 1960 1300 ipsum;

316 1325 373 1375 et
404 1324 664 1373 attentus
707 1334 1023 1373 consessus
1081 1318 1195 1374 dici
1225 1335 1257 1371 a
1283 1334 1374 1372 me
1405 1335 1640 1372 causam
1671 1324 1965 1389 exspectat

321 1425 425 1461 cur
455 1408 513 1461 in
548 1406 844 1475 ποιότητος
870 1406 1149 1460 vocabulo
1173 1423 1309 1471 non,
1345 1411 1408 1459 ut
1438 1406 1609 1476 vulgo
1641 1407 1962 1472 consuevit,

316 1497 641 1567 qualitatem
691 1497 790 1550 sed
837 1497 1093 1562 regulam
1141 1494 1787 1549 intellexerim.Vereor
1808 1495 1961 1550 enim

323 1593 384 1641 ut
416 1587 567 1656 apud
598 1586 904 1656 plerosque
931 1585 1073 1639 satis
1107 1586 1183 1639 sit
1209 1585 1643 1655 alicgare,quod
1665 1584 1967 1638 verissime

325 1692 591 1747 possum,
622 1675 1001 1729 manifestum
1035 1690 1102 1728 ex
1128 1673 1488 1744 inspectione
1512 1674 1963 1742 prmcedentium

321 1765 650 1829 verborum,
684 1763 793 1817 loci
836 1762 1185 1817 sententiam
1218 1762 1271 1814 id
1308 1761 1624 1830 ﬂagitasse.
1652 1761 1775 1815 Non
1808 1761 1964 1815 enim

329 1854 576 1907 deerunt
604 1853 703 1921 qui
735 1852 968 1921 exigant
998 1850 1171 1904 etiam
1206 1849 1600 1902 aberrationes
1658 1857 1711 1903 et
1761 1848 1964 1903 deliria

320 1938 685 2010 scriptorum
718 1938 790 1992 ab
823 1936 1234 2007 interpretibus
1283 1934 1528 2006 exprimi
1556 1952 1571 2003 ;
1606 1943 1775 2005 alque
1828 1937 1970 1991 adeo

326 2029 382 2081 in
419 2029 529 2082 isto
563 2042 774 2099 genere
798 2043 972 2096 quam
1007 2024 1588 2095 superstitiosissime
1622 2023 1873 2095 ineptire
1905 2026 1970 2077 ti-

325 2117 453 2170 dem
505 2119 730 2170 vocent.
764 2116 867 2168 Aio
922 2113 1099 2183 igitur
1137 2112 1441 2183 opinatum
1474 2128 1602 2166 esse
1641 2128 1733 2165 me
1757 2112 1969 2167 vidisse

327 2203 546 2267 aliquid
581 2203 809 2274 uspiam
845 2202 1262 2271 Pachymerem
1296 2217 1410 2270 quo
1445 2204 1640 2254 motus
1671 2201 1738 2253 ad
1774 2199 1971 2254 existi-

332 2292 610 2346 mandum
628 2285 1001 2356 sigma-cm
1021 2286 1277 2358 regulam
1304 2287 1595 2340 interdum
1620 2287 1971 2358 significare,

326 2379 623 2449 istamque
658 2382 717 2430 ut
744 2376 910 2442 solet,
936 2375 1201 2444 quamvis
1229 2375 1744 2442 raram,notionem
1775 2374 1973 2429 oblata

325 2467 729 2537 qualicunque
790 2462 1094 2518 occasione
1154 2478 1439 2532 usurpare
1490 2462 1812 2516 atl'cctasse.
1847 2462 1969 2516 Non

329 2558 419 2608 est
463 2551 847 2607 inverisimile
895 2549 1974 2605 hominiebsoletorumverborumau-

329 2641 466 2713 cupi
498 2640 700 2694 talium
727 2638 1089 2693 collectorem
1116 2642 1171 2691 et
1193 2643 1589 2692 enarratorem
1623 2638 1971 2709 diligantum

335 2729 679 2783 familiarem
712 2727 1065 2798 Hesychium
1113 2726 1338 2782 fuisse:
1390 2726 1560 2795 cujus
1616 2727 1970 2781 vocabularii

331 2817 485 2871 haud
522 2816 693 2887 paulo
728 2815 1077 2870 correctiora
1140 2814 1637 2884 Constantinopoli
1688 2820 1820 2868 ante
1868 2814 1973 2869 hos

341 2904 798 2975 quadringentos
832 2904 895 2974 [P
918 2903 1041 2971 4H]
1074 2919 1278 2969 annos,
1306 2902 1413 2955 hoc
1442 2906 1529 2956 est
1557 2906 1724 2956 aetate
1754 2902 1969 2973 Pachy-

340 2993 544 3062 meris,
571 2992 928 3062 exemplaria
960 2991 1139 3045 fuisse
1171 3007 1340 3058 quam
1368 2990 1512 3043 illud
1549 3006 1614 3044 ex
1647 3007 1760 3061 quo
1793 2990 1969 3045 Aldus

332 3080 626 3135 Manutius
658 3080 974 3134 editionem
1009 3078 1295 3149 expressit
1325 3094 1692 3145 suam,ncmo
1710 3080 1969 3149 prudens

328 3167 1205 3237 dubitaverit.Suspicoritaque
1237 3166 1647 3237 Pachymerem
1689 3168 1747 3219 in
1796 3168 1968 3221 verbo

327 3256 556 3325 ποιότης
588 3258 739 3326 apud
776 3256 1123 3326 Hesychium
1161 3253 1329 3324 longe
1362 3255 1516 3307 aliud
1547 3254 1757 3325 legisse
1789 3272 1964 3326 quam

329 3346 437 3400 hoc
469 3345 545 3399 ibi
578 3345 752 3398 hodie
772 3360 1059 3415 apparens
1082 3342 1303 3396 nullius
1327 3343 1493 3412 pretii
1520 3359 1532 3396 :
1558 3342 1793 3410 ΙΙοιότης
1814 3346 1964 3415 χρῶ-

334 3452 407 3501 μα
437 3429 609 3499 ἡδονὴ
648 3431 823 3489 νότος.
860 3431 1004 3494 Quid
1042 3447 1234 3499 quaeso
1256 3431 1432 3496 νότος,
1489 3432 1628 3500 quid
1678 3427 1849 3499 ἡδονὴ
1893 3433 1962 3486 ad

329 3519 597 3587 ποιότητα
626 3519 652 3572 ?
682 3519 826 3583 Quid
861 3520 1027 3573 illum
1060 3519 1252 3588 ipsum
1285 3520 1534 3590 χρῶμαῗ
1574 3536 1748 3589 quam
1774 3520 1962 3591 inopi-

332 3612 533 3661 natum
567 3611 646 3671 et,
695 3612 759 3661 ut
789 3606 967 3661 libere
996 3606 1206 3673 dicam,
1238 3602 1660 3679 ἀπροσδιόνυσον
1684 3608 1712 3661 ‘I
1754 3625 1817 3662 ac
1864 3626 1964 3678 pro

330 3695 447 3749 illis
480 3695 715 3765 quidem
747 3691 916 3760 ἡδονή
944 3693 1098 3752 νότος
1160 3696 1551 3765 reponendum
1588 3698 1865 3766 putarim,
1897 3715 1965 3753 ex

326 3784 395 3837 iis
427 3800 552 3854 quae
582 3785 649 3837 ad
683 3784 924 3837 verbum
954 3780 1244 3854 γονικεύειν
1265 3784 1553 3853 adnotavi,
1587 3782 1620 3851 ἢ
1653 3783 1833 3858 γόνος,
1870 3785 1963 3856 μί-

324 3892 438 3932 τος.
498 3872 659 3935 Quod
693 3886 851 3925 nunc
876 3873 1101 3937 attinet,
1132 3869 1330 3943 γρώμα
1361 3888 1462 3941 pro
1494 3870 1696 3945 χρῶμα
1748 3876 1804 3928 in
1854 3879 1962 3929 He-

327 3959 980 4031 sychioPacbymeriano
1008 3959 1271 4029 suspicor
1300 3960 1580 4029 scriptum
1600 3963 1959 4031 apparuisse.

329 4053 528 4103 Groma
557 4064 662 4102 vox
692 4052 781 4101 est
811 4047 1402 4118 exquaquiagrorum
1426 4049 1845 4103 metiendorum
1866 4067 1958 4103 ra-

331 4137 548 4191 tionem
573 4135 882 4204 tradidere,
916 4136 971 4189 in
1007 4152 1189 4189 unum
1222 4136 1444 4190 collecti
1476 4153 1705 4207 corpus,
1731 4154 1960 4209 groma-

325 4224 422 4278 tici
474 4226 810 4295 scriptores,
876 4240 1080 4278 nomen
1139 4224 1503 4278 invenerunt.
1567 4226 1667 4280 Est
1715 4226 1870 4281 enim
1905 4228 1959 4280 id

326 4313 702 4368 instrumenti
731 4312 1082 4367 vocabulum
1116 4312 1229 4366 ista
1259 4312 1317 4366 in
1349 4318 1471 4366 arte
1517 4314 1807 4385 praecipui,
1844 4332 1958 4385 quo

323 4401 393 4455 ad
427 4400 763 4470 dirigendae
793 4400 1050 4455 limitum
1076 4399 1260 4455 lineas
1292 4400 1349 4453 in
1374 4405 1661 4456 terrarum
1697 4404 1960 4474 partione

325 4493 427 4542 aut
475 4489 839 4543 dimensione
900 4489 1236 4543 utebantur.
1280 4488 1473 4543 Groma
1497 4490 1615 4544 sive
1644 4508 1859 4559 gruma,
1895 4498 1959 4547 ut

320 4576 493 4648 vulgo
540 4576 852 4647 explicant,
909 4593 1167 4632 mensura
1225 4577 1485 4648 quaedam
1535 4582 1612 4632 est
1644 4596 1750 4648 qua
1796 4583 1960 4649 ﬂexa?

319 4665 422 4720 viae
453 4666 522 4720 ad
581 4667 785 4721 lineam
830 4664 1175 4733 diriguntur,
1210 4670 1329 4732 aut,
1365 4670 1430 4719 ut
1484 4666 1704 4721 Nonius
1762 4668 1957 4737 habet,

319 4755 437 4809 loca
484 4754 670 4809 media
716 4753 777 4808 in
835 4771 950 4825 quee
990 4754 1212 4810 directa:
1270 4758 1505 4825 quatuor
1550 4762 1960 4826 congregantur

316 4841 444 4907 vice,
478 4843 630 4911 quod
665 4841 943 4896 nimirum
968 4842 1139 4896 inille
1171 4847 1367 4897 centro
1400 4843 1589 4913 campi
1620 4844 1955 4900 dimittendi

317 4928 746 4999 agrimensores
770 4946 1010 4999 grumas
1042 4947 1180 4984 suas
1201 4930 1653 4999 intenderent,et
1679 4931 1748 4985 iis
1771 4934 1957 5001 adiuti

312 5016 402 5070 vel
433 5016 617 5070 lineas
639 5017 752 5087 ipsi
777 5018 980 5087 primis
1010 5022 1195 5073 rectas
1218 5020 1593 5089 designarent
1615 5019 1959 5076 velcurvita-

312 5108 495 5159 tatem
544 5104 703 5175 prius
739 5106 1165 5176 descriptarum
1226 5107 1650 5177 deprehensam
1707 5110 1953 5180 corrige-

311 5197 464 5249 rent.
492 5195 742 5248 Istorum
767 5192 915 5246 hanc
946 5194 1230 5247 actionem
1278 5196 1529 5263 expresit
1560 5196 1787 5251 Ennius
1826 5214 1957 5253 cum

312 5297 570 5351 grumam
624 5280 886 5349 dirigere,
919 5280 1176 5351 scripsit.
1211 5284 1272 5336 In
1305 5282 1618 5338 Glossariis
1660 5287 1956 5342 veteribus

314 5372 386 5424 ab
421 5369 663 5424 Henrico
685 5369 978 5441 Stephano
1005 5376 1059 5422 et
1081 5371 1770 5427 BonaventuraVulcanio
1784 5375 1957 5430 editis

313 5458 525 5529 legitur
552 5474 748 5527 gruma
775 5455 1029 5531 γνώμων.
1062 5459 1225 5514 Unde
1254 5461 1492 5514 verbum
1524 5466 1767 5531 grumat,
1803 5464 1956 5532 quod

312 5550 392 5604 ibi
426 5548 743 5620 explicatur
775 5564 875 5620 per
904 5548 1003 5603 illa
1034 5548 1228 5603 Graeca
1280 5553 1481 5623 μετρεῖ,
1544 5548 1732 5619 ἐξισοῖ.
1781 5554 1955 5608 Paulo

314 5642 450 5708 post
477 5638 557 5692 ibi
590 5638 826 5708 ponitur
852 5637 1107 5708 grumari
1134 5636 1493 5712 καταστρέψαι
1537 5642 1804 5713 Δορῶται,
1850 5658 1954 5712 pro

2066 576 2149 629 uti
2174 595 2275 648 pro
2307 598 2371 636 eo
2397 584 2548 653 quod
2589 584 2805 639 ibidem
2840 601 2973 639 mox
3013 585 3273 639 cernitur
3314 601 3516 656 gruma
3550 584 3702 658 βασι-

2064 662 2191 733 λική
2222 668 2416 740 γνώμη
2452 674 2860 742 reponendum
2889 674 3191 729 contendit
3221 690 3425 745 gruma
3473 670 3702 746 διόπτρα

2065 758 2376 825 τεκτονική.
2430 760 2671 814 Videtur
2729 761 3076 816 vocabulum
3174 762 3329 815 istud
3389 763 3699 833 antiquum

2066 859 2265 909 gruma
2297 864 2327 899 a
2360 847 2569 917 priscis
2603 849 2824 903 Latinis
2874 866 2941 903 ex
2997 849 3191 904 Graeco
3222 849 3451 923 γράμμα
3499 850 3717 902 forma-

2070 934 2221 985 tum.
2273 935 2373 988 Est
2423 942 2615 991 autem
2658 937 2906 1009 γράμμα,
2960 943 3024 990 ut
3073 938 3196 991 aliae
3227 938 3430 1007 glossa:
3488 938 3718 992 Graeco-

2074 1018 2289 1074 Latinaa
2325 1028 2547 1078 veteres
2582 1026 2807 1091 docent,
2838 1024 2863 1076 ὁ
2898 1024 3135 1094 σταθμός
3178 1027 3500 1096 scripulum.
3534 1026 3711 1080 Scru-

2075 1107 2276 1176 pulum
2340 1115 2533 1165 autcm
2593 1113 2711 1167 sive
2766 1113 3111 1183 scripulum,
3164 1118 3227 1167 ut
3259 1130 3327 1167 ex
3372 1114 3629 1168 Varrone
3659 1119 3714 1168 et

2073 1195 2390 1252 Columella
2421 1198 2587 1253 libris
2621 1202 2690 1255 de
2720 1217 2779 1254 re
2811 1202 3030 1255 rustica
3054 1201 3162 1254 viri
3205 1201 3357 1256 docti
3407 1202 3714 1273 colligunt,

2075 1299 2351 1340 mensura
2381 1288 2768 1357 est3adhiberi
2799 1289 2969 1343 solita
2990 1290 3296 1344 metiendis
3319 1292 3716 1361 agris,nempe

2072 1391 2269 1441 gruma
2302 1376 2421 1430 sive
2478 1394 2694 1448 groma,
2736 1395 2860 1448 qua:
2892 1383 3016 1433 erat
3047 1379 3507 1433 instrumentum
3541 1381 3715 1449 cujus

2072 1478 2176 1529 ope
2210 1462 2572 1533 dirigebatur
2596 1466 2800 1520 oculus
2833 1468 2900 1520 ad
2935 1466 3119 1521 lineas
3177 1468 3472 1522 ducendas
3520 1476 3715 1522 exacte

2074 1554 2284 1617 rectas,
2313 1553 2629 1622 promiscui
2668 1572 2809 1609 usus
2844 1556 3176 1609 architectis
3204 1560 3256 1611 et
3289 1556 3711 1627 agrimensori-

2076 1637 2207 1705 bus,
2243 1641 2395 1693 unde
2429 1637 2659 1714 διόπτρα
2686 1643 2969 1709 τεκτονική
3004 1643 3178 1711 dicta,
3212 1648 3275 1697 ut
3321 1644 3599 1698 vidimus.
3634 1645 3718 1697 Ex

2074 1724 2167 1779 his
2214 1725 2399 1797 liquet
2435 1746 2625 1797 groma
2664 1731 2783 1784 sive
2830 1748 3030 1799 gruma
3056 1731 3209 1786 idem
3236 1748 3363 1786 esse
3404 1733 3555 1802 quod
3580 1732 3718 1805 γνώ-

1997 1856 2042 1918 Β
2078 1832 2214 1881 μων,
2278 1815 2539 1886 σταθμὸς,
2599 1813 2829 1889 διόπτρα
2873 1819 3177 1887 τεκτονική,
3219 1818 3563 1890 scriptulum
3598 1822 3718 1874 sive

2081 1902 2446 1972 scrupulum,
2481 1921 2607 1973 quae
2640 1907 2836 1961 omnia
2864 1907 3163 1961 vocabulis
3190 1908 3411 1962 Latinis
3450 1911 3714 1977 amassis,

2080 2007 2291 2045 normae
2323 1994 2531 2061 regula:
2569 1996 3014 2065 responrlent,et
3040 1996 3433 2051 instrumenta
3484 1996 3715 2068 signiﬁ-

2080 2084 2234 2147 cant,
2268 2081 2485 2149 quibus
2518 2082 2676 2137 visus
2701 2085 2993 2137 humanus
3026 2086 3095 2138 ad
3128 2086 3603 2155 dijudicationem
3638 2103 3719 2141 re-

2080 2167 2153 2220 cti
2196 2184 2228 2221 a
2258 2184 2429 2223 curvo
2462 2175 2561 2224 aut
2583 2172 2650 2224 ad
2675 2173 3132 2241 exe'quationem
3166 2174 3384 2245 obliqui
3422 2176 3491 2229 ad
3522 2183 3716 2232 exacte

2080 2254 2364 2310 directum
2399 2258 2584 2312 utitur
2615 2277 2629 2325 ;
2662 2262 2731 2314 ad
2758 2262 2911 2329 quod
2944 2277 3075 2314 cum
3103 2267 3255 2315 esset
3281 2279 3422 2317 usus
3443 2269 3718 2335 opportu-

2082 2359 2192 2397 nus
2248 2343 2663 2410 funicolorum,
2723 2348 2894 2401 etiam
2947 2346 3129 2420 γόνος,
3182 2347 3335 2416 μίτος
3366 2351 3719 2407 hociustru-

2080 2435 2339 2486 mentum
2390 2433 2502 2487 diei
2538 2435 2766 2504 potuit;
2801 2453 2925 2506 quas
2974 2440 3148 2491 verba
3205 2438 3485 2507 Hesycbio
3518 2440 3715 2497 funem

2079 2524 2290 2574 sonant
2311 2522 2820 2591 agrimensorium.
2860 2526 3028 2579 Porro
3060 2543 3192 2580 cum
3225 2528 3573 2598 Hesychius,
3609 2532 3712 2600 qui

2081 2610 2196 2660 tam
2232 2608 2415 2661 multa
2440 2610 2605 2663 nobis
2637 2611 2836 2682 ignota
2860 2619 3239 2668 monumenta
3264 2620 3455 2670 vetera
3472 2618 3714 2682 viderat,

2078 2695 2290 2749 alicubi
2317 2698 2461 2751 forte
2493 2702 2799 2769 reperisset
2839 2701 2946 2756 hoc
2975 2701 3457 2771 instrumentum,
3489 2704 3715 2779 γρώμαν

2078 2783 2197 2837 sive
2229 2784 2488 2856 γράμμαν
2508 2786 2747 2855 dictum;
2782 2787 3007 2857 ποιότην
3042 2796 3143 2844 aut
3186 2790 3453 2858 ποιότητα
3500 2796 3715 2863 vocari,

2078 2874 2264 2928 ethoc
2300 2875 2450 2930 inter
2468 2878 2732 2932 notiones
2768 2881 3070 2936 abstrusas
3093 2883 3533 2953 vocabulorum,
3562 2902 3711 2957 qua-

2077 2961 2160 3015 les
2192 2962 2531 3018 innumeras
2563 2982 2733 3035 opere
2764 2967 2863 3021 illo
2894 2985 2999 3023 suo
3058 2970 3486 3041 complectitur.
3521 2976 3716 3045 expri-

2078 3052 2351 3104 mendum
2388 3058 2674 3122 putasset,
2708 3055 2832 3108 ﬁeri
2865 3056 3029 3110 facile
3057 3058 3240 3127 potuit
3280 3064 3344 3112 ut
3396 3077 3463 3114 ex
3491 3078 3557 3115 eo
3613 3062 3717 3117 Pa-

2079 3136 2398 3209 chymeres,
2442 3145 2703 3211 captator
2754 3144 3003 3214 cupidus
3060 3147 3369 3202 verborum
3452 3148 3714 3204 inusitati

2081 3225 2470 3296 signiﬁcatus,
2521 3228 2816 3298 ποιότητος
2866 3232 3210 3290 vocabulum
3273 3234 3379 3289 hoc
3429 3236 3554 3290 loco
3613 3255 3715 3308 pro

2078 3314 2274 3381 regula
2308 3317 2584 3384 posuerit.
2612 3322 2900 3373 Hactenus
2931 3321 3150 3390 scripta
3180 3338 3309 3377 cum
3344 3326 3710 3380 ostenderem

2076 3400 2474 3456 illustrissimo
2506 3404 2571 3459 D.
2607 3406 2801 3459 abbati
2828 3407 3061 3462 Octavio
3106 3409 3459 3479 Falconerio,
3523 3413 3712 3482 ipsius

2074 3505 2139 3543 ea
2169 3488 2540 3545 limatissimo
2566 3493 2784 3560 judicio
2824 3496 3468 3569 subjiciens,suggessit
3499 3500 3593 3555 ille
3623 3503 3707 3555 vi-

2075 3577 2195 3631 deri
2230 3583 2419 3647 posset
2454 3582 2757 3651 antiquum
2792 3584 3096 3639 Etruscum
3129 3587 3474 3642 vocabulum
3504 3590 3658 3660 piola
3681 3607 3711 3645 e

2075 3666 2267 3721 Graeco
2298 3665 2531 3735 ποιότης
2555 3671 2825 3739 expositae
2857 3671 2950 3725 hic
3009 3673 3262 3727 notionis
3312 3680 3528 3743 ortum,
3578 3695 3707 3747 pro-

2074 3753 2297 3807 miscuo
2356 3758 2495 3807 tunc
2552 3772 2663 3809 usu
2722 3758 2976 3825 gentium
3011 3760 3342 3827 ambarum,
3386 3766 3443 3816 et
3496 3763 3709 3819 Latinis

2073 3842 2191 3895 sive
2226 3841 2383 3895 Italis
2416 3843 2722 3913 permultis
2754 3845 3259 3919 Constantinopoli
3303 3855 3357 3904 et
3404 3851 3460 3904 in
3504 3852 3709 3906 multis

2072 3928 2201 3983 aliis
2232 3929 2541 3986 Orientalis
2572 3932 2797 4002 imperii
2819 3934 3030 3989 insulis
3060 3942 3115 3990 et
3148 3937 3286 3990 locis
3336 3942 3711 4010 peregrinan-

2070 4018 2229 4072 tibus
2252 4023 2352 4072 aut
2382 4020 2749 4088 degentibus,
2785 4026 2840 4075 et
2869 4023 3122 4078 vicissim
3155 4042 3271 4079 non
3304 4028 3507 4097 paucis
3554 4031 3707 4083 Grae-

2071 4106 2154 4159 cis
2187 4107 2347 4160 Pisas
2405 4112 2576 4177 atque
2634 4111 2922 4165 Etruriam
2984 4111 3332 4177 visentibus,
3364 4115 3520 4170 varie
3552 4133 3707 4172 com-

2072 4193 2417 4248 merciorum
2441 4197 2582 4250 vice.
2616 4197 2855 4252 Constat
2912 4215 3051 4253 sane
3107 4203 3262 4271 apud
3312 4202 3555 4258 Dantem
3591 4205 3709 4259 Ali-

2069 4281 2362 4351 gberium,
2420 4285 2725 4355 antiquum
2784 4292 2840 4340 et
2895 4288 3131 4342 maximi
3190 4291 3444 4346 nominis
3476 4298 3705 4363 poetam

2069 4368 2390 4437 Thuscum,
2412 4387 2609 4425 vocem
2638 4374 2790 4441 picta
2821 4390 2921 4444 pro
2946 4376 3090 4446 pede
3116 4379 3559 4449 usurpari.Vide
3576 4383 3704 4451 ejus

2066 4459 2348 4527 Infernum
2369 4460 2477 4513 sub
2502 4461 2674 4515 ﬁnem
2710 4466 2914 4517 cautus
2942 4481 3056 4518 xIx.
3091 4466 3362 4522 Vocabuli
3395 4474 3589 4524 autem
3610 4486 3705 4538 pes

1989 4564 2034 4626 Β
2065 4550 2119 4600 et
2146 4547 2659 4617 aequivalentinum
2692 4551 2750 4604 in
2784 4552 3012 4608 cunctis
3050 4553 3269 4625 linguis
3320 4573 3428 4612 usu
3460 4563 3548 4612 est
3582 4558 3703 4613 fre-

2067 4634 2493 4703 quentissimus
2546 4638 2614 4689 ad
2677 4638 3125 4709 significandam
3187 4660 3524 4700 mensuram
3583 4647 3704 4701 sive

2067 4722 2526 4779 instrumentum
2582 4727 2881 4785 metiendi.
2938 4728 3099 4785 Unde
3129 4731 3225 4787 ille
3270 4734 3446 4789 tritus
3478 4735 3698 4790 Horatii

2066 4826 2301 4866 versus:

2103 4901 2289 4955 Metiri
2326 4917 2382 4956 se
2428 4918 2693 4975 quemque
2748 4921 2843 4961 suo
2873 4908 3088 4963 module
3117 4926 3181 4965 ac
3206 4911 3341 4981 pede
3380 4928 3567 4967 verum
3597 4923 3696 4970 est.

2067 4988 2342 5056 Ejusdem
2376 4991 2606 5059 generis
2648 4997 2704 5046 et
2757 4995 3012 5050 nominis
3071 5002 3237 5052 erant
3304 4999 3701 5057 instrumenta

2067 5076 2262 5146 plures
2295 5077 2471 5132 simul
2514 5081 2687 5149 pedes
2717 5083 3111 5151 demetientia,
3155 5088 3218 5158 [P
3247 5089 3371 5159 412]
3407 5105 3531 5159 quae
3596 5107 3701 5163 pro

2069 5164 2288 5219 ratione
2318 5168 2569 5234 numeri,
2603 5174 2828 5225 retento
2860 5173 3023 5242 pedis
3070 5176 3324 5243 nomine,
3374 5176 3700 5249 distingue-

2067 5253 2294 5307 bantur.
2322 5258 2398 5308 Ex
2429 5255 2520 5309 his
2572 5262 2696 5311 erat
2736 5260 3091 5331 decempeda
3148 5263 3521 5318 dimetiendis
3579 5267 3699 5319 usi—

2066 5345 2185 5396 tata
2216 5342 2535 5412 porticibus
2567 5360 2634 5399 ex
2665 5346 2897 5403 Horatio
2930 5351 3161 5404 eodem:

2616 5504 2782 5559 Nulla
2814 5507 3156 5575 decempedis

2523 5579 2729 5629 Metam
2754 5577 2986 5647 privatis
3016 5594 3235 5647 opacam

2464 5648 2717 5701 Porticus
2755 5648 3065 5718 excipiebat
3084 5649 3303 5705 Arcton.
