4146 6288
453 325 590 381 1059

1502 326 1563 378 Ρ.
1605 320 1881 377 POSSINI
1915 318 2531 374 OBSERVATIONUM
2567 321 2703 373 LIB.
2743 323 2788 374 Ῑ.

3695 326 3842 382 1060

447 450 600 506 596
625 447 791 514 Nam,
825 448 892 501 ut
938 463 1118 518 supra
1144 446 1420 516 vidimus,
1450 443 1781 501 architectis
1820 446 1877 499 et
1928 439 2084 513 agri-
2113 441 2167 508 Α
2195 442 2284 496 vir
2337 441 2695 497 Theodosius
2741 446 2999 512 vocatur,
3052 444 3139 499 uti
3167 448 3222 501 et
3252 461 3301 500 ο.
3325 445 3416 513 22,
3450 445 3489 503 l.
3522 463 3582 502 ιι.
3617 448 3694 503 Ex
3738 450 3841 506 his

448 536 815 593 mensoribus
838 536 1237 590 commmunia
1266 539 1432 590 erant
1478 532 1817 603 hujusmodi
1866 532 2086 586 instru-

450 630 647 682 menta
680 641 1110 679 mensurarum.
1145 624 1289 687 Quia
1321 640 1490 693 porro
1543 622 1887 694 plerumque
1930 619 1993 673 ﬁt
2026 623 2088 672 ut

456 730 744 770 mensurze
776 730 984 768 nomen
1016 712 1096 767 rei
1128 716 1475 766 mensurate:
1500 711 1814 775 tribuatur,
1848 713 1904 763 et
1930 709 2085 761 dica-

453 810 550 859 tur
604 801 851 873 exempli
902 801 1089 873 gratia
1144 817 1237 871 pes
1295 800 1702 871 lcrrae,pulmus
1763 798 1881 853 sive
1954 798 2088 850 ulna

448 892 639 963 panni,
671 896 802 960 etc.,
835 890 916 944 ita
947 890 1210 944 videmus
1244 889 1514 944 Italicum
1539 886 1884 942 vocabulum
1942 886 2089 957 plola

448 986 614 1036 terra:
643 978 937 1033 interdum
983 978 1182 1042 tribui,
1212 978 1358 1032 forte
1410 994 1479 1031 ex
1510 975 1873 1030 dimensione
1935 973 2087 1043 agri-

453 1070 745 1124 mensoria
812 1067 979 1135 cujus
1038 1067 1496 1121 iustrumentum
1552 1067 1704 1135 picta
1762 1067 2084 1117 vocaretur.

449 1159 627 1223 Picta,
661 1157 827 1210 aiunt
856 1160 1124 1209 auctores
1156 1153 1583 1209 accuratissimi
1616 1152 1802 1207 Lexici
1836 1150 2086 1216 Etrusci,

449 1247 686 1302 diciamo
731 1243 787 1298 la
816 1243 958 1298 zotla
1005 1242 1063 1296 di
1120 1246 1268 1297 terra
1319 1242 1412 1297 che
1442 1242 1568 1296 abia
1620 1258 1739 1295 seco
1780 1239 1964 1294 l’erba.
2000 1238 2085 1291 Ad

451 1334 606 1405 quod
639 1332 821 1388 citant
840 1331 1023 1386 Pietro
1060 1332 1236 1385 l'eleri
1268 1331 1512 1385 Tratiato
1536 1347 1610 1395 νι,
1642 1330 1697 1383 in
1725 1330 1844 1382 htec
1875 1328 2085 1381 verba:

451 1428 576 1481 Non
618 1436 855 1491 vengono
886 1438 922 1474 a
978 1423 1091 1475 star
1120 1421 1280 1474 1ηοίιο
1318 1422 1450 1487 fuor
1487 1420 1632 1474 delia
1664 1427 1810 1472 terra
1852 1432 1949 1485 per
1992 1431 2084 1469 ca-

452 1512 604 1566 varsi
627 1510 717 1565 del
742 1511 1093 1564 semenzario
1123 1524 1221 1563 con
1251 1525 1395 1577 essa,
1427 1508 1537 1562 ciae
1570 1510 1626 1561 in
1643 1524 1756 1560 una
1785 1506 1942 1576 piota
1973 1508 2081 1558 etc.

450 1602 611 1654 Picta
643 1597 981 1669 ergoltalice
1010 1597 1164 1651 idem
1181 1598 1333 1667 quod
1354 1597 1636 1667 pes,unde
1655 1600 1709 1649 et
1725 1594 2084 1649 instrumen-

450 1694 575 1744 tum
593 1688 749 1759 agris
763 1686 1073 1741 metiendis
1098 1686 1317 1740 dictum
1341 1686 1422 1740 sic
1448 1685 1703 1751 iuerit,et
1720 1701 1827 1739 vox
1851 1680 2082 1750 ποιότης

2198 529 2484 584 habemus
2508 532 2587 585 ita
2618 531 2802 586 fuisse
2834 531 3121 603 peculiare
3169 535 3445 606 Principis
3478 552 3686 592 nomen
3733 540 3843 611 dy-

2197 620 2381 673 nastis
2414 619 2817 691 Peloponnesi,
2852 625 2915 673 ut
2944 638 3045 691 pro
3085 623 3366 677 vocabulo
3391 624 3619 679 familiai
3640 627 3839 681 adhae-

2198 714 2341 761 reret
2377 707 2627 777 singulis
2660 725 2723 761 ex
2755 725 2821 762 ea
2854 709 3025 763 domo
3061 711 3379 781 prognatis,
3414 730 3523 767 usu
3563 714 3835 769 videlicet

2197 795 2551 859 Graecorum,
2566 812 2765 849 verum
2782 802 2839 851 et
2860 797 3072 867 gentile
3098 814 3307 854 nomen
3324 800 3485 855 illius
3504 803 3703 873 stirpis
3716 804 3834 856 ori-

2197 883 2331 953 gine
2361 882 2649 938 Francicae
2680 884 2850 956 vulgo
2875 902 3047 939 nosse
3077 886 3273 942 minus
3288 890 3835 962 curantium,quan-

2199 987 2373 1042 quam
2398 970 2537 1024 illud
2575 971 2858 1027 doctiores
2889 990 3001 1028 non
3036 975 3345 1031 nescirent.
3378 977 3522 1031 Nam
3556 978 3839 1050 Georgius

2197 1059 2545 1131 Acropolita,
2578 1063 2837 1119 Historia:
2894 1080 3010 1117 sua:
3044 1080 3093 1117 c.
3150 1066 3237 1130 48,
3300 1066 3553 1122 Archaiaa
3595 1074 3648 1124 et
3674 1070 3842 1125 Pelo-

2197 1150 2441 1221 ponnesi
2475 1151 2796 1222 principem
2832 1149 3159 1224 Βιλαρδουΐν
3199 1154 3597 1213 Villarduinem
3645 1161 3838 1214 nomi-

2199 1243 2401 1293 natum
2427 1240 2607 1294 docet.
2636 1240 2919 1312 Gregoras
2946 1258 3080 1296 vero
3111 1242 3149 1295 l.
3188 1261 3288 1310 vn,
3322 1262 3378 1316 p.
3434 1247 3554 1312 109,
3595 1248 3841 1303 titulum

2197 1326 2483 1398 Principis
2507 1328 2901 1399 Pe10ponneso
2920 1330 3396 1402 imperitantibus
3424 1335 3715 1390 tributum
3746 1338 3837 1392 ait

2187 1418 2313 1487 jam
2340 1433 2372 1470 a
2402 1424 2658 1487 tempore
2690 1419 3269 1492 ConstantiniMagni,
3298 1422 3382 1477 uti
3403 1426 3458 1476 et
3477 1423 3839 1481 Athenarum

2196 1505 2453 1574 dynastas
2489 1522 2699 1559 nomen
2732 1508 2929 1577 magni
2962 1509 3129 1563 ducis
3152 1514 3207 1563 et
3238 1510 3562 1566 Thebarum
3596 1515 3840 1568 Bmotia-

2196 1611 2324 1647 rum
2361 1594 2596 1649 domino
2629 1594 3077 1665 appellationem
3108 1599 3301 1669 magni
3336 1600 3645 1670 primicerii
3668 1602 3842 1675 μεγά-

2194 1676 2294 1732 λου
2324 1699 2682 1754 upupam-pou,
2719 1699 2847 1753 quae
2878 1690 3080 1754 postea
3111 1702 3223 1740 usu
3251 1687 3405 1759 vulgi
3468 1690 3522 1743 in
3590 1690 3842 1763 μεγάλου

448 1777 625 1833 Graeci
676 1776 776 1829 aevi
828 1774 1118 1845 sequioris
1211 1776 1406 1828 eadem
1464 1774 1699 1828 notione
1776 1776 2081 1841 usurpata,
2119 1768 2382 1869 Βκυρίου
2444 1771 2939 1840 nuncupationem
2984 1775 3458 1845 degeneraverit;
3545 1780 3844 1834 obtinenti

448 1867 627 1921 istum
662 1881 831 1918 usum
860 1863 1142 1935 Hesychio
1161 1867 1396 1916 notante
1428 1868 1484 1915 et
1504 1862 1847 1931 Pachymere
1872 1859 2089 1914 exscri-

448 1953 648 2017 bente,
684 1955 854 2022 prout
884 1951 1167 2005 hactenus
1204 1950 1480 2018 diximus,
1534 1967 1646 2003 non
1708 1950 2087 2013 afﬁrmantes,

450 2044 553 2099 sed
586 2049 909 2112 quaerentes
936 2046 992 2095 et
1013 2040 1183 2110 quasi
1219 2040 1507 2094 micantes
1550 2041 1606 2093 in
1632 2038 1908 2093 tenebris.

523 2146 819 2220 Πράγματα
903 2164 959 2217 p.
1032 2146 1152 2199 448.
1212 2146 1329 2199 Hoc
1415 2145 1537 2199 loco
1624 2161 1729 2199 vox
1802 2143 2093 2216 πράγματα

451 2235 708 2294 similem
756 2234 1048 2289 notionem
1113 2234 1290 2288 habet
1353 2234 1480 2303 ejus
1512 2234 1581 2288 de
1636 2250 1753 2303 qua
1782 2233 2091 2286 adnotasse

449 2323 669 2395 aiiquid
730 2322 969 2376 memini
1028 2320 1266 2376 scholiis
1325 2322 1397 2374 ad
1452 2320 1725 2375 Catenam
1759 2320 2088 2374 Graecorum

450 2421 688 2469 Patrum
723 2412 779 2465 in
803 2410 1187 2482 Evangelium
1215 2410 1271 2465 S.
1300 2410 1499 2464 Marci.
1535 2409 1715 2476 brevi,
1739 2409 1850 2463 nisi
1884 2407 2089 2462 litterae

445 2499 1024 2565 amicorumfallunt,
1060 2498 1311 2553 Parasiis
1340 2498 1647 2552 edendam.
1682 2497 1971 2560 Similem,
1999 2496 2086 2549 in-

452 2607 653 2662 quam,
684 2605 799 2642 non
833 2588 988 2641 enim
1018 2586 1323 2656 pecuniam
1372 2589 1687 2656 signatam,
1744 2585 1845 2639 sed
1898 2585 2085 2654 signa,

449 2695 609 2747 vasa,
641 2692 905 2748 gemmas
937 2681 993 2729 et.
1022 2675 1149 2744 ejus
1181 2674 1410 2745 generis
1438 2673 1752 2744 pretiosam
1785 2678 1842 2727 et
1865 2672 2085 2743 specio-

449 2784 575 2824 sam
634 2763 1055 2836 supellectilem
1113 2763 1203 2818 hic
1261 2781 1327 2818 eo
1376 2764 1548 2818 verbo
1606 2762 1900 2832 designari
1976 2760 2087 2815 loci

452 2839 806 2911 sententiam.
823 2853 1016 2923 exigit.
1042 2852 1121 2907 De
1152 2869 1213 2908 re
1242 2851 1370 2923 ipsa
1391 2852 1483 2906 hic
1504 2850 1896 2918 indicata,hoc
1909 2854 1997 2904 est
2017 2850 2087 2903 de

450 2946 613 3001 clade
646 2942 847 2998 Isaacii
877 2941 1323 3013 Augusti,cujus
1347 2941 1651 2996 occasione
1682 2941 1795 2993 ista
1826 2938 2087 2993 venerint

448 3037 504 3091 in
536 3031 1567 3106 potestatemBulgarorum,dicimus
1601 3032 1658 3083 in
1695 3028 1849 3083 notis
1869 3029 1937 3083 ad
1955 3046 2083 3083 eum

446 3125 660 3179 locum.
704 3127 813 3176 Pro
848 3138 980 3176 voce
1009 3117 1362 3173 κάλλισταὶιι
1388 3120 1513 3173 cod.
1566 3118 1881 3172 Barberino
1932 3116 2082 3185 lege-

448 3213 620 3265 batur
656 3208 912 3279 μάλιστα,
946 3209 1043 3261 sed
1079 3212 1134 3259 et
1165 3207 1221 3259 in
1246 3206 1511 3275 ejusdem
1572 3222 1673 3259 ora
1702 3205 1919 3259 codicis
1948 3201 2085 3257 κάλ-
2117 3201 2157 3225 “

447 3297 605 3353 λιστα
632 3302 907 3365 tanquam
933 3294 1123 3349 verior
1153 3294 1319 3348 lectio
1350 3293 1775 3364 agnoscebatur
1800 3309 1815 3358 ;
1859 3297 1916 3345 et
1950 3308 2083 3345 cum

447 3402 575 3442 eam
628 3382 812 3439 solam
865 3382 1124 3453 optimus
1193 3388 1249 3435 et
1295 3382 1419 3451 ipse
1450 3381 1625 3435 codex
1663 3379 1991 3434 Allatianus
2023 3380 2084 3434 in

449 3476 783 3529 contextum
816 3471 1237 3541 reciperet,non
1258 3468 1515 3524 dubitavi
1549 3469 1690 3540 quin
1727 3469 2087 3540 praeferenda

449 3567 622 3619 esset.
648 3563 965 3617 Vaticanus
998 3561 1172 3616 solita
1203 3560 1831 3630 securitateutramque
1845 3558 2081 3613 omittit.

450 3655 727 3707 Convenit
758 3656 949 3705 autem
984 3650 1326 3719 adjunctum
1360 3646 1626 3701 κάλλιστα
1656 3649 1797 3703 satis
1841 3652 1971 3718 apte
2012 3646 2082 3699 ad

453 3740 898 3812 significandam
933 3739 1184 3809 speciem
1212 3737 1501 3808 insignem
1562 3752 1808 3804 coronae,
1849 3734 2081 3805 sceptri,

452 3844 723 3883 vasorum
758 3843 1087 3893 aureorum,
1122 3826 1442 3897 torquium,
1468 3824 1794 3892 monilium,
1824 3837 2083 3893 gemma-

456 3934 585 3971 rum
620 3915 988 3984 vestiumque
1017 3914 1548 3985 imperatoriarum,
1573 3912 1821 3983 qumhoc
1845 3914 1964 3967 loco
1989 3912 2086 3965 de-

456 4006 764 4075 signantur
794 4004 968 4058 verbo
1013 3999 1372 4075 πραγμάτων.
1434 4001 1580 4056 Galli
1625 4001 1797 4055 hodie
1852 4020 1958 4056 usu
2003 4004 2085 4057 si-

462 4092 586 4147 mili
638 4096 843 4146 vocant
872 4091 1021 4161 effets
1050 4107 1139 4144 res
1175 4091 1355 4161 pretio
1378 4090 1715 4159 aestimatas,
1749 4096 1920 4160 prout
1964 4092 2086 4146 dis-

451 4182 807 4251 tinguuntur
837 4197 868 4232 a
900 4178 1084 4249 pretio
1116 4179 1241 4249 ipso
1273 4183 1327 4233 et
1350 4176 1626 4232 nummis.

523 4287 608 4358 [P.
664 4285 789 4355 413]
849 4283 1085 4356 ΙΙρίγκιψ
1158 4280 1247 4335 καί
1298 4281 1591 4356 ΙΙρίντζης,
1681 4300 1734 4354 p.
1822 4285 1943 4339 402.
1996 4285 2087 4340 Ait

456 4374 715 4447 plurium
745 4373 1040 4444 suffragiis
1070 4374 1425 4428 destinatum
1464 4373 1882 4444 patriarchatui
1939 4374 2087 4431 Con-

447 4462 963 4533 stantinopolitano
998 4462 1176 4517 fuisse
1205 4462 1557 4517 monachum
1591 4462 1825 4516 nomine
1868 4463 2085 4518 Princi-

452 4568 582 4622 pem
634 4568 701 4604 ex
744 4550 965 4604 familia
1019 4550 1352 4620 Principum
1418 4549 1820 4619 Peloponnesi.
1857 4553 1983 4619 Agit
2018 4554 2087 4607 de

448 4640 651 4694 eodem
687 4638 722 4692 Ι.
757 4655 841 4706 ιιι,
875 4656 924 4692 c.
958 4640 1011 4703 3,
1046 4639 1272 4705 Noster,
1299 4640 1436 4692 dum
1460 4639 1613 4693 hunc
1643 4642 1712 4693 ab
1738 4641 2083 4710 imperatore

455 4727 703 4781 missum
734 4726 814 4779 ait
837 4728 906 4781 ad
933 4727 1155 4781 Challia
1204 4727 1533 4782 Tachorum
1567 4727 1948 4782 Orientalium
1982 4730 2083 4801 dy-

456 4820 681 4869 nastam
713 4815 1025 4869 deduxisse
1055 4814 1235 4869 ﬁliam
1275 4815 1512 4869 rotham
1552 4815 1916 4887 imperatoris
1973 4818 2083 4889 ipsi

448 4902 666 4960 Chalau
700 4905 1050 4973 desponsam
1078 4921 1091 4969 ;
1125 4909 1462 4973 quaetamen
1483 4922 1615 4959 cum
1630 4922 1694 4959 eo
1709 4907 2083 4977 pervenisset,

450 4996 676 5061 reperto
714 4996 943 5046 mortuo
986 4991 1225 5057 Chalau,
1267 4994 1393 5061 ejus
1447 4991 1567 5046 ﬁlio
1617 5000 1672 5047 et
1728 4996 2084 5050 succcessori

450 5084 659 5150 Apagae
683 5079 768 5134 vel
822 5080 1075 5151 Apagani
1130 5080 1415 5150 nupserit.
1470 5080 1658 5135 Verba
1714 5082 2086 5153 Pachymcris

452 5172 628 5223 sunt:
662 5168 754 5235 Τῷ
820 5168 912 5239 μὲν
1001 5164 1223 5219 Χαλαοῦ
1283 5167 1416 5237 μετὰ
1439 5170 1535 5220 τοῦ
1583 5167 1829 5241 μονοιχοῦ
1858 5171 1945 5223 καὶ
2005 5172 2083 5224 ἱε-

448 5254 582 5329 ρέως
631 5254 934 5328 Πρίγκιπος
969 5251 1207 5326 ἐξεδίδου
1232 5255 1330 5321 τὴν
1363 5254 1420 5307 ἐκ
1448 5261 1548 5322 τῆς
1590 5251 2085 5327 Διπλοϐατατζίνης

444 5365 507 5417 sic
553 5342 760 5404 νοθείας
811 5341 977 5397 παῖδα
1027 5342 1258 5417 Μαρίαν·
1310 5344 1399 5395 καὶ
1452 5343 1479 5396 ὁ
1524 5343 1763 5418 ΙΙρίγκιψ
1810 5347 2087 5421 ἀρχιμαν-

446 5431 632 5505 δρίτης
695 5427 766 5485 ὥν
823 5434 947 5486 τότε
996 5439 1095 5501 τῆς
1149 5435 1246 5485 τοῦ
1297 5431 1733 5506 παντοκράτορος
1769 5440 2085 5507 μονῇς,θῑο.

444 5523 501 5576 Is
531 5526 735 5591 postea
786 5530 1017 5578 creatus
1056 5522 1455 5577 Antiochenus
1498 5522 1830 5592 patriarcha
1868 5525 2085 5581 ibidem

446 5609 688 5678 dicitur,
747 5614 806 5665 et
864 5626 957 5668 res
1018 5616 1292 5668 narratus
1322 5611 1471 5669 597
1524 5610 1563 5666 l.
1597 5629 1672 5683 v1,
1704 5628 1754 5681 c,
1776 5613 1831 5685 5,
1880 5613 1979 5669 ubi
2001 5613 2093 5670 hic

2198 1857 2450 1927 denique
2482 1857 2734 1912 Siciliam
2770 1861 2922 1930 regis
2954 1877 3187 1916 nomen.
3225 1864 3841 1937 Ridicule,quasijam

2198 1952 2325 2001 tum
2360 1950 2526 2002 aetate
2558 1947 2920 2002 Constantini
2948 1949 3141 2020 Magni
3167 1951 3387 2023 Sicilia,
3410 1954 3634 2019 Thebae,
3668 1957 3849 2011 Athe-

2200 2053 2305 2104 nae,
2329 2035 2761 2106 Peloponnesus
2794 2037 2994 2091 avulsa
3017 2055 3049 2091 a
3076 2055 3312 2110 corpore
3345 2042 3845 2115 Romaniimperii

2199 2125 2463 2195 dynastis
2486 2124 2733 2195 propriis
2766 2125 3225 2196 subessent,non
3259 2130 3428 2183 modo
3462 2130 3516 2184 id
3554 2131 3847 2187 tolerante

2201 2229 2355 2267 novae
2389 2212 2581 2267 Romae
2609 2212 2925 2281 conditore,
2953 2216 3050 2269 sed
3086 2216 3284 2286 etiam,
3327 2217 3375 2271 si
3430 2220 3661 2290 superis
3710 2221 3841 2291 pla-

2199 2305 2309 2369 cet,
2341 2300 2485 2355 istos
2513 2300 2741 2370 regulos
2772 2300 2983 2372 amplis
3016 2303 3297 2359 honorare
3342 2307 3843 2378 appellationibus

2198 2395 2460 2443 curante.
2519 2389 2693 2443 Porro
2747 2389 2785 2444 Ι.
2843 2405 2928 2455 ιιι,
2984 2408 3031 2444 c.
3094 2392 3181 2460 16,
3215 2393 3363 2448 hanc
3418 2412 3615 2449 vocem
3666 2396 3842 2453 aliter

2198 2478 2575 2548 Pachymeres
2634 2476 2836 2532 scribit
2881 2478 2939 2531 in
2972 2478 3065 2533 his
3125 2480 3354 2535 verbis:
3419 2482 3840 2557 Καθημερινοὺς

2195 2564 2617 2637 πολέμουςπρὸς
2700 2564 2789 2617 τὸν
2848 2564 3112 2640 Πρῖντζην
3185 2566 3364 2642 ἐξῆγε.
3423 2573 3709 2642 Loquitur
3764 2575 3840 2628 de

2197 2654 2654 2712 sebastocratore
2686 2655 2865 2710 frater
2890 2654 3261 2726 imperatoris
3312 2660 3463 2713 circa
3494 2659 3833 2715 Monemba-

2197 2746 2343 2798 siam
2378 2743 2735 2814 quotidianis
2765 2743 3202 2800 velitationibus
3238 2748 3517 2802 adversus
3553 2749 3828 2819 Pelopon-

2197 2834 2317 2889 nesi
2351 2832 2677 2903 Principem
2709 2833 3073 2903 decernente,
3097 2850 3270 2904 quem
3306 2834 3572 2909 Πρίντζην
3620 2838 3834 2892 Printi-

2193 2938 2316 2976 zem
2348 2926 2530 2987 vocat,
2566 2920 2842 2974 vocabulo
2877 2921 3146 2992 prOprius
3178 2926 3485 2978 accedente
3519 2926 3586 2980 ad
3633 2943 3829 2980 vocem

2196 3011 2563 3065 Franciscam
2596 3009 2812 3076 Prince,
2836 3026 3011 3079 quam
3045 3010 3302 3066 Francici
3339 3022 3471 3068 tunc
3507 3014 3706 3069 incola:
3736 3015 3825 3068 Pe-

2195 3098 2494 3169 loponnesi
2525 3098 2822 3168 proprium
2859 3099 3162 3153 dominum
3187 3100 3595 3170 indigitabant.

2266 3216 2581 3294 Προϐολεύς
2640 3238 2695 3291 ρ.
2730 3222 2853 3275 482.
2896 3221 3101 3277 Merito
3134 3223 3227 3279 hic
3275 3225 3495 3280 Veccus
3523 3225 3587 3279 τὸ
3621 3222 3835 3301 προϐο-

2194 3307 2319 3369 λεὺς
2377 3308 2452 3369 εἷς
2505 3309 2567 3362 τὸ
2622 3305 2796 3370 uitio;
2848 3305 3272 3381 μεταλαμϐάνει,
3321 3313 3429 3368 hoc
3473 3319 3581 3383 est,
3640 3315 3840 3371 inesse

2191 3398 2473 3453 vocabulo
2530 3392 2837 3470 προϐολεύς
2897 3398 3014 3452 vim
3087 3401 3501 3473 notionemque
3558 3404 3836 3474 principii

2192 3489 2359 3542 activi
2391 3503 2456 3541 ac
2478 3503 2665 3541 causa:
2696 3487 3101 3541 contendebat.
3122 3488 3214 3541 Sic
3243 3489 3396 3543 enim
3449 3489 3615 3557 plane
3664 3508 3831 3547 eam-

2193 3579 2323 3631 dem
2375 3592 2567 3630 vocem
2618 3574 2904 3629 intellexit
2950 3581 3006 3629 et
3029 3578 3332 3646 usurpavit
3377 3581 3688 3649 Gregorius
3710 3586 3824 3635 Na-

2188 3665 2520 3729 zianzenus,
2573 3663 2843 3717 Oratione
2899 3664 2969 3717 de
3020 3663 3183 3728 Filio,
3233 3666 3290 3718 in
3338 3666 3429 3719 his
3460 3668 3682 3723 verbis:
3717 3668 3824 3722 Καὶ

2189 3752 2349 3805 τοῦτό
2399 3750 2537 3805 ἐστιν
2583 3752 2719 3821 ἡμῖν
2767 3750 2794 3803 ὁ
2847 3751 3027 3822 Πατὴρ
3076 3751 3165 3804 καὶ
3215 3752 3242 3805 ὁ
3275 3753 3400 3815 Υἱὸς
3440 3754 3530 3806 καὶ
3560 3755 3623 3807 τὸ
3676 3756 3827 3829 ἅγιον

2194 3843 2430 3910 Πνεῦμα,
2463 3839 2489 3892 ὁ
2526 3839 2618 3909 μὲν
2645 3840 2947 3910 (nimirum
2991 3842 3173 3911 Pater)
3235 3843 3509 3914 γεννήτωρ
3557 3843 3647 3896 καὶ
3696 3864 3832 3914 προ-

2193 3923 2389 3990 ὅολεὺς
2443 3925 2612 3999 (λέγω
2655 3924 2712 3980 δὲ
2741 3927 2959 3989 ἀπαθῶς
3022 3926 3111 3980 καὶ
3170 3927 3419 4001 ἀχρόνως
3474 3931 3563 3984 καὶ
3613 3932 3831 4003 ἀσωμάο

2191 4018 2344 4085 τως),
2396 4019 2503 4069 τῶν
2559 4012 2616 4068 δὲ
2675 4020 2750 4086 (et
2783 4016 2910 4069 Filii
2963 4025 3017 4071 et
3071 4017 3320 4086 Spiritus
3379 4020 3584 4088 sancti)
3639 4020 3699 4073 τὸ
3735 4020 3829 4091 μὲν

2192 4105 2457 4177 γέννημα,
2515 4104 2577 4157 τὸ
2636 4100 2693 4155 δὲ
2747 4097 3069 4174 πρόϐλημα.
3108 4105 3225 4160 Ubi
3256 4106 3408 4160 clare
3431 4107 3596 4163 Pater
3644 4128 3831 4181 γεννηο

2190 4212 2302 4267 τωρ
2334 4193 2463 4248 Filii
2505 4192 2723 4258 aeterni,
2757 4185 3066 4263 προϐολεύς
3097 4198 3291 4247 autem
3325 4195 3510 4249 sancti
3572 4197 3828 4268 Spiritus

2194 4282 2428 4349 dicitur,
2461 4280 2716 4335 vicissim
2750 4286 2943 4334 autem
2978 4280 3154 4337 Filius
3186 4281 3371 4337 Patris
3398 4283 3665 4356 γέννημα,
3697 4287 3825 4357 Spi-

2196 4372 2344 4426 ritus
2371 4374 2561 4424 autem
2594 4372 2831 4424 sanctus
2862 4369 3122 4439 ejusdem
3152 4363 3477 4442 πρόϐλημα.
3510 4374 3591 4428 Ex
3614 4374 3821 4444 quibus

2200 4465 2357 4530 patet
2384 4458 2621 4513 verbum
2644 4452 2981 4531 προϐάλλειν
2997 4476 3108 4513 non
3130 4475 3547 4531 quamcunque
3570 4462 3817 4518 emissio-

2197 4564 2327 4602 nem
2363 4548 2554 4601 Latine
2586 4547 2935 4617 signiﬁcare,
2968 4548 3068 4602 sed
3100 4564 3226 4603 eam
3260 4565 3387 4619 quae
3420 4550 3497 4604 sit
3548 4567 3676 4605 cum
3729 4550 3817 4603 in-

2193 4637 2347 4691 ﬂuxu
2382 4635 2563 4690 activo
2595 4636 2766 4706 conju
2780 4640 2939 4704 ncta;
2964 4636 3154 4707 qualis
3170 4642 3258 4691 est
3275 4638 3515 4694 emissio
3532 4656 3824 4695 ramorum

2192 4742 2259 4779 ex
2286 4726 2513 4779 vivente
2538 4730 2763 4780 trunco.
2798 4724 3066 4789 Qualium
3099 4725 3487 4782 emissionum
3532 4734 3623 4782 est
3669 4744 3827 4783 men-

2153 4808 2271 4870 tio
2323 4818 2486 4870 Cant.
2547 4830 2624 4881 1v,
2684 4815 2789 4867 115:
2848 4814 3175 4870 Emissiones
3223 4820 3339 4872 tua:
3364 4817 3666 4887 paradisus
3719 4834 3831 4870 ma-

2194 4904 2373 4959 lorum
2428 4904 2781 4957 Punicorum.
2870 4903 3056 4966 Quare
3142 4903 3283 4957 mihi
3364 4906 3598 4960 videtur
3688 4905 3832 4960 satis

2194 4993 2338 5047 bene
2396 4992 2743 5063 respondere
2800 4992 2994 5046 Graeco
3053 4991 3189 5047 huic
3259 4994 3432 5049 verbo
3490 4987 3829 5069 προϐάλλειν

2195 5081 2463 5136 Latinum
2492 5080 2805 5151 producere,
2838 5081 2992 5150 quod
3024 5080 3289 5151 etipsum
3315 5098 3503 5138 causa
3534 5083 3830 5138 notionem

2194 5169 2389 5235 habet,
2421 5170 2563 5224 adeo
2597 5174 2657 5223 ut
2686 5162 2992 5240 προϐολεύς
3025 5174 3176 5224 recte
3206 5170 3525 5241 explicetur
3553 5170 3832 5226 vocabulo

2191 5256 2499 5329 productor,
2534 5256 2729 5326 sicque
2761 5257 2816 5310 in
2839 5256 3174 5312 testimonio
3224 5257 3617 5315 Damascenus
3663 5264 3835 5315 Pater

2196 5350 2445 5400 a>ternus
2476 5345 2788 5415 productor
2819 5346 3005 5399 sancti
3039 5345 3290 5415 Spiritus
3318 5363 3418 5417 per
3448 5347 3653 5402 Filium
3671 5347 3833 5401 dica-

2198 5440 2311 5490 tur.
2346 5434 2528 5488 Multa
2560 5434 2628 5488 de
2661 5433 2956 5488 vocabulis
2989 5427 3293 5506 προϐολεύς
3324 5439 3380 5490 et
3409 5429 3661 5509 προϐολή
3696 5453 3834 5490 eru—

2196 5521 2487 5577 ditissime
2537 5522 2798 5593 disputat
2853 5522 3117 5578 Petavius
3164 5526 3363 5578 noster
3392 5539 3443 5579 c.
3492 5524 3545 5590 8,
3579 5524 3617 5581 l.
3660 5541 3714 5590 ν,
3758 5525 3835 5579 De

2202 5612 2465 5669 Trinitate
2524 5611 2674 5669 598
2728 5615 2787 5668 et
2838 5611 2977 5667 alibi
3036 5611 3094 5669 in
3126 5628 3193 5668 eo
3251 5628 3441 5684 opere,
3495 5628 3618 5685 qua:
3645 5612 3833 5670 videri
