4146 6288
308 344 437 399 1061

1752 341 2233 399 GLOSSARIUM.

3547 343 3685 397 1062

306 470 459 540 apud
486 485 621 525 eum
658 473 926 541 possunt.
957 469 1075 525 Hoc
1106 469 1257 525 enim
1290 467 1441 540 quod
1473 465 1746 534 diximus,
1771 466 1939 522 nobis
1968 523 1976 534 ,

2122 462 2299 519 Πύλαι
2354 463 2441 518 καὶ
2498 463 2648 519 πύλα
2706 483 2761 538 p.
2820 468 2943 522 365.
3005 466 3108 522 Hic
3175 483 3373 523 vocem
3432 465 3689 541 ἀραρυίας

309 574 412 627 pro
442 556 735 621 instituto,
760 563 817 612 et
844 557 953 611 loci
991 573 1159 629 quem
1192 561 1512 611 tractamus
1543 554 1948 627 intelligentia,

312 646 531 701 sufﬁcit
559 646 615 698 in
648 661 920 715 praesens.

390 752 468 819 [P.
504 751 652 822 413.]
682 747 1065 822 ΙΙροσελῶντες
1095 768 1154 821 p.
1184 750 1310 806 209.
1344 750 1613 821 Remiges
1661 749 1766 804 hos
1807 748 1952 803 fuis-

314 858 397 909 se,
432 840 530 912 qui
568 836 935 911 προσελῶντες
968 839 1133 909 quasi
1168 838 1394 910 proprio
1428 839 1571 893 artis
1602 843 1702 891 aut
1733 836 1955 891 ordinis

311 929 593 983 vocabulo
627 929 997 996 dicebantur,
1019 934 1074 983 et
1104 929 1231 999 ipsa
1262 928 1420 997 origo
1442 928 1646 981 suadet
1675 926 1828 979 vocis
1850 923 1955 977 ἀπὸ

310 1021 410 1071 τοῦ
442 1014 831 1089 προσελαύνειν
869 1015 985 1070 sive
1029 1013 1297 1085 προσελᾷν
1347 1030 1597 1086 prorsum
1648 1014 1954 1084 impellere,

312 1112 372 1163 et
404 1108 618 1161 diserte
670 1104 877 1159 Noster
936 1105 1107 1172 tradi,
1139 1109 1263 1157 tum
1326 1104 1417 1157 hic
1473 1107 1599 1157 tum
1632 1120 1681 1157 c.
1715 1103 1803 1169 30,
1838 1102 1874 1155 ι.
1902 1118 1956 1167 v,

316 1194 417 1249 ubi
449 1210 622 1265 quem
683 1191 861 1246 semel
922 1186 1276 1263 προσελῶντα
1334 1192 1575 1255 dixerat,
1608 1194 1807 1261 postea
1838 1209 1958 1241 συν-

318 1280 552 1353 ωνύμως
611 1284 776 1335 vocat
831 1276 1185 1352 προσερὲτην.
1247 1277 1489 1333 Wolﬁus
1548 1279 1605 1332 in
1673 1279 1958 1347 excerptis

316 1368 789 1439 Pachymerianis
837 1373 1101 1437 Gregoraa
1167 1367 1445 1435 subjectis
1476 1366 1745 1421 vitiosam
1780 1366 1959 1434 hujus

316 1456 583 1510 vocabuli
616 1456 963 1523 scripturam
989 1453 1282 1523 exprimit,
1308 1470 1375 1507 ex
1398 1455 1674 1509 mendoso
1698 1452 1963 1507 videlicet

316 1545 534 1608 codice,
569 1544 708 1596 dum
743 1542 893 1595 hanc
921 1543 1127 1596 recitat
1157 1558 1225 1596 ex
1256 1542 1365 1596 hoc
1419 1541 1573 1595 haud
1630 1542 1805 1595 dubie
1839 1542 1961 1595 loco

310 1631 667 1691 sententiam
704 1646 717 1684 :
750 1629 1121 1686 Gasmulicum
1161 1631 1231 1683 ad
1280 1631 1417 1684 bella
1465 1638 1585 1683 erat
1632 1632 1960 1699 animosum,

303 1720 644 1791 Pyzylontes
673 1734 799 1774 vero
828 1718 1053 1786 agendis
1082 1720 1253 1772 remis
1283 1717 1519 1783 strenui,

2059 552 2496 609 emendavimus
2562 553 2776 608 indicio
2842 554 3125 626 syntaxis,
3182 570 3318 609 cum
3390 552 3689 629 ἀραρυέαις,

2060 644 2213 714 quod
2237 644 2292 697 in
2316 644 2482 697 codd.
2500 643 2540 697 B
2562 647 2618 698 et
2638 646 2703 712 A,
2730 644 3001 699 Vaticano
3024 646 3345 712 omittente,
3370 645 3689 717 legebatur,

2062 732 2340 800 quadrare
2359 734 2427 786 ad
2448 748 2642 786 vocem
2665 728 2841 793 πύλας
2864 750 2973 787 non
3000 737 3205 803 potest.
3245 734 3504 788 Probain
3537 734 3692 788 hunc

2060 819 2250 874 locum
2284 825 2367 874 est
2399 820 2734 895 παράφρασις
2774 821 3035 877 Vaticani
3075 821 3288 877 codicis
3320 821 3410 875 his
3462 824 3691 881 verbis:

2061 908 2162 963 Kal
2194 906 2368 969 πύλας
2399 908 2449 961 ἐν
2480 914 2597 969 ταῖς
2630 910 2842 983 πέτραι,
2874 907 3042 985 ἤγουν
3076 907 3239 962 ἀλυον
3300 910 3449 982 (lego
3482 908 3694 983 ἅλυσιν)

2063 993 2285 1070 σιδηρᾶν
2336 997 2427 1050 καὶ
2486 996 2714 1073 ἰσχυρὰν
2765 997 3138 1065 κατεσκεύαζε.
3174 997 3295 1053 Non
3356 1016 3491 1071 ergo
3522 1010 3695 1071 porta)

2062 1090 2163 1140 aut
2203 1085 2376 1141 valvae
2406 1104 2474 1142 ex
2505 1088 2652 1142 ferro
2686 1088 2881 1143 solida:
2932 1088 3317 1159 intelligendas
3374 1088 3465 1143 hic
3497 1090 3695 1146 fuere:

2063 1200 2243 1255 neque
2274 1185 2429 1239 enim
2476 1186 2531 1239 id
2586 1185 2729 1241 sinit
2786 1187 2867 1240 rei
2925 1186 3203 1257 subjecta:
3265 1190 3492 1241 natura.
3549 1188 3696 1257 Non,

2064 1274 2328 1344 inquam,
2387 1275 2599 1345 portui,
2650 1282 2712 1329 ut
2769 1275 2965 1330 domui
3025 1281 3125 1329 aut
3179 1275 3431 1331 conclavi
3489 1277 3698 1334 obduci

2067 1362 2315 1416 solidum
2351 1364 2565 1417 ostium
2600 1367 2810 1435 potest.
2844 1364 2952 1429 Qui
2991 1364 3145 1419 enim
3198 1369 3299 1419 aut
3327 1366 3541 1435 quibus
3574 1383 3695 1420 mo-

2067 1451 2241 1505 liendi
2278 1451 2563 1506 machinis
2621 1458 2793 1507 tantae
2852 1453 3178 1508 latitudinis
3236 1461 3427 1524 postes
3479 1461 3695 1524 essent,

2070 1546 2288 1610 quanta
2317 1539 2544 1610 explere
2575 1545 2746 1612 atque
2796 1542 3085 1611 obturare,
3120 1559 3292 1612 quam
3347 1549 3503 1599 vaste
3555 1544 3697 1613 hiat,

2069 1628 2323 1683 valerent
2370 1634 2553 1683 totum
2588 1648 2652 1684 os
2702 1640 2926 1701 portus,
2961 1648 3074 1701 quo
3133 1648 3355 1702 magnas
3408 1649 3473 1688 ac
3517 1632 3702 1707 longae

2073 1734 2247 1771 naves
2281 1717 2603 1788 praelongos
2636 1718 2769 1772 hinc
2830 1719 2963 1774 inde
3022 1721 3428 1790 protendentes
3486 1738 3701 1789 remos,

385 1824 683 1899 Ιῐροσπαῖω
716 1842 771 1896 p.
802 1825 929 1880 276.
965 1823 1072 1877 Vix
1113 1822 1250 1877 alibi
1313 1824 1564 1894 reperies
1624 1821 1965 1896 προσπαίειν,

2086 1822 2267 1876 neque
2300 1823 2413 1861 non
2448 1807 2771 1875 singulares
2804 1809 2903 1863 sed
2938 1808 3132 1879 plures
3175 1810 3468 1864 interdum
3503 1810 3703 1877 simul,

304 1914 429 1972 etsl
488 1911 687 1979 παίειν,
736 1913 821 1967 uti
876 1912 987 1967 alia
1038 1929 1106 1967 ex
1164 1929 1228 1966 eo
1288 1912 1632 1983 composita.
1694 1914 1965 1983 frequens

311 2003 417 2059 sit.
451 2001 597 2064 Quid
630 2001 788 2055 aliud
849 2008 1125 2070 putemus
1183 2016 1358 2071 quam
1415 2000 1811 2070 metaphoram
1873 2000 1967 2055 hic

325 2106 458 2146 esse
489 2107 521 2143 a
552 2090 765 2159 sagitta
797 2088 854 2141 in
890 2104 1131 2159 scopum
1164 2087 1392 2141 intenta
1446 2088 1507 2159 [P
1540 2089 1663 2159 413]
1694 2093 1751 2142 et
1800 2087 1965 2142 illum

327 2179 570 2233 feriente
602 2178 837 2231 ductam
862 2176 889 2230 ?
910 2176 993 2231 sic
1024 2176 1179 2230 enim
1206 2176 1284 2230 ait
1312 2176 1567 2230 fabulam
1592 2177 1887 2230 incurrere
1910 2179 1968 2231 in

328 2284 527 2323 verum
589 2282 655 2319 ac
701 2265 841 2319 illud
896 2268 1213 2335 percutere,
1242 2268 1305 2318 ut
1336 2264 1647 2335 saggittam
1703 2281 1965 2335 scopum.

326 2353 532 2411 Simile
565 2352 843 2424 quiddam
877 2368 1174 2406 sacrarum
1230 2351 1566 2406 Litterarum
1624 2352 1969 2424 interpretes

333 2445 621 2497 adnotant
653 2440 723 2494 ad
757 2440 897 2493 illud
932 2444 989 2493 S.
1026 2439 1183 2493 Pauli
1220 2440 1290 2493 ad
1326 2439 1490 2493 Rom.
1523 2458 1579 2505 x,
1608 2442 1679 2494 lt:
1713 2441 1865 2495 Finis
1893 2442 1964 2496 le-

328 2531 416 2600 gis
448 2530 719 2585 Christus.
756 2528 863 2581 Lex
908 2527 989 2581 ibi
1044 2531 1285 2581 vocatur
1336 2532 1458 2582 tota
1510 2528 1752 2583 historia
1806 2535 1972 2583 vetus

339 2617 521 2673 sacris
552 2616 718 2670 libris
751 2616 1177 2683 commendata,
1200 2616 1415 2685 quibus
1446 2620 1501 2670 et
1527 2633 1615 2671 res
1647 2635 1679 2670 ει
1710 2617 1974 2688 patribus

337 2711 513 2780 gestae
536 2709 592 2759 et
614 2720 913 2759 sacrorum
939 2707 1253 2774 apparatus
1277 2720 1341 2757 ac
1366 2706 1721 2759 caeremoniae
1740 2706 1975 2759 tradun-

338 2802 455 2863 tur,
489 2794 687 2849 omnia
723 2793 1016 2848 Christum
1060 2796 1369 2846 venturum
1425 2794 1875 2865 prazﬁgurantia.
1912 2796 1974 2847 In

331 2902 446 2959 quo
476 2883 746 2938 allusisse
776 2882 1093 2952 Apostolus
1143 2886 1381 2953 putatur
1412 2884 1478 2936 ad
1512 2883 1790 2955 originem
1825 2885 1978 2939 vocis

341 2973 633 3029 Hebraicaa
669 2972 839 3041 legem
890 2970 1276 3040 signiﬁcante,
1309 2980 1455 3031 mm
1515 2971 1674 3025 thora
1733 2972 1885 3026 enim
1948 2990 1980 3026 a

346 3064 537 3120 radice
594 3064 753 3117 ίαναή
820 3065 908 3115 est
964 3062 1131 3129 cujus
1189 3060 1377 3131 prima
1458 3062 1614 3115 notio
1675 3069 1764 3117 est
1811 3062 1979 3133 jecit,

332 3154 584 3224 profecit.
610 3151 772 3205 Unde
787 3151 911 3220 ejus
928 3153 1015 3203 est
1040 3165 1181 3203 usus
1201 3150 1470 3219 proprius
1494 3150 1551 3204 in
1572 3150 1969 3218 ejaculatione.

334 3244 353 3296 ι
390 3246 610 3313 Regum
644 3257 735 3304 xx,
769 3240 859 3304 36,
892 3239 962 3292 de
992 3236 1319 3292 Jonathane
1351 3238 1621 3307 sagittam
1653 3239 1977 3306 cjaculante

335 3330 615 3386 scribitur
651 3338 801 3388 73.1.1
841 3336 938 3388 mi
966 3335 1139 3387 -mm
1197 3325 1335 3380 vehu
1392 3326 1559 3381 iarah
1618 3326 1901 3381 hachctsi:
1930 3332 1979 3381 et

332 3418 598 3487 ipsejecit
625 3417 907 3485 sagittam.
927 3416 1048 3477 Quo
1082 3413 1369 3483 pertinere
1392 3419 1641 3483 putatur
1666 3415 1980 3470 multorum

336 3504 702 3559 Psalmorum
739 3501 1080 3572 inscriptio:
1130 3502 1190 3554 In
1219 3502 1403 3569 ﬁnem,
1440 3501 1547 3556 hoc
1606 3508 1694 3557 est
1731 3502 1787 3557 in
1821 3503 1981 3557 Chri-

330 3595 603 3657 .stum.ln
635 3607 808 3661 quem
842 3589 1037 3661 procul
1067 3589 1447 3644 indicandum
1481 3595 1535 3645 et
1564 3593 1731 3663 quasi
1764 3593 1980 3663 indigi-

337 3681 587 3734 tandum
649 3679 924 3750 pleraque
982 3678 1060 3730 ibi
1121 3678 1337 3748 scripta
1397 3678 1815 3749 dirigebantur.
1870 3682 1984 3735 Nec

338 3768 602 3835 frustra;
633 3766 877 3821 veritate
908 3766 1125 3836 quippe
1157 3764 1455 3835 prophetis
1514 3772 1711 3821 exacte
1744 3784 1984 3838 respon-

340 3854 534 3923 dente,
589 3855 773 3926 ﬁgure
802 3854 861 3907 in
893 3869 1014 3907 rein
1078 3853 1467 3908 incurrerunt.
1500 3855 1713 3911 Fabula
1768 3857 1987 3913 morale

344 3948 702 4015 praeceptum
765 3941 1135 3997 adumbratis
1194 3959 1297 4013 par
1352 3942 1499 3997 ratio
1558 3948 1661 3996 est.
1714 3943 1784 3997 Ut
1832 3947 1985 3999 enim

344 4034 535 4109 ﬁgura
558 4031 914 4102 prephetica,
936 4047 1068 4083 cum
1094 4046 1183 4084 res
1210 4031 1455 4101 ﬁgurata
1478 4031 1797 4097 exhibetur,
1823 4052 1987 4105 προσ-

344 4100 523 4173 πᾶίειν
558 4100 809 4189 mana,
844 4122 905 4173 in
934 4119 1217 4174 veritatem
1267 4118 1507 4174 incidere
1560 4119 1790 4186 dicitur,
1825 4121 1904 4175 sic
1934 4126 1991 4177 et

349 4208 651 4280 apologus,
687 4224 821 4262 cum
855 4224 920 4262 eo
954 4208 1345 4278 signiﬁcatum
1379 4208 1552 4261 ofﬁcii
1589 4209 1869 4263 monitum
1898 4212 1992 4265 de-

345 4297 600 4352 claratur
644 4301 700 4351 et
731 4295 898 4367 quasi
928 4296 998 4350 ad
1032 4310 1151 4349 rem
1187 4295 1371 4366 ipsam
1406 4294 1750 4366 applicatur.

419 4388 641 4457 Πρῶτος
722 4402 777 4455 p.
847 4385 969 4437 298.
1044 4383 1185 4456 Πρὸς
1248 4382 1338 4435 τὸν
1401 4386 1616 4453 πρῶτον
1690 4382 1991 4455 ἐκθέμενος.

349 4474 455 4529 Hic
492 4476 710 4547 πρῶτος
753 4471 1015 4526 absolute
1048 4476 1103 4525 et
1155 4471 1485 4526 subtantive
1518 4477 1834 4543 usurpatur
1891 4491 1994 4545 pro

346 4559 774 4632 supremoillic
818 4560 1067 4631 praeside
1126 4576 1422 4614 sacrorum
1481 4576 1685 4631 nempe
1746 4562 1990 4630 patriar-

349 4650 487 4705 cha.

422 4734 788 4811 Ηρωτοκῆρυξ
843 4754 897 4806 p,
930 4737 1053 4806 476,
1095 4737 1276 4801 Quem
1337 4740 1509 4790 antea
1564 4741 1865 4792 vocaverat
1897 4733 1993 4791 80-

355 4826 606 4897 μὲστικον
668 4822 983 4893 ἐκκλησίας,
1043 4841 1199 4879 nunc
1258 4824 1512 4896 appellat
1573 4826 1991 4898 πρωτοκήρυκα,

353 4932 739 4987 synonynam,
756 4915 1333 4986 opinior,ursurpens
1353 4931 1480 4969 eam
1500 4931 1694 4969 vocem
1722 4932 1822 4984 pro
1842 4935 1996 4989 πρω-

352 5000 660 5075 τοψάλτης.
693 5003 839 5056 Nam
898 5007 961 5056 ut
1039 5002 1322 5056 Cordinus
1378 5003 1551 5057 habet
1608 5020 1657 5058 c.
1696 5006 1779 5071 17,
1816 5021 1871 5058 n.
1906 5005 1993 5074 40,

355 5091 427 5145 Ού
486 5088 891 5163 πρωτοψάλτην
952 5087 1065 5163 ἔχει
1100 5088 1386 5159 ἐκκλησία,
1446 5088 1592 5145 ἀλλὰ
1650 5088 1993 5163 δομὲστικον.

357 5181 583 5244 Quibus
616 5178 902 5248 signiﬁcat
934 5184 1366 5249 praecentorem,
1393 5179 1498 5234 hoc
1529 5185 1638 5251 est,
1664 5198 1799 5236 eum
1830 5185 1997 5253 cujus

358 5272 618 5327 ofﬁcium
652 5273 740 5323 est
764 5274 998 5322 cantum
1034 5268 1304 5323 inchoare
1336 5271 1392 5323 in
1425 5270 1621 5338 choro,
1643 5288 1757 5327 non
1790 5292 1998 5343 πρωτο.

370 5357 583 5428 ψάλτην
619 5357 804 5413 solere
835 5357 968 5425 dici,
1004 5362 1068 5411 ut
1100 5374 1189 5411 res
1221 5358 1492 5429 exigeret,
1515 5361 1611 5413 sed
1649 5360 2001 5417 domesticum

366 5450 639 5504 Ecclesiae.
701 5452 835 5501 Haec
896 5446 1037 5500 mihi
1096 5462 1272 5501 causa
1334 5447 1621 5503 fuit599
1670 5453 1999 5520 opponendi

364 5537 424 5590 in
458 5536 721 5592 versione
758 5535 1181 5610 πρωτοκήρυκος
1216 5536 1495 5591 vocabulo
1550 5536 1820 5593 Latinum
1853 5556 1998 5610 pm:-

403 5625 608 5682 entoris
640 5640 870 5680 nomen.

2023 4526 2070 4590 D

2073 1893 2297 1949 aditum
2330 1894 2666 1965 exitumque
2716 1896 2926 1951 habere
2985 1899 3357 1953 commodum
3415 1897 3705 1954 debeant?

2075 1992 2224 2061 Ergo
2256 1990 2348 2045 hic
2399 1991 2604 2046 Noster
2662 2010 2788 2047 cum
2847 1990 3023 2054 πύλας
3080 1994 3242 2063 dixit,
3274 1995 3702 2051 intellecturum

2076 2082 2299 2150 putavit
2330 2082 2673 2151 prudentem
2700 2088 2971 2137 tectorem
2990 2083 3101 2137 tale
3114 2085 3328 2139 ostium
3348 2086 3499 2155 quod
3518 2086 3705 2156 portui

2077 2167 2398 2223 claudendo
2413 2170 2624 2240 apponi
2640 2176 2855 2240 poswt,
2871 2176 3131 2225 catenam
3150 2174 3317 2226 nimir
3331 2190 3425 2227 um
3444 2176 3705 2229 ferream.

2074 2257 2298 2310 Addam
2333 2257 2424 2310 hic
2457 2258 2603 2312 satis
2643 2275 2834 2312 raram
2894 2259 3188 2315 notionem
3240 2262 3505 2316 vocabuli
3558 2260 3707 2331 πύλη

2078 2348 2177 2398 aut
2206 2341 2371 2411 πύλα,
2405 2351 2575 2415 cujus
2606 2363 2777 2400 usum
2832 2349 3016 2418 reperi
3075 2349 3130 2402 in
3187 2349 3383 2405 Graeca
3450 2353 3711 2407 versione

2077 2433 2419 2503 Speciminis
2451 2435 2754 2505 Sapientia:
2789 2437 3086 2505 Indorum,
3115 2454 3287 2508 quem
3320 2438 3536 2494 librum
3570 2441 3715 2494 Lati-

2080 2523 2261 2577 nitate
2336 2540 2369 2577 a
2444 2541 2533 2578 me
2612 2525 2890 2579 donatum
2968 2527 3105 2581 huic
3158 2528 3412 2582 historias
3484 2529 3714 2601 imperii

2081 2612 2379 2667 Michaelis
2437 2614 2760 2685 Palaeologi
2818 2617 3088 2687 Augusti,
3122 2634 3154 2671 a
3211 2634 3325 2688 quo
3358 2619 3411 2672 id
3470 2636 3616 2687 opus
3659 2622 3715 2674 in

2083 2701 2336 2769 quadam
2394 2703 2671 2757 concione
2725 2704 3033 2774 allegatur,
3093 2704 3322 2760 hortatu
3394 2708 3713 2762 amicorum

2084 2793 2362 2858 tanquam
2430 2788 2866 2862 παρεμπύρευμα
2930 2794 3190 2862 adjunxi.
3264 2795 3348 2849 Ibi
3412 2796 3470 2849 in
3533 2797 3721 2867 prima

2088 2876 2474 2947 praeventione
2503 2896 2625 2947 quae
2661 2878 2961 2933 historiam
2995 2881 3343 2936 inventionis
3372 2889 3428 2938 et
3460 2884 3721 2954 deporta-

2088 2966 2261 3018 tionis
2294 2965 2420 3034 ejus
2450 2964 2584 3018 libri
2605 2982 2669 3021 ex
2692 2967 2852 3020 india
2877 2967 2934 3021 in
2969 2969 3262 3024 Persidem
3280 2970 3723 3042 recitat,pagina

2089 3052 2301 3106 codicis
2332 3069 2446 3123 quo
2482 3054 2683 3107 utebar
2712 3054 2889 3109 Graaci
2938 3072 3109 3121 nona,
3142 3056 3226 3111 sic
3284 3057 3533 3127 legitur:
3572 3056 3721 3125 ιιλήν

2091 3136 2177 3191 διὰ
2222 3137 2283 3191 τό
2343 3159 2425 3192 σοι
2478 3139 2697 3212 ἀρεστὸν
2756 3138 3007 3213 λήψομαι
3071 3144 3193 3213 μίαν
3267 3142 3441 3197 πύλαν
3502 3144 3560 3198 ἐκ
3611 3150 3719 3199 τῶν

2087 3227 2412 3303 ὑφασμάτων
2470 3236 2569 3297 τῆς
2616 3229 2809 3300 κώμης
2859 3229 3261 3297 Φου“ίστάν,ἵνα
3291 3232 3340 3287 ἐν
3396 3233 3530 3305 αὐτῇ
3566 3232 3726 3303 δοξα-

2086 3320 2357 3389 σθήσςμαι
2415 3318 2568 3391 κάγὼ
2627 3316 2821 3380 δοῦλός
2880 3341 2973 3373 σου
3033 3320 3083 3373 ἐν
3142 3323 3285 3394 πασῃ
3327 3326 3395 3394 τῇ
3446 3325 3726 3397 συγγενείᾳ

2094 3426 2217 3477 μου.
2278 3402 2468 3461 Λαϐὼν
2522 3406 2578 3461 δὲ
2639 3409 2665 3461 ὁ
2720 3410 2936 3483 Ιῖερζωὲ
2989 3408 3047 3463 ἐκ
3100 3414 3206 3464 τῶν
3263 3409 3560 3484 βασιλικῶν
3599 3411 3727 3483 ἱμα-

2086 3494 2216 3549 τίων
2248 3510 2356 3552 etc.
2388 3499 2471 3567 [P.
2506 3500 2728 3570 414]1η
2789 3499 2879 3553 his
2942 3500 3132 3555 verbis
3188 3503 3440 3570 primum
3506 3504 3729 3557 occurit

2091 3585 2466 3653 qumrendum
2498 3586 2637 3653 quid
2666 3586 2739 3638 sit
2771 3583 2920 3637 πύλα
2979 3583 3036 3637 ἐκ
3064 3589 3170 3637 τῶν
3205 3585 3554 3659 ὑφασμάτων.
3581 3588 3724 3642 Nam

2089 3682 2267 3749 portae
2297 3679 2475 3746 notio,
2509 3696 2633 3749 quae
2661 3681 2944 3734 naturalis
2976 3686 3064 3735 est
3092 3680 3264 3752 πύλῃ,
3296 3699 3471 3753 quam
3530 3683 3623 3738 hic
3655 3684 3734 3737 sit

2095 3767 2505 3838 intempestiva
2536 3784 2703 3821 nemo
2739 3785 2850 3821 non
2909 3770 3083 3823 videt.
3118 3771 3367 3824 Omnino
3408 3788 3730 3842 agnoscen-

2097 3856 2231 3909 dum
2264 3860 2353 3909 est
2380 3852 2528 3907 πύλα
2571 3856 2666 3909 hic
2721 3872 2822 3925 pro
2879 3853 3057 3908 πτύλα
3104 3859 3358 3927 positum
3419 3876 3449 3912 a
3508 3858 3730 3911 πτύστω

2093 3942 2241 4013 plico
2272 3945 2507 4010 involvo,
2540 3951 2603 3996 ut
2632 3942 2899 3997 volumen
2929 3951 3029 3998 aut
3058 3962 3268 4014 scapus
3318 3946 3492 4013 panni
3525 3948 3722 4015 cujus-

2099 4032 2250 4099 piam
2313 4032 2418 4085 hoc
2475 4031 2759 4085 vobabulo
2819 4048 2973 4086 nunc
3037 4033 3417 4101 signiﬁcetur.
3464 4036 3729 4089 Fundam

2100 4120 2279 4173 habeo
2305 4120 2649 4189 conjectura:
2683 4120 3030 4183 Eustatium,
3063 4122 3159 4190 qui
3193 4122 3264 4175 ad
3296 4120 3463 4175 illum
3504 4139 3733 4177 versum

2099 4209 2198 4259 411
2260 4207 2474 4272 Iliadis,
2535 4217 2586 4274 0,
2644 4208 2889 4279 πρώτῃσι
2967 4204 3023 4260 δὲ
3096 4206 3298 4279 πύλῃσι
3374 4206 3737 4283 πολυπτύχου

2102 4292 2535 4364 οὐλόμποιο,8ίο
2565 4302 2801 4351 annotat
2824 4315 2880 4367 p.
2902 4299 3002 4352 7'21
3036 4298 3126 4352 ed.
3144 4298 3309 4352 Rom.
3330 4304 3738 4372 Παρηχητικῶς

2103 4379 2159 4435 δὲ
2211 4402 2327 4443 πως
2386 4381 2420 4449 ἢ
2481 4381 2889 4458 ἐτυμολογικῶς
2946 4386 3264 4451 παράκειται
3317 4388 3350 4454 ἠ
3383 4385 3551 4441 πύλαι
3588 4387 3675 4441 καὶ
3709 4389 3736 4441 ὁ

2102 4469 2478 4544 πολύπτυχος’
2532 4474 2676 4546 παρὰ
2720 4474 2782 4526 τὸ
2830 4472 3078 4527 πτύσσειν
3128 4474 3230 4548 γὰρ
3280 4476 3369 4529 καὶ
3419 4476 3604 4552 ἄμφω,
3649 4475 3740 4530 ἵνα

2102 4560 2529 4635 ᾔπολύπτυχος
2586 4563 2614 4615 ὁ
2668 4560 3010 4623 πολύπυλος.
3047 4564 3174 4618 Haec
3234 4565 3370 4631 ille;
3406 4567 3463 4620 in
3521 4568 3738 4638 quibus

2102 4657 2260 4715 vides
2316 4658 2497 4727 πύλην
2532 4656 2587 4715 ἶ
2613 4656 2864 4713 πτύσσειν
2912 4663 3139 4728 deduci,
3173 4663 3376 4717 extrito
3427 4665 3741 4733 subjuncto

2100 4767 2149 4802 τ.
2188 4750 2407 4805 Addam
2456 4765 2525 4803 ex
2582 4750 2848 4804 occasine
2904 4750 2974 4805 de
3025 4767 3217 4821 panno
3271 4750 3364 4805 hic
3422 4759 3738 4808 memorato

2104 4838 2236 4909 pagi
2267 4838 2556 4905 Phuistan,
2592 4839 2745 4908 quod
2780 4838 2834 4891 in
2871 4838 2971 4893 illo
2999 4839 3269 4893 videlicet
3316 4856 3462 4910 pago
3515 4846 3737 4896 texere-

2104 4932 2233 4980 tur:
2268 4928 2414 4980 forte
2462 4926 2595 4980 inde
2654 4931 2853 4980 natum
2912 4926 3150 4997 vulgare
3182 4944 3391 4981 nomen
3453 4929 3623 4982 hodie
3680 4932 3735 4983 in

2104 5014 2288 5069 Gallia
2336 5014 2512 5084 panni
2571 5015 2877 5081 cujusdam
2933 5032 2999 5069 ex
3060 5016 3332 5086 gossypio
3388 5018 3546 5075 texti.
3584 5019 3736 5087 quod

2104 5102 2376 5172 fustaine,
2409 5102 2719 5172 fustanium
2741 5102 3086 5172 appellatur.
3122 5107 3199 5157 Ex
3245 5106 3740 5172 consequentibus

2108 5208 2277 5261 porro
2305 5191 2496 5245 verbis
2527 5190 2876 5261 intelligitur
2906 5207 3091 5259 genus
3113 5191 3220 5245 hoc
3252 5191 3429 5260 panni
3460 5193 3614 5262 regis
3643 5196 3744 5246 aut

2109 5279 2277 5347 regia;
2337 5278 2567 5332 familia:
2629 5278 2835 5331 usibus
2896 5279 3079 5331 fuisse
3134 5283 3511 5344 reservatum,
3548 5279 3631 5334 ita
3678 5285 3743 5333 ut

2108 5368 2306 5423 vestiri
2333 5383 2398 5421 eo
2430 5382 2601 5420 nemo
2633 5372 2829 5436 posset
2858 5366 2983 5421 sine
3026 5382 3308 5421 concessu
3341 5366 3618 5436 peculiari
3652 5384 3743 5420 re-

2108 5456 2218 5527 gis.
2254 5456 2415 5510 Unde
2446 5454 2833 5509 characterem
2870 5456 3105 5509 haberet
3132 5455 3285 5508 600
3316 5454 3509 5508 eximii
3559 5454 3743 5508 hono-

2107 5544 2189 5599 ris
2215 5552 2267 5599 et
2314 5544 2469 5614 apud
2528 5543 2844 5614 principem
2906 5543 3105 5613 gratia:
3164 5542 3571 5598 indumentum
3605 5541 3742 5597 tale.

2109 5634 2423 5705 Propterea
2450 5632 2605 5687 enim
2652 5632 2812 5687 addit
2866 5636 3105 5687 Perzoes
3164 5632 3422 5702 accipere
3450 5646 3514 5687 se
3568 5630 3746 5686 istam
