4122 6272
503 318 642 375 1063

1564 319 1626 370 Ρ.
1667 317 1936 373 POSSINI
1971 317 2579 379 OBSERVATIONUM
2613 326 2749 380 LIB.
2789 327 2836 380 Ι.

3698 331 3805 386 1064

501 446 738 500 vestem
774 443 845 497 ob
873 439 1312 513 praerogativam
1367 439 1609 498 honoris
1648 440 1698 495 ei
1748 439 1952 496 annexi
1988 457 2144 496 com-
2173 457 2226 522 Α
2260 444 2630 502 immobilibus
2654 449 3089 517 possessionibus
3130 447 3481 517 subjectorum
3527 450 3620 519 ipsi
3657 467 3806 510 mona-

507 531 670 587 muni
701 530 1117 586 aestimatione:
1146 526 1257 599 τίνα,
1288 530 1484 603 inquit
1513 529 1564 582 ἐν
1616 527 1750 600 αὐτῇ
1809 524 2137 597 δοξασθήσο-

504 641 599 694 μαι
640 619 792 692 κάγὼ
853 615 1050 678 δοῦΛός
1109 638 1203 671 σου
1263 617 1312 671 ἐν
1373 618 1519 692 πάσῃ
1583 615 1862 690 συγγενείᾳ
1921 637 2044 688 μου.
2074 619 2135 672 In

506 725 618 784 quo
649 711 822 766 etiam
846 709 1140 781 signiﬁcat
1174 725 1284 763 non
1317 727 1425 765 sua
1467 726 1528 765 se
1554 708 1734 764 solius
1756 724 1930 762 causa
1957 707 2135 761 istum

503 797 782 856 admitere
813 797 1114 863 honorem,
1140 796 1240 850 sed
1267 795 1500 850 familias
1525 812 1589 850 ac
1606 793 1972 865 cognationis
2002 793 2136 848 inde

499 885 824 956 conspicuae
849 885 1076 952 futurae,
1096 885 1178 938 sic
1209 884 1550 940 ambitionis
1591 882 1868 937 invidiam
1904 880 2134 951 pietatis

496 980 554 1031 et
569 975 870 1031 charitatis
884 975 940 1027 in
955 975 1419 1045 consanguineos
1435 971 1739 1028 laudabilis
1754 971 2138 1026 ostentatione

498 1064 792 1119 redimens
823 1068 923 1117 aut
952 1062 1156 1118 saltem
1202 1062 1492 1117 minuens.
1529 1061 1882 1116 Conﬁrmant
1939 1063 2130 1113 autem

497 1153 650 1224 quod
683 1151 938 1206 diximus
967 1153 1036 1206 de
1069 1153 1458 1206 reservatione
1490 1148 1827 1220 hujusmodi
1852 1147 2027 1218 panni
2062 1148 2129 1200 ad

499 1259 642 1296 usus
675 1240 885 1312 regios,
910 1240 1009 1295 illa
1033 1245 1290 1294 extrema
1311 1240 1519 1294 verba:
1551 1231 1746 1291 Λαϐὼν
1775 1232 1831 1288 δὲ
1864 1235 1891 1289 ὁ
1921 1234 2134 1309 uepres

497 1327 557 1383 ἐκ
594 1331 702 1383 τῶν
765 1325 1062 1402 βασιλικῶν
1119 1326 1373 1398 ἱματίων.
1408 1329 1522 1383 Cur
1577 1327 1752 1392 enim,
1788 1342 1913 1396 quas
1974 1325 2134 1395 prius

500 1419 900 1474 nominaverat
934 1415 1220 1492 ὑφάσματα
1246 1422 1347 1485 τῆς
1397 1415 1595 1486 κώμης
1655 1411 1947 1482 Φουϊστάν,
1983 1431 2136 1468 nunc

499 1505 654 1578 ἱμάτι
687 1505 943 1579 βασιλικά
972 1512 1223 1576 vocaret,
1257 1506 1366 1561 nisi
1401 1506 1555 1577 quod
1588 1503 1660 1558 iis
1710 1503 1792 1557 uti
1853 1502 1969 1572 regi
2028 1501 2136 1556 soli

499 1601 556 1652 et
579 1596 815 1652 familias
847 1595 1032 1666 ipsius
1063 1595 1344 1662 licereret,
1371 1594 1494 1649 etsi
1525 1593 1737 1662 quibus
1772 1591 2134 1661 privilegium

499 1685 652 1752 idem
686 1702 719 1738 a
749 1699 882 1754 rege
914 1683 1108 1737 eximii
1145 1683 1380 1738 honoris
1413 1682 1600 1754 gratia
1630 1679 2030 1734 tribueretur?

567 1789 702 1851 Ῥώς
751 1808 806 1862 p.
839 1792 962 1845 509.
996 1791 1088 1845 Ait
1135 1792 1339 1845 ducem
1396 1790 1764 1856 Latinorum,
1799 1803 1998 1888 quem.
2033 1787 2132 1841 de-
2170 1823 2218 1888 Β

500 1879 740 1950 scripsit
771 1881 979 1946 ferum,
1009 1881 1308 1935 ardentem
1334 1883 1389 1935 et
1404 1879 1591 1949 capite
1611 1875 2139 1944 rufum,bominem

501 1974 676 2024 vastae
708 1973 964 2035 staturae,
997 1968 1088 2023 cui
1122 1973 1246 2023 erat
1278 1983 1486 2022 nomen
1549 1967 1706 2020 Rhos
1738 1964 2023 2037 Solymas,
2055 1963 2141 2017 vi-

500 2056 620 2111 deri
658 2060 858 2111 natum
890 2055 1299 2126 apellationem
1335 2071 1401 2109 ex
1459 2054 1847 2107 similitudine
1901 2068 2030 2106 cum
2073 2066 2138 2105 eo

499 2146 651 2214 quod
697 2149 863 2198 vocat
915 2143 1050 2202 Ῥώς
1112 2142 1274 2199 Rhos.
1310 2143 1456 2207 Quid
1515 2148 1708 2196 autem
1768 2140 2038 2196 esthoc?
2068 2154 2174 2192 an'

501 2233 801 2303 scripserit
857 2232 1234 2303 Pachymeres
1290 2229 1428 2292 Ῥώς
1486 2247 1588 2300 pro
1649 2227 1968 2302 ῥώξΡῬώς
2001 2243 2140 2282 sane

499 2325 836 2376 constanter
866 2321 1126 2375 scribunt
1157 2321 1271 2373 duo
1317 2319 1480 2373 codd.
1518 2317 1718 2388 optimi
1757 2319 1812 2371 Β.
1849 2325 1905 2371 et
1935 2319 1994 2370 A.
2030 2315 2138 2370 Va-

501 2410 694 2464 ticano
746 2410 854 2464 hoc
909 2425 1140 2463 comma
1197 2407 1521 2462 omittente.
1553 2407 1726 2475 Atqui
1784 2403 1916 2464 Ῥώς
1969 2404 2136 2471 nihil,

499 2500 654 2570 quod
687 2499 1025 2567 sciam,huc
1057 2498 1273 2552 faciens
1307 2497 1618 2566 signiﬁcat.
1648 2494 1789 2562 Ῥώξ
1846 2499 2040 2547 autem
2073 2511 2137 2547 ex

503 2587 808 2642 Eustathio
868 2580 1247 2659 Ηαρεκϐολαῖς
1278 2587 1348 2639 ad
1379 2584 1484 2638 Od.
1515 2603 1528 2634 ι
1562 2602 1614 2655 p.
1653 2584 1788 2636 1633
1846 2583 1936 2636 ed.
1971 2582 2138 2635 Rom.

509 2679 601 2729 est
623 2671 930 2748 φαλαγγίου
953 2669 1123 2739 εἶδος,
1145 2673 1368 2745 species
1389 2671 1659 2726 animalis
1679 2671 1830 2725 noxii
1854 2670 1988 2724 dicti
2007 2670 2141 2740 pha-

505 2763 706 2835 langii.
740 2764 818 2818 De
849 2763 956 2818 hoc
990 2762 1236 2830 Plinius,
1260 2761 1297 2815 l.
1323 2777 1478 2830 xxxx,
1502 2777 1552 2816 c.
1585 2761 1615 2814 4
1640 2776 1652 2814 :
1682 2759 2138 2828 Phalangium....

502 2860 587 2906 est
638 2852 896 2923 plurium
949 2867 1236 2921 generum,
1269 2866 1443 2904 unum
1493 2850 1678 2904 simile
1737 2849 2005 2918 formicae,
2054 2844 2142 2898 sed

506 2941 682 2993 multo
711 2941 911 3009 majus,
945 2941 1069 3009 rufo
1126 2940 1321 3008 capite.
1354 2937 1498 2992 Huic
1553 2939 1951 3005 comparatum
1985 2934 2141 2988 hunc

509 3029 714 3082 ducem
752 3045 784 3081 a
815 3028 1164 3096 Pachymere
1209 3024 1827 3080 crediderim.Dixerat
1848 3022 1999 3076 enim
2033 3039 2139 3075 an-

513 3120 606 3170 tea
633 3121 690 3170 et
720 3115 848 3169 rufa
895 3130 1027 3168 eum
1086 3130 1254 3168 coma
1312 3112 1492 3166 fuisse
1552 3117 1610 3165 et
1662 3110 1820 3164 vultu
1871 3110 2134 3176 rubente,

2252 534 2570 604 storiarum,
2601 536 2691 591 sed
2719 539 2881 592 etiam
2913 537 2968 590 in
2991 536 3314 591 ditecesibus
3367 539 3686 608 metrapoleon
3710 541 3807 611 ipse

2245 637 2390 690 rum,
2416 624 2508 678 ubi
2543 624 2802 681 videlecet
2827 626 2894 680 ab
2921 627 3103 696 aliqua
3136 623 3401 695 templum
3444 626 3709 694 mdiﬁcante
3731 630 3806 685 ad-

2244 713 2449 765 vocatis
2469 712 2664 782 fuerit.
2700 715 2779 768 Ex
2809 714 2901 768 bis
2942 713 3137 768 licebit
3191 712 3503 782 intelligere
3558 733 3811 787 σταυροπη-

2245 797 2380 871 γίων
2414 802 2648 856 nomine
2681 802 2773 856 hic
2805 801 3146 873 signiﬁcari,
3169 801 3262 872 jus
3289 818 3603 871 supremum
3624 805 3819 874 patriai»

2246 889 2365 941 chao
2410 888 2466 942 in
2528 891 2806 946 ecclesias
2864 890 3285 962 patiarchatus,
3347 890 3455 957 sui,
3514 907 3614 960 quo
3663 901 3816 962 posset

2243 975 2496 1032 eximere
2528 995 2657 1049 quas
2691 978 2816 1033 loca
2846 994 3061 1050 quasve
3094 995 3371 1048 personas
3425 977 3581 1032 vellet
3622 995 3650 1032 a
3690 987 3816 1050 pote-

2242 1067 2392 1118 state
2421 1066 2678 1137 episcopi
2707 1068 2988 1137 cujusvis,
3046 1071 3102 1120 et
3157 1065 3311 1119 intra
3351 1065 3486 1120 ﬁnes
3542 1066 3811 1122 diceeeseon

2244 1168 2417 1206 suum
2454 1153 2589 1208 licet
2619 1153 2939 1208 antistitem
2973 1154 3311 1208 habentium
3347 1157 3498 1207 certa
3527 1153 3626 1207 sibi
3655 1171 3820 1209 mona-

2246 1242 2424 1294 steria
2455 1240 2539 1295 vel
2573 1241 2846 1297 ecclesias
2877 1242 3114 1310 valeret,
3160 1242 3410 1311 exipere,
3470 1241 3602 1296 citra
3651 1249 3816 1297 nutum

2245 1335 2349 1382 aut
2378 1333 2684 1385 assensum
2710 1331 2923 1400 proprii
2955 1330 3214 1384 locorum
3235 1328 3464 1383 illorum
3484 1329 3821 1400 metropolita.

2249 1418 2403 1471 lianc
2435 1422 2628 1472 autem
2662 1422 3010 1489 potestatem
3043 1418 3270 1472 videtur
3300 1419 3611 1472 exercuisse
3639 1420 3826 1489 patriar-

2245 1505 2352 1559 cha
2378 1506 2742 1576 frequentius
2768 1508 2825 1561 in
2854 1506 3087 1579 praediis
3117 1511 3174 1560 et
3197 1506 3356 1578 agris
3379 1507 3484 1560 sibi
3503 1506 3824 1576 vectigalibus

2245 1601 2303 1650 et
2333 1597 2388 1649 in
2422 1596 2661 1666 templis
2691 1597 2761 1650 de
2792 1613 2936 1652 nevo
2967 1596 3196 1664 erectis,
3231 1613 3480 1667 quorum
3535 1597 3826 1655 fundatores.

2247 1685 2315 1737 ad
2354 1684 2546 1754 operis
2588 1684 3037 1755 amplitudinem
3097 1689 3154 1739 et
3207 1684 3740 1739 commendationem
3785 1683 3831 1736 id

2249 1773 2359 1825 sati
2395 1773 2704 1842 pertinere,
2739 1773 3084 1827 affectabant
3116 1777 3180 1826 ut
3212 1773 3308 1826 uni
3374 1769 3582 1843 ἀμέσως
3634 1769 3833 1840 patriar-

2250 1859 2366 1914 chae
2397 1860 2492 1914 illa
2525 1860 2972 1930 subjicerentur,
3033 1878 3064 1916 a
3086 1861 3497 1932 jurisdictione
3527 1859 3835 1929 prepriorum

2250 1948 2360 2003 loci
2419 1949 2734 2019 prmsulum
2793 1955 3082 2020 exempta.
3137 1951 3245 2014 Qui
3295 1966 3454 2019 vero,
3511 1964 3632 2002 cum
3683 1948 3838 2000 locum

2246 2037 2501 2107 aliquem
2533 2037 2590 2090 in
2625 2036 2814 2091 aliena
2835 2037 3068 2092 dioecesi
3100 2038 3300 2107 situm,
3321 2037 3568 2092 eximere
3593 2036 3657 2089 ab
3689 2042 3842 2092 aucto.

2246 2123 2412 2178 rilate
2443 2124 2720 2179 ordinarii
2753 2130 2811 2178 et
2840 2125 2952 2179 sibi
2981 2141 3275 2180 reservare
3307 2123 3634 2196 patriarcha
3683 2121 3841 2187 vellet,

2245 2213 2302 2266 id
2332 2212 2626 2268 declarare
2657 2213 2882 2268 solebat
2913 2214 3026 2267 ﬁxa
3055 2213 3135 2268 ibi
3186 2230 3360 2268 cruce
3417 2229 3547 2266 cum
3594 2215 3730 2265 certa
3772 2211 3844 2262 in-

2244 2299 2582 2370 scriptione,
2610 2303 2782 2370 cujus
2806 2302 3116 2356 formulam
3144 2302 3346 2356 videre
3371 2301 3507 2356 licet
3528 2300 3669 2370 apud
3689 2303 3844 2354 Meur-

2243 2387 2574 2456 siumddeo
2627 2388 2755 2457 ipsa
2811 2389 3099 2458 exemptio
3147 2395 3204 2444 et
3249 2389 3354 2458 jus
3412 2388 3547 2442 illus
3595 2404 3847 2458 σταυροπη.

2241 2474 2372 2548 γίων
2402 2477 3002 2548 νθνὺοξὶοόὶοιώαιυιν.
3037 2479 3098 2532 Id
3132 2477 3284 2533 clare
3346 2483 3503 2550 patet
3555 2494 3620 2531 ex
3667 2476 3762 2529 hoc
3803 2475 3843 2527 in

2246 2580 2360 2633 quo
2387 2580 2691 2619 versamur
2720 2563 2846 2620 loco
2879 2566 3062 2620 nostri
3094 2565 3384 2621 historici.
3421 2569 3474 2621 Is
3498 2564 3646 2620 enim
3678 2561 3843 2617 cumin

2245 2651 2413 2706 titulo
2445 2653 2655 2723 capitis
2677 2653 3032 2708 mentionem
3067 2654 3359 2724 potuisset
3408 2652 3646 2708 Novella:
3696 2651 3842 2722 impe-

2246 2740 2467 2795 ratorias
2513 2742 2664 2795 circa
2730 2741 3118 2814 σταυρνπήγια,
3180 2742 3306 2810 ejus
3356 2740 3606 2796 Nov-ollae
3659 2745 3840 2794 senten.

2245 2827 2388 2881 tiam
2421 2827 2476 2881 in
2511 2829 2637 2898 ipso
2669 2829 2856 2900 capite
2889 2829 2972 2884 sie
3012 2831 3184 2884 refert
3213 2846 3225 2884 :
3261 2825 3558 2903 Ηροόαίνει
3589 2826 3737 2901 νεαρά
3775 2825 3845 2897 βαι

2243 2913 2449 2975 σίλειος
2483 2913 2606 2970 ἄλλ’
2639 2914 2768 2970 ἄττα
2798 2914 3027 2970 πλεῖστα
3083 2915 3440 2988 διοριζομινη
3492 2919 3581 2972 καὶ
3624 2918 3844 2969 τάττουσι

2242 3002 2330 3055 καὶ
2390 3003 2451 3055 τὸ
2507 3003 2571 3056 τὰ
2626 3001 3038 3073 ὁπουδηποτοῦν
3098 3008 3499 3080 πατριαρχικὰ,
3559 3007 3654 3058 ὅσα
3684 3002 3728 3056 ἐν
3757 2998 3844 3074 χώ-

2245 3110 2362 3163 ραις
2413 3090 2501 3144 καὶ
2556 3096 2767 3163 μοναῖς,
2822 3093 2923 3146 ὑπὸ
2963 3092 3090 3154 τοὺς
3123 3093 3459 3155 ἐπισκόπους
3484 3095 3556 3147 ὧν
3585 3094 3637 3146 αἱ
3664 3085 3850 3159 ἐνοριαί,

503 3203 718 3273 quippe
749 3218 992 3257 accenso
1025 3200 1274 3255 naturali
1303 3200 1527 3254 ardore.
1563 3199 1725 3254 Unde
1754 3197 2028 3253 credibile
2060 3171 2136 3251 sit

2246 3177 2446 3246 τελεῖν,
2480 3182 2698 3236 Prodzit
2744 3184 3107 3251 imperatoria
3162 3183 3393 3239 Novella
3447 3201 3555 3255 qua
3600 3198 3713 3238 cum
3758 3176 3848 3232 alia

500 3290 588 3345 vel
619 3289 642 3360 ξ
674 3291 732 3345 in
766 3310 790 3349 ς
824 3291 1075 3344 scienter
1098 3293 1390 3342 mutatum
1417 3289 1486 3342 ab
1511 3288 1843 3358 antiquario
1886 3287 2134 3356 scripto-

496 3394 560 3436 re
586 3377 916 3448 exemplum
949 3377 1076 3447 ejus
1106 3377 1448 3430 mutationis
1481 3375 1695 3430 alicubi
1721 3376 1862 3429 forte
1889 3378 2135 3444 scripto-

497 3483 625 3522 rum
659 3471 918 3521 veterum
953 3464 1239 3531 naeto,vel
1271 3481 1464 3519 errore
1493 3464 1587 3519 hic
1616 3463 1838 3518 librarii
1873 3461 1982 3537 p‘dic
2030 3481 2134 3534 pro

499 3553 606 3629 ῥώξ
639 3553 917 3624 positum.

570 3638 848 3700 Σάλπακις
895 3659 950 3714 p.
983 3642 1111 3696 472.
1151 3641 1246 3696 Ait
1275 3639 1553 3712 Salpacin,
1587 3641 1740 3711 quod
1769 3644 1893 3696 erat
1923 3656 2133 3710 cogno-

499 3735 760 3786 mentum
827 3730 1163 3786 Mantachiae
1221 3731 1530 3800 cujusdam
1610 3729 1774 3783 ducis
1850 3728 2136 3784 exercitus

495 3822 828 3887 Persarum,
863 3820 1093 3874 Persica
1124 3818 1322 3890 lingua
1352 3819 1718 3889 signiﬁcasse
1748 3819 1974 3871 fortem.

570 3926 974 3998 Σταυροπήγια.
1013 3926 1067 3981 L.
1098 3943 1176 3991 γι,
1210 3925 1417 3980 titulus
1448 3930 1537 3980 est
1567 3924 1772 3994 capitis
1805 3923 1865 3978 H
1899 3939 1912 3978 :
1944 3924 2134 3984 ’Ὁπως

497 4012 754 4087 βασιλική
829 4011 988 4086 νεαρὰ
1038 4006 1324 4085 προϐαίνει
1379 4011 1465 4065 ἐπὶ
1524 4015 1639 4071 τοῖς
1696 4011 2086 4085 σταυροπηγίοι
2119 4054 2132 4066 .

487 4103 655 4172 Apud
689 4101 1005 4156 Mathseum
1065 4102 1382 4155 Blastarem
1412 4101 1623 4154 tituius
1656 4105 1744 4154 est
1769 4117 1782 4153 :
1807 4101 1931 4154 Ὅτι
1983 4099 2133 4170 μόνῳ

488 4193 569 4259 τῷ
627 4188 938 4262 πατριάρχῃ
1002 4183 1627 4247 Κωνσταντινουπόλεως
1705 4183 1910 4239 δίδοται
1985 4207 2134 4239 σταυ-

499 4278 744 4351 ροπήγια
773 4279 974 4330 παντοῦ
1021 4273 1276 4346 πέμπειν.
1309 4277 1426 4331 Soli
1477 4275 1812 4346 patriarchae
1870 4275 2132 4330 Constan-

496 4367 792 4436 tinopoleos
845 4381 1154 4420 concessum
1229 4380 1342 4419 esse
1404 4366 1756 4434 stauropegia
1823 4379 2136 4434 quocunque

495 4457 729 4511 mittere.
792 4459 935 4509 Tum
995 4470 1116 4508 rem
1175 4454 1362 4524 ipsam
1422 4453 1505 4507 sic
1545 4453 1829 4524 explicat:
1863 4451 2028 4523 Μόνῳ
2056 4456 2135 4524 τῷ

495 4544 812 4617 πατριάρχῃ
922 4547 1045 4594 Κων
1056 4539 1556 4603 σταντινουπόλεως
1684 4539 1741 4593 ἐκ

496 4633 600 4703 [Ρ.
661 4633 787 4701 415]
848 4629 1051 4706 ἐφεῖται
1117 4633 1322 4701 μακρᾶς
1383 4625 1766 4704 σταυροπήγιά
1819 4649 1877 4683 τι
1933 4625 2139 4682 διδόναι

495 4717 584 4772 καὶ
634 4719 732 4786 τὴν
785 4717 1049 4791 ἀναφορὰν
1100 4717 1189 4771 καὶ
1245 4719 1468 4788 μνήμην
1522 4720 1618 4770 τοῦ
1659 4717 1925 4789 ὀνόματος
1976 4717 2140 4771 αὐτοῦ

497 4804 668 4880 ἔχειν,
719 4804 784 4858 οὐ
815 4805 975 4876 μόνον
1025 4804 1074 4859 ἐν
1109 4807 1192 4866 οἷς
1223 4805 1478 4872 κέκτηται
1523 4803 1682 4867 ἰδίοις
1717 4805 1944 4880 χωρίοις
1974 4806 2144 4859 ὁπου-

499 4893 705 4966 δήποτε
759 4894 1027 4965 κειμένοις
1099 4892 1188 4946 καὶ
1246 4898 1361 4955 τοῖς
1415 4893 1690 4963 ἀκινήτοις
1738 4897 1977 4966 κτήμασι
2030 4900 2136 4950 τῶν

501 4983 874 5054 ὑποκειμένων
927 4981 1104 5053 τούτῳ
1157 4981 1558 5056 μοναστηρίων,
1609 4980 1753 5036 ἀλλὰ
1789 4984 1876 5036 καὶ
1921 4982 1972 5036 ἐν
2020 4989 2137 5045 ταῖς

499 5069 607 5125 τῶν
683 5069 1079 5145 μητροπόλεων
1142 5070 1319 5123 αὐτῶν
1380 5067 1633 5139 ἐνορίαις,
1697 5064 1818 5121 ἔνθα
1869 5067 1928 5122 ἂν
1996 5070 2140 5142 παρὰ

493 5163 590 5215 τοῦ
654 5160 746 5212 τὸν
801 5160 932 5213 νεὼν
1011 5157 1385 5232 ἀνεγείροντος
1444 5154 1658 5224 δηλαδή
1717 5155 2089 5231 προσκληθείη
2123 5202 2135 5215 .

497 5250 616 5305 Soli
671 5251 1006 5317 patriarcha
1066 5246 1570 5317 Constantinopolis
1627 5247 1773 5301 θοι
1835 5264 1908 5302 ex
1974 5248 2140 5318 longa

496 5339 894 5395 consuetudine
920 5337 1267 5409 permittitur
1295 5335 1666 5405 staurOpegia,
1701 5335 1818 5391 sive
1877 5339 2136 5394 crucium

497 5428 761 5493 ﬁxiones,
790 5427 1081 5482 concedere
1111 5433 1161 5480 et
1189 5425 1509 5479 relationem
1529 5439 1593 5477 ac
1621 5426 1943 5480 memoriam
1965 5430 2136 5483 nomi-

498 5519 586 5570 nis
615 5517 695 5571 ibi
725 5517 945 5581 habere,
976 5531 1084 5570 non
1115 5515 1293 5570 solum
1324 5515 1380 5567 in
1412 5513 1637 5580 pradiis
1663 5523 1758 5569 aut
1793 5518 1960 5571 terris
2013 5533 2139 5589 qua:

496 5602 769 5672 peculiari
813 5603 946 5673 jure
999 5601 1252 5672 possidet,
1312 5600 1620 5674 ubicunque
1675 5602 1784 5657 sita
1821 5604 1951 5671 sint,
1982 5609 2034 5660 et
2076 5606 2137 5661 in

2243 3268 2674 3324 decernebantur
2703 3270 2974 3340 quaedam,
3005 3276 3121 3325 tum
3147 3270 3289 3325 illud
3320 3275 3378 3326 in
3402 3271 3616 3342 primis,
3657 3277 3709 3322 ut
3756 3278 3855 3336 qua?

2243 3357 2553 3426 ubicunque
2583 3358 2840 3428 cujusque
2867 3358 3015 3412 modi
3039 3359 3251 3428 pradia
3274 3361 3362 3414 vel
3420 3356 3745 3413 monasteria
3769 3369 3853 3422 pa-

2243 3446 2485 3499 triarcha
2561 3447 2676 3514 iuri
2727 3449 2995 3501 reservata
3046 3457 3425 3514 censerentur,
3514 3464 3583 3502 ea
3645 3445 3856 3511 deinceps

2241 3533 2524 3604 episcOpis,
2559 3550 2789 3604 quorum
2817 3535 2876 3588 in
2917 3537 3160 3605 propriis
3207 3537 3560 3591 dimressibus
3586 3535 3676 3589 illa
3717 3535 3861 3585 essent

2241 3624 2347 3676 sita
2376 3623 2802 3690 subjicerentur.
2839 3623 2920 3676 lta
2951 3622 3084 3691 ille;
3119 3624 3341 3694 quibus
3365 3624 3558 3679 verbis
3592 3621 3738 3676 vides
3777 3618 3855 3671 de-

2243 3709 2446 3764 clarari
2480 3710 2620 3780 quid
2650 3710 2706 3764 in
2735 3710 2903 3765 titulo
2935 3728 3070 3766 voce
3121 3711 3548 3784 σταυροπηγίων
3594 3707 3852 3765 intellexe-

2244 3798 2337 3851 rit.
2365 3797 2538 3852 Plura
2570 3799 2638 3852 de
2670 3798 2762 3852 his
2795 3816 2906 3854 non
2941 3800 3091 3866 dico,
3125 3801 3276 3870 quod
3305 3807 3364 3854 et
3397 3799 3682 3856 Meursius
3711 3793 3854 3850 verbo

2243 3886 2644 3957 σταυροπήγιον
2675 3891 2730 3941 et
2758 3893 2890 3958 post
2921 3886 3085 3941 illum
3118 3887 3205 3942 vir
3228 3890 3613 3958 pereruditus
3639 3883 3852 3942 Jacobus

2243 3975 2394 4030 Goar
2423 3975 2485 4029 O.
2521 3981 2582 4030 Ρ.
2621 3992 2750 4047 pag.
2775 3978 2900 4036 612.
2934 3982 2990 4030 et
3017 3978 3125 4031 615
3155 3979 3243 4032 sui
3279 3977 3627 4050 Eucbologii
3659 3972 3853 4045 copiose

2244 4080 2308 4117 ac
2339 4063 2648 4134 diligenter
2679 4064 2786 4118 hoc
2817 4065 3163 4120 vocabulum
3195 4067 3558 4136 edisserant,
3617 4064 3769 4137 plane
3808 4059 3850 4110 in

2243 4153 2595 4207 sententiam
2632 4153 2816 4207 nostri
2851 4154 3240 4225 Pachymeris.

2341 4273 2545 4348 Στύψις
2605 4274 2695 4328 καὶ
2749 4275 3066 4351 στυπτηρία,
3127 4296 3183 4349 p.
3245 4281 3374 4335 420.
3439 4281 3567 4335 Non
3651 4273 3849 4331 dubium

2244 4365 2383 4434 quin
2437 4369 2685 4436 utroque
2743 4364 2852 4420 hoc
2910 4366 3185 4422 vocabulo
3234 4367 3480 4424 alumen
3541 4365 3854 4437 designetur.

2247 4470 2409 4508 merx
2454 4454 2707 4524 expetita
2759 4455 2830 4509 ob
2889 4471 3062 4509 usum
3122 4455 3417 4512 celebrem
3482 4457 3542 4511 in
3596 4447 3850 4524 tingeadis

1863 4540 2138 4608 συνηθείας

2248 4541 2456 4612 pannis
2489 4541 2694 4608 laneis,
2724 4547 2786 4596 ut
2817 4543 2898 4598 ait
2927 4542 3020 4597 hic
3065 4544 3446 4616 Pachymeres
3509 4549 3719 4608 noster,
3767 4530 3852 4589 ἐπεὶ

2249 4626 2436 4700 πολλῇ
2493 4629 2599 4682 τινί
2645 4634 2886 4703 χρῶνται
2935 4633 3102 4704 ταύτῃ
3148 4631 3212 4686 τὰ
3261 4631 3314 4701 ἐξ
3366 4632 3533 4708 ἐρίων
3593 4633 3854 4708 ὑφάσματα.

2249 4721 2409 4786 Quod
2433 4719 2772 4774 distinctius
2797 4721 3022 4776 Plinius
3051 4738 3406 4792 exsequens,
3441 4725 3609 4778 docet
3636 4721 3672 4774 Ι.
3721 4729 3853 4772 xxxv,

2247 4827 2296 4866 c.
2331 4812 2416 4879 15,
2451 4825 2583 4863 cum
2617 4809 2738 4864 sint
2769 4809 3048 4865 aluminis
3081 4811 3304 4882 species
3339 4814 3502 4879 duae,
3553 4807 3770 4867 candidi
3819 4805 3858 4855 ct

2248 4899 2418 4970 nigri,
2453 4897 2782 4952 inﬁciendis
2805 4897 2960 4952 claro
2985 4898 3344 4954 colorelanis
3377 4901 3694 4956 candidum
3721 4890 3856 4964 liqui.

2249 4988 2508 5056 dumque
2540 4986 2919 5041 utilissimum
2979 5003 3129 5054 esse,
3196 4993 3527 5060 contraque
3583 4989 3734 5042 fusco
3783 4980 3860 5034 aut

2248 5077 2495 5132 obscuro
2529 5074 2658 5129 fuco
2692 5075 2895 5130 iisdem
2931 5075 3264 5131 imbuendis
3293 5077 3545 5147 nigrum
3571 5082 3858 5130 accommo-

2247 5167 2466 5219 datum.
2497 5166 2624 5216 Mox
2653 5162 2868 5218 ibidem
2900 5163 3125 5219 Plinius
3155 5164 3307 5220 602
3361 5163 3495 5220 loca
3551 5169 3859 5238 percenseas

2245 5253 2342 5307 ubi
2373 5251 2604 5306 alumen
2640 5251 2922 5321 provenit,
2958 5252 3203 5307 Pontum
3251 5257 3572 5318 memorat,
3615 5250 3756 5304 unde
3783 5243 3855 5296 hic

2245 5341 2451 5396 Noster
2480 5340 2657 5394 refert
2688 5340 2906 5395 solidos
2939 5340 3082 5395 illud
3129 5357 3232 5411 per
3260 5340 3565 5396 Euxinum
3595 5339 3861 5409 exportare

2243 5434 2595 5485 Genuenses.
2627 5429 2876 5484 Phocaeae
2907 5434 3101 5484 tamen
3137 5446 3250 5484 non
3282 5430 3588 5497 meminit,
3619 5429 3713 5482 ubi
3740 5421 3861 5478 fodi-

2245 5536 2350 5574 nas
2383 5518 2659 5572 aluminis
2709 5518 2874 5588 ponit
2928 5519 3326 5590 Pachymeres,
3380 5519 3578 5575 serius
3633 5509 3864 5572 videlicet

2245 5608 2500 5663 detectas
2531 5622 2637 5661 nec
2668 5604 2838 5660 Plinii
2856 5607 2979 5677 jam
3004 5613 3130 5662 tum
3161 5609 3326 5662 etate
3360 5607 3646 5664 celebres.
