4146 6288
289 391 426 446 1065

1738 389 2213 445 GLOSSARIUM.

3532 386 3668 441 10ὓῦ

393 525 660 601 Σύμϐολα
716 526 1037 583 δεσποτικοῦ
1106 526 1354 594 θανάτου,
1416 546 1472 599 p.
1529 530 1653 583 350.
1741 528 1920 583 Mani-

2039 529 2248 583 Joanni
2281 530 2434 583 duci.
2474 529 2634 584 Unde
2686 529 3034 601 intelligitur
3086 528 3441 584 additionem
3501 527 3661 581 illam

289 621 434 675 fests
465 620 523 673 in
557 619 648 672 his
681 635 847 673 sacra
884 618 1245 672 Eucharistia
1276 617 1622 686 designatur
1653 616 1768 670 illis
1797 633 1926 670 ver-

285 708 375 761 bis
409 750 421 762 .
457 700 721 775 Σύμϐολα
753 708 1084 757 Δεσποτικοῦ
1145 702 1375 764 θανάτου
1431 704 1728 759 dominica?
1780 720 1924 758 mor-

288 798 353 851 tis
384 796 648 865 symbolo,
682 811 806 863 quae
838 794 1038 848 statim
1077 798 1206 863 post
1239 792 1366 863 ἅγια
1398 788 1543 864 δῶρα
1604 798 1922 863 nuncupat.

290 883 468 949 Cujus
500 880 907 951 appellationis
962 884 1244 934 rationem
1304 895 1472 932 nemo
1532 880 1807 947 requiret,
1862 878 1925 945 [P

292 971 417 1039 416]
450 970 548 1039 qui
584 967 911 1022 meminerit
943 967 1092 1021 illud
1143 966 1397 1035 Apostoli
1458 966 1527 1019 ad
1562 967 1581 1019 Ι
1639 966 1923 1031 Corinth.,

290 1075 364 1120 χι,
395 1058 464 1111 26
498 1074 511 1111 :
548 1055 982 1124 Quotiescunque
1006 1053 1409 1108 manducabitis
1456 1071 1653 1123 panem
1684 1054 1830 1108 hunc
1877 1055 1926 1107 et

289 1147 518 1201 calirem
559 1145 772 1211 bibetis,
796 1154 1023 1199 mortem
1044 1144 1261 1197 Domini
1282 1145 1712 1207 mmunliabilis,
1758 1143 1925 1198 donec

287 1244 513 1289 mental.
548 1234 736 1288 Unum
772 1234 921 1287 addo
953 1233 1022 1286 de
1070 1248 1199 1285 voce
1232 1225 1545 1300 Σύμϐολον,
1588 1248 1721 1285 cum
1782 1232 1923 1284 sim-

288 1324 511 1391 pliciter
543 1322 756 1375 dicitur
782 1336 1073 1374 summam
1098 1319 1555 1373 Christianorum
1582 1320 1921 1389 dogmatum

289 1409 546 1463 indicare
574 1409 724 1477 apud
762 1408 915 1461 hunc
948 1414 1211 1460 nostrum
1259 1422 1509 1475 quoque,
1568 1414 1632 1460 ut
1690 1424 1820 1460 cum
1872 1408 1923 1459 is

287 1513 419 1550 mox
453 1497 613 1549 addit
646 1495 1053 1549 meribundum
1089 1496 1497 1563 imperatorem
1530 1495 1587 1547 in
1622 1495 1921 1564 procinctu

284 1585 433 1640 sacri
466 1584 809 1653 iaccipiendi
863 1581 1053 1635 viatici
1112 1581 1173 1632 τὸ
1232 1579 1383 1652 ἅγιον
1427 1577 1675 1649 διεξιέναι
1706 1578 1922 1652 Σάμϐο-

284 1670 401 1736 λον,
459 1671 801 1742 Symbolum
861 1669 1127 1723 videlicet
1184 1670 1563 1738 apostolicum
1619 1670 1751 1725 ﬁdei
1803 1688 1923 1726 suae

282 1759 617 1830 proﬁtendae
641 1759 938 1812 recitasse.
967 1756 1116 1809 Alibi
1166 1773 1315 1826 saepe
1372 1757 1428 1810 in
1490 1757 1595 1811 hac
1654 1758 1919 1823 historia,

2032 617 2235 687 primm
2263 618 2495 687 syllabae
2526 619 2596 673 ad
2623 634 2833 672 nomen
2862 619 3018 673 istud
3046 634 3158 672 non
3193 617 3503 688 pertinere,
3564 617 3665 670 sed

2032 706 2365 774 adjunctam
2400 707 2450 761 ei
2482 709 2904 761 consuetudine
2926 707 3159 761 illarum
3192 707 3454 777 gentium
3485 705 3667 778 origi-

2030 794 2121 847 nis
2154 794 2457 859 Francicaa,
2491 793 2577 848 vel
2601 811 2667 848 ex
2700 795 2870 864 longa
2903 811 3035 848 cum
3069 794 3303 847 Francis
3354 800 3667 847 consuetu-

2030 880 2183 948 dine,
2216 898 2425 935 nomen
2457 882 2606 951 Syre.
2644 885 2793 952 quod
2830 898 2897 935 ex
2944 886 3138 935 Graeco
3195 881 3384 953 κύριος
3442 882 3661 935 factum

2030 972 2286 1038 putatur,
2320 986 2426 1022 suo
2458 970 2703 1040 principi
2738 971 3328 1024 accommodantium.
3392 969 3669 1038 Suspicor

2028 1058 2181 1111 idem
2208 1075 2437 1125 nomen,
2465 1059 2596 1113 licet
2628 1060 2862 1128 paulum
2887 1060 3108 1113 diverse
3140 1058 3445 1128 scriptum.
3469 1058 3655 1113 fuisse

2030 1147 2400 1217 Συριωάννης,
2434 1148 2587 1217 quod
2628 1148 2860 1201 cuidam
2915 1147 3091 1201 nobili
3135 1146 3387 1200 Comano
3437 1147 3495 1199 in
3555 1147 3656 1200 ba-

2030 1233 2244 1303 ptismo
2276 1235 2525 1289 inditum
2557 1235 2729 1289 refert
2759 1237 3217 1302 Cantacuzenus,
3242 1234 3280 1287 l.
3316 1251 3355 1302 Ι,
3389 1250 3438 1288 c.
3468 1238 3557 1290 Il.

2101 1343 2336 1411 Σφαῖρος
2397 1335 2846 1409 Ἐμπεδόκλειος,
2920 1356 2974 1410 p.
3057 1340 3181 1394 203.
3270 1339 3464 1393 Primo
3517 1339 3667 1393 mihi

2029 1424 2135 1481 loci
2168 1428 2344 1498 hujus
2374 1445 2619 1483 occursu
2651 1427 2807 1481 venit
2853 1429 2911 1480 in
2972 1432 3223 1482 mentem
3284 1427 3508 1481 laudari
3569 1427 3664 1480 hic

2030 1517 2375 1572 sententiam
2412 1516 2742 1586 philosophi
2774 1514 2984 1569 veteris
3012 1532 3042 1569 e
3073 1514 3381 1586 discipulis
3413 1520 3514 1569 aut
3568 1531 3661 1569 se-

2029 1606 2225 1659 ctariis
2268 1604 2653 1674 Empedoclis.
2711 1603 2805 1657 cui
2874 1618 3084 1658 nomen
3161 1603 3398 1673 Sphaaro
3484 1608 3658 1657 esset.

2029 1692 2240 1757 Quidni
2270 1692 2581 1746 enimtalis
2612 1691 3021 1763 appellationis
3081 1691 3369 1763 quispiam
3435 1692 3664 1746 dedisse

2028 1796 2261 1850 operam
2296 1780 2621 1849 Empedocli
2646 1782 2705 1847 [P
2746 1781 2869 1851 417]
2896 1779 3194 1849 potuisset,
3227 1796 3359 1833 cum
3390 1780 3667 1849 Sphaerus

282 1848 625 1917 Symbolum
653 1847 948 1900 Nicamum
985 1844 1247 1899 absolute
1277 1845 1612 1915 Symbolum
1645 1850 1920 1908 nominat.

2034 1844 2181 1922 alius
2214 1884 2242 1921 e
2272 1844 2562 1922 Cleanthis
2596 1844 2812 1933 schola,
2852 1844 3030 1922 notus
3084 1844 3285 1923 auctor
3343 1844 3665 1922 multorum

284 1934 731 2004 Intelligebatur
759 1932 913 1986 enim
945 1933 1015 1985 de
1068 1948 1183 2001 quo
1241 1932 1475 1999 diceret,
1537 1948 1603 1986 ex
1661 1936 1921 2002 subjecta

285 2022 553 2087 materia,
586 2038 716 2074 cum
743 2025 1089 2073 tractaretur
1117 2019 1508 2073 controversia
1534 2020 1603 2075 de
1627 2023 1922 2077 additione

282 2113 532 2180 Filioque
559 2108 826 2180 Symbolo
854 2108 1100 2170 Niczeno,
1125 2108 1209 2161 vel
1242 2108 1291 2162 si
1315 2108 1572 2162 exactius
1604 2108 1919 2179 loquimur,

280 2198 948 2267 Constantinopolitano,
985 2216 1015 2251 a
1047 2198 1269 2251 Latinis
1303 2198 1542 2254 inserta.
1593 2200 1735 2254 Vide
1795 2217 1919 2272 quas

278 2293 632 2343 annotamus
664 2287 730 2341 ad
759 2286 795 2339 l.
828 2303 883 2353 v,
919 2287 1002 2338 11.

355 2383 671 2455 Συγχωρὲω
700 2380 789 2433 καὶ
820 2379 1197 2452 συγχώρησις,
1233 2398 1288 2451 p.
1337 2382 1459 2435 385.
1497 2386 1608 2436 Aut
1658 2384 1917 2439 oblatum

281 2477 352 2528 ab
384 2474 737 2543 imperatore
770 2486 933 2524 sacro
966 2470 1182 2537 templo
1207 2470 1695 2538 pretiosissimum
1722 2472 1919 2528 altaris

281 2562 498 2625 velum,
533 2576 666 2613 cum
705 2556 1102 2612 absolveretur
1158 2557 1229 2611 ab
1301 2556 1919 2619 excommunicatione,

283 2650 529 2720 dignum
564 2665 624 2701 se
656 2664 721 2701 ac
756 2645 853 2701 tali
881 2645 1268 2715 gratulatione
1300 2646 1540 2698 donum.
1575 2643 1644 2697 Ut
1676 2645 1786 2710 hic,
1838 2647 1919 2699 sic

284 2743 341 2789 et
372 2737 509 2789 alibi
546 2736 779 2788 verbum
811 2750 1116 2806 ouyxwpslv
1152 2734 1208 2785 in
1241 2733 1350 2785 ista
1384 2732 1613 2785 notione
1645 2733 1916 2786 sumitur.

286 2825 377 2878 Uti
414 2829 471 2877 et
503 2820 855 2894 συγχώρησις
888 2838 989 2891 pro
1036 2820 1163 2889 ipsa
1219 2820 1580 2874 absolutione
1629 2820 1735 2874 hoc
1793 2821 1920 2890 ipso

285 2910 474 2980 capite
507 2926 519 2963 :
554 2909 832 2980 ἀντειχετο
863 2906 935 2966 ὡς
972 2905 1137 2965 λεπὰς
1194 2905 1396 2959 ἐκείνου
1435 2907 1689 2978 (Josephi
1750 2908 1923 2977 patri-

284 2999 468 3051 archas
499 2999 652 3061 novi,
685 2997 785 3067 qui
817 3012 947 3050 eum
982 2997 1052 3049 ab
1084 2996 1673 3050 excommunicatione
1731 2995 1916 3050 solve-

288 3087 402 3157 rat)
436 3081 522 3137 διά
575 3104 633 3137 τε
688 3084 788 3150 τὴν
851 3082 941 3136 ἀπ’
987 3081 1193 3135 ἐκείνου
1251 3082 1623 3155 συγχώρησιν,
1685 3089 1921 3153 propter

2032 1973 2293 2025 operum,
2328 1956 2564 2026 Diogeni
2595 1957 2819 2010 Laertio
2844 1961 3199 2011 memoratus
3225 1957 3300 2010 sit
3328 1956 3356 2009 ‘I
3386 1956 3667 2010 Animad-

2030 2044 2170 2097 verti
2206 2049 2401 2113 postea
2432 2044 2696 2098 obortam
2746 2045 3076 2114 opinionem
3137 2044 3400 2097 eamdem
3463 2043 3665 2097 Hiero-

2032 2148 2205 2202 nymo
2236 2132 2445 2185 Wolﬁo
2480 2132 2635 2185 hunc
2669 2131 2858 2186 locum
2893 2132 2951 2185 in
2982 2148 3088 2185 sua
3142 2133 3421 2199 Excerpta
3477 2132 3667 2185 confe-

2032 2220 2200 2273 renti.
2238 2222 2349 2273 Sed
2374 2219 2764 2274 consideranti
2801 2236 2917 2272 rem
2945 2220 3225 2274 attentius
3258 2219 3415 2272 brevi
3472 2221 3664 2288 patuit

2031 2309 2254 2381 σφαῖρος
2287 2306 2381 2361 hic
2409 2324 2510 2376 pro
2545 2310 2742 2379 σφαῖρα
2791 2307 3045 2376 positum
3106 2308 3276 2376 plane
3334 2307 3665 2377 signiﬁcare

2032 2396 2246 2460 follem,
2281 2394 2689 2462 orbicularem,
2719 2394 2921 2464 quales
2939 2395 3203 2449 videmus
3238 2395 3383 2465 pilas
3417 2396 3666 2463 majores

2032 2485 2235 2553 spiritu
2272 2484 2581 2546 confertas,
2617 2500 2763 2552 quas
2794 2482 2921 2537 Itali
2950 2484 3190 2553 palloni,
3251 2482 3401 2536 Galli
3451 2483 3664 2536 bellom

2032 2571 2354 2625 nominant.
2408 2571 2665 2639 Excipiet
2722 2570 2935 2640 aliquis
2988 2576 3187 2625 contra
3239 2587 3350 2624 non
3428 2570 3667 2639 reperiri

2032 2675 2241 2713 nomen
2265 2659 2419 2712 istud
2443 2659 2548 2711 hac
2575 2660 2777 2725 forma,
2798 2661 2897 2713 sed
2924 2660 3213 2713 femininze
3229 2658 3444 2728 ubique
3464 2659 3667 2713 termi-

2029 2749 2282 2802 nationis
2313 2752 2368 2800 et
2393 2748 2621 2816 generis
2652 2748 2803 2815 apud
2837 2748 3149 2817 scriptores
3199 2746 3473 2800 classicos
3522 2745 3668 2815 legi-

2030 2837 2312 2890 Concedo.
2346 2835 2491 2897 Quid
2526 2839 2648 2887 tum
2684 2841 2886 2904 postea
2918 2838 2940 2889 Ρ
2968 2852 3040 2889 an
3074 2839 3162 2890 est
3206 2835 3349 2889 adeo
3405 2833 3661 2887 alienum

2030 2943 2063 2979 a
2093 2923 2460 2993 Pachymeris
2494 2938 2653 2977 more
2683 2923 2961 2991 quiddam
3022 2923 3079 2976 in
3138 2922 3352 2975 talibus
3409 2939 3660 2973 καινοτο-

2032 3014 2147 3082 μεῖν
2180 3011 2206 3064 ?
2242 3012 2514 3065 Praeterea
2547 3010 2833 3079 suspicari
2864 3008 2999 3064 licet
3021 3010 3209 3064 visum
3243 3009 3352 3079 ipsi
3403 3008 3657 3078 aliquem

2027 3100 2244 3153 librum
2276 3098 2462 3152 idonei
2496 3096 2747 3151 auctoris
2780 3114 2846 3151 ex
2876 3097 2950 3151 iis
3010 3098 3213 3151 multis
3267 3097 3365 3164 qui
3422 3098 3491 3150 ad
3556 3114 3659 3151 nos

279 3173 728 3240 absolutionem,
764 3189 936 3242 quam
961 3188 1092 3226 eum
1120 3172 1431 3233 frustra,ab
1460 3171 1701 3227 Arsenio
1725 3172 1917 3242 petiis-
1944 3196 1989 3259 ρ
2028 3205 2142 3243 non
2178 3193 2580 3257 pervenerunt,
2616 3186 2715 3239 ubi
2738 3189 2963 3259 σφαῖρος
2996 3202 3098 3255 pro
3147 3188 3370 3259 σφαῖρος
3419 3200 3658 3255 ponere-

277 3270 388 3329 set,
422 3280 455 3317 a
487 3262 773 3317 Germano
806 3260 1199 3330 accipiendam
1229 3277 1341 3312 non
1393 3260 1696 3329 potuisset,
1755 3260 1915 3314 deni-

278 3366 394 3420 que
425 3367 458 3402 a
494 3348 745 3418 Josepho
774 3346 943 3401 tertio
976 3348 1045 3400 ab
1079 3346 1318 3400 Arsenio
1349 3347 1677 3416 patriarcha
1736 3348 1917 3419 impe-

281 3443 555 3491 traveral.

362 3522 636 3589 Συναπτή,
672 3538 727 3592 ρ.
764 3523 884 3575 174.
945 3522 1209 3593 Synaptaa
1259 3538 1469 3577 nomen
1530 3523 1732 3577 Latine
1782 3523 1916 3578 reti-

291 3609 418 3675 nui,
451 3609 589 3679 quia
629 3627 741 3664 non
776 3610 998 3679 reperio
1027 3626 1209 3664 unum
1268 3608 1425 3663 aliud
1460 3610 1519 3664 in
1568 3616 1764 3666 nostra
1806 3612 1920 3667 lin-

289 3714 406 3768 gua
437 3698 676 3751 verbum
711 3714 826 3767 quo
859 3713 947 3750 res
992 3697 1114 3751 voci
1176 3697 1413 3763 συναπτή
1465 3699 1728 3767 subjecta
1776 3700 1919 3754 satis

289 3785 672 3854 exprimatur.
707 3784 889 3839 Multa
915 3784 984 3838 de
1022 3801 1089 3839 ea
1147 3784 1368 3839 utiliter
1393 3787 1554 3839 docet
1610 3787 1917 3843 Meursius.

278 3874 526 3927 Videtur
556 3872 776 3944 aliquid
808 3871 998 3926 simile
1032 3872 1113 3926 illi
1146 3874 1295 3943 parti
1328 3872 1658 3927 litaniarum
1692 3882 1919 3930 nostra-

281 3977 440 4029 rum,
464 3977 573 4027 qua
600 3965 730 4024 Deo,
764 3960 1041 4014 continua
1074 3960 1223 4014 serie
1282 3962 1464 4014 multo
1515 3965 1922 4017 commendan-

278 4055 396 4116 tur,
431 4048 677 4103 ecclesia
708 4048 964 4118 pontifex
986 4054 1121 4115 etc.,
1153 4048 1431 4117 adjuncta
1474 4049 1684 4120 cuique
1731 4050 1919 4104 accla-

273 4137 534 4191 matione
567 4135 765 4207 populi
802 4154 814 4191 :
854 4139 918 4191 Te
951 4153 1227 4207 rogamus,
1296 4137 1435 4191 audi
1482 4154 1599 4205 nos,
1655 4156 1756 4208 pro
1810 4156 1921 4209 quo

270 4224 490 4279 Graecis
521 4230 628 4290 est,
650 4227 759 4277 Τοῦ
790 4223 990 4298 Κυρίου
1022 4220 1300 4295 δεηθῶμεν
1324 4227 1617 4281 Dominum
1644 4243 1918 4296 rogamus.

343 4330 555 4397 Συνών,
588 4348 643 4401 p.
690 4332 800 4385 187.
836 4331 1192 4386 Pachomius
1255 4332 1537 4386 litterator
1575 4333 1789 4387 dicitur
1845 4337 1921 4403 τῷ

269 4415 753 4489 Στρατηγοπούλῳ
820 4418 1057 4491 Μιχαὴλ
1116 4418 1309 4473 συνών.
1364 4421 1468 4474 Hic
1532 4423 1629 4472 τοῦ
1713 4425 1922 4474 συνεῖνα

2023 3286 2133 3331 tur.
2189 3276 2297 3329 Sed
2348 3275 2503 3328 verbi
2562 3277 3011 3328 controversiam
3046 3273 3570 3343 protligaverimus,
3602 3288 3662 3325 re

2021 3363 2199 3419 semel
2234 3363 2360 3431 ipsa
2390 3362 2726 3415 constituta.
2760 3361 3189 3427 Demonstrato,
3226 3361 3491 3430 inquam,
3550 3360 3659 3414 loci

2022 3467 2192 3520 quem
2226 3455 2544 3503 tractamus
2568 3448 2916 3503 sententiam
2949 3449 3174 3519 exigere
3207 3453 3270 3503 ut
3299 3446 3524 3523 οφαίρος
3554 3447 3660 3502 fol-

2020 3538 2131 3593 lem
2168 3538 2427 3591 rotundaa
2461 3537 2657 3590 formae
2709 3536 3019 3606 significet,
3079 3537 3254 3590 simul
3312 3535 3656 3590 evicerimus

2021 3628 2193 3683 istam
2217 3626 2392 3693 hujus
2418 3624 2709 3678 vobahulli
2730 3625 2836 3679 hoc
2868 3625 2990 3680 loco
3014 3625 3307 3679 notionem
3333 3641 3459 3679 esse
3483 3625 3653 3678 mini-

2022 3732 2115 3770 me
2144 3713 2404 3768 dubiam.
2436 3718 2587 3781 Ergo
2618 3713 2687 3765 ad
2720 3713 2777 3766 id
2832 3729 2938 3767 nos
2991 3713 3386 3782 accingamus.
3438 3713 3535 3765 Ait
3566 3712 3660 3767 hic

2023 3803 2401 3873 Pachymeres
2452 3799 2838 3870 patriarcham
2930 3800 3261 3865 Arsenium,
3346 3805 3657 3870 postquam

2020 3890 2284 3945 Michacli
2320 3888 2635 3958 Palmologo
2670 3888 3001 3956 imperatori
3031 3889 3101 3941 ob
3140 3894 3486 3942 excaecatum
3545 3906 3656 3958 pu-

2022 3979 2223 4049 pilium
2257 3983 2314 4031 et
2336 3977 2614 4045 collegam
2649 3992 2821 4029 suum
2855 3975 2912 4029 in
2945 3976 3188 4045 imperio
3208 3976 3493 4030 Joannem
3519 3994 3658 4046 pue-

2024 4083 2151 4119 rum
2186 4065 2367 4118 sacris
2400 4063 2793 4126 interdixerat,
2827 4063 3235 4118 dissimulasse
3267 4068 3485 4130 tamen,
3517 4065 3657 4119 dum

2024 4153 2287 4224 quaedam
2322 4150 2443 4205 fieri
2475 4151 2688 4205 videret
2718 4151 2961 4205 minime
2984 4151 3332 4207 cohaerentia
3354 4167 3488 4205 eum
3518 4169 3657 4206 ana-

2023 4242 2275 4297 themate
2311 4240 2416 4293 rite
2447 4239 2685 4293 intorto.
2720 4238 2860 4295 Nam
2894 4255 3024 4292 cum
3068 4256 3201 4293 eum
3252 4239 3354 4309 qui
3412 4238 3534 4304 tali,
3596 4245 3661 4293 ut

2029 4328 2203 4399 paulo
2238 4333 2371 4381 ante
2402 4326 2679 4397 loquitur,
2703 4326 2887 4397 gladio
2916 4326 3141 4397 spiritus
3188 4344 3221 4382 a
3250 4328 3662 4382 communione

2028 4415 2278 4471 ﬁdelium
2310 4414 2480 4485 plane
2511 4414 2807 4469 abscissus
2836 4416 3043 4469 fuisset
3076 4418 3237 4468 nefas
3289 4420 3445 4469 esset
3493 4416 3663 4485 juxta

270 4510 451 4562 verbo
487 4523 603 4561 non
634 4507 907 4576 quaslibet
929 4508 1221 4562 indicatur
1265 4509 1588 4578 praesentia,
1639 4511 1737 4564 sed
1783 4512 1917 4564 inti-
1951 4540 1998 4599 Β
2030 4520 2222 4559 sacros
2245 4519 2497 4557 canones
2528 4502 2836 4556 admittere
2860 4503 2930 4555 ad
2955 4502 3131 4556 ullam
3162 4503 3663 4571 participationem

272 4613 405 4650 mus
435 4594 735 4649 convictus
768 4596 1271 4665 domesticumque
1299 4596 1357 4649 in
1392 4614 1449 4650 re
1490 4595 1772 4653 litteraria
1802 4600 1909 4652 mi-

277 4684 615 4750 nisterium,
650 4683 817 4751 quale
848 4684 1055 4736 divites
1080 4683 1215 4738 olim
1239 4684 1547 4738 exihehant
1577 4686 1645 4738 ab
1676 4686 1745 4739 iis
1768 4703 1915 4756 quos

269 4773 426 4842 apud
465 4789 531 4826 se
562 4770 875 4837 habebant,
911 4776 971 4826 ut
995 4789 1193 4826 eorum
1226 4773 1574 4837 eruditione,
1632 4790 1764 4828 cum
1825 4792 1918 4829 es-

269 4866 359 4913 set
393 4875 548 4929 opus
587 4868 685 4912 aut
740 4864 986 4927 vacaret,
1033 4860 1402 4928 juvarentur.
1459 4860 1528 4914 Hi
1578 4860 1733 4916 haud
1802 4865 1918 4918 fere

264 4950 434 5003 aliter
454 4963 639 5017 quam
670 4944 914 5006 συνόντες
946 4949 1322 5015 vocabantur,
1356 4952 1418 5002 ut
1446 4947 1795 5019 intelligitur
1852 4968 1920 5005 ex

263 5037 440 5105 longo
473 5040 537 5089 et.
568 5033 922 5105 perefeganti
954 5035 1197 5089 Luciani
1244 5036 1315 5090 de
1366 5035 1459 5090 his
1514 5035 1685 5102 libro,
1746 5040 1920 5108 cujus

265 5125 395 5190 ipse
421 5120 635 5177 titulus
664 5121 1030 5191 (inscribitur
1061 5123 1215 5177 enim
1276 5122 1406 5195 Ηερὶ
1465 5126 1537 5175 ὢν
1596 5121 1681 5176 ἐπὶ
1745 5128 1923 5197 μισθῷ

266 5213 420 5266 603
458 5207 754 5276 συνόντων)
788 5210 936 5263 hanc
969 5226 1143 5279 quam
1178 5212 1498 5266 asserimus
1530 5212 1707 5282 hujus
1755 5232 1921 5269 voca-

273 5300 396 5353 buli
433 5298 736 5353 notionem
772 5298 1155 5352 demonstrat.

345 5392 724 5467 Συριωάννης,
760 5394 972 5465 p.328.
1017 5396 1151 5465 Agit
1195 5395 1266 5449 de
1317 5395 1539 5451 Joanne
1590 5398 1734 5453 duce
1793 5417 1923 5470 pro-

278 5484 430 5538 fecto
457 5484 708 5547 Thebas,
735 5488 792 5537 et
849 5481 969 5536 illic
1025 5483 1345 5552 reperiente
1404 5490 1682 5553 magnum
1737 5488 1925 5543 domi-

274 5588 445 5639 num,
480 5587 653 5640 quem
688 5570 892 5640 lingua
922 5570 1289 5640 popularium
1314 5572 1393 5626 ibi
1425 5572 1801 5643 Syrioannom
1836 5594 1927 5632 vo-

278 5659 526 5715 citatum
583 5658 686 5724 ait,
746 5664 802 5713 et
848 5663 1040 5713 tamen
1101 5660 1507 5729 cognominem
1565 5661 1689 5732 ipse
1750 5665 1927 5723 fuisse

609 5776 869 5837 PATBOL.
918 5778 1027 5837 Gn.
1073 5777 1329 5841 CXLIII.

2028 4608 2350 4660 sacrorum,
2384 4596 2579 4645 tamen
2610 4608 2678 4645 ex
2708 4606 2773 4644 eo
2830 4595 3085 4659 tempore
3144 4607 3257 4644 non
3319 4591 3668 4645 destiterunt

2026 4678 2654 4747 Constantinapolitani
2671 4679 3003 4733 sacerdotes
3023 4684 3079 4732 et
3102 4678 3291 4733 clerici
3325 4679 3668 4733 nominatim

2030 4784 2353 4824 memorare
2383 4766 2442 4820 in
2476 4783 2639 4820 sacro
2671 4767 2844 4820 choro
2876 4772 3051 4836 atque
3082 4767 3235 4820 inter
3263 4766 3388 4835 ipsa
3418 4766 3667 4835 liturgiaa

2033 4858 2308 4928 mysteria
2340 4857 2745 4926 imperatorem
2770 4854 2902 4910 licet
2921 4856 3509 4921 excommunicatum,
3532 4873 3668 4911 con~

2028 4947 2257 5001 nivente
2288 4945 2359 4999 ad
2406 4944 2513 4998 hoc
2571 4960 2764 4998 coram
2822 4959 2883 4998 se
2942 4950 3287 5013 usurpatum
3339 4944 3667 5015 patriarcha

2029 5038 2187 5089 metu
2223 5032 2461 5101 majoris
2495 5033 2653 5086 mali.
2690 5031 3009 5086 Verebatur
3038 5033 3193 5087 604
3249 5033 3405 5087 enim
3463 5048 3554 5101 ne,
3614 5032 3665 5085 si

2030 5123 2216 5178 ethoc
2249 5122 2549 5185 vetuisset,
2581 5136 2825 5174 excussa
2856 5137 2971 5190 qua
3001 5125 3299 5191 utcunque
3332 5120 3667 5175 contineba-

2031 5216 2127 5263 tur
2155 5210 2474 5278 imperator
2494 5208 2841 5262 verecundia
2860 5209 3110 5278 quadam
3136 5225 3309 5261 sacris
3342 5206 3647 5277 potestatis
3663 5242 3679 5269 ,

2032 5298 2229 5353 omnia
2277 5297 2335 5351 in
2403 5302 2721 5352 extremam
2772 5297 3267 5367 perturbationem
3319 5294 3673 5364 impelleret,

2033 5385 2401 5454 eveniretque
2460 5384 2574 5439 tale
2605 5384 2825 5455 aliquid
2896 5384 3069 5455 quale
3119 5383 3177 5436 in
3230 5381 3446 5454 Ulyssis
3506 5394 3675 5446 nave,

2037 5473 2382 5537 dormiente,
2420 5475 2564 5543 ipso,
2598 5472 2839 5527 feliciter
2872 5473 2941 5526 ad
2975 5474 3208 5541 portum
3240 5469 3559 5539 napirante,
3582 5471 3671 5519 te-

2039 5560 2287 5616 meraria
2344 5560 2662 5630 cupiditate
2719 5559 3003 5614 comitum
3056 5556 3184 5626 ejus
3265 5554 3495 5622 accidit,
3572 5551 3679 5624 qui

2108 5670 2297 5725 Ἀσκὸν
2336 5669 2431 5741 μὲν
2460 5667 2650 5740 λῦσαν,
2682 5667 2870 5741 ἄνεμοι
2904 5664 2949 5719 δ’
2980 5664 3039 5719 ἐκ
3068 5666 3259 5726 πάντες
3288 5660 3515 5736 ὄρουσαν

3278 5785 3358 5843 34
