4122 6272
521 270 657 324 1067
1565 279 1635 337 ίΡ.
1679 280 1949 335 POSSINI
1987 282 2116 337 OBS

2234 286 2603 342 VATIONUM
2640 291 2769 345 LIB.
2808 295 2853 347 I.

589 392 733 472 Τοὺς,
759 390 805 446 δ’
836 391 949 465 αἶψ’
973 391 1252 472 ἁρπάσασα
1283 397 1451 472 φερεινΔ
1466 396 1727 453 πόντονδε
1757 398 1961 454 Θῦελλα

596 462 1089 539 Κλαίοντας-γαίης
1122 466 1227 520 ἀπὸ
1260 462 1543 541 πατρίδος,

3721 313 3829 368 1068

2191 412 2250 476 Α
2283 406 2709 478 pingendorum
2741 414 2798 468 in
2832 421 2994 473 utres
3026 433 3226 475 eorum
3258 421 3468 480 similes
3498 442 3628 498 quos
3673 432 3833 492 [Eolus

2268 495 2457 567 Ulyssi
2492 499 2744 556 donavit.
2779 504 2916 573 Ejus
2963 506 3080 561 hac
3137 509 3311 564 verba
3359 495 3527 567 sunti
3574 515 3834 589 Ἀνεμοκοῖ-

2263 603 2347 635 ται
2396 586 2549 658 γένος
2600 588 2650 640 ἐν
2706 590 2945 663 Κορίνθῳ
2976 592 3204 664 ἀνέμους
3236 598 3590 668 κοιμίζοντες.
3620 604 3684 665 εἷς
3730 609 3833 685 ὅπερ

2271 668 2293 685 δ
2331 671 2349 685 ι-
2384 676 2411 685 no
2501 671 2519 685 κ
2545 675 2555 685 ¹
2776 675 2795 685 ’⁸
3192 683 3199 685 ⁸
3432 684 3439 685 7

2268 668 2451 739 δεξιῶς
2501 671 2711 747 λέγεται
2771 675 3070 743 διακεῖσθαι
3119 683 3206 735 καὶ
3250 684 3631 757 Ἐμπεδοκλῆς,
3673 693 3723 745 οὗ
3762 668 3831 749 mli

2267 758 2340 819 εἷς
2374 762 2505 814 αὐτὸ
2546 762 2715 836 τὲχνη
2751 766 3053 840 ἱστόρηται,
3100 774 3462 831 Απθητοεκίῶ
3504 789 3648 835 sectae
3691 781 3834 839 homi-

2266 864 2399 902 num
2428 867 2623 906 nomen
2653 863 2730 909 est
2754 855 3014 912 Corinthi
3040 863 3224 914 ventos
3261 862 3616 930 sapientium;
3652 884 3740 939 qua
3756 888 3832 925 va-

2266 936 2435 993 luisse
2466 941 2521 993 in
2578 944 2776 1010 primis
2824 947 3020 1015 peritia
3081 947 3285 1002 dicitur
3322 936 3668 1022 Empedocles,
3707 962 3833 1027 cuius

2270 1026 2328 1079 in
2369 1026 2469 1082 hoc
2495 1045 2690 1098 genere
2720 1048 2808 1085 ars
2839 1034 2905 1087 ab
2937 1033 3213 1090 historicis
3235 1038 3502 1094 celebrata
3523 1046 3610 1096 est.
3633 1046 3703 1097 Ita
3742 1026 3832 1111 ille,

2269 1113 2424 1169 locos
2456 1116 2721 1172 alludens
2755 1137 2865 1175 non
2900 1122 3092 1176 solum
3125 1126 3299 1179 modo
3332 1133 3659 1184 memoratos
3678 1132 3833 1187 Timet

2266 1208 2320 1253 et
2354 1202 2621 1267 Lasertii,
2647 1207 2743 1258 sed
2781 1206 3025 1262 aliorum
3061 1210 3259 1275 etiam,
3292 1212 3696 1286 historicorum,
3733 1225 3840 1288 puta

2268 1288 2553 1359 Porphrii,
2586 1294 2756 1362 cujus
2788 1294 2846 1348 in
2879 1295 3011 1350 Vita
3050 1298 3384 1368 Pithagoraa,
3443 1303 3692 1359 editionis
3736 1307 3838 1361 Hol-

2268 1376 2565 1443 stenianae,
2600 1380 2753 1449 typis
2783 1381 3103 1452 Vaticanis,
3159 1386 3273 1441 haec
3329 1388 3594 1460 leguntur
3638 1409 3686 1462 p.
3736 1396 3786 1447 19
3827 1412 3837 1449 :

2266 1462 2358 1514 Ὧν
2424 1462 2819 1534 μεταλαϐόντας
2876 1468 3252 1541 Ἑμπεδοκκιὲα
3302 1495 3361 1528 τε
3415 1476 3499 1529 καὶ
3556 1478 3843 1549 Ἐπιμενίδην

523 575 588 625 ut
619 572 743 642 ipse
774 570 1011 643 Ulysses
1043 571 1248 644 lugens
1278 574 1516 631 Alcinoo
1551 581 1748 632 narrat
1797 578 1902 633 Od.
1961 599 1994 632 κ
2051 582 2159 637 sub

522 659 758 715 initium
799 676 812 714 :

526 774 700 851 Utrem
716 774 936 851 quidem
959 776 1251 851 solverunt:
1285 777 1442 851 venti
1474 783 1661 833 autem
1687 796 1874 835 omnes
1913 798 2158 851 erupere:

522 846 667 923 Ipsos
698 861 821 901 vero
853 848 1030 901 subito
1062 847 1287 923 rapiens
1337 849 1466 902 tulit
1525 852 1585 903 in
1646 853 1878 906 Pontum
1921 846 2164 923 procella

522 917 734 971 Flentes
764 934 797 971 a
820 927 964 972 terra
989 920 1196 987 patria.

519 1031 820 1099 Ejusmodi
857 1032 1193 1102 quempiam
1217 1033 1412 1099 [fetum
1440 1036 1845 1100 tempestatibus
1875 1039 2076 1102 utrem,
2100 1042 2164 1091 ut

519 1117 733 1173 alicubi
790 1117 1047 1188 loquitur
1108 1120 1401 1187 Horatius,
1464 1122 1555 1176 hic
1614 1121 1843 1197 σφαίρου
1882 1124 2162 1180 vocabulo

517 1206 841 1275 designavit
863 1206 1266 1275 Pacbymeres,
1292 1208 1419 1277 ejus
1435 1208 1619 1279 ﬁgura
1642 1211 2012 1281 imperatoris
2034 1213 2160 1265 irri-

516 1292 756 1347 tabilem
780 1293 1041 1347 animum
1069 1295 1450 1360 adumbrans,
1475 1312 1647 1367 quem
1669 1299 1795 1368 jam
1819 1306 2159 1355 metuentem

517 1381 604 1435 ira
646 1383 805 1453 gravi
835 1383 905 1437 ob
940 1384 1252 1438 anathema
1292 1385 1604 1450 inﬂictum,
1638 1389 1685 1443 si
1720 1407 1928 1446 rursus
1979 1395 2163 1462 patri-

516 1469 693 1524 archa
725 1470 1056 1539 lacesseret,
1089 1472 1411 1543 periculum
1444 1480 1568 1528 erat
1618 1493 1687 1529 ne
1716 1477 1766 1531 is
1798 1483 1945 1533 totas
1987 1481 2160 1537 babe-

517 1574 624 1613 nas
655 1558 834 1614 furori
860 1559 1100 1615 laxaret.
1137 1560 1349 1630 Audio,
1380 1562 1531 1616 dicet
1566 1564 1710 1618 forte
1741 1565 1981 1635 quidam
2030 1586 2116 1624 ert

2266 1550 2353 1603 καὶ
2404 1547 2627 1626 Ἄϐαριν
2678 1555 2949 1619 πολλάκις
3002 1557 3424 1617 ἐπιτέτελεκὲναι
3475 1570 3692 1620 τοιαῦτα·
3734 1566 3846 1635 δῆλα

516 1647 675 1701 ditus
708 1647 931 1702 lector:
982 1649 1081 1703 sed
1138 1652 1278 1703 tunc
1340 1655 1675 1719 oportuerat
1722 1653 1877 1707 hunc
1935 1661 2116 1730 σφαῖρ(

2268 1636 2314 1690 δ’
2372 1638 2545 1693 αὐτῶν
2603 1644 2670 1695 τά
2726 1647 3009 1716 ποιήματα
3082 1648 3385 1722 ὑπάρχειν.
3447 1651 3655 1713 ’Ἄλλως
3702 1675 3749 1707 τε
3792 1675 3845 1708 x1

514 1731 842 1801 Ὀδύσσειον,
895 1752 1009 1789 non
1071 1732 1495 1805 Ἐμπεδόκλειον
1566 1738 1784 1794 dictum
1846 1759 1875 1796 a
1937 1725 2116 1816 Pachy

2266 1725 2593 1800 ἀλεξάμενος
2669 1732 2761 1801 μὲν
2838 1733 2904 1800 ἦν
2979 1736 3041 1788 τὸ
3099 1735 3389 1809 ἐπώνυμον
3448 1739 3847 1811 Ἐμπεδοκλέους,

513 1838 688 1877 mere.
722 1823 867 1878 Nam
899 1823 1037 1893 quid
1072 1823 1302 1879 utribus
1334 1825 1532 1879 Eoliis
1562 1842 1696 1881 cum
1758 1829 2102 1899 Empedocle
2126 1834 2153 1887 ?
2182 1818 2223 1824 —
2260 1818 2392 1881 Quae
2426 1824 2719 1888 postrema
2749 1824 2921 1876 verba
2951 1826 3395 1882 eruditissimus
3423 1830 3734 1885 Holstenius
3784 1833 3848 1885 sic

510 1912 591 1965 Ad
629 1911 747 1966 haec
767 1928 1118 1966 occursurus
1150 1928 1286 1983 rogo
1318 1929 1550 1983 aequum
1610 1916 1897 1971 arbitrum
1957 1937 2116 1975 rerur

2257 1906 2471 1974 vertit;
2507 1907 2650 1974 Quin
2707 1917 2760 1964 et
2805 1913 3121 1981 Empedocli
3175 1932 3475 1983 cognomen
3540 1926 3646 1973 erat
3678 1919 3842 1972 Alexa-

510 2000 828 2054 informare
858 2016 1056 2054 secum
1091 2017 1161 2054 ne
1191 2006 1466 2071 gravetur
1514 2001 1705 2057 ideam
1766 2006 1985 2075 ingenii
2043 2011 2154 2065 pa-
2257 1997 2407 2075 nemi
2453 1996 2571 2051 sive
2604 2002 2898 2054 averrunci
2938 2008 3239 2057 ventorum.
3312 2005 3474 2061 Hanc
3529 2024 3592 2060 ex
3640 2011 3852 2061 veterum

506 2087 796 2159 chymeris
837 2105 1016 2158 supra
1050 2089 1288 2143 modum
1313 2090 1653 2161 antiquarii,
1688 2108 1749 2146 se
1807 2096 2152 2153 eruditionis
2256 2066 2499 2137 Ιοεῖίοηθ
2532 2085 2601 2139 de
2634 2086 2981 2158 ΕΠῚΡθάΟΟῙθ
3006 2090 3217 2145 famam
3251 2094 3647 2149 Observatile
3693 2096 3855 2150 animo

509 2176 820 2245 abstrusas,
854 2178 1007 2247 quod
1043 2177 1244 2232 multis
1285 2193 1353 2232 ex
1385 2178 1524 2233 locis
1556 2184 1738 2249 patet,
1780 2187 2116 2240 ostentatori

2255 2169 2635 2239 Pachymeres
2668 2172 2911 2239 habens,
2943 2176 3080 2229 dum
3116 2178 3442 2247 periculum
3477 2181 3849 2235 exitiosissimze

508 2281 653 2335 pene
679 2265 888 2334 putidi.
925 2266 1073 2335 Ergo
1106 2266 1156 2319 is
1204 2282 1316 2320 non
1375 2266 1518 2321 satis
1579 2267 1799 2324 habens
1860 2271 2152 2329 indicasse
2256 2257 2516 2327 procellae
2549 2261 2820 2329 prudenti
2852 2265 3222 2319 conniventia
3253 2268 3502 2322 vitatum
3532 2270 3599 2322 ab
3644 2269 3847 2323 Arsenio

504 2357 703 2407 notam
734 2352 847 2407 sibi
878 2357 1185 2407 ventorum
1218 2354 1276 2407 in
1310 2358 1471 2409 utres
1498 2360 1829 2412 coactorum
1864 2360 1933 2413 ab
1992 2363 2150 2417 [E010
2256 2346 2605 2414 Patriam“:
2644 2348 2859 2403 “trium
2892 2351 3038 2405 ίΕοῙί
3072 2352 3259 2424 ωὶέεί
3308 2357 3655 2410 traditarum
3707 2361 3756 2409 θῐ
3796 2355 3848 2408 εί)

503 2445 560 2495 et
590 2440 775 2511 Ulyssi
809 2441 1157 2495 traditarum
1191 2441 1470 2509 fabulam,
1501 2443 1669 2498 etiam
1706 2446 1948 2502 innuere
1979 2465 2149 2505 cura-
2256 2435 2381 2502 eius
2426 2436 2739 2491 comitibus
2780 2438 2999 2507 ingenii
3048 2442 3301 2509 PemlCie
3358 2444 3617 2514 ipsorum
3672 2448 3848 2497 temere

507 2528 588 2583 vit
617 2528 770 2582 haud
800 2544 861 2582 se
893 2529 1163 2598 ignorare
1194 2531 1489 2599 quodnam
1541 2537 1696 2585 esset
1750 2534 1878 2601 ejus
1938 2537 2145 2592 funda-
2252 2528 2739 2578 contrectatarum
2779 2527 3041 2598 exemplo
3075 2527 3420 2585 illustraret.
3456 2549 3567 2586 non
3601 2548 3659 2586 se
3701 2530 3849 2585 tenuit

509 2622 771 2671 mentum
806 2614 1031 2669 fabulae.
1065 2617 1127 2684 [P
1169 2617 1292 2686 418]
1325 2617 1450 2671 Non
1481 2618 1637 2672 enim
1687 2620 1757 2674 de
1810 2621 1990 2678 nihilo
2046 2623 2148 2681 illa
2252 2610 2389 2680 qni“
2424 2612 2679 2667 fablllﬂm
2714 2631 2843 2668 cum
2881 2615 3121 2671 historia
3161 2621 3535 2674 οοῐητῐιίείᾶῑῐι
3595 2624 3847 2689 οὲξὲθτθτεί

509 2703 792 2756 Homerus
822 2701 1011 2769 ﬁnxit,
1044 2702 1145 2756 sed
1179 2701 1378 2756 allusit
1399 2702 1455 2756 in
1487 2720 1552 2757 eo
1586 2705 1653 2758 ad
1690 2706 1973 2777 magicam
2027 2711 2144 2766 vim
2250 2697 2470 2765 lectori,
2505 2699 2839 2757 Homericos
2872 2708 3173 2758 ventorum
3213 2705 3381 2760 folles
3404 2724 3536 2761 cum
3567 2707 3791 2762 asininis
3826 2722 3845 2759 a

504 2790 726 2845 utrium
761 2790 1175 2860 quorumdam,
1208 2791 1418 2861 quibus
1468 2793 1539 2845 ad
1569 2798 1773 2848 ventos
1833 2796 2145 2867 SOpiendog
2249 2786 2464 2842 Timaeo
2499 2794 2825 2844 memoratis
2858 2792 3217 2860 Empedoclis
3247 2795 3482 2850 utribus
3516 2813 3626 2850 una
3644 2794 3846 2849 mentio-

503 2878 956 2948 praestigiatores
983 2879 1102 2947 jam
1135 2878 1270 2933 olim
1306 2884 1627 2947 uterentur,
1660 2896 1689 2934 e
1721 2899 1967 2952 quorum
1992 2892 2116 2955 post

2247 2892 2318 2929 ne
2375 2878 2740 2948 eonjungens
2795 2878 3023 2952 σφαίρου
3062 2877 3492 2950 Έμπεδοκλίου.
3546 2882 3846 2953 Sicquidem

502 2983 568 3021 ea
598 2982 841 3021 numero
873 2966 981 3021 fuit
1003 2968 1399 3037 Empedocles.
1458 2969 1561 3023 Hic
1605 2970 1759 3024 enim
1821 2973 1971 3028 inter
2027 2975 2116 3029 alia

2246 2964 2632 3033 conjectabar.
2668 2967 2835 3021 Recte
2885 2984 2957 3021 an
3015 2985 3206 3039 secus,
3265 2973 3416 3041 aequi
3476 2971 3698 3026 lectoris
3751 2976 3847 3024 esto

503 3055 735 3125 magicae
793 3054 936 3109 artis
991 3056 1407 3126 experimenta,
1462 3056 1723 3126 qualium
1778 3061 2116 3118 edendorun

2241 3051 2555 3120 judicium.

502 3144 739 3197 modum
772 3159 838 3197 ac
870 3142 1021 3197 viam
1052 3159 1113 3197 se
1146 3144 1502 3197 traditurum
1528 3145 1805 3213 jactabat,
1848 3150 2102 3207 sedando

2323 3156 2561 3230 μεγάλης
2633 3176 2688 3229 p.
2748 3160 2871 3227 469,
2935 3159 3030 3212 Καὶ
3087 3165 3177 3214 τὸν
3237 3165 3721 3236 παρακοιμώμενον
3768 3164 3850 3223 τῆς

504 3248 632 3285 rum
664 3235 720 3285 et
749 3231 1187 3284 excitandorum
1220 3234 1522 3285 ventorum
1558 3233 1919 3289 arbitrariam
1975 3245 2116 3308 potet

2249 3243 2491 3318 μεγάλής
2520 3243 2833 3320 σφενδόνης.
2886 3249 3151 3303 Meminit
3181 3231 3362 3320 hujus
3395 3231 3588 3307 ofﬁcii
3619 3252 3854 3307 Cedimus

501 3322 709 3373 statam
744 3322 1036 3385 numerat,
1078 3319 1161 3373 sic
1191 3317 1248 3371 in
1283 3319 1536 3390 quodam
1564 3327 1848 3393 poemate,
1879 3325 2107 3397 discipu

2245 3351 2294 3388 c.
2328 3335 2379 3402 4,
2414 3336 2511 3389 ubi
2544 3336 2721 3389 tradit
2770 3334 2837 3387 τὰ
2895 3338 2988 3387 τοῦ
3034 3341 3540 3411 παρακοιμωμὲνου
3592 3335 3849 3415 σφενδόνης

501 3406 623 3460 lum
657 3404 953 3475 alloquens
994 3422 1007 3460 :
2245 3422 2546 3495 φορέματα,
2581 3423 2793 3492 quibus
2824 3423 2874 3477 is
2904 3404 3166 3479 vestibus
3214 3404 3284 3481 etv
3326 3404 3661 3500 insignibus
3716 3432 3853 3498 pote-

2242 3510 2406 3564 statis
2440 3516 2717 3565 uteretur.
2753 3512 3058 3567 Gretserus
3089 3520 3285 3567 noster
3313 3514 3397 3569 ibi
3422 3517 3594 3572 vertit
3623 3534 3635 3571 :
3675 3517 3851 3584 Prae/e-

2238 3599 2314 3651 cti
2341 3599 2524 3664 sigilli
2552 3616 2647 3652 scu
2695 3601 2895 3655 annuli
2940 3603 3239 3669 siguatorii
3277 3606 3611 3673 gestamina,
3666 3601 3845 3657 melius

2239 3702 2408 3755 quam
2440 3687 2673 3755 Junius,
2723 3688 2821 3758 qui
2875 3690 3371 3760 παρακοιμώμενον
3436 3688 3721 3767 σφενδόνης
3769 3706 3844 3744 oc-

2234 3776 2532 3829 cubitorem
2581 3776 2774 3845 fundae
2821 3778 3254 3848 interpretatur,
3303 3785 3410 3835 aut
3464 3783 3631 3834 etiam
3690 3793 3839 3849 quam

2233 3864 2519 3934 interpres
2546 3865 2701 3919 luris
2760 3865 3220 3920 Graece-Romani
3280 3870 3376 3921 cui
3440 3867 3841 3939 παρακοιμώμε-

2230 3973 2319 4013 νος
2342 3959 2440 4019 τῆς
2485 3951 2725 4027 μεγάλης
2777 3950 3063 4028 σφενδόνης
3119 3957 3403 4010 arcubitor
3461 3971 3671 4026 magna?
3720 3954 3841 4023 pale?

2228 4041 2442 4094 dicitur
2491 4036 2760 4115 Σφενδόνῃ
2817 4042 3044 4111 proprie
3071 4042 3245 4110 funda
3302 4043 3464 4098 saxis
3515 4040 3837 4113 jnculandis,

2228 4129 2611 4183 usitatissima
2642 4130 3021 4183 translatione
3054 4147 3085 4183 a
3130 4130 3324 4184 formae
3388 4133 3645 4201 quadam
3700 4127 3836 4183 simi—

2226 4215 2469 4271 litudine
2500 4218 2694 4279 ducta,
2725 4215 2915 4286 palam
2948 4217 3148 4271 annuli
3183 4218 3509 4288 signiﬁcat,
3570 4228 3627 4274 ut
3684 4216 3835 4272 notis-

2222 4304 2433 4358 simum
2468 4308 2587 4371 est;
2623 4320 2726 4358 nec
2759 4304 2955 4358 minus
2989 4310 3356 4375 perspectum
3393 4307 3685 4377 obsignari
3714 4305 3835 4357 litte-

2218 4409 2312 4446 ras
2344 4393 2482 4447 olim
2528 4392 2729 4447 solitas
2762 4392 2960 4446 annuli
2993 4392 3124 4462 pala
3190 4396 3365 4448 certis
3396 4394 3695 4465 insculpta
3721 4392 3832 4446 cha-

504 3542 728 3625 Παῦσεις
758 3542 805 3597 δ’
834 3545 1121 3616 ἀκαμάτων
1154 3540 1364 3617 ἀνέμων
1402 3545 1578 3625 μένος..
1612 3548 1713 3602 οἵτ’
1744 3549 1828 3604 ἐπὶ
1863 3557 2018 3625 γαῖαν

496 3614 1062 3695 'Opvupsv0i_1tvcaigi
1083 3614 1502 3695 ’καταςρθίνουσιν
1532 3619 1786 3695 ἄρουραν,

495 3685 597 3743 Καὶ
628 3685 795 3741 πάλιν
822 3689 889 3756 ἣν
920 3689 970 3741 κ’
1014 3685 1301 3757 ἐθέλησθά,
1350 3685 1640 3746 παλίντιτα
1668 3685 1945 3833 ’πνεῗξμαθ
1984 3695 2129 3821 tinet-

1838 3785 1911 3826 εις
1947 3784 1976 3822 θ
2006 3786 2053 3822 0.

1786 3768 1911 3836 [ξεις
1947 3773 2053 3822 etc.

488 3882 710 3939 Sedabis
740 3883 1140 3955 indefessorum
1159 3888 1458 3955 ventorum,
1490 3890 1759 3959 furorem,
1801 3906 1912 3959 qua
1959 3908 2123 3962 supra

481 4026 714 4081 [luentes
734 4027 955 4095 ﬂatibus
971 4026 1251 4082 devastant
1265 4036 1391 4082 sata
1407 4045 1419 4083 :
1885 3963 2122 4032 [terram

475 4098 541 4151 Et
557 4113 773 4164 rursus,
804 4098 854 4151 si
876 4098 1123 4163 libuerit,
1145 4104 1396 4153 revocata
1420 4099 1641 4155 reduces
1663 4116 1851 4157 eorum
1871 4105 2049 4173 ﬂabra

477 4221 775 4285 Quomodo
799 4226 989 4276 autem
1015 4222 1136 4275 haec
1160 4226 1475 4292 praestaret,
1495 4224 1674 4276 tradit
1699 4224 1951 4281 Timaeus
1968 4228 2111 4285 Hist.

474 4310 512 4363 l.
552 4310 635 4377 18,
668 4308 749 4363 sic
780 4308 1056 4363 recitatus
1088 4327 1121 4363 a
1152 4309 1404 4380 Diogene
1440 4328 1451 4364 :
1496 4310 1755 4377 Ἐτησίων
1816 4313 1946 4367 ποτὲ
1982 4335 2110 4389 σφο-

471 4393 613 4470 δρῶς
646 4392 1007 4462 πνευσάντων,
1039 4395 1113 4456 ὡς
1161 4394 1287 4458 τοὺς
1315 4397 1553 4471 καρποὺς
1602 4397 1863 4470 λυμῆναι,
1916 4401 2108 4457 κελεύ-

467 4503 560 4542 σας
586 4480 1010 4555 (Ἐμπεδοκλῆς)
1042 4477 1199 4543 ὅνους
1245 4481 1535 4554 ἐκδαρῆναι
1581 4487 1667 4538 καὶ
1718 4486 1915 4551 ἀσκοὺς
1943 4498 2103 4560 ποιῆ-

467 4591 577 4638 σαι,
629 4572 763 4645 πρὸς
821 4570 946 4630 τοὺς
1003 4568 1208 4644 λόφους
1266 4571 1354 4625 καὶ
1403 4573 1495 4633 τὰς
1528 4574 1825 4647 ἀκρωρείας
1883 4576 2102 4632 διέτεινε

461 4659 598 4733 πρὸς
652 4660 714 4713 τὸ
773 4654 1065 4712 συλλαϐεῖν
1116 4660 1177 4713 τὸ
1234 4665 1465 4733 πνεῦμα.
1523 4665 1723 4719 Etesiis
1790 4666 2099 4738 aliquando

455 4748 807 4803 vehementer
836 4749 1123 4817 ﬂantibus,
1152 4749 1233 4805 sic
1254 4760 1313 4804 ut
1337 4752 1557 4819 fructus
1587 4762 2095 4827 corrumperentur,

447 4838 622 4908 jussis
647 4838 960 4892 excorriari
987 4838 1183 4904 asinis,
1218 4848 1365 4893 utres
1391 4856 1459 4893 ex
1484 4856 1682 4895 earum
1718 4845 1953 4913 pellibus
2008 4850 2096 4915 fa-

453 4934 561 4980 ctos
589 4924 855 4995 expandit
894 4924 1108 4979 hiantes
1137 4942 1333 4981 auram
1380 4944 1569 4982 versus
1619 4932 1677 4983 in
1729 4932 1883 5001 jugis
1939 4935 2087 4992 605

449 5013 678 5069 collium
700 5018 752 5067 et
808 5013 1100 5084 montium,
1141 5017 1302 5085 quasi
1345 5016 1418 5070 ad
1464 5017 2089 5090 spirilmncomprehen-

448 5102 713 5157 dendum.
745 5101 944 5155 Innuit
973 5108 1167 5157 autem
1195 5104 1505 5158 historicus
1537 5105 1674 5159 hinc
1719 5116 2086 5166 consecutum

444 5189 928 5260 tranquilitstem,
976 5190 1134 5245 velut
1163 5192 1347 5245 ventis
1404 5192 1463 5245 in
1513 5209 1801 5249 carcerem
1860 5214 2090 5269 compa-

442 5279 571 5333 ctis.
606 5279 765 5343 Quod
810 5277 1059 5349 populus
1093 5280 1415 5334 admiratus
1450 5281 1783 5350 Empedocli
1832 5282 2084 5340 κωλυσα-

436 5362 603 5439 νέμου
669 5376 949 5422 ventorem
1007 5367 1329 5422 inhibitoris
1390 5384 1708 5438 cognomen
1788 5373 2081 5431 indiderit.

434 5458 775 5513 Eustathius
806 5472 1039 5528 quoque
1070 5450 1447 5530 Παρεκϐολαῖς
1479 5459 1547 5512 ad
1575 5455 1690 5513 Ὀδ.
1736 5480 1769 5513 κ
1814 5465 2083 5528 meminit

432 5545 802 5616 Empedoclis
834 5553 1114 5617 tanquam
1147 5549 1268 5599 arte
1299 5546 1523 5617 praediti
1580 5556 1880 5606 ventorum
1916 5571 2078 5612 com-

2216 4482 2534 4536 racteribus
2565 4487 2666 4535 aut
2714 4482 2935 4545 formis,
2970 4497 3110 4535 certe
3158 4483 3378 4537 chartis
3424 4484 3699 4553 appositae
3747 4480 3833 4533 im-

2211 4586 2429 4639 pressa.
2461 4569 2604 4623 Hinc
2636 4564 2895 4642 σφενδόνη
2923 4574 3055 4638 pata
3075 4569 3295 4634 annuli,
3317 4571 3581 4641 sigillum
3606 4570 3828 4624 dicitur:

2209 4659 2361 4727 quod
2387 4658 2447 4727 [P
2479 4658 2603 4727 419]
2638 4673 2769 4711 cum
2803 4658 3013 4726 duplex
3044 4662 3143 4712 aut
3202 4657 3512 4729 multiplex
3560 4660 3826 4728 imperan-

2206 4746 2364 4800 tibus
2395 4750 2569 4811 esset,
2621 4745 2854 4799 maximi
2916 4747 3179 4800 omnium
3238 4752 3439 4802 custos
3494 4741 3824 4821 παρακοιμώ-

2208 4853 2365 4902 μενος
2431 4830 2675 4905 μεγάλης
2736 4829 3029 4908 σφενδόνης
3096 4835 3204 4890 hoc
3290 4837 3414 4890 loco
3502 4834 3822 4905 appellatur.

2203 4922 2387 4984 Quare
2410 4928 2602 4976 autem
2651 4922 3171 4995 παρακοιμώμεονῖ
3223 4924 3373 4978 606
3437 4924 3656 4994 Opinor
3707 4918 3824 4990 quia

2200 5028 2269 5066 ex
2298 5012 2367 5064 iis
2396 5016 2519 5065 erat
2549 5011 2650 5080 qui
2682 5028 2749 5065 ex
2781 5012 2971 5066 ofﬁcio
3003 5012 3237 5067 assidue
3284 5029 3572 5083 apparere
3628 5011 3820 5064 circum

2200 5100 2608 5170 imperatorem
2642 5105 2743 5153 aut
2774 5100 2833 5153 in
2857 5101 3116 5169 proximo
3148 5101 3217 5155 ad
3269 5100 3497 5155 subitas
3556 5096 3819 5155 evocatio-

2200 5205 2301 5243 nes
2335 5204 2563 5257 semper
2602 5204 2731 5242 esse
2792 5189 3100 5253 debebant,
3159 5187 3501 5242 cubiculum
3560 5181 3822 5259 principis

2196 5276 2292 5329 diu
2327 5277 2444 5329 fere
2475 5278 2766 5346 noctuque
2798 5275 3253 5346 frequentantes.
3302 5276 3451 5330 Vide
3510 5292 3636 5346 qua)
3699 5268 3823 5325 dixi-

2197 5380 2326 5417 mus
2357 5362 2531 5417 verbo
2561 5363 3077 5435 παρακοιμώμενος.

2265 5465 2481 5540 Σχολή,
2514 5485 2568 5538 p.
2602 5468 2671 5521 50
2702 5474 2758 5522 et
2783 5449 2903 5522 353.
2939 5469 3315 5530 Peculiarem,
3362 5468 3425 5521 ni
3474 5467 3664 5531 fallor,
3712 5462 3812 5515 vim

2189 5558 2365 5611 habet
2391 5573 2496 5610 vox
2528 5554 2708 5628 σχολή
2746 5558 2850 5611 hoc
2882 5558 3028 5622 loco,
3059 5558 3381 5629 emphasim
3416 5558 3613 5611 ferens
3636 5554 3814 5624 cujus-
