4146 6288
304 372 444 429 1069

302 495 437 548 dam
478 490 950 563 interrogationis
1002 490 1187 546 ironia
1236 490 1561 547 submistie.
1599 482 1803 555 Agitur
1867 472 1939 525 d6

1762 354 2243 412 GLOSSARIUM.

3556 363 3577 415 1
3588 363 3694 416 070

2051 470 2243 527 locum
2267 476 2602 530 exscribens
2638 476 2979 547 particulam
3007 492 3108 546 pro
3140 478 3401 551 negligit.
3423 481 3515 536 Sic
3534 483 3689 538 enim

1002 532 1557 651 ἕτορτίδυοίνίυιῃῖθὶ
1591 532 2198 647 pgputariumAbabet
2234 578 2244 616 :
2290 563 2445 618 Solea
2478 566 2558 618 vel
2590 581 2665 619 ea
2695 564 2904 619 dicitur
2951 582 3069 635 qua
3099 567 3217 621 solo
3274 569 3428 638 pedis
3457 571 3690 641 subjici-

306 686 547 725 suorum
597 685 797 739 rapere
845 669 1067 732 solitos,
1129 667 1445 723 verisimile
1490 682 1603 719 non
1665 663 1818 715 esset
1875 656 1944 709 ab

306 758 556 812 externis
590 773 688 826 per
717 773 917 811 eorum
951 756 1093 811 fines
1127 755 1611 827 peregrinanibus
1655 756 1943 818 tempera-

304 853 492 908 turos,
529 845 635 897 hac
668 847 843 898 ferme
889 845 1178 899 sententia
1205 861 1216 897 :
1242 845 1349 908 Qui
1380 861 1516 899 suos
1545 841 1796 910 diripere
1829 852 1941 889 non

306 934 602 998 dubitant,
633 933 705 986 ab
750 932 956 986 alienis
999 933 1216 987 scilicet
1273 928 1695 985 abstinebant?
1726 926 1940 979 Iterum

304 1023 362 1077 in
397 1020 575 1075 simili
606 1020 838 1074 notione
868 1027 1215 1091 usurpatum
1249 1021 1357 1073 hoc
1388 1018 1735 1073 vocabulum
1770 1014 1940 1066 habe-

308 1115 422 1173 tur,
457 1108 493 1162 l.
529 1126 582 1174 v,
616 1125 664 1163 ο.
700 1109 787 1175 12,
821 1109 877 1162 in
913 1108 1002 1162 bis
1034 1109 1225 1162 verbis
1277 1125 1289 1162 ς
1346 1106 1407 1158 Εἰ
1460 1102 1514 1157 δὲ
1550 1100 1790 1171 ’διδοῖμεν
1850 1098 1940 1151 καὶ

308 1195 595 1266 ἔκκλητον,
668 1201 848 1271 σχοΛῇ
917 1218 1038 1250 τινα
1106 1198 1271 1264 τόσην
1341 1195 1606 1267 τέμνοντα
1672 1190 1939 1253 θάλασσαν

303 1288 407 1337 τῶν
446 1281 668 1337 δικαίων
710 1278 1089 1359 ἀμφισϐητεῖν.
1146 1286 1211 1339 Si
1238 1299 1362 1338 vero
1418 1291 1469 1337 et
1489 1284 1584 1351 jus
1602 1279 1940 1350 provocatio-

302 1376 390 1427 nis
420 1376 858 1440 concesserimus,
886 1374 1195 1444 periculum
1224 1374 1395 1442 fuerit
1452 1369 1659 1425 scilicet
1706 1383 1776 1420 ne
1822 1366 1939 1433 quis

302 1467 420 1514 tam
472 1468 613 1516 vasto
663 1463 807 1516 mari
832 1463 928 1532 jus
970 1478 1132 1515 suum
1181 1468 1556 1531 persecuturus
1615 1459 1838 1511 Romam
1885 1468 1939 1507 se

300 1550 589 1617 conferat?
612 1550 801 1603 Alium
829 1550 1010 1603 habeo
1044 1549 1220 1617 hujus
1270 1546 1548 1601 idiotismi
1594 1550 1801 1598 testem
1835 1542 1936 1610 Sy-

300 1654 567 1691 meonem
592 1638 727 1692 Seth
758 1638 814 1691 in
870 1638 1066 1692 Graeca
1098 1654 1165 1691 ex
1188 1636 1428 1690 Arabico
1464 1631 1937 1703 interpretatione

294 1725 427 1779 libri
475 1742 643 1795 quem
674 1727 799 1796 ipse
832 1723 1137 1798 ἶχνηλάτην
1168 1728 1348 1779 vocat.
1385 1723 1547 1777 Hunc
1595 1737 1699 1775 nos
1742 1719 1937 1772 Latine

293 1814 595 1868 redditum
629 1815 699 1868 ad
732 1815 946 1869 calcem
994 1813 1673 1868 barumObervationum
1695 1807 1935 1861 mantis-

289 1918 363 1954 saa
398 1902 532 1955 loco
565 1903 794 1956 damus.
830 1903 965 1971 Ejus
995 1903 1052 1955 in
1099 1901 1355 1956 secunda
1386 1897 1785 1952 dissertatione
1846 1895 1927 1949 sic
1958 1891 2005 1954 B
2035 1891 2394 1963 appellantur
2435 1912 2453 1947 :

287 1990 491 2043 Grazco
522 1990 765 2061 legitur:
800 1988 863 2044 El:
894 1989 996 2061 γάρ
1041 1990 1113 2060 μή
1167 1987 1299 2059 ὑπὲρ
1358 1985 1519 2040 αὐτοῦ
1578 1981 1931 2055 enormem.

282 2076 367 2129 tui
398 2096 514 2144 τις,
546 2080 726 2150 σχοΛῇ
757 2078 805 2149 γ’
830 2074 888 2130 ἂν
922 2076 1103 2150 ἑτέρου
1157 2074 1594 2148 ὑπερασπίζοιτο.
1632 2073 1736 2141 Qui
1784 2074 1932 2127 enim

281 2183 349 2221 ne
378 2182 448 2221 sa
484 2167 696 2237 quidem
745 2169 919 2236 ipsum
976 2168 1033 2219 in
1081 2166 1324 2235 periculo
1372 2162 1698 2233 defenderit,
1748 2162 1814 2214 ab
1873 2175 1931 2214 eo

280 2256 500 2309 scilicet
530 2259 865 2323 exspectetur
908 2263 966 2307 ut
995 2254 1216 2321 fortiter
1255 2269 1352 2323 pro
1381 2253 1607 2306 alterius
1634 2250 1813 2320 capite
1843 2249 1931 2302 de-

285 2348 459 2398 certet
488 2344 515 2395 ‘t
544 2344 601 2395 ln
638 2344 1131 2412 septimaquoque
1158 2342 1240 2395 sic
1272 2341 1469 2410 regina
1494 2341 1763 2392 maritum
1786 2338 1932 2391 allo-

293 2432 516 2499 quitur,
567 2444 928 2498 conquerens
991 2446 1104 2483 non
1156 2425 1576 2481 communicari
1625 2425 1734 2479 sibi
1772 2428 1840 2478 ab
1865 2440 1929 2479 eo

296 2521 444 2573 scitu
482 2518 875 2572 necessarium
908 2534 1181 2571 arcanum
1219 2534 1230 2571 :
1267 2515 1327 2570 El
1359 2514 1459 2587 γὰρ
1494 2512 1672 2585 ἔμοιγ’
1704 2511 1760 2565 ἂν
1797 2513 1928 2565 ἀπο-

293 2606 522 2679 κρύψῃς,
556 2604 737 2678 σχολῇ
765 2609 817 2677 γ’
849 2601 903 2656 ἂν
938 2602 1456 2676 ἓτέροιςπιστεῦσῃςε
1477 2604 1536 2656 Si
1563 2605 1710 2657 enim
1742 2603 1806 2656 de
1835 2603 1931 2655 hoc

290 2712 374 2748 me
405 2696 543 2749 celas
574 2703 725 2746 tuam
771 2694 1071 2763 conjugem,
1106 2692 1243 2746 aliis
1274 2693 1337 2745 id
1382 2692 1594 2745 scilicet
1622 2691 1883 2760 fateberis
1903 2690 1930 2743 ?

293 2784 379 2835 ita
406 2782 581 2835 etiam
607 2779 866 2850 loquitur
895 2779 1174 2851 Georgius
1205 2778 1529 2849 Acropolita
1561 2778 1618 2831 in
1647 2778 1928 2832 Prommio

292 2870 559 2922 Historiae
592 2887 645 2940 p.
679 2870 712 2921 ‘2.
742 2870 831 2923 ed.
860 2872 985 2939 Ceg.

363 2990 600 3057 Σωλέας,
636 3009 691 3061 p.
740 2992 857 3045 173.
893 2991 1038 3055 Quid
1072 2993 1149 3045 sit
1179 2987 1410 3053 σωλέας,
1445 3007 1653 3053 magna
1698 2996 1754 3044 et
1796 3007 1924 3060 per-

289 3078 455 3150 plexa
496 3079 734 3150 quaestio
787 3085 893 3134 est.
946 3080 1079 3149 Legi
1125 3083 1409 3144 accurate,
1456 3078 1553 3131 diu
1609 3079 1926 3132 meditatus

287 3184 443 3234 sum,
477 3185 603 3239 quae
626 3170 695 3222 de
720 3169 824 3223 hoc
844 3172 1186 3239 argumento
1209 3167 1314 3219 viri
1338 3165 1657 3221 doctissimi
1675 3168 1925 3221 Joannes

2049 657 2207 704 tur...
2237 653 2324 705 vel
2377 653 2617 707 materia
2659 653 2927 717 robustea,
2962 670 3127 722 super
3158 671 3321 725 quam
3365 659 3547 727 paries
3577 676 3697 713 cra-

2045 736 2205 791 titius
2226 742 2553 794 exstruitur.
2582 743 2645 795 In
2672 742 2932 811 margine
2956 742 3277 798 editionum
3310 747 3693 815 optimarum,

2048 829 2275 881 Venetae
2307 830 2443 882 anni
2478 828 2614 882 4560
2646 845 2713 884 ex
2745 830 3094 885 bibliotheca
3130 833 3362 887 Antonii
3412 836 3689 905 Augusti-

2047 913 2128 977 ni,
2174 920 2231 969 et
2280 917 2620 971 Parisiensis
2686 918 3091 988 Scaligerianae
3161 922 3297 975 anni
3352 923 3510 991 1584,
3570 922 3689 975 ἀντὶ

2044 999 2139 1054 τοῦ
2170 1020 2271 1072 pro
2301 1005 2634 1075 suggeritur
2676 1006 2791 1060 alia
2821 1006 2993 1062 lectio
3021 1025 3139 1079 per,
3176 1010 3260 1079 [P.
3296 1012 3421 1082 420]
3476 1028 3541 1065 ex
3576 1030 3693 1083 qua

2044 1092 2378 1159 conjectura
2413 1094 2553 1147 forte
2584 1111 2699 1149 non
2731 1112 2878 1149 vana
2904 1097 3171 1162 ducatur,
3217 1100 3500 1169 scriptum
3551 1100 3689 1156 olim

2044 1178 2102 1231 in
2154 1180 2462 1251 archetypo
2513 1181 2693 1236 fuisse
2748 1200 2839 1253 pes
2889 1201 2917 1237 e
2962 1186 3197 1239 materia
3247 1186 3519 1251 robustea,
3568 1194 3679 1244 etc.

2044 1274 2187 1329 Nam
2222 1293 2322 1346 pes
2355 1278 2571 1331 dicitur
2593 1280 2745 1348 quod
2778 1280 2936 1333 aliud
2971 1282 3242 1348 sustinet,
3272 1288 3333 1336 ut
3359 1300 3456 1353 pes
3484 1301 3693 1342 mensae

2044 1362 2251 1427 Plinio,
2294 1364 2331 1417 1.
2375 1382 2473 1431 xu,
2513 1383 2561 1420 c.
2613 1374 2639 1419 Ι
2686 1382 2699 1421 :
2764 1367 2973 1422 Eodem
3028 1369 3186 1423 ebore
3245 1374 3537 1427 numinum
3588 1391 3686 1428 ora

2039 1455 2414 1520 spectarentur
2452 1457 2500 1507 et
2531 1471 2845 1508 mensarum
2872 1456 3028 1525 pedes
3056 1474 3077 1517 ,'
3109 1474 3222 1527 quo
3267 1475 3441 1514 sensu
3476 1465 3689 1516 stereo-

2042 1539 2216 1593 baton
2246 1557 2346 1607 pes
2402 1545 2488 1594 est
2518 1542 2811 1613 stylobati.
2847 1543 3167 1612 Vitruvius,
3200 1545 3239 1600 l.
3271 1564 3357 1612 ιη,
3385 1565 3432 1602 c.
3468 1550 3501 1603 3
3532 1567 3545 1605 :
3580 1550 3686 1604 Su-

2035 1643 2139 1696 pra
2168 1631 2368 1682 terram
2397 1631 2636 1697 parietes
2691 1635 3054 1684 exstruuntur
3080 1632 3180 1687 sub
3200 1634 3469 1689 columnis
3516 1637 3656 1691 dimi
3664 1667 3684 1676 -

2039 1714 2128 1769 dio
2157 1719 2449 1770 crassiores
2478 1734 2642 1787 quam
2690 1720 2964 1775 columnae
2992 1726 3123 1774 sunt
3174 1723 3411 1791 futurae,
3464 1726 3555 1778 uti
3581 1727 3682 1795 ﬁr-

2040 1803 2218 1858 miora
2264 1808 2373 1859 sint
2422 1807 2690 1877 inferiora
2748 1808 3143 1879 superioribus,
3190 1828 3307 1882 qua
3354 1814 3682 1870 stereobata

2506 1911 2635 1949 nam
2664 1896 2948 1965 excipiunt
3002 1913 3187 1953 onera.
3250 1900 3423 1954 Paulo
3484 1907 3614 1972 post
3661 1919 3673 1956 :

2039 1991 2343 2046 Exstructis
2408 2002 2593 2048 autem
2674 1995 3048 2064 fundamentis
3144 1997 3215 2051 ad
3280 1998 3679 2055 libramentum

2036 2079 2342 2150 stylobatae,
2374 2084 2503 2135 sunt
2535 2082 2887 2152 collocandae,
2920 2101 3089 2154 supra
3129 2086 3434 2159 stylobatas
3464 2090 3677 2144 colum-

2038 2184 2127 2225 nae
2155 2172 2528 2240 disponendae,
2563 2177 2669 2226 etc.
2722 2173 2966 2227 Materia:
3035 2192 3203 2238 porro
3258 2178 3551 2233 mentione
3586 2198 3673 2234 ro-

2040 2258 2253 2312 busteaa
2287 2276 2400 2312 non
2437 2261 2663 2329 proprie
2715 2260 3153 2333 intelligendum
3206 2265 3299 2319 hic
3357 2283 3671 2336 querceum

2036 2346 2284 2417 lignum,
2339 2349 2436 2402 sed
2499 2350 2880 2420 metonymice
2930 2367 3142 2422 corpus
3174 2355 3417 2423 quodvis
3444 2356 3679 2410 duritiei

2037 2441 2266 2505 quantae
2320 2452 2468 2506 opus
2499 2441 2587 2490 est
2620 2438 2756 2490 moli
2786 2439 3147 2509 gravissimas
3181 2445 3497 2510 portandas.
3521 2444 3682 2498 Allu-

2036 2524 2192 2577 ditur
2239 2523 2395 2576 enim
2433 2524 2491 2577 in
2542 2523 2837 2579 similibus
2872 2526 3031 2597 origo
3090 2528 3515 2596 architecturae,
3552 2550 3677 2602 quas

2039 2611 2292 2681 primum
2326 2628 2443 2665 tero
2478 2613 2698 2666 rudiori
2744 2612 2924 2683 lignis
2959 2616 3302 2684 aediﬁcabat,
3340 2635 3404 2671 ex
3463 2620 3682 2689 quibus

2036 2714 2350 2768 querceum
2385 2699 2684 2754 fundendo
2735 2706 2935 2771 aptum
2977 2703 3358 2772 judicabatur
3388 2707 3458 2760 ob
3509 2708 3674 2763 dotes

2034 2804 2178 2857 quas
2212 2792 2495 2841 memorat
2550 2787 2868 2855 Vitruvius,
2903 2789 2941 2842 l.
2996 2807 3058 2858 ιι,
3092 2808 3139 2845 c.
3199 2793 3252 2858 9,
3286 2791 3377 2846 bis
3433 2795 3624 2849 verbis
3661 2812 3674 2850 :

2036 2884 2528 2954 Quercusjterrenis
2561 2885 2961 2955 principiorum
2982 2889 3333 2944 satietatibus
3361 2892 3668 2948 abundans.

2030 2988 2335 3042 parumque
2361 2972 2561 3027 habens
2592 2973 2839 3029 humoris
2864 2980 2912 3028 et
2942 2976 3087 3030 aeris
3116 2981 3169 3030 et
3216 2980 3382 3046 ignis,
3433 2996 3560 3034 cum
3616 2984 3675 3036 in

2034 3062 2264 3113 terrenis
2289 3063 2540 3129 operibus
2587 3061 2861 3124 obruitur,
2912 3064 3191 3133 inﬁnitam
3242 3067 3402 3122 habet
3447 3073 3675 3123 uterni-

2033 3154 2215 3215 tatem,
2248 3166 2316 3203 βας
2344 3166 2405 3202 eo
2435 3150 2575 3219 quod
2611 3165 2733 3204 cum
2759 3153 3005 3220 tangitur
3045 3153 3294 3219 humore,
3320 3173 3431 3209 non
3463 3156 3670 3211 habens

290 3225 601 3321 Meursius,
655 3262 760 3309 Leo
792 3225 1340 3323 Allalius,.lacobus
1383 3258 1531 3308 Goar
1560 3255 1682 3307 0rd.
1717 3255 1920 3316 Praed.,

2037 3239 2372 3308 foraminum
2410 3240 2671 3292 cavitates
2696 3244 2917 3309 propter
2964 3240 3294 3311 spissitatem
3359 3260 3469 3299 non
3508 3253 3677 3315 potest

283 3344 537 3398 Jacobus
570 3344 881 3399 Gretserus
914 3348 970 3397 et
1006 3343 1328 3397 Ludovicus
1367 3342 1647 3396 Collotius
1678 3344 1921 3397 societa-

286 3432 362 3484 tis
396 3438 604 3486 nostrze
636 3432 938 3502 scripsere.
973 3431 1034 3485 In
1085 3433 1166 3486 rei
1219 3430 1427 3485 deinde
1479 3430 1919 3501 inquisitionem

287 3517 457 3586 ipsus
516 3521 829 3574 attentione
860 3520 1033 3588 longa
1079 3523 1134 3573 et
1165 3519 1280 3572 acri
1329 3518 1587 3572 incubui.
1626 3519 1920 3589 Exponam

289 3595 403 3661 hic,
437 3597 485 3651 si
519 3602 734 3667 potere,
770 3599 1087 3651 hreviteret
1126 3598 1277 3651 clare
1300 3599 1437 3668 quid
1464 3598 1748 3652 discussis
1778 3613 1921 3653 cun-

291 3683 398 3737 ctis
457 3685 947 3739 verisimillimum
982 3685 1385 3753 compererim,
1418 3686 1544 3739 luce
1600 3688 1921 3755 prtesertim

288 3771 456 3825 mihil
483 3774 670 3827 affusa
692 3789 758 3827 ex
780 3772 1444 3827 eruditissimadiatriba
1464 3772 1762 3828 illustriss.
1790 3774 1924 3829 Leo-

292 3858 383 3911 nis
414 3859 611 3914 Allatii
639 3861 708 3914 ad
742 3860 978 3913 Fabium
1015 3859 1297 3926 Chisium,
1332 3859 1501 3914 hodie
1531 3861 1920 3916 Alexandrum

290 3945 407 4011 VII,
442 3948 513 4003 de
542 3949 650 4002 hoc
682 3948 908 4018 proprie
942 3954 1285 4017 argumento
1318 3949 1630 4003 novissime
1668 3954 1723 4003 et
1752 3967 1921 4004 accu-

289 4034 585 4090 ratissime
620 4036 1084 4107 scrip:a.lncipio
1110 4036 1619 4090 aconsideratione
1643 4037 1917 4095 nominis.

293 4119 516 4182 Σωλὲας
548 4125 688 4189 sive,
705 4124 1014 4178 utSimeon
1036 4123 1574 4179 Thessalonicensis
1597 4125 1826 4196 dialogo
1853 4128 1923 4181 de

286 4213 671 4266 sacramentis
716 4211 1079 4265 emendatius
1129 4211 1351 4279 scribit,
1383 4210 1597 4281 σολὲας,
1628 4214 1715 4268 vel
1748 4215 1921 4268 etiam

288 4302 351 4350 ut
382 4300 533 4368 apud
558 4299 973 4369 Euchologium
991 4300 1045 4352 in
1060 4299 1665 4357 ordinationodiaconi
1689 4303 1922 4373 legitur,

287 4384 472 4457 σολὲα,
506 4405 619 4443 non
652 4392 739 4441 est
761 4387 1102 4441 vocabulum
1126 4388 1335 4443 Graecae
1355 4390 1616 4461 originis,
1641 4398 1924 4448 utomnes

285 4474 453 4530 facile
483 4475 894 4541 consentiunt;
929 4492 1031 4529 nec
1064 4476 1179 4530 fere
1210 4478 1321 4531 vidi
1357 4479 1452 4548 qui
1485 4480 1753 4535 dubitent
1782 4484 1920 4554 quin

2036 3325 2097 3378 in
2125 3341 2343 3395 corpore
2372 3326 2613 3396 recipere
2657 3326 2945 3397 liquorem,
2982 3330 3070 3383 sed
3100 3332 3321 3399 fugiens
3354 3334 3419 3386 ab
3450 3333 3677 3389 humore

2036 3413 2264 3467 resistit.
2295 3415 2943 3483 Retinebanturautem,
2966 3420 3138 3471 etiam
3163 3425 3293 3488 post
3311 3421 3672 3476 substitutos

2035 3501 2094 3553 in
2127 3501 2437 3554 structuris
2495 3503 2651 3572 ligno
2710 3504 2948 3573 lapides,
3012 3508 3293 3561 vocabula
3353 3510 3564 3578 priora.
3601 3511 3673 3565 Ut

2034 3588 2251 3642 Paulus
2283 3606 2349 3643 ex
2380 3590 2544 3644 Festo
2571 3592 2742 3646 verbo
2768 3593 2979 3647 Rubum
2999 3595 3175 3647 tradit
3200 3595 3423 3650 Robum
3451 3598 3671 3652 dictum

2034 3678 2091 3731 in
2134 3694 2361 3732 carcere
2408 3678 2597 3732 locum
2658 3697 2770 3749 quo
2829 3682 3215 3751 praecipitatur
3271 3684 3668 3741 maleﬁcorum

2033 3780 2217 3835 genus
2251 3766 2415 3835 (puta
2460 3764 2759 3835 fastigium
2810 3769 3232 3839 propugnaculi
3294 3770 3354 3824 in
3412 3788 3668 3843 praeceps

2033 3853 2371 3923 imminens,
2404 3854 2557 3907 unde
2590 3854 2836 3907 malefici
2860 3857 3103 3910 convicti
3129 3858 3570 3926 dejiciebantur,
3606 3866 3670 3914 ut

2035 3941 2286 3995 Manlius
2318 3958 2384 3995 ex
2424 3958 2565 4011 rupe
2605 3942 2893 4013 Tarpeia).
2946 3944 3194 3999 Causam
3253 3946 3665 4016 appellationis

2033 4029 2228 4082 statim
2289 4030 2489 4093 tradit,
2546 4031 2687 4100 quod
2725 4039 2850 4085 ante
2905 4048 3060 4087 arces
3105 4033 3367 4089 robusteis
3422 4036 3671 4092 include-

2035 4122 2257 4185 bantur,
2299 4118 2407 4173 hoc
2437 4124 2545 4187 est,
2578 4121 2850 4189 quoniam
2898 4123 3049 4193 apud
3102 4127 3319 4178 veteres
3368 4141 3497 4179 mos
3547 4132 3673 4181 erat

2034 4208 2253 4261 arcium
2280 4207 2531 4262 claustra
2564 4210 2633 4262 ad
2659 4226 2956 4264 summum
2983 4228 3169 4283 usque
3192 4214 3469 4268 moenium
3495 4213 3673 4286 lignis

2035 4297 2290 4349 roboreis
2332 4300 2652 4355 exstruere.
2701 4298 2837 4352 inde
2886 4302 3085 4367 postea
3138 4317 3369 4371 quoque
3419 4318 3594 4373 quam
3644 4320 3673 4358 e

2034 4384 2186 4437 saxis
2220 4384 2343 4438 tolli
2390 4386 2824 4454 propugnacula
2874 4403 3245 4457 consuevere,
3295 4391 3511 4445 mansit
3559 4393 3681 4461 pri-

2033 4488 2198 4525 scum
2228 4471 2576 4526 vocabulum
2611 4475 3144 4540 materiae,utrobus
3160 4476 3333 4531 etiam
3370 4484 3493 4532 tum
3517 4480 3675 4534 fasti-

288 4564 556 4619 Latinum
588 4566 684 4628 sit,
717 4564 775 4617 in
809 4563 1246 4633 Hellenismum,
1273 4570 1335 4620 ut
1365 4566 1477 4621 alia
1500 4569 1770 4638 plurima,
1806 4589 1912 4627 usu
1948 4567 1995 4629 D
2031 4560 2122 4631 Bia
2152 4577 2428 4630 θςεετυτη
2462 4562 2530 4615 ad
2558 4562 2747 4630 Pin“ae
2783 4565 3456 4619 mummmdicel‘entur-
3486 4569 3675 4632 Quan-

285 4647 603 4707 intrusum.
631 4653 687 4705 Si
715 4668 848 4721 ergo
882 4653 1376 4722 disquisierimus,
1412 4656 1550 4724 quid
1586 4658 1803 4713 Latinis
1826 4678 1925 4714 va-

285 4735 401 4790 leat
428 4741 606 4805 solea,
641 4741 787 4794 torte
819 4757 933 4795 non
970 4743 1143 4795 tuerit
1175 4740 1230 4795 id
1274 4742 1476 4797 inutile
1508 4746 1576 4797 ad
1626 4748 1921 4814 judicium

288 4829 664 4882 statuendum
696 4829 766 4883 de
797 4846 856 4883 re
886 4829 1011 4898 ipsa
1038 4846 1174 4884 voce
1206 4830 1314 4884 hac
1347 4830 1621 4899 indicata,
1654 4852 1921 4905 quaenam

290 4915 526 4969 tandem
559 4916 652 4969 sit.
685 4918 889 4971 Sextus
921 4918 1067 4972 (ὃοτ
1094 4918 1401 4990 Pompeius
1420 4926 1640 4991 Festus,
1665 4927 1922 4995 optimus

292 5008 594 5056 enarrator
624 5004 994 5074 antiquarum
1015 5007 1316 5062 nolionum
1344 5011 1535 5064 verbis
1557 5011 1922 5069 Latinissub-

280 5085 595 5155 jcctarum,
625 5106 737 5144 non
766 5108 872 5146 sua
903 5093 1084 5148 solius
1116 5096 1206 5147 sed
1240 5097 1411 5149 Marci
1437 5103 1709 5167 praeterea
1738 5101 1922 5157 Verrii

294 5173 502 5241 Flacci,
527 5179 869 5248 antiquioris
900 5197 1005 5234 nec
1027 5183 1222 5236 minus
1246 5187 1499 5238 accurati
1532 5192 1920 5255 grammatici,

295 5266 639 5320 auctoritate
719 5267 1113 5337 significatum
1198 5272 1462 5327 vocabuli
1541 5277 1685 5330 solea
1755 5281 1922 5335 nobis

296 5351 569 5409 edisserit
609 5354 699 5410 his
730 5356 919 5411 verbis
969 5374 981 5411 :
1016 5357 1188 5429 Solea,
1228 5365 1286 5414 ul
1315 5363 1394 5415 ait
1440 5367 1659 5418 Verrius
1705 5383 1811 5420 non
1843 5375 1923 5421 est

291 5435 467 5495 scium
516 5458 577 5497 ea
607 5460 724 5513 qua:
752 5445 867 5498 solo
902 5446 1057 5515 pedis
1094 5448 1403 5519 subjicitur,
1454 5452 1546 5505 sed
1600 5456 1767 5508 etiam
1822 5475 1921 5527 pro

288 5533 521 5585 materia
553 5534 806 5586 robustea
837 5535 942 5603 (vel
979 5538 1043 5588 ut
1071 5535 1243 5591 habet
1272 5538 1388 5592 alia
1432 5540 1622 5609 lectio,
1657 5544 1920 5617 robusta),

290 5629 457 5686 super
491 5637 655 5691 quam
672 5624 861 5692 paries
883 5625 1138 5679 cratitius
1158 5629 1488 5685 exstruitur.
1522 5630 1738 5686 Paulus
1768 5633 1924 5690 hunc

2034 4665 2207 4718 quam
2242 4650 2432 4719 ipsum
2470 4650 2693 4704 roboris
2727 4656 2825 4704 aut
2856 4652 3117 4707 robustei
3164 4670 3378 4707 nomen
3413 4656 3671 4710 materiae

2033 4753 2288 4807 querceae
2319 4738 2618 4807 proprium
2645 4756 2757 4793 non
2792 4744 2901 4807 est,
2934 4742 3033 4795 sed
3058 4740 3269 4795 coloris
3313 4759 3325 4795 :
3380 4743 3533 4797 unde
3566 4744 3670 4799 bos

2031 4826 2189 4880 robus
2237 4826 2356 4879 sive
2431 4827 2599 4879 rubus
2655 4826 2863 4897 priscis
2932 4832 3074 4882 erat.
3135 4828 3349 4883 Paulus
3394 4845 3462 4883 ex
3519 4831 3671 4885 608

2034 4915 2199 4968 Festo
2236 4930 2249 4966 :
2282 4914 2488 4968 Robum
2518 4914 2683 4969 rubro
2713 4916 2909 4985 colore,
2941 4920 2992 4970 et
3032 4932 3155 4987 qua?
3179 4919 3304 4986 rufo
3333 4919 3671 4988 signiﬁcari,

2030 5012 2089 5058 ut
2116 5004 2296 5058 bovem
2327 5020 2534 5074 quoque
2561 5007 2756 5059 rustici
2788 5006 3098 5076 appellent,
3156 5007 3513 5079 manifestum
3570 5013 3669 5064 est.

2036 5101 2180 5157 Unde
2222 5110 2274 5155 et
2348 5102 2580 5156 materia
2635 5118 2762 5172 quae
2815 5103 3085 5172 plurimas
3133 5106 3296 5160 habet
3342 5122 3509 5160 venas
3556 5107 3673 5176 ejus

2031 5192 2244 5254 coloris,
2277 5191 2424 5244 dicta
2451 5195 2527 5244 est
2559 5192 2753 5245 robur.
2795 5193 2932 5246 Hinc
2960 5197 3009 5247 et
3039 5193 3283 5247 homines
3330 5195 3567 5247 volentes
3623 5203 3676 5247 et

2034 5279 2155 5332 boni
2187 5280 2382 5333 coloris
2408 5279 2653 5333 robusti.
2688 5279 2817 5335 Haec
2848 5281 3074 5347 Festus,
3108 5299 3233 5351 qua:
3265 5284 3678 5335 demonstrant

2034 5366 2175 5420 nihil
2212 5367 2420 5420 referre
2450 5368 2519 5420 ad
2552 5384 2673 5421 rem
2697 5368 2886 5438 ipsam
2921 5385 3045 5440 quae
3086 5371 3235 5423 solea
3286 5368 3345 5422 in
3402 5367 3668 5422 aedificiis

2035 5460 2293 5525 vocatur,
2356 5455 2624 5526 ligneane
2683 5459 2759 5512 sit
2806 5476 2877 5512 au
2936 5475 3127 5523 saxea,
3208 5474 3540 5512 marmorea
3588 5451 3676 5510 vel

2032 5559 2177 5597 terea
2210 5549 2517 5599 structura.
2543 5546 2833 5601 Hactenus
2855 5547 3227 5601 informatum
3255 5562 3322 5601 ex
3343 5544 3672 5615 originibus

2034 5633 2219 5687 Latini
2254 5634 2536 5687 sermonis
2566 5634 2756 5688 ideam
2791 5636 2869 5688 rei
2903 5651 3031 5704 qua:
3061 5633 3216 5689 solea
3262 5634 3497 5696 dicitur,
3530 5649 3669 5687 con~
