  <div class='ocr_page' id='page_1' title='image "/cluster/home/n/w/nwhite01/storage/ocr_20150623/143/mdp.39015078384784/543.png"; bbox 0 0 4122 6272; ppageno 0'>
   <div class='ocr_carea' id='block_1_1' title="bbox 496 1985 693 2044">
    <p class='ocr_par' dir='ltr' id='par_1_1' title="bbox 496 1985 693 2044">
     <span class='ocr_line' id='line_1_1' title="bbox 496 1985 693 2044; baseline -0.005 0"><span class='ocrx_word' id='word_1_1' title='bbox 496 1985 693 2044; x_wconf 77' lang='grc' dir='ltr'>ἄϐατον</span> 
     </span>
    </p>
   </div>
   <div class='ocr_carea' id='block_1_2' title="bbox 496 2035 2130 2151">
    <p class='ocr_par' dir='ltr' id='par_1_2' title="bbox 496 2035 2130 2151">
     <span class='ocr_line' id='line_1_2' title="bbox 496 2035 2129 2063; baseline -0.002 -1"><span class='ocrx_word' id='word_1_2' title='bbox 496 2035 713 2061; x_wconf 70' lang='grc'><strong><em>’“”“’⁷’,</em></strong></span> <span class='ocrx_word' id='word_1_3' title='bbox 809 2035 912 2046; x_wconf 76' lang='lat'><strong><em>&quot;&quot;</em></strong></span> <span class='ocrx_word' id='word_1_4' title='bbox 1000 2035 1102 2043; x_wconf 80' lang='lat'><strong><em>&quot;&#39;&quot;</em></strong></span> <span class='ocrx_word' id='word_1_5' title='bbox 1190 2035 1355 2059; x_wconf 61' lang='lat' dir='ltr'><strong><em>V&quot;&quot;&#39;</em></strong></span> <span class='ocrx_word' id='word_1_6' title='bbox 1443 2035 1785 2063; x_wconf 71' lang='lat' dir='ltr'><strong><em>&quot;&#39;t&#39;&quot;T|&quot;&#39;&quot;&#39;</em></strong></span> <span class='ocrx_word' id='word_1_7' title='bbox 1874 2035 2129 2059; x_wconf 68' lang='lat' dir='ltr'><strong><em>&quot;&quot;&quot;&quot;‘I</em></strong></span> 
     </span>
     <span class='ocr_line' id='line_1_3' title="bbox 496 2078 2130 2151; baseline -0.003 -14"><span class='ocrx_word' id='word_1_8' title='bbox 496 2082 704 2148; x_wconf 82' lang='lat' dir='ltr'><strong><em>Attare,</em></strong></span> <span class='ocrx_word' id='word_1_9' title='bbox 740 2091 800 2138; x_wconf 87' lang='lat' dir='ltr'><strong><em>ut</em></strong></span> <span class='ocrx_word' id='word_1_10' title='bbox 826 2085 964 2137; x_wconf 80' lang='lat' dir='ltr'><strong><em>esset</em></strong></span> <span class='ocrx_word' id='word_1_11' title='bbox 992 2083 1334 2137; x_wconf 83' lang='lat' dir='ltr'><strong><em>inaccessum</em></strong></span> <span class='ocrx_word' id='word_1_12' title='bbox 1352 2081 1571 2151; x_wconf 83' lang='lat' dir='ltr'><strong><em>populo,</em></strong></span> <span class='ocrx_word' id='word_1_13' title='bbox 1616 2079 1816 2148; x_wconf 75' lang='lat' dir='ltr'><strong><em>ligneis</em></strong></span> <span class='ocrx_word' id='word_1_14' title='bbox 1829 2078 1994 2149; x_wconf 88' lang='lat' dir='ltr'><strong><em>sepsit</em></strong></span> <span class='ocrx_word' id='word_1_15' title='bbox 2017 2079 2130 2133; x_wconf 84' lang='lat' dir='ltr'><strong><em>cta-</em></strong></span> 
     </span>
    </p>
   </div>
   <div class='ocr_carea' id='block_1_3' title="bbox 515 278 648 334">
    <p class='ocr_par' dir='ltr' id='par_1_3' title="bbox 515 278 648 334">
     <span class='ocr_line' id='line_1_4' title="bbox 515 278 648 334; baseline 0 0"><span class='ocrx_word' id='word_1_16' title='bbox 515 278 648 334; x_wconf 81' lang='grc'>1071</span> 
     </span>
    </p>
   </div>
   <div class='ocr_carea' id='block_1_4' title="bbox 1569 281 2840 343">
    <p class='ocr_par' dir='ltr' id='par_1_4' title="bbox 1569 281 2840 343">
     <span class='ocr_line' id='line_1_5' title="bbox 1569 281 2840 343; baseline 0.003 -7"><span class='ocrx_word' id='word_1_17' title='bbox 1569 285 1633 336; x_wconf 86' lang='grc' dir='ltr'><strong><em>Ρ.</em></strong></span> <span class='ocrx_word' id='word_1_18' title='bbox 1672 284 1943 338; x_wconf 80' lang='lat' dir='ltr'><strong><em>POSBINI</em></strong></span> <span class='ocrx_word' id='word_1_19' title='bbox 1978 281 2587 343; x_wconf 77' lang='lat' dir='ltr'><strong><em>OBSERVATIONUM</em></strong></span> <span class='ocrx_word' id='word_1_20' title='bbox 2625 287 2756 341; x_wconf 82' lang='lat' dir='ltr'><strong><em>LIB.</em></strong></span> <span class='ocrx_word' id='word_1_21' title='bbox 2796 289 2840 340; x_wconf 86' lang='grc' dir='ltr'><strong>Ι.</strong></span> 
     </span>
    </p>
   </div>
   <div class='ocr_carea' id='block_1_5' title="bbox 3703 292 3811 349">
    <p class='ocr_par' dir='ltr' id='par_1_5' title="bbox 3703 292 3811 349">
     <span class='ocr_line' id='line_1_6' title="bbox 3703 292 3811 349; baseline 0.019 -2"><span class='ocrx_word' id='word_1_22' title='bbox 3703 292 3811 349; x_wconf 82' lang='grc'>1072</span> 
     </span>
    </p>
   </div>
   <div class='ocr_carea' id='block_1_6' title="bbox 514 404 3815 488">
    <p class='ocr_par' dir='ltr' id='par_1_6' title="bbox 514 404 3815 488">
     <span class='ocr_line' id='line_1_7' title="bbox 514 404 3815 488; baseline 0.004 -30"><span class='ocrx_word' id='word_1_23' title='bbox 514 404 775 460; x_wconf 85' lang='lat' dir='ltr'><strong><em>feramus</em></strong></span> <span class='ocrx_word' id='word_1_24' title='bbox 805 405 876 460; x_wconf 87' lang='lat' dir='ltr'><strong><em>ad</em></strong></span> <span class='ocrx_word' id='word_1_25' title='bbox 907 421 1082 485; x_wconf 87' lang='lat' dir='ltr'><strong><em>usum</em></strong></span> <span class='ocrx_word' id='word_1_26' title='bbox 1103 405 1530 476; x_wconf 85' lang='lat' dir='ltr'><strong><em>disquisitionis</em></strong></span> <span class='ocrx_word' id='word_1_27' title='bbox 1561 412 1882 477; x_wconf 61' lang='lat' dir='ltr'><strong><em>praesentis,</em></strong></span> <span class='ocrx_word' id='word_1_28' title='bbox 1905 416 1963 461; x_wconf 89' lang='lat' dir='ltr'><strong><em>et</em></strong></span> <span class='ocrx_word' id='word_1_29' title='bbox 1982 405 2152 460; x_wconf 84' lang='lat' dir='ltr'><strong><em>inda-</em></strong></span> <span class='ocrx_word' id='word_1_30' title='bbox 2180 409 2233 474; x_wconf 82' lang='grc' dir='ltr'>Α</span> <span class='ocrx_word' id='word_1_31' title='bbox 2265 408 2486 476; x_wconf 77' lang='grc' dir='ltr'>στήθεα,</span> <span class='ocrx_word' id='word_1_32' title='bbox 2519 410 2734 480; x_wconf 78' lang='lat' dir='ltr'><strong><em>quibus</em></strong></span> <span class='ocrx_word' id='word_1_33' title='bbox 2759 408 3144 480; x_wconf 77' lang='lat' dir='ltr'><strong><em>designantur</em></strong></span> <span class='ocrx_word' id='word_1_34' title='bbox 3168 408 3566 470; x_wconf 83' lang='lat' dir='ltr'><strong><em>alteexstantia</em></strong></span> <span class='ocrx_word' id='word_1_35' title='bbox 3582 415 3713 488; x_wconf 84' lang='lat' dir='ltr'><strong><em>ligna</em></strong></span> <span class='ocrx_word' id='word_1_36' title='bbox 3731 434 3815 484; x_wconf 73' lang='grc' dir='ltr'>τοῦ</span> 
     </span>
    </p>
   </div>
   <div class='ocr_carea' id='block_1_7' title="bbox 515 480 2150 565">
    <p class='ocr_par' dir='ltr' id='par_1_7' title="bbox 515 480 2150 565">
     <span class='ocr_line' id='line_1_8' title="bbox 515 480 2150 565; baseline -0.001 -18"><span class='ocrx_word' id='word_1_37' title='bbox 515 508 721 563; x_wconf 88' lang='lat' dir='ltr'><strong><em>gemus</em></strong></span> <span class='ocrx_word' id='word_1_38' title='bbox 750 494 809 547; x_wconf 93' lang='lat' dir='ltr'><strong><em>in</em></strong></span> <span class='ocrx_word' id='word_1_39' title='bbox 835 480 1074 564; x_wconf 85' lang='lat' dir='ltr'><strong><em>templis</em></strong></span> <span class='ocrx_word' id='word_1_40' title='bbox 1097 499 1429 549; x_wconf 66' lang='lat' dir='ltr'><strong><em>Graecorum</em></strong></span> <span class='ocrx_word' id='word_1_41' title='bbox 1461 495 1669 564; x_wconf 81' lang='lat' dir='ltr'><strong><em>ecquid</em></strong></span> <span class='ocrx_word' id='word_1_42' title='bbox 1699 494 1873 551; x_wconf 85' lang='lat' dir='ltr'><strong><em>fuerit</em></strong></span> <span class='ocrx_word' id='word_1_43' title='bbox 1901 493 2055 565; x_wconf 89' lang='lat' dir='ltr'><strong><em>quod</em></strong></span> <span class='ocrx_word' id='word_1_44' title='bbox 2088 492 2150 547; x_wconf 93' lang='lat' dir='ltr'><strong><em>in</em></strong></span> 
     </span>
    </p>
   </div>
   <div class='ocr_carea' id='block_1_8' title="bbox 515 580 2148 652">
    <p class='ocr_par' dir='ltr' id='par_1_8' title="bbox 515 580 2148 652">
     <span class='ocr_line' id='line_1_9' title="bbox 515 580 2148 652; baseline 0 -17"><span class='ocrx_word' id='word_1_45' title='bbox 515 580 667 635; x_wconf 90' lang='lat' dir='ltr'><strong><em>hanc</em></strong></span> <span class='ocrx_word' id='word_1_46' title='bbox 698 581 948 636; x_wconf 78' lang='lat' dir='ltr'><strong><em>formam</em></strong></span> <span class='ocrx_word' id='word_1_47' title='bbox 980 581 1298 650; x_wconf 75' lang='lat' dir='ltr'><strong><em>incideret;</em></strong></span> <span class='ocrx_word' id='word_1_48' title='bbox 1336 582 1488 636; x_wconf 90' lang='lat' dir='ltr'><strong><em>unde</em></strong></span> <span class='ocrx_word' id='word_1_49' title='bbox 1537 587 1794 637; x_wconf 76' lang='lat' dir='ltr'><strong><em>statuere</em></strong></span> <span class='ocrx_word' id='word_1_50' title='bbox 1852 581 2148 652; x_wconf 83' lang='lat' dir='ltr'><strong><em>possimus</em></strong></span> 
     </span>
    </p>
   </div>
   <div class='ocr_carea' id='block_1_9' title="bbox 514 665 2147 743">
    <p class='ocr_par' dir='ltr' id='par_1_9' title="bbox 514 665 2147 743">
     <span class='ocr_line' id='line_1_10' title="bbox 514 665 2147 743; baseline 0.001 -23"><span class='ocrx_word' id='word_1_51' title='bbox 514 668 732 739; x_wconf 88' lang='lat' dir='ltr'><strong><em>ipsium</em></strong></span> <span class='ocrx_word' id='word_1_52' title='bbox 766 669 824 725; x_wconf 87' lang='lat' dir='ltr'>id</span> <span class='ocrx_word' id='word_1_53' title='bbox 858 667 1189 743; x_wconf 79' lang='grc' dir='ltr'>αὐτόχρημα</span> <span class='ocrx_word' id='word_1_54' title='bbox 1218 670 1420 734; x_wconf 88' lang='lat' dir='ltr'><strong><em>fuisse,</em></strong></span> <span class='ocrx_word' id='word_1_55' title='bbox 1444 669 1592 740; x_wconf 93' lang='lat' dir='ltr'><strong><em>quod</em></strong></span> <span class='ocrx_word' id='word_1_56' title='bbox 1628 669 1907 724; x_wconf 86' lang='lat' dir='ltr'><strong><em>vocabulo</em></strong></span> <span class='ocrx_word' id='word_1_57' title='bbox 1938 665 2147 728; x_wconf 77' lang='grc' dir='ltr'>σωλέας</span> 
     </span>
    </p>
   </div>
   <div class='ocr_carea' id='block_1_10' title="bbox 515 758 2148 830">
    <p class='ocr_par' dir='ltr' id='par_1_10' title="bbox 515 758 2148 830">
     <span class='ocr_line' id='line_1_11' title="bbox 515 758 2148 830; baseline 0.001 -19"><span class='ocrx_word' id='word_1_58' title='bbox 515 758 808 814; x_wconf 89' lang='lat' dir='ltr'><strong><em>indicatur</em></strong></span> <span class='ocrx_word' id='word_1_59' title='bbox 845 764 904 814; x_wconf 90' lang='lat' dir='ltr'><strong><em>et</em></strong></span> <span class='ocrx_word' id='word_1_60' title='bbox 934 775 965 812; x_wconf 94' lang='lat' dir='ltr'><strong><em>a</em></strong></span> <span class='ocrx_word' id='word_1_61' title='bbox 1001 763 1197 814; x_wconf 88' lang='lat' dir='ltr'><strong><em>nostro</em></strong></span> <span class='ocrx_word' id='word_1_62' title='bbox 1231 758 1326 814; x_wconf 91' lang='lat' dir='ltr'><strong><em>hic</em></strong></span> <span class='ocrx_word' id='word_1_63' title='bbox 1375 758 1721 830; x_wconf 86' lang='lat' dir='ltr'><strong><em>Pachymere</em></strong></span> <span class='ocrx_word' id='word_1_64' title='bbox 1766 764 1821 813; x_wconf 91' lang='lat' dir='ltr'><strong><em>et</em></strong></span> <span class='ocrx_word' id='word_1_65' title='bbox 1853 775 1887 811; x_wconf 86' lang='lat' dir='ltr'><strong><em>a</em></strong></span> <span class='ocrx_word' id='word_1_66' title='bbox 1934 758 2148 813; x_wconf 80' lang='lat' dir='ltr'><strong><em>Graecis</em></strong></span> 
     </span>
    </p>
   </div>
   <div class='ocr_carea' id='block_1_11' title="bbox 513 845 2145 918">
    <p class='ocr_par' dir='ltr' id='par_1_11' title="bbox 513 845 2145 918">
     <span class='ocr_line' id='line_1_12' title="bbox 513 845 2145 918; baseline 0.001 -19"><span class='ocrx_word' id='word_1_67' title='bbox 513 846 933 902; x_wconf 82' lang='lat' dir='ltr'><strong><em>recentioribus</em></strong></span> <span class='ocrx_word' id='word_1_68' title='bbox 962 848 1181 918; x_wconf 89' lang='lat' dir='ltr'><strong><em>passim</em></strong></span> <span class='ocrx_word' id='word_1_69' title='bbox 1217 846 1504 917; x_wconf 85' lang='lat' dir='ltr'><strong><em>plurimis.</em></strong></span> <span class='ocrx_word' id='word_1_70' title='bbox 1535 847 1721 917; x_wconf 83' lang='lat' dir='ltr'><strong><em>Adyta</em></strong></span> <span class='ocrx_word' id='word_1_71' title='bbox 1750 845 1810 900; x_wconf 86' lang='lat' dir='ltr'><strong><em>in</em></strong></span> <span class='ocrx_word' id='word_1_72' title='bbox 1858 846 2145 901; x_wconf 85' lang='lat' dir='ltr'><strong><em>Christia-</em></strong></span> 
     </span>
    </p>
   </div>
   <div class='ocr_carea' id='block_1_12' title="bbox 512 934 2145 1005">
    <p class='ocr_par' dir='ltr' id='par_1_12' title="bbox 512 934 2145 1005">
     <span class='ocr_line' id='line_1_13' title="bbox 512 934 2145 1005; baseline 0.001 -18"><span class='ocrx_word' id='word_1_73' title='bbox 512 935 602 988; x_wconf 89' lang='lat' dir='ltr'><strong><em>nis</em></strong></span> <span class='ocrx_word' id='word_1_74' title='bbox 634 936 787 1004; x_wconf 91' lang='lat' dir='ltr'><strong><em>apud</em></strong></span> <span class='ocrx_word' id='word_1_75' title='bbox 809 935 1038 990; x_wconf 67' lang='lat' dir='ltr'><strong><em>Graecos</em></strong></span> <span class='ocrx_word' id='word_1_76' title='bbox 1068 934 1304 1005; x_wconf 75' lang='lat' dir='ltr'><strong><em>templis</em></strong></span> <span class='ocrx_word' id='word_1_77' title='bbox 1335 935 1471 990; x_wconf 91' lang='lat' dir='ltr'><strong><em>inde</em></strong></span> <span class='ocrx_word' id='word_1_78' title='bbox 1503 950 1690 1004; x_wconf 89' lang='lat' dir='ltr'><strong><em>usque</em></strong></span> <span class='ocrx_word' id='word_1_79' title='bbox 1720 934 1791 988; x_wconf 91' lang='lat' dir='ltr'><strong><em>ab</em></strong></span> <span class='ocrx_word' id='word_1_80' title='bbox 1823 934 2145 1001; x_wconf 80' lang='lat' dir='ltr'><strong><em>originibus</em></strong></span> 
     </span>
    </p>
   </div>
   <div class='ocr_carea' id='block_1_13' title="bbox 509 1021 2144 1095">
    <p class='ocr_par' dir='ltr' id='par_1_13' title="bbox 509 1021 2144 1095">
     <span class='ocr_line' id='line_1_14' title="bbox 509 1021 2144 1095; baseline 0.001 -21"><span class='ocrx_word' id='word_1_81' title='bbox 509 1022 781 1093; x_wconf 81' lang='lat' dir='ltr'><strong><em>religcnis</em></strong></span> <span class='ocrx_word' id='word_1_82' title='bbox 813 1029 978 1093; x_wconf 87' lang='lat' dir='ltr'><strong><em>septa</em></strong></span> <span class='ocrx_word' id='word_1_83' title='bbox 1007 1021 1300 1095; x_wconf 81' lang='lat' dir='ltr'><strong><em>repagulis</em></strong></span> <span class='ocrx_word' id='word_1_84' title='bbox 1331 1025 1508 1091; x_wconf 84' lang='lat' dir='ltr'><strong><em>fuere,</em></strong></span> <span class='ocrx_word' id='word_1_85' title='bbox 1537 1039 1663 1093; x_wconf 68' lang='lat' dir='ltr'><strong><em>quas</em></strong></span> <span class='ocrx_word' id='word_1_86' title='bbox 1693 1028 1750 1076; x_wconf 88' lang='lat' dir='ltr'><strong><em>et</em></strong></span> <span class='ocrx_word' id='word_1_87' title='bbox 1790 1038 2030 1094; x_wconf 77' lang='lat' dir='ltr'><strong><em>gressus</em></strong></span> <span class='ocrx_word' id='word_1_88' title='bbox 2072 1024 2144 1077; x_wconf 90' lang='lat' dir='ltr'><strong><em>ab</em></strong></span> 
     </span>
    </p>
   </div>
   <div class='ocr_carea' id='block_1_14' title="bbox 506 1110 2143 1184">
    <p class='ocr_par' dir='ltr' id='par_1_14' title="bbox 506 1110 2143 1184">
     <span class='ocr_line' id='line_1_15' title="bbox 506 1110 2143 1184; baseline 0.001 -19"><span class='ocrx_word' id='word_1_89' title='bbox 506 1111 578 1166; x_wconf 88' lang='lat' dir='ltr'><strong><em>iis</em></strong></span> <span class='ocrx_word' id='word_1_90' title='bbox 620 1113 998 1184; x_wconf 77' lang='lat' dir='ltr'><strong><em>profanorum</em></strong></span> <span class='ocrx_word' id='word_1_91' title='bbox 1030 1118 1086 1168; x_wconf 90' lang='lat' dir='ltr'><strong><em>et</em></strong></span> <span class='ocrx_word' id='word_1_92' title='bbox 1141 1112 1339 1168; x_wconf 90' lang='lat' dir='ltr'><strong><em>oculos</em></strong></span> <span class='ocrx_word' id='word_1_93' title='bbox 1379 1116 1663 1168; x_wconf 79' lang='lat' dir='ltr'><strong><em>arcerent.</em></strong></span> <span class='ocrx_word' id='word_1_94' title='bbox 1718 1118 1800 1167; x_wconf 83' lang='lat' dir='ltr'><strong><em>Ac</em></strong></span> <span class='ocrx_word' id='word_1_95' title='bbox 1842 1110 2143 1182; x_wconf 85' lang='lat' dir='ltr'><strong><em>principiis</em></strong></span> 
     </span>
    </p>
   </div>
   <div class='ocr_carea' id='block_1_15' title="bbox 501 1199 2138 1272">
    <p class='ocr_par' dir='ltr' id='par_1_15' title="bbox 501 1199 2138 1272">
     <span class='ocr_line' id='line_1_16' title="bbox 501 1199 2138 1272; baseline 0 -18"><span class='ocrx_word' id='word_1_96' title='bbox 501 1201 740 1270; x_wconf 82' lang='lat' dir='ltr'><strong><em>quidem</em></strong></span> <span class='ocrx_word' id='word_1_97' title='bbox 765 1201 972 1272; x_wconf 82' lang='lat' dir='ltr'><strong><em>exiguo</em></strong></span> <span class='ocrx_word' id='word_1_98' title='bbox 1003 1201 1494 1271; x_wconf 78' lang='lat' dir='ltr'><strong><em>defungebantur,</em></strong></span> <span class='ocrx_word' id='word_1_99' title='bbox 1529 1199 1920 1255; x_wconf 87' lang='lat' dir='ltr'><strong><em>necessarium</em></strong></span> <span class='ocrx_word' id='word_1_100' title='bbox 1953 1215 2138 1254; x_wconf 88' lang='lat' dir='ltr'><strong><em>secre-</em></strong></span> 
     </span>
    </p>
   </div>
   <div class='ocr_carea' id='block_1_16' title="bbox 504 1288 2141 1359">
    <p class='ocr_par' dir='ltr' id='par_1_16' title="bbox 504 1288 2141 1359">
     <span class='ocr_line' id='line_1_17' title="bbox 504 1288 2141 1359; baseline 0.001 -17"><span class='ocrx_word' id='word_1_101' title='bbox 504 1294 631 1343; x_wconf 84' lang='lat' dir='ltr'><strong><em>tum</em></strong></span> <span class='ocrx_word' id='word_1_102' title='bbox 687 1289 981 1359; x_wconf 86' lang='lat' dir='ltr'><strong><em>majestati</em></strong></span> <span class='ocrx_word' id='word_1_103' title='bbox 1012 1305 1309 1344; x_wconf 90' lang='lat' dir='ltr'><strong><em>sacrorum</em></strong></span> <span class='ocrx_word' id='word_1_104' title='bbox 1332 1289 1586 1344; x_wconf 82' lang='lat' dir='ltr'><strong><em>contenti</em></strong></span> <span class='ocrx_word' id='word_1_105' title='bbox 1614 1288 2141 1358; x_wconf 88' lang='lat' dir='ltr'><strong><em>quomodocunque</em></strong></span> 
     </span>
    </p>
   </div>
   <div class='ocr_carea' id='block_1_17' title="bbox 505 1376 2137 1448">
    <p class='ocr_par' dir='ltr' id='par_1_17' title="bbox 505 1376 2137 1448">
     <span class='ocr_line' id='line_1_18' title="bbox 505 1376 2137 1448; baseline 0 -17"><span class='ocrx_word' id='word_1_106' title='bbox 505 1378 837 1433; x_wconf 79' lang='lat' dir='ltr'><strong><em>obduxisse.</em></strong></span> <span class='ocrx_word' id='word_1_107' title='bbox 894 1385 1019 1432; x_wconf 69' lang='lat' dir='ltr'><strong><em>Ara)</em></strong></span> <span class='ocrx_word' id='word_1_108' title='bbox 1083 1376 1362 1448; x_wconf 81' lang='lat' dir='ltr'><strong><em>gradibus</em></strong></span> <span class='ocrx_word' id='word_1_109' title='bbox 1420 1377 1662 1440; x_wconf 81' lang='lat' dir='ltr'><strong><em>inferne,</em></strong></span> <span class='ocrx_word' id='word_1_110' title='bbox 1717 1393 1896 1447; x_wconf 80' lang='lat' dir='ltr'><strong><em>supra</em></strong></span> <span class='ocrx_word' id='word_1_111' title='bbox 1949 1376 2137 1432; x_wconf 88' lang='lat' dir='ltr'><strong><em>solum</em></strong></span> 
     </span>
    </p>
   </div>
   <div class='ocr_carea' id='block_1_18' title="bbox 501 1464 2137 1535">
    <p class='ocr_par' dir='ltr' id='par_1_18' title="bbox 501 1464 2137 1535">
     <span class='ocr_line' id='line_1_19' title="bbox 501 1464 2137 1535; baseline 0.001 -18"><span class='ocrx_word' id='word_1_112' title='bbox 501 1465 968 1521; x_wconf 85' lang='lat' dir='ltr'><strong><em>nhtendebantur</em></strong></span> <span class='ocrx_word' id='word_1_113' title='bbox 988 1482 1019 1521; x_wconf 92' lang='lat' dir='ltr'><strong><em>e</em></strong></span> <span class='ocrx_word' id='word_1_114' title='bbox 1049 1465 1294 1520; x_wconf 90' lang='lat' dir='ltr'><strong><em>materia</em></strong></span> <span class='ocrx_word' id='word_1_115' title='bbox 1325 1464 1589 1520; x_wconf 87' lang='lat' dir='ltr'><strong><em>cancelli:</em></strong></span> <span class='ocrx_word' id='word_1_116' title='bbox 1623 1464 1683 1519; x_wconf 87' lang='lat' dir='ltr'><strong><em>hi</em></strong></span> <span class='ocrx_word' id='word_1_117' title='bbox 1739 1480 1977 1535; x_wconf 83' lang='lat' dir='ltr'><strong><em>gressus</em></strong></span> <span class='ocrx_word' id='word_1_118' title='bbox 2035 1481 2137 1519; x_wconf 81' lang='lat' dir='ltr'><strong><em>ex-</em></strong></span> 
     </span>
    </p>
   </div>
   <div class='ocr_carea' id='block_1_19' title="bbox 501 1550 2136 1622">
    <p class='ocr_par' dir='ltr' id='par_1_19' title="bbox 501 1550 2136 1622">
     <span class='ocr_line' id='line_1_20' title="bbox 501 1550 2136 1622; baseline 0.002 -19"><span class='ocrx_word' id='word_1_119' title='bbox 501 1550 817 1606; x_wconf 90' lang='lat' dir='ltr'><strong><em>cludebant</em></strong></span> <span class='ocrx_word' id='word_1_120' title='bbox 843 1567 957 1606; x_wconf 94' lang='lat' dir='ltr'><strong><em>non</em></strong></span> <span class='ocrx_word' id='word_1_121' title='bbox 1016 1551 1445 1607; x_wconf 82' lang='lat' dir='ltr'><strong><em>initiatoruma</em></strong></span> <span class='ocrx_word' id='word_1_122' title='bbox 1499 1569 1662 1607; x_wconf 83' lang='lat' dir='ltr'><strong><em>sacro</em></strong></span> <span class='ocrx_word' id='word_1_123' title='bbox 1711 1558 1898 1621; x_wconf 89' lang='lat' dir='ltr'><strong><em>septo.</em></strong></span> <span class='ocrx_word' id='word_1_124' title='bbox 1952 1556 2136 1622; x_wconf 79' lang='lat' dir='ltr'><strong><em>Super</em></strong></span> 
     </span>
    </p>
   </div>
   <div class='ocr_carea' id='block_1_20' title="bbox 498 1637 2133 1710">
    <p class='ocr_par' dir='ltr' id='par_1_20' title="bbox 498 1637 2133 1710">
     <span class='ocr_line' id='line_1_21' title="bbox 498 1637 2133 1710; baseline 0.001 -19"><span class='ocrx_word' id='word_1_125' title='bbox 498 1637 607 1692; x_wconf 89' lang='lat' dir='ltr'><strong><em>hos</em></strong></span> <span class='ocrx_word' id='word_1_126' title='bbox 638 1639 763 1693; x_wconf 87' lang='lat' dir='ltr'><strong><em>vela</em></strong></span> <span class='ocrx_word' id='word_1_127' title='bbox 786 1639 1177 1694; x_wconf 80' lang='lat' dir='ltr'>tendebantur</span> <span class='ocrx_word' id='word_1_128' title='bbox 1206 1656 1218 1693; x_wconf 93' lang='lat'><strong>:</strong></span> <span class='ocrx_word' id='word_1_129' title='bbox 1248 1638 1368 1693; x_wconf 72' lang='lat' dir='ltr'><strong><em>haec</em></strong></span> <span class='ocrx_word' id='word_1_130' title='bbox 1419 1644 1797 1709; x_wconf 88' lang='lat' dir='ltr'><strong><em>conspectum</em></strong></span> <span class='ocrx_word' id='word_1_131' title='bbox 1831 1640 2133 1710; x_wconf 76' lang='lat' dir='ltr'><strong><em>mysterio-</em></strong></span> 
     </span>
    </p>
   </div>
   <div class='ocr_carea' id='block_1_21' title="bbox 797 1984 2129 2063">
    <p class='ocr_par' dir='ltr' id='par_1_21' title="bbox 797 1984 2129 2063">
     <span class='ocr_line' id='line_1_22' title="bbox 797 1984 2129 2063; baseline -0.004 -19"><span class='ocrx_word' id='word_1_132' title='bbox 797 1994 914 2046; x_wconf 70' lang='grc' dir='ltr'>τοῖς</span> <span class='ocrx_word' id='word_1_133' title='bbox 999 1989 1104 2043; x_wconf 84' lang='grc' dir='ltr'><strong><em>ἀπὸ</em></strong></span> <span class='ocrx_word' id='word_1_134' title='bbox 1190 1986 1357 2059; x_wconf 76' lang='grc' dir='ltr'>ξύλου</span> <span class='ocrx_word' id='word_1_135' title='bbox 1435 1988 1786 2063; x_wconf 77' lang='grc' dir='ltr'>περιέφραττε</span> <span class='ocrx_word' id='word_1_136' title='bbox 1868 1984 2129 2059; x_wconf 79' lang='grc' dir='ltr'><strong><em>δικτύοις,</em></strong></span> 
     </span>
    </p>
   </div>
   <div class='ocr_carea' id='block_1_22' title="bbox 500 2166 2130 2236">
    <p class='ocr_par' dir='ltr' id='par_1_22' title="bbox 500 2166 2130 2236">
     <span class='ocr_line' id='line_1_23' title="bbox 500 2166 2130 2236; baseline -0.003 -12"><span class='ocrx_word' id='word_1_137' title='bbox 500 2169 660 2225; x_wconf 85' lang='lat' dir='ltr'><strong><em>thris.</em></strong></span> <span class='ocrx_word' id='word_1_138' title='bbox 710 2170 806 2226; x_wconf 85' lang='lat' dir='ltr'><strong><em>Sic</em></strong></span> <span class='ocrx_word' id='word_1_139' title='bbox 848 2170 947 2225; x_wconf 91' lang='lat' dir='ltr'><strong><em>ille</em></strong></span> <span class='ocrx_word' id='word_1_140' title='bbox 996 2171 1067 2225; x_wconf 89' lang='lat' dir='ltr'><strong><em>de</em></strong></span> <span class='ocrx_word' id='word_1_141' title='bbox 1124 2169 1397 2224; x_wconf 81' lang='lat' dir='ltr'><strong><em>cancellis</em></strong></span> <span class='ocrx_word' id='word_1_142' title='bbox 1457 2167 1812 2232; x_wconf 80' lang='lat' dir='ltr'><strong><em>memoratis,</em></strong></span> <span class='ocrx_word' id='word_1_143' title='bbox 1845 2183 1989 2236; x_wconf 91' lang='lat' dir='ltr'><strong><em>quos</em></strong></span> <span class='ocrx_word' id='word_1_144' title='bbox 2033 2166 2130 2220; x_wconf 87' lang='lat' dir='ltr'><strong><em>alii</em></strong></span> 
     </span>
    </p>
   </div>
   <div class='ocr_carea' id='block_1_23' title="bbox 495 2253 2127 2330">
    <p class='ocr_par' dir='ltr' id='par_1_23' title="bbox 495 2253 2127 2330">
     <span class='ocr_line' id='line_1_24' title="bbox 495 2253 2127 2330; baseline 0.001 -21"><span class='ocrx_word' id='word_1_145' title='bbox 495 2253 783 2330; x_wconf 81' lang='grc' dir='ltr'>κιγκλίδας</span> <span class='ocrx_word' id='word_1_146' title='bbox 841 2263 1066 2326; x_wconf 88' lang='lat' dir='ltr'><strong><em>vocant,</em></strong></span> <span class='ocrx_word' id='word_1_147' title='bbox 1127 2262 1190 2312; x_wconf 89' lang='lat' dir='ltr'><strong><em>ut</em></strong></span> <span class='ocrx_word' id='word_1_148' title='bbox 1262 2262 1508 2328; x_wconf 79' lang='lat' dir='ltr'><strong><em>Symeon</em></strong></span> <span class='ocrx_word' id='word_1_149' title='bbox 1569 2254 2127 2310; x_wconf 86' lang='lat' dir='ltr'><strong><em>Thessalonicensis.</em></strong></span> 
     </span>
    </p>
   </div>
   <div class='ocr_carea' id='block_1_24' title="bbox 495 2341 2127 2416">
    <p class='ocr_par' dir='ltr' id='par_1_24' title="bbox 495 2341 2127 2416">
     <span class='ocr_line' id='line_1_25' title="bbox 495 2341 2127 2416; baseline -0.004 -16"><span class='ocrx_word' id='word_1_150' title='bbox 495 2345 812 2416; x_wconf 87' lang='lat' dir='ltr'><strong><em>Gregorius</em></strong></span> <span class='ocrx_word' id='word_1_151' title='bbox 871 2362 1007 2401; x_wconf 82' lang='lat' dir='ltr'><strong><em>vero</em></strong></span> <span class='ocrx_word' id='word_1_152' title='bbox 1066 2345 1463 2401; x_wconf 81' lang='lat' dir='ltr'><strong><em>Nazianzenus</em></strong></span> <span class='ocrx_word' id='word_1_153' title='bbox 1525 2341 1809 2412; x_wconf 78' lang='lat' dir='ltr'><strong><em>singulari</em></strong></span> <span class='ocrx_word' id='word_1_154' title='bbox 1884 2358 2127 2396; x_wconf 83' lang='lat' dir='ltr'><strong><em>numero</em></strong></span> 
     </span>
    </p>
   </div>
   <div class='ocr_carea' id='block_1_25' title="bbox 494 2426 2127 2504">
    <p class='ocr_par' dir='ltr' id='par_1_25' title="bbox 494 2426 2127 2504">
     <span class='ocr_line' id='line_1_26' title="bbox 494 2426 2127 2504; baseline -0.001 -17"><span class='ocrx_word' id='word_1_155' title='bbox 494 2434 678 2489; x_wconf 80' lang='lat' dir='ltr'><strong><em>totum</em></strong></span> <span class='ocrx_word' id='word_1_156' title='bbox 728 2433 1116 2489; x_wconf 85' lang='lat' dir='ltr'><strong><em>cancellorum</em></strong></span> <span class='ocrx_word' id='word_1_157' title='bbox 1169 2439 1399 2503; x_wconf 83' lang='lat' dir='ltr'><strong><em>septum</em></strong></span> <span class='ocrx_word' id='word_1_158' title='bbox 1442 2426 1703 2504; x_wconf 80' lang='grc' dir='ltr'><strong><em>κιγκλίδα</em></strong></span> <span class='ocrx_word' id='word_1_159' title='bbox 1752 2431 1975 2486; x_wconf 90' lang='lat' dir='ltr'><strong><em>vocavit</em></strong></span> <span class='ocrx_word' id='word_1_160' title='bbox 2030 2428 2127 2485; x_wconf 93' lang='lat' dir='ltr'><strong><em>illo</em></strong></span> 
     </span>
    </p>
   </div>
   <div class='ocr_carea' id='block_1_26' title="bbox 492 2536 699 2576">
    <p class='ocr_par' dir='ltr' id='par_1_26' title="bbox 492 2536 699 2576">
     <span class='ocr_line' id='line_1_27' title="bbox 492 2536 699 2576; baseline 0.005 -2"><span class='ocrx_word' id='word_1_161' title='bbox 492 2536 661 2576; x_wconf 89' lang='lat' dir='ltr'><strong><em>versu</em></strong></span> <span class='ocrx_word' id='word_1_162' title='bbox 684 2536 699 2575; x_wconf 70' lang='grc' dir='ltr'><strong>ἶ</strong></span> 
     </span>
    </p>
   </div>
   <div class='ocr_carea' id='block_1_27' title="bbox 561 2621 1815 2700">
    <p class='ocr_par' dir='ltr' id='par_1_27' title="bbox 561 2621 1815 2700">
     <span class='ocr_line' id='line_1_28' title="bbox 561 2621 1815 2700; baseline -0.001 -21"><span class='ocrx_word' id='word_1_163' title='bbox 561 2623 786 2700; x_wconf 87' lang='grc' dir='ltr'>Κιγκλὶς</span> <span class='ocrx_word' id='word_1_164' title='bbox 816 2622 1103 2699; x_wconf 79' lang='grc' dir='ltr'>διείργουσ¹</span> <span class='ocrx_word' id='word_1_165' title='bbox 1133 2623 1194 2679; x_wconf 78' lang='grc' dir='ltr'>οὗ</span> <span class='ocrx_word' id='word_1_166' title='bbox 1231 2625 1406 2698; x_wconf 86' lang='grc' dir='ltr'>βίους,</span> <span class='ocrx_word' id='word_1_167' title='bbox 1436 2621 1564 2678; x_wconf 84' lang='grc' dir='ltr'>ἀλλ’</span> <span class='ocrx_word' id='word_1_168' title='bbox 1594 2622 1815 2699; x_wconf 80' lang='grc' dir='ltr'><strong><em>ὀφρύας.</em></strong></span> 
     </span>
    </p>
   </div>
   <div class='ocr_carea' id='block_1_28' title="bbox 497 2729 2124 2801">
    <p class='ocr_par' dir='ltr' id='par_1_28' title="bbox 497 2729 2124 2801">
     <span class='ocr_line' id='line_1_29' title="bbox 497 2729 2124 2801; baseline -0.002 -15"><span class='ocrx_word' id='word_1_169' title='bbox 497 2733 643 2797; x_wconf 87' lang='lat' dir='ltr'><strong><em>Quia</em></strong></span> <span class='ocrx_word' id='word_1_170' title='bbox 673 2732 830 2786; x_wconf 89' lang='lat' dir='ltr'><strong><em>enim</em></strong></span> <span class='ocrx_word' id='word_1_171' title='bbox 862 2732 1016 2786; x_wconf 89' lang='lat' dir='ltr'><strong><em>intra</em></strong></span> <span class='ocrx_word' id='word_1_172' title='bbox 1053 2737 1282 2801; x_wconf 88' lang='lat' dir='ltr'><strong><em>septum</em></strong></span> <span class='ocrx_word' id='word_1_173' title='bbox 1336 2732 1497 2786; x_wconf 91' lang='lat' dir='ltr'><strong><em>locus</em></strong></span> <span class='ocrx_word' id='word_1_174' title='bbox 1543 2736 1671 2785; x_wconf 89' lang='lat' dir='ltr'><strong><em>erat</em></strong></span> <span class='ocrx_word' id='word_1_175' title='bbox 1700 2729 2124 2795; x_wconf 86' lang='lat' dir='ltr'><strong><em>sacerdotibus,</em></strong></span> 
     </span>
    </p>
   </div>
   <div class='ocr_carea' id='block_1_29' title="bbox 490 2818 2125 2891">
    <p class='ocr_par' dir='ltr' id='par_1_29' title="bbox 490 2818 2125 2891">
     <span class='ocr_line' id='line_1_30' title="bbox 490 2818 2125 2891; baseline -0.002 -17"><span class='ocrx_word' id='word_1_176' title='bbox 490 2821 785 2891; x_wconf 88' lang='lat' dir='ltr'><strong><em>plerisque</em></strong></span> <span class='ocrx_word' id='word_1_177' title='bbox 826 2826 967 2875; x_wconf 86' lang='lat' dir='ltr'><strong><em>tunc</em></strong></span> <span class='ocrx_word' id='word_1_178' title='bbox 997 2820 1286 2889; x_wconf 85' lang='lat' dir='ltr'><strong><em>ejusmodi</em></strong></span> <span class='ocrx_word' id='word_1_179' title='bbox 1319 2825 1382 2873; x_wconf 91' lang='lat' dir='ltr'><strong><em>ut</em></strong></span> <span class='ocrx_word' id='word_1_180' title='bbox 1417 2821 1572 2874; x_wconf 78' lang='lat' dir='ltr'><strong><em>fastu</em></strong></span> <span class='ocrx_word' id='word_1_181' title='bbox 1604 2818 1792 2873; x_wconf 90' lang='lat' dir='ltr'><strong><em>solum</em></strong></span> <span class='ocrx_word' id='word_1_182' title='bbox 1826 2834 1890 2872; x_wconf 90' lang='lat' dir='ltr'><strong><em>ac</em></strong></span> <span class='ocrx_word' id='word_1_183' title='bbox 1921 2834 2125 2888; x_wconf 86' lang='lat' dir='ltr'><strong><em>super-</em></strong></span> 
     </span>
    </p>
   </div>
   <div class='ocr_carea' id='block_1_30' title="bbox 492 2906 2124 2976">
    <p class='ocr_par' dir='ltr' id='par_1_30' title="bbox 492 2906 2124 2976">
     <span class='ocr_line' id='line_1_31' title="bbox 492 2906 2124 2976; baseline -0.002 -13"><span class='ocrx_word' id='word_1_184' title='bbox 492 2909 608 2976; x_wconf 86' lang='lat' dir='ltr'><strong><em>bia,</em></strong></span> <span class='ocrx_word' id='word_1_185' title='bbox 670 2925 784 2963; x_wconf 75' lang='lat' dir='ltr'><strong><em>non</em></strong></span> <span class='ocrx_word' id='word_1_186' title='bbox 851 2909 1259 2963; x_wconf 84' lang='lat' dir='ltr'><strong><em>exercitatione</em></strong></span> <span class='ocrx_word' id='word_1_187' title='bbox 1327 2909 1609 2962; x_wconf 89' lang='lat' dir='ltr'><strong><em>virtutum</em></strong></span> <span class='ocrx_word' id='word_1_188' title='bbox 1678 2923 1857 2976; x_wconf 90' lang='lat' dir='ltr'><strong><em>supra</em></strong></span> <span class='ocrx_word' id='word_1_189' title='bbox 1910 2906 2124 2976; x_wconf 81' lang='lat' dir='ltr'><strong><em>vulgus</em></strong></span> 
     </span>
    </p>
   </div>
   <div class='ocr_carea' id='block_1_31' title="bbox 490 2992 2126 3067">
    <p class='ocr_par' dir='ltr' id='par_1_31' title="bbox 490 2992 2126 3067">
     <span class='ocr_line' id='line_1_32' title="bbox 490 2992 2126 3067; baseline -0.004 -16"><span class='ocrx_word' id='word_1_190' title='bbox 490 2996 833 3061; x_wconf 84' lang='lat' dir='ltr'><strong><em>eminerent,</em></strong></span> <span class='ocrx_word' id='word_1_191' title='bbox 865 2995 1161 3067; x_wconf 86' lang='lat' dir='ltr'><strong><em>eleganter</em></strong></span> <span class='ocrx_word' id='word_1_192' title='bbox 1190 2996 1271 3050; x_wconf 90' lang='lat' dir='ltr'><strong><em>ait</em></strong></span> <span class='ocrx_word' id='word_1_193' title='bbox 1301 2994 1607 3062; x_wconf 88' lang='lat' dir='ltr'><strong><em>cancellos,</em></strong></span> <span class='ocrx_word' id='word_1_194' title='bbox 1641 2995 1742 3062; x_wconf 90' lang='lat' dir='ltr'><strong><em>qui</em></strong></span> <span class='ocrx_word' id='word_1_195' title='bbox 1772 2992 2126 3046; x_wconf 88' lang='lat' dir='ltr'><strong><em>dirimebant</em></strong></span> 
     </span>
    </p>
   </div>
   <div class='ocr_carea' id='block_1_32' title="bbox 489 3080 2189 3163">
    <p class='ocr_par' dir='ltr' id='par_1_32' title="bbox 489 3080 2189 3163">
     <span class='ocr_line' id='line_1_33' title="bbox 489 3080 2189 3163; baseline -0.003 -24"><span class='ocrx_word' id='word_1_196' title='bbox 489 3085 789 3139; x_wconf 87' lang='lat' dir='ltr'><strong><em>sacerdote</em></strong></span> <span class='ocrx_word' id='word_1_197' title='bbox 820 3102 853 3138; x_wconf 91' lang='lat' dir='ltr'><strong><em>a</em></strong></span> <span class='ocrx_word' id='word_1_198' title='bbox 884 3084 1117 3155; x_wconf 82' lang='lat' dir='ltr'><strong><em>pepulo,</em></strong></span> <span class='ocrx_word' id='word_1_199' title='bbox 1152 3100 1268 3137; x_wconf 92' lang='lat' dir='ltr'><strong><em>non</em></strong></span> <span class='ocrx_word' id='word_1_200' title='bbox 1300 3084 1470 3147; x_wconf 86' lang='lat' dir='ltr'><strong><em>vitas,</em></strong></span> <span class='ocrx_word' id='word_1_201' title='bbox 1504 3082 1603 3135; x_wconf 91' lang='lat' dir='ltr'><strong><em>sed</em></strong></span> <span class='ocrx_word' id='word_1_202' title='bbox 1645 3080 1957 3149; x_wconf 87' lang='lat' dir='ltr'><strong><em>supercilia</em></strong></span> <span class='ocrx_word' id='word_1_203' title='bbox 2004 3081 2117 3135; x_wconf 89' lang='lat' dir='ltr'><strong><em>dis-</em></strong></span> <span class='ocrx_word' id='word_1_204' title='bbox 2146 3097 2189 3163; x_wconf 70' lang='grc' dir='ltr'><strong><em>ρ</em></strong></span> 
     </span>
    </p>
   </div>
   <div class='ocr_carea' id='block_1_33' title="bbox 487 3167 2114 3239">
    <p class='ocr_par' dir='ltr' id='par_1_33' title="bbox 487 3167 2114 3239">
     <span class='ocr_line' id='line_1_34' title="bbox 487 3167 2114 3239; baseline -0.002 -14"><span class='ocrx_word' id='word_1_205' title='bbox 487 3172 753 3227; x_wconf 85' lang='lat' dir='ltr'><strong><em>crevisse.</em></strong></span> <span class='ocrx_word' id='word_1_206' title='bbox 778 3171 1061 3226; x_wconf 88' lang='lat' dir='ltr'><strong><em>Similiter</em></strong></span> <span class='ocrx_word' id='word_1_207' title='bbox 1100 3170 1361 3239; x_wconf 88' lang='lat' dir='ltr'><strong><em>loquitur</em></strong></span> <span class='ocrx_word' id='word_1_208' title='bbox 1388 3167 1803 3223; x_wconf 80' lang='lat' dir='ltr'><strong><em>Constantinus</em></strong></span> <span class='ocrx_word' id='word_1_209' title='bbox 1855 3167 2114 3237; x_wconf 86' lang='lat' dir='ltr'><strong><em>Porphy-</em></strong></span> 
     </span>
    </p>
   </div>
   <div class='ocr_carea' id='block_1_34' title="bbox 487 3254 2117 3330">
    <p class='ocr_par' dir='ltr' id='par_1_34' title="bbox 487 3254 2117 3330">
     <span class='ocr_line' id='line_1_35' title="bbox 487 3254 2117 3330; baseline -0.003 -16"><span class='ocrx_word' id='word_1_210' title='bbox 487 3261 784 3330; x_wconf 86' lang='lat' dir='ltr'><strong><em>rogenitus</em></strong></span> <span class='ocrx_word' id='word_1_211' title='bbox 813 3258 967 3312; x_wconf 86' lang='lat' dir='ltr'><strong><em>infra</em></strong></span> <span class='ocrx_word' id='word_1_212' title='bbox 996 3258 1355 3312; x_wconf 75' lang='lat' dir='ltr'><strong><em>referendus.</em></strong></span> <span class='ocrx_word' id='word_1_213' title='bbox 1380 3260 1557 3309; x_wconf 84' lang='lat' dir='ltr'><strong><em>Erant</em></strong></span> <span class='ocrx_word' id='word_1_214' title='bbox 1586 3255 1645 3309; x_wconf 90' lang='lat' dir='ltr'><strong><em>hi</em></strong></span> <span class='ocrx_word' id='word_1_215' title='bbox 1669 3255 1910 3310; x_wconf 85' lang='lat' dir='ltr'><strong><em>cancelli</em></strong></span> <span class='ocrx_word' id='word_1_216' title='bbox 1941 3254 2117 3325; x_wconf 89' lang='lat' dir='ltr'><strong><em>pervii</em></strong></span> 
     </span>
    </p>
   </div>
   <div class='ocr_carea' id='block_1_35' title="bbox 486 3343 2116 3418">
    <p class='ocr_par' dir='ltr' id='par_1_35' title="bbox 486 3343 2116 3418">
     <span class='ocr_line' id='line_1_36' title="bbox 486 3343 2116 3418; baseline -0.002 -17"><span class='ocrx_word' id='word_1_217' title='bbox 486 3347 755 3418; x_wconf 85' lang='lat' dir='ltr'><strong><em>portulis,</em></strong></span> <span class='ocrx_word' id='word_1_218' title='bbox 804 3363 906 3417; x_wconf 90' lang='lat' dir='ltr'><strong><em>per</em></strong></span> <span class='ocrx_word' id='word_1_219' title='bbox 962 3363 1109 3417; x_wconf 88' lang='lat' dir='ltr'><strong><em>quas</em></strong></span> <span class='ocrx_word' id='word_1_220' title='bbox 1168 3344 1366 3401; x_wconf 88' lang='lat' dir='ltr'><strong><em>aditus</em></strong></span> <span class='ocrx_word' id='word_1_221' title='bbox 1411 3343 1713 3413; x_wconf 88' lang='lat' dir='ltr'><strong><em>exitusque</em></strong></span> <span class='ocrx_word' id='word_1_222' title='bbox 1763 3343 2116 3414; x_wconf 81' lang='lat' dir='ltr'><strong><em>presbyteris</em></strong></span> 
     </span>
    </p>
   </div>
   <div class='ocr_carea' id='block_1_36' title="bbox 484 3429 2113 3508">
    <p class='ocr_par' dir='ltr' id='par_1_36' title="bbox 484 3429 2113 3508">
     <span class='ocr_line' id='line_1_37' title="bbox 484 3429 2113 3508; baseline -0.002 -15"><span class='ocrx_word' id='word_1_223' title='bbox 484 3438 719 3507; x_wconf 87' lang='lat' dir='ltr'><strong><em>patebat</em></strong></span> <span class='ocrx_word' id='word_1_224' title='bbox 750 3453 764 3491; x_wconf 89' lang='lat'><strong>:</strong></span> <span class='ocrx_word' id='word_1_225' title='bbox 798 3438 884 3508; x_wconf 86' lang='lat' dir='ltr'><strong><em>[P.</em></strong></span> <span class='ocrx_word' id='word_1_226' title='bbox 919 3436 1044 3507; x_wconf 82' lang='grc'><strong><em>421]</em></strong></span> <span class='ocrx_word' id='word_1_227' title='bbox 1077 3435 1174 3490; x_wconf 66' lang='lat' dir='ltr'><strong><em>Has</em></strong></span> <span class='ocrx_word' id='word_1_228' title='bbox 1204 3429 1658 3507; x_wconf 84' lang='grc' dir='ltr'>καγκελοθυρίδες</span> <span class='ocrx_word' id='word_1_229' title='bbox 1680 3433 1895 3489; x_wconf 90' lang='lat' dir='ltr'><strong><em>Codino</em></strong></span> <span class='ocrx_word' id='word_1_230' title='bbox 1924 3436 2113 3489; x_wconf 61' lang='lat' dir='ltr'><strong><em>dictae.</em></strong></span> 
     </span>
    </p>
   </div>
   <div class='ocr_carea' id='block_1_37' title="bbox 480 3522 2116 3594">
    <p class='ocr_par' dir='ltr' id='par_1_37' title="bbox 480 3522 2116 3594">
     <span class='ocr_line' id='line_1_38' title="bbox 480 3522 2116 3594; baseline -0.001 -16"><span class='ocrx_word' id='word_1_231' title='bbox 480 3526 588 3579; x_wconf 82' lang='lat' dir='ltr'><strong><em>Sed</em></strong></span> <span class='ocrx_word' id='word_1_232' title='bbox 621 3530 739 3580; x_wconf 87' lang='lat' dir='ltr'><strong><em>tam</em></strong></span> <span class='ocrx_word' id='word_1_233' title='bbox 771 3524 856 3579; x_wconf 69' lang='lat' dir='ltr'><strong><em>hee</em></strong></span> <span class='ocrx_word' id='word_1_234' title='bbox 897 3540 1072 3594; x_wconf 90' lang='lat' dir='ltr'><strong><em>quam</em></strong></span> <span class='ocrx_word' id='word_1_235' title='bbox 1100 3522 1569 3592; x_wconf 87' lang='lat' dir='ltr'><strong><em>intercolumnia,</em></strong></span> <span class='ocrx_word' id='word_1_236' title='bbox 1603 3527 1703 3577; x_wconf 91' lang='lat' dir='ltr'><strong><em>aut</em></strong></span> <span class='ocrx_word' id='word_1_237' title='bbox 1733 3522 1921 3594; x_wconf 76' lang='lat' dir='ltr'><strong><em>spatia</em></strong></span> <span class='ocrx_word' id='word_1_238' title='bbox 1976 3540 2116 3578; x_wconf 90' lang='lat' dir='ltr'><strong><em>ocu-</em></strong></span> 
     </span>
    </p>
   </div>
   <div class='ocr_carea' id='block_1_38' title="bbox 479 3609 2118 3682">
    <p class='ocr_par' dir='ltr' id='par_1_38' title="bbox 479 3609 2118 3682">
     <span class='ocr_line' id='line_1_39' title="bbox 479 3609 2118 3682; baseline -0.001 -17"><span class='ocrx_word' id='word_1_239' title='bbox 479 3611 552 3667; x_wconf 89' lang='lat' dir='ltr'><strong><em>lis</em></strong></span> <span class='ocrx_word' id='word_1_240' title='bbox 605 3612 800 3682; x_wconf 90' lang='lat' dir='ltr'><strong><em>pervia</em></strong></span> <span class='ocrx_word' id='word_1_241' title='bbox 858 3610 1273 3678; x_wconf 85' lang='lat' dir='ltr'><strong><em>cancellorum,</em></strong></span> <span class='ocrx_word' id='word_1_242' title='bbox 1330 3609 1469 3663; x_wconf 87' lang='lat' dir='ltr'><strong><em>velis</em></strong></span> <span class='ocrx_word' id='word_1_243' title='bbox 1527 3610 1804 3681; x_wconf 90' lang='lat' dir='ltr'><strong><em>oppansis</em></strong></span> <span class='ocrx_word' id='word_1_244' title='bbox 1861 3614 2118 3679; x_wconf 88' lang='lat' dir='ltr'><strong><em>protege-</em></strong></span> 
     </span>
    </p>
   </div>
   <div class='ocr_carea' id='block_1_39' title="bbox 480 3695 2114 3773">
    <p class='ocr_par' dir='ltr' id='par_1_39' title="bbox 480 3695 2114 3773">
     <span class='ocr_line' id='line_1_40' title="bbox 480 3695 2114 3773; baseline -0.002 -18"><span class='ocrx_word' id='word_1_245' title='bbox 480 3703 690 3756; x_wconf 87' lang='lat' dir='ltr'><strong><em>bantur</em></strong></span> <span class='ocrx_word' id='word_1_246' title='bbox 717 3718 751 3755; x_wconf 89' lang='lat' dir='ltr'><strong><em>a</em></strong></span> <span class='ocrx_word' id='word_1_247' title='bbox 770 3700 972 3773; x_wconf 90' lang='lat' dir='ltr'><strong><em>populi</em></strong></span> <span class='ocrx_word' id='word_1_248' title='bbox 994 3703 1254 3770; x_wconf 89' lang='lat' dir='ltr'><strong><em>aspectu.</em></strong></span> <span class='ocrx_word' id='word_1_249' title='bbox 1280 3695 1571 3769; x_wconf 82' lang='grc' dir='ltr'>Βηλόθυρα</span> <span class='ocrx_word' id='word_1_250' title='bbox 1591 3698 1681 3751; x_wconf 90' lang='lat' dir='ltr'><strong><em>his</em></strong></span> <span class='ocrx_word' id='word_1_251' title='bbox 1705 3713 1971 3761; x_wconf 82' lang='lat' dir='ltr'><strong><em>uomens,</em></strong></span> <span class='ocrx_word' id='word_1_252' title='bbox 1999 3713 2114 3767; x_wconf 93' lang='lat' dir='ltr'><strong><em>quo</em></strong></span> 
     </span>
    </p>
   </div>
   <div class='ocr_carea' id='block_1_40' title="bbox 480 3785 2115 3844">
    <p class='ocr_par' dir='ltr' id='par_1_40' title="bbox 480 3785 2115 3844">
     <span class='ocr_line' id='line_1_41' title="bbox 480 3785 2115 3844; baseline -0.002 -2"><span class='ocrx_word' id='word_1_253' title='bbox 480 3806 594 3844; x_wconf 91' lang='lat' dir='ltr'><strong><em>non</em></strong></span> <span class='ocrx_word' id='word_1_254' title='bbox 619 3793 846 3843; x_wconf 89' lang='lat' dir='ltr'><strong><em>tantum</em></strong></span> <span class='ocrx_word' id='word_1_255' title='bbox 869 3788 1125 3843; x_wconf 87' lang='lat' dir='ltr'><strong><em>Codinus</em></strong></span> <span class='ocrx_word' id='word_1_256' title='bbox 1145 3793 1234 3842; x_wconf 89' lang='lat' dir='ltr'><strong><em>est</em></strong></span> <span class='ocrx_word' id='word_1_257' title='bbox 1256 3803 1419 3843; x_wconf 81' lang='lat' dir='ltr'><strong><em>usus,</em></strong></span> <span class='ocrx_word' id='word_1_258' title='bbox 1446 3786 1547 3841; x_wconf 89' lang='lat' dir='ltr'><strong><em>sed</em></strong></span> <span class='ocrx_word' id='word_1_259' title='bbox 1570 3785 1745 3840; x_wconf 89' lang='lat' dir='ltr'><strong><em>etiam</em></strong></span> <span class='ocrx_word' id='word_1_260' title='bbox 1767 3788 2115 3839; x_wconf 71' lang='lat' dir='ltr'><strong><em>Anastasnus</em></strong></span> 
     </span>
    </p>
   </div>
   <div class='ocr_carea' id='block_1_41' title="bbox 479 3873 2113 3946">
    <p class='ocr_par' dir='ltr' id='par_1_41' title="bbox 479 3873 2113 3946">
     <span class='ocr_line' id='line_1_42' title="bbox 479 3873 2113 3946; baseline -0.003 -15"><span class='ocrx_word' id='word_1_261' title='bbox 479 3877 959 3932; x_wconf 88' lang='lat' dir='ltr'><strong><em>Bibliothecarius</em></strong></span> <span class='ocrx_word' id='word_1_262' title='bbox 989 3876 1048 3929; x_wconf 90' lang='lat' dir='ltr'><strong><em>in</em></strong></span> <span class='ocrx_word' id='word_1_263' title='bbox 1079 3874 1390 3946; x_wconf 88' lang='lat' dir='ltr'><strong><em>Stephano,</em></strong></span> <span class='ocrx_word' id='word_1_264' title='bbox 1423 3873 1516 3928; x_wconf 89' lang='lat' dir='ltr'><strong><em>bis</em></strong></span> <span class='ocrx_word' id='word_1_265' title='bbox 1538 3874 1765 3927; x_wconf 86' lang='lat' dir='ltr'><strong><em>verbis:</em></strong></span> <span class='ocrx_word' id='word_1_266' title='bbox 1799 3875 1948 3928; x_wconf 76' lang='lat' dir='ltr'><strong><em>Fecit</em></strong></span> <span class='ocrx_word' id='word_1_267' title='bbox 1971 3876 2024 3927; x_wconf 85' lang='lat' dir='ltr'><strong><em>et</em></strong></span> <span class='ocrx_word' id='word_1_268' title='bbox 2054 3875 2113 3927; x_wconf 86' lang='lat' dir='ltr'><strong><em>in</em></strong></span> 
     </span>
    </p>
   </div>
   <div class='ocr_carea' id='block_1_42' title="bbox 474 3961 2114 4034">
    <p class='ocr_par' dir='ltr' id='par_1_42' title="bbox 474 3961 2114 4034">
     <span class='ocr_line' id='line_1_43' title="bbox 474 3961 2114 4034; baseline -0.002 -14"><span class='ocrx_word' id='word_1_269' title='bbox 474 3966 666 4021; x_wconf 86' lang='lat' dir='ltr'><strong><em>eadem</em></strong></span> <span class='ocrx_word' id='word_1_270' title='bbox 714 3965 943 4020; x_wconf 83' lang='lat' dir='ltr'><strong><em>basilica</em></strong></span> <span class='ocrx_word' id='word_1_271' title='bbox 991 3965 1193 4034; x_wconf 82' lang='lat' dir='ltr'><strong><em>egregii</em></strong></span> <span class='ocrx_word' id='word_1_272' title='bbox 1245 3963 1475 4018; x_wconf 84' lang='lat' dir='ltr'><strong><em>doctoris</em></strong></span> <span class='ocrx_word' id='word_1_273' title='bbox 1539 3962 1783 4031; x_wconf 87' lang='lat' dir='ltr'><strong><em>gentium</em></strong></span> <span class='ocrx_word' id='word_1_274' title='bbox 1829 3961 2114 4032; x_wconf 85' lang='lat' dir='ltr'><strong><em>velothyra</em></strong></span> 
     </span>
    </p>
   </div>
   <div class='ocr_carea' id='block_1_43' title="bbox 471 4050 2113 4127">
    <p class='ocr_par' dir='ltr' id='par_1_43' title="bbox 471 4050 2113 4127">
     <span class='ocr_line' id='line_1_44' title="bbox 471 4050 2113 4127; baseline -0.002 -19"><span class='ocrx_word' id='word_1_275' title='bbox 471 4060 728 4127; x_wconf 68' lang='lat' dir='ltr'><strong><em>quatuor,</em></strong></span> <span class='ocrx_word' id='word_1_276' title='bbox 768 4070 838 4108; x_wconf 72' lang='lat' dir='ltr'><strong><em>ex</em></strong></span> <span class='ocrx_word' id='word_1_277' title='bbox 866 4053 1062 4123; x_wconf 80' lang='lat' dir='ltr'><strong><em>quibus</em></strong></span> <span class='ocrx_word' id='word_1_278' title='bbox 1092 4068 1262 4105; x_wconf 86' lang='lat' dir='ltr'><strong><em>unum</em></strong></span> <span class='ocrx_word' id='word_1_279' title='bbox 1306 4066 1442 4105; x_wconf 84' lang='lat' dir='ltr'><strong><em>auro</em></strong></span> <span class='ocrx_word' id='word_1_280' title='bbox 1475 4057 1708 4103; x_wconf 63' lang='lat' dir='ltr'><strong><em>textum.</em></strong></span> <span class='ocrx_word' id='word_1_281' title='bbox 1744 4050 1922 4104; x_wconf 86' lang='lat' dir='ltr'><strong><em>Paulo</em></strong></span> <span class='ocrx_word' id='word_1_282' title='bbox 1982 4054 2113 4120; x_wconf 90' lang='lat' dir='ltr'><strong><em>post</em></strong></span> 
     </span>
    </p>
   </div>
   <div class='ocr_carea' id='block_1_44' title="bbox 473 4137 2108 4213">
    <p class='ocr_par' dir='ltr' id='par_1_44' title="bbox 473 4137 2108 4213">
     <span class='ocr_line' id='line_1_45' title="bbox 473 4137 2108 4213; baseline -0.001 -18"><span class='ocrx_word' id='word_1_283' title='bbox 473 4142 912 4213; x_wconf 83' lang='lat' dir='ltr'><strong><em>velothyrorum</em></strong></span> <span class='ocrx_word' id='word_1_284' title='bbox 953 4156 1126 4195; x_wconf 90' lang='lat' dir='ltr'><strong><em>usum</em></strong></span> <span class='ocrx_word' id='word_1_285' title='bbox 1195 4137 1428 4207; x_wconf 91' lang='lat' dir='ltr'><strong><em>qualem</em></strong></span> <span class='ocrx_word' id='word_1_286' title='bbox 1463 4138 1715 4191; x_wconf 87' lang='lat' dir='ltr'><strong><em>dicimus</em></strong></span> <span class='ocrx_word' id='word_1_287' title='bbox 1772 4138 2108 4193; x_wconf 86' lang='lat' dir='ltr'><strong><em>distinctius</em></strong></span> 
     </span>
    </p>
   </div>
   <div class='ocr_carea' id='block_1_45' title="bbox 468 4224 2107 4297">
    <p class='ocr_par' dir='ltr' id='par_1_45' title="bbox 468 4224 2107 4297">
     <span class='ocr_line' id='line_1_46' title="bbox 468 4224 2107 4297; baseline -0.001 -14"><span class='ocrx_word' id='word_1_288' title='bbox 468 4229 758 4297; x_wconf 88' lang='lat' dir='ltr'><strong><em>indicans,</em></strong></span> <span class='ocrx_word' id='word_1_289' title='bbox 791 4234 871 4283; x_wconf 77' lang='lat' dir='ltr'><strong><em>ait</em></strong></span> <span class='ocrx_word' id='word_1_290' title='bbox 894 4226 1361 4297; x_wconf 86' lang='lat' dir='ltr'><strong><em>dataapontilice</em></strong></span> <span class='ocrx_word' id='word_1_291' title='bbox 1388 4226 1590 4279; x_wconf 87' lang='lat' dir='ltr'><strong><em>eodem</em></strong></span> <span class='ocrx_word' id='word_1_292' title='bbox 1613 4224 1903 4295; x_wconf 85' lang='lat' dir='ltr'><strong><em>velothyra</em></strong></span> <span class='ocrx_word' id='word_1_293' title='bbox 1930 4228 2107 4281; x_wconf 80' lang='lat' dir='ltr'><strong><em>serica</em></strong></span> 
     </span>
    </p>
   </div>
   <div class='ocr_carea' id='block_1_46' title="bbox 463 4315 2107 4385">
    <p class='ocr_par' dir='ltr' id='par_1_46' title="bbox 463 4315 2107 4385">
     <span class='ocr_line' id='line_1_47' title="bbox 463 4315 2107 4385; baseline -0.003 -11"><span class='ocrx_word' id='word_1_294' title='bbox 463 4321 581 4375; x_wconf 82' lang='lat' dir='ltr'><strong><em>tria</em></strong></span> <span class='ocrx_word' id='word_1_295' title='bbox 611 4322 672 4374; x_wconf 86' lang='lat' dir='ltr'><strong><em>in</em></strong></span> <span class='ocrx_word' id='word_1_296' title='bbox 698 4317 939 4374; x_wconf 80' lang='lat' dir='ltr'><strong><em>circuitu</em></strong></span> <span class='ocrx_word' id='word_1_297' title='bbox 969 4316 1189 4380; x_wconf 85' lang='lat' dir='ltr'><strong><em>altaris,</em></strong></span> <span class='ocrx_word' id='word_1_298' title='bbox 1220 4315 1328 4369; x_wconf 90' lang='lat' dir='ltr'><strong><em>hoc</em></strong></span> <span class='ocrx_word' id='word_1_299' title='bbox 1357 4319 1465 4383; x_wconf 88' lang='lat' dir='ltr'><strong><em>est,</em></strong></span> <span class='ocrx_word' id='word_1_300' title='bbox 1526 4319 1587 4368; x_wconf 90' lang='lat' dir='ltr'><strong><em>ut</em></strong></span> <span class='ocrx_word' id='word_1_301' title='bbox 1618 4321 1877 4385; x_wconf 87' lang='lat' dir='ltr'><strong><em>apparet,</em></strong></span> <span class='ocrx_word' id='word_1_302' title='bbox 1918 4316 2107 4370; x_wconf 86' lang='lat' dir='ltr'><strong><em>inten-</em></strong></span> 
     </span>
    </p>
   </div>
   <div class='ocr_carea' id='block_1_47' title="bbox 462 4402 2092 4477">
    <p class='ocr_par' dir='ltr' id='par_1_47' title="bbox 462 4402 2092 4477">
     <span class='ocr_line' id='line_1_48' title="bbox 462 4402 2092 4477; baseline -0.002 -15"><span class='ocrx_word' id='word_1_303' title='bbox 462 4409 654 4463; x_wconf 87' lang='lat' dir='ltr'><strong><em>denda</em></strong></span> <span class='ocrx_word' id='word_1_304' title='bbox 684 4409 929 4477; x_wconf 77' lang='lat' dir='ltr'><strong><em>tegendo</em></strong></span> <span class='ocrx_word' id='word_1_305' title='bbox 962 4406 1032 4460; x_wconf 90' lang='lat' dir='ltr'><strong><em>ab</em></strong></span> <span class='ocrx_word' id='word_1_306' title='bbox 1066 4403 1251 4458; x_wconf 89' lang='lat' dir='ltr'><strong><em>oculis</em></strong></span> <span class='ocrx_word' id='word_1_307' title='bbox 1281 4402 1478 4473; x_wconf 87' lang='lat' dir='ltr'><strong><em>populi</em></strong></span> <span class='ocrx_word' id='word_1_308' title='bbox 1503 4403 1878 4473; x_wconf 80' lang='lat' dir='ltr'><strong><em>presbyterio,</em></strong></span> <span class='ocrx_word' id='word_1_309' title='bbox 1939 4405 2092 4474; x_wconf 91' lang='lat' dir='ltr'><strong><em>quod</em></strong></span> 
     </span>
    </p>
   </div>
   <div class='ocr_carea' id='block_1_48' title="bbox 460 4490 2092 4551">
    <p class='ocr_par' dir='ltr' id='par_1_48' title="bbox 460 4490 2092 4551">
     <span class='ocr_line' id='line_1_49' title="bbox 460 4490 2092 4551; baseline -0.003 0"><span class='ocrx_word' id='word_1_310' title='bbox 460 4504 519 4551; x_wconf 85' lang='lat' dir='ltr'><strong><em>et</em></strong></span> <span class='ocrx_word' id='word_1_311' title='bbox 548 4495 609 4550; x_wconf 90' lang='lat' dir='ltr'><strong><em>in</em></strong></span> <span class='ocrx_word' id='word_1_312' title='bbox 639 4497 840 4550; x_wconf 87' lang='lat' dir='ltr'><strong><em>Latino</em></strong></span> <span class='ocrx_word' id='word_1_313' title='bbox 880 4494 995 4548; x_wconf 88' lang='lat' dir='ltr'><strong><em>ritu</em></strong></span> <span class='ocrx_word' id='word_1_314' title='bbox 1023 4499 1146 4548; x_wconf 86' lang='lat' dir='ltr'><strong><em>erat</em></strong></span> <span class='ocrx_word' id='word_1_315' title='bbox 1173 4491 1393 4546; x_wconf 87' lang='lat' dir='ltr'><strong><em>circum</em></strong></span> <span class='ocrx_word' id='word_1_316' title='bbox 1427 4490 1628 4545; x_wconf 88' lang='lat' dir='ltr'><strong><em>altare.</em></strong></span> <span class='ocrx_word' id='word_1_317' title='bbox 1654 4490 1915 4546; x_wconf 81' lang='lat' dir='ltr'><strong><em>Illustrat</em></strong></span> <span class='ocrx_word' id='word_1_318' title='bbox 1971 4493 2092 4547; x_wconf 71' lang='lat' dir='ltr'><strong><em>haec</em></strong></span> 
     </span>
    </p>
   </div>
   <div class='ocr_carea' id='block_1_49' title="bbox 457 4580 2092 4650">
    <p class='ocr_par' dir='ltr' id='par_1_49' title="bbox 457 4580 2092 4650">
     <span class='ocr_line' id='line_1_50' title="bbox 457 4580 2092 4650; baseline -0.002 -11"><span class='ocrx_word' id='word_1_319' title='bbox 457 4584 654 4639; x_wconf 87' lang='lat' dir='ltr'><strong><em>omnia</em></strong></span> <span class='ocrx_word' id='word_1_320' title='bbox 686 4585 744 4639; x_wconf 91' lang='lat' dir='ltr'><strong><em>S.</em></strong></span> <span class='ocrx_word' id='word_1_321' title='bbox 780 4582 1050 4638; x_wconf 86' lang='lat' dir='ltr'><strong><em>Germani</em></strong></span> <span class='ocrx_word' id='word_1_322' title='bbox 1074 4580 1236 4635; x_wconf 89' lang='lat' dir='ltr'><strong><em>locus</em></strong></span> <span class='ocrx_word' id='word_1_323' title='bbox 1268 4580 1326 4634; x_wconf 93' lang='lat' dir='ltr'><strong><em>in</em></strong></span> <span class='ocrx_word' id='word_1_324' title='bbox 1351 4580 1728 4650; x_wconf 79' lang='lat' dir='ltr'><strong><em>Mystagogia,</em></strong></span> <span class='ocrx_word' id='word_1_325' title='bbox 1761 4596 1933 4649; x_wconf 88' lang='lat' dir='ltr'><strong><em>quem</em></strong></span> <span class='ocrx_word' id='word_1_326' title='bbox 1965 4581 2092 4636; x_wconf 86' lang='lat' dir='ltr'><strong><em>ideo</em></strong></span> 
     </span>
    </p>
   </div>
   <div class='ocr_carea' id='block_1_50' title="bbox 457 4663 2093 4741">
    <p class='ocr_par' dir='ltr' id='par_1_50' title="bbox 457 4663 2093 4741">
     <span class='ocr_line' id='line_1_51' title="bbox 457 4663 2093 4741; baseline -0.004 -14"><span class='ocrx_word' id='word_1_327' title='bbox 457 4672 836 4727; x_wconf 83' lang='lat' dir='ltr'><strong><em>describant:</em></strong></span> <span class='ocrx_word' id='word_1_328' title='bbox 875 4668 1067 4724; x_wconf 87' lang='grc' dir='ltr'>Κιόνια</span> <span class='ocrx_word' id='word_1_329' title='bbox 1122 4664 1247 4735; x_wconf 71' lang='grc' dir='ltr'>ἤτοι</span> <span class='ocrx_word' id='word_1_330' title='bbox 1311 4665 1379 4719; x_wconf 82' lang='grc' dir='ltr'>τὰ</span> <span class='ocrx_word' id='word_1_331' title='bbox 1439 4667 1636 4735; x_wconf 83' lang='grc' dir='ltr'>στήθεα</span> <span class='ocrx_word' id='word_1_332' title='bbox 1691 4663 2093 4741; x_wconf 83' lang='grc' dir='ltr'>διαχωρίζοντα</span> 
     </span>
    </p>
   </div>
   <div class='ocr_carea' id='block_1_51' title="bbox 453 4754 2091 4833">
    <p class='ocr_par' dir='ltr' id='par_1_51' title="bbox 453 4754 2091 4833">
     <span class='ocr_line' id='line_1_52' title="bbox 453 4754 2091 4833; baseline 0 -21"><span class='ocrx_word' id='word_1_333' title='bbox 453 4759 516 4813; x_wconf 90' lang='grc' dir='ltr'>τὸ</span> <span class='ocrx_word' id='word_1_334' title='bbox 572 4760 725 4833; x_wconf 85' lang='grc' dir='ltr'>βῆμα</span> <span class='ocrx_word' id='word_1_335' title='bbox 781 4757 888 4815; x_wconf 78' lang='grc' dir='ltr'>ἀπὸ</span> <span class='ocrx_word' id='word_1_336' title='bbox 933 4756 1132 4813; x_wconf 92' lang='grc' dir='ltr'>λοιποῦ</span> <span class='ocrx_word' id='word_1_337' title='bbox 1188 4759 1340 4825; x_wconf 83' lang='grc' dir='ltr'>ναοῦ,</span> <span class='ocrx_word' id='word_1_338' title='bbox 1386 4755 1477 4809; x_wconf 86' lang='grc' dir='ltr'><strong><em>καὶ</em></strong></span> <span class='ocrx_word' id='word_1_339' title='bbox 1508 4754 1788 4829; x_wconf 82' lang='grc' dir='ltr'>κάγκελλά</span> <span class='ocrx_word' id='word_1_340' title='bbox 1834 4755 1935 4811; x_wconf 82' lang='grc' dir='ltr'>εῐσι</span> <span class='ocrx_word' id='word_1_341' title='bbox 1991 4765 2091 4827; x_wconf 79' lang='grc' dir='ltr'><strong><em>τῆς</em></strong></span> 
     </span>
    </p>
   </div>
   <div class='ocr_carea' id='block_1_52' title="bbox 451 4840 2086 4921">
    <p class='ocr_par' dir='ltr' id='par_1_52' title="bbox 451 4840 2086 4921">
     <span class='ocr_line' id='line_1_53' title="bbox 451 4840 2086 4921; baseline 0.001 -22"><span class='ocrx_word' id='word_1_342' title='bbox 451 4853 766 4921; x_wconf 84' lang='grc' dir='ltr'><strong><em>προσευχῆς</em></strong></span> <span class='ocrx_word' id='word_1_343' title='bbox 815 4845 987 4900; x_wconf 87' lang='grc' dir='ltr'>τόπον</span> <span class='ocrx_word' id='word_1_344' title='bbox 1036 4847 1186 4901; x_wconf 72' lang='lat'><strong><em>609</em></strong></span> <span class='ocrx_word' id='word_1_345' title='bbox 1249 4840 1538 4912; x_wconf 73' lang='grc' dir='ltr'>δηλοῦντα,</span> <span class='ocrx_word' id='word_1_346' title='bbox 1588 4843 1640 4898; x_wconf 76' lang='grc' dir='ltr'>ἰν</span> <span class='ocrx_word' id='word_1_347' title='bbox 1700 4847 1782 4906; x_wconf 84' lang='grc' dir='ltr'>οἷς</span> <span class='ocrx_word' id='word_1_348' title='bbox 1837 4845 2086 4918; x_wconf 81' lang='grc' dir='ltr'><strong><em>σημαίνει</em></strong></span> 
     </span>
    </p>
   </div>
   <div class='ocr_carea' id='block_1_53' title="bbox 446 4925 2087 5004">
    <p class='ocr_par' dir='ltr' id='par_1_53' title="bbox 446 4925 2087 5004">
     <span class='ocr_line' id='line_1_54' title="bbox 446 4925 2087 5004; baseline 0 -17"><span class='ocrx_word' id='word_1_349' title='bbox 446 4935 550 5002; x_wconf 75' lang='grc' dir='ltr'>τὴν</span> <span class='ocrx_word' id='word_1_350' title='bbox 585 4934 679 5004; x_wconf 74' lang='grc' dir='ltr'>μὶν</span> <span class='ocrx_word' id='word_1_351' title='bbox 729 4928 920 5002; x_wconf 73' lang='grc' dir='ltr'>ἔξωθεν</span> <span class='ocrx_word' id='word_1_352' title='bbox 974 4935 1071 4986; x_wconf 90' lang='grc' dir='ltr'><strong><em>τοῦ</em></strong></span> <span class='ocrx_word' id='word_1_353' title='bbox 1132 4927 1268 4984; x_wconf 82' lang='grc' dir='ltr'>λαοῦ</span> <span class='ocrx_word' id='word_1_354' title='bbox 1315 4925 1554 4995; x_wconf 73' lang='grc' dir='ltr'>εἴσοδον,</span> <span class='ocrx_word' id='word_1_355' title='bbox 1578 4930 1677 4997; x_wconf 78' lang='grc' dir='ltr'>τὴν</span> <span class='ocrx_word' id='word_1_356' title='bbox 1712 4927 1768 4983; x_wconf 72' lang='grc' dir='ltr'>δὲ</span> <span class='ocrx_word' id='word_1_357' title='bbox 1797 4928 1988 4986; x_wconf 81' lang='grc' dir='ltr'>ἔσωθεν</span> <span class='ocrx_word' id='word_1_358' title='bbox 2020 4934 2087 4987; x_wconf 82' lang='grc' dir='ltr'><strong><em>τὰ</em></strong></span> 
     </span>
    </p>
   </div>
   <div class='ocr_carea' id='block_1_54' title="bbox 444 5015 2080 5096">
    <p class='ocr_par' dir='ltr' id='par_1_54' title="bbox 444 5015 2080 5096">
     <span class='ocr_line' id='line_1_55' title="bbox 444 5015 2080 5096; baseline -0.001 -20"><span class='ocrx_word' id='word_1_359' title='bbox 444 5023 610 5095; x_wconf 77' lang='grc' dir='ltr'>Ἀγια</span> <span class='ocrx_word' id='word_1_360' title='bbox 637 5025 745 5075; x_wconf 81' lang='grc' dir='ltr'><strong><em>τῶν</em></strong></span> <span class='ocrx_word' id='word_1_361' title='bbox 789 5021 954 5096; x_wconf 82' lang='grc' dir='ltr'>ἁγίων</span> <span class='ocrx_word' id='word_1_362' title='bbox 991 5019 1336 5095; x_wconf 77' lang='grc' dir='ltr'>ὑπάρχουσαν</span> <span class='ocrx_word' id='word_1_363' title='bbox 1386 5015 1477 5070; x_wconf 86' lang='grc' dir='ltr'><strong><em>καὶ</em></strong></span> <span class='ocrx_word' id='word_1_364' title='bbox 1523 5016 1709 5088; x_wconf 87' lang='grc' dir='ltr'>μόνοις</span> <span class='ocrx_word' id='word_1_365' title='bbox 1753 5024 1870 5080; x_wconf 81' lang='grc' dir='ltr'>τοῖς</span> <span class='ocrx_word' id='word_1_366' title='bbox 1907 5020 2080 5093; x_wconf 71' lang='grc' dir='ltr'>ἱερεύ-</span> 
     </span>
    </p>
   </div>
   <div class='ocr_carea' id='block_1_55' title="bbox 444 5103 2079 5177">
    <p class='ocr_par' dir='ltr' id='par_1_55' title="bbox 444 5103 2079 5177">
     <span class='ocr_line' id='line_1_56' title="bbox 444 5103 2079 5177; baseline 0.001 -15"><span class='ocrx_word' id='word_1_367' title='bbox 444 5129 525 5163; x_wconf 91' lang='grc' dir='ltr'><strong><em>σιν</em></strong></span> <span class='ocrx_word' id='word_1_368' title='bbox 559 5107 718 5163; x_wconf 71' lang='grc' dir='ltr'>οὖσαν</span> <span class='ocrx_word' id='word_1_369' title='bbox 763 5103 1040 5163; x_wconf 77' lang='grc' dir='ltr'>ἐπιϐατόν·</span> <span class='ocrx_word' id='word_1_370' title='bbox 1095 5107 1412 5163; x_wconf 57' lang='lat' dir='ltr'><strong><em>Columella</em></strong></span> <span class='ocrx_word' id='word_1_371' title='bbox 1467 5108 1581 5160; x_wconf 87' lang='lat' dir='ltr'><strong><em>sive</em></strong></span> <span class='ocrx_word' id='word_1_372' title='bbox 1630 5107 1875 5161; x_wconf 81' lang='lat' dir='ltr'><strong><em>thoraces</em></strong></span> <span class='ocrx_word' id='word_1_373' title='bbox 1923 5124 2079 5177; x_wconf 79' lang='lat' dir='ltr'><strong><em>sepa-</em></strong></span> 
     </span>
    </p>
   </div>
   <div class='ocr_carea' id='block_1_56' title="bbox 437 5195 2076 5267">
    <p class='ocr_par' dir='ltr' id='par_1_56' title="bbox 437 5195 2076 5267">
     <span class='ocr_line' id='line_1_57' title="bbox 437 5195 2076 5267; baseline -0.001 -15"><span class='ocrx_word' id='word_1_374' title='bbox 437 5205 622 5254; x_wconf 87' lang='lat' dir='ltr'><strong><em>rantes</em></strong></span> <span class='ocrx_word' id='word_1_375' title='bbox 639 5200 867 5254; x_wconf 79' lang='lat' dir='ltr'><strong><em>attarea</em></strong></span> <span class='ocrx_word' id='word_1_376' title='bbox 891 5200 1101 5267; x_wconf 86' lang='lat' dir='ltr'><strong><em>reliquo</em></strong></span> <span class='ocrx_word' id='word_1_377' title='bbox 1132 5195 1353 5265; x_wconf 84' lang='lat' dir='ltr'><strong><em>tempto,</em></strong></span> <span class='ocrx_word' id='word_1_378' title='bbox 1377 5205 1428 5249; x_wconf 91' lang='lat' dir='ltr'><strong><em>et</em></strong></span> <span class='ocrx_word' id='word_1_379' title='bbox 1455 5195 1688 5248; x_wconf 78' lang='lat' dir='ltr'><strong><em>cancelli</em></strong></span> <span class='ocrx_word' id='word_1_380' title='bbox 1745 5196 1919 5250; x_wconf 69' lang='lat' dir='ltr'><strong><em>totum</em></strong></span> <span class='ocrx_word' id='word_1_381' title='bbox 1947 5214 2076 5252; x_wconf 84' lang='lat' dir='ltr'><strong><em>ora-</em></strong></span> 
     </span>
    </p>
   </div>
   <div class='ocr_carea' id='block_1_57' title="bbox 430 5283 2076 5354">
    <p class='ocr_par' dir='ltr' id='par_1_57' title="bbox 430 5283 2076 5354">
     <span class='ocr_line' id='line_1_58' title="bbox 430 5283 2076 5354; baseline -0.001 -12"><span class='ocrx_word' id='word_1_382' title='bbox 430 5289 600 5342; x_wconf 81' lang='lat' dir='ltr'><strong><em>tionis</em></strong></span> <span class='ocrx_word' id='word_1_383' title='bbox 624 5289 990 5354; x_wconf 75' lang='lat' dir='ltr'><strong><em>manifestam</em></strong></span> <span class='ocrx_word' id='word_1_384' title='bbox 1020 5290 1075 5339; x_wconf 88' lang='lat' dir='ltr'><strong><em>et</em></strong></span> <span class='ocrx_word' id='word_1_385' title='bbox 1103 5283 1329 5350; x_wconf 79' lang='lat' dir='ltr'><strong><em>signant</em></strong></span> <span class='ocrx_word' id='word_1_386' title='bbox 1384 5298 1660 5351; x_wconf 83' lang='lat' dir='ltr'><strong><em>quousque</em></strong></span> <span class='ocrx_word' id='word_1_387' title='bbox 1715 5288 1958 5339; x_wconf 71' lang='lat' dir='ltr'><strong><em>extertus</em></strong></span> <span class='ocrx_word' id='word_1_388' title='bbox 1990 5289 2076 5340; x_wconf 85' lang='lat' dir='ltr'><strong><em>in-</em></strong></span> 
     </span>
    </p>
   </div>
   <div class='ocr_carea' id='block_1_58' title="bbox 432 5370 2074 5445">
    <p class='ocr_par' dir='ltr' id='par_1_58' title="bbox 432 5370 2074 5445">
     <span class='ocr_line' id='line_1_59' title="bbox 432 5370 2074 5445; baseline 0.002 -19"><span class='ocrx_word' id='word_1_389' title='bbox 432 5376 592 5444; x_wconf 81' lang='lat' dir='ltr'><strong><em>gredi</em></strong></span> <span class='ocrx_word' id='word_1_390' title='bbox 615 5375 849 5445; x_wconf 84' lang='lat' dir='ltr'><strong><em>populus</em></strong></span> <span class='ocrx_word' id='word_1_391' title='bbox 906 5375 1095 5442; x_wconf 78' lang='lat' dir='ltr'><strong><em>possit,</em></strong></span> <span class='ocrx_word' id='word_1_392' title='bbox 1128 5387 1192 5425; x_wconf 87' lang='lat' dir='ltr'><strong><em>ac</em></strong></span> <span class='ocrx_word' id='word_1_393' title='bbox 1245 5370 1387 5439; x_wconf 82' lang='lat' dir='ltr'><strong><em>quod</em></strong></span> <span class='ocrx_word' id='word_1_394' title='bbox 1434 5371 1673 5429; x_wconf 80' lang='lat' dir='ltr'><strong><em>interius</em></strong></span> <span class='ocrx_word' id='word_1_395' title='bbox 1729 5381 1826 5439; x_wconf 86' lang='lat' dir='ltr'><strong><em>est,</em></strong></span> <span class='ocrx_word' id='word_1_396' title='bbox 1877 5372 2074 5430; x_wconf 81' lang='lat' dir='ltr'><strong><em>Sancta</em></strong></span> 
     </span>
    </p>
   </div>
   <div class='ocr_carea' id='block_1_59' title="bbox 432 5456 2069 5526">
    <p class='ocr_par' dir='ltr' id='par_1_59' title="bbox 432 5456 2069 5526">
     <span class='ocr_line' id='line_1_60' title="bbox 432 5456 2069 5526; baseline 0.002 -10"><span class='ocrx_word' id='word_1_397' title='bbox 432 5466 747 5517; x_wconf 87' lang='lat' dir='ltr'><strong><em>sanctorum</em></strong></span> <span class='ocrx_word' id='word_1_398' title='bbox 777 5476 908 5526; x_wconf 82' lang='lat' dir='ltr'><strong><em>esse,</em></strong></span> <span class='ocrx_word' id='word_1_399' title='bbox 960 5461 1140 5515; x_wconf 80' lang='lat' dir='ltr'><strong><em>locum</em></strong></span> <span class='ocrx_word' id='word_1_400' title='bbox 1198 5456 1332 5513; x_wconf 86' lang='lat' dir='ltr'><strong><em>solis</em></strong></span> <span class='ocrx_word' id='word_1_401' title='bbox 1389 5472 1630 5512; x_wconf 78' lang='lat' dir='ltr'><strong><em>servium</em></strong></span> <span class='ocrx_word' id='word_1_402' title='bbox 1683 5461 2069 5519; x_wconf 78' lang='lat' dir='ltr'><strong><em>sacerdotibus.</em></strong></span> 
     </span>
    </p>
   </div>
   <div class='ocr_carea' id='block_1_60' title="bbox 437 5546 2069 5648">
    <p class='ocr_par' dir='ltr' id='par_1_60' title="bbox 437 5546 2069 5648">
     <span class='ocr_line' id='line_1_61' title="bbox 437 5546 2069 5648; baseline 0.001 -45"><span class='ocrx_word' id='word_1_403' title='bbox 437 5565 502 5648; x_wconf 88' lang='lat' dir='ltr'><strong><em>ln</em></strong></span> <span class='ocrx_word' id='word_1_404' title='bbox 534 5548 625 5604; x_wconf 84' lang='lat' dir='ltr'><strong><em>his</em></strong></span> <span class='ocrx_word' id='word_1_405' title='bbox 662 5550 855 5605; x_wconf 82' lang='lat' dir='ltr'><strong><em>verbis</em></strong></span> <span class='ocrx_word' id='word_1_406' title='bbox 887 5548 1073 5604; x_wconf 89' lang='lat' dir='ltr'><strong><em>notari</em></strong></span> <span class='ocrx_word' id='word_1_407' title='bbox 1128 5546 1301 5603; x_wconf 84' lang='lat' dir='ltr'><strong><em>velim</em></strong></span> <span class='ocrx_word' id='word_1_408' title='bbox 1357 5559 1527 5599; x_wconf 88' lang='lat' dir='ltr'><strong><em>voces</em></strong></span> <span class='ocrx_word' id='word_1_409' title='bbox 1585 5546 1714 5602; x_wconf 86' lang='lat' dir='ltr'><strong><em>lilas</em></strong></span> <span class='ocrx_word' id='word_1_410' title='bbox 1769 5549 1924 5604; x_wconf 86' lang='grc' dir='ltr'>κιόνα</span> <span class='ocrx_word' id='word_1_411' title='bbox 1979 5550 2069 5604; x_wconf 84' lang='grc' dir='ltr'><strong><em>καὶ</em></strong></span> 
     </span>
    </p>
   </div>
   <div class='ocr_carea' id='block_1_61' title="bbox 2265 488 3808 583">
    <p class='ocr_par' dir='ltr' id='par_1_61' title="bbox 2265 488 3808 583">
     <span class='ocr_line' id='line_1_62' title="bbox 2265 488 3808 583; baseline 0.012 -37"><span class='ocrx_word' id='word_1_412' title='bbox 2265 488 2570 570; x_wconf 76' lang='grc' dir='ltr'>δρυφάκτου</span> <span class='ocrx_word' id='word_1_413' title='bbox 2600 494 2635 563; x_wconf 73' lang='grc' dir='ltr'>ἢ</span> <span class='ocrx_word' id='word_1_414' title='bbox 2670 492 2888 549; x_wconf 77' lang='grc' dir='ltr'>δικτύου</span> <span class='ocrx_word' id='word_1_415' title='bbox 2919 498 3218 554; x_wconf 80' lang='lat' dir='ltr'><strong><em>cancellali</em></strong></span> <span class='ocrx_word' id='word_1_416' title='bbox 3242 498 3380 570; x_wconf 87' lang='lat' dir='ltr'><strong><em>septi</em></strong></span> <span class='ocrx_word' id='word_1_417' title='bbox 3398 504 3657 563; x_wconf 82' lang='lat' dir='ltr'><strong><em>reticulata</em></strong></span> <span class='ocrx_word' id='word_1_418' title='bbox 3685 527 3808 583; x_wconf 77' lang='lat' dir='ltr'><strong><em>opere</em></strong></span> 
     </span>
    </p>
   </div>
   <div class='ocr_carea' id='block_1_62' title="bbox 2255 582 3809 667">
    <p class='ocr_par' dir='ltr' id='par_1_62' title="bbox 2255 582 3809 667">
     <span class='ocr_line' id='line_1_63' title="bbox 2255 582 3809 667; baseline 0.007 -31"><span class='ocrx_word' id='word_1_419' title='bbox 2255 582 2482 650; x_wconf 84' lang='lat' dir='ltr'><strong><em>hiantis,</em></strong></span> <span class='ocrx_word' id='word_1_420' title='bbox 2503 585 2668 640; x_wconf 90' lang='lat' dir='ltr'><strong><em>rimis</em></strong></span> <span class='ocrx_word' id='word_1_421' title='bbox 2686 590 2879 641; x_wconf 87' lang='lat' dir='ltr'><strong><em>tamen</em></strong></span> <span class='ocrx_word' id='word_1_422' title='bbox 2902 585 3333 641; x_wconf 87' lang='lat' dir='ltr'><strong><em>autintervallis</em></strong></span> <span class='ocrx_word' id='word_1_423' title='bbox 3352 588 3586 647; x_wconf 88' lang='lat' dir='ltr'><strong><em>velorum</em></strong></span> <span class='ocrx_word' id='word_1_424' title='bbox 3600 582 3809 667; x_wconf 69' lang='lat' dir='ltr'><strong><em>Oppansu</em></strong></span> 
     </span>
    </p>
   </div>
   <div class='ocr_carea' id='block_1_63' title="bbox 2255 671 3809 745">
    <p class='ocr_par' dir='ltr' id='par_1_63' title="bbox 2255 671 3809 745">
     <span class='ocr_line' id='line_1_64' title="bbox 2255 671 3809 745; baseline 0.012 -21"><span class='ocrx_word' id='word_1_425' title='bbox 2255 671 2449 739; x_wconf 85' lang='lat' dir='ltr'><strong><em>tectis,</em></strong></span> <span class='ocrx_word' id='word_1_426' title='bbox 2482 677 2545 725; x_wconf 89' lang='lat' dir='ltr'><strong><em>ut</em></strong></span> <span class='ocrx_word' id='word_1_427' title='bbox 2567 672 2843 727; x_wconf 82' lang='lat' dir='ltr'><strong><em>diximus.</em></strong></span> <span class='ocrx_word' id='word_1_428' title='bbox 2871 677 3059 744; x_wconf 87' lang='lat' dir='ltr'><strong><em>Atque</em></strong></span> <span class='ocrx_word' id='word_1_429' title='bbox 3106 674 3226 729; x_wconf 81' lang='lat' dir='ltr'><strong><em>haec</em></strong></span> <span class='ocrx_word' id='word_1_430' title='bbox 3256 677 3413 745; x_wconf 87' lang='lat' dir='ltr'><strong><em>prius</em></strong></span> <span class='ocrx_word' id='word_1_431' title='bbox 3439 679 3597 735; x_wconf 83' lang='lat' dir='ltr'><strong><em>fuere.</em></strong></span> <span class='ocrx_word' id='word_1_432' title='bbox 3647 685 3809 745; x_wconf 84' lang='lat' dir='ltr'><strong><em>Postea</em></strong></span> 
     </span>
    </p>
   </div>
   <div class='ocr_carea' id='block_1_64' title="bbox 2252 756 3813 833">
    <p class='ocr_par' dir='ltr' id='par_1_64' title="bbox 2252 756 3813 833">
     <span class='ocr_line' id='line_1_65' title="bbox 2252 756 3813 833; baseline 0.012 -23"><span class='ocrx_word' id='word_1_433' title='bbox 2252 756 2474 813; x_wconf 88' lang='lat' dir='ltr'><strong><em>invenit</em></strong></span> <span class='ocrx_word' id='word_1_434' title='bbox 2502 759 2919 830; x_wconf 90' lang='lat' dir='ltr'><strong><em>imperatorum</em></strong></span> <span class='ocrx_word' id='word_1_435' title='bbox 2970 762 3401 833; x_wconf 81' lang='lat' dir='ltr'><strong><em>magniﬁcentia</em></strong></span> <span class='ocrx_word' id='word_1_436' title='bbox 3431 768 3680 826; x_wconf 86' lang='lat' dir='ltr'><strong><em>rationem</em></strong></span> <span class='ocrx_word' id='word_1_437' title='bbox 3724 773 3813 832; x_wconf 86' lang='lat' dir='ltr'><strong><em>ista</em></strong></span> 
     </span>
    </p>
   </div>
   <div class='ocr_carea' id='block_1_65' title="bbox 2253 846 3808 920">
    <p class='ocr_par' dir='ltr' id='par_1_65' title="bbox 2253 846 3808 920">
     <span class='ocr_line' id='line_1_66' title="bbox 2253 846 3808 920; baseline 0.011 -20"><span class='ocrx_word' id='word_1_438' title='bbox 2253 846 2500 901; x_wconf 90' lang='lat' dir='ltr'><strong><em>ornandi</em></strong></span> <span class='ocrx_word' id='word_1_439' title='bbox 2530 846 2587 902; x_wconf 84' lang='lat' dir='ltr'><strong><em>et</em></strong></span> <span class='ocrx_word' id='word_1_440' title='bbox 2631 849 2788 903; x_wconf 84' lang='lat' dir='ltr'><strong><em>salvo</em></strong></span> <span class='ocrx_word' id='word_1_441' title='bbox 2820 865 2930 903; x_wconf 90' lang='lat' dir='ltr'><strong><em>usu</em></strong></span> <span class='ocrx_word' id='word_1_442' title='bbox 2963 849 3224 920; x_wconf 85' lang='lat' dir='ltr'><strong><em>religioni</em></strong></span> <span class='ocrx_word' id='word_1_443' title='bbox 3255 868 3321 905; x_wconf 88' lang='lat' dir='ltr'><strong><em>ac</em></strong></span> <span class='ocrx_word' id='word_1_444' title='bbox 3354 856 3662 912; x_wconf 81' lang='lat' dir='ltr'><strong><em>necessitate</em></strong></span> <span class='ocrx_word' id='word_1_445' title='bbox 3693 861 3808 920; x_wconf 78' lang='lat' dir='ltr'><strong><em>ritus</em></strong></span> 
     </span>
    </p>
   </div>
   <div class='ocr_carea' id='block_1_66' title="bbox 2252 932 3811 1010">
    <p class='ocr_par' dir='ltr' id='par_1_66' title="bbox 2252 932 3811 1010">
     <span class='ocr_line' id='line_1_67' title="bbox 2252 932 3811 1010; baseline 0.012 -24"><span class='ocrx_word' id='word_1_446' title='bbox 2252 932 2311 986; x_wconf 93' lang='lat' dir='ltr'><strong><em>in</em></strong></span> <span class='ocrx_word' id='word_1_447' title='bbox 2345 935 2747 1006; x_wconf 86' lang='lat' dir='ltr'><strong><em>augustiorem</em></strong></span> <span class='ocrx_word' id='word_1_448' title='bbox 2788 936 3190 992; x_wconf 82' lang='lat' dir='ltr'><strong><em>conformandi</em></strong></span> <span class='ocrx_word' id='word_1_449' title='bbox 3249 941 3514 1010; x_wconf 89' lang='lat' dir='ltr'><strong><em>speciem.</em></strong></span> <span class='ocrx_word' id='word_1_450' title='bbox 3569 943 3661 1000; x_wconf 88' lang='lat' dir='ltr'><strong><em>Pro</em></strong></span> <span class='ocrx_word' id='word_1_451' title='bbox 3706 964 3811 1003; x_wconf 87' lang='lat' dir='ltr'><strong><em>can-</em></strong></span> 
     </span>
    </p>
   </div>
   <div class='ocr_carea' id='block_1_67' title="bbox 2250 1020 3813 1096">
    <p class='ocr_par' dir='ltr' id='par_1_67' title="bbox 2250 1020 3813 1096">
     <span class='ocr_line' id='line_1_68' title="bbox 2250 1020 3813 1096; baseline 0.012 -20"><span class='ocrx_word' id='word_1_452' title='bbox 2250 1020 2458 1076; x_wconf 86' lang='lat' dir='ltr'><strong><em>cellato</em></strong></span> <span class='ocrx_word' id='word_1_453' title='bbox 2518 1039 2549 1077; x_wconf 93' lang='lat' dir='ltr'><strong><em>e</em></strong></span> <span class='ocrx_word' id='word_1_454' title='bbox 2581 1023 2822 1079; x_wconf 81' lang='lat' dir='ltr'><strong><em>materia</em></strong></span> <span class='ocrx_word' id='word_1_455' title='bbox 2871 1034 3032 1096; x_wconf 86' lang='lat' dir='ltr'><strong><em>septo</em></strong></span> <span class='ocrx_word' id='word_1_456' title='bbox 3088 1026 3480 1096; x_wconf 85' lang='lat' dir='ltr'><strong><em>pretiosiorem</em></strong></span> <span class='ocrx_word' id='word_1_457' title='bbox 3511 1046 3538 1085; x_wconf 90' lang='lat' dir='ltr'><strong><em>e</em></strong></span> <span class='ocrx_word' id='word_1_458' title='bbox 3580 1049 3813 1094; x_wconf 84' lang='lat' dir='ltr'><strong><em>marmore</em></strong></span> 
     </span>
    </p>
   </div>
   <div class='ocr_carea' id='block_1_68' title="bbox 2228 1122 3812 1194">
    <p class='ocr_par' dir='ltr' id='par_1_68' title="bbox 2228 1122 3812 1194">
     <span class='ocr_line' id='line_1_69' title="bbox 2228 1122 3812 1194; baseline 0.008 -18"><span class='ocrx_word' id='word_1_459' title='bbox 2228 1124 2351 1176; x_wconf 83' lang='lat' dir='ltr'><strong><em>.aut</em></strong></span> <span class='ocrx_word' id='word_1_460' title='bbox 2375 1136 2506 1188; x_wconf 63' lang='lat' dir='ltr'><strong><em>aere,</em></strong></span> <span class='ocrx_word' id='word_1_461' title='bbox 2540 1127 2780 1193; x_wconf 88' lang='lat' dir='ltr'><strong><em>argento</em></strong></span> <span class='ocrx_word' id='word_1_462' title='bbox 2812 1122 2950 1194; x_wconf 88' lang='lat' dir='ltr'><strong><em>quin</em></strong></span> <span class='ocrx_word' id='word_1_463' title='bbox 2975 1123 3150 1179; x_wconf 85' lang='lat' dir='ltr'><strong><em>etiam</em></strong></span> <span class='ocrx_word' id='word_1_464' title='bbox 3184 1128 3241 1179; x_wconf 89' lang='lat' dir='ltr'><strong><em>et</em></strong></span> <span class='ocrx_word' id='word_1_465' title='bbox 3273 1141 3432 1194; x_wconf 87' lang='lat' dir='ltr'><strong><em>auro,</em></strong></span> <span class='ocrx_word' id='word_1_466' title='bbox 3489 1127 3812 1188; x_wconf 86' lang='lat' dir='ltr'><strong><em>illuminanti-</em></strong></span> 
     </span>
    </p>
   </div>
   <div class='ocr_carea' id='block_1_69' title="bbox 2248 1205 3813 1281">
    <p class='ocr_par' dir='ltr' id='par_1_69' title="bbox 2248 1205 3813 1281">
     <span class='ocr_line' id='line_1_70' title="bbox 2248 1205 3813 1281; baseline 0.011 -21"><span class='ocrx_word' id='word_1_467' title='bbox 2248 1205 2360 1261; x_wconf 92' lang='lat' dir='ltr'><strong><em>bus</em></strong></span> <span class='ocrx_word' id='word_1_468' title='bbox 2391 1225 2536 1280; x_wconf 92' lang='lat' dir='ltr'><strong><em>opus</em></strong></span> <span class='ocrx_word' id='word_1_469' title='bbox 2566 1210 2815 1281; x_wconf 87' lang='lat' dir='ltr'><strong><em>gemmis</em></strong></span> <span class='ocrx_word' id='word_1_470' title='bbox 2846 1226 3081 1281; x_wconf 91' lang='lat' dir='ltr'><strong><em>quoque</em></strong></span> <span class='ocrx_word' id='word_1_471' title='bbox 3114 1212 3344 1280; x_wconf 89' lang='lat' dir='ltr'><strong><em>inserti,</em></strong></span> <span class='ocrx_word' id='word_1_472' title='bbox 3389 1231 3601 1272; x_wconf 88' lang='lat' dir='ltr'><strong><em>scenam</em></strong></span> <span class='ocrx_word' id='word_1_473' title='bbox 3653 1220 3813 1277; x_wconf 87' lang='lat' dir='ltr'><strong><em>obten-</em></strong></span> 
     </span>
    </p>
   </div>
   <div class='ocr_carea' id='block_1_70' title="bbox 2247 1295 3813 1379">
    <p class='ocr_par' dir='ltr' id='par_1_70' title="bbox 2247 1295 3813 1379">
     <span class='ocr_line' id='line_1_71' title="bbox 2247 1295 3813 1379; baseline 0.01 -31"><span class='ocrx_word' id='word_1_474' title='bbox 2247 1295 2458 1351; x_wconf 89' lang='lat' dir='ltr'><strong><em>derunt</em></strong></span> <span class='ocrx_word' id='word_1_475' title='bbox 2487 1313 2650 1352; x_wconf 86' lang='lat' dir='ltr'><strong><em>sacro</em></strong></span> <span class='ocrx_word' id='word_1_476' title='bbox 2681 1297 2872 1366; x_wconf 86' lang='lat' dir='ltr'><strong><em>altari,</em></strong></span> <span class='ocrx_word' id='word_1_477' title='bbox 2906 1299 3063 1354; x_wconf 90' lang='lat' dir='ltr'><strong><em>omni</em></strong></span> <span class='ocrx_word' id='word_1_478' title='bbox 3084 1299 3531 1359; x_wconf 90' lang='lat' dir='ltr'><strong><em>architectonica</em></strong></span> <span class='ocrx_word' id='word_1_479' title='bbox 3580 1306 3813 1379; x_wconf 83' lang='lat' dir='ltr'><strong><em>elegantia</em></strong></span> 
     </span>
    </p>
   </div>
   <div class='ocr_carea' id='block_1_71' title="bbox 2243 1382 3813 1467">
    <p class='ocr_par' dir='ltr' id='par_1_71' title="bbox 2243 1382 3813 1467">
     <span class='ocr_line' id='line_1_72' title="bbox 2243 1382 3813 1467; baseline 0.011 -33"><span class='ocrx_word' id='word_1_480' title='bbox 2243 1382 2570 1448; x_wconf 88' lang='lat' dir='ltr'><strong><em>visendam,</em></strong></span> <span class='ocrx_word' id='word_1_481' title='bbox 2602 1385 2909 1453; x_wconf 89' lang='lat' dir='ltr'><strong><em>columnis,</em></strong></span> <span class='ocrx_word' id='word_1_482' title='bbox 2944 1386 3150 1458; x_wconf 60' lang='lat' dir='ltr'><strong><em>signis,</em></strong></span> <span class='ocrx_word' id='word_1_483' title='bbox 3172 1389 3346 1458; x_wconf 85' lang='lat' dir='ltr'><strong><em>vasis,</em></strong></span> <span class='ocrx_word' id='word_1_484' title='bbox 3373 1390 3620 1461; x_wconf 88' lang='lat' dir='ltr'><strong><em>ﬂoribus,</em></strong></span> <span class='ocrx_word' id='word_1_485' title='bbox 3651 1398 3813 1467; x_wconf 79' lang='lat' dir='ltr'><strong><em>ﬁguris</em></strong></span> 
     </span>
    </p>
   </div>
   <div class='ocr_carea' id='block_1_72' title="bbox 2242 1470 3815 1553">
    <p class='ocr_par' dir='ltr' id='par_1_72' title="bbox 2242 1470 3815 1553">
     <span class='ocr_line' id='line_1_73' title="bbox 2242 1470 3815 1553; baseline 0.01 -29"><span class='ocrx_word' id='word_1_486' title='bbox 2242 1470 2367 1525; x_wconf 91' lang='lat' dir='ltr'><strong><em>visu</em></strong></span> <span class='ocrx_word' id='word_1_487' title='bbox 2409 1471 2837 1542; x_wconf 86' lang='lat' dir='ltr'><strong><em>pulcherrimis.</em></strong></span> <span class='ocrx_word' id='word_1_488' title='bbox 2872 1476 3287 1532; x_wconf 76' lang='lat' dir='ltr'><strong><em>Constantinus</em></strong></span> <span class='ocrx_word' id='word_1_489' title='bbox 3343 1481 3815 1553; x_wconf 87' lang='lat' dir='ltr'><strong><em>Porphyrogenitus</em></strong></span> 
     </span>
    </p>
   </div>
   <div class='ocr_carea' id='block_1_73' title="bbox 2243 1560 3815 1640">
    <p class='ocr_par' dir='ltr' id='par_1_73' title="bbox 2243 1560 3815 1640">
     <span class='ocr_line' id='line_1_74' title="bbox 2243 1560 3815 1640; baseline 0.008 -27"><span class='ocrx_word' id='word_1_490' title='bbox 2243 1560 2312 1613; x_wconf 88' lang='lat' dir='ltr'><strong><em>de</em></strong></span> <span class='ocrx_word' id='word_1_491' title='bbox 2345 1560 2458 1613; x_wconf 85' lang='lat' dir='ltr'><strong><em>vita</em></strong></span> <span class='ocrx_word' id='word_1_492' title='bbox 2488 1565 2545 1614; x_wconf 88' lang='lat' dir='ltr'><strong><em>et</em></strong></span> <span class='ocrx_word' id='word_1_493' title='bbox 2577 1563 2749 1616; x_wconf 84' lang='lat' dir='ltr'><strong><em>rebus</em></strong></span> <span class='ocrx_word' id='word_1_494' title='bbox 2777 1563 2958 1632; x_wconf 79' lang='lat' dir='ltr'><strong><em>gestis</em></strong></span> <span class='ocrx_word' id='word_1_495' title='bbox 3015 1563 3211 1618; x_wconf 84' lang='lat' dir='ltr'><strong><em>Basilii</em></strong></span> <span class='ocrx_word' id='word_1_496' title='bbox 3257 1568 3526 1637; x_wconf 82' lang='lat' dir='ltr'><strong><em>Augusti,</em></strong></span> <span class='ocrx_word' id='word_1_497' title='bbox 3557 1575 3815 1640; x_wconf 86' lang='lat' dir='ltr'><strong><em>postquam</em></strong></span> 
     </span>
    </p>
   </div>
   <div class='ocr_carea' id='block_1_74' title="bbox 2242 1646 3816 1730">
    <p class='ocr_par' dir='ltr' id='par_1_74' title="bbox 2242 1646 3816 1730">
     <span class='ocr_line' id='line_1_75' title="bbox 2242 1646 3816 1730; baseline 0.008 -30"><span class='ocrx_word' id='word_1_498' title='bbox 2242 1646 2538 1702; x_wconf 67' lang='lat' dir='ltr'><strong><em>retulisset</em></strong></span> <span class='ocrx_word' id='word_1_499' title='bbox 2568 1665 2700 1703; x_wconf 89' lang='lat' dir='ltr'><strong><em>eum</em></strong></span> <span class='ocrx_word' id='word_1_500' title='bbox 2756 1650 3156 1706; x_wconf 81' lang='lat' dir='ltr'><strong><em>muniﬁcentia</em></strong></span> <span class='ocrx_word' id='word_1_501' title='bbox 3205 1652 3379 1724; x_wconf 82' lang='lat' dir='ltr'><strong><em>plane</em></strong></span> <span class='ocrx_word' id='word_1_502' title='bbox 3434 1656 3585 1727; x_wconf 85' lang='lat' dir='ltr'><strong><em>regia</em></strong></span> <span class='ocrx_word' id='word_1_503' title='bbox 3632 1659 3816 1730; x_wconf 86' lang='lat' dir='ltr'><strong><em>templi,</em></strong></span> 
     </span>
    </p>
   </div>
   <div class='ocr_carea' id='block_1_75' title="bbox 498 1725 2117 1833">
    <p class='ocr_par' dir='ltr' id='par_1_75' title="bbox 498 1725 2117 1796">
     <span class='ocr_line' id='line_1_76' title="bbox 498 1725 2117 1796; baseline -0.001 -15"><span class='ocrx_word' id='word_1_504' title='bbox 498 1744 629 1781; x_wconf 82' lang='lat' dir='ltr'><strong><em>rum</em></strong></span> <span class='ocrx_word' id='word_1_505' title='bbox 656 1727 922 1782; x_wconf 90' lang='lat' dir='ltr'><strong><em>concioni</em></strong></span> <span class='ocrx_word' id='word_1_506' title='bbox 969 1727 1322 1782; x_wconf 88' lang='lat' dir='ltr'><strong><em>adimebant.</em></strong></span> <span class='ocrx_word' id='word_1_507' title='bbox 1354 1727 1656 1796; x_wconf 88' lang='lat' dir='ltr'><strong><em>Eusebius,</em></strong></span> <span class='ocrx_word' id='word_1_508' title='bbox 1707 1725 1746 1780; x_wconf 95' lang='lat' dir='ltr'><strong><em>l.</em></strong></span> <span class='ocrx_word' id='word_1_509' title='bbox 1781 1743 1838 1792; x_wconf 88' lang='lat' dir='ltr'><strong><em>x,</em></strong></span> <span class='ocrx_word' id='word_1_510' title='bbox 1887 1743 1936 1781; x_wconf 91' lang='lat' dir='ltr'><strong><em>c.</em></strong></span> <span class='ocrx_word' id='word_1_511' title='bbox 1971 1727 2024 1795; x_wconf 87' lang='grc'><strong><em>4,</em></strong></span> <span class='ocrx_word' id='word_1_512' title='bbox 2058 1727 2117 1780; x_wconf 78' lang='lat' dir='ltr'><strong><em>de</em></strong></span> 
     </span>
    </p>
   </div>
   <div class='ocr_carea' id='block_1_76' title="bbox 2223 1725 3817 1833">
    <p class='ocr_par' dir='ltr' id='par_1_76' title="bbox 2242 1725 3817 1814">
     <span class='ocr_line' id='line_1_77' title="bbox 2242 1725 3817 1814; baseline 0.009 -28"><span class='ocrx_word' id='word_1_513' title='bbox 2242 1734 2392 1803; x_wconf 89' lang='lat' dir='ltr'><strong><em>quod</em></strong></span> <span class='ocrx_word' id='word_1_514' title='bbox 2426 1736 2732 1800; x_wconf 82' lang='lat' dir='ltr'><strong><em>exstruxit,</em></strong></span> <span class='ocrx_word' id='word_1_515' title='bbox 2766 1737 3015 1807; x_wconf 87' lang='lat' dir='ltr'><strong><em>parietes</em></strong></span> <span class='ocrx_word' id='word_1_516' title='bbox 3052 1739 3253 1794; x_wconf 81' lang='lat' dir='ltr'><strong><em>dextra</em></strong></span> <span class='ocrx_word' id='word_1_517' title='bbox 3311 1725 3564 1814; x_wconf 75' lang='lat' dir='ltr'><strong><em>laevaque</em></strong></span> <span class='ocrx_word' id='word_1_518' title='bbox 3617 1725 3817 1800; x_wconf 75' lang='lat' dir='ltr'><strong><em>tectorio</em></strong></span> 
     </span>
    </p>
   </div>
   <div class='ocr_carea' id='block_1_77' title="bbox 497 1814 2126 1885">
    <p class='ocr_par' dir='ltr' id='par_1_77' title="bbox 497 1814 2126 1885">
     <span class='ocr_line' id='line_1_78' title="bbox 497 1814 2126 1885; baseline -0.001 -17"><span class='ocrx_word' id='word_1_519' title='bbox 497 1814 876 1870; x_wconf 74' lang='lat' dir='ltr'><strong><em>Constantino</em></strong></span> <span class='ocrx_word' id='word_1_520' title='bbox 925 1814 1143 1885; x_wconf 87' lang='lat' dir='ltr'><strong><em>templa</em></strong></span> <span class='ocrx_word' id='word_1_521' title='bbox 1173 1815 1503 1871; x_wconf 89' lang='lat' dir='ltr'><strong><em>Christiana</em></strong></span> <span class='ocrx_word' id='word_1_522' title='bbox 1554 1814 1767 1869; x_wconf 80' lang='lat' dir='ltr'><strong><em>Graecis</em></strong></span> <span class='ocrx_word' id='word_1_523' title='bbox 1797 1819 2126 1868; x_wconf 81' lang='lat' dir='ltr'><strong><em>exstruente</em></strong></span> 
     </span>
    </p>
   </div>
   <div class='ocr_carea' id='block_1_78' title="bbox 498 1896 2134 1976">
    <p class='ocr_par' dir='ltr' id='par_1_78' title="bbox 498 1896 2134 1976">
     <span class='ocr_line' id='line_1_79' title="bbox 498 1896 2134 1976; baseline -0.002 -21"><span class='ocrx_word' id='word_1_524' title='bbox 498 1902 702 1957; x_wconf 77' lang='lat' dir='ltr'><strong><em>scribit</em></strong></span> <span class='ocrx_word' id='word_1_525' title='bbox 736 1902 844 1958; x_wconf 78' lang='lat' dir='ltr'><strong><em>:To</em></strong></span> <span class='ocrx_word' id='word_1_526' title='bbox 901 1903 1308 1976; x_wconf 79' lang='grc' dir='ltr'>θυσιαστήριον,</span> <span class='ocrx_word' id='word_1_527' title='bbox 1363 1901 1436 1962; x_wconf 83' lang='grc' dir='ltr'>ὡς</span> <span class='ocrx_word' id='word_1_528' title='bbox 1489 1899 1547 1953; x_wconf 80' lang='grc' dir='ltr'>ἂν</span> <span class='ocrx_word' id='word_1_529' title='bbox 1597 1896 1680 1969; x_wconf 81' lang='grc' dir='ltr'>εἷή</span> <span class='ocrx_word' id='word_1_530' title='bbox 1737 1904 1854 1962; x_wconf 85' lang='grc' dir='ltr'>τοῖς</span> <span class='ocrx_word' id='word_1_531' title='bbox 1899 1897 2134 1961; x_wconf 86' lang='grc' dir='ltr'>πολλοῖς</span> 
     </span>
    </p>
   </div>
   <div class='ocr_carea' id='block_1_79' title="bbox 2237 1824 3821 1903">
    <p class='ocr_par' dir='ltr' id='par_1_79' title="bbox 2237 1824 3821 1903">
     <span class='ocr_line' id='line_1_80' title="bbox 2237 1824 3821 1903; baseline 0.007 -27"><span class='ocrx_word' id='word_1_532' title='bbox 2237 1837 2305 1876; x_wconf 80' lang='lat' dir='ltr'><strong><em>ex</em></strong></span> <span class='ocrx_word' id='word_1_533' title='bbox 2335 1828 2571 1893; x_wconf 85' lang='lat' dir='ltr'><strong><em>argente</em></strong></span> <span class='ocrx_word' id='word_1_534' title='bbox 2602 1826 2794 1878; x_wconf 90' lang='lat' dir='ltr'><strong><em>aureis</em></strong></span> <span class='ocrx_word' id='word_1_535' title='bbox 2822 1824 3191 1882; x_wconf 88' lang='lat' dir='ltr'><strong><em>interstincto</em></strong></span> <span class='ocrx_word' id='word_1_536' title='bbox 3239 1828 3483 1886; x_wconf 88' lang='lat' dir='ltr'><strong><em>ﬂoribus</em></strong></span> <span class='ocrx_word' id='word_1_537' title='bbox 3512 1837 3565 1886; x_wconf 92' lang='lat' dir='ltr'><strong><em>et</em></strong></span> <span class='ocrx_word' id='word_1_538' title='bbox 3613 1833 3821 1903; x_wconf 84' lang='lat' dir='ltr'><strong><em>gemmis</em></strong></span> 
     </span>
    </p>
   </div>
   <div class='ocr_carea' id='block_1_80' title="bbox 2238 1916 3828 2000">
    <p class='ocr_par' dir='ltr' id='par_1_80' title="bbox 2238 1916 3828 2000">
     <span class='ocr_line' id='line_1_81' title="bbox 2238 1916 3828 2000; baseline 0.006 -31"><span class='ocrx_word' id='word_1_539' title='bbox 2238 1918 2553 1974; x_wconf 77' lang='lat' dir='ltr'><strong><em>abduxisse</em></strong></span> <span class='ocrx_word' id='word_1_540' title='bbox 2587 1919 2677 1989; x_wconf 74' lang='grc' dir='ltr'><strong><em>(Οἱ</em></strong></span> <span class='ocrx_word' id='word_1_541' title='bbox 2739 1916 2796 1972; x_wconf 75' lang='grc' dir='ltr'>δὲ</span> <span class='ocrx_word' id='word_1_542' title='bbox 2853 1919 2913 1973; x_wconf 82' lang='grc' dir='ltr'>ἐκ</span> <span class='ocrx_word' id='word_1_543' title='bbox 2965 1916 3150 1990; x_wconf 79' lang='grc' dir='ltr'>δεξιῶν</span> <span class='ocrx_word' id='word_1_544' title='bbox 3208 1923 3298 1977; x_wconf 84' lang='grc' dir='ltr'><strong><em>καὶ</em></strong></span> <span class='ocrx_word' id='word_1_545' title='bbox 3360 1923 3643 1996; x_wconf 84' lang='grc' dir='ltr'><strong><em>εὐωνύμων</em></strong></span> <span class='ocrx_word' id='word_1_546' title='bbox 3673 1932 3828 2000; x_wconf 76' lang='grc' dir='ltr'>τοῖχοι</span> 
     </span>
    </p>
   </div>
   <div class='ocr_carea' id='block_1_81' title="bbox 2235 2001 3830 2088">
    <p class='ocr_par' dir='ltr' id='par_1_81' title="bbox 2235 2001 3830 2088">
     <span class='ocr_line' id='line_1_82' title="bbox 2235 2001 3830 2088; baseline 0.007 -32"><span class='ocrx_word' id='word_1_547' title='bbox 2235 2001 2463 2079; x_wconf 76' lang='grc' dir='ltr'>ἄργυρον</span> <span class='ocrx_word' id='word_1_548' title='bbox 2545 2002 2776 2082; x_wconf 75' lang='grc' dir='ltr'>ἄφθονον</span> <span class='ocrx_word' id='word_1_549' title='bbox 2857 2007 2946 2061; x_wconf 85' lang='grc' dir='ltr'><strong><em>καὶ</em></strong></span> <span class='ocrx_word' id='word_1_550' title='bbox 3016 2009 3168 2063; x_wconf 81' lang='grc' dir='ltr'>αὐτοὶ</span> <span class='ocrx_word' id='word_1_551' title='bbox 3246 2010 3580 2085; x_wconf 80' lang='grc' dir='ltr'>ἐπικείμενον</span> <span class='ocrx_word' id='word_1_552' title='bbox 3653 2010 3830 2088; x_wconf 76' lang='grc' dir='ltr'>ἔχουσι,</span> 
     </span>
    </p>
   </div>
   <div class='ocr_carea' id='block_1_82' title="bbox 2236 2089 3832 2174">
    <p class='ocr_par' dir='ltr' id='par_1_82' title="bbox 2236 2089 3832 2174">
     <span class='ocr_line' id='line_1_83' title="bbox 2236 2089 3832 2174; baseline 0.008 -30"><span class='ocrx_word' id='word_1_553' title='bbox 2236 2089 2613 2165; x_wconf 67' lang='grc' dir='ltr'>διηνθισμένον</span> <span class='ocrx_word' id='word_1_554' title='bbox 2664 2099 2853 2169; x_wconf 79' lang='grc' dir='ltr'>χρυσῷ</span> <span class='ocrx_word' id='word_1_555' title='bbox 2890 2095 2984 2150; x_wconf 84' lang='grc' dir='ltr'><strong><em>καὶ</em></strong></span> <span class='ocrx_word' id='word_1_556' title='bbox 3009 2097 3216 2169; x_wconf 75' lang='grc' dir='ltr'>τιμίοις</span> <span class='ocrx_word' id='word_1_557' title='bbox 3243 2098 3657 2174; x_wconf 76' lang='grc' dir='ltr'>πεποικιλμένον</span> <span class='ocrx_word' id='word_1_558' title='bbox 3683 2100 3832 2165; x_wconf 80' lang='grc' dir='ltr'>λίθοις</span> 
     </span>
    </p>
   </div>
   <div class='ocr_carea' id='block_1_83' title="bbox 2233 2181 3833 2259">
    <p class='ocr_par' dir='ltr' id='par_1_83' title="bbox 2233 2181 3833 2259">
     <span class='ocr_line' id='line_1_84' title="bbox 2233 2181 3833 2259; baseline 0.007 -25"><span class='ocrx_word' id='word_1_559' title='bbox 2233 2181 2323 2235; x_wconf 82' lang='grc' dir='ltr'><strong><em>καὶ</em></strong></span> <span class='ocrx_word' id='word_1_560' title='bbox 2353 2183 2643 2257; x_wconf 80' lang='grc' dir='ltr'>μαργάρων</span> <span class='ocrx_word' id='word_1_561' title='bbox 2676 2182 3073 2259; x_wconf 79' lang='grc' dir='ltr'>λαμπρότητι),</span> <span class='ocrx_word' id='word_1_562' title='bbox 3107 2190 3306 2244; x_wconf 88' lang='lat' dir='ltr'><strong><em>statim</em></strong></span> <span class='ocrx_word' id='word_1_563' title='bbox 3369 2192 3533 2247; x_wconf 84' lang='lat' dir='ltr'><strong><em>addit</em></strong></span> <span class='ocrx_word' id='word_1_564' title='bbox 3586 2193 3650 2246; x_wconf 89' lang='lat' dir='ltr'><strong><em>de</em></strong></span> <span class='ocrx_word' id='word_1_565' title='bbox 3698 2209 3833 2247; x_wconf 80' lang='lat' dir='ltr'><strong><em>sacro</em></strong></span> 
     </span>
    </p>
   </div>
   <div class='ocr_carea' id='block_1_84' title="bbox 2233 2270 3836 2349">
    <p class='ocr_par' dir='ltr' id='par_1_84' title="bbox 2233 2270 3836 2349">
     <span class='ocr_line' id='line_1_85' title="bbox 2233 2270 3836 2349; baseline 0.005 -25"><span class='ocrx_word' id='word_1_566' title='bbox 2233 2277 2396 2341; x_wconf 81' lang='lat' dir='ltr'><strong><em>septo</em></strong></span> <span class='ocrx_word' id='word_1_567' title='bbox 2454 2271 2573 2326; x_wconf 83' lang='lat' dir='ltr'><strong><em>sive</em></strong></span> <span class='ocrx_word' id='word_1_568' title='bbox 2626 2272 2829 2328; x_wconf 88' lang='lat' dir='ltr'><strong><em>solea:</em></strong></span> <span class='ocrx_word' id='word_1_569' title='bbox 2861 2274 2922 2329; x_wconf 86' lang='grc' dir='ltr'>Ἡ</span> <span class='ocrx_word' id='word_1_570' title='bbox 2956 2270 3014 2327; x_wconf 77' lang='grc' dir='ltr'>δὲ</span> <span class='ocrx_word' id='word_1_571' title='bbox 3073 2272 3390 2349; x_wconf 82' lang='grc' dir='ltr'>διείργουσα</span> <span class='ocrx_word' id='word_1_572' title='bbox 3442 2279 3510 2332; x_wconf 73' lang='grc' dir='ltr'><strong><em>τὰ</em></strong></span> <span class='ocrx_word' id='word_1_573' title='bbox 3563 2275 3714 2332; x_wconf 81' lang='grc' dir='ltr'>ἄδυτα</span> <span class='ocrx_word' id='word_1_574' title='bbox 3759 2282 3836 2332; x_wconf 79' lang='grc' dir='ltr'><strong><em>τοῦ</em></strong></span> 
     </span>
    </p>
   </div>
   <div class='ocr_carea' id='block_1_85' title="bbox 2234 2356 3836 2438">
    <p class='ocr_par' dir='ltr' id='par_1_85' title="bbox 2234 2356 3836 2438">
     <span class='ocr_line' id='line_1_86' title="bbox 2234 2356 3836 2438; baseline 0.006 -29"><span class='ocrx_word' id='word_1_575' title='bbox 2234 2356 2377 2420; x_wconf 85' lang='grc' dir='ltr'>θείου</span> <span class='ocrx_word' id='word_1_576' title='bbox 2408 2356 2562 2411; x_wconf 81' lang='grc' dir='ltr'>οἷ’κου</span> <span class='ocrx_word' id='word_1_577' title='bbox 2617 2359 2813 2413; x_wconf 86' lang='grc' dir='ltr'>τούτου</span> <span class='ocrx_word' id='word_1_578' title='bbox 2869 2360 3121 2434; x_wconf 80' lang='grc' dir='ltr'>καγκλὶς,</span> <span class='ocrx_word' id='word_1_579' title='bbox 3170 2363 3486 2438; x_wconf 65' lang='grc' dir='ltr'>Ἡράκλεις,</span> <span class='ocrx_word' id='word_1_580' title='bbox 3535 2364 3653 2420; x_wconf 71' lang='grc' dir='ltr'>ὅσον</span> <span class='ocrx_word' id='word_1_581' title='bbox 3700 2361 3836 2421; x_wconf 73' lang='grc' dir='ltr'>ὄλϐον</span> 
     </span>
    </p>
   </div>
   <div class='ocr_carea' id='block_1_86' title="bbox 2231 2442 3837 2526">
    <p class='ocr_par' dir='ltr' id='par_1_86' title="bbox 2231 2442 3837 2526">
     <span class='ocr_line' id='line_1_87' title="bbox 2231 2442 3837 2526; baseline 0.006 -29"><span class='ocrx_word' id='word_1_582' title='bbox 2231 2442 2282 2498; x_wconf 78' lang='grc' dir='ltr'>ἐν</span> <span class='ocrx_word' id='word_1_583' title='bbox 2340 2445 2503 2518; x_wconf 69' lang='grc' dir='ltr'>ἑαυτῇ</span> <span class='ocrx_word' id='word_1_584' title='bbox 2561 2446 2909 2523; x_wconf 81' lang='grc' dir='ltr'>περιείληφεν</span> <span class='ocrx_word' id='word_1_585' title='bbox 2943 2488 2958 2512; x_wconf 88' lang='grc'><em>,</em></span> <span class='ocrx_word' id='word_1_586' title='bbox 3032 2449 3098 2517; x_wconf 77' lang='grc' dir='ltr'><strong><em>ἦς</em></strong></span> <span class='ocrx_word' id='word_1_587' title='bbox 3157 2452 3210 2504; x_wconf 77' lang='grc' dir='ltr'>οἱ</span> <span class='ocrx_word' id='word_1_588' title='bbox 3266 2452 3460 2508; x_wconf 87' lang='grc' dir='ltr'>στῦλοι</span> <span class='ocrx_word' id='word_1_589' title='bbox 3522 2454 3613 2526; x_wconf 72' lang='grc' dir='ltr'>μὶν</span> <span class='ocrx_word' id='word_1_590' title='bbox 3664 2458 3744 2508; x_wconf 76' lang='grc' dir='ltr'>καὶ</span> <span class='ocrx_word' id='word_1_591' title='bbox 3788 2454 3837 2506; x_wconf 81' lang='grc' dir='ltr'>τὰ</span> 
     </span>
    </p>
   </div>
   <div class='ocr_carea' id='block_1_87' title="bbox 2231 2531 3834 2616">
    <p class='ocr_par' dir='ltr' id='par_1_87' title="bbox 2231 2531 3834 2616">
     <span class='ocr_line' id='line_1_88' title="bbox 2231 2531 3834 2616; baseline 0.006 -31"><span class='ocrx_word' id='word_1_592' title='bbox 2231 2533 2468 2586; x_wconf 76' lang='grc' dir='ltr'>κάτωθεν</span> <span class='ocrx_word' id='word_1_593' title='bbox 2502 2532 2553 2602; x_wconf 81' lang='grc' dir='ltr'>ἐξ</span> <span class='ocrx_word' id='word_1_594' title='bbox 2580 2533 2814 2608; x_wconf 81' lang='grc' dir='ltr'>ἀργύρου</span> <span class='ocrx_word' id='word_1_595' title='bbox 2851 2531 3041 2589; x_wconf 88' lang='grc' dir='ltr'>διολου</span> <span class='ocrx_word' id='word_1_596' title='bbox 3087 2537 3185 2604; x_wconf 77' lang='grc' dir='ltr'>τὴν</span> <span class='ocrx_word' id='word_1_597' title='bbox 3237 2539 3489 2595; x_wconf 86' lang='grc' dir='ltr'>σύστασιν</span> <span class='ocrx_word' id='word_1_598' title='bbox 3546 2540 3767 2616; x_wconf 76' lang='grc' dir='ltr'>ἔχουσιν,</span> <span class='ocrx_word' id='word_1_599' title='bbox 3808 2543 3834 2609; x_wconf 71' lang='grc' dir='ltr'><strong>ἡ</strong></span> 
     </span>
    </p>
   </div>
   <div class='ocr_carea' id='block_1_88' title="bbox 2232 2618 3832 2699">
    <p class='ocr_par' dir='ltr' id='par_1_88' title="bbox 2232 2618 3832 2699">
     <span class='ocr_line' id='line_1_89' title="bbox 2232 2618 3832 2699; baseline 0.006 -26"><span class='ocrx_word' id='word_1_600' title='bbox 2232 2618 2290 2674; x_wconf 74' lang='grc' dir='ltr'>δὲ</span> <span class='ocrx_word' id='word_1_601' title='bbox 2339 2626 2455 2681; x_wconf 88' lang='grc' dir='ltr'>ταῖς</span> <span class='ocrx_word' id='word_1_602' title='bbox 2510 2621 2761 2697; x_wconf 74' lang='grc' dir='ltr'>κεφαλίσι</span> <span class='ocrx_word' id='word_1_603' title='bbox 2817 2623 3023 2678; x_wconf 88' lang='grc' dir='ltr'>τούτων</span> <span class='ocrx_word' id='word_1_604' title='bbox 3075 2623 3395 2699; x_wconf 73' lang='grc' dir='ltr'>ἐπικειμένη</span> <span class='ocrx_word' id='word_1_605' title='bbox 3431 2626 3578 2691; x_wconf 76' lang='grc' dir='ltr'>δοκῖς</span> <span class='ocrx_word' id='word_1_606' title='bbox 3605 2628 3661 2683; x_wconf 81' lang='grc' dir='ltr'>ἐκ</span> <span class='ocrx_word' id='word_1_607' title='bbox 3698 2632 3832 2683; x_wconf 84' lang='grc' dir='ltr'>καθα·</span> 
     </span>
    </p>
   </div>
   <div class='ocr_carea' id='block_1_89' title="bbox 2230 2707 3833 2782">
    <p class='ocr_par' dir='ltr' id='par_1_89' title="bbox 2230 2707 3833 2782">
     <span class='ocr_line' id='line_1_90' title="bbox 2230 2707 3833 2782; baseline 0.005 -21"><span class='ocrx_word' id='word_1_608' title='bbox 2230 2712 2327 2780; x_wconf 88' lang='grc' dir='ltr'><strong><em>ροῦ</em></strong></span> <span class='ocrx_word' id='word_1_609' title='bbox 2382 2707 2613 2782; x_wconf 84' lang='grc' dir='ltr'>χρυσίου</span> <span class='ocrx_word' id='word_1_610' title='bbox 2664 2713 2807 2763; x_wconf 83' lang='grc' dir='ltr'>πᾶσα</span> <span class='ocrx_word' id='word_1_611' title='bbox 2862 2709 3149 2780; x_wconf 71' lang='grc' dir='ltr'>συνέστηκε</span> <span class='ocrx_word' id='word_1_612' title='bbox 3182 2754 3196 2779; x_wconf 88' lang='grc'><strong><em>,</em></strong></span> <span class='ocrx_word' id='word_1_613' title='bbox 3251 2713 3344 2767; x_wconf 89' lang='grc' dir='ltr'>τὸν</span> <span class='ocrx_word' id='word_1_614' title='bbox 3406 2713 3643 2770; x_wconf 89' lang='grc' dir='ltr'>πλοῦτον</span> <span class='ocrx_word' id='word_1_615' title='bbox 3695 2714 3833 2770; x_wconf 70' lang='grc' dir='ltr'>πάντα</span> 
     </span>
    </p>
   </div>
   <div class='ocr_carea' id='block_1_90' title="bbox 2227 2793 3835 2877">
    <p class='ocr_par' dir='ltr' id='par_1_90' title="bbox 2227 2793 3835 2877">
     <span class='ocr_line' id='line_1_91' title="bbox 2227 2793 3835 2877; baseline 0.004 -28"><span class='ocrx_word' id='word_1_616' title='bbox 2227 2796 2320 2849; x_wconf 90' lang='grc' dir='ltr'>τὸν</span> <span class='ocrx_word' id='word_1_617' title='bbox 2366 2796 2415 2865; x_wconf 80' lang='grc' dir='ltr'><strong><em>ἐξ</em></strong></span> <span class='ocrx_word' id='word_1_618' title='bbox 2461 2793 2645 2851; x_wconf 83' lang='grc' dir='ltr'>Ἰνδῶν</span> <span class='ocrx_word' id='word_1_619' title='bbox 2674 2800 3101 2871; x_wconf 68' lang='grc' dir='ltr'>περικεχυμένον</span> <span class='ocrx_word' id='word_1_620' title='bbox 3146 2799 3408 2856; x_wconf 80' lang='grc' dir='ltr'>πάντοθεν</span> <span class='ocrx_word' id='word_1_621' title='bbox 3453 2801 3671 2877; x_wconf 82' lang='grc' dir='ltr'>ἔχουσα,</span> <span class='ocrx_word' id='word_1_622' title='bbox 3721 2804 3764 2857; x_wconf 84' lang='grc' dir='ltr'>ἐν</span> 
     </span>
    </p>
   </div>
   <div class='ocr_carea' id='block_1_91' title="bbox 2226 2882 3832 2966">
    <p class='ocr_par' dir='ltr' id='par_1_91' title="bbox 2226 2882 3832 2966">
     <span class='ocr_line' id='line_1_92' title="bbox 2226 2882 3832 2966; baseline 0.007 -31"><span class='ocrx_word' id='word_1_623' title='bbox 2226 2883 2361 2936; x_wconf 86' lang='grc' dir='ltr'>κατά</span> <span class='ocrx_word' id='word_1_624' title='bbox 2412 2882 2598 2937; x_wconf 80' lang='grc' dir='ltr'>πολλὰ</span> <span class='ocrx_word' id='word_1_625' title='bbox 2649 2885 2785 2959; x_wconf 75' lang='grc' dir='ltr'>μέρη</span> <span class='ocrx_word' id='word_1_626' title='bbox 2818 2885 2906 2939; x_wconf 82' lang='grc' dir='ltr'>καὶ</span> <span class='ocrx_word' id='word_1_627' title='bbox 2938 2889 2972 2955; x_wconf 80' lang='grc' dir='ltr'>ἡ</span> <span class='ocrx_word' id='word_1_628' title='bbox 3001 2885 3285 2961; x_wconf 82' lang='grc' dir='ltr'>θεανδρική</span> <span class='ocrx_word' id='word_1_629' title='bbox 3318 2894 3419 2944; x_wconf 88' lang='grc' dir='ltr'><strong><em>τοῦ</em></strong></span> <span class='ocrx_word' id='word_1_630' title='bbox 3452 2892 3647 2965; x_wconf 80' lang='grc' dir='ltr'>Κυρίου</span> <span class='ocrx_word' id='word_1_631' title='bbox 3679 2892 3832 2966; x_wconf 77' lang='grc' dir='ltr'>μορφή</span> 
     </span>
    </p>
   </div>
   <div class='ocr_carea' id='block_1_92' title="bbox 2230 2972 3834 3051">
    <p class='ocr_par' dir='ltr' id='par_1_92' title="bbox 2230 2972 3834 3051">
     <span class='ocr_line' id='line_1_93' title="bbox 2230 2972 3834 3051; baseline 0.004 -27"><span class='ocrx_word' id='word_1_632' title='bbox 2230 2974 2581 3047; x_wconf 75' lang='grc' dir='ltr'>μετάχυμεύσ</span> <span class='ocrx_word' id='word_1_633' title='bbox 2643 2993 2746 3033; x_wconf 89' lang='grc' dir='ltr'><strong><em>εως</em></strong></span> <span class='ocrx_word' id='word_1_634' title='bbox 2822 2972 3204 3030; x_wconf 78' lang='grc' dir='ltr'>ἐκτετύπωται.</span> <span class='ocrx_word' id='word_1_635' title='bbox 3320 2981 3431 3048; x_wconf 78' lang='lat' dir='ltr'><strong><em>Qui</em></strong></span> <span class='ocrx_word' id='word_1_636' title='bbox 3505 2997 3626 3037; x_wconf 86' lang='lat' dir='ltr'><strong><em>vero</em></strong></span> <span class='ocrx_word' id='word_1_637' title='bbox 3694 2983 3834 3051; x_wconf 81' lang='lat' dir='ltr'><strong><em>adyta</em></strong></span> 
     </span>
    </p>
   </div>
   <div class='ocr_carea' id='block_1_93' title="bbox 2230 3061 3831 3140">
    <p class='ocr_par' dir='ltr' id='par_1_93' title="bbox 2230 3061 3831 3140">
     <span class='ocr_line' id='line_1_94' title="bbox 2230 3061 3831 3140; baseline 0.004 -27"><span class='ocrx_word' id='word_1_638' title='bbox 2230 3061 2457 3131; x_wconf 79' lang='lat' dir='ltr'><strong><em>hujusce</em></strong></span> <span class='ocrx_word' id='word_1_639' title='bbox 2478 3063 2663 3119; x_wconf 81' lang='lat' dir='ltr'><strong><em>divini</em></strong></span> <span class='ocrx_word' id='word_1_640' title='bbox 2705 3064 2899 3135; x_wconf 81' lang='lat' dir='ltr'><strong><em>templi</em></strong></span> <span class='ocrx_word' id='word_1_641' title='bbox 2934 3074 3193 3135; x_wconf 83' lang='lat' dir='ltr'><strong><em>separant</em></strong></span> <span class='ocrx_word' id='word_1_642' title='bbox 3223 3070 3483 3140; x_wconf 84' lang='lat' dir='ltr'><strong><em>cancelli,</em></strong></span> <span class='ocrx_word' id='word_1_643' title='bbox 3533 3066 3831 3125; x_wconf 57' lang='lat' dir='ltr'><strong><em>Deustone!</em></strong></span> 
     </span>
    </p>
   </div>
   <div class='ocr_carea' id='block_1_94' title="bbox 2232 3152 3835 3226">
    <p class='ocr_par' dir='ltr' id='par_1_94' title="bbox 2232 3152 3835 3226">
     <span class='ocr_line' id='line_1_95' title="bbox 2232 3152 3835 3226; baseline 0.004 -22"><span class='ocrx_word' id='word_1_644' title='bbox 2232 3162 2464 3220; x_wconf 84' lang='lat' dir='ltr'><strong><em>quantas</em></strong></span> <span class='ocrx_word' id='word_1_645' title='bbox 2497 3153 2556 3205; x_wconf 84' lang='lat' dir='ltr'><strong><em>in</em></strong></span> <span class='ocrx_word' id='word_1_646' title='bbox 2584 3169 2642 3207; x_wconf 85' lang='lat' dir='ltr'><strong><em>se</em></strong></span> <span class='ocrx_word' id='word_1_647' title='bbox 2670 3152 2892 3207; x_wconf 83' lang='lat' dir='ltr'><strong><em>divitias</em></strong></span> <span class='ocrx_word' id='word_1_648' title='bbox 2937 3155 3212 3209; x_wconf 76' lang='lat' dir='ltr'><strong><em>continent</em></strong></span> <span class='ocrx_word' id='word_1_649' title='bbox 3241 3154 3268 3209; x_wconf 88' lang='lat'><strong>?</strong></span> <span class='ocrx_word' id='word_1_650' title='bbox 3310 3173 3549 3226; x_wconf 85' lang='lat' dir='ltr'><strong><em>quorum</em></strong></span> <span class='ocrx_word' id='word_1_651' title='bbox 3597 3158 3835 3213; x_wconf 73' lang='lat' dir='ltr'><strong><em>columna?</em></strong></span> 
     </span>
    </p>
   </div>
   <div class='ocr_carea' id='block_1_95' title="bbox 2221 3239 3836 3319">
    <p class='ocr_par' dir='ltr' id='par_1_95' title="bbox 2221 3239 3836 3319">
     <span class='ocr_line' id='line_1_96' title="bbox 2221 3239 3836 3319; baseline 0.006 -26"><span class='ocrx_word' id='word_1_652' title='bbox 2221 3239 2664 3309; x_wconf 70' lang='lat' dir='ltr'><strong><em>portesqueimae</em></strong></span> <span class='ocrx_word' id='word_1_653' title='bbox 2693 3257 2879 3294; x_wconf 81' lang='lat' dir='ltr'><strong><em>omnes</em></strong></span> <span class='ocrx_word' id='word_1_654' title='bbox 2907 3256 2976 3295; x_wconf 79' lang='lat' dir='ltr'><strong><em>ex</em></strong></span> <span class='ocrx_word' id='word_1_655' title='bbox 3027 3253 3251 3311; x_wconf 83' lang='lat' dir='ltr'><strong><em>argento</em></strong></span> <span class='ocrx_word' id='word_1_656' title='bbox 3299 3246 3564 3319; x_wconf 72' lang='lat' dir='ltr'><strong><em>conﬂata:</em></strong></span> <span class='ocrx_word' id='word_1_657' title='bbox 3609 3250 3744 3313; x_wconf 87' lang='lat' dir='ltr'><strong><em>sunt,</em></strong></span> <span class='ocrx_word' id='word_1_658' title='bbox 3792 3253 3836 3303; x_wconf 80' lang='lat' dir='ltr'><strong><em>et</em></strong></span> 
     </span>
    </p>
   </div>
   <div class='ocr_carea' id='block_1_96' title="bbox 2223 3329 3834 3402">
    <p class='ocr_par' dir='ltr' id='par_1_96' title="bbox 2223 3329 3834 3402">
     <span class='ocr_line' id='line_1_97' title="bbox 2223 3329 3834 3402; baseline 0.001 -22"><span class='ocrx_word' id='word_1_659' title='bbox 2223 3329 2495 3396; x_wconf 82' lang='lat' dir='ltr'><strong><em>capitettis</em></strong></span> <span class='ocrx_word' id='word_1_660' title='bbox 2525 3344 2715 3382; x_wconf 88' lang='lat' dir='ltr'><strong><em>earum</em></strong></span> <span class='ocrx_word' id='word_1_661' title='bbox 2742 3331 3227 3398; x_wconf 76' lang='lat' dir='ltr'><strong><em>superincumbens</em></strong></span> <span class='ocrx_word' id='word_1_662' title='bbox 3257 3333 3412 3387; x_wconf 84' lang='lat' dir='ltr'><strong><em>trabs</em></strong></span> <span class='ocrx_word' id='word_1_663' title='bbox 3464 3343 3572 3388; x_wconf 86' lang='lat' dir='ltr'><strong><em>tota</em></strong></span> <span class='ocrx_word' id='word_1_664' title='bbox 3618 3350 3681 3389; x_wconf 72' lang='lat' dir='ltr'><strong><em>ea;</em></strong></span> <span class='ocrx_word' id='word_1_665' title='bbox 3716 3348 3834 3402; x_wconf 84' lang='lat' dir='ltr'><strong><em>puro</em></strong></span> 
     </span>
    </p>
   </div>
   <div class='ocr_carea' id='block_1_97' title="bbox 2221 3417 3835 3479">
    <p class='ocr_par' dir='ltr' id='par_1_97' title="bbox 2221 3417 3835 3479">
     <span class='ocr_line' id='line_1_98' title="bbox 2221 3417 3835 3479; baseline 0.004 -12"><span class='ocrx_word' id='word_1_666' title='bbox 2221 3430 2358 3469; x_wconf 88' lang='lat' dir='ltr'><strong><em>auro</em></strong></span> <span class='ocrx_word' id='word_1_667' title='bbox 2403 3421 2634 3479; x_wconf 78' lang='lat' dir='ltr'><strong><em>constat,</em></strong></span> <span class='ocrx_word' id='word_1_668' title='bbox 2670 3417 2967 3470; x_wconf 77' lang='lat' dir='ltr'><strong><em>universas</em></strong></span> <span class='ocrx_word' id='word_1_669' title='bbox 3006 3419 3262 3473; x_wconf 82' lang='lat' dir='ltr'><strong><em>Indorum</em></strong></span> <span class='ocrx_word' id='word_1_670' title='bbox 3309 3421 3537 3477; x_wconf 84' lang='lat' dir='ltr'><strong><em>divitias</em></strong></span> <span class='ocrx_word' id='word_1_671' title='bbox 3591 3420 3730 3477; x_wconf 86' lang='lat' dir='ltr'><strong><em>omni</em></strong></span> <span class='ocrx_word' id='word_1_672' title='bbox 3775 3436 3835 3473; x_wconf 69' lang='lat' dir='ltr'><strong><em>ex</em></strong></span> 
     </span>
    </p>
   </div>
   <div class='ocr_carea' id='block_1_98' title="bbox 2220 3505 3833 3576">
    <p class='ocr_par' dir='ltr' id='par_1_98' title="bbox 2220 3505 3833 3576">
     <span class='ocr_line' id='line_1_99' title="bbox 2220 3505 3833 3576; baseline 0.004 -22"><span class='ocrx_word' id='word_1_673' title='bbox 2220 3507 2375 3570; x_wconf 85' lang='lat' dir='ltr'><strong><em>parte</em></strong></span> <span class='ocrx_word' id='word_1_674' title='bbox 2401 3506 2763 3570; x_wconf 79' lang='lat' dir='ltr'><strong><em>circum/usas</em></strong></span> <span class='ocrx_word' id='word_1_675' title='bbox 2794 3505 3034 3573; x_wconf 75' lang='lat' dir='ltr'><strong><em>habens;</em></strong></span> <span class='ocrx_word' id='word_1_676' title='bbox 3093 3508 3151 3560; x_wconf 84' lang='lat' dir='ltr'><strong><em>in</em></strong></span> <span class='ocrx_word' id='word_1_677' title='bbox 3202 3524 3310 3576; x_wconf 88' lang='lat' dir='ltr'><strong><em>qua</em></strong></span> <span class='ocrx_word' id='word_1_678' title='bbox 3370 3511 3567 3565; x_wconf 83' lang='lat' dir='ltr'><strong><em>multis</em></strong></span> <span class='ocrx_word' id='word_1_679' title='bbox 3619 3511 3743 3564; x_wconf 84' lang='lat' dir='ltr'><strong><em>locis</em></strong></span> <span class='ocrx_word' id='word_1_680' title='bbox 3788 3516 3833 3562; x_wconf 78' lang='lat' dir='ltr'><strong><em>ct</em></strong></span> 
     </span>
    </p>
   </div>
   <div class='ocr_carea' id='block_1_99' title="bbox 2223 3592 3827 3670">
    <p class='ocr_par' dir='ltr' id='par_1_99' title="bbox 2223 3592 3827 3670">
     <span class='ocr_line' id='line_1_100' title="bbox 2223 3592 3827 3670; baseline 0.004 -26"><span class='ocrx_word' id='word_1_681' title='bbox 2223 3592 2545 3646; x_wconf 81' lang='lat' dir='ltr'><strong><em>theandricu</em></strong></span> <span class='ocrx_word' id='word_1_682' title='bbox 2576 3593 2738 3647; x_wconf 83' lang='lat' dir='ltr'><strong><em>Domi</em></strong></span> <span class='ocrx_word' id='word_1_683' title='bbox 2772 3598 2954 3664; x_wconf 78' lang='lat' dir='ltr'><strong><em>[arma</em></strong></span> <span class='ocrx_word' id='word_1_684' title='bbox 2981 3611 3142 3665; x_wconf 83' lang='lat' dir='ltr'><strong><em>apere</em></strong></span> <span class='ocrx_word' id='word_1_685' title='bbox 3172 3599 3423 3667; x_wconf 87' lang='lat' dir='ltr'><strong><em>chymico</em></strong></span> <span class='ocrx_word' id='word_1_686' title='bbox 3472 3615 3720 3670; x_wconf 70' lang='lat' dir='ltr'><strong><em>expressa</em></strong></span> <span class='ocrx_word' id='word_1_687' title='bbox 3745 3604 3827 3653; x_wconf 81' lang='lat' dir='ltr'><strong><em>est.</em></strong></span> 
     </span>
    </p>
   </div>
   <div class='ocr_carea' id='block_1_100' title="bbox 2219 3686 3831 3766">
    <p class='ocr_par' dir='ltr' id='par_1_100' title="bbox 2219 3686 3831 3766">
     <span class='ocr_line' id='line_1_101' title="bbox 2219 3686 3831 3766; baseline 0.004 -26"><span class='ocrx_word' id='word_1_688' title='bbox 2219 3686 2349 3740; x_wconf 79' lang='lat' dir='ltr'><strong><em>Haec</em></strong></span> <span class='ocrx_word' id='word_1_689' title='bbox 2381 3688 2832 3752; x_wconf 81' lang='lat' dir='ltr'><strong><em>Constantinus;</em></strong></span> <span class='ocrx_word' id='word_1_690' title='bbox 2865 3691 2963 3761; x_wconf 90' lang='lat' dir='ltr'><strong><em>qui</em></strong></span> <span class='ocrx_word' id='word_1_691' title='bbox 2990 3697 3045 3745; x_wconf 89' lang='lat' dir='ltr'><strong><em>et</em></strong></span> <span class='ocrx_word' id='word_1_692' title='bbox 3074 3691 3213 3746; x_wconf 82' lang='lat' dir='ltr'><strong><em>alibi</em></strong></span> <span class='ocrx_word' id='word_1_693' title='bbox 3254 3693 3480 3751; x_wconf 84' lang='lat' dir='ltr'><strong><em>similia</em></strong></span> <span class='ocrx_word' id='word_1_694' title='bbox 3520 3697 3588 3751; x_wconf 91' lang='lat' dir='ltr'><strong><em>de</em></strong></span> <span class='ocrx_word' id='word_1_695' title='bbox 3635 3694 3831 3766; x_wconf 81' lang='lat' dir='ltr'><strong><em>magni-</em></strong></span> 
     </span>
    </p>
   </div>
   <div class='ocr_carea' id='block_1_101' title="bbox 2222 3776 3830 3856">
    <p class='ocr_par' dir='ltr' id='par_1_101' title="bbox 2222 3776 3830 3856">
     <span class='ocr_line' id='line_1_102' title="bbox 2222 3776 3830 3856; baseline 0.005 -28"><span class='ocrx_word' id='word_1_696' title='bbox 2222 3776 2603 3831; x_wconf 81' lang='lat' dir='ltr'><strong><em>licentissima</em></strong></span> <span class='ocrx_word' id='word_1_697' title='bbox 2635 3779 3002 3834; x_wconf 80' lang='lat' dir='ltr'><strong><em>decoratione</em></strong></span> <span class='ocrx_word' id='word_1_698' title='bbox 3035 3779 3235 3851; x_wconf 88' lang='lat' dir='ltr'><strong><em>templi</em></strong></span> <span class='ocrx_word' id='word_1_699' title='bbox 3267 3781 3518 3839; x_wconf 88' lang='lat' dir='ltr'><strong><em>alterius</em></strong></span> <span class='ocrx_word' id='word_1_700' title='bbox 3576 3800 3672 3856; x_wconf 89' lang='lat' dir='ltr'><strong><em>per</em></strong></span> <span class='ocrx_word' id='word_1_701' title='bbox 3697 3799 3830 3838; x_wconf 86' lang='lat' dir='ltr'><strong><em>eum-</em></strong></span> 
     </span>
    </p>
   </div>
   <div class='ocr_carea' id='block_1_102' title="bbox 2220 3863 3827 3944">
    <p class='ocr_par' dir='ltr' id='par_1_102' title="bbox 2220 3863 3827 3944">
     <span class='ocr_line' id='line_1_103' title="bbox 2220 3863 3827 3944; baseline 0.004 -28"><span class='ocrx_word' id='word_1_702' title='bbox 2220 3863 2349 3916; x_wconf 87' lang='lat' dir='ltr'><strong><em>dem</em></strong></span> <span class='ocrx_word' id='word_1_703' title='bbox 2385 3864 2661 3919; x_wconf 80' lang='lat' dir='ltr'><strong><em>Basilium</em></strong></span> <span class='ocrx_word' id='word_1_704' title='bbox 2693 3869 3019 3937; x_wconf 82' lang='lat' dir='ltr'><strong><em>Augustum</em></strong></span> <span class='ocrx_word' id='word_1_705' title='bbox 3057 3869 3206 3922; x_wconf 79' lang='lat' dir='ltr'><strong><em>facta</em></strong></span> <span class='ocrx_word' id='word_1_706' title='bbox 3240 3872 3525 3939; x_wconf 76' lang='lat' dir='ltr'><strong><em>referens,</em></strong></span> <span class='ocrx_word' id='word_1_707' title='bbox 3550 3879 3827 3944; x_wconf 81' lang='lat' dir='ltr'><strong><em>postquam</em></strong></span> 
     </span>
    </p>
   </div>
   <div class='ocr_carea' id='block_1_103' title="bbox 2219 3952 3828 4026">
    <p class='ocr_par' dir='ltr' id='par_1_103' title="bbox 2219 3952 3828 4026">
     <span class='ocr_line' id='line_1_104' title="bbox 2219 3952 3828 4026; baseline 0.004 -22"><span class='ocrx_word' id='word_1_708' title='bbox 2219 3952 2364 4005; x_wconf 83' lang='lat' dir='ltr'><strong><em>dixit</em></strong></span> <span class='ocrx_word' id='word_1_709' title='bbox 2394 3953 2592 4022; x_wconf 87' lang='lat' dir='ltr'><strong><em>templi</em></strong></span> <span class='ocrx_word' id='word_1_710' title='bbox 2629 3956 2873 4024; x_wconf 77' lang='lat' dir='ltr'><strong><em>parietes</em></strong></span> <span class='ocrx_word' id='word_1_711' title='bbox 2912 3961 2968 4009; x_wconf 88' lang='lat' dir='ltr'><strong><em>et</em></strong></span> <span class='ocrx_word' id='word_1_712' title='bbox 3026 3955 3151 4025; x_wconf 85' lang='lat' dir='ltr'><strong><em>ipsa</em></strong></span> <span class='ocrx_word' id='word_1_713' title='bbox 3207 3961 3537 4026; x_wconf 80' lang='lat' dir='ltr'><strong><em>prmsertim</em></strong></span> <span class='ocrx_word' id='word_1_714' title='bbox 3590 3961 3828 4013; x_wconf 82' lang='lat' dir='ltr'><strong><em>interiora</em></strong></span> 
     </span>
    </p>
   </div>
   <div class='ocr_carea' id='block_1_104' title="bbox 2218 4042 3830 4118">
    <p class='ocr_par' dir='ltr' id='par_1_104' title="bbox 2218 4042 3830 4118">
     <span class='ocr_line' id='line_1_105' title="bbox 2218 4042 3830 4118; baseline 0.003 -24"><span class='ocrx_word' id='word_1_715' title='bbox 2218 4042 2521 4111; x_wconf 78' lang='lat' dir='ltr'><strong><em>adytorum</em></strong></span> <span class='ocrx_word' id='word_1_716' title='bbox 2540 4052 2800 4112; x_wconf 85' lang='lat' dir='ltr'><strong><em>argento,</em></strong></span> <span class='ocrx_word' id='word_1_717' title='bbox 2816 4044 3231 4113; x_wconf 84' lang='lat' dir='ltr'><strong><em>auro,gemmis</em></strong></span> <span class='ocrx_word' id='word_1_718' title='bbox 3247 4054 3303 4099; x_wconf 88' lang='lat' dir='ltr'><strong><em>et</em></strong></span> <span class='ocrx_word' id='word_1_719' title='bbox 3329 4048 3648 4102; x_wconf 89' lang='lat' dir='ltr'><strong><em>unionibus</em></strong></span> <span class='ocrx_word' id='word_1_720' title='bbox 3663 4048 3830 4118; x_wconf 88' lang='lat' dir='ltr'><strong><em>splen-</em></strong></span> 
     </span>
    </p>
   </div>
   <div class='ocr_carea' id='block_1_105' title="bbox 2216 4130 3824 4202">
    <p class='ocr_par' dir='ltr' id='par_1_105' title="bbox 2216 4130 3824 4202">
     <span class='ocr_line' id='line_1_106' title="bbox 2216 4130 3824 4202; baseline 0.002 -21"><span class='ocrx_word' id='word_1_721' title='bbox 2216 4130 2523 4184; x_wconf 86' lang='lat' dir='ltr'><strong><em>didissime</em></strong></span> <span class='ocrx_word' id='word_1_722' title='bbox 2562 4132 2906 4196; x_wconf 86' lang='lat' dir='ltr'><strong><em>incrustata,</em></strong></span> <span class='ocrx_word' id='word_1_723' title='bbox 2964 4133 3194 4202; x_wconf 84' lang='lat' dir='ltr'><strong><em>preprie</em></strong></span> <span class='ocrx_word' id='word_1_724' title='bbox 3245 4136 3416 4189; x_wconf 72' lang='lat' dir='ltr'><strong><em>addit</em></strong></span> <span class='ocrx_word' id='word_1_725' title='bbox 3469 4137 3540 4190; x_wconf 89' lang='lat' dir='ltr'><strong><em>de</em></strong></span> <span class='ocrx_word' id='word_1_726' title='bbox 3591 4133 3824 4190; x_wconf 82' lang='lat' dir='ltr'><strong><em>exteriori</em></strong></span> 
     </span>
    </p>
   </div>
   <div class='ocr_carea' id='block_1_106' title="bbox 2215 4218 3825 4288">
    <p class='ocr_par' dir='ltr' id='par_1_106' title="bbox 2215 4218 3825 4288">
     <span class='ocr_line' id='line_1_107' title="bbox 2215 4218 3825 4288; baseline 0.002 -19"><span class='ocrx_word' id='word_1_727' title='bbox 2215 4218 2359 4272; x_wconf 77' lang='lat' dir='ltr'><strong><em>l‘acie</em></strong></span> <span class='ocrx_word' id='word_1_728' title='bbox 2388 4218 2537 4288; x_wconf 89' lang='lat' dir='ltr'><strong><em>septi</em></strong></span> <span class='ocrx_word' id='word_1_729' title='bbox 2568 4218 2748 4272; x_wconf 83' lang='lat' dir='ltr'><strong><em>altare</em></strong></span> <span class='ocrx_word' id='word_1_730' title='bbox 2778 4218 3189 4274; x_wconf 83' lang='lat' dir='ltr'><strong><em>abscondentie</em></strong></span> <span class='ocrx_word' id='word_1_731' title='bbox 3221 4236 3234 4273; x_wconf 88' lang='lat'><strong>:</strong></span> <span class='ocrx_word' id='word_1_732' title='bbox 3287 4220 3389 4274; x_wconf 82' lang='grc' dir='ltr'><strong><em>Καὶ</em></strong></span> <span class='ocrx_word' id='word_1_733' title='bbox 3453 4219 3515 4276; x_wconf 85' lang='grc' dir='ltr'>ἐκ</span> <span class='ocrx_word' id='word_1_734' title='bbox 3544 4226 3650 4277; x_wconf 80' lang='grc' dir='ltr'>τῶν</span> <span class='ocrx_word' id='word_1_735' title='bbox 3699 4219 3825 4280; x_wconf 76' lang='grc' dir='ltr'>ἐκτὸς</span> 
     </span>
    </p>
   </div>
   <div class='ocr_carea' id='block_1_107' title="bbox 2214 4298 3821 4380">
    <p class='ocr_par' dir='ltr' id='par_1_107' title="bbox 2214 4298 3821 4380">
     <span class='ocr_line' id='line_1_108' title="bbox 2214 4298 3821 4380; baseline 0.002 -25"><span class='ocrx_word' id='word_1_736' title='bbox 2214 4298 2541 4377; x_wconf 84' lang='grc' dir='ltr'>διείργουσαι</span> <span class='ocrx_word' id='word_1_737' title='bbox 2616 4303 2682 4357; x_wconf 74' lang='grc' dir='ltr'><strong><em>τὰ</em></strong></span> <span class='ocrx_word' id='word_1_738' title='bbox 2757 4304 3111 4376; x_wconf 74' lang='grc' dir='ltr'>θυσιαστήρια</span> <span class='ocrx_word' id='word_1_739' title='bbox 3182 4304 3464 4380; x_wconf 83' lang='grc' dir='ltr'>κιγκλίδες</span> <span class='ocrx_word' id='word_1_740' title='bbox 3539 4309 3629 4363; x_wconf 83' lang='grc' dir='ltr'><strong><em>καὶ</em></strong></span> <span class='ocrx_word' id='word_1_741' title='bbox 3676 4310 3734 4363; x_wconf 72' lang='grc' dir='ltr'>τὰ</span> <span class='ocrx_word' id='word_1_742' title='bbox 3783 4306 3821 4358; x_wconf 75' lang='grc' dir='ltr'>ἐν</span> 
     </span>
    </p>
   </div>
   <div class='ocr_carea' id='block_1_108' title="bbox 2211 4389 3821 4472">
    <p class='ocr_par' dir='ltr' id='par_1_108' title="bbox 2211 4389 3821 4472">
     <span class='ocr_line' id='line_1_109' title="bbox 2211 4389 3821 4472; baseline 0.004 -29"><span class='ocrx_word' id='word_1_743' title='bbox 2211 4390 2396 4451; x_wconf 83' lang='grc' dir='ltr'>αὐταῖς</span> <span class='ocrx_word' id='word_1_744' title='bbox 2447 4389 2746 4465; x_wconf 84' lang='grc' dir='ltr'>περίστυλα</span> <span class='ocrx_word' id='word_1_745' title='bbox 2782 4437 2795 4460; x_wconf 82' lang='grc'><em>,</em></span> <span class='ocrx_word' id='word_1_746' title='bbox 2851 4391 2940 4445; x_wconf 85' lang='grc' dir='ltr'><strong><em>καὶ</em></strong></span> <span class='ocrx_word' id='word_1_747' title='bbox 3004 4396 3072 4446; x_wconf 80' lang='grc' dir='ltr'>τὰ</span> <span class='ocrx_word' id='word_1_748' title='bbox 3123 4392 3323 4457; x_wconf 76' lang='grc' dir='ltr'>ἄνωθεν</span> <span class='ocrx_word' id='word_1_749' title='bbox 3396 4397 3523 4450; x_wconf 79' lang='grc' dir='ltr'>οἷον</span> <span class='ocrx_word' id='word_1_750' title='bbox 3588 4395 3821 4472; x_wconf 67' lang='grc' dir='ltr'>ὑπέρθυρα</span> 
     </span>
    </p>
   </div>
   <div class='ocr_carea' id='block_1_109' title="bbox 2202 4477 3819 4559">
    <p class='ocr_par' dir='ltr' id='par_1_109' title="bbox 2202 4477 3819 4559">
     <span class='ocr_line' id='line_1_110' title="bbox 2202 4477 3819 4559; baseline 0.004 -28"><span class='ocrx_word' id='word_1_751' title='bbox 2202 4479 2636 4551; x_wconf 79' lang='grc' dir='ltr'>χρηματίζοντα,</span> <span class='ocrx_word' id='word_1_752' title='bbox 2678 4477 2790 4533; x_wconf 68' lang='grc' dir='ltr'>οἝτε</span> <span class='ocrx_word' id='word_1_753' title='bbox 2838 4478 2984 4540; x_wconf 74' lang='grc' dir='ltr'>ἐντὸς</span> <span class='ocrx_word' id='word_1_754' title='bbox 3032 4481 3208 4548; x_wconf 79' lang='grc' dir='ltr'>θᾶκοι,</span> <span class='ocrx_word' id='word_1_755' title='bbox 3249 4482 3338 4536; x_wconf 87' lang='grc' dir='ltr'><strong><em>καὶ</em></strong></span> <span class='ocrx_word' id='word_1_756' title='bbox 3392 4485 3451 4538; x_wconf 73' lang='grc' dir='ltr'>αἱ</span> <span class='ocrx_word' id='word_1_757' title='bbox 3499 4487 3607 4559; x_wconf 76' lang='grc' dir='ltr'>πρὸ</span> <span class='ocrx_word' id='word_1_758' title='bbox 3642 4485 3819 4539; x_wconf 78' lang='grc' dir='ltr'>τούτων</span> 
     </span>
    </p>
   </div>
   <div class='ocr_carea' id='block_1_110' title="bbox 2206 4564 3819 4647">
    <p class='ocr_par' dir='ltr' id='par_1_110' title="bbox 2206 4564 3819 4647">
     <span class='ocr_line' id='line_1_111' title="bbox 2206 4564 3819 4647; baseline 0.004 -30"><span class='ocrx_word' id='word_1_759' title='bbox 2206 4564 2488 4639; x_wconf 80' lang='grc' dir='ltr'>βαθμῖδες,</span> <span class='ocrx_word' id='word_1_760' title='bbox 2536 4568 2627 4621; x_wconf 81' lang='grc' dir='ltr'>καὶ</span> <span class='ocrx_word' id='word_1_761' title='bbox 2676 4568 2833 4621; x_wconf 82' lang='grc' dir='ltr'>αὐταὶ</span> <span class='ocrx_word' id='word_1_762' title='bbox 2876 4569 2927 4621; x_wconf 85' lang='grc' dir='ltr'><strong><em>αὶ</em></strong></span> <span class='ocrx_word' id='word_1_763' title='bbox 2976 4568 3116 4643; x_wconf 79' lang='grc' dir='ltr'>ἱεραὶ</span> <span class='ocrx_word' id='word_1_764' title='bbox 3170 4570 3460 4642; x_wconf 82' lang='grc' dir='ltr'>τράπεζαι,</span> <span class='ocrx_word' id='word_1_765' title='bbox 3509 4573 3562 4643; x_wconf 70' lang='grc' dir='ltr'>ἐξ</span> <span class='ocrx_word' id='word_1_766' title='bbox 3609 4571 3819 4647; x_wconf 80' lang='grc' dir='ltr'>ἀργύρου</span> 
     </span>
    </p>
   </div>
   <div class='ocr_carea' id='block_1_111' title="bbox 2200 4652 3818 4733">
    <p class='ocr_par' dir='ltr' id='par_1_111' title="bbox 2200 4652 3818 4733">
     <span class='ocr_line' id='line_1_112' title="bbox 2200 4652 3818 4733; baseline 0.003 -27"><span class='ocrx_word' id='word_1_767' title='bbox 2200 4652 2372 4707; x_wconf 74' lang='grc' dir='ltr'>πάντα</span> <span class='ocrx_word' id='word_1_768' title='bbox 2401 4652 2830 4729; x_wconf 72' lang='grc' dir='ltr'>περικεχυμένον</span> <span class='ocrx_word' id='word_1_769' title='bbox 2862 4652 3048 4729; x_wconf 80' lang='grc' dir='ltr'>ἔχουσι</span> <span class='ocrx_word' id='word_1_770' title='bbox 3103 4658 3195 4711; x_wconf 85' lang='grc' dir='ltr'>τὸν</span> <span class='ocrx_word' id='word_1_771' title='bbox 3252 4661 3489 4733; x_wconf 85' lang='grc' dir='ltr'>χρυσόν.</span> <span class='ocrx_word' id='word_1_772' title='bbox 3520 4667 3593 4718; x_wconf 64' lang='lat' dir='ltr'><strong><em>lit</em></strong></span> <span class='ocrx_word' id='word_1_773' title='bbox 3638 4662 3730 4733; x_wconf 81' lang='lat' dir='ltr'><strong><em>qui</em></strong></span> <span class='ocrx_word' id='word_1_774' title='bbox 3761 4659 3818 4713; x_wconf 84' lang='lat' dir='ltr'><strong><em>ab</em></strong></span> 
     </span>
    </p>
   </div>
   <div class='ocr_carea' id='block_1_112' title="bbox 2198 4745 3817 4816">
    <p class='ocr_par' dir='ltr' id='par_1_112' title="bbox 2198 4745 3817 4816">
     <span class='ocr_line' id='line_1_113' title="bbox 2198 4745 3817 4816; baseline 0.002 -18"><span class='ocrx_word' id='word_1_775' title='bbox 2198 4747 2463 4799; x_wconf 72' lang='lat' dir='ltr'><strong><em>exteriori</em></strong></span> <span class='ocrx_word' id='word_1_776' title='bbox 2481 4745 2670 4816; x_wconf 80' lang='lat' dir='ltr'><strong><em>templi</em></strong></span> <span class='ocrx_word' id='word_1_777' title='bbox 2709 4757 2867 4816; x_wconf 88' lang='lat' dir='ltr'><strong><em>parte</em></strong></span> <span class='ocrx_word' id='word_1_778' title='bbox 2920 4747 3299 4802; x_wconf 80' lang='lat' dir='ltr'><strong><em>sanctumium</em></strong></span> <span class='ocrx_word' id='word_1_779' title='bbox 3339 4752 3634 4806; x_wconf 73' lang='lat' dir='ltr'><strong><em>secludunt</em></strong></span> <span class='ocrx_word' id='word_1_780' title='bbox 3688 4747 3817 4804; x_wconf 71' lang='lat'><strong><em>610</em></strong></span> 
     </span>
    </p>
   </div>
   <div class='ocr_carea' id='block_1_113' title="bbox 2196 4833 3819 4909">
    <p class='ocr_par' dir='ltr' id='par_1_113' title="bbox 2196 4833 3819 4909">
     <span class='ocr_line' id='line_1_114' title="bbox 2196 4833 3819 4909; baseline 0.004 -24"><span class='ocrx_word' id='word_1_781' title='bbox 2196 4834 2448 4900; x_wconf 82' lang='lat' dir='ltr'><strong><em>cancelli,</em></strong></span> <span class='ocrx_word' id='word_1_782' title='bbox 2478 4844 2527 4888; x_wconf 86' lang='lat' dir='ltr'><strong><em>et</em></strong></span> <span class='ocrx_word' id='word_1_783' title='bbox 2563 4836 2621 4888; x_wconf 87' lang='lat' dir='ltr'><strong><em>in</em></strong></span> <span class='ocrx_word' id='word_1_784' title='bbox 2670 4833 2803 4904; x_wconf 81' lang='lat' dir='ltr'><strong><em>ipsis</em></strong></span> <span class='ocrx_word' id='word_1_785' title='bbox 2851 4834 3139 4900; x_wconf 72' lang='lat' dir='ltr'><strong><em>columnae,</em></strong></span> <span class='ocrx_word' id='word_1_786' title='bbox 3170 4851 3294 4907; x_wconf 70' lang='lat' dir='ltr'><strong><em>quae</em></strong></span> <span class='ocrx_word' id='word_1_787' title='bbox 3349 4854 3523 4909; x_wconf 86' lang='lat' dir='ltr'><strong><em>super</em></strong></span> <span class='ocrx_word' id='word_1_788' title='bbox 3575 4856 3664 4894; x_wconf 84' lang='lat' dir='ltr'><strong><em>eas</em></strong></span> <span class='ocrx_word' id='word_1_789' title='bbox 3709 4842 3819 4892; x_wconf 74' lang='lat' dir='ltr'><strong><em>sunt</em></strong></span> 
     </span>
    </p>
   </div>
   <div class='ocr_carea' id='block_1_114' title="bbox 2196 4922 3813 4996">
    <p class='ocr_par' dir='ltr' id='par_1_114' title="bbox 2196 4922 3813 4996">
     <span class='ocr_line' id='line_1_115' title="bbox 2196 4922 3813 4996; baseline 0.003 -21"><span class='ocrx_word' id='word_1_790' title='bbox 2196 4922 2567 4993; x_wconf 83' lang='lat' dir='ltr'><strong><em>hyperbhyra,</em></strong></span> <span class='ocrx_word' id='word_1_791' title='bbox 2599 4927 2650 4977; x_wconf 85' lang='lat' dir='ltr'><strong><em>et</em></strong></span> <span class='ocrx_word' id='word_1_792' title='bbox 2678 4924 3029 4991; x_wconf 55' lang='lat' dir='ltr'><strong><em>intusseltae,</em></strong></span> <span class='ocrx_word' id='word_1_793' title='bbox 3085 4926 3327 4996; x_wconf 63' lang='lat' dir='ltr'><strong><em>ipsaeque</em></strong></span> <span class='ocrx_word' id='word_1_794' title='bbox 3385 4944 3563 4982; x_wconf 62' lang='lat' dir='ltr'><strong><em>sacrm</em></strong></span> <span class='ocrx_word' id='word_1_795' title='bbox 3617 4937 3813 4989; x_wconf 57' lang='lat' dir='ltr'><strong><em>mensa&quot;,</em></strong></span> 
     </span>
    </p>
   </div>
   <div class='ocr_carea' id='block_1_115' title="bbox 2193 5021 3815 5091">
    <p class='ocr_par' dir='ltr' id='par_1_115' title="bbox 2193 5021 3815 5091">
     <span class='ocr_line' id='line_1_116' title="bbox 2193 5021 3815 5091; baseline 0.002 -18"><span class='ocrx_word' id='word_1_796' title='bbox 2193 5021 2376 5074; x_wconf 83' lang='lat' dir='ltr'><strong><em>omnia</em></strong></span> <span class='ocrx_word' id='word_1_797' title='bbox 2408 5037 2477 5075; x_wconf 75' lang='lat' dir='ltr'><strong><em>ea:</em></strong></span> <span class='ocrx_word' id='word_1_798' title='bbox 2505 5025 2737 5091; x_wconf 82' lang='lat' dir='ltr'><strong><em>argento</em></strong></span> <span class='ocrx_word' id='word_1_799' title='bbox 2769 5022 3165 5088; x_wconf 83' lang='lat' dir='ltr'><strong><em>circumfusum</em></strong></span> <span class='ocrx_word' id='word_1_800' title='bbox 3220 5022 3424 5078; x_wconf 83' lang='lat' dir='ltr'><strong><em>habent</em></strong></span> <span class='ocrx_word' id='word_1_801' title='bbox 3472 5042 3689 5080; x_wconf 87' lang='lat' dir='ltr'><strong><em>aurum.</em></strong></span> <span class='ocrx_word' id='word_1_802' title='bbox 3746 5023 3815 5076; x_wconf 78' lang='lat' dir='ltr'><strong><em>ita</em></strong></span> 
     </span>
    </p>
   </div>
   <div class='ocr_carea' id='block_1_116' title="bbox 2190 5108 3811 5182">
    <p class='ocr_par' dir='ltr' id='par_1_116' title="bbox 2190 5108 3811 5182">
     <span class='ocr_line' id='line_1_117' title="bbox 2190 5108 3811 5182; baseline 0.001 -21"><span class='ocrx_word' id='word_1_803' title='bbox 2190 5108 2287 5162; x_wconf 90' lang='lat' dir='ltr'><strong><em>ille</em></strong></span> <span class='ocrx_word' id='word_1_804' title='bbox 2323 5127 2338 5176; x_wconf 90' lang='lat'><strong>;</strong></span> <span class='ocrx_word' id='word_1_805' title='bbox 2370 5109 2585 5178; x_wconf 89' lang='lat' dir='ltr'><strong><em>quibus</em></strong></span> <span class='ocrx_word' id='word_1_806' title='bbox 2615 5108 2831 5162; x_wconf 86' lang='lat' dir='ltr'><strong><em>similia</em></strong></span> <span class='ocrx_word' id='word_1_807' title='bbox 2860 5109 3112 5164; x_wconf 89' lang='lat' dir='ltr'><strong><em>Codinus</em></strong></span> <span class='ocrx_word' id='word_1_808' title='bbox 3144 5111 3215 5165; x_wconf 89' lang='lat' dir='ltr'><strong><em>de</em></strong></span> <span class='ocrx_word' id='word_1_809' title='bbox 3264 5112 3493 5182; x_wconf 87' lang='lat' dir='ltr'><strong><em>templo</em></strong></span> <span class='ocrx_word' id='word_1_810' title='bbox 3521 5118 3578 5166; x_wconf 81' lang='lat'><strong><em>8.</em></strong></span> <span class='ocrx_word' id='word_1_811' title='bbox 3611 5109 3811 5181; x_wconf 68' lang='lat' dir='ltr'><strong><em>Sophim</em></strong></span> 
     </span>
    </p>
   </div>
   <div class='ocr_carea' id='block_1_117' title="bbox 2190 5196 3809 5268">
    <p class='ocr_par' dir='ltr' id='par_1_117' title="bbox 2190 5196 3809 5268">
     <span class='ocr_line' id='line_1_118' title="bbox 2190 5196 3809 5268; baseline 0 -19"><span class='ocrx_word' id='word_1_812' title='bbox 2190 5201 2493 5251; x_wconf 82' lang='lat' dir='ltr'><strong><em>memorat.</em></strong></span> <span class='ocrx_word' id='word_1_813' title='bbox 2530 5196 2642 5250; x_wconf 78' lang='lat' dir='ltr'><strong><em>Res</em></strong></span> <span class='ocrx_word' id='word_1_814' title='bbox 2674 5213 2844 5266; x_wconf 86' lang='lat' dir='ltr'><strong><em>porro</em></strong></span> <span class='ocrx_word' id='word_1_815' title='bbox 2867 5200 2994 5267; x_wconf 87' lang='lat' dir='ltr'><strong><em>ipsa</em></strong></span> <span class='ocrx_word' id='word_1_816' title='bbox 3023 5197 3301 5268; x_wconf 87' lang='lat' dir='ltr'><strong><em>loquitur,</em></strong></span> <span class='ocrx_word' id='word_1_817' title='bbox 3335 5206 3396 5253; x_wconf 85' lang='lat' dir='ltr'><strong><em>et</em></strong></span> <span class='ocrx_word' id='word_1_818' title='bbox 3429 5202 3809 5256; x_wconf 63' lang='lat' dir='ltr'><strong><em>architecturae</em></strong></span> 
     </span>
    </p>
   </div>
   <div class='ocr_carea' id='block_1_118' title="bbox 2188 5284 3806 5354">
    <p class='ocr_par' dir='ltr' id='par_1_118' title="bbox 2188 5284 3806 5354">
     <span class='ocr_line' id='line_1_119' title="bbox 2188 5284 3806 5354; baseline 0.001 -17"><span class='ocrx_word' id='word_1_819' title='bbox 2188 5285 2336 5339; x_wconf 86' lang='lat' dir='ltr'><strong><em>ratio</em></strong></span> <span class='ocrx_word' id='word_1_820' title='bbox 2368 5285 2567 5354; x_wconf 82' lang='lat' dir='ltr'><strong><em>exigit,</em></strong></span> <span class='ocrx_word' id='word_1_821' title='bbox 2592 5284 2687 5340; x_wconf 87' lang='lat' dir='ltr'><strong><em>isti</em></strong></span> <span class='ocrx_word' id='word_1_822' title='bbox 2722 5284 2857 5339; x_wconf 87' lang='lat' dir='ltr'><strong><em>moli</em></strong></span> <span class='ocrx_word' id='word_1_823' title='bbox 2888 5284 3296 5342; x_wconf 85' lang='lat' dir='ltr'><strong><em>columnarum</em></strong></span> <span class='ocrx_word' id='word_1_824' title='bbox 3326 5298 3388 5342; x_wconf 86' lang='lat' dir='ltr'><strong><em>ct</em></strong></span> <span class='ocrx_word' id='word_1_825' title='bbox 3432 5288 3624 5344; x_wconf 63' lang='lat' dir='ltr'><strong><em>caeteri</em></strong></span> <span class='ocrx_word' id='word_1_826' title='bbox 3652 5302 3806 5342; x_wconf 87' lang='lat' dir='ltr'><strong><em>orna-</em></strong></span> 
     </span>
    </p>
   </div>
   <div class='ocr_carea' id='block_1_119' title="bbox 2187 5373 3800 5438">
    <p class='ocr_par' dir='ltr' id='par_1_119' title="bbox 2187 5373 3800 5438">
     <span class='ocr_line' id='line_1_120' title="bbox 2187 5373 3800 5438; baseline 0.002 -12"><span class='ocrx_word' id='word_1_827' title='bbox 2187 5384 2280 5427; x_wconf 89' lang='lat' dir='ltr'><strong><em>tus</em></strong></span> <span class='ocrx_word' id='word_1_828' title='bbox 2311 5374 2606 5427; x_wconf 80' lang='lat' dir='ltr'><strong><em>substerni</em></strong></span> <span class='ocrx_word' id='word_1_829' title='bbox 2639 5373 2825 5427; x_wconf 83' lang='lat' dir='ltr'><strong><em>basim</em></strong></span> <span class='ocrx_word' id='word_1_830' title='bbox 2871 5373 3143 5429; x_wconf 88' lang='lat' dir='ltr'><strong><em>debuisse</em></strong></span> <span class='ocrx_word' id='word_1_831' title='bbox 3179 5392 3210 5430; x_wconf 91' lang='lat' dir='ltr'><strong><em>e</em></strong></span> <span class='ocrx_word' id='word_1_832' title='bbox 3260 5375 3386 5431; x_wconf 85' lang='lat' dir='ltr'><strong><em>solo</em></strong></span> <span class='ocrx_word' id='word_1_833' title='bbox 3445 5381 3800 5438; x_wconf 85' lang='lat' dir='ltr'><strong><em>exstantem;</em></strong></span> 
     </span>
    </p>
   </div>
   <div class='ocr_carea' id='block_1_120' title="bbox 2185 5461 3800 5536">
    <p class='ocr_par' dir='ltr' id='par_1_120' title="bbox 2185 5461 3800 5536">
     <span class='ocr_line' id='line_1_121' title="bbox 2185 5461 3800 5536; baseline 0 -23"><span class='ocrx_word' id='word_1_834' title='bbox 2185 5478 2359 5532; x_wconf 87' lang='lat' dir='ltr'><strong><em>quam</em></strong></span> <span class='ocrx_word' id='word_1_835' title='bbox 2393 5467 2448 5515; x_wconf 83' lang='lat' dir='ltr'><strong><em>et</em></strong></span> <span class='ocrx_word' id='word_1_836' title='bbox 2475 5461 2895 5517; x_wconf 80' lang='lat' dir='ltr'><strong><em>Constantinus</em></strong></span> <span class='ocrx_word' id='word_1_837' title='bbox 2926 5462 3197 5517; x_wconf 79' lang='lat' dir='ltr'><strong><em>indicavit</em></strong></span> <span class='ocrx_word' id='word_1_838' title='bbox 3220 5463 3336 5518; x_wconf 89' lang='lat' dir='ltr'><strong><em>illis</em></strong></span> <span class='ocrx_word' id='word_1_839' title='bbox 3380 5466 3599 5536; x_wconf 87' lang='lat' dir='ltr'><strong><em>prioris</em></strong></span> <span class='ocrx_word' id='word_1_840' title='bbox 3654 5462 3800 5518; x_wconf 86' lang='lat' dir='ltr'><strong><em>testi-</em></strong></span> 
     </span>
    </p>
   </div>
   <div class='ocr_carea' id='block_1_121' title="bbox 2182 5546 3801 5622">
    <p class='ocr_par' dir='ltr' id='par_1_121' title="bbox 2182 5546 3801 5622">
     <span class='ocr_line' id='line_1_122' title="bbox 2182 5546 3801 5622; baseline 0.001 -17"><span class='ocrx_word' id='word_1_841' title='bbox 2182 5549 2357 5606; x_wconf 83' lang='lat' dir='ltr'><strong><em>monii</em></strong></span> <span class='ocrx_word' id='word_1_842' title='bbox 2397 5548 2592 5603; x_wconf 86' lang='lat' dir='ltr'><strong><em>verbis</em></strong></span> <span class='ocrx_word' id='word_1_843' title='bbox 2640 5548 2691 5603; x_wconf 74' lang='lat' dir='ltr'><strong><em>oi</em></strong></span> <span class='ocrx_word' id='word_1_844' title='bbox 2749 5546 2934 5603; x_wconf 82' lang='grc' dir='ltr'>στῦλοι</span> <span class='ocrx_word' id='word_1_845' title='bbox 2996 5549 3088 5621; x_wconf 80' lang='grc' dir='ltr'>μὲν</span> <span class='ocrx_word' id='word_1_846' title='bbox 3146 5549 3234 5604; x_wconf 84' lang='grc' dir='ltr'><strong><em>καὶ</em></strong></span> <span class='ocrx_word' id='word_1_847' title='bbox 3288 5550 3357 5604; x_wconf 72' lang='grc' dir='ltr'>τὰ</span> <span class='ocrx_word' id='word_1_848' title='bbox 3413 5551 3674 5622; x_wconf 80' lang='grc' dir='ltr'>κάτωθεν,</span> <span class='ocrx_word' id='word_1_849' title='bbox 3728 5565 3801 5607; x_wconf 85' lang='lat' dir='ltr'><strong><em>co-</em></strong></span> 
     </span>
    </p>
   </div>
  </div>
