4122 6272
337 396 475 452 1073

1784 393 2266 449 GLOSSARIUM.

3593 379 3729 436 1074

331 521 559 575 lummce
589 521 878 589 partesque
907 532 1040 574 2mm
1069 532 1250 571 omnes
1282 516 1499 587 quibus
1521 513 1793 584 exprimit
1853 528 1978 568 eam
2009 514 2062 580 Α
2094 512 2247 584 quod
2300 511 2552 582 spatium
2612 510 2784 566 statio
2842 508 3170 564 antistitum
3221 509 3276 562 et
3350 505 3724 562 sacerdotum

334 608 830 662 substructionem
869 606 964 660 isti
1025 623 1207 659 scenas
1261 605 1615 659 sustinenda:
1677 619 1853 674 quam
1904 619 1972 656 ex

339 695 602 750 Vitruvio
625 695 898 766 superius
919 693 1251 748 vocavimus
1277 694 1621 757 stereobata,
1646 710 1818 763 super
1843 707 1969 763 quas

339 784 628 854 stylobata
661 786 957 854 ponuntur
1010 781 1414 836 columnarum
1464 782 1632 836 sedes
1685 781 1967 850 proxima.

337 877 456 926 Hoc
490 877 683 925 autem
716 871 894 925 veteri
927 870 1125 925 Latino
1154 871 1326 924 verbo
1378 869 1780 941 propriissime
1828 869 1973 924 solea

342 965 450 1016 est.
483 960 544 1029 [Ρ
597 959 721 1028 422]
783 959 843 1013 Id
896 959 1046 1028 quod
1109 958 1218 1028 ipsi
1273 957 1453 1013 Graeci
1538 956 1969 1023 intellexerunt,

342 1047 745 1118 superpositos
785 1046 884 1100 isti
931 1047 1101 1116 quasi
1143 1045 1428 1116 crepidini
1460 1051 1700 1100 ornatus
1753 1041 1971 1102 σολῐους

335 1133 723 1204 appellantes,
748 1131 1025 1186 vocabulo
1046 1149 1078 1186 a
1109 1131 1266 1187 solea
1299 1132 1386 1186 cui
1411 1132 1745 1186 innituntur
1774 1132 1970 1185 ducto.

336 1221 626 1276 Theodori
657 1221 900 1275 Studitaa
937 1220 1109 1275 verba
1131 1219 1246 1274 haec
1278 1221 1486 1274 recitat
1542 1219 1822 1290 Georgius
1869 1218 1973 1272 Ha-

332 1309 618 1365 martolus
653 1309 708 1363 in
743 1315 926 1365 Leone
949 1315 1196 1364 Armeno
1231 1327 1244 1364 :
1278 1305 1345 1364 Οἳ
1372 1328 1428 1361 τε
1460 1312 1594 1370 θεῖοι
1653 1307 1828 1369 κίονες
1882 1306 1969 1359 καὶ

330 1399 382 1450 οἱ
416 1395 593 1450 σὸλιοι
623 1395 982 1468 καλούμενοι,
1031 1394 1063 1449 ἃ
1117 1394 1179 1449 τὸ
1230 1390 1522 1468 σεϐάσμιον
1554 1399 1650 1448 τοῦ
1678 1397 1824 1468 ἱεροῦ
1857 1392 1973 1446 δια-

326 1489 629 1559 τειχίζοοσι
689 1487 1084 1556 θυσιαστήριον.
1159 1489 1373 1541 Necnon
1432 1501 1606 1541 sacra:
1687 1485 1970 1548 columnae,

330 1582 380 1628 et
441 1572 537 1643 qui
591 1573 722 1628 solii
779 1578 1046 1626 vocantur
1101 1588 1218 1642 quae
1271 1571 1644 1626 venerandum
1686 1587 1719 1623 a
1778 1571 1972 1638 templo

332 1664 698 1733 intersepiunt
752 1664 950 1717 altare.
1028 1666 1230 1716 Parem
1314 1657 1663 1732 κυριολογίαν
1747 1660 1975 1713 videtur

333 1751 628 1805 Cedrenus
655 1751 980 1818 affectasse,
1013 1751 1154 1804 dum
1184 1745 1310 1808 τοὺς
1369 1746 1568 1807 σωλίας
1627 1748 1797 1802 verbo
1851 1747 1973 1817 plu-

2079 603 2225 666 erat,
2260 600 2315 653 id
2372 601 2528 670 quod
2578 604 2744 654 extra
2801 614 2974 652 omne
3024 595 3270 651 dubium
3328 598 3436 660 est,
3483 609 3551 648 ex
3604 607 3729 647 sex-

2077 688 2262 741 centis
2287 689 2504 758 passim
2548 687 2732 741 obviis
2758 686 3110 756 scriptorum
3171 682 3526 754 Optimorum
3580 680 3722 734 locis

2077 777 2449 830 manifestum
2485 793 2496 829 :
2530 775 2610 830 ita
2641 775 2949 830 dicendum
2985 788 3216 844 quoque
3255 769 3584 825 necessario
3637 771 3727 822 est

2079 865 2249 918 solem
2282 863 2727 935 appellationem
2762 865 3140 934 propagatam
3176 860 3248 913 ad
3296 857 3719 926 designandum

2079 951 2352 1006 similiter
2383 953 2636 1021 spatium
2673 951 2902 1020 aliquod
2940 949 3068 1010 soli,
3097 948 3244 1018 quod
3287 947 3484 999 statim
3536 962 3568 998 a
3624 959 3721 997 so-

2075 1038 2164 1092 lea
2184 1055 2387 1093 versus
2433 1039 2629 1109 populi
2665 1055 2730 1092 ac
2775 1037 3073 1091 concionis
3123 1034 3312 1088 locum
3352 1033 3723 1098 tendebatur,

2077 1151 2190 1206 quo
2224 1136 2278 1188 in
2314 1136 2502 1206 spatio
2521 1133 2886 1198 subdiaconi,
2910 1132 3156 1186 lectores
3175 1129 3392 1200 aliique
3417 1127 3720 1182 inferiores

2077 1223 2332 1278 ecclesiae
2367 1223 2620 1276 ministri
2672 1222 2927 1288 stabant,
2977 1218 3191 1289 quibus
3230 1217 3332 1287 jus
3389 1233 3504 1270 non
3566 1218 3721 1269 esset

2077 1311 2132 1364 in
2178 1329 2341 1365 sacro
2400 1316 2565 1382 septa
2614 1309 2671 1364 in
2732 1309 2858 1380 ipso
2916 1308 3145 1361 bemate
3203 1308 3304 1359 aut
3359 1301 3718 1374 presbyterio

2078 1405 2248 1454 stare.
2304 1399 2479 1453 Docet
2529 1399 2633 1452 hoc
2684 1414 2788 1452 nos
2859 1395 3010 1450 clare
3060 1394 3308 1464 Symeon
3354 1389 3722 1446 Thessaloni-

2079 1487 2268 1542 censis
2336 1487 2484 1540 libro
2543 1488 2612 1540 de
2669 1491 2826 1539 Sacr.
2899 1484 2987 1538 his
3039 1481 3272 1535 verbis:
3331 1475 3718 1531 Ὑποδιακόνου

2075 1575 2163 1627 καὶ
2237 1573 2575 1647 ἀναγνώστας
2631 1573 2894 1640 καθῆσθαι
2950 1571 3061 1644 χρὴ
3131 1566 3320 1639 ἔξωθεν
3378 1570 3473 1619 τοῦ
3535 1566 3718 1638 βήμα-

2075 1682 2166 1722 τος
2239 1662 2361 1734 napi
2428 1660 2517 1713 τὸν
2570 1659 2774 1714 σωλέαν
2814 1703 2828 1728 ,
2887 1658 2945 1719 ’ὸς
3005 1655 3070 1725 δὴ
3118 1655 3206 1709 καὶ
3271 1655 3424 1728 βῆμα
3472 1651 3719 1706 καλεῖται

2077 1750 2455 1822 ἀναγνωστῶν·
2525 1749 2896 1805 Subdiaconos
2964 1751 3015 1802 et
3064 1747 3288 1800 lectores
3307 1745 3499 1798 sedere
3550 1758 3716 1812 opor-

332 1839 436 1894 rali
469 1844 631 1894 vocat
664 1839 848 1893 multa
876 1838 977 1892 illa
1008 1843 1065 1892 et
1092 1837 1251 1892 varia
1283 1837 1633 1891 vestibulum
1691 1840 1747 1890 et
1797 1837 1965 1907 quasi
2002 1856 2045 1920 B
2077 1843 2156 1894 tet
2185 1844 2342 1893 extra
2391 1839 2563 1903 bema,
2596 1838 2742 1892 circa
2777 1839 2998 1904 soleam,
3037 1833 3136 1904 qui
3170 1841 3220 1888 et
3263 1832 3414 1887 bema
3455 1832 3716 1886 lectorum

331 1929 697 1996 proscenium
758 1944 868 1980 arae
915 1941 1090 1980 sacrae
1138 1926 1544 1996 componentia
1599 1929 1962 1979 ornamenta.

326 2015 516 2070 Verba
547 2016 674 2085 ejus
715 2015 835 2069 haec
868 2019 1051 2069 sunt:
1083 2013 1149 2066 ἸΙ
1202 2011 1448 2086 τρούλΛα
1504 2018 1603 2080 τῆς
1659 2012 1812 2085 ἁγίας
1867 2015 1963 2065 τοῦ

327 2107 461 2158 Θεοῦ
530 2101 788 2176 Μεγάλης
862 2098 1156 2170 ἐκκλησίας
1233 2101 1496 2175 φουρνική
1579 2100 1710 2153 οὖσα
1787 2097 1960 2171 ἔπεσε,

323 2193 417 2247 τόν
469 2213 528 2245 τε
580 2187 807 2264 ἅμϐωνα
853 2191 941 2245 καὶ
988 2189 1114 2252 τούς
1161 2187 1390 2249 σωλείας
1521 2189 1774 2264 ὀνυχίτου
1808 2189 1962 2244 λίθου

325 2276 480 2341 ὄντας
531 2279 811 2355 συνέτριψε
864 2279 952 2333 καὶ
1011 2277 1085 2339 εἷς
1172 2282 1306 2352 χοῦν
1383 2277 1688 2332 ἀπετέλεσε·
1763 2280 1964 2335 Trulla

323 2380 509 2427 sancta
560 2371 655 2425 Dei
703 2375 924 2441 Magnae
980 2368 1219 2424 ecclesiae
1275 2373 1544 2424 camerata
1592 2369 1649 2422 in
1704 2371 1963 2433 fornicem

324 2460 585 2526 concidit,
619 2463 666 2513 et
697 2459 988 2513 umbonem
1007 2473 1070 2511 ac
1096 2457 1287 2512 soleas.
1313 2456 1408 2527 qni
1435 2463 1593 2510 erant
1617 2473 1686 2510 ea:
1715 2457 1964 2528 onychite

331 2549 538 2620 lapide,
591 2547 847 2602 contrivit
905 2548 960 2600 ei
1015 2548 1075 2600 in
1131 2548 1407 2614 pulverem
1461 2544 1747 2600 conmtnit.
1833 2546 1962 2598 Haec

330 2637 663 2692 Cedremus.
696 2640 835 2689 Tam
867 2639 1010 2703 erat,
1053 2635 1280 2704 opinor,
1310 2633 1369 2687 in
1401 2649 1468 2688 ea
1513 2633 1756 2688 ecclesia
1810 2650 1962 2686 unus

330 2721 535 2782 σωλέας
567 2739 743 2794 quam
785 2737 938 2776 unus
988 2714 1200 2792 ἄμϐων.
1251 2721 1366 2775 Cur
1417 2721 1593 2791 igitur
1651 2720 1963 2774 historicus

333 2806 584 2882 ἄμϐωνος
616 2811 672 2864 in
706 2809 987 2880 singulari
1020 2807 1264 2862 σωλειῶν
1294 2809 1352 2862 in
1385 2808 1596 2880 plurali
1638 2808 1905 2863 meminit
1935 2809 1962 2862 ?

332 2901 478 2964 Quid
511 2898 882 2953 verisimilius
906 2897 1172 2953 dicamus
1194 2914 1367 2967 quam
1396 2897 1608 2951 idcirco
1633 2897 1688 2950 id
1724 2898 1956 2963 factum,

328 2989 467 3060 quia
515 2984 716 3039 σωλὲαν
776 2985 1068 3045 ασωλεαις
1124 2991 1224 3040 aut
1267 2981 1520 3038 οωλείοι)
1601 2985 1759 3056 (nam
1819 2985 1961 3040 forte

321 3071 589 3134 σωλεὶοος
649 3075 901 3146 scripsit)
959 3076 1182 3130 studuit
1229 3075 1610 3145 distinguere,
1671 3072 1957 3127 verisimi-

317 3163 568 3220 litudine
596 3163 771 3218 etiam
798 3162 1146 3217 narrationis
1177 3161 1506 3216 consulens.
1558 3162 1699 3216 Nam
1733 3161 1956 3215 contri-

321 3258 447 3306 tum
474 3250 762 3304 illaruina
785 3251 839 3303 in
869 3250 1160 3304 minutum
1189 3265 1374 3320 usque
1396 3249 1689 3319 pulverem
1721 3247 1959 3302 soleam:

317 3343 428 3397 hoc
459 3346 549 3396 est
579 3340 908 3394 stereobata
938 3339 1121 3393 solide
1152 3343 1371 3393 structa
1397 3356 1462 3392 ex
1521 3339 1762 3392 materia
1819 3354 1954 3408 prae-

321 3432 470 3485 dura
498 3444 852 3482 marmorum
879 3426 1173 3482 autetiam
1201 3425 1438 3490 metalli,
1461 3425 1737 3480 credibile
1763 3425 1953 3479 minus

323 3523 482 3574 erat:
535 3517 605 3571 de
654 3516 962 3582 columnis,
995 3515 1226 3586 sigillis,
1279 3514 1441 3584 liliis,
1480 3514 1665 3586 pomis
1715 3518 1771 3568 et
1824 3513 1953 3567 aliis

323 3606 526 3676 ﬁguris
558 3622 626 3660 ex
654 3604 924 3674 onychite
954 3620 1186 3675 gemma
1224 3619 1400 3673 supra
1457 3601 1669 3658 soleam
1725 3601 1951 3670 erectis,

320 3711 447 3766 quae
480 3701 690 3748 cuncta
719 3690 962 3745 σωλείων
994 3691 1267 3746 vocabulo
1295 3691 1586 3761 intelligit,
1620 3707 1711 3745 res
1767 3695 1889 3744 erat
1920 3707 1953 3743 a

314 3783 430 3837 ﬁde
464 3799 575 3836 non
608 3781 947 3849 abhorrens,
982 3780 1135 3851 quod
1161 3781 1271 3834 ista
1297 3786 1351 3832 et
1381 3778 1704 3833 subtilioris
1754 3778 1950 3832 formas

311 3880 366 3926 el
401 3870 682 3925 mollioris
718 3869 991 3934 materias,
1018 3867 1258 3938 insuper
1285 3867 1454 3921 etiam
1482 3867 1665 3936 primo
1698 3866 1950 3936 impetus

316 3960 613 4014 ruentium
671 3974 738 4011 ex
789 3957 1006 4011 fornice
1055 3956 1315 4026 lapidum
1372 3955 1752 4025 excepissent.
1823 3960 1948 4011 Non

314 4048 536 4102 inﬁtias
566 4045 764 4100 iverim
796 4049 989 4100 tamen
1021 4044 1162 4099 alios
1191 4042 1407 4114 passim
1440 4049 1723 4111 auctores,
1758 4044 1839 4096 uti
1898 4052 1952 4097 et

319 4141 586 4189 nostrum
618 4133 707 4187 hic
740 4133 1174 4201 Pachymerem,
1202 4133 1340 4186 dum
1373 4135 1578 4186 soleam
1607 4131 1950 4201 simpliciter

319 4222 644 4287 nominant,
669 4237 830 4290 aeque
860 4220 1182 4275 stereobata
1204 4237 1332 4274 cum
1358 4220 1743 4291 superpositis
1774 4219 1946 4291 style-

317 4312 491 4378 batis,
524 4309 763 4363 basibus
795 4307 1105 4374 columnis,
1165 4308 1468 4379 capitellis,
1517 4310 1700 4375 trabe,
1760 4325 1946 4380 cyma-

313 4398 418 4462 tio,
452 4396 759 4469 epistyliis,
813 4396 1044 4467 sigillis,
1100 4396 1250 4450 vasis
1308 4413 1371 4450 ac
1431 4395 1652 4466 reliquo
1711 4413 1779 4450 ex
1827 4401 1947 4450 arte

312 4490 751 4546 coronamento,
784 4501 899 4539 una
928 4483 1088 4537 verbi
1149 4483 1384 4539 notione
1434 4484 1941 4539 comdrehendere.

307 4574 457 4638 Quin
490 4573 661 4627 etiam
687 4590 789 4644 pro
814 4577 990 4636 certo,
1016 4571 1221 4638 habeo,
1248 4574 1421 4642 idque
1446 4589 1795 4644 magnOpere
1820 4573 1941 4626 ani-
1980 4559 2020 4622 Ι)

313 4662 791 4717 madvertendam
829 4664 985 4732 puto,
1021 4677 1134 4714 non
1168 4661 1348 4714 solam
1384 4661 1532 4715 hanc
1564 4661 1944 4716 substructio-

311 4766 444 4805 nem
475 4766 608 4804 cum
641 4750 765 4804 suis
797 4749 1159 4804 ornamentis
1196 4748 1258 4800 τὸ
1294 4749 1446 4820 βῆμα
1493 4746 1599 4800 ἀπό
1647 4752 1742 4801 τοῦ
1788 4752 1944 4819 ναοῦ,

312 4838 495 4892 altare
519 4854 583 4890 ac
614 4838 1035 4907 presbyterium
1070 4855 1102 4890 a
1125 4838 1341 4907 templo
1391 4835 1613 4906 reliquo
1665 4838 1944 4893 dirimen~

309 4931 454 4991 tem,
514 4926 660 4979 6"
710 4929 1103 4996 nuncupatam
1153 4925 1331 4980 fuisse
1385 4926 1630 4990 soleam,
1704 4928 1800 4980 sed
1890 4928 1942 4981 id

311 5029 524 5068 nomen
560 5017 827 5083 praeterea
857 5017 1159 5067 extensum
1203 5013 1270 5066 ad
1332 5013 1781 5083 signiﬁcandum
1841 5015 1945 5069 ali-

315 5105 601 5172 quantum
649 5101 819 5169 spatii
870 5101 975 5154 soli
1014 5117 1078 5155 ac
1123 5101 1432 5170 pavimenti
1491 5102 1744 5157 ecclesias
1801 5104 1948 5158 inter

313 5189 530 5245 soleam
561 5194 617 5243 et
647 5188 839 5243 locum
884 5190 978 5242 ubi
1021 5190 1214 5242 stabat
1270 5189 1518 5260 populus
1575 5191 1942 5262 interjacens.

315 5278 821 5340 Quemadmodum
855 5278 1029 5332 etiam
1067 5277 1236 5350 βῆμα,
1262 5280 1413 5349 quod
1443 5281 1674 5350 proprie
1699 5283 1943 5349 gradum

311 5370 482 5422 sonat
512 5370 567 5420 et
598 5365 779 5420 altare
810 5365 1086 5435 gradibus
1129 5365 1397 5422 videlicet
1461 5367 1757 5424 sublatum
1811 5387 1943 5441 syn-

310 5453 620 5509 ecdochice
668 5453 906 5519 indicat,
951 5454 1319 5523 significabat
1373 5467 1648 5524 preaterea
1687 5459 1941 5528 spatium

308 5541 420 5596 soli
479 5541 867 5607 satiatatum,
915 5543 1068 5610 quod
1115 5542 1188 5595 ab
1245 5542 1446 5598 inﬁmo
1505 5545 1704 5600 altaris
1759 5549 1939 5616 gradu

307 5646 493 5701 usque
541 5629 609 5684 ad
662 5628 950 5684 cancellos
1006 5635 1106 5685 aut
1170 5629 1386 5686 soleam
1475 5633 1726 5703 patebat,
1789 5635 1942 5691 intra

2073 1937 2441 1998 nuncupatur.
2488 1929 2664 1983 Bema
2720 1927 2815 1981 hic
2873 1925 2983 1980 dici
3041 1925 3234 1979 locum
3317 1921 3474 1975 intra
3550 1935 3716 1974 sacra

2075 2023 2240 2089 septa
2269 2018 2339 2071 ab
2371 2016 2538 2071 altari
2572 2017 2642 2070 ad
2670 2015 2950 2070 cancellos
2999 2012 3300 2085 pertinens
3357 2007 3557 2063 nullus
3598 2009 3703 2062 du-

2073 2106 2241 2169 bitat,
2291 2105 2460 2172 quale
2511 2103 2678 2174 vulgo
2746 2100 3168 2174 presbyterium
3232 2097 3421 2153 Latini
3478 2113 3704 2150 nuncu-

2073 2211 2306 2266 pamus.
2340 2193 2483 2247 Hinc
2517 2193 2593 2246 ait
2648 2188 3188 2246 Thessalonicensis
3249 2185 3514 2241 exclusos
3574 2186 3709 2239 sub-

2071 2283 2345 2337 diaconos
2385 2280 2763 2350 'lectoresque
2814 2277 3137 2349 legitimam
3213 2274 3513 2330 stationem
3600 2273 3707 2327 ha-

2071 2371 2270 2425 buisse
2298 2367 2420 2440 περὶ
2451 2365 2658 2420 σωλέαν
2690 2367 2839 2421 circa
2872 2367 3083 2421 soleam
3119 2381 3133 2431 ;
3177 2378 3348 2434 quem
3407 2365 3710 2433 propterea

2072 2458 2290 2513 soleam
2326 2461 2730 2526 nuncupatum
2762 2455 2843 2509 ait
2876 2454 3028 2526 βῆμα
3058 2450 3400 2516 ἀνάνωστῶν,
3427 2449 3593 2521 quasi
3621 2449 3708 2502 di-

2072 2563 2167 2601 cas
2199 2547 2376 2599 altare
2402 2546 2680 2609 lectorum,
2712 2543 2927 2597 idcirco
2960 2542 3136 2614 quod,
3172 2545 3254 2608 ut,
3313 2539 3467 2612 βῆμα
3497 2537 3708 2611 ἱερέων,

2072 2658 2280 2711 nempe
2312 2658 2540 2696 sacrum
2579 2641 2780 2705 altare,
2811 2641 2972 2694 locus
3004 2641 3128 2691 erat
3156 2637 3400 2690 intimus
3427 2635 3497 2690 ad
3532 2651 3706 2704 quem

2072 2730 2337 2800 progredi
2373 2729 2701 2782 sacerdotes
2732 2730 2971 2797 possent
3000 2725 3182 2780 sacris
3215 2724 3272 2777 in
3313 2741 3378 2778 eo
3427 2737 3705 2793 peragen-

2071 2819 2183 2884 dis,
2218 2820 2298 2873 ita
2324 2817 2513 2873 soleas
2540 2822 2692 2872 meta
2749 2821 2874 2870 erat
2932 2816 3141 2870 ultima
3198 2813 3516 2868 ministoris
3564 2814 3702 2866 sub-

2070 2907 2446 2961 diaconorum
2480 2909 2535 2959 et
2567 2904 2864 2971 lectorum,
2894 2920 3041 2974 quos
3069 2906 3372 2974 penetrare
3418 2900 3476 2954 in
3539 2915 3703 2954 sacra

2071 2999 2234 3065 septa
2265 2995 2423 3050 nefas
2455 2997 2597 3048 erat.
2660 2994 2884 3048 Rursus
2928 2996 2992 3046 ut
3041 2991 3295 3062 spatium
3328 2990 3480 3044 circa
3517 3005 3699 3055 aram,

2068 3084 2223 3138 intra
2255 3084 2408 3154 quod
2444 3099 2628 3152 usque
2659 3082 2728 3135 ad
2761 3079 3051 3136 cancellos
3082 3089 3184 3133 aut
3231 3077 3448 3132 soleam
3509 3091 3699 3131 sacer-

2069 3170 2237 3224 dotas
2293 3169 2709 3237 consistebant,
2791 3166 3037 3239 βήματος
3095 3164 3479 3238 appellatione
3543 3179 3698 3218 com-

2064 3256 2554 3326 prehendebatur,
2587 3257 2672 3310 sic
2730 3258 2904 3311 etiam
2963 3255 3219 3326 spatium
3277 3257 3410 3307 ante
3457 3250 3697 3313 soleam,

2062 3343 2121 3397 in
2156 3360 2266 3413 quo
2324 3350 2449 3399 erat
2501 3344 2992 3398 subdiaconorum
3049 3347 3104 3398 et
3161 3342 3440 3397 lectorum
3499 3338 3697 3407 statio,

2065 3440 2146 3510 [Ρ·
2182 3441 2305 3511 423]
2337 3441 2506 3495 soleae
2537 3458 2771 3512 quoque
2798 3440 3080 3495 vocabulo
3130 3438 3564 3510 designabatur,
3618 3437 3700 3491 ita

2063 3527 2216 3581 utin
2247 3528 2405 3583 hisce
2459 3530 2688 3584 duobus
2745 3530 2933 3584 soleas
2994 3530 3332 3599 fungeretur
3374 3526 3519 3597 ipsis
3577 3525 3698 3579 vice

2064 3615 2310 3689 βήματος
2344 3621 2401 3671 et
2432 3616 2560 3670 ideo
2604 3616 2756 3688 βῆμα
2807 3617 3165 3690 ἀναγνωστῶν
3225 3617 3382 3670 bema
3439 3615 3696 3668 lectorum

2060 3709 2379 3759 vocaretur.
2414 3707 2544 3758 Haec
2574 3704 2868 3758 sententia
2895 3707 2984 3758 est
3013 3705 3319 3758 verborum
3372 3701 3690 3773 Symeonis,

2059 3792 2363 3846 manifeste
2387 3791 2720 3845 docentium
2748 3791 2908 3844 illam
2935 3791 3140 3846 intime
3175 3792 3470 3845 admotam
3525 3788 3691 3842 soleae

2059 3877 2257 3944 templi
2336 3882 2556 3948 partem
2615 3877 2899 3946 impertiri
2981 3877 3211 3932 solitam
3265 3875 3693 3943 nuncupatione

2059 3966 2246 4029 soleae,
2281 3981 2383 4035 per
2411 3965 2804 4020 extensionem
2836 3964 3055 4020 scilicet
3087 3963 3423 4037 popularem
3473 3968 3530 4016 et
3578 3963 3690 4016 mi-

2058 4069 2170 4108 nus
2201 4054 2388 4124 rigida
2443 4054 2816 4124 proprietate.
2880 4055 3060 4123 Atque
3115 4055 3222 4109 hoc
3267 4051 3417 4107 valet
3487 4051 3558 4106 ad
3597 4050 3693 4105 in-

2057 4141 2436 4211 telligendum
2473 4142 2529 4194 in
2563 4141 2718 4212 quod
2753 4139 2887 4194 alibi
2923 4141 3128 4196 scribit
3174 4141 3326 4196 idem
3383 4139 3691 4194 Thessalo-

2057 4229 2332 4292 nicensis,
2380 4229 2528 4284 libro
2589 4229 2864 4283 nimirum
2925 4235 3118 4283 contra
3175 4233 3429 4282 Haareses
3484 4225 3690 4280 Γίνεται

2057 4313 2113 4369 δὲ
2159 4313 2368 4377 εἶ’σοδος
2418 4316 2492 4374 sic
2535 4317 2628 4371 τὸν
2674 4315 2878 4370 σωλέαν
2931 4316 2990 4370 ἐκ
3035 4320 3130 4370 τοῦ
3164 4315 3408 4389 βήματος
3441 4311 3690 4369 διακόνου

2053 4402 2143 4456 καὶ
2175 4404 2361 4478 ἱερέως
2395 4401 2525 4479 δίχα
2565 4404 2780 4479 φώτων
2829 4408 2919 4461 Fit
2973 4405 3232 4460 introitus
3287 4403 3347 4457 in
3403 4405 3605 4457 soleam
3661 4421 3688 4459 e

2057 4493 2258 4548 bemate
2287 4494 2507 4548 diaconi
2561 4499 2614 4548 et
2668 4494 2960 4549 sacerdotis
3024 4495 3144 4547 sine
3198 4490 3518 4548 luminibus.
3576 4490 3687 4544 De-

2053 4582 2258 4636 scribit
2297 4598 2516 4637 sacram
2574 4584 2888 4652 quamdam
2952 4582 3328 4650 functionem,
3391 4596 3504 4651 qua
3557 4595 3684 4635 mos

2055 4674 2179 4723 erat
2207 4670 2436 4739 prodire
2462 4685 2529 4723 ex
2568 4670 2924 4740 presbyterio
2979 4668 3036 4723 in
3090 4669 3288 4740 templi
3349 4671 3574 4738 partem
3631 4668 3683 4721 ei

2055 4761 2391 4826 praetentam
2432 4759 2788 4812 sacerdotem
2821 4773 2953 4812 cum
2981 4758 3245 4812 diacono.
3289 4755 3455 4811 Illam
3513 4772 3684 4827 porro

2054 4853 2252 4923 templi
2288 4857 2508 4923 partem
2537 4871 2653 4908 una
2681 4855 2846 4918 solea,
2882 4854 3000 4910 sive
3039 4852 3313 4909 cancellis
3369 4870 3402 4908 a
3451 4853 3687 4925 presby-

2053 4941 2197 4994 terio
2255 4941 2627 5010 diremptam,
2675 4943 2876 4996 soleam
2933 4941 3202 5013 appellat.
3248 4941 3377 4996 Pari
3453 4943 3689 4996 notione

2053 5026 2388 5094 accipienda
2421 5030 2744 5083 necessario
2774 5046 2881 5083 vox
2910 5029 3063 5083 solea
3093 5033 3181 5084 est
3210 5029 3360 5100 apud
3407 5028 3690 5083 Joannem

2054 5115 2550 5178 Cantacuzenum,
2582 5117 2736 5172 612
2771 5116 2903 5171 Hist.
2941 5116 3039 5171 lib.
3074 5133 3114 5180 ι,
3146 5133 3274 5188 cap.
3309 5117 3396 5186 41,
3439 5115 3539 5169 ubi
3594 5115 3694 5170 de-

2055 5204 2254 5258 scribit
2287 5205 2686 5259 cseremoniam
2724 5206 3114 5261 coronationis
3145 5205 3456 5259 Andronici
3487 5203 3690 5258 Junio-

2054 5290 2134 5344 ris
2168 5293 2405 5358 Augusti
2440 5293 2494 5345 in
2523 5309 2733 5363 magno
2763 5293 2982 5364 templo
3031 5297 3247 5346 Sanctae
3285 5290 3508 5360 Sophia)
3568 5307 3691 5360 per-

2053 5382 2263 5432 actam.
2309 5384 2403 5432 Ait
2447 5380 2602 5434 enim
2661 5385 2866 5435 caetera
2950 5379 3136 5434 multa
3202 5377 3686 5449 supplicationem

2053 5465 2204 5519 circa
2236 5466 2516 5536 templum
2552 5468 2786 5522 ductam
2821 5485 2852 5521 a
2885 5466 3235 5538 patriarcha,
3267 5465 3439 5525 clero,
3502 5466 3685 5534 impe-

2052 5553 2341 5608 ratoribus
2372 5559 2427 5606 et
2457 5555 2612 5607 omni
2648 5555 2878 5626 p0pulo.
2911 5555 3057 5609 Tum
3112 5553 3169 5608 in
3231 5554 3421 5609 reditu
3477 5569 3684 5608 versus

2051 5639 2253 5712 altare,
2287 5641 2380 5697 ubi
2411 5646 2645 5697 ventum
2679 5643 2748 5697 ad
2782 5641 2994 5698 soleam
3031 5645 3199 5710 esset,
3241 5641 3386 5698 alios
3444 5641 3678 5712 quidem
