4146 6288
480 322 618 377 1075

1533 332 1591 380 Ρ.
1634 328 1909 381 Ρο881ΝΙ
1946 328 2554 385 OBSERVATIONUM
2590 333 2722 385 LIB.
2763 335 2809 385 Ι.

3754 320 3898 375 1076

472 462 674 503 omnes
743 448 884 503 foris
940 450 1250 516 mansisse,
1284 449 1473 504 solum
1541 450 1973 520 imperatorem,
2010 450 2109 521 qui
2143 452 2190 517 Α
2226 452 3097 523 scitenectemeredisputat.ab
3114 450 3224 505 alio
3242 445 3893 519 magiseruditoquam

478 537 885 605 coronabatur,
943 537 1274 609 ingressum
1363 538 1647 608 reperisse
1722 538 2109 608 patriarcbam

480 630 727 679 stantem
764 643 941 696 supra
972 628 1153 682 sacris
1204 626 1499 695 cancellis,
1562 626 1669 681 hoc
1727 633 1814 681 est
1871 627 1927 679 in
1990 628 2116 697 ipso

480 711 684 767 limine
716 722 894 783 portae
926 716 1115 781 soleae,
1139 734 1249 785 qua
1272 734 1337 769 ex
1364 715 1716 786 presbyterio
1739 716 1797 769 in
1830 714 2117 786 reliquum

479 803 763 872 templum
800 804 1159 873 prodibatur.
1194 804 1381 857 Verba
1407 803 1790 857 Cantacuzeni
1825 803 1943 856 haec
1962 806 2115 856 sunt:

480 887 585 941 Τὸν
648 885 704 941 δὲ
760 890 883 942 ναὸν
944 888 1318 962 περιελθόντες
1382 889 1517 943 κατᾶ
1590 889 1651 942 τὸ
1712 886 1831 951 ἔθος
1904 885 2117 941 ἐπειδὰν

479 975 721 1049 γένοιντο
774 977 825 1030 ἐν
882 983 960 1048 τῷ
1018 976 1216 1047 σωλέᾳ,
1274 978 1325 1030 οἱ
1377 979 1469 1049 μὲν
1524 974 1687 1031 ἄλλοι
1742 976 1934 1037 πάντες
1969 975 2123 1030 ἐπᾶ-

478 1084 558 1115 σιν
610 1062 781 1135 ἐκτὸς,
834 1064 993 1126 αὐτὸς
1044 1063 1101 1118 δὲ
1155 1064 1456 1139 (βασιλεὺς)
1521 1064 1685 1135 μόνος
1736 1064 2122 1137 εἰσερχόμενος

475 1150 568 1204 τὸν
600 1149 806 1205 σωλέαν
852 1153 941 1205 τὸν
986 1152 1331 1226 πατριάρχην
1384 1152 1471 1205 ἐπὶ
1518 1157 1636 1212 ταῖς
1683 1154 1854 1222 ἱεραῖς
1914 1150 2127 1223 κιγκλί-

478 1259 559 1291 σιν
594 1240 856 1308 ἑστηκότα
886 1239 1139 1314 εὑρίσκει.
1197 1243 1321 1296 Haec
1378 1241 1519 1311 ille;
1582 1259 1708 1312 qua:
1764 1241 1914 1295 clare
1975 1239 2124 1294 indi-

478 1333 613 1382 cant
640 1328 897 1399 spatium
931 1328 1164 1400 aliquod
1198 1328 1404 1399 templi
1446 1346 1643 1383 sacros
1676 1328 1965 1383 cancellos
2010 1344 2127 1381 una

480 1430 550 1470 ex
571 1421 731 1486 parte
762 1416 1105 1487 contingens
1137 1417 1355 1471 soleam
1382 1422 1677 1485 vocatum,
1707 1416 1763 1469 in
1789 1417 1940 1487 quod
1974 1432 2126 1469 unus

481 1503 801 1574 imperator
848 1504 1157 1574 introierit,
1219 1504 1440 1560 caeteris
1514 1504 1948 1559 abstinentibus
2034 1501 2127 1557 in-

483 1608 708 1664 gressu.
760 1593 976 1647 Locum
1026 1597 1218 1647 autem
1290 1592 1469 1646 fuisse
1514 1593 1857 1647 distinctum
1918 1608 1950 1644 a
2008 1606 2132 1661 pre-

483 1680 705 1751 byterio
774 1681 1079 1735 manifeste
1129 1685 1285 1749 patet
1341 1698 1408 1734 ex
1473 1697 1537 1734 eo
1617 1681 1769 1750 quod
1860 1694 2130 1749 progres-

2226 539 2482 595 hnmano
2515 540 2862 595 incomitiati
2895 556 3100 610 parum
3144 537 3410 591 civiliter.
3454 534 3895 602 Conjecturam

2226 628 2295 681 de
2328 629 2484 681 solea
2514 646 2679 682 suam
2725 628 3044 682 verecunde
3099 630 3273 694 atque
3328 620 3591 676 abnoxic
3646 620 3714 685 (P
3778 619 3899 681 434)

2226 717 2497 784 proponit
2523 716 2839 770 Ludovicus
2870 714 3146 770 Cellotius
3182 716 3393 775 noster,
3426 709 3464 762 l.
3519 723 3578 762 v1
3650 712 3731 761 De
3780 706 3898 759 hie-

2226 804 2460 871 rarcha,
2494 820 2542 857 c.
2588 804 2641 869 6,
2704 821 2758 873 p.
2824 804 2908 867 45,
2956 802 3014 855 in
3068 801 3215 853 hunc
3275 798 3517 851 modum
3571 794 3896 849 scribens:

2232 889 2371 955 Quid
2399 893 2451 945 si
2480 891 2685 945 divinet
2708 889 2909 960 aliquis
2940 888 2997 942 in
3038 905 3105 942 ea
3128 887 3361 957 planitie
3396 882 3568 938 chori
3625 882 3821 951 ampla
3851 890 3898 935 el

2229 980 2492 1050 aequabili
2520 979 2772 1033 eductum
2802 982 2897 1033 aut
2928 979 2986 1032 in
3016 977 3199 1030 medio
3230 981 3329 1029 aut
3357 974 3427 1028 rd
3454 970 3724 1026 alterum
3756 978 3902 1024 tatas

2228 1066 2477 1124 nobilius
2502 1067 2726 1139 aliquad
2753 1068 2929 1121 solum
2966 1066 3118 1120 omni
3164 1062 3453 1131 elegantin
3515 1059 3898 1122 adornatum,

2234 1161 2356 1210 elc..
2388 1156 2568 1226 sicque
2596 1157 2795 1209 soleam
2825 1172 2857 1206 a
2886 1154 2998 1208 sxlo
3031 1154 3240 1207 dictum
3298 1154 3349 1204 et
3393 1150 3765 1219 pavimento,
3822 1146 3901 1198 vel

2233 1246 2283 1298 si
2300 1246 2473 1298 mavis
2500 1244 2567 1298 ab
2591 1259 2831 1314 expensa
2870 1241 3226 1313 aequabilitur
3283 1246 3333 1293 et
3383 1238 3516 1306 fuse
3568 1238 3899 1306 exporrecta

2233 1334 2434 1403 forma,
2476 1334 2657 1403 qualis
2682 1334 2812 1388 solae
2836 1335 2933 1386 est.
2968 1330 3097 1384 Haec
3119 1327 3396 1383 Cellotius
3429 1344 3443 1393 ;
3470 1342 3613 1395 quas
3670 1324 3899 1377 conﬁdo

2237 1437 2441 1492 aaqups
2472 1437 2674 1475 omnes
2708 1435 3055 1474 assensuros
3084 1417 3238 1471 haud
3273 1416 3415 1470 adeo
3446 1429 3589 1468 esse
3624 1411 3897 1478 absurda,

2237 1519 2299 1565 ut
2333 1528 2365 1564 a
2395 1510 2676 1581 scriptore
2707 1509 2977 1580 religioso
3006 1512 3121 1562 tam
3155 1506 3430 1561 atrociter
3478 1508 3545 1559 et
3604 1500 3901 1555 invidiose

2235 1601 2700 1655 traducerentur.
2737 1598 2986 1661 Gravius,
3018 1596 3232 1666 inquit,
3264 1593 3673 1648 hullucinatur
3734 1587 3904 1643 Cello-

2238 1690 2368 1752 tius,
2408 1690 2502 1758 qui
2530 1689 2599 1741 ab
2625 1702 2865 1757 expansa
2895 1690 2944 1739 et
2966 1691 3295 1754 exporrecta
3324 1684 3444 1753 ejus
3465 1683 3691 1749 forma,
3724 1677 3902 1747 qualis

484 1785 586 1867 Pus
639 1786 756 1867 Pet:
798 1769 943 1867 “1‘1"?
1008 1770 1263 1867 simul”?
1334 1769 1669 1867 ίΠῚΡθΓειῖοξ,
1738 1767 2125 1867 Ρθῖνίαΐθῒξξιῐῐι
2158 1802 2205 1867 Β
2239 1784 2315 1831 est
2344 1775 2534 1839 soleae,
2565 1776 2645 1829 sic
2663 1775 2869 1827 dictum
2901 1777 3079 1844 pulal,
3112 1772 3271 1842 quasi
3295 1768 3562 1841 pro/anis
3633 1764 3803 1821 soleis
3850 1772 3899 1817 et

481 1855 767 1911 invenerit
848 1854 933 1909 ἐπὶ
1017 1861 1135 1917 ταῖς
1222 1856 1393 1930 ῗεραῖς
1488 1854 1760 1929 κιγκλίσιν
1858 1851 2123 1921 στηκόέτα

482 1950 735 2001 stantem
760 1963 935 2016 super
963 1946 1145 2000 sacris
1196 1946 1494 2013 cancellis,
1558 1948 1615 2000 in
1674 1946 1801 2016 ipso
1862 1943 2128 1999 videlicet

484 2034 630 2088 sacri
663 2033 809 2105 septi
841 2035 959 2089 sive
992 2034 1337 2106 presbyterii
1370 2035 1554 2089 aditu.
1593 2034 1766 2089 Vides
1794 2033 1887 2087 hic
1921 2032 2128 2087 eximie

486 2140 828 2179 concessum
865 2123 1222 2193 imperatorii
1257 2122 1364 2177 soli
1423 2122 1613 2177 locum
1666 2123 1820 2175 intra
1888 2122 2126 2186 soleam,

486 2212 594 2267 hoc
619 2217 707 2268 est
757 2213 816 2266 in
848 2212 1036 2284 spatio
1066 2212 1254 2267 vicino
1286 2212 1469 2266 sacris
1496 2210 1701 2280 septis,
1756 2209 2129 2264 subdiaconis

487 2306 544 2355 et
574 2300 891 2355 lectoribus
923 2305 1237 2366 reservato,
1264 2299 1415 2352 unde
1472 2297 1724 2369 populus
1781 2296 2128 2352 excludeba-

486 2394 606 2444 tur.
662 2389 735 2443 Eo
787 2388 1016 2443 videtur
1065 2386 1319 2442 alludere
1370 2388 1523 2457 quod
1552 2386 1780 2442 Nicetas
1838 2384 2130 2455 Paphlago

491 2476 692 2532 scribit
722 2478 779 2530 in
808 2476 942 2530 Vita
969 2475 1155 2531 sancti
1208 2474 1436 2546 lgnatii,
1488 2475 1742 2529 referens
1802 2489 2129 2543 praesagum

490 2567 784 2623 somnium
837 2567 1035 2620 Bardae
1083 2565 1476 2635 imperatoris,
1546 2582 1660 2634 quo
1751 2563 2131 2633 praemonitus

491 2658 681 2710 fuerat
711 2656 780 2708 de
804 2655 855 2707 vi
890 2670 1015 2723 quae
1056 2653 1168 2723 ipsi
1226 2652 1437 2705 deinde
1490 2668 1589 2721 per
1633 2651 1914 2705 Basilium
1972 2649 2133 2704 illata

490 2750 579 2799 est
615 2743 811 2797 :visus
841 2742 996 2797 enim
1031 2742 1216 2795 fuerat
1242 2740 1350 2795 sibi
1385 2740 1577 2794 videre
1636 2740 1707 2794 ad
1764 2756 1825 2793 se
1882 2743 2131 2793 stantem

491 2830 789 2903 intemplo
846 2828 1142 2897 venientes
1187 2828 1409 2883 albatos
1457 2828 1757 2897 quosdam,
1820 2823 1889 2877 ὦν
1952 2825 1979 2877 ὁ
2039 2824 2132 2894 μὲν

491 2916 710 2990 δέσμιον
770 2917 860 2970 τὸν
928 2915 1152 2989 βασιλέα
1222 2910 1508 2969 ἀναλαϐὼν
1580 2914 1669 2967 καὶ
1728 2912 1812 2966 ἐπὶ
1870 2912 1936 2966 τὰ
1993 2910 2137 2982 δεξιὰ

486 3004 801 3080 κατασόρων
866 3003 1115 3073 ἐξωθεῖτο
1174 3006 1272 3071 τῆς
1359 3002 1586 3068 σωλὲας,
1680 3017 1909 3072 quorum
1994 3016 2137 3054 unus

2238 1881 2347 1919 non
2377 1865 2565 1917 solutis
2595 1863 2975 1916 calceamentis
2996 1866 3145 1915 terra
3187 1863 3379 1914 sancta
3425 1855 3713 1913 calcanda
3742 1854 3903 1927 foret.

2241 1952 2339 2006 llic
2371 1968 2500 2005 vero
2534 1967 2728 2004 merus
2762 1954 2849 2003 est
2878 1964 3089 2003 succus
3148 1945 3424 2017 loliginis.
3449 1944 3635 2009 Quid,
3665 1941 3909 1996 amabo-

2239 2041 2406 2094 soleae
2441 2042 2620 2093 forma
2652 2039 2719 2091 ad
2754 2036 2901 2091 sacri
2939 2036 3045 2091 loci
3088 2034 3661 2090 contaminationem
3727 2027 3905 2100 perti—

2238 2129 2382 2184 net?
2413 2134 2497 2180 An
2532 2143 2733 2181 omnes
2767 2126 2934 2179 soleae
2968 2125 3223 2195 profanae
3255 2122 3281 2175 7
3312 2124 3488 2176 etiam
3532 2120 3657 2175 illa:
3690 2117 3906 2188 quibus

2241 2218 2541 2286 pontiﬁces
2555 2214 2734 2269 sacris
2758 2219 3065 2282 operantcs
3081 2212 3186 2265 rite
3213 2215 3459 2264 utuntur
3492 2204 3902 2262 ecclesiastica

2240 2302 2638 2358 benedictione
2668 2300 2911 2355 sacratis
2943 2299 2970 2352 ‘?
2992 2299 3198 2353 Videat
3228 2303 3419 2351 autem
3455 2297 3561 2366 qui
3603 2292 3900 2366 piaculum

2240 2397 2405 2463 putat
2432 2392 2499 2444 ad
2526 2389 2925 2459 explicandam
2952 2388 3196 2459 ﬁguram
3233 2384 3340 2439 loci
3375 2384 3527 2440 sacri
3565 2384 3655 2437 uti
3693 2379 3900 2435 simili-

2242 2479 2440 2535 tudine
2471 2478 2658 2543 soleas,
2694 2478 2830 2547 quid
2864 2492 2991 2530 enm
3029 2480 3283 2529 statuere
3315 2474 3389 2527 sit
3420 2486 3802 2541 consequens
3829 2469 3891 2522 de

2239 2568 2573 2622 Innocentio
2606 2566 2702 2633 ΙΙΙ,
2737 2568 2893 2634 pont.
2953 2580 3129 2629 max.,
3192 2563 3290 2633 qui
3337 2561 3377 2617 Ι.
3430 2578 3449 2615 I
3497 2560 3891 2631 Mysteriorum

2240 2660 2442 2722 missae,
2476 2673 2524 2709 c.
2557 2655 2643 2718 35,
2681 2670 2781 2723 per
2808 2652 3267 2706 calceamentum
3302 2650 3516 2720 pedum
3570 2644 3893 2718 signiﬁcari

2243 2746 2859 2799 docetsacrosanctum
2890 2739 3306 2793 incarnationis
3328 2735 3894 2808 \‘erbimysterium,

2244 2850 2347 2904 per
2377 2831 2527 2903 quod
2563 2830 2643 2883 ait
2678 2834 2848 2883 Deum
2874 2829 2931 2881 in
2960 2826 3152 2883 Iudaea
3181 2831 3391 2894 notum,
3414 2835 3464 2879 et
3505 2826 3675 2893 cuius
3720 2825 3780 2877 in
3827 2822 3894 2874 ls-

2243 2925 2369 2976 ract
2398 2936 2659 2987 magnum
2686 2933 2900 2981 nomen,
2937 2919 2991 2969 in
3023 2916 3317 2970 Idumaeam
3342 2914 3663 2969 extendisse
3702 2912 3898 2966 calcea-

2244 3012 2484 3064 menium
2517 3023 2695 3061 suum.
2734 3010 2804 3060 At
2834 3005 3008 3060 etiam
3036 3021 3104 3059 ex
3154 3005 3435 3058 modestia
3485 3001 3717 3057 Cellotii
3776 3016 3892 3053 crn~

487 3098 731 3150 vinclum
760 3100 1147 3164 imperatorem
1170 3092 1444 3162 arripiens
1476 3094 1522 3144 et
1554 3090 1625 3143 ad
1673 3089 1928 3143 dextrum
1992 3088 2137 3142 latus
2168 3103 2209 3167 ρ
2250 3116 2345 3153 εοι-
2381 3098 2557 3159 idem,
2584 3111 2752 3164 quem
2789 3094 3027 3148 honoris
3060 3109 3235 3147 causa
3266 3092 3439 3146 modo
3480 3107 3601 3145 non
3644 3089 3895 3153 nomino,

492 3184 713 3239 trahens
737 3182 1063 3238 exlrudebal
1113 3181 1282 3244 solea,
1344 3177 1575 3248 proprio
1633 3177 1897 3232 videlicet
1953 3178 2137 3247 impe-

493 3271 703 3326 ratoris
736 3271 889 3325 intra
924 3267 1203 3337 templum
1234 3267 1377 3334 loco,
1425 3266 1579 3320 unde
1638 3264 1773 3336 pelli
1833 3281 2003 3319 omen
2066 3264 2144 3317 fe-

495 3361 659 3414 rebat
691 3356 1055 3427 expulsionis
1087 3355 1159 3409 ab
1191 3354 1456 3425 imperio.
1503 3356 1562 3407 In
1620 3353 1929 3407 ritualibus
1988 3353 2139 3407 Gras-

498 3463 696 3502 corum
732 3444 899 3499 libris
935 3444 1213 3498 distincta
1243 3458 1475 3513 quoque
1498 3441 1785 3512 reperitur
1831 3441 2142 3511 cujusdam

506 3535 680 3605 spatii
706 3536 839 3587 ante
862 3548 1061 3586 sacros
1093 3530 1379 3585 cancellos
1438 3529 1599 3584 solea
1655 3530 1843 3585 vocati
1899 3528 2141 3584 mentio.

506 3624 567 3677 in
626 3621 988 3677 ordinatione
1043 3619 1272 3673 diaconi
1330 3619 1450 3672 hazc
1518 3617 1728 3688 leges:
1815 3614 2149 3684 Ἐξελθόντες

507 3707 602 3763 δύο
658 3706 896 3762 διάκονοι
929 3705 987 3760 ἐκ
1034 3710 1129 3759 τοῦ
1184 3705 1336 3777 ἁγίου
1390 3706 1635 3777 βήματος
1667 3699 2007 3775 λαμϐάνουσι
2056 3702 2145 3755 τὸν

510 3792 787 3867 μέλλοντα
862 3792 1290 3867 χειροτονεῖσθαι
1365 3788 1638 3860 διάκονον,
1713 3790 1918 3842 ἑστῶτα
1973 3787 2023 3841 ἐν
2080 3790 2148 3860 τῇ

511 3881 710 3952 σωλὲᾳ.
756 3884 1030 3937 Exeuntcs
1051 3881 1154 3935 duo
1186 3880 1400 3935 diaconi
1430 3896 1499 3935 ea:
1546 3894 1699 3934 sacro
1746 3878 1953 3932 bemate
2008 3879 2150 3931 acci-

515 3980 679 4052 piunt
734 3995 856 4034 cum
905 3977 1002 4047 qui
1039 3976 1375 4032 ordinandus
1454 3979 1529 4030 est
1587 3976 1872 4035 diaconus.
1923 3978 2153 4028 stantem

515 4072 573 4121 in
619 4068 785 4122 solea.
848 4067 911 4119 In
970 4064 1335 4119 ordinatione
1391 4080 1523 4117 vero
1584 4063 1945 4117 sacerdotis:
2011 4060 2157 4116 Μετὰ

512 4153 569 4209 δὲ
623 4154 685 4208 τὸ
745 4153 1105 4226 πληρωθῆναι
1137 4152 1228 4204 τὸν
1260 4145 1582 4223 χερουϐικὸν
1634 4149 1800 4220 ὕμνον
1844 4146 2057 4202 ’ίσταται
2100 4148 2152 4201 ὲν

512 4240 747 4313 σωλέᾳὸ
801 4239 1022 4312 μὲλλων
1085 4242 1518 4312 χειροτονεῖσθαι
1579 4232 2155 4312 πρεσϐύτερος.Ρο.ςί-

512 4348 674 4402 quam
703 4330 1003 4400 completus
1032 4327 1201 4398 fuerit
1253 4327 1584 4381 Cherubicus
1624 4327 1886 4398 hymnus,
1941 4330 2051 4380 stat
2094 4327 2155 4380 in

510 4422 661 4477 solea
682 4422 779 4493 qui
809 4417 1157 4476 ordinandus
1185 4425 1263 4473 est
1294 4416 1564 4472 sacerdos.

584 4639 826 4689 Summa
856 4631 1143 4688 dictorum
1176 4633 1234 4686 et
1254 4629 1555 4686 sententiae
1578 4629 1648 4684 de
1670 4628 1829 4684 solea
1860 4643 1999 4683 meas
2030 4627 2151 4681 haec

517 4729 627 4789 est,
663 4723 842 4777 fuisse
870 4719 1087 4775 soleam
1149 4718 1351 4773 Latino
1409 4718 1648 4790 antiquo
1704 4718 1876 4772 verbo
1925 4716 2155 4787 proprie

519 4813 731 4866 dictam
747 4808 1245 4864 substructionem
1272 4806 1598 4877 stylobatis,
1616 4806 1924 4872 columnis,
1944 4806 2156 4876 episty-

516 4902 614 4956 liis
658 4904 982 4967 caateroque
1035 4895 1501 4951 architectorices
1565 4895 1844 4966 elegantis
1895 4894 2156 4965 specioso

521 4992 806 5060 apparatu
830 4989 1188 5050 coronatam,
1205 5001 1332 5054 quae
1359 4985 1416 5038 in
1436 4983 1670 5053 templis
1689 4984 2011 5037 Graecorum
2036 4999 2156 5036 ma-

521 5074 892 5149 gniﬁcentius
923 5072 1304 5136 ornatis,vice
1336 5073 1660 5143 ligneorum
1683 5068 2071 5125 cancellorum
2097 5087 2159 5125 ac

520 5164 798 5230 velorum,
841 5163 993 5217 613
1024 5178 1183 5217 aram
1219 5161 1533 5215 maximam
1567 5164 1623 5214 et
1642 5158 2066 5229 presbyterium
2089 5159 2159 5213 ab

520 5256 785 5324 ingressu
821 5251 1204 5321 inspecluque
1268 5248 1465 5319 populi
1527 5248 1804 5317 tegebat,
1860 5251 2155 5301 extensam

523 5358 756 5415 quoque
782 5339 1231 5412 appellationem
1255 5339 1422 5392 soleas
1447 5338 1514 5392 ad
1552 5338 1805 5407 spatium
1864 5337 2158 5407 quoddam

522 5432 620 5487 isti
652 5426 1432 5495 substructionicontiguum
1460 5425 1907 5495 designandum.
1934 5425 2159 5479 Addam

524 5520 618 5575 hic
631 5517 1014 5573 humanitatis
1028 5516 1215 5569 ofﬁcio
1236 5513 1549 5569 instinctus
1565 5531 1675 5568 non
1695 5514 2159 5583 intempestivam

522 5608 969 5663 vindicationem
991 5605 1125 5659 boni
1147 5603 1467 5674 scriptoris,
1500 5605 1639 5657 dum
1664 5603 1732 5659 de
1754 5602 1910 5658 solea
1934 5620 2045 5658 non
2069 5603 2158 5659 in-

2252 3203 2320 3241 ex
2351 3184 2655 3249 modestia,
2690 3184 2949 3251 inquam,
2979 3180 3215 3234 laudabi
3247 3178 3470 3235 Cellotii
3503 3178 3889 3240 occasionem,

2251 3274 2457 3345 arripit
2488 3272 2536 3327 ei
2569 3270 2943 3325 acerbissime
2974 3267 3318 3335 insultandi,
3352 3269 3492 3323 dum
3526 3268 3616 3323 sic
3649 3263 3844 3321 scribit
3878 3267 3889 3305 ε

2253 3362 2393 3431 Quid
2450 3360 2626 3430 igitur
2680 3358 2825 3413 solea
2856 3361 2880 3409 .9
2938 3359 3243 3426 interrogat
3296 3358 3529 3426 scipsum
3615 3354 3886 3411 Cellotius.

2254 3452 2438 3505 Haeret
2497 3448 2636 3502 mihi
2696 3463 2866 3517 aqua,
2918 3445 3249 3516 respondet!
3308 3446 3527 3499 turbida
3579 3450 3661 3499 est
3733 3444 3884 3503 certe,

2253 3554 2398 3593 aeno
2429 3546 2479 3591 et
2508 3536 2617 3590 solo
2648 3543 2698 3590 el
2725 3534 2965 3589 sordidis
3020 3532 3137 3604 ejus
3188 3533 3348 3587 soleis
3403 3535 3721 3602 profanata.
3771 3530 3885 3581 Haec

2256 3625 2578 3680 catholicus
2612 3628 2669 3676 at
2701 3622 3003 3692 religiosus
3047 3622 3319 3676 sacerdos
3379 3620 3451 3674 de
3505 3618 3789 3674 catholico
3835 3616 3886 3667 et

2259 3714 2529 3785 religioso
2561 3713 2857 3767 sacerdote
2890 3710 3093 3765 scribit
3125 3728 3139 3779 ;
3170 3726 3301 3779 quae
3331 3710 3380 3764 si
3438 3711 3719 3766 adversus
3779 3705 3884 3758 ba:-

2260 3802 2503 3857 reticum
2536 3800 3126 3855 autMabumetanum
3148 3798 3563 3862 scriberentur,
3596 3796 3881 3866 vixiexcu-

2262 3891 2375 3947 sari
2434 3891 2503 3944 ab
2564 3888 2988 3944 inhumanitate
3047 3891 3303 3957 possent.
3355 3886 3639 3941 Caeterum
3696 3884 3887 3955 praeter

2262 3985 2455 4035 vetum
2488 3982 2606 4032 tam
2640 3976 3011 4032 stomachoso
3055 3975 3283 4029 censori
3345 3974 3593 4044 contigit
3654 3976 3714 4027 ut
3768 3980 3882 4038 quae

2263 4069 2497 4124 Jesuitae
2524 4067 2771 4121 libenter
2802 4064 3101 4133 infligebat
3129 4062 3283 4117 haud
3338 4078 3585 4135 parcens
3642 4059 3881 4117 verbera,

2264 4158 2324 4212 in
2339 4172 2469 4210 eum
2487 4171 2657 4225 quem
2676 4152 2916 4207 minime
2939 4150 3111 4205 vellet
3130 4150 3439 4219 resilirent,
3473 4148 3875 4207 amicissimum

2265 4246 2399 4315 sibi,
2434 4244 2598 4297 nobis
2628 4246 2684 4296 et
2714 4239 2942 4295 cunctis
2975 4239 3179 4293 merito
3239 4256 3345 4294 suo
3376 4243 3572 4310 caput,
3626 4232 3877 4293 illustris-

2267 4333 2481 4388 simum
2513 4327 2813 4395 Allatium,
2848 4326 2945 4396 qui
2978 4326 3321 4381 doctissima
3368 4326 3767 4381 dissertatione
3814 4317 3872 4370 de

2182 4444 2230 4507 D
2269 4421 2445 4489 solea,
2479 4434 2545 4472 ex
2572 4434 2686 4470 una
2716 4414 3037 4487 plurimum
3071 4414 3385 4486 profecisse
3416 4432 3509 4469 me
3556 4414 3719 4469 initio
3756 4418 3866 4463 sum

2262 4510 2557 4583 professus
2603 4507 2730 4575 ejus
2787 4504 3069 4576 originem
3130 4504 3381 4560 nominis
3439 4519 3723 4575 quaerens.
3770 4496 3867 4552 Non

2259 4599 2424 4666 male,
2456 4594 2667 4665 inquit,
2728 4594 2893 4648 etiam
2950 4610 2982 4647 a
3039 4592 3183 4646 solea
3238 4608 3348 4646 non
3395 4592 3749 4662 uicrepidam
3790 4595 3857 4666 δοῖ

2262 4691 2385 4753 nat,
2453 4698 2763 4753 quanquam
2814 4682 2881 4733 ab
2934 4696 2995 4734 ea
3045 4697 3253 4751 quoque
3282 4697 3391 4735 non
3436 4682 3746 4736 inconcinne
3767 4662 3855 4723 ἀίσί

2263 4773 2543 4845 quispiam
2574 4776 2901 4825 autumarel.
2936 4767 3065 4822 Hinc
3091 4768 3225 4822 ille:
3278 4770 3494 4838 quibus
3552 4765 3737 4823 omnia
3779 4754 3859 4811 illa

2266 4879 2393 4933 quas
2438 4860 2498 4915 in
2545 4857 2851 4913 Cellotium
2914 4855 3131 4926 pariter
3176 4855 3338 4926 loqui
3396 4872 3607 4911 ausum
3688 4848 3869 4933 intorta

2272 4949 2528 5003 vidimus
2560 4945 2827 5009 fulmina,
2861 4944 2917 4998 in
2953 4961 3124 4999 suum
3160 4949 3335 5016 caput
3366 4945 3671 5001 attraxisse
3716 4928 3870 4993 videri

2268 5041 2515 5109 poterat,
2577 5034 2689 5089 nisi
2750 5034 2904 5086 814
2956 5030 3220 5086 laureum
3282 5032 3561 5088 baculum
3630 5022 3871 5103 gestaret,

2268 5141 2372 5197 per
2401 5140 2570 5195 quem
2604 5125 2691 5177 est
2723 5138 2755 5175 a
2785 5119 3052 5192 procellis
3082 5120 3415 5177 istiusmodi
3447 5120 3781 5177 tutissimus.

2340 5247 2628 5317 Ταναίτης,
2689 5261 2821 5318 pag.
2882 5245 3006 5298 422.
3066 5244 3237 5299 Venti
3294 5243 3560 5301 Tavaitou
3604 5240 3731 5299 dicti
3779 5246 3874 5290 me-

2271 5338 2445 5391 minit
2477 5336 2809 5405 Procopius,
2847 5333 2949 5387 lib.
2984 5349 3038 5386 1v
3069 5335 3334 5389 secunda:
3363 5335 3606 5389 tetradis
3658 5344 3771 5399 cap.
3821 5319 3868 5405 λη

2269 5426 2464 5497 p.573
2494 5400 2729 5495 ed.Reg
2758 5422 2848 5476 bis
2878 5422 3108 5475 verbis:
3168 5420 3366 5476 Τάναϊν
3426 5419 3483 5475 δὲ
3534 5421 3775 5475 καλοῦσιν
3829 5400 3872 5458 ot

2269 5511 2561 5585 ἐπιχώριοι
2594 5509 2681 5564 καὶ
2710 5510 2807 5577 τὴν
2854 5502 3086 5575 ἐκϐολὴν
3136 5508 3335 5579 ταύτην
3383 5507 3441 5563 ἐκ
3492 5508 3686 5580 λίμνης
3723 5498 3867 5573 ἀρξα-

2274 5601 2439 5675 μὲνην
2468 5606 2569 5669 τῆς
2594 5592 2903 5657 Μαιώτιδος
2932 5591 3061 5669 ἄχρι
3112 5596 3165 5660 ἐς
3208 5598 3298 5651 τὸν
3331 5596 3575 5669 Εὔξεινον
3630 5592 3867 5649 πόντον...
