4122 6272
313 331 451 385 1077

1759 329 2242 388 GLOSSARIUM.

3565 332 3704 389 1078

310 449 454 505 ἀλλὰ
510 450 600 505 καὶ
659 451 748 505 τὸν
810 448 1006 522 ἄνεμον
1040 494 1054 521 ,
1130 446 1188 511 ὅς
1246 446 1455 513 ἐνθένδε
1510 454 1634 505 πνεῖ
1686 447 1949 518 Ταναΐτην

2065 461 2412 518 ministeriis
2471 467 2741 519 navasset
2797 478 3056 534 operam,
3099 462 3170 516 ab
3212 476 3277 516 eo
3328 459 3453 529 jam
3501 458 3701 514 adulto

309 540 836 612 προσαγορεύουσιν.
899 542 979 594 Ex
1036 541 1251 611 quibus
1314 539 1705 611 intelligimus
1779 540 1955 609 hujus

310 630 466 683 venti
500 646 711 685 nomen
745 647 916 684 nona
974 646 1106 683 vero
1168 645 1338 683 amne
1397 629 1577 683 Tanai
1632 629 1954 699 sumpium,

316 718 418 771 sed
454 719 524 772 ab
582 718 740 773 alveo
801 718 1051 788 quodam
1116 722 1217 771 aut
1271 733 1451 787 prono
1510 718 1668 772 iiuxu
1727 717 1956 788 paludis

312 806 592 859 Maeotidis
624 807 680 859 in
715 810 963 860 Pontum
1009 805 1321 871 Euxinum,
1382 806 1482 876 qui
1539 806 1733 860 alveus
1781 805 1951 859 etiam

313 893 527 949 Tanais
558 894 849 949 nominari
873 895 1281 961 consueverit;
1334 894 1405 948 ab
1464 909 1528 948 eo
1588 898 1780 947 autem
1837 892 1958 963 spi-

314 986 542 1036 rantem
570 986 829 1049 ventum,
891 983 1013 1053 qui,
1072 982 1153 1036 ait
1202 987 1421 1047 noster,
1482 980 1630 1036 inter
1686 981 1955 1036 Boreales

313 1067 463 1124 solet
492 1087 619 1125 esse
640 1070 1216 1137 vehementissimus,
1247 1070 1549 1125 Tanaitem
1570 1070 1706 1124 dici.

388 1158 629 1236 Ταρίτες,
672 1174 799 1230 prg.
833 1159 956 1212 419.
1010 1158 1154 1212 Hinc
1202 1158 1488 1213 habemus
1543 1174 1719 1212 naves
1776 1173 1953 1227 quas-

313 1254 449 1309 dam
481 1254 789 1307 contractaa
819 1246 1225 1318 longitudinis,
1258 1246 1368 1301 hoc
1400 1250 1490 1301 est
1516 1245 1713 1301 minus
1748 1245 1954 1317 longas

314 1357 489 1413 quam
522 1338 814 1405 triremes,
848 1335 1079 1390 Taritas
1128 1352 1160 1389 a
1217 1334 1627 1389 Genuensibus
1682 1334 1755 1387 iis
1814 1333 1951 1388 olim

312 1428 613 1485 utentibus
646 1427 827 1481 fuisse
880 1429 1133 1480 vocatas.
1192 1423 1519 1478 Verisimile
1576 1427 1663 1477 est
1718 1424 1953 1478 easdem

312 1518 421 1573 has
452 1533 580 1573 esse
602 1531 735 1571 cum
767 1514 841 1568 iis
893 1530 1040 1584 quas
1095 1508 1318 1585 ταρίδας
1365 1511 1593 1566 Nicetes
1652 1510 1949 1582 appellat;

316 1623 434 1676 qua
488 1621 626 1660 voce
686 1598 973 1673 δρόμωνας
1031 1600 1114 1671 [Ρ.
1174 1601 1300 1669 425]
1370 1617 1504 1654 cum
1589 1598 1952 1670 significasse

312 1692 601 1748 Meursius
635 1693 852 1744 censet.
888 1687 1050 1742 Unde
1084 1688 1229 1741 forte
1262 1686 1348 1740 vel
1381 1687 1475 1741 hic
1507 1686 1949 1741 rescribendum

2064 551 2497 606 manumissum
2557 552 2788 622 patroni
2848 566 3057 605 nomen
3118 565 3278 603 more
3354 548 3698 602 libertorum

2062 638 2374 707 accepisse,
2403 645 2460 696 et
2486 642 2750 711 ejusdem
2783 640 2971 711 gratia
3020 643 3355 710 promotum
3407 637 3463 691 in
3524 636 3699 691 istam

2063 725 2441 784 honorificam
2474 731 2899 800 praefecturam.

2134 824 2315 892 Τεθὲν,
2361 844 2413 896 p.
2446 830 2569 882 222.
2602 827 2713 895 Ait,
2747 844 2879 881 cum
2918 825 3075 896 regio
3132 823 3233 878 illa
3284 822 3700 891 Maryandeno-

2062 928 2192 965 rum
2248 918 2302 966 et
2331 914 2756 986 [Paphlagoniae
2818 915 2993 968 rebus
3050 914 3118 967 ad
3166 912 3385 966 victum
3452 908 3695 965 utilibus

2062 1000 2403 1070 abundaret,
2437 1002 2674 1073 signatae
2698 1007 2940 1057 monetae
2974 1016 3177 1071 parum
3230 999 3493 1067 haberet,
3543 997 3697 1067 quod

2060 1088 2366 1159 vectigalia
2394 1090 2451 1143 in
2486 1090 2751 1144 nummis
2799 1090 3187 1159 exigerentur,
3221 1090 3451 1142 coactos
3498 1099 3697 1140 earum

2061 1180 2345 1231 terrarum
2380 1176 2598 1233 incolas
2631 1176 2829 1247 fuisse,
2891 1178 2961 1231 ad
3020 1180 3219 1231 exacte
3274 1173 3696 1230 conficiendam

2059 1264 2264 1319 tributi
2305 1282 2621 1335 summam,
2679 1266 2924 1320 vendere
2984 1264 3205 1319 scilicet
3263 1261 3362 1317 vili
3419 1261 3696 1315 universa

2061 1369 2186 1420 quae
2215 1353 2568 1425 collegerant
2601 1369 2790 1408 messe
2822 1369 2887 1407 ac
2916 1350 3230 1417 vindemia,
3263 1355 3317 1403 et
3348 1348 3429 1404 sic
3488 1348 3698 1402 deinde

2060 1445 2178 1495 toto
2210 1459 2360 1496 anno
2402 1442 2747 1497 necessariis
2781 1441 2850 1496 ad
2900 1440 3117 1495 victum
3160 1438 3409 1509 eguisse.
3458 1436 3701 1490 Videtur

2046 1513 2193 1600 .ergo
2236 1531 2329 1585 hic
2359 1529 2419 1582 τὸ
2448 1528 2593 1591 τεθὲν
2626 1530 2902 1601 peculiari
2934 1529 3169 1584 notione
3200 1530 3572 1597 usurpatum,
3626 1523 3695 1578 ad

2060 1617 2511 1688 significandum
2546 1618 2830 1688 quidquid
2867 1618 3254 1687 reponebatur
3280 1616 3337 1668 in
3399 1628 3707 1691 annonam,

2059 1712 2116 1760 et
2144 1706 2361 1761 victum
2395 1707 2627 1761 famitiae
2659 1723 2757 1775 per
2785 1722 3024 1761 annum.
3060 1706 3405 1773 Quanquam
3435 1718 3548 1756 non
3580 1700 3696 1755 dif-

309 1778 525 1853 ταρίδες
578 1778 771 1843 fuerit,
804 1776 891 1831 vel
952 1776 1104 1846 apud
1164 1775 1421 1829 Nicetam
1479 1774 1694 1846 ταρίτες
1752 1790 1947 1828 emen-

2063 1794 2223 1849 liteor
2262 1812 2433 1866 posse
2477 1794 2676 1850 referri
2729 1796 2797 1849 ad
2850 1809 3143 1849 summam
3202 1790 3537 1861 impositam
3597 1804 3697 1858 per

314 1870 599 1924 dandum.
630 1866 961 1919 Videndum
994 1864 1165 1918 etiam
1198 1880 1270 1917 an
1303 1880 1416 1917 non
1451 1863 1587 1917 hinc
1645 1878 1949 1917 emanave-

314 1958 391 2012 rit
421 1958 818 2019 Tartanarum,
855 1969 983 2023 quae
1041 1951 1211 2006 hodie
1271 1952 1663 2021 appellantur,
1718 1967 1953 2005 nomen.

314 2047 600 2101 Caeterum
632 2042 681 2097 si
740 2038 1015 2114 δρόμωνες
1072 2040 1191 2094 sint
1236 2037 1471 2111 ταρίτες,
1530 2038 1601 2093 iis
1659 2038 1956 2093 conveniet

315 2131 628 2203 descriptio
651 2131 1001 2184 dromonum
1037 2144 1161 2198 quae
1188 2128 1341 2197 apud
1377 2127 1743 2197 Procopium,
1803 2126 1898 2180 lib.
1938 2144 1955 2181 ι

314 2223 389 2276 De
420 2221 555 2275 bello
590 2216 899 2285 Vandalico,
960 2232 1085 2285 cap.
1147 2214 1236 2281 ll,
1294 2214 1508 2285 legitur
1565 2215 1656 2268 his
1713 2214 1950 2269 verbis:

316 2307 495 2361 Πλοῖα
557 2304 737 2377 μακρὰ
780 2302 853 2363 ὡς
909 2301 985 2361 εἷς
1052 2300 1361 2374 ναυμαχίαν
1437 2301 1952 2374 παρεσκευασμένα,

320 2396 533 2468 μονήρη
593 2392 775 2465 μέντοι
832 2389 920 2444 καὶ
981 2388 1181 2465 ὀροφὰς
1232 2389 1450 2463 ὕπερθεν
1510 2387 1749 2462 ἔχοντα,
1810 2390 1956 2448 ὅπως

318 2484 369 2537 οὶ
410 2486 575 2536 ταῦτα
624 2479 928 2553 ἐρέσσοντες
978 2478 1112 2546 πρὸς
1161 2482 1266 2529 τῶν
1317 2476 1600 2548 πολεμίων
1652 2477 1725 2538 ὡς
1761 2475 1957 2543 ἥκιστα

322 2567 638 2644 βάλλοιντο.
721 2566 1015 2641 Δρόμωνας
1077 2563 1305 2619 καλοῦσι
1360 2566 1426 2618 τὰ
1491 2564 1661 2619 πλοῖα
1712 2569 1877 2617 ταῦτα
1901 2565 1951 2616 οἱ

324 2663 414 2712 νῦν
458 2658 751 2732 ἄνθρωπον
804 2653 959 2708 πλεῖν
1019 2654 1121 2728 γὰρ
1169 2654 1305 2706 κατὰ
1349 2654 1520 2726 τάχος
1567 2650 1811 2705 δύνανται
1855 2650 1956 2723 μά-

341 2745 521 2800 λιστα·
603 2747 791 2813 Longae
852 2760 1011 2799 naves
1070 2742 1139 2796 ad
1182 2744 1526 2797 maritimum
1568 2742 1824 2812 prwlium
1870 2741 1955 2793 in-

338 2838 586 2899 structae,
642 2834 733 2888 sed
776 2834 936 2887 unico
993 2841 1125 2885 actae
1205 2847 1476 2886 remorum
1534 2830 1749 2893 ordine,
1810 2827 1959 2882 testis

329 2925 564 2993 desuper
594 2923 841 2989 munitae,
864 2936 967 2990 quo
998 2936 1184 2975 eorum
1230 2921 1464 2989 remiges
1519 2936 1682 2989 quam
1727 2918 1958 2971 minime

325 3011 458 3066 telis
486 3010 772 3066 hostilibus
818 3015 1086 3080 paterent.
1148 3010 1251 3063 Hoc
1307 3010 1531 3061 navium
1578 3023 1747 3077 genus
1804 3004 1959 3058 hodie

320 3100 608 3156 dromonas
636 3107 844 3166 vocant,
903 3114 1031 3152 voce
1086 3114 1119 3149 a
1157 3112 1321 3150 cursu
1349 3096 1510 3149 ducta
1565 3110 1666 3166 quo
1724 3093 1835 3147 illa:
1894 3094 1953 3145 in

315 3187 517 3258 primis
544 3186 718 3241 veloci
752 3187 955 3241 valent.
981 3185 1107 3239 Haec
1140 3182 1471 3254 Procopius.

387 3277 578 3341 Τατᾶς,
634 3291 764 3345 pag.
817 3275 939 3327 512.
1001 3273 1191 3342 Hujus
1238 3270 1535 3341 dignitatis
1593 3268 1682 3324 cui
1745 3284 1955 3323 nomen

318 3368 409 3419 est
438 3369 577 3418 tatas
609 3363 754 3417 aula:
779 3378 927 3432 saepe
956 3360 1220 3415 meminit
1269 3360 1543 3424 Codinus,
1594 3358 1650 3411 in
1710 3356 1810 3411 lib.
1883 3357 1956 3410 De

322 3453 445 3523 efﬁc
473 3452 588 3507 aut.
624 3468 750 3521 cap.
781 3451 834 3515 2,
857 3451 953 3504 ubi
986 3449 1093 3503 hoc
1134 3448 1389 3503 officium
1451 3450 1675 3501 sextum
1733 3450 1790 3500 et
1848 3446 1953 3499 tri-

328 3540 609 3595 cesimum
646 3539 951 3609 dignitatis
981 3538 1181 3592 ordine
1211 3553 1338 3591 esse
1368 3536 1449 3590 ait
1479 3536 1628 3589 inter
1665 3534 1951 3604 Palatina;

320 3644 446 3698 cap.
497 3628 553 3693 4,
613 3628 737 3697 ejus
810 3626 1075 3680 habitum
1156 3624 1446 3694 explicat,
1513 3640 1636 3693 cap.
1682 3622 1818 3676 item
1896 3624 1949 3691 5,

310 3718 411 3771 ubi
435 3716 869 3771 observathuic
933 3715 1123 3769 ofﬁcio
1175 3712 1401 3767 nullum
1457 3713 1791 3767 incumbere
1844 3711 1951 3765 mi-

310 3804 622 3859 nisterium
656 3800 780 3855 οὐδὲ
817 3797 871 3855 ἓν
934 3801 1258 3873 ὑπηρέτημα
1316 3800 1592 3868 κέκτηται.
1648 3801 1946 3869 Nusquam

310 3897 513 3947 autem
546 3891 725 3947 tradit
756 3892 1039 3946 rationem
1065 3889 1339 3955 nominis,
1367 3893 1467 3942 aut
1488 3904 1658 3958 quem
1677 3888 1746 3941 ad
1783 3887 1951 3940 tinem

308 3980 586 4035 instituta
613 3980 736 4035 haec
768 3980 1107 4050 praefectura
1139 3976 1232 4033 sit.
1268 3978 1392 4031 Tata
1421 3976 1777 4045 Latinisjam
1810 3976 1948 4029 olim

309 4070 541 4141 puerile
573 4086 785 4124 nomen
816 4074 924 4136 est,
948 4085 1063 4138 quo
1097 4067 1352 4138 primum
1385 4084 1452 4120 ex
1486 4065 1810 4120 infantiaiu
1835 4064 1949 4118 bal-

307 4158 534 4213 butiem
593 4158 946 4229 prodeuntes
1006 4155 1254 4227 parvuli,
1312 4172 1461 4225 quos
1522 4153 1718 4207 vident
1775 4154 1947 4221 viros,

310 4250 475 4313 tatas,
509 4263 655 4317 quas
690 4246 984 4313 mulieres,
1024 4261 1293 4299 mammas
1353 4242 1666 4315 appellant,
1729 4246 1791 4297 ut
1844 4242 1946 4296 do-

310 4340 444 4390 cent
473 4330 830 4405 interpretesi
866 4332 1148 4388 Martialis
1203 4333 1272 4387 ad
1324 4332 1486 4387 illum
1540 4349 1772 4387 versum
1830 4330 1948 4401 epi-

312 4423 660 4495 grammatis
691 4424 821 4493 ejus
850 4422 974 4477 lOl.
1006 4422 1109 4477 lib.
1145 4438 1162 4475 ι
1197 4437 1209 4475 :

308 4538 571 4593 Mammas
596 4542 757 4609 atque
784 4541 925 4592 tatas
948 4537 1109 4592 habet
1141 4537 1275 4606 Afra
1303 4546 1323 4590 .‘
1366 4538 1461 4591 sed
1518 4538 1642 4605 ipsa
1705 4539 1952 4591 tatarum

451 4609 574 4664 Dici
602 4618 653 4664 et
679 4625 1047 4663 mammarum
1074 4624 1323 4663 maxima
1351 4625 1592 4663 mamma
1618 4611 1807 4678 potest.

309 4726 608 4796 Suspicari
658 4742 726 4781 ex
757 4725 863 4781 hoc
924 4726 1066 4781 forte
1151 4741 1468 4796 possumus
1542 4727 1713 4779 tatam
1804 4725 1954 4781 aulae

314 4831 491 4886 quem
524 4813 619 4869 hic
649 4814 987 4869 eunuchum
1016 4813 1304 4880 videmus,
1336 4814 1516 4868 fuisse
1575 4812 1951 4884 praepositum

318 4902 649 4959 educationi
683 4920 747 4958 ac
800 4919 948 4958 curae
1003 4902 1319 4957 liberorum
1377 4902 1527 4957 615
1588 4902 1955 4973 imperatoris

319 4991 511 5047 adhuc
544 4990 917 5062 parvulorum
951 5010 965 5059 ;
997 4996 1055 5046 et
1085 4994 1392 5063 propterea
1419 4990 1599 5061 hujus
1633 4989 1957 5062 ὑπηρέτημα

318 5078 551 5134 nullum
579 5078 871 5134 exstitisse
900 5095 1037 5151 erga
1091 5079 1521 5150 imperatorem,
1579 5096 1645 5134 ac
1701 5096 1772 5135 ne
1819 5078 1956 5133 fun-

318 5167 573 5223 ctionem
624 5168 861 5238 quidem
920 5168 1317 5223 immediatam
1371 5168 1549 5223 ullam
1607 5184 1744 5239 erga
1797 5168 1958 5240 ipsos

317 5253 616 5327 parvulos,
652 5257 807 5329 quod
844 5272 1057 5311 munus
1114 5257 1241 5326 ejus
1299 5260 1453 5312 esset
1508 5256 1794 5327 imperare
1850 5274 1957 5312 nu-

320 5343 568 5398 tricibus
602 5349 659 5399 et
688 5344 933 5415 gerulis,
966 5344 1062 5415 qui
1096 5345 1179 5399 eis
1209 5345 1428 5399 addicti
1456 5344 1732 5400 curandis
1771 5351 1956 5400 erant.

320 5430 439 5486 Nec
458 5446 608 5485 vana
638 5430 903 5486 forsitam
931 5433 1263 5503 conjectura
1302 5432 1477 5487 fuerit
1524 5433 1678 5488 hunc
1729 5435 1960 5489 Andro-

324 5520 521 5572 nicum
555 5519 917 5586 eunuchum,
953 5521 1106 5591 quod
1149 5520 1481 5576 Andronico
1513 5538 1668 5576 nunc
1700 5526 1962 5593 Augusto

324 5613 459 5662 ante
491 5606 673 5678 patris
704 5605 1018 5677 imperium
1078 5613 1233 5673 nato,
1293 5609 1595 5664 educando
1653 5609 1959 5665 servilibsu

2059 1900 2321 1948 censum,
2354 1882 2445 1939 cui
2483 1884 2661 1939 semel
2724 1882 3082 1938 exsolvendae
3136 1880 3409 1935 universa
3462 1892 3694 1931 annona

2057 1971 2243 2025 alieno
2276 1977 2534 2041 tempore
2564 1971 2659 2025 vili
2692 1971 2967 2025 distracta
2998 1968 3359 2041 proﬂiganda
3412 1969 3535 2021 erat
3588 1980 3693 2018 cu-

2060 2059 2209 2113 lonis
2243 2060 2489 2127 miseris,
2526 2061 2582 2113 in
2617 2060 2909 2130 reliquum
2943 2075 3163 2112 annum
3198 2057 3349 2111 victu
3397 2053 3689 2120 carituris,

2060 2148 2153 2201 cui
2187 2147 2407 2201 notioni
2442 2146 2627 2217 magis
2659 2147 2881 2202 accedit
2911 2146 3062 2216 quod
3091 2145 3324 2216 legitur,
3370 2143 3408 2198 l.
3440 2160 3482 2213 1,
3536 2158 3585 2196 ο.
3636 2141 3692 2205 5,

2057 2235 2131 2290 Τὸ
2160 2232 2351 2288 λοιπὸν
2380 2238 2475 2286 τοῦ
2502 2231 2744 2295 τεθέντος
2773 2232 2983 2293 τὲλους.

2153 2339 2237 2412 [Ρ.
2290 2340 2411 2414 426]
2468 2336 2692 2412 Τελχίν,
2744 2358 2799 2410 p.
2850 2340 2957 2393 255
3014 2337 3353 2393 Eustathius
3416 2336 3475 2391 in
3528 2334 3692 2391 Iliad.

2058 2445 2164 2498 vp.
2214 2430 2312 2482 9’11
2361 2430 2450 2482 ed.
2513 2429 2677 2482 Rom.
2738 2424 3035 2500 Τελχῖνας,
3100 2427 3198 2496 ait,
3256 2422 3582 2478 πλάττουσιν
3644 2423 3696 2476 οἱ

2063 2516 2223 2585 μῦθοι
2284 2512 2542 2586 δαίμονάς
2594 2534 2741 2574 τινας
2788 2512 3139 2574 κακοποιούς.
3227 2513 3509 2570 Telchinas
3588 2513 3692 2583 ﬁn-

2057 2608 2193 2673 gunt
2221 2604 2421 2673 fabulae
2461 2604 2739 2661 daemonas
2786 2604 3051 2676 quosdam
3115 2604 3408 2672 maleﬁcos.
3468 2601 3696 2656 Similia

2059 2697 2116 2747 et
2170 2693 2322 2746 idem
2384 2692 2543 2746 alibi.
2625 2695 3014 2763 Hesychius:
3092 2688 3354 2764 Τελχῖνες
3443 2689 3698 2764 βάσκανοι

2058 2778 2273 2853 γόητες,
2352 2778 2620 2853 φθονεροί.
2710 2780 3199 2852 Etymologicus:
3287 2777 3539 2851 Λέγονται
3643 2774 3700 2831 δὲ

2058 2869 2322 2940 Τελχῖνες
2403 2867 2453 2919 οἱ
2528 2868 2781 2942 φθονεροὶ
2842 2866 2931 2920 καὶ
3002 2866 3235 2939 πονηροὶ
3295 2866 3384 2919 καὶ
3443 2866 3701 2940 βασκανω

2061 2952 2336 3027 δαίμονες.
2381 2958 2657 3011 Dicuntur
2688 2960 2877 3011 autem
2917 2955 3199 3011 Telchines
3232 2957 3437 3018 invidi,
3477 2957 3617 3009 mali
3647 2966 3698 3011 et

2060 3047 2328 3099 immanes
2357 3045 2648 3101 daemones.
2684 3045 2784 3100 His
2808 3044 3253 3100 auctoritatibus
3279 3045 3458 3100 fretus
3491 3045 3694 3099 malum

2061 3138 2113 3187 et
2142 3132 2389 3187 invidum
2433 3133 2699 3188 daemones
2749 3132 3167 3204 interpretatus
3218 3147 3350 3187 sum
3400 3131 3509 3186 hoc
3567 3130 3692 3185 loco

2060 3218 2319 3292 Τελχῖνα.

2132 3318 2310 3388 Τόμος
2341 3318 2429 3371 καὶ
2490 3322 2885 3392 τομογραφεῖν,
2946 3336 3002 3390 p,
3058 3320 3183 3374 280.
3241 3319 3375 3391 Agit
3432 3319 3500 3373 de
3554 3322 3697 3372 Ger-

2063 3424 2258 3473 mano,
2291 3423 2462 3476 quem
2498 3407 2607 3461 sub
2641 3408 2814 3462 linem
2849 3408 3226 3478 praecedentis
3266 3407 3473 3477 capitis
3530 3406 3694 3461 dixe-

2061 3500 2149 3550 rat
2195 3494 2441 3549 electum
2512 3495 2696 3550 fuisse
2753 3495 2809 3548 in
2867 3495 3253 3565 patriarchani
3309 3495 3697 3550 concordibus

2060 3582 2469 3655 plerorumque
2500 3582 2828 3637 antistitum
2862 3583 3176 3654 suffragiis,
3221 3584 3436 3653 quibus
3480 3588 3534 3639 et
3590 3583 3695 3637 im-

2059 3671 2342 3742 peratoris
2370 3669 2631 3725 calculus
2662 3672 2907 3726 accessit
2928 3673 3362 3742 comprobantis
3401 3670 3689 3740 judicium

2059 3759 2295 3831 synodi:
2332 3757 2485 3829 Παρὰ
2524 3760 2629 3809 τῶν
2692 3754 2904 3811 λοιπῶν
2960 3758 3179 3829 ἠξιοῦτο
3232 3759 3333 3824 τήν
3380 3763 3479 3825 τῆς
3535 3762 3694 3811 Κων-

2058 3842 2553 3904 σταντινουπόλεως
2605 3844 2928 3916 προστασίαν
2998 3842 3389 3913 ἀναδέξασθαι,
3457 3843 3549 3897 σὺν
3610 3842 3693 3903 οἷς

2055 3937 2141 3989 καὶ
2178 3937 2205 3988 ὁ
2271 3931 2525 4008 βασιλεὺς
2580 3933 2678 3999 τήν
2725 3934 2905 4007 ψῆφον
2963 3931 3329 4004 ἀποδεξάμενς
3389 3935 3553 3988 Tunc
3609 3934 3690 3986 vi-

2058 4026 2226 4079 detur
2255 4022 2554 4077 electionis
2585 4022 2858 4076 Germani
2891 4022 3190 4077 decretum
3222 4022 3329 4076 rite
3378 4020 3690 4092 perlatum,

2059 4114 2209 4184 quod
2267 4110 2435 4181 τόμος
2495 4110 2591 4164 hic
2648 4110 2860 4165 dicitur
2913 4110 3298 4165 usitatissima
3355 4111 3481 4180 ejus
3536 4109 3694 4164 vocis

2061 4201 2292 4255 notione
2320 4200 2379 4253 in
2423 4198 2657 4268 scriptis
2714 4202 3043 4254 Graecorum
3106 4198 3315 4253 citima:
3367 4198 3696 4253 vetustatis.

2058 4290 2381 4361 praesertim
2408 4289 2478 4342 de
2500 4288 2671 4343 rebus
2705 4286 3119 4342 ecclesiasticis
3148 4286 3467 4357 agentium.
3519 4286 3693 4341 Caete-

2059 4394 2187 4433 rum
2222 4375 2519 4430 difﬁcilem
2552 4376 2622 4429 ad
2664 4374 3103 4429 assentiendum
3162 4373 3431 4429 electioni
3489 4366 3579 4427 Sui
3634 4389 3695 4428 se

1984 4508 2028 4570 Β
2063 4466 2350 4538 praebente
2378 4468 2663 4518 Germano
2697 4479 2788 4518 res
2832 4463 3139 4532 pendebat,
3188 4462 3379 4533 quoad
3428 4464 3696 4517 exoratus

2060 4555 2109 4609 is
2141 4554 2377 4609 tandem
2411 4552 2482 4607 ab
2506 4552 2851 4622 imperatore
2881 4554 2938 4605 et
2966 4549 3207 4620 reliquis
3237 4548 3441 4604 amicis
3464 4548 3692 4606 annuit.

2059 4643 2127 4696 Et
2154 4645 2294 4696 tunc
2317 4640 2389 4694 ad
2421 4638 2911 4709 promulgandum
2944 4638 3238 4693 decretum
3272 4636 3434 4707 prius
3464 4636 3682 4691 factum

2061 4734 2430 4801 congretatus
2483 4732 2571 4785 est
2619 4732 2801 4784 cretus
2838 4727 2940 4799 qui
2993 4744 3129 4784 voce
3176 4725 3358 4780 κοινὸν
3410 4726 3516 4782 hoc
3570 4726 3697 4781 loco

2062 4819 2451 4890 significatur,
2511 4821 2576 4871 ut
2646 4816 2918 4887 superius
2992 4815 3379 4871 ostendimus.
3457 4813 3698 4869 Distuli-

2064 4923 2310 4977 musque
2340 4905 2453 4960 huc
2506 4906 2881 4961 statuendum
2933 4904 3070 4976 quid
3121 4904 3215 4959 hic
3268 4904 3497 4959 dicatur
3552 4897 3698 4955 οινῦν

2068 4994 2170 5049 ὑπὸ
2212 4992 2367 5065 τόμῳ
2424 4993 2669 5067 γεγονὸς,
2726 4994 2879 5047 616
2936 5001 3098 5048 caztus
3156 4994 3251 5048 sub
3303 4995 3445 5048 tomo
3494 4992 3701 5061 factus.

2062 5084 2304 5139 Videtur
2330 5081 2876 5154 signiﬁcaricaetum
2911 5080 3068 5135 hunc
3093 5080 3149 5135 vi
3181 5081 3345 5152 prius
3395 5082 3519 5150 jam
3571 5095 3703 5150 per-

2066 5172 2167 5227 lati
2195 5172 2266 5226 de
2296 5170 2575 5227 electione
2606 5169 2878 5225 Germani
2918 5170 3132 5225 decreti
3166 5174 3453 5225 coactum.
3483 5184 3597 5222 non
3640 5172 3707 5223 ut

2068 5260 2138 5315 de
2167 5276 2235 5315 ea
2255 5258 2620 5323 deliberaret,
2647 5259 2747 5313 sed
2780 5262 2847 5313 ut
2884 5274 3003 5314 rem
3058 5260 3334 5312 statutam
3364 5270 3706 5327 exsequere-

2066 5353 2164 5403 tur
2195 5351 2251 5402 et
2281 5363 2493 5401 novum
2527 5346 2922 5418 patriarcham
2952 5346 3121 5416 quasi
3169 5344 3228 5398 in
3274 5344 3707 5414 possessionem

2070 5435 2225 5493 sedis
2257 5435 2531 5490 mitteret.
2557 5435 2912 5505 Suspicabar
2941 5434 3117 5488 etiam
3146 5448 3215 5487 ex
3239 5433 3387 5487 facto
3419 5432 3709 5503 quadam-

2068 5528 2241 5579 tenus
2264 5522 2465 5589 simili,
2499 5523 2647 5593 quod
2710 5538 2844 5577 mox
2902 5522 3170 5591 referam,
3230 5523 3431 5576 Patres
3490 5519 3587 5590 qui
3647 5518 3704 5573 in

2070 5611 2226 5666 tunc
2283 5614 2496 5665 ccstum
2559 5612 2955 5665 convenerunt
3012 5606 3339 5681 exemplum
3426 5606 3709 5679 scriptum
