4122 6272
526 248 660 302 1079

1576 255 1637 305 Ρ.
1682 253 1948 306 POSSINI
1984 251 2591 305 OBSERVATIONUM
2631 254 2761 306 LIB.
2804 257 2849 306 Ι.

3716 261 3830 314 1080

521 370 735 426 decreti
767 388 799 425 a
828 387 889 426 se
919 371 1080 442 prius
1110 373 1253 426 editi
1294 389 1468 427 manu
1528 389 1820 444 quemque
1871 371 2149 427 tenuisse.
2187 373 2229 438 Α
2267 371 2323 424 in
2352 388 2522 426 suum
2558 372 2747 428 locum
2779 375 3073 429 intrusum
3109 393 3122 437 ;
3183 376 3351 444 cujus
3402 392 3594 430 nomen
3646 380 3835 437 videtur

523 459 616 514 Sic
648 459 797 514 enim
834 464 1026 513 actum
1060 461 1287 515 videtur
1318 461 1374 514 in
1440 461 1551 514 alio
1606 461 1962 515 ecclesistico
2019 475 2152 513 con-

522 552 715 613 ventu,
752 549 921 616 cujus
966 552 1053 601 est
1106 550 1318 602 mentio
1374 549 1428 601 in
1490 548 1619 601 Vita
1667 550 1872 602 Leonis
1918 564 2077 617 papae
2112 546 2156 613 Ι,

526 635 765 690 recitata
800 641 941 690 tom.
992 637 1093 688 Vll
1147 637 1347 691 Ccncil.
1412 638 1477 689 ed
1532 638 1663 706 Reg.
1724 654 1779 707 p.
1838 638 1924 689 50.
1979 634 2160 689 Verba

535 723 656 775 hmo
679 726 816 777 sunt
847 738 858 773 :
918 722 1244 789 Congregali
1278 726 1403 775 sunt
1427 724 1532 774 256
1594 723 1921 776 sacerdotem
1957 728 2007 774 et
2057 719 2161 771 alii

526 812 631 865 406
682 812 940 880 episcopi,
994 827 1225 882 quorum
1283 812 1679 880 chirographus
1734 811 1994 863 cucurrit.
2057 807 2161 874 Qui

528 898 987 967 congregatisunt
1014 916 1129 952 una
1178 915 1309 953 cum
1344 904 1521 961 tomo,
1555 901 1652 953 hoc
1679 906 1755 953 est
1784 898 1888 966 ﬁde
1945 902 2162 966 aposto-

530 988 650 1041 lica:
691 986 963 1041 Ecclesiae.
990 987 1163 1041 Vides
1194 987 1286 1040 hic
1335 989 1630 1041 decretum
1686 992 1857 1039 antea
1915 986 1985 1038 de
2052 983 2163 1037 ﬁde

531 1074 862 1145 apostolicae
894 1074 1178 1140 Ecclesiae,
1222 1075 1330 1128 hoc
1386 1078 1474 1128 est
1533 1075 1806 1144 dogmate
1855 1070 2160 1136 catholico,

534 1162 819 1233 perlatum
853 1170 1075 1216 tomum
1108 1163 1321 1227 vocari,
1347 1169 1403 1216 et
1435 1163 1587 1216 hunc
1618 1168 1842 1216 tomum
1875 1176 2165 1229 quemque

533 1254 1009 1320 congregatorum
1056 1265 1251 1304 secum
1322 1250 1646 1317 habuisse;
1708 1250 1864 1303 unde
1921 1254 1974 1301 et
2057 1247 2165 1301 hoc

530 1336 713 1390 κοινὸν
748 1335 850 1388 ὑπὸ
904 1336 1061 1407 τόμῳ
1119 1336 1341 1409 γεγονός
1395 1337 1505 1391 dici
1562 1338 1831 1406 potuerit.
1877 1338 1955 1389 Ac
2012 1335 2165 1404 quod

533 1426 684 1479 hanc
706 1424 881 1494 τὸμου
914 1425 1206 1480 notionem
1240 1426 1465 1489 attinet,
1499 1427 1648 1479 actio
1685 1426 1814 1495 ipsa
1870 1426 2165 1502 decretum

536 1514 819 1569 condendi
872 1514 1007 1568 alibi
1042 1530 1072 1569 a
1103 1520 1303 1568 nostro
1343 1519 1521 1569 verba
1576 1517 1938 1587 τομιγραφεῖν
1979 1510 2169 1582 expri-

536 1605 737 1657 mitur.
770 1603 1046 1673 Nempel.
1079 1620 1152 1667 ιν,
1177 1619 1225 1656 c.
1256 1604 1346 1668 29,
1398 1603 1490 1657 ubi
1551 1604 1745 1673 agitur
1799 1603 1868 1655 de
1926 1617 2168 1655 corona-

2266 459 2544 524 alludere,
2576 463 2715 515 dum
2761 462 3101 537 φατριάρχης
3135 465 3301 533 quasi
3362 466 3701 538 φρατριάρχην
3750 486 3832 522 vo-

2267 554 2376 602 cat.
2407 548 2616 602 Notum
2648 551 2798 603 enim
2826 550 3323 620 Constantinopoli
3362 558 3478 605 crat
3509 554 3633 620 quid
3667 558 3833 611 Latina

2266 652 2375 689 vox
2404 638 2583 704 frater
2611 654 2882 703 germano
2916 656 3234 710 synonyma
3258 644 3502 706 sonaret,
3529 656 3643 694 cum
3680 650 3837 697 essent

2269 724 2324 774 in
2360 740 2423 775 ca
2457 726 2599 777 urbe
2623 726 2809 779 Latini
2844 730 2962 779 tam
2992 726 3178 787 multi,
3203 727 3513 795 praesertim
3536 744 3651 782 cum
3674 730 3834 791 simul,

2271 816 2333 863 ut
2365 829 2493 866 mox
2528 813 2799 867 admonet
2830 814 3163 877 historicus,
3198 831 3527 885 germanam
3571 815 3830 885 imperato-

2269 900 2350 953 ris
2380 898 2678 968 Eulogiam
2715 901 2949 971 oblique
3008 902 3443 971 prestringeret.
3498 902 3646 956 Forte
3695 905 3833 958 etiam

2270 986 2614 1061 φατριάρχης
2658 988 2885 1043 infense
2938 990 3155 1043 dictum
3222 1005 3324 1057 pro
3405 990 3736 1063 πατριάρχης,
3793 999 3839 1045 ut

2274 1076 2343 1129 ad
2375 1077 2628 1147 Philipp.
2664 1094 2722 1137 ιι,
2752 1078 2784 1129 3
2833 1079 3111 1147 κατατομή
3170 1094 3271 1148 pro
3330 1077 3611 1149 περηομ-ὴ,
3665 1099 3693 1148 φ
3737 1084 3780 1132 et
3819 1099 3841 1130 κ

2274 1163 2468 1216 nescio
2523 1164 2658 1232 quid
2722 1159 3003 1239 δύσφημον
3063 1164 3432 1219 trahentibus
3509 1181 3572 1219 ex
3640 1166 3836 1234 quadam

2275 1251 2439 1321 quasi
2465 1251 2807 1320 contagione
2838 1249 3050 1323 φαύλου
3090 1256 3147 1305 et.
3176 1254 3365 1303 κακοῦ.

2349 1356 2544 1425 Φήμη,
2603 1375 2657 1428 p.
2705 1358 2825 1423 145,
2894 1356 3222 1431 Ἀφικνεῖται
3255 1399 3265 1409 .
3314 1400 3325 1412 .
3374 1401 3385 1413 .
3457 1357 3604 1432 φήμη
3648 1377 3701 1428 γε
3747 1354 3846 1408 οὖσα

2275 1443 2364 1496 καὶ
2391 1443 2507 1504 θεὸς
2538 1446 2572 1511 ἡ
2620 1444 2800 1519 φήμη.
2864 1446 2948 1499 Ita
2998 1454 3193 1500 noster
3248 1447 3538 1500 recondita
3592 1462 3683 1498 suo
3725 1462 3849 1499 more

2278 1533 2336 1585 in
2372 1534 2533 1587 codd.
2570 1537 2610 1585 B
2641 1538 2695 1586 et
2753 1538 2815 1598 A,
2877 1551 3001 1603 quae
3035 1535 3075 1588 V
3120 1552 3227 1588 suo
3282 1535 3417 1588 item
3480 1551 3628 1588 more
3678 1533 3850 1587 omisit.

2281 1621 2424 1674 Puto
2460 1621 2863 1692 Pachymerem
2898 1621 2991 1674 hic
3024 1622 3079 1675 in
3114 1627 3309 1675 mente
3353 1621 3622 1676 habuisse
3671 1620 3853 1673 abstru~

536 1689 695 1744 tione
737 1690 1073 1759 Andronici,
1133 1687 1536 1761 ἐτομογράφουν
1596 1684 1675 1756 δὲ,
1732 1688 1947 1759 inquit,
2002 1684 2091 1739 καὶ
2120 1686 2171 1738 oi

2282 1710 2490 1764 siorem
2527 1684 2834 1779 quamdam
2892 1711 3184 1765 notionem
3246 1709 3507 1765 vocabuli
3567 1709 3727 1783 φήμη.
3777 1707 3854 1776 (l),

539 1775 814 1850 ἀρχιερεῖς
872 1776 960 1829 ὑπ’
1008 1776 1310 1852 ἆφορισμὸν
1363 1780 1665 1836 ποιοῦντες.
1740 1781 1847 1832 etc.
1934 1776 2171 1830 Decreto

539 1865 809 1920 videlicet
839 1865 1101 1935 synodali
1133 1865 1241 1920 rite
1270 1865 1524 1931 condito,
1560 1865 1852 1919 antistites
1885 1865 1993 1917 sub
2026 1880 2165 1916 ana-

531 1953 809 2008 thematis
840 1954 1315 2008 interminatione
1348 1958 1668 2008 sanxerunt
1719 1960 1901 2006 ratam
1964 1969 1996 2005 a
2026 1967 2167 2005 cun-

530 2043 639 2098 ctis
669 2045 1097 2114 agnoscendam
1131 2044 1576 2115 habendamque
1634 2044 1989 2098 evectionem
2051 2046 2169 2095 An—

532 2132 753 2186 dronici
787 2132 845 2187 in
877 2132 1208 2202 imperium,
1250 2137 1598 2202 procurante
1657 2133 1714 2185 id
1775 2130 1994 2185 scilicet
2054 2134 2170 2181 Au-

531 2224 703 2290 gusto
734 2222 862 2291 ejus
894 2225 1109 2291 patres,
1142 2220 1359 2290 quippe
1404 2219 1785 2275 studiossime
1840 2227 2045 2287 agente
2107 2221 2172 2269 ut

532 2326 707 2381 quam
740 2310 993 2365 maxime
1025 2310 1196 2365 ﬁrma
1225 2313 1281 2364 et
1309 2308 1702 2363 irrevocabilis
1734 2308 1845 2362 ista
1898 2308 2025 2376 ejus
2066 2305 2168 2359 filii

530 2404 686 2453 esset
712 2398 1022 2469 promotio.

622 2499 1038 2567 Τρικοκκιῶται,
1106 2512 1162 2568 p.
1219 2496 1325 2549 202
1393 2497 1567 2547 Ταῦτα
1622 2491 1745 2565 περὶ
1828 2490 1955 2551 τοὺς
2040 2495 2169 2563 Τρι-

528 2584 976 2645 κοκκιώτας.8ἰο
1033 2584 1392 2639 concorditer
1445 2588 1563 2637 tres
1623 2582 1870 2637 codices.
1928 2580 2172 2634 Videtur

528 2672 727 2746 populi
761 2689 970 2728 nomen
1019 2690 1051 2727 a
1091 2671 1216 2727 loco
1263 2672 1526 2738 ductum,
1581 2670 1681 2741 qui
1736 2667 2023 2743 τρίκοκκον
2084 2666 2171 2722 vel

527 2758 837 2836 τρικόκκιον
888 2761 1194 2817 diceretur.
1285 2759 1490 2831 Reperi
1578 2759 1730 2830 apud
1807 2756 2172 2828 geographos

525 2852 891 2911 Strabonem.
926 2851 1322 2914 Ptolemzeum,
1358 2848 1521 2912 alios,
1548 2845 1827 2919 τρικύριον
1871 2850 1927 2899 et
1956 2844 2171 2917 τρικόρ-

530 2959 646 2993 νιον
684 2957 696 2995 :
732 2942 829 2995 sed
856 2956 1150 3010 nusquam
1184 2922 1318 2993 alibi
1346 2934 1632 3010 τρίκοκκον
1681 2940 1779 2988 aut
1836 2933 2169 3005 τρικόκκιον.

532 3029 737 3085 Verum
787 3045 858 3084 ne
915 3028 1239 3099 quidquam
1264 3026 1605 3092 immuetur,
1660 3038 1982 3078 consensus
2013 3021 2169 3076 codi-

532 3133 663 3172 cum
690 3116 974 3188 prohibet.

600 3212 961 3286 Ὑποψήφιος,
1010 3228 1065 3281 p.
1116 3210 1239 3263 438.
1298 3212 1416 3263 Hoc
1475 3206 1598 3262 loco
1649 3203 1959 3281 ὗποψήφιος
2013 3222 2174 3260 voca-

532 3307 648 3368 tur,
684 3300 973 3371 quijusta
1021 3299 1090 3353 ad
1153 3297 1491 3367 dignitatem
1552 3295 1810 3366 aliquam
1869 3292 2172 3349 electivam

531 3388 808 3459 sutl‘ragia
834 3386 1149 3441 electorum
1187 3383 1340 3451 tulit,
1361 3384 1621 3439 nondum
1654 3381 2172 3436 tamen'decretum

531 3476 830 3533 electionis
854 3475 963 3529 rite
995 3473 1284 3544 perlatum
1317 3476 1423 3527 est.
1456 3472 1619 3525 Unde
1650 3470 1759 3524 iste
1789 3468 2174 3534 Theodosius,

532 3568 620 3636 (P.
654 3564 777 3635 427)
812 3563 868 3616 in
922 3578 1095 3633 quem
1160 3560 1611 3631 praaponendum
1671 3558 1879 3612 throno
1930 3556 2175 3627 patriar-

538 3653 690 3709 chali
714 3650 1069 3721 Theopoleos
1102 3649 1219 3704 sive
1258 3646 1575 3703 Antiochiae
1608 3645 1895 3716 pleraeque
1938 3645 2173 3699 Patrum

538 3740 840 3796 sententiae
872 3737 1362 3808 conSpiraverant,
1422 3738 1545 3790 erat
1574 3733 1787 3789 electus
1838 3735 2065 3786 tantum
2123 3735 2180 3786 et

540 3828 709 3900 quasi
740 3826 1082 3898 designatus
1136 3823 1487 3896 patriarcha,
1548 3822 1807 3876 nondum
1867 3824 2059 3873 tamen
2118 3820 2176 3874 in

540 3918 970 3988 possessionem
1012 3913 1230 3969 missus
1285 3916 1340 3967 et
1396 3907 1793 3983 ἀνακηρυχθεὶς
1857 3907 1959 3960 ὑπὸ
2010 3910 2178 3977 κοινῷ

535 4005 714 4075 τόμῳ,
747 4004 869 4058 utl.
905 4020 981 4068 Iv,
1015 4019 1064 4057 c.
1100 4001 1189 4067 l3,
1224 4001 1293 4054 de
1324 3999 1611 4055 Germano
1653 3998 1709 4051 in
1767 3997 2179 4051 Constantino-

539 4094 861 4165 politanum
886 4091 1279 4162 patriarcham
1315 4088 1477 4158 prius
1508 4089 1689 4141 electo
1720 4086 2020 4149 scribitur,
2064 4085 2178 4139 hoc

537 4187 628 4238 est
654 4181 845 4252 palam
874 4178 1204 4234 declaratus
1239 4175 1591 4246 patriarcha,
1621 4173 1840 4244 perlato
1883 4178 1939 4228 et
1990 4172 2182 4244 legiti-

544 4270 655 4324 mis
688 4267 954 4323 formulis
985 4266 1095 4320 rite
1128 4263 1350 4319 sancito
1384 4261 1677 4316 communi
1721 4261 1900 4316 totius
1952 4260 2180 4316 concilii

543 4357 612 4411 de
651 4356 765 4411 ista
820 4353 1099 4409 electione
1155 4353 1403 4418 decreto,
1464 4350 1615 4420 quod
1672 4345 1846 4420 τόμου
1900 4348 2179 4404 vocabulo

541 4444 928 4517 signiﬁcatur.

628 4538 924 4607 Φάκελλοι,
958 4555 1014 4609 p.
1048 4537 1153 4592 512
1192 4538 1337 4601 Quid
1398 4535 1705 4611 φακέλλους
1749 4534 1844 4590 hic
1903 4539 2176 4605 putemus

540 4633 697 4688 aliud
730 4644 906 4700 quam
942 4627 1202 4681 Latiman
1233 4641 1429 4680 vocem
1464 4625 1870 4679 diminutivam
1903 4640 1973 4678 ex
2016 4624 2179 4692 fascis

539 4720 705 4789 quasi
735 4716 992 4787 fascellos
1050 4714 1231 4781 dicas,
1281 4714 1435 4781 quod
1491 4714 1851 4780 frequentius
1909 4711 2182 4766 scribitur

536 4806 855 4877 fascisculos
886 4802 913 4856 ‘I
942 4802 1239 4870 Synesius,
1274 4801 1455 4870 Epist.
1503 4801 1603 4854 133
1637 4819 1649 4855 :
1682 4802 1886 4854 Ἅπασι
1939 4799 2181 4875 γέγραφα

542 4891 812 4971 φάκελλον
847 4887 1169 4961 ίέπιστολῶν
1205 4887 1439 4959 Διογένει
1474 4884 1599 4947 δούς
1668 4893 1785 4943 Hoc
1835 4890 1979 4942 617
2043 4894 2131 4943 est
2164 4905 2175 4943 ε

545 4982 806 5041 Omnibus
863 4978 1077 5047 scripsi,
1132 4977 1473 5053 fasciculum
1558 4981 1867 5032 litterarum
1954 4977 2182 5048 Diogeni

548 5070 951 5127 commendans.

611 5165 988 5241 Φατριάρχης,
1023 5165 1235 5233 p.287.
1293 5163 1483 5218 Verba
1540 5166 1678 5216 sunt
1735 5161 1959 5215 Arsenii
2010 5163 2178 5229 ejecti

546 5256 916 5331 patiarcbatu
939 5257 994 5307 et
1022 5253 1081 5315 in
1114 5251 1368 5306 insulam
1423 5250 1728 5320 deportati.
1764 5251 1826 5303 In
1872 5249 1965 5303 his
2014 5266 2180 5304 voca-

543 5346 681 5403 bulo
710 5341 1057 5415 πατριάρχης
1092 5338 1465 5394 scommatice
1508 5339 1778 5408 designat
1828 5338 2181 5394 Germanum

2280 1813 2404 1866 quae
2428 1814 2557 1850 cum
2589 1796 2753 1865 vulgo
2786 1796 3074 1867 signiﬁcet
3103 1797 3384 1851 indicium
3438 1797 3512 1850 rei
3570 1802 3725 1867 gesta:-
3771 1794 3858 1847 hu-

2281 1902 2452 1939 mano
2484 1885 2816 1939 testimonio
2850 1886 2907 1939 in
2941 1886 3204 1940 notitiam
3230 1887 3558 1941 absentium
3614 1898 3860 1954 sparsum,

2280 1973 2590 2042 aliquando
2624 1972 2852 2042 proprie
2883 1973 3151 2042 designat
3178 1972 3451 2026 nuntium
3486 1989 3590 2026 non
3636 1969 3861 2024 humani-

2281 2066 2373 2114 tus
2405 2060 2643 2113 allatum
2677 2060 2757 2113 rei
2793 2076 3012 2130 magna;
3048 2060 3385 2130 longinquis
3418 2061 3474 2113 in
3506 2058 3639 2113 locis
3669 2058 3867 2119 acta,et

2280 2149 2476 2202 statim
2511 2147 2590 2201 ibi
2625 2147 2866 2217 cognita
2920 2164 3032 2217 quo
3089 2147 3247 2201 nulla
3294 2146 3559 2202 celeritas
3612 2159 3866 2199 cursorum

2280 2241 2398 2290 tam
2455 2235 2656 2305 exiguo
2708 2237 2896 2305 spatio
2955 2235 3248 2306 pervenire
3295 2235 3567 2306 potuerit.
3636 2229 3865 2300 Exempla

2278 2328 2502 2378 veteres
2538 2323 2794 2377 historici
2831 2322 3016 2377 multa
3047 2325 3323 2378 referunt.
3367 2324 3505 2377 Vide
3535 2321 3740 2375 Livium
3791 2319 3874 2371 ini-

2279 2411 2358 2465 tio
2389 2410 2426 2466 l.
2462 2428 2591 2480 XLV,
2635 2415 2692 2465 et
2748 2411 3128 2465 Plutarchum
3187 2411 3244 2465 in
3294 2410 3526 2465 {Emilio
3583 2408 3760 2473 Paulo,
3801 2404 3871 2459 ubi

2282 2504 2485 2569 printer
2515 2504 2780 2553 eventum
2815 2499 3143 2553 mirabilem
3194 2498 3415 2570 vulgati
3469 2503 3656 2553 Romae
3713 2492 3869 2563 praelii:

2280 2604 2393 2657 quo
2426 2587 2483 2640 in
2530 2586 2863 2640 Macedonia
2894 2587 3199 2656 quatriduo
3232 2592 3369 2641 ante
3418 2584 3749 2641 debellatum
3779 2582 3869 2635 fue-

2282 2681 2371 2729 rat
2402 2691 2533 2728 cum
2568 2674 2773 2728 Perseo
2805 2692 2956 2745 rege,
2994 2679 3245 2745 quatuor
3268 2675 3388 2730 alia
3445 2673 3698 2744 exempla
3747 2685 3868 2726 com-

2282 2761 2879 2830 memoratzsimilium
2914 2780 3179 2829 casuum,
3207 2768 3263 2817 et
3297 2763 3358 2816 in
3386 2762 3479 2817 his
3514 2778 3707 2829 unum,
3739 2759 3867 2827 cujus

2279 2850 2405 2921 ipse
2437 2850 2782 2904 Plutarchus
2813 2850 2981 2905 testis
3014 2850 3137 2915 fuit,
3181 2854 3346 2905 aetate
3375 2868 3500 2916 sua,
3536 2854 3596 2904 ut
3639 2849 3729 2915 ait,
3772 2863 3870 2900 om-

2282 2939 2456 2993 nibus
2513 2938 2824 3009 perspecti,
2884 2939 2953 2993 de
3002 2939 3219 3009 perlata
3278 2939 3524 2994 Romam
3574 2938 3754 2992 eadem
3802 2932 3871 2985 die

2284 3045 2395 3097 qua
2424 3027 2480 3080 in
2511 3028 2822 3082 Germania
2853 3028 3115 3098 contigit,
3153 3029 3308 3083 caede
3372 3028 3625 3092 Antonii,
3679 3030 3727 3080 et
3776 3026 3872 3090 ejus

2285 3115 2569 3169 exercitus
2601 3115 2766 3168 clade
2799 3115 2895 3183 qui
2930 3120 3133 3168 contra
3163 3113 3557 3169 Domitianum
3593 3110 3870 3166 rebellarat.

2280 3201 2489 3256 Similli
2510 3205 2703 3255 autem
2729 3202 2949 3255 ratione
2982 3202 3212 3256 videtur
3246 3202 3505 3257 indicare
3564 3204 3739 3254 noster
3780 3209 3875 3266 per-

2282 3291 2509 3345 venisse
2540 3290 2611 3344 ad
2646 3290 2882 3344 Latinos
2921 3290 3324 3359 Daphnusiam
3384 3291 3768 3361 oppugnantes
3818 3282 3876 3334 fa-

2284 3396 2439 3434 mam
2474 3386 2652 3448 cap'ae
2683 3396 2715 3432 a
2745 3378 2956 3432 Graacis
2986 3378 3548 3450 Constantinopolis,
3581 3390 3738 3447 quam
3771 3385 3873 3441 pro-

2283 3474 2478 3538 pterea
2532 3471 2750 3535 famam
2799 3466 3047 3521 divinum
3080 3471 3263 3537 vocat,
3295 3464 3387 3519 καί
3442 3466 3559 3525 θεὸς
3587 3466 3783 3535 ἡφημη.
3811 3458 3875 3512 Si-

2285 3558 2523 3627 gniﬁcat
2547 3555 2720 3609 etiam
2754 3572 2881 3610 eam
2915 3572 3041 3609 esse
3071 3572 3264 3609 veram
3301 3560 3360 3609 et
3394 3554 3672 3626 propriam
3719 3545 3872 3602 nomi-

2285 3645 2378 3699 nis
2425 3644 2582 3715 φήμη
2643 3644 2961 3709 notionem,
3023 3643 3361 3709 Homerum,
3424 3644 3645 3713 opinor,
3683 3640 3871 3693 secutus

2288 3734 2438 3802 apud
2486 3748 2678 3801 quem,
2739 3736 2801 3785 ut
2860 3731 3198 3785 Fustathius
3259 3732 3559 3799 admonet,
3616 3727 3752 3803 φήμη
3804 3722 3873 3773 ρει

2290 3820 2521 3891 μαντική
2606 3814 2852 3887 κληδὼν,
2930 3817 3201 3871 τουτέστιν
3291 3818 3318 3870 ὁ
3411 3813 3697 3889 μέλλοντός
3760 3825 3871 3864 τινος

2289 3905 2597 3977 δηλωτικὸς
2655 3903 2843 3981 λόγος,
2899 3905 2948 3975 ἐξ
3004 3905 3310 3978 αὐτοματου
3392 3906 3720 3978 λεγόμενοςε
3767 3901 3871 3953 Pro-

2287 3997 2564 4069 pheticum
2588 4013 2767 4064 amen,
2802 3998 2899 4051 hoc
2927 3998 3110 4065 estrei
3145 4000 3357 4065 futura
3395 3996 3692 4066 eujuspiam
3736 3987 3874 4044 inde:

2286 4086 2518 4140 verbum
2548 4094 2735 4155 sponte
2761 4086 3062 4155 prolatum.
3094 4085 3238 4149 Quia
3267 4099 3404 4139 vero
3457 4086 3523 4138 ad
3559 4076 3867 4154 prophetiam

2289 4175 2463 4229 etiam
2499 4174 2747 4244 pertinet
2775 4173 2987 4227 notitia
3010 4190 3205 4228 rerum
3231 4173 3564 4227 absentium
3594 4161 3873 4239 longinquis

2290 4278 2357 4316 ex
2411 4263 2554 4317 locis
2611 4279 2725 4317 non
2785 4261 3043 4317 humana
3100 4278 3274 4332 opera
3354 4261 3564 4326 delata,
3616 4260 3737 4329 jure
3792 4263 3867 4304 suo

2290 4356 2487 4405 noster
2517 4350 2690 4405 etiam
2749 4350 2817 4403 ad
2869 4350 2979 4405 hoc
3036 4349 3402 4407 Homericam
3462 4345 3715 4404 vocabuli
3757 4344 3868 4412 [ama

2211 4422 2257 4485 Ῑ)
2289 4439 2583 4493 notionem
2614 4437 2911 4493 transfert.

2389 4544 2613 4617 Φορητή
2671 4541 2839 4608 οἰκίαι,
2903 4560 2957 4613 ρ.
3012 4544 3135 4598 330.
3196 4542 3318 4599 Non
3374 4552 3783 4613 usquequaque,
3827 4525 3866 4617 ni

2288 4616 2484 4697 fallor,
2533 4633 2700 4687 obvia
2754 4632 2845 4685 hic
2906 4635 3227 4701 usurpatur
3285 4631 3441 4687 notio
3500 4630 3649 4684 vocis
3701 4616 3863 4697 φορητή

2289 4737 2391 4793 pro
2422 4737 2487 4775 eo
2519 4721 2692 4791 quod,
2757 4720 2903 4774 718
2964 4720 3231 4791 analogia
3280 4738 3309 4775 e
3357 4718 3597 4788 solutili,
3658 4714 3729 4785 (P.
3779 4704 3863 4772 4'30}

2289 4808 2545 4865 classicis
2609 4808 2827 4863 usitata
2883 4824 3042 4873 voce,
3115 4809 3311 4874 ducta,
3393 4808 3634 4862 fortasse
3709 4796 3865 4854 Latine

2287 4898 2475 4952 dicere
2508 4912 2821 4967 possumus
2849 4897 3148 4967 portatilis.
3187 4896 3301 4951 Hac
3332 4913 3506 4967 porro
3541 4887 3866 4949 circumlocu-

2289 4986 2444 5041 tione
2476 4986 2560 5039 vel
2593 4985 2791 5052 σκηνάς
2824 4984 3182 5040 tabernacula
3229 4986 3540 5039 castrensia
3593 4978 3862 5050 exprimere

2291 5073 2673 5145 Pacbymeres
2704 5072 2906 5139 voluit,
2936 5072 3045 5140 vel,
3080 5074 3234 5143 quod
3266 5073 3462 5128 verius
3487 5075 3640 5141 puto,
3664 5063 3872 5121 indicare

2290 5165 2494 5218 domos
2534 5181 2563 5217 e
2622 5162 2866 5217 materia
2919 5162 3185 5217 solutiles
3248 5162 3583 5233 proceribus
3625 5148 3869 5212 Romanis.

2290 5253 2579 5307 urbanum
2615 5252 2816 5305 luxum
2849 5251 2905 5304 in
2941 5250 3153 5305 militia
3172 5251 3359 5321 quoad
3386 5251 3619 5320 possent
3637 5247 3869 5309 usurpat“3

2290 5340 2686 5407 studentibus,
2720 5343 2951 5410 paratas
2983 5353 3049 5393 eo
3081 5337 3325 5393 artiﬁcio
3356 5342 3419 5392 ut
3471 5340 3653 5407 partes
3705 5335 3866 5384 earum

618 5524 695 5597 (1)
718 5519 934 5578 Habuit
961 5518 1304 5574 Hesioceum
1339 5516 1485 5571 illud
1522 5514 1652 5576 Θεός
1678 5515 1739 5569 νύ
1770 5515 1852 5577 τίς
1884 5514 1993 5571 ἐστι
2019 5522 2112 5572 καῖ
2140 5516 2297 5589 αὐτή.
