4122 6272
360 259 491 314 1081

353 561 538 617 fuisse
568 563 823 635 οἰκίδιον,
856 574 1025 642 cujus
1056 583 1143 630 est
1174 582 1387 635 mentio
1422 582 1589 651 intra,
1624 585 1662 641 l.
1713 605 1766 655 ν,
1827 605 1874 644 c.
1933 591 1987 659 6,

357 665 473 717 quo
506 650 627 706 viso
683 655 929 711 refertur
976 661 1353 735 obstupuisse
1384 670 1555 724 cralis
1609 672 1822 726 Serbize
1868 679 1987 729 Ste-

354 736 583 805 phanus
618 740 857 799 Uresis:
911 744 1083 800 Ἀλλὰ
1125 750 1213 803 καὶ
1271 753 1332 806 τὸ
1378 756 1754 827 θεραπευτικὸν
1812 760 1873 813 τὸ
1933 759 1984 814 ἐν

349 822 551 885 κείνοις
634 825 852 901 βλέπων
925 833 1145 908 Οὐρὲσις
1225 842 1314 893 καὶ
1389 842 1619 898 οῗκίδιον
1664 890 1676 901 .
1723 891 1735 904 .
1784 890 1795 902 .
1857 848 1983 903 ἐπα-

350 907 624 981 λαστήσας
694 920 876 988 φησὶν,
945 920 1015 977 Αἵ
1086 924 1161 991 ait,
1218 927 1269 981 τί
1323 934 1529 1000 “cauta;
1593 933 1683 987 καί
1738 938 1872 1007 ἡμῖν
1924 937 1985 991 οὐ

350 1001 587 1069 συνήθης
631 1002 765 1073 αὕτη
823 1009 857 1076 ἡ
918 1007 1115 1083 δίαιτα,
1176 1021 1284 1071 etc.
1344 1022 1479 1082 Quae
1532 1001 1793 1079 indicant
1849 1044 1984 1081 eum

348 1086 460 1141 ista
492 1092 682 1160 specie
731 1096 899 1164 quasi
942 1100 1106 1155 nimii
1168 1104 1337 1160 luxus
1396 1110 1699 1167 offensum.
1758 1113 1981 1183 Aliquid

347 1178 520 1231 etiam
555 1178 748 1236 simile
779 1183 953 1240 fuerit
985 1192 1211 1258 σκηνικὴ
1245 1192 1377 1254 νεὼς
1410 1193 1467 1248 ἐκ
1523 1196 1744 1252 πέπλων
1807 1196 1983 1255 στιϐα-

347 1265 452 1334 ρῶν
490 1264 739 1336 μετάξης,
787 1288 961 1342 quam
1026 1281 1341 1336 monachus
1402 1286 1637 1341 nomine
1689 1289 1979 1361 princeps,

343 1352 636 1409 deducens
666 1361 735 1411 ad
772 1360 991 1417 Chalail
1018 1365 1410 1425 Tocharorum
1437 1352 1754 1444 principem
1810 1352 1982 1447 spon;

341 1453 467 1493 sam
498 1442 705 1537 ‘ﬁliam
754 1455 1128 1517 Imperatoris
1180 1454 1282 1508 ὑπὸ
1346 1457 1607 1530 μεγάλαις
1668 1463 1979 1537 φαντασίαις

1346 1520 1355 1528 1
1426 1520 1436 1530 l
1679 1520 1687 1537 Ι
1967 1520 1975 1525 ’

336 1524 425 1577 καὶ
458 1520 721 1598 ἀϐρότησι
756 1530 966 1607 σύναμα
1029 1538 1118 1591 καὶ
1175 1542 1399 1616 πλούτῳ
1454 1546 1803 1620 παντοδαπῷ,
1862 1553 1975 1607 cir-

335 1615 608 1671 cumtulit
640 1620 709 1673 ad
744 1627 1193 1685 ostentationem
1223 1615 1688 1705 magniﬁcentiae,
1716 1615 1854 1695 util.
1886 1657 1972 1709 Ill,

334 1715 384 1755 c.
417 1701 452 1757 3
480 1711 770 1762 narratur.

416 1849 661 1952 (ιιξρὲριοι,
726 1874 783 1927 p.
841 1860 963 1915 360.
1025 1861 1132 1925 Οῧς
1190 1868 1439 1943 φρείορυς
1496 1871 1647 1928 αὐτοὶ
1694 1874 1968 1952 λέγουσιν,

350 1933 638 2015 ἀδελφούς.
684 1945 1004 2018 Religiosos
1032 1933 1296 2012 videlicet
1327 1933 1471 2030 quos
1500 1966 1707 2032 fratres
1766 1933 1968 2026 vocare

329 2026 457 2096 jam
488 2034 613 2084 tum
645 2036 796 2103 apud
834 2037 1008 2093 Italos
1035 2026 1375 2102 invaluerat.
1409 2026 1555 2106 Galli
1587 2054 1708 2108 sivo
1740 2055 1965 2128 Franci,

335 2130 402 2169 ex
428 2134 544 2214 qua
572 2125 743 2190 gente
791 2123 1028 2195 plurimi
1087 2134 1583 2209 Constantinopoli
1633 2148 1688 2197 et
1746 2123 1963 2214 passim

328 2219 430 2301 per
459 2204 748 2264 Orientem
800 2212 1107 2288 degebant,
1163 2221 1369 2278 fratres
1415 2204 1607 2299 fret—es,
1654 2236 1718 2285 ut
1747 2204 1961 2301 -hodie,

328 2290 593 2349 dicebant
626 2314 639 2362 ;
676 2299 827 2354 unde
851 2303 1026 2358 Graeci
1061 2323 1257 2364 vocem
1310 2313 1559 2387 φρερὶους
1592 2290 1958 2378 (formarunt.

328 2377 579 2451 Usurpat
608 2400 778 2453 porro
810 2395 1009 2445 noster
1050 2393 1151 2449 hoc
1185 2377 1621 2461 vocabulumret
1660 2408 1797 2463 alibi
1856 2377 1960 2465 see;

328 2465 485 2536 pius.
519 2473 695 2527 Erant
725 2474 783 2528 hi
816 2476 1079 2550 plerique
1108 2498 1137 2537 e
1164 2487 1346 2541 sacris
1380 2490 1616 2549 familiis
1649 2496 1744 2549 SS.
1781 2497 1957 2552 Fran-

324 2553 461 2610 cisci
481 2562 537 2612 et
567 2558 850 2619 Dominici
885 2582 1259 2643 :quanquam
1292 2580 1349 2631 et
1380 2578 1707 2638 Melitenses
1740 2586 1958 2654 equites

324 2645 478 2713 apud
508 2646 979 2710 Cantacuzenum
1013 2658 1218 2717 l‘rerios
1249 2663 1513 2723 videmus
1569 2670 1777 2727 dictos.

400 2810 625 2903 (Pollux?)
659 2817 886 2892 ἡμέρας,
922 2839 976 2893 p.
1009 2826 1132 2880 245.
1168 2828 1239 2883 Ut
1269 2847 1401 2903 nox,
1460 2834 1540 2889 ita
1597 2841 1653 2890 et
1710 2839 1834 2895 dies
1893 2841 1952 2897 in

327 2901 621 2959 custodias
651 2912 902 2977 quatuor
949 2913 1333 2985 dividebatur,
1388 2901 1571 2978 trium
1630 2928 1955 2995 quamlibet

322 2987 617 3045 horarum.
682 2995 794 3050 Hoc
861 3006 1095 3057 secutus
1153 3002 1398 3079 φυλακήν
1459 3011 1566 3066 hoc
1611 3012 1735 3068 loco
1807 3018 1949 3071 verti

315 3075 636 3147 Irz‘hon’um,
670 3098 845 3152 quam
877 3104 1071 3143 vocem
1110 3075 1346 3147 memini
1402 3113 1493 3151 me
1550 3098 1738 3171 legere
1794 3106 1945 3174 apud

316 3168 607 3223 auctorem
642 3175 785 3225 satis
814 3175 1118 3246 antiquum
1146 3198 1248 3235 nec
1281 3168 1683 3256 indiligentem
1736 3190 1949 3247 Latini-

312 3253 450 3307 tatis
483 3259 803 3315 Ausonium
836 3261 894 3316 in
931 3263 1184 3321 Mosella.
1219 3253 1540 3329 Vaticanus
1592 3282 1722 3346 post
1776 3280 1951 3334 verba

311 3356 437 3409 qua:
469 3343 750 3417 descripsi
801 3349 1091 3420 glossema
1150 3373 1322 3412 suum
1377 3343 1671 3430 quoddam
1721 3366 1950 3422 infercit

313 3444 426 3483 non
455 3430 620 3487 valde
652 3444 1013 3510 accuratum,
1047 3443 1129 3497 sic
1160 3447 1491 3515 exprimens
1518 3450 1672 3505 hunc
1706 3452 1896 3509 locum
1930 3473 1942 3510 :

318 3513 805 3590 (ανεραόεϐηκότος
826 3524 985 3600 ἐγγὺς
1009 3529 1141 3583 εἶναι
1172 3513 1430 3607 τέσσαρας
1463 3536 1608 3611 ὠρας
1638 3546 1703 3607 τῆ
1737 3544 1942 3614 πεὴμέ-

310 3605 538 3679 υρὺώτῃ
610 3610 788 3665 τοίνυν
862 3614 1076 3690 φυλακῇ
1146 3626 1244 3688 τῆς
1330 3605 1581 3699 ἡμέρας).
1643 3605 1789 3691 Quid
1830 3605 1942 3688 "ita

313 3710 445 3751 vero
478 3697 506 3752 ?
536 3715 728 3756 nonne
756 3705 943 3773 potuit
975 3713 1178 3763 auctor
1213 3712 1471 3768 indicare
1518 3717 1772 3774 voluisse
1829 3722 1940 3776 ini-

306 3782 454 3839 tium
481 3788 758 3846 custodiae
783 3794 903 3848 sive
948 3796 1197 3863 trihorii,
1250 3817 1363 3854 non
1424 3808 1616 3859 autem
1670 3807 1938 3865 ultimam

302 3871 430 3941 ejus
454 3880 677 3943 partem
720 3881 1050 3952 contiguam
1111 3884 1265 3941 horae
1325 3887 1435 3944 diei
1489 3895 1764 3962 quartae?
1815 3900 1936 3953 Imo

298 3974 432 4014 vero
489 3961 638 4017 clare
699 3966 990 4037 signiﬁcat
1034 3972 1102 4026 de
1161 3974 1465 4047 principia,
1516 3961 1642 4035 non
1694 3983 1763 4037 de
1822 3985 1936 4040 ﬁne

298 4048 470 4117 primi
505 4051 618 4111 diei
648 4055 894 4124 triborii,
930 4075 990 4113 se
1020 4059 1202 4131 loqui,
1243 4063 1380 4119 dum
1417 4083 1548 4123 mox
1607 4076 1739 4140 post
1798 4075 1937 4129 reci-

294 4138 417 4190 tata
438 4139 609 4194 verba
641 4143 946 4216 subjungit
977 4143 1505 4226 ὕπεραναρεορκότος
1534 4138 1625 4210 τὸν
1683 4160 1933 4233 ὁρίζοντα

295 4221 352 4276 in
391 4223 435 4275 V
467 4243 579 4282 non
603 4239 994 4301 compareant,
1031 4254 1144 4293 non
1185 4240 1416 4297 videtur
1439 4248 1631 4301 tamen
1686 4249 1928 4305 dubium

297 4313 434 4381 quin
474 4316 606 4371 sint
650 4319 862 4390 γνήσια.
910 4324 1176 4381 Indicant
1226 4335 1443 4400 autem,
1500 4334 1555 4388 id
1611 4337 1763 4407 quod
1850 4339 1930 4393 ibi

298 4406 586 4471 narratur,
649 4408 962 4479 contigisse
1018 4418 1193 4483 paulo
1241 4424 1375 4488 post
1425 4426 1687 4479 exortum
1766 4426 1926 4495 solis,

1810 290 2286 350 GLOSSARIUM.

354 384 499 439 solvi
530 390 881 465 sejungique
903 400 1308 458 commissuris
1340 409 1395 459 et
1424 405 1537 462 alio
1596 410 1795 465 delatae
1847 413 1982 468 alibi
2015 426 2069 491 Α

358 490 565 529 rnrsus
616 482 911 553 compingi
969 495 1229 555 possent.
1292 494 1431 563 Ejus
1480 498 1708 567 generis
1764 501 1994 556 videtur

3598 309 3736 365 1082

2207 417 2511 495 Ἀφιλαστα
2534 422 2623 476 καὶ
2650 424 2945 499 φώσσωνας
2978 424 3419 501 ὠργυιωμένους.

2100 522 2354 580 Isaacius
2413 529 2667 600 Tzetzes,
2719 531 3062 589 scholiastes
3145 538 3273 605 ejus
3331 539 3737 598 obscurissimi

2102 616 2403 681 poematis,
2438 618 2619 671 sicibi
2666 627 2898 676 enarrat
2925 621 3077 677 hanc
3129 640 3321 679 vocem
3355 644 3366 680 :
3424 627 3734 691 Φώσσωνας

2099 700 2162 751 τὰ
2223 697 2414 774 λαίφη,
2476 705 2539 757 τὰ
2599 704 2823 780 ἄρμενα,
2886 710 3030 781 παρὰ
3085 710 3146 763 τὸ
3201 716 3283 787 φῶ
3314 713 3374 765 τὸ
3404 713 3729 789 λαμπρύνω·

2100 784 2262 841 λευκά
2331 791 2453 864 γάρ.
2534 794 2603 848 ’Ἠ
2674 796 2818 871 παρὰ
2873 798 2933 850 τὸ
3005 801 3298 871 φυσσᾶσθαι
3375 803 3462 856 ὑπ’
3532 804 3731 878 ἀνέμου

2096 880 2387 946 φυσσῶνες.
2427 881 2530 937 Ubi
2564 884 2719 940 viiles
2778 891 3055 961 φυσσῶνας
3115 890 3238 944 vela
3286 892 3521 948 navium
3580 913 3731 961 esse,

2094 965 2178 1018 sic
2210 967 2362 1021 dicta
2393 969 2475 1023 vel
2508 974 2659 1040 quod
2694 976 2981 1029 candeant
3020 979 3268 1033 naturali
3325 980 3515 1037 colore
3567 983 3727 1039 linere

2094 1052 2241 1118 telae,
2289 1071 2322 1107 a
2374 1058 2547 1112 verbo
2598 1062 2701 1133 φῶ,
2755 1064 2910 1131 quod
2970 1066 3215 1119 candere
3272 1067 3577 1138 signiﬁcet,
3639 1073 3726 1126 νιιι

2093 1142 2247 1208 quod
2298 1142 2538 1200 inflante
2591 1153 2761 1203 vento
2809 1155 3094 1219 tumeant,
3152 1153 3233 1224 (P.
3294 1156 3397 1209 429
3446 1174 3479 1211 a
3547 1162 3719 1215 verbo

2091 1228 2329 1300 φυσσάω,
2355 1234 2508 1303 quod
2540 1236 2865 1290 estintlare.
2895 1240 3104 1294 Eodem
3157 1242 3424 1297 recidunt
3481 1261 3610 1314 qua:
3665 1249 3722 1301 in

2091 1330 2218 1369 eam
2253 1334 2447 1373 vocem
2478 1327 2762 1377 annotant
2793 1325 3133 1382 Eustathius
3155 1332 3211 1383 et
3242 1329 3581 1402 Hesychius.
3608 1335 3723 1389 Nos

2088 1407 2279 1459 Greco
2313 1409 2534 1477 poetico
2592 1412 2869 1467 vocabulo
2920 1416 3187 1470 Latinum
3242 1417 3378 1472 item
3432 1422 3720 1489 poeticum

2088 1495 2493 1565 opposuimus,
2528 1514 2659 1553 cum
2710 1500 2923 1556 alicubi
2973 1502 3270 1573 φώσσωνας
3318 1508 3543 1562 carbasa
3592 1525 3718 1565 ver-

2083 1578 2286 1635 timus.

2152 1667 2380 1759 Χρονος,
2436 1690 2491 1742 ρ.
2542 1675 2633 1731 35.
2693 1677 2794 1733 Hic
2848 1681 3153 1737 manifeste
3192 1683 3448 1739 sumitur
3516 1685 3718 1759 χρόνος

2002 1790 2050 1854 Β
2082 1772 2184 1824 pro
2232 1752 2369 1819 ἔτος·
2416 1761 2557 1815 ltem
2608 1763 2643 1817 Ι.
2701 1783 2773 1835 v1,
2826 1783 2875 1821 c.
2952 1770 3009 1823 24
3060 1785 3072 1823 :
3125 1768 3233 1854 νξΓὸν
3288 1752 3710 1847 εἷκοσιτὲταρτιιν

2077 1848 2176 1909 τῆς
2213 1843 2487 1917 βασιλείας
2533 1850 2726 1923 χρόνον
2782 1851 3053 1923 ἐδήλωσεν
3111 1852 3378 1930 ἄντικρυς.
3437 1860 3542 1915 Ubi
3589 1843 3717 1934 vagit

2079 1932 2149 1985 de
2164 1949 2404 1989 numero
2446 1937 2768 1996 litterarum
2803 1944 3055 1998 nominis
3075 1945 3371 2001 Michaelis
3387 1932 3711 2021 Palaeologi,

2078 2021 2169 2075 cui
2212 2024 2612 2095 adjungantur
2667 2028 2869 2084 littera;
2918 2033 3281 2101 cognominis
3334 2036 3462 2104 ejus
3517 2040 3711 2094 minus

2076 2110 2194 2163 doti
2228 2113 2534 2178 Manuelis,
2558 2117 2698 2170 ﬁent
2726 2118 3011 2174 elementa
3041 2120 3243 2192 viginti
3269 2129 3521 2192 quatuor
3575 2129 3678 2182 toti
3698 2160 3711 2168 -

2075 2197 2206 2252 dem
2238 2199 2288 2253 ei
2321 2217 2505 2257 annos
2535 2203 2759 2274 imperii
2794 2207 3132 2274 ominantia,
3157 2218 3218 2263 ut
3239 2216 3479 2267 eventus
3510 2221 3709 2271 osten-

2075 2283 2178 2339 dit.
2207 2290 2349 2341 Nam
2381 2289 2473 2343 hic
2505 2290 2838 2360 imperator,
2871 2311 2918 2348 c.
2955 2294 3158 2350 ultimo
3207 2297 3244 2350 1.
3287 2316 3366 2363 νι,
3418 2302 3486 2354 24
3537 2304 3708 2358 annis

2072 2372 2373 2443 imperasse
2417 2378 2667 2432 traditur
2749 2380 2839 2435 his
2918 2384 3153 2449 verbis;
3232 2385 3564 2449 Βασιλεύσας
3651 2390 3709 2445 δὲ

2068 2460 2289 2532 ἡμερῶν
2350 2459 2582 2517 δεουσῶν
2643 2463 2809 2520 εἷ’κοσι
2866 2468 2933 2521 τὰ
2986 2467 3154 2524 εἴκοσι
3209 2473 3460 2548 τέσσαρα,
3499 2494 3707 2550 nempe

2068 2541 2184 2615 ἔτη,
2248 2553 2400 2619 quod
2460 2568 2672 2609 nomen
2726 2557 2890 2626 prius
2947 2566 3240 2628 posuerat.
3303 2541 3489 2626 Quare
3538 2541 3710 2624 debet

2067 2636 2276 2691 resolvi
2327 2640 2729 2713 diphthongus
2787 2661 2852 2697 ου
2887 2647 2945 2700 in
3006 2650 3242 2704 nomine
3298 2650 3591 2720 Μανουήλ,
3653 2662 3708 2710 et

2066 2739 2169 2792 pro
2227 2725 2455 2781 duobus
2513 2729 2805 2786 distinctis
2878 2734 3182 2791 elementis
3240 2742 3586 2809 computari,
3646 2751 3709 2799 ut

2067 2828 2350 2868 numerus
2380 2831 2448 2868 ex
2479 2822 2673 2873 mente
2703 2822 2951 2877 aucloris
2978 2829 3221 2879 constet.
3255 2830 3381 2881 Non
3436 2830 3700 2887 omittam

2064 2904 2257 2954 autem
2293 2919 2524 2957 monere
2568 2910 2752 2961 totum
2813 2909 2921 2964 hoc
2971 2928 3199 2967 comma
3246 2915 3315 2968 de
3356 2920 3703 2986 cognomine

2063 2988 2347 3046 Manuelis
2379 2998 2433 3046 et
2472 2996 2750 3066 praesagio
2809 3015 2875 3052 ex
2915 3015 2979 3053 eo
3025 3002 3198 3056 ducto
3255 3020 3541 3060 annorum
3588 3009 3700 3061 im~

2064 3077 2205 3143 perii
2233 3079 2535 3152 Palazologi
2570 3085 2639 3137 ad
2673 3084 2963 3140 Allatiano
2995 3093 3050 3141 et
3079 3087 3355 3145 Vaticano
3400 3094 3698 3151 codicibus

2064 3164 2342 3233 abfuisse,
2400 3168 2458 3222 in
2514 3171 2638 3226 solo
2693 3182 3057 3232 icomnarere
3133 3176 3468 3246 Barberino,
3543 3185 3701 3251 Saepe

2059 3249 2197 3332 alibi
2221 3252 2598 3325 Pachymeres
2642 3257 2839 3332 χρόνον
2901 3264 3064 3332 ponit
3117 3261 3233 3315 ἀντὶ
3292 3263 3534 3319 ἐνιαυτοῦ
3590 3249 3693 3323 aut

2056 3330 2225 3405 ἔτους,
2261 3344 2583 3411 praesertim
2616 3330 2973 3417 hocloco,ic.
3033 3350 3071 3403 l.
3124 3352 3214 3415 20,
3274 3352 3312 3406 l.
3374 3371 3406 3406 ν
3454 3373 3467 3411 :
3526 3355 3694 3410 Οὔπω

2054 3428 2252 3497 χρόνος
2282 3429 2602 3487 τετέλεσται.
2637 3440 2691 3489 et
2722 3435 2759 3489 Ι.
2791 3453 2869 3502 v.,
2902 3453 2951 3491 c.
2988 3439 3053 3492 10
3086 3455 3099 3494 :
3156 3436 3299 3509 ⁸Ηδη
3362 3437 3418 3493 δὲ
3474 3442 3688 3514 χρόνων

2050 3516 2463 3586 παρῳχηκότων
2486 3522 2777 3594 τεττάρων·

2122 3603 2506 3676 Χρυσόσυρμα,
2540 3624 2596 3677 p.
2628 3611 2753 3663 337.
2798 3612 2876 3667 De
2933 3614 3156 3669 Joanne
3211 3617 3453 3687 despota
3511 3619 3683 3691 depo-

2050 3696 2223 3745 nente
2280 3692 2516 3762 pileum,
2577 3695 2808 3766 insigno
2867 3700 3176 3771 despoticae
3232 3706 3558 3776 potestatis,
3626 3715 3683 3763 et

2047 3778 2226 3832 alium
2259 3780 2385 3849 ejus
2417 3780 2541 3836 loco
2571 3782 2868 3853 vulgarem
2929 3788 3263 3858 imponente
3322 3792 3516 3862 capiti.
3570 3796 3673 3849 Co-

2046 3867 2218 3922 dinus
2250 3869 2615 3939 Curopalata,
2644 3871 2715 3925 De
2736 3874 2954 3943 officiis,
2989 3892 3036 3929 ο.
3071 3877 3124 3940 3,
3164 3894 3218 3946 p.
3246 3879 3312 3931 12
3365 3881 3455 3933 ed.
3490 3884 3671 3937 Paris.

2045 3954 2180 4008 anni
2237 3956 2376 4010 4625
2408 3973 2421 4011 ξ
2452 3956 2534 4011 Τᾶ
2589 3956 2802 4012 σκιάδια
2854 3963 2958 4013 τῶν
3006 3957 3265 4035 γαμϐρῶν
3340 3969 3437 4019 τοῦ
3519 3967 3675 4040 βασι-

2044 4039 2181 4102 λέως
2256 4040 2526 4098 δεσποτῶν
2601 4041 2768 4100 ὄντων
2846 4051 3246 4122 χρυσοκόχκινα
3276 4054 3670 4124 ουρματὲϊναυτ

2041 4126 2239 4203 ἔχοντα
2321 4132 2582 4206 σταυροὺς
2670 4135 3183 4210 μαργαριταρεΐνους
3265 4140 3353 4193 καὶ
3437 4140 3668 4215 γύρους.

2038 4222 2531 4289 Ρίιθίῃεηθιηονωη
2552 4223 2920 4295 imperatoris,
2952 4229 3003 4281 si
3039 4227 3152 4281 sint
3208 4228 3458 4299 despota.
3511 4236 3671 4287 aurei

2038 4319 2089 4363 et
2129 4309 2340 4364 caecini
2392 4311 2592 4366 coloris
2664 4320 2791 4367 sunt
2867 4319 2919 4368 et
2994 4315 3281 4384 ﬁmbriati,
3362 4318 3667 4387 habentque

2038 4413 2217 4452 cruces
2273 4414 2341 4453 ex
2381 4402 2699 4470 margaritis
2732 4404 2783 4454 et
2836 4417 3001 4471 gyro:
3072 4419 3170 4456 seu
3241 4406 3497 4461 circulos.
3589 4409 3664 4462 En

296 4487 407 4544 hoc
439 4495 525 4546 est
551 4491 692 4549 hora
723 4496 917 4566 palma
949 4500 1060 4557 diei
1093 4505 1137 4558 Ι,
1193 4487 1267 4573 Iv”
1335 4525 1384 4562 ο.
1442 4510 1495 4578 8,
1556 4529 1764 4568 nomen
1824 4487 1931 4571 hoé
1963 4494 2006 4557 D
2040 4487 2226 4556 pileus
2260 4488 2511 4558 despotze
2543 4504 2756 4578 aureus
2794 4494 2851 4543 et
2884 4490 3249 4578 vtimoriatus.
3313 4492 3475 4548 Hunc
3532 4494 3665 4548 idem

294 4575 449 4633 idem
483 4576 698 4654 φυλακή
732 4589 1014 4644 nocturno
1036 4593 1305 4664 tempori,
1335 4597 1425 4651 cui
1474 4601 1662 4671 magis
1717 4619 1927 4658 conve-

292 4664 680 4737 nit,:'patatur
737 4671 796 4727 in
846 4674 937 4730 his
986 4677 1176 4734 verbis
1218 4697 1231 4735 :
1294 4683 1391 4735 Καὶ
1451 4681 1515 4753 δὴ
1571 4664 1668 4755 τὴν
1702 4694 1923 4761 πρώτην

292 4751 538 4828 φυλακὴν
568 4763 668 4826 τῆς
700 4762 887 4822 νυκτὸς
934 4761 1142 4835 ἐκείνης
1169 4809 1181 4823 .
1208 4768 1312 4824 Ubi
1355 4788 1521 4829 nemo
1578 4793 1691 4831 non
1750 4780 1923 4850 videt,

287 4843 385 4912 qui
418 4845 656 4915 quidem
679 4842 869 4904 fotum
902 4851 1094 4910 locum
1126 4861 1345 4914 attente
1396 4860 1733 4933 inspexerit,
1789 4842 1925 4921 κατᾶ

283 4933 436 4989 915
499 4951 599 5004 pro
638 4934 727 4988 καὶ
787 4938 970 4995 fuisse
1027 4947 1449 5018 reponendum,
1510 4956 1573 5007 ut
1630 4954 1919 5027 fecimus;

283 5024 341 5075 et
370 5021 418 5076 si
446 5020 504 5077 in
536 5038 601 5078 eo
636 5026 841 5081 mendo
874 5031 991 5084 tres
1022 5031 1189 5086 codd.
1216 5038 1608 5095 convenirent.

359 5184 771 5247 Φώσσωνες.Ε.
813 5205 868 5255 ν,
927 5207 976 5245 ο.
1038 5192 1246 5249 ultimo
1302 5202 1391 5253 ter
1444 5210 1764 5276 usurpatur
1812 5210 1918 5267 hoc

285 5273 661 5341 voeabulum,
713 5280 770 5330 et
816 5280 985 5333 tertio
1034 5280 1158 5337 loco
1218 5288 1531 5356 apponitur
1577 5273 1916 5364 adjunctum

287 5359 687 5434 ὠργυιωμένοι,
723 5369 787 5418 ut
818 5382 932 5420 non
965 5368 1042 5423 sit
1072 5371 1317 5428 dubium
1364 5378 1502 5447 quia
1550 5359 1918 5455 Pachymeris

287 5449 410 5505 haec
436 5450 745 5506 scribentis
777 5453 1182 5513 obversaretur
1206 5461 1401 5518 animo
1430 5465 1589 5523 locus
1618 5449 1724 5526 ille
1747 5477 1917 5546 Lyco-

289 5537 533 5611 phronis
564 5538 622 5594 in
652 5539 994 5600 Alexandra.

2036 4578 2231 4643 poster
2286 4591 2401 4629 uno
2453 4575 2727 4630 vocabulo
2764 4576 3131 4652 .xpuco'cruppa
3188 4585 3488 4651 nuncupat
3561 4581 3668 4638 hoc

2036 4661 2183 4729 loco,
2217 4663 2351 4717 dam
2383 4662 2552 4717 illum
2585 4663 2808 4733 vulgari
2838 4670 2893 4719 et
2917 4664 3138 4733 privato
3171 4671 3462 4723 mutatum
3495 4669 3576 4723 ait
3633 4689 3665 4725 a

2032 4750 2256 4804 Joanne
2286 4752 2545 4821 despota.
2571 4752 2724 4806 630
2757 4752 2938 4822 Igitur
2965 4752 3026 4805 τὸ
3076 4751 3135 4805 ἐκ
3191 4771 3305 4808 non
3366 4757 3662 4812 materiam

2034 4837 2129 4891 hic
2158 4838 2377 4892 indicat
2408 4838 2539 4908 pilei
2573 4840 2924 4909 communis,
2974 4842 3072 4895 sed
3130 4845 3449 4897 terminum
3510 4847 3663 4900 unde

2032 4925 2331 4979 transierit
2361 4928 2428 4980 ad
2462 4927 2756 4996 vulgarem
2778 4926 2992 4996 pileum
3024 4929 3073 4983 is
3105 4930 3202 4999 qui
3231 4934 3400 4985 antea
3426 4931 3507 4985 uti
3567 4949 3662 4987 so-

2029 5012 2170 5068 litus
2202 5020 2355 5070 esset
2385 5032 2559 5071 aureo
2591 5016 2902 5071 ﬁmbriato.
2927 5017 3019 5072 Sic
3054 5018 3210 5087 Virg.
3246 5034 3327 5086 m,
3358 5019 3483 5072 ZEn.

2032 5166 2170 5233 Quos
2200 5168 2483 5222 hominum
2504 5184 2573 5223 cx
2599 5170 2741 5237 facie
2786 5168 2885 5223 dea
2927 5185 3076 5225 sava
3124 5171 3433 5239 potentibus
3477 5170 3661 5226 herbis

2027 5238 2291 5293 Induerat
2320 5238 2470 5294 Circe
2500 5239 2558 5293 in
2592 5240 2770 5294 vultus
2798 5243 2850 5294 et
2877 5243 3027 5310 terga
3055 5238 3327 5311 ferarum.

2097 5384 2285 5442 Χωλαί
2317 5405 2371 5459 p.
2406 5389 2527 5442 404.
2574 5385 2774 5449 Χωλάς
2802 5409 2859 5442 τε
2914 5387 3105 5464 ῥυσσάς
3160 5410 3218 5444 τε
3286 5384 3660 5464 παραϐλῶπάς

2026 5476 2074 5528 τ’
2104 5473 2393 5550 ὀφθαλμώ.
2448 5475 2539 5531 Sic
2572 5477 2725 5531 enim
2754 5494 2822 5533 ex
2849 5478 3089 5533 Homero
3117 5480 3491 5546 correximus,
3523 5496 3655 5536 cum

2029 5565 2087 5619 in
2114 5580 2254 5620 mss.
2314 5560 2609 5639 ὀφθαλμῶν
2663 5563 2966 5635 legeretur.
3021 5565 3144 5622 Non
3194 5567 3479 5639 intelliget
3533 5567 3654 5627 haec
