4122 6272
534 327 672 383 1083
1582 341 1645 390 ι).
1683 339 1959 392 possm:
1995 337 2603 391 ossaava'norzum
2640 339 2771 389 LIB.
2815 338 2859 387 1.
3742 296 3855 389 1084

534 452 754 523 scripta
791 452 861 507 de
914 452 1094 509 Veceo
1148 470 1251 525 pro
1304 454 1419 511 reis
1478 456 1726 513 sollicite
1782 462 2010 529 agente,
2070 456 2171 528 qui
2201 458 2403 530 AOf/is
2425 460 2607 511 aureis
2655 458 2717 511 in
2764 471 2822 511 os
2873 455 3102 524 maestis
3144 453 3314 526 pasci.
3366 454 3470 508 Sed
3528 470 3639 508 rem
3692 456 3765 509 uti
3806 470 3857 511 se

530 539 725 596 locum
784 543 1022 597 Homeri
1079 544 1452 599 obversatum
1521 546 1715 601 animo
1794 546 2163 617 Pachymeris
2273 546 2500 614 habuit,
2558 545 2814 599 declarat
2872 545 3187 599 Vaticanus
3252 542 3653 612 Paraphrastes
3722 543 3853 597 hunc

528 632 838 686 scribentis
865 631 1050 686 oculis
1081 637 1137 686 et
1168 634 1291 704 ipse
1342 632 1521 687 lector
1561 651 1672 689 non
1702 634 2015 703 subjecerit
2064 638 2161 688 aut

2271 634 2461 689 locum
2512 635 2592 687 sic
2638 633 2961 687 exhibens:
3040 632 3100 687 Ὀ
3187 630 3278 702 μὶν
3360 628 3611 703 Χαλυφᾶς
3684 635 3857 702 χρυσοῦ

529 720 810 775 memoria
842 720 1212 775 revocaverit.
1248 720 1446 777 Iliadis
1470 722 1696 778 decima
1728 722 1964 777 Phoenix
2014 722 2161 776 inter

2272 721 2452 783 ἑοντος
2508 719 2643 773 κατὰ
2716 716 2987 793 λάρυγγος
3072 717 3276 770 ἐκείνου
3331 717 3579 790 χυθὲντος
3644 715 3856 770 ἰτελεῦτα

526 808 643 863 alia
675 808 861 863 multa
898 826 1024 879 quae
1057 808 1269 881 allegat
1298 810 1513 864 Achilli
1560 812 1861 877 ﬂectendo,
1896 810 2165 881 proponit
2272 810 2551 880 Chalypha
2581 809 2796 880 quidem
2826 824 2961 863 auro
2997 812 3236 877 fervente
3291 810 3349 860 in
3403 812 3592 874 guttur
3639 807 3737 875 ejus
3776 806 3847 859 in-

526 899 768 952 deorum
801 897 1154 968 exemplum,
1188 898 1567 954 exorabilium
1600 899 1660 954 in
1681 900 1911 955 veniam
1961 897 2162 969 culpa-
2265 900 2393 969 fuso
2424 903 2669 953 mortuus
2697 906 2792 953 est.
2824 898 2984 962 Quod
3018 897 3099 951 ita
3140 900 3367 967 gestum
3400 893 3729 963 astipulatur
3753 899 3845 947 Ma-

527 1002 677 1053 rum,
712 987 853 1040 dum
887 986 1157 1056 precibus
1188 987 1633 1042 convcniuntur.
2271 987 2435 1041 rinus
2467 987 2744 1053 Sanutus,
2775 984 2815 1038 l.
2841 1001 2923 1050 ιιι,
2959 984 3142 1055 partis
3176 984 3259 1053 13,
3286 999 3335 1037 c.
3363 984 3397 1035 7
3454 981 3535 1037 sic
3589 981 3851 1036 scribens:

1700 1098 1845 1173 Οὐδὲ
1870 1102 1929 1154 τὲ
1962 1120 2017 1173 σε
2048 1101 2157 1173 χρή

2272 1076 2433 1147 Capti
2501 1075 2755 1146 Calyphce
2813 1075 3026 1141 gutturi
3088 1072 3360 1142 liquatum
3468 1087 3658 1125 aurum
3722 1070 3857 1137 jussit

524 1169 738 1241 Νηλεὶς
792 1173 928 1246 ἦτορ
1002 1168 1171 1245 ἔχειν.
1232 1170 1498 1245 Στρεπτοὶ
1556 1169 1612 1225 δὲ
1658 1172 1715 1226 τε
1760 1172 1849 1246 xui
1907 1172 2018 1225 Θεοὶ
2051 1158 2161 1225 ’δίύλ

2268 1163 2603 1234 (Haolonus)
2663 1161 2910 1232 infundi,
2962 1163 3261 1216 avaritiam
3335 1159 3680 1229 exprobrans,
3754 1158 3856 1229 quia

1731 1244 1861 1321 [τοὶ.
1899 1284 1911 1298 .
1959 1285 1971 1298 .
2019 1286 2031 1299 .
2077 1285 2089 1299 .
2268 1267 2394 1306 cum
2426 1252 2705 1305 immensis
2724 1251 2979 1321 afﬂueret
3010 1250 3303 1314 thesauris,
3363 1248 3652 1318 supz’ditate
3695 1247 3851 1301 deten-

529 1312 758 1410 EiaiBEEv
786 1310 912 1403 τοὺς
945 1312 1152 1365 Θυὲεσσι
1181 1313 1270 1365 καὶ
1303 1310 1573 1405 εὖχωλῇςι
1593 1310 1818 1386 ἀγανῇσι

2271 1343 2356 1393 tus
2378 1356 2474 1410 pro
2496 1336 2674 1393 salute
2701 1355 2801 1393 sua
2825 1354 2912 1393 eos
2941 1337 3245 1409 expendere
3293 1335 3482 1391 renuit
3535 1334 3656 1389 Haec
3701 1334 3855 1389 Sanu-

525 1379 695 1440 Λοιϐ⁹
732 1403 787 1437 τε
816 1384 1002 1457 κνίσσῃ
1025 1404 1083 1436 τε
1112 1379 1514 1458 παροιτρωῖιὶῶσς
1541 1379 1816 1459 ἄνθρωποι
2271 1379 2355 1393 "W

525 1406 870 1509 Λισσῖιιενοι.
902 1454 990 1508 ὅτε
1018 1456 1104 1508 κὲν
1136 1476 1218 1509 τις
1253 1450 1497 1509 ὑπερϐήῃ
1530 1456 1619 1509 καὶ
1652 1456 1889 1509 ducto-tn.
2269 1430 2365 1483 tus

524 1450 870 1528 Λισσόμενοι,
902 1450 990 1508 8τέ
1018 1456 1104 1508 κὲν
1136 1450 1218 1518 τις
1253 1450 1498 1530 ὑπερϐήῃ
1530 1456 1619 1510 καὶ
1643 1450 1889 1533 ἆμάρτῃ.

522 1572 670 1626 Tum
703 1576 758 1627 et
787 1577 857 1627 de
889 1571 1027 1628 Litis
1051 1572 1287 1628 ﬁliabus
1318 1572 1676 1643 Jovisﬁaddit
1710 1590 1723 1628 :

2341 1540 2550 1609 Ὠάτον,
2585 1559 2640 1613 p.
2677 1543 2797 1597 405.
2846 1546 2967 1597 Non
3031 1540 3169 1596 alibi
3219 1556 3547 1611 repereram
3580 1536 3736 1591 ὠάτον
3779 1554 3860 1609 pro

2271 1630 2539 1704 ὑπερῶον,
2592 1630 2886 1685 coenaeulo
2936 1634 3037 1684 aut
3080 1627 3215 1683 aula
3276 1628 3565 1699 superiori
3617 1631 3865 1681 camerata

525 1684 625 1741 Καὶ
656 1686 755 1759 γάρ
788 1706 845 1739 τε
875 1686 1031 1740 Λιταί
1064 1686 1163 1739 εἶσι
1199 1687 1320 1746 Διὸς
1354 1690 1542 1756 κοῦραι
1580 1684 1865 1761 μεγᾶλοιο,

518 1758 706 1812 Χωλαί
736 1777 794 1811 τε
825 1755 1010 1813 ὁυσσαί
1038 1778 1097 1812 τε
1123 1753 1493 1813 παραϐλῶπές
1528 1759 1573 1811 τ’
1598 1757 1888 1813 ὀφθαλμώ.

2270 1684 2419 1776 ovaii
2452 1684 2655 1775 forma.
2691 1720 2839 1782 Quid
2880 1718 3033 1773 enim
3094 1717 3191 1772 hic
3246 1684 3407 1772 aliud
3464 1713 3867 1786 intelligamus?

567 1757 706 1810 ωλάί
736 1777 794 1811 τε
825 1757 1010 1832 ῥυσσαί
1038 1778 1097 1812 τε
1123 1757 1493 1832 παραϐλῶπές
1528 1757 1888 1834 τ’ὃφθαλμώ.

2194 1816 2240 1880 Β
2370 1833 2784 1908 Ὠργυιωμὲνοι,
2831 1851 2886 1904 p.
2946 1834 3070 1887 424.
3135 1832 3221 1887 Ait
3270 1831 3598 1886 immissum
3658 1847 3688 1883 a
3734 1833 3867 1898 tergo

2275 1924 2406 1978 navi
2462 1922 2751 1977 Genuensi
2803 1921 2989 1992 plenis
3036 1919 3179 1975 velis
3260 1918 3517 1974 elabenti
3586 1916 3867 1972 onerariam

2276 2010 2638 2079 Catalanam,
2672 2027 2799 2080 quae
2831 2014 3066 2063 ventum
3098 2008 3148 2062 ei
3183 2024 3217 2062 a
3239 2008 3423 2079 puppi
3465 2023 3694 2062 suorum
3746 2004 3867 2057 velo-

2277 2117 2408 2155 rum
2470 2116 2733 2170 oppansu
2786 2096 3153 2167 interciperet
3207 2112 3272 2151 ac
3324 2095 3411 2150 sic
3491 2093 3873 2149 sulﬁaminaret

2282 2188 2568 2258 impetum
2602 2187 2846 2241 ruentis.
2875 2182 3311 2259 Ὠργυιωμὲνους
3344 2185 3581 2239 Teztzes
3619 2183 3683 2236 ad
3730 2181 3872 2250 Lyco-

2282 2277 2563 2347 phronem
2614 2275 3033 2346 interpretatur
3089 2270 3503 2344 ἐκτεταμένους,
3552 2266 3873 2339 ἡπλωμὲνους

2281 2371 2513 2419 extensa
2534 2372 2583 2417 et
2613 2362 2890 2433 explicata
2922 2364 3061 2417 vela.
3095 2361 3423 2431 Subditque
3469 2360 3730 2415 continuo
3781 2354 3873 2408 ἐτὸ-

2277 2450 2544 2525 μογολίας
2579 2453 2635 2505 in
2684 2452 2837 2505 hunc
2886 2451 3165 2504 modum:
3220 2448 3289 2503 Ἣ
3352 2446 3459 2501 ἀπὸ
3509 2453 3607 2513 τῆς
3657 2444 3863 2517 ὀργυιᾶς.

2271 2538 2396 2608 ἤτοι
2461 2546 2560 2607 τῆς
2620 2537 2883 2598 ἐκτάσεως
2932 2541 3040 2590 τῶν
3100 2540 3321 2610 χειρῶν.
3384 2538 3453 2591 ’Ἢ
3513 2535 3602 2588 καὶ
3653 2532 3749 2586 ἀπὸ
3795 2532 3868 2583 τοῦ

2275 2627 2420 2702 ὀργῶ
2486 2626 2546 2679 τὸ
2618 2626 2795 2698 ὁρμῶ.
2872 2626 3063 2699 Ὀργᾷν
3134 2620 3191 2676 δὲ
3259 2624 3321 2676 τὸ
3384 2622 3443 2676 ἐκ
3471 2629 3569 2690 τῆς
3625 2618 3865 2689 συντόμως

2274 2715 2488 2791 ὀρούειν
2522 2736 2571 2767 τι
2602 2717 2709 2767 τῶν
2744 2717 2893 2789 φυτῶ
2925 2714 2959 2781 ἢ
3016 2716 3122 2765 τῶν
3186 2712 3454 2785 βοτανῶν.
3512 2715 3593 2766 Ila
3646 2710 3750 2774 ille,
3794 2704 3869 2777 qui

2274 2806 2471 2861 statim
2508 2803 2667 2857 addit
2697 2803 2868 2857 scribi
2903 2802 3109 2856 debere
3159 2798 3582 2873 ὠργυιωμὲνους
3637 2797 3869 2865 adjuncto

2276 2896 2389 2948 tad
2425 2890 2747 2947 useeundac
2788 2888 3059 2961 syllabae;
3116 2890 3270 2943 unde
3326 2905 3436 2943 nos
3495 2887 3739 2942 codicem
3792 2899 3871 2935 no-

522 1872 692 1927 Tales
724 1874 840 1928 deae
873 1873 1174 1945 ingeniose
1226 1875 1530 1946 ﬁnguntur
1558 1876 1627 1930 ad
1660 1875 1775 1929 vim
1838 1874 2159 1930 beneﬁcam

527 1961 941 2016 misericordia
1004 1962 1467 2033 exprimendam.
1538 1964 1619 2034 (P.
1708 1963 1831 2034 430)
1916 1962 2165 2017 eximere

525 2066 704 2120 paenae
741 2050 1058 2120 satagentis
1119 2052 1415 2106 convictos
1463 2050 1797 2117 criminum,
1843 2055 1898 2105 et
1954 2051 2162 2106 horum

526 2154 773 2208 angores
804 2138 860 2191 in
896 2154 957 2193 se
988 2140 1365 2209 suscipientis
1394 2157 1407 2194 :
1444 2140 1513 2194 de
1543 2141 1758 2210 quibus
1804 2138 1989 2194 multa
2030 2156 2164 2194 eru-

523 2226 643 2279 dite
675 2226 1019 2281 Eustathius
1048 2227 1307 2296 disputat
1333 2228 1402 2281 ad
1436 2244 1570 2281 eum
1602 2228 1816 2281 locum.
1850 2227 2163 2281 Homerum

523 2318 721 2369 noster
751 2331 857 2369 suo
884 2314 1052 2384 genio
1112 2314 1424 2385 indulgens
1484 2316 1577 2369 hic
1634 2314 1960 2386 exscripsit,
2019 2314 2164 2369 nihil

523 2403 790 2459 solicitus
828 2402 897 2457 de
940 2402 1150 2458 lectore
1201 2420 1407 2474 parum
1461 2403 1606 2458 forte
1650 2409 1874 2459 versato
1931 2403 1989 2457 in
2049 2402 2161 2457 Ho-

527 2492 672 2546 meri
706 2490 970 2557 lectione,
997 2493 1079 2545 sic
1112 2508 1319 2561 nempe
1369 2491 1576 2547 solitus
1630 2493 1849 2563 passim
1910 2492 2165 2546 intexere

527 2578 771 2633 orationi
821 2595 939 2633 suae
986 2580 1199 2633 crudos
1258 2580 1604 2650 ignotasque
1664 2578 2160 2634 innominatorum

536 2672 839 2722 auctorum
867 2666 1118 2739 χρήσεις,
1153 2668 1321 2736 quasi
1374 2668 1829 2739 prescripsisset
1874 2667 1930 2721 in
1990 2668 2164 2722 vesti-

530 2756 668 2811 bulo
701 2755 791 2811 sui
820 2755 1012 2826 operis
1042 2755 1229 2811 simile
1259 2755 1479 2827 aliquid
1529 2758 1656 2826 ejus
1711 2757 1865 2827 quod
1925 2756 1983 2811 in
2032 2756 2164 2810 fori-

525 2840 634 2900 bus
701 2843 912 2900 scholas
975 2844 1245 2910 ,Platonis
1320 2843 1623 2915 legebatur
1682 2841 1869 2905 Οὐδεὶς
1952 2846 2160 2896 πάντων

522 2932 844 3003 ποιημάτων
920 2951 979 2984 τε
1050 2932 1139 2985 καὶ
1214 2934 1651 3006 συγγραμμάτων
1722 2931 1965 3006 ἀρχαίων
2022 2928 2161 3001 ἀμύ-

529 3041 659 3089 ητος
689 3019 1100 3076 εἷσίτω.Ροιιι·ο
1142 3023 1296 3077 sicut
1354 3022 1535 3091 Λιτάς,
1594 3022 1758 3091 quasi
1816 3022 1974 3075 dicas
2032 3036 2160 3089 sup-

523 3110 862 3179 plieationes,
948 3108 1236 3164 Homerus
1310 3110 1729 3181 προσωποποιεῖ
1809 3105 1883 3168 εἷς
1969 3112 2163 3179 σχῆμα

526 3193 926 3267 ταλαιπωρίας,
958 3197 1041 3250 sic
1072 3201 1131 3250 et
1178 3198 1235 3249 in
1293 3196 1545 3265 speciem
1607 3196 1871 3266 obsequii
1931 3196 2161 3251 obnoxii

2272 2987 2483 3046 strum,
2533 2981 2630 3049 qui
2682 2976 3072 3050 ὠργνωμὲνους
3127 2977 3443 3045 scribebat,
3531 2974 3869 3030 correximus.

2272 3067 2728 3142 Ὠργυιωμὲνους,
2762 3066 2841 3121 ait
2895 3066 3149 3119 Tzetzes.
3212 3064 3347 3135 μετὰ
3404 3063 3743 3137 προηραφῆς
3792 3060 3867 3111 τοῦ

2197 3171 2238 3235 C
2271 3155 2353 3211 δεῖ
2399 3156 2639 3231 γράφειν.
2697 3154 2872 3209 Vides
2928 3153 3064 3208 hinc
3105 3152 3293 3208 obiter
3358 3152 3697 3208 familiarem
3776 3148 3867 3201 Pa-

2274 3246 2532 3318 chymeri
2557 3244 2738 3298 fuisse
2770 3242 3221 3314 Lycophronem,
3255 3242 3431 3313 genio
3455 3239 3709 3295 videlicet
3760 3251 3869 3290 con-

2270 3335 2503 3391 ciliante
2535 3329 2804 3384 σχοτεινὸν
2839 3331 3119 3399 σκοτεινῷ.
3181 3330 3248 3383 Et
3297 3329 3471 3384 illum
3524 3328 3741 3399 quidem
3794 3338 3869 3375 no-

2270 3430 2479 3491 strum,
2513 3423 2611 3490 qui
2640 3419 2903 3473 omnium
2934 3418 3280 3488 scriptorum
3305 3406 3578 3472 tenebras
3619 3417 3671 3469 in
3725 3426 3865 3467 suum

525 3285 864 3353 abjectequo
927 3298 1029 3352 per
1085 3282 1478 3337 adulationem
1539 3282 1803 3337 demissii
1880 3283 2161 3338 subornat

522 3371 839 3426 blanditias
872 3370 1174 3438 Martialis,
1204 3371 1344 3425 dum
1373 3370 1573 3425 scribit
1596 3372 1764 3441 epist.
1794 3372 1885 3441 72,
1918 3370 2017 3425 lib.
2079 3388 2112 3426 ι
2143 3389 2157 3427 :

735 3485 1320 3582 Erzss'te’feediste’
1348 3486 1633 3582 τίθημίιξιεαά
1652 3503 1738 3542 ἠε

2272 3527 2419 3582 opus
2468 3524 2711 3579 congere
2761 3507 3038 3572 studeret,
3101 3523 3214 3561 non
3275 3510 3725 3576 temperaturum
3790 3515 3865 3552 ar-

736 3557 954 3609 Attritis
984 3557 1330 3611 miserabiles
1368 3557 1604 3612 labellis.
1637 3599 1649 3611 .
1688 3600 1699 3612 .
1749 3600 1759 3611 .

731 3630 861 3680 Jam
888 3643 998 3681 non
1020 3632 1098 3682 est
1118 3629 1265 3683 locus
1295 3628 1399 3682 hac
1428 3631 1483 3682 in
1506 3631 1641 3682 urbs
1670 3627 1838 3683 vobis.

2273 3557 2418 3582 νιιπ
2471 3557 2708 3579 τωο-η
2761 3557 3038 3572 ww"--.
3282 3557 3585 3576 η-κ-τ-ψνη

2274 3600 2479 3663 bitror,
2513 3596 2563 3649 si
2595 3613 2711 3667 qua
2730 3594 2955 3649 occasio
2988 3594 3247 3649 daretur.
3290 3593 3465 3649 etiam
3524 3588 3868 3664 πεαρεγοχρῶ-

741 3679 821 3751 Ad
847 3679 1090 3753 rem;
1114 3679 1405 3769 regem;
1432 3679 1688 3769 esset;
1707 3679 1722 3683 ⁷
1741 3679 1755 3683 ⁷
1776 3679 1810 3681 ”

2268 3706 2362 3745 τας
2445 3684 2535 3736 καὶ
2614 3679 2947 3756 φαλακραίος
3025 3680 3189 3756 κόρας
3264 3679 3566 3754 ἀπαρκτίας
3633 3679 3867 3749 περηστῆ·

744 3771 809 3849 ἕξ
826 3770 1019 3849 ﬂentes
1047 3765 1386 3849 humilesque
1404 3765 1795 3849 supplices—que.

2275 3794 2367 3847 ρος
2398 3771 2622 3833 α’ἱΟωνος
2650 3772 2834 3837 πνοὰς,
2887 3789 3012 3841 quae
3077 3771 3411 3842 Lycophron
3473 3771 3644 3824 habet
3688 3765 3864 3820 ibidem

742 3839 1018 3895 Pictorum
1046 3842 1161 3897 sola
1192 3839 1401 3897 basiate
1427 3839 1638 3910 regum,
1671 3839 1779 3894 etc.

2277 3863 2431 3917 unde
2472 3858 2891 3933 ὠργυιωμένους
2920 3859 3273 3929 exscriptum
3321 3863 3434 3927 est,
3493 3859 3549 3913 in
3601 3853 3867 3924 scriptione

614 3951 969 4023 Ψωμίζεσθαι
1023 3960 1271 4029 χρυσοῖς,
1330 3974 1387 4027 p.
1451 3956 1569 4009 129.
1629 3952 1919 4007 Nimirum
2007 3953 2161 4008 inva-

2276 3952 2384 4006 hac
2417 3967 2524 4005 sua
2554 3965 2789 4019 ponere,
2821 3965 2995 4018 quam
3039 3952 3165 4002 tum
3205 3950 3446 4003 demum
3494 3940 3867 4029 elegantemet

530 4039 732 4095 dentes
782 4025 1081 4097 Persidem
1134 4025 1379 4098 Tochari
1430 4042 1745 4113 Calypbam
1798 4041 1917 4096 illic
1973 4041 2166 4095 domi-
2276 4040 2564 4095 eruditam
2609 4037 2799 4091 visum
2860 4037 2929 4090 iri
2989 4036 3255 4101 credidit,
3314 4037 3365 4090 si
3429 4034 3683 4091 omnium
3737 4025 3865 4094 iuligi

526 4132 786 4193 nantem,
818 4146 1057 4184 avarum
1080 4134 1137 4185 et
1166 4130 1592 4197 divitem,auro
1626 4129 1934 4200 liquefacto
1985 4130 2041 4183 in
2102 4146 2166 4184 os
2279 4126 2662 4182 metuentium
2695 4125 3046 4195 scriptorum
3078 4123 3319 4195 griphos
3380 4130 3439 4177 et
3500 4126 3688 4176 noctes
3738 4113 3865 4171 avide

526 4217 653 4283 ejus
715 4216 907 4271 inl‘uso
959 4222 1357 4287 necaverunt;
1419 4219 1569 4288 quod
1650 4220 1847 4272 nocter
1922 4218 2166 4273 obscure
2278 4215 2638 4286 conquisitas
2671 4216 3009 4281 ostentaret,
3046 4228 3253 4283 parum
3290 4211 3456 4282 pensi
3492 4210 3703 4265 habens
3752 4215 3864 4274 quas

527 4303 671 4358 621
745 4304 889 4359 dicit
975 4304 1324 4376 ψωμίζεοθαι
1412 4307 1637 4378 ρυσοῖς,
1712 4304 1878 4375 quasi
1954 4305 2161 4360 diceret

2276 4320 2481 4360 cruces
2511 4301 2831 4357 lectoribus
2865 4304 2965 4355 aut
2996 4299 3419 4372 interpretibus
3450 4298 3573 4355 suis
3604 4296 3796 4367 ﬁgeret.
