4146 6288
294 373 457 429 1085

1891 378 2114 430 NOTAE.

3564 368 3703 421 1086

1378 677 1877 799 PETRI
1986 679 2649 800 POSSINI

841 949 1878 1044 OBSERVATIONUM
1944 950 3177 1048 PACHYMERIANABUM

1742 1194 2102 1296 LIBER
2211 1199 2281 1295 ll

1560 1410 1724 1470 COM
1738 1412 2076 1473 PLECTEN
2086 1416 2128 1473 S
2169 1414 2423 1474 NOTAS
2434 1459 2448 1473 .

888 1766 948 1819 In
979 1764 1144 1819 titulo
1174 1765 1375 1835 operis.

373 1940 536 1995 62‘!
592 1940 680 2010 [Ρ.
730 1938 874 2006 4331,
935 1938 1319 1992 ΡΑΟΗΥΜΕΒΙΒ.
1378 1941 1520 1991 Cum
1582 1937 1724 1992 varii
1793 1939 1951 1993 varie

298 2029 582 2084 Graecum
658 2044 865 2081 nomen
941 2025 1276 2098 Παχυμερής
1338 2026 1540 2080 Latine
1598 2027 1839 2081 efferant
1902 2031 1958 2081 et

299 2118 640 2185 inﬂectant,
698 2114 794 2170 alii
855 2114 1290 2184 Pachymeram,
1341 2114 1438 2168 alii
1493 2114 1954 2185 Pachymerium,

301 2204 409 2259 alii
446 2203 614 2257 aliter
646 2206 935 2270 vocantes,
970 2201 1113 2255 mihi
1147 2202 1510 2255 commodius
1544 2208 1600 2256 et
1629 2201 1956 2273 expeditius

303 2293 511 2347 visum
544 2294 629 2345 est
657 2289 966 2344 inﬂexione
996 2289 1080 2342 uti
1125 2289 1327 2343 Latina
1385 2291 1691 2343 nominum
1751 2290 1957 2345 classis

306 2380 530 2435 tertias.
567 2378 713 2443 Quin
747 2378 804 2432 id
838 2380 916 2431 sit
944 2376 1269 2446 simplicius
1317 2382 1372 2430 et
1401 2377 1471 2430 ad
1506 2393 1677 2431 usum
1711 2378 1956 2445 facilius,

310 2483 495 2521 nemo
529 2466 838 2536 negaverit.
872 2465 1010 2520 Jure
1040 2469 1235 2519 autem
1267 2464 1412 2531 ﬁeri,
1436 2464 1713 2535 exemplis
1743 2467 1959 2519 astrui-

315 2561 447 2613 tur.
482 2556 625 2610 Nam
685 2554 938 2625 Ulysses,
967 2555 1243 2622 Socrates,
1282 2553 1695 2609 Demosthenes
1747 2554 1961 2609 similia

317 2643 587 2718 plurima
613 2658 768 2698 mere
799 2642 997 2696 Latine
1027 2641 1096 2696 ab
1128 2641 1400 2696 omnibus
1441 2642 1767 2711 ﬂectantur,
1802 2642 1961 2698 nullo

313 2737 594 2803 respectu
623 2732 695 2785 ad
727 2729 1068 2784 inﬂexiones
1087 2730 1315 2784 Graecas
1348 2730 1592 2784 istorum
1628 2731 1956 2785 nominum.

315 2820 468 2884 Quis
526 2820 682 2875 enim
742 2834 1001 2888 unquam
1061 2818 1409 2872 adumbrare
1480 2818 1704 2872 curavit
1758 2820 1961 2873 Latino

319 2924 473 2964 sono
544 2906 865 2977 genitivum
940 2902 1314 2976 Δημοσθένους
1388 2910 1489 2959 aut
1564 2907 1960 2961 accusativum

325 2992 678 3066 Δημοσθένη,
736 2993 1115 3048 balbutiendo
1169 2993 1558 3048 Demodhenus
1618 2999 1720 3048 aut
1780 2995 1963 3048 Demo-

326 3084 548 3150 sthene,
616 3087 877 3138 Romana
933 3082 1191 3137 Minerva
1249 3081 1653 3136 invitissima?
1681 3087 1800 3136 Hoc
1855 3082 1963 3137 etsi

321 3188 572 3245 parvum
604 3172 786 3233 dictu.
822 3186 1057 3225 necesse
1089 3170 1277 3225 visum
1311 3169 1403 3223 hic
1436 3170 1713 3240 proﬁteri.

398 3261 730 3315 Mrcmeus.
765 3261 984 3324 Quotus
1042 3258 1137 3312 hic
1170 3258 1320 3312 inter
1375 3258 1757 3328 imperatores
1810 3258 1962 3311 Con-

318 3348 885 3418 stantinopolitanos
918 3346 1162 3401 Michael
1223 3347 1417 3412 fuerit,
1448 3362 1563 3400 non
1622 3347 1732 3400 erit
1762 3344 1967 3400 inutile

321 3436 514 3492 semel
546 3440 819 3489 statuere.
857 3435 1088 3489 Primus
1120 3433 1189 3487 ad
1236 3433 1548 3503 imperium
1598 3432 1707 3489 hoc
1757 3449 1966 3487 nomen

325 3523 572 3595 pertulit
600 3522 848 3578 Michael
873 3520 1243 3593 Curopalata,
1277 3525 1655 3591 cognomento
1698 3521 1968 3592 Rhanga-

328 3613 546 3678 benus,
578 3609 1023 3665 laudatissimus
1057 3609 1350 3680 princeps,
1382 3625 1532 3663 anno
1581 3608 1792 3664 Christi
1841 3610 1966 3663 811.

329 3701 639 3755 Secundus
674 3699 849 3754 homo
882 3697 1333 3753 scelestissimus
1384 3696 1627 3753 Michael
1676 3696 1907 3766 Balbus,
1939 3712 1970 3752 e

326 3805 563 3844 carcere
605 3788 703 3842 ubi
739 3787 808 3840 ad
852 3785 1335 3840 vivicomburium
1394 3785 1750 3848 servabatur,
1784 3785 1838 3837 vi
1897 3784 1967 3837 ad

325 3876 547 3931 solium
580 3875 774 3944 erupit
811 3890 963 3928 anno
1020 3872 1232 3926 Christi
1283 3874 1407 3925 820.
1434 3873 1663 3927 Tertius
1722 3872 1969 3927 Michael

326 3962 863 4035 Porphyrogenitus
892 3960 1196 4031 Theophili
1227 3959 1596 4030 imperatoris
1653 3960 1808 4013 ﬁlius
1836 3977 1966 4013 cum

328 4064 516 4109 matre
548 4053 852 4108 Theodora
881 4050 1194 4121 imperium
1230 4049 1440 4115 tenuit,
1474 4064 1687 4119 magno
1743 4047 1967 4118 reig'pu-

334 4143 499 4198 blicaa
532 4147 587 4198 et
631 4140 895 4196 Ecclesiae
954 4138 1147 4193 malo:
1186 4138 1293 4192 fuit
1342 4137 1520 4202 enim,
1556 4138 1653 4191 ubi
1698 4135 1968 4202 adolevit,

328 4231 719 4303 impissimus.
779 4228 962 4299 Crepit
1016 4226 1306 4281 dominari
1365 4241 1515 4280 anno
1572 4225 1787 4279 Christi
1843 4225 1967 4277 842.

332 4319 490 4377 male
520 4317 693 4391 periit
746 4317 869 4371 867.
904 4320 1069 4371 Anno
1127 4315 1261 4369 inde
1317 4313 1527 4369 Christi
1561 4312 1697 4367 1034
1728 4310 1971 4368 Michael

328 4407 670 4480 Phaphlago
701 4422 734 4460 a
765 4404 955 4476 patria
983 4404 1195 4472 dictus,
1247 4401 1474 4457 adulter
1500 4402 1640 4456 Zoes
1668 4404 1967 4472 Augustae,

1988 1770 2035 1833 Α
2071 1771 2338 1823 nostrum
2371 1785 2503 1823 cum
2564 1785 2735 1823 nemo
2793 1767 2875 1822 sic
2932 1764 3259 1837 appellatus
3316 1759 3703 1833 imperaverit,

2072 1855 2451 1927 Palaeologus,
2483 1858 2655 1925 cujus
2714 1856 2807 1909 hic
2869 1854 3173 1909 historiam
3234 1852 3467 1921 damus,
3500 1864 3705 1904 nume-

2066 1946 2289 1999 randus
2317 1945 2427 1999 erit
2456 1944 2700 1999 Michael
2732 1944 2880 1998 VIII.

2137 2032 2297 2102 [Pag.
2332 2032 2480 2103 4315.]
2510 2032 2859 2087 PAUEOLOGI.
2918 2035 3100 2085 Natus
3140 2028 3233 2083 hic
3283 2044 3435 2083 anno
3493 2024 3706 2081 Christi

2068 2119 2203 2172 1224
2237 2136 2302 2174 ex
2335 2120 2691 2175 Andronicos
2740 2119 3056 2189 Palzeologo
3105 2133 3314 2189 magno
3372 2114 3709 2180 domestico,

2070 2212 2251 2262 matre
2283 2208 2619 2280 Palaeologa,
2648 2210 2842 2263 Irenes
2869 2212 2925 2261 et
2954 2207 3139 2261 Alexii
3170 2202 3477 2273 Palteologi
3505 2204 3710 2270 despo-

2067 2299 2137 2349 ta:
2185 2296 2324 2351 filia.
2354 2296 2483 2351 Haec
2536 2298 2717 2361 Irene,
2753 2294 3051 2349 Michaelis
3104 2294 3230 2348 avia
3275 2298 3559 2358 materna,
3594 2288 3710 2343 ﬁlia

2069 2383 2179 2437 fuit
2199 2384 2401 2454 Angeli
2434 2383 2756 2448 Commeni,
2791 2400 2903 2454 quo
2934 2383 3259 2453 imperante
3307 2376 3711 2434 Constantino-

2072 2472 2221 2541 polis
2256 2476 2424 2541 capta
2453 2477 2542 2526 est
2571 2489 2603 2526 a
2637 2472 2878 2526 Latinis.
2910 2471 3082 2526 Dedit
3127 2470 3177 2524 is
3222 2485 3349 2523 eam
3400 2467 3703 2536 conjugem

2075 2558 2270 2613 Alexio
2302 2560 2618 2629 Palaeologo
2650 2560 2736 2631 (ut
2766 2560 3081 2614 Phrantzes
3131 2558 3306 2612 habet
3335 2574 3347 2611 :
3377 2553 3707 2625 Acropolita

2070 2646 2468 2703 Andronicum
2503 2647 2798 2719 appellat),
2834 2664 3001 2717 quem
3042 2651 3099 2701 et
3147 2647 3449 2716 despotam
3496 2639 3708 2697 creavit

2070 2741 2126 2790 et
2156 2736 2386 2806 imperii
2416 2752 2810 2791 successorem
2846 2734 3189 2802 designavit.
3232 2733 3343 2787 Sed
3370 2732 3418 2786 is
3440 2730 3595 2784 brevi
3621 2733 3710 2783 est

2073 2829 2360 2893 mortuus,
2395 2825 2566 2879 unica
2597 2841 2663 2879 ex
2695 2825 2940 2894 conjuge
2963 2824 3083 2877 ﬁlia
3115 2825 3390 2892 suscepta
3445 2836 3571 2888 quae
3602 2819 3713 2870 An-

2073 2913 2295 2967 dronici
2328 2913 2629 2983 Palaeologi
2657 2914 2851 2985 magni
2878 2912 3183 2967 domestici
3212 2926 3377 2973 uxor,
3410 2906 3709 2963 Michaelis

2073 3000 2371 3069 Palzeologi
2404 3006 2586 3056 mater
2616 3002 2744 3055 fuit.
2778 3002 2965 3063 Quare
2988 3000 3038 3054 is
3070 3008 3101 3054 a
3124 3004 3285 3069 patre
3308 2998 3475 3066 juxta
3507 2999 3711 3049 matre-

2073 3106 2184 3160 que
2209 3088 2543 3160 Palmologie
2559 3089 3010 3161 appellationem
3044 3087 3197 3152 tulit,
3229 3079 3711 3137 Διπλοπαλαιολό-

2070 3197 2164 3250 γος
2213 3183 2514 3249 prOpterea
2560 3182 2820 3245 vocatus,
2851 3180 2915 3231 ut
2965 3176 3278 3230 Phrantzes
3328 3173 3523 3237 habet,
3558 3187 3605 3224 c.
3638 3171 3705 3235 1;

2074 3265 2226 3318 idem
2262 3265 2433 3319 tradit
2466 3263 3021 3336 Gregoras,l.m,p.
3054 3263 3146 3329 32,
3172 3262 3271 3316 sed
3306 3265 3361 3315 et
3381 3264 3708 3314 Comnenus

2077 3371 2109 3407 a
2127 3354 2329 3408 matris
2353 3371 2455 3408 avo
2475 3353 2679 3424 angelo
2702 3352 3383 3422 Comnemoimperatore
3415 3349 3627 3414 dictus,
3651 3352 3711 3399 ut

2078 3441 2392 3495 Phrantzes
2444 3441 2658 3495 ibidem
2694 3442 2889 3506 docet;
2924 3456 2989 3494 ac
3017 3438 3233 3509 passim
3265 3438 3343 3491 ita
3372 3440 3608 3490 vocatur
3639 3433 3710 3487 ab

2074 3527 2402 3599 Acropolila
2446 3529 2728 3599 scriptore
2755 3527 2867 3599 ipsi
2902 3526 3323 3581 faventissimo.
3350 3524 3511 3579 Unde
3530 3520 3712 3576 credi-

2078 3615 2261 3670 derim
2303 3615 2603 3670 affectasse
2656 3615 2995 3670 Michaelem
3051 3620 3182 3669 ante
3239 3612 3550 3682 imperium
3600 3607 3708 3661 dici

2076 3706 2455 3773 Comnenum,
2477 3704 2628 3774 quod
2647 3720 2770 3757 eam
2788 3720 2909 3757 rem
2932 3701 3207 3756 veliﬁcari
3264 3698 3568 3753 ambitioni
3594 3713 3709 3751 suae

2080 3792 2356 3847 crederet.
2388 3792 2493 3845 Sed
2528 3796 2585 3844 et
2613 3790 2795 3861 hujus
2826 3794 3089 3860 posteros
3121 3790 3192 3843 ob
3224 3787 3584 3842 nobilitatem
3617 3784 3675 3837 in
3699 3816 3713 3825 ο

2078 3878 2238 3949 clytaa
2271 3884 2357 3934 tot
2386 3879 2667 3949 Augustis
2700 3877 2931 3932 familiae
2971 3882 3421 3933 Comnemorum
3453 3872 3709 3943 appella-

2078 3967 2235 4021 tione
2261 3966 2538 4035 gloriatos
2587 3966 2906 4020 ostendunt
2954 3964 3367 4033 inscriptiones
3415 3958 3712 4016 Michaelis

2078 4059 2133 4107 et
2155 4052 2472 4107 Andronici
2501 4052 2811 4107 Juniorum
2845 4069 2879 4106 a
2909 4053 3169 4107 Pontano
3214 4049 3515 4119 descriptae
3550 4046 3710 4103 Notis

2077 4141 2147 4195 ad
2166 4140 2512 4195 Phrantzen.
2528 4141 2692 4195 Hunc
2710 4157 2880 4211 porro
2903 4145 3165 4195 nostrum
3182 4136 3544 4204 Michaelem,
3565 4137 3713 4205 post-

2081 4245 2254 4299 quam
2280 4230 2349 4283 ad
2384 4229 2694 4300 imperium
2730 4229 3009 4300 pervenit,
3040 4227 3191 4281 haud
3238 4240 3584 4296 magnopere
3615 4239 3714 4276 cu-

2080 4333 2239 4371 rasse
2263 4318 2624 4371 Comnenum
2687 4317 2798 4370 dici
2858 4316 2993 4371 licet
3034 4314 3357 4384 intelligere
3388 4328 3456 4366 ex
3487 4310 3713 4378 Pachy—

2080 4419 2255 4467 mere,
2277 4421 2375 4475 qur
2409 4404 2460 4459 ei
2493 4404 2823 4469 familiaris,
2856 4408 2913 4458 et
2944 4404 3053 4458 sub
3083 4403 3211 4471 ejus
3238 4401 3357 4456 ﬁlio
3387 4398 3715 4454 Andronico

330 4496 596 4551 Romano
627 4492 754 4562 ejus
785 4491 906 4545 viro
937 4489 1300 4561 strangulato
1356 4490 1665 4559 imperlum
1701 4488 1966 4559 arripuit,
2000 4491 2043 4557 (ι
2082 4492 2336 4562 Seniore,
2369 4508 2483 4546 non
2517 4491 2644 4546 sine
2675 4507 2816 4546 cura
2846 4490 3209 4546 demerendaa
3243 4486 3586 4559 regnatricis
3612 4486 3712 4538 do-

330 4589 391 4640 et
450 4581 611 4637 tenui
665 4580 845 4636 annis
906 4579 1023 4634 fere
1083 4583 1229 4633 octo.
1264 4577 1515 4633 Moriens
1571 4592 1968 4632 successorem

334 4671 540 4727 habuit
587 4667 930 4725 Michaelem
982 4669 1363 4739 cognomento
1419 4664 1815 4735 Calephatem,
1844 4665 1970 4735 ejus

335 4758 593 4816 nominis
652 4757 943 4828 quintum,
976 4756 1077 4826 qui
1132 4758 1265 4825 post
1320 4768 1537 4809 annum
1598 4769 1630 4807 a
1684 4754 1809 4821 Zoe,
1843 4769 1969 4823 quaa

334 4847 505 4901 illum
541 4848 929 4916 promoverat,
963 4841 1206 4913 imperio
1260 4845 1316 4896 et
1354 4840 1540 4897 oculis
1570 4840 1828 4911 privatus
1882 4841 1968 4895 lo-

335 4950 473 4987 cum
530 4932 708 4986 cessit
774 4930 1155 4986 Constantino
1221 4928 1500 4984 Monacho
1549 4944 1701 4983 anno
1755 4927 1971 4984 Christi

339 5021 498 5074 1032.
538 5017 984 5082 Quatuordecim
1042 5020 1173 5087 post
1227 5018 1396 5071 annis
1453 5014 1698 5070 Michael
1757 5031 1968 5087 cogno-

340 5112 538 5163 mento
565 5105 944 5175 Stratonicus,
976 5110 1172 5162 sextus
1195 5106 1324 5175 ejus
1354 5105 1632 5172 nominis,
1662 5109 1972 5160 coronatur

338 5198 676 5268 Augustus:
711 5194 863 5249 623
893 5196 993 5249 sed
1027 5211 1159 5250 mox
1189 5211 1339 5248 anno
1370 5195 1503 5248 1057
1544 5192 1765 5249 Isaacio
1796 5196 1969 5249 Com-

344 5302 497 5341 neno
574 5282 728 5339 ultro
803 5283 1125 5337 concedens
1201 5282 1488 5337 abdicavit
1556 5282 1967 5353 principatum.

338 5378 506 5428 Anno
555 5371 749 5427 Christ
806 5370 941 5425 4071
1001 5368 1244 5424 Michael
1302 5373 1686 5440 cognomento
1739 5368 1970 5439 Parapi-

338 5477 576 5527 nacens,
603 5459 755 5514 ﬁlius
783 5458 1143 5514 Constantini
1168 5458 1337 5512 Ducas
1356 5456 1805 5529 impereratoris,
1822 5473 1971 5513 mor-

336 5554 446 5605 tuo
500 5551 760 5606 Romano
818 5546 1059 5618 Diogeni
1115 5546 1418 5613 successit,
1473 5545 1763 5616 septimus
1820 5545 1972 5601 inter

336 5639 629 5711 Augustos
659 5636 1006 5708 Byzantinos
1052 5632 1334 5704 Michael;
1361 5649 1532 5707 quem
1563 5634 1715 5689 inter
1735 5630 1971 5690 ethunc

2079 4597 2212 4636 mus
2243 4580 2461 4651 gratiae,
2494 4579 2778 4648 scribens,
2810 4592 3114 4649 nunquam
3174 4592 3306 4632 eum
3364 4574 3476 4631 alio
3513 4571 3715 4645 gentili

2079 4685 2254 4740 quam
2288 4666 2591 4738 Palaeologi
2618 4667 2855 4721 nomine
2885 4666 3169 4737 designat.

2153 4759 2421 4812 HISTORIA
2450 4757 2679 4811 Renum.
2712 4756 2870 4810 Duas
2901 4755 3178 4810 historias
3235 4750 3521 4824 separatis
3550 4749 3712 4805 volu-

2079 4845 2339 4900 minibus
2370 4848 2427 4899 et
2456 4844 2642 4899 titulis
2673 4843 3053 4915 Pachymeres
3085 4841 3346 4911 reliquit,
3368 4844 3435 4894 ut
3462 4838 3523 4893 in
3555 4837 3710 4892 codi-

2076 4934 2243 4988 cibus
2271 4931 2835 5001 0ptimisBarberino
2856 4934 2913 4986 et
2934 4930 3223 4986 Allatiano
3252 4926 3711 4983 distinctissimae

2077 5023 2373 5094 leguntur.
2407 5023 2565 5077 Licet
2598 5021 2905 5078 Vaticanus
2932 5019 3368 5091 paraphrastes,
3402 5017 3500 5088 qui
3532 5013 3715 5070 multa

2078 5110 2381 5182 contraxit,
2463 5110 2725 5182 quaedam
2795 5108 3037 5176 abdidit,
3107 5108 3379 5179 pleraque
3446 5102 3715 5167 mutavit,

2078 5202 2280 5257 ambas
2301 5201 2360 5255 in
2406 5216 2553 5271 opus
2585 5214 2769 5253 unum
2824 5198 3188 5266 conﬂaverit;
3219 5198 3312 5252 cui
3366 5194 3511 5249 forte
3542 5190 3713 5247 simi-

2078 5288 2151 5343 lis
2183 5288 2357 5343 fuerit
2385 5290 2761 5359 Auguslanus
2793 5285 2886 5340 ille
2917 5286 3115 5354 codex,
3150 5286 3297 5340 unde
3356 5298 3464 5337 sua
3518 5292 3714 5334 excer«

2078 5380 2176 5447 pta
2205 5376 2457 5432 Wolﬁus
2487 5374 2745 5446 sumpsit
2790 5390 2922 5429 nam
2948 5379 3005 5428 et
3043 5374 3093 5429 is
3125 5386 3302 5426 unam
3361 5384 3430 5423 ex
3484 5366 3713 5421 duabus

2078 5464 2449 5535 Pachymeris
2470 5462 2772 5518 historiam
2806 5462 3037 5516 videtur
3074 5456 3539 5531 agnoscere.Nos
3555 5452 3714 5524 prio-

2078 5569 2199 5607 rem
2234 5552 2533 5607 Michealis
2564 5551 2690 5605 VIII
2749 5547 3057 5619 Paleplogi
3118 5552 3246 5603 acta
3301 5544 3708 5611 exsequentem

2079 5640 2247 5695 modo
2272 5639 2502 5710 damus,
2526 5636 2691 5705 alias,
2711 5637 2826 5691 Deo
2857 5634 3104 5702 volente,
3128 5631 3525 5690 Andronicum
3557 5625 3686 5696 ejus
