4146 6288
482 358 506 411 1
515 357 615 411 087

1520 365 1581 415 Ρ.
1624 361 1898 415 POSSINI
1936 360 2547 415 OBSERVATIONUM
2585 364 2717 416 LIB.
2759 368 2830 417 II.

3730 361 3869 414 1088

476 482 608 535 dem
643 481 967 552 scriptoris,
1000 482 1118 536 sive
1142 482 1212 537 de
1250 484 1432 553 gestis
1491 483 1801 540 Andronici
1861 482 2195 547 SeniorisA
2235 480 2391 551 μὲνον
2452 481 2805 551 παιδεύσεως,
2863 487 3233 556 perfunctum
3285 487 3407 557 jam
3465 489 3593 541 tum
3654 486 3871 541 studiis

476 568 659 623 libros
681 569 800 635 VII,
836 569 893 623 in
926 570 1117 625 lucem
1149 572 1447 627 amissuri.

562 664 697 728 Pag.
748 660 831 711 11.
895 658 1541 729 ϐοηδίαηιίηοροίἰιαηιιδ
1570 676 1762 730 genere
1794 700 1807 724 ,
1859 664 2017 713 ortus
2072 667 2122 713 et

475 745 732 800 educatus
763 746 979 803 Nimia.
1020 748 1395 820 Pachymcres
1430 749 1610 818 hujus
1640 752 1838 803 Πέδιον.
1902 765 1955 818 p.
2020 747 2118 800 148

479 838 727 889 testatur
756 840 978 905 patrem
1039 854 1211 890 suum
1273 836 1984 906 Constantinopolitanum
2038 836 2120 887 ci-

475 938 604 976 vem
643 922 840 988 fuisse,
899 923 1131 979 exulare
1184 942 1217 978 a
1268 925 1456 995 patria
1508 929 1771 978 coactum
1833 925 1904 978 ob
1966 922 2117 976 Lati-

483 1026 590 1063 nos
626 1009 706 1064 ibi
759 1011 1093 1065 dominante
1143 1013 1291 1066 Sane
1345 1028 1476 1065 cum
1535 1012 1689 1065 idem
1740 1011 2121 1081 Pacbymaree

476 1096 572 1151 hic
604 1096 803 1152 doceat
820 1114 881 1152 se
907 1115 1125 1153 annum
1160 1099 1347 1153 aetatis
1383 1099 1881 1154 undevicesimum
1916 1103 2122 1167 agente

479 1185 681 1255 pulsos
725 1186 1223 1257 Constantinopoli
1255 1188 1407 1243 924
1443 1187 1698 1251 Latinos,
1723 1192 1778 1241 et
1807 1187 1987 1240 libros
2020 1187 2122 1239 ha-

472 1289 603 1330 rum
637 1273 851 1328 Observ.
888 1292 948 1328 Ill
991 1275 1452 1329 demonstraturi
1498 1275 1686 1328 simus
1745 1281 2032 1345 receptam
2065 1262 2122 1328 et

474 1360 692 1414 Latinis
742 1363 946 1417 urbem
1007 1378 1382 1433 recuperasse
1440 1364 1664 1417 Graecos
1722 1366 1778 1416 et
1831 1362 2124 1431 quinqua-

474 1446 636 1517 ginta
667 1449 838 1502 annis
864 1454 1172 1519 postquam
1201 1451 1539 1517 amiserant,
1573 1451 1734 1505 facile
1761 1438 2121 1520 potuitnasci

476 1535 669 1588 NiCCOtB
698 1537 875 1605 Pachy
890 1554 1077 1592 meres
1098 1540 1247 1608 patri
1274 1540 1793 1609 quinquagenaria,
1813 1539 1913 1607 qui
1933 1554 2121 1607 usque

471 1623 541 1685 ad
583 1640 800 1678 annum
825 1626 1012 1680 aetatis
1037 1626 1407 1680 undecimum
1434 1627 1490 1679 in
1521 1632 1760 1696 paterna
1777 1627 1947 1678 domo
1970 1628 2119 1677 Con-

474 1711 852 1782 stantinopoli
887 1713 1171 1767 educatus
1197 1715 1268 1767 ob
1292 1730 1521 1767 rxosam
1544 1714 1884 1767 Latinorum
1913 1711 1991 1765 ibi
2016 1713 2116 1765 d0-

469 1799 850 1855 minationem
886 1800 1134 1857 Nicaeam
1166 1801 1517 1874 migraverit.
1542 1801 1913 1856 Traditenim
1938 1802 2118 1853 Acro-
2150 1834 2195 1897 B
2226 1834 2305 1895 Τῇ

469 1886 647 1957 polita
677 1888 930 1944 Historiae
964 1907 1081 1945 suae
1113 1907 1161 1945 ο.
1189 1892 1242 1943 6.
1278 1891 1515 1946 Latinos
1541 1891 1682 1945 urbe
1741 1894 1916 1960 capta
1974 1886 2120 1960 libe:

468 1991 591 2029 ram
625 1975 840 2031 Graecis
876 1978 1110 2032 dedisse
1142 1978 1475 2033 facultatem
1508 1978 1594 2033 vel
1626 1978 1704 2031 ibi
1739 1957 2011 2032 manendi
2033 1957 2123 2028 vel

465 2062 578 2117 alio
612 2064 901 2134 migrandi
937 2082 949 2120 :
990 2067 1107 2132 Τῆς
1139 2064 1355 2126 πόλεως
1390 2064 1762 2138 κυριεύσαντες
1814 2065 1864 2118 οἱ
1919 2061 2121 2118 Ἰταλοὶ

465 2146 643 2203 ἄδειαν
692 2148 958 2206 δεδώκασι
990 2158 1109 2214 τοῖς
1138 2153 1337 2223 ταύτης
1390 2153 1701 2226 οἰκήτορσι,
1753 2152 1881 2214 τοὺς
1928 2149 2119 2214 θέλον-

466 2258 562 2299 τας
621 2240 794 2311 μὲνειν
848 2262 905 2294 τε
955 2241 1043 2295 καί
1091 2242 1193 2296 ὑπὸ
1248 2247 1437 2315 χεῖρας
1484 2242 1615 2295 εἶναι
1659 2240 1831 2295 αὐτῶν
1886 2240 2015 2301 τοὺς
2071 2237 2121 2294 δι

470 2326 769 2388 ἀκωλύτως
801 2328 1128 2404 ἀπέρχεσθαι
1162 2326 1266 2397 ὅπη
1326 2328 1383 2382 ἂν
1452 2328 1761 2404 βούλοιντο.
1826 2331 1955 2384 Mox
2015 2331 2112 2384 ad-

472 2418 555 2472 dit
588 2417 897 2491 plerosque
927 2421 1314 2476 illustriorum
1349 2420 1496 2476 clam
1520 2426 1619 2476 aut
1652 2421 1839 2492 palam
1875 2420 2110 2485 abiisse,

483 2522 730 2577 quorum
765 2524 794 2563 e
826 2525 1067 2564 numero
1101 2509 1279 2564 fuisse
1302 2510 1672 2582 Pachymeris
1705 2514 1930 2580 patrem
1957 2508 2108 2561 veri-

487 2595 678 2650 simile
706 2602 814 2651 est.

548 2684 691 2736 Ibid.
731 2683 881 2739 Clero
912 2687 1210 2754 ascriptus.
1248 2686 1310 2740 In
1340 2685 1534 2739 Graeco
1567 2684 1781 2755 legitur
1810 2684 1962 2755 apud
2010 2700 2109 2753 op-

475 2770 648 2826 timos
680 2772 845 2825 codd.
879 2773 919 2825 B
950 2777 1005 2827 et
1032 2774 1077 2827 A
1108 2770 1234 2843 θείῳ
1273 2772 1463 2832 σωθεὶς
1509 2772 1727 2846 κλήρῳ,
1785 2776 1956 2843 prout
2011 2788 2108 2825 ex-

477 2859 757 2929 pressius.
788 2860 1055 2931 Nemque
1086 2860 1346 2927 σώζεσθαι
1368 2861 1680 2931 aliquando
1702 2858 2099 2930 est'appellere

475 2950 577 3000 aut
610 2948 927 3016 perdenire.
963 2948 1237 3018 Codinus,
1271 2966 1319 3003 c.
1352 2950 1441 3008 22.
1464 2950 1533 3004 de
1559 2948 2107 3018 sponsaimperato-

477 3035 595 3090 ris:
658 3035 799 3087 Κατὰ
853 3036 952 3102 τήν
1009 3035 1215 3108 ἡμέραν
1248 3037 1367 3090 καθ’
1397 3037 1458 3103 ἣν
1515 3035 1706 3106 μὲλλει
1762 3034 2106 3102 ἀποσωθῆναι

476 3118 553 3182 εἷς
579 3121 677 3187 τὴν
735 3122 919 3178 πόλιν.
977 3126 1089 3193 Quo
1146 3126 1235 3179 die
1289 3134 1621 3195 perventura
1673 3126 1731 3177 in
1772 3124 1958 3177 urbem
2008 3132 2104 3177 est.

475 3210 926 3281 Vaticanusjam
960 3213 1096 3265 hinc
1127 3213 1411 3281 incipiens
1470 3211 1806 3266 obscuriora
1845 3210 2097 3266 clariori~

478 3298 589 3352 bus
621 3303 846 3353 mutare
877 3296 1005 3368 θείῳ
1036 3295 1230 3369 κλήρῳ
1263 3295 1437 3359 δοθεὶς
1457 3299 1669 3369 posuit.

546 3390 681 3456 Pag.
718 3387 804 3440 12.
843 3387 903 3442 Ut
928 3386 1115 3441 doctus
1146 3386 1368 3455 quidam
1429 3386 1677 3441 asseruit.
1743 3389 1995 3457 Apparet
2041 3401 2108 3440 ex

476 3472 592 3527 illis
622 3490 788 3544 verya
819 3470 907 3526 διὰ
934 3473 996 3526 τὸ
1035 3474 1262 3549 φανέντα
1317 3473 1639 3546 κρύπτεσθαι
1690 3478 1799 3529 etc.
1866 3474 1923 3541 (P
1982 3475 2106 3545 435)

476 3562 708 3615 doctum
744 3562 899 3617 hunc
922 3563 1264 3633 Sophoclem
1288 3580 1435 3628 esse,
1456 3564 1623 3631 cujus
1643 3563 1702 3617 in
1728 3565 1895 3633 Ajace
1923 3582 2107 3632 μαστι-

474 3648 693 3725 γοφόρῳ
724 3650 824 3704 illa
854 3655 1034 3705 exstat
1067 3651 1310 3705 celebris
1339 3652 1407 3705 de
1462 3655 1717 3722 tempore
1769 3651 2057 3706 sententia
2091 3668 2103 3705 :

578 3765 804 3839 "Ajtatvd’
829 3766 879 3839 c‘
899 3765 1111 3839 acapna
1132 3763 1533 3839 κάναρίθμητος
1564 3768 1761 3839 χρὸνος

584 3835 715 3889 (pta
743 3837 789 3889 τ’
822 3832 1117 3904 ἄδὴλακαὶ
1146 3832 1373 3912 φανέντα
1393 3832 1703 3910 κρύπτεται.

549 3951 683 4019 Pag.
705 3952 790 4004 14.
826 3953 973 4006 Istud
1002 3960 1402 4024 argumentum
1426 3960 1867 4023 praeoccupatum
1880 3953 1945 4008 ab
1975 3956 2105 4010 aliis

476 4038 669 4092 Videri
695 4043 883 4108 potest
911 4039 1153 4095 innuere
1183 4041 1443 4095 Nicctam
1492 4040 1850 4107 Cboniatem,
1893 4043 1992 4111 qui
2050 4047 2108 4097 et

479 4125 640 4179 urbis
671 4127 1155 4197 expugnationem
1190 4144 1221 4180 a
1248 4127 1466 4181 Latinis
1496 4134 1551 4182 et
1582 4144 1673 4181 res
1705 4128 1928 4198 aliquot
1976 4134 2108 4200 post

475 4229 622 4279 eam,
649 4229 956 4278 annorum,
990 4220 1161 4282 prout
1192 4215 1312 4283 geri
1344 4215 1592 4280 videbat,
1653 4215 1887 4284 scripsit
1931 4218 2105 4272 Geor-

474 4301 630 4371 gium
665 4302 899 4370 quidem
924 4303 1313 4370 AcrOpolitam
1348 4302 1701 4370 logothetam
1732 4308 1788 4357 et
1825 4304 2104 4375 Nicephe-

471 4405 600 4443 rum
635 4388 945 4459 Gregoram
979 4406 1049 4443 ne
1076 4390 1241 4443 innui
1273 4388 1378 4444 hoc
1404 4390 1526 4443 loco
1558 4407 1591 4444 a
1620 4390 1966 4460 Pachymere
1994 4409 2100 4462 pu-

2230 571 2407 625 fuisse
2422 572 2835 627 bumaniorum
2860 573 3206 641 litterarum,
3224 575 3429 643 magis,
3452 576 3509 628 ni
3526 573 3712 643 fallor,
3729 590 3869 628 con-

2227 660 2386 727 gruit
2416 676 2544 714 cum
2579 666 2743 714 aetate
2774 679 3061 716 annorum
3092 662 3402 716 sexdecim.
3438 666 3650 716 Parum
3704 662 3863 716 enim

2228 752 2315 801 est
2348 749 2658 802 verisimile
2693 750 3086 805 undecennem
3119 766 3359 820 puerum
3395 750 3862 820 grammaticam,

2229 837 2598 903 rhetoricam,
2634 839 2820 910 ipsam
2848 839 3297 910 philosophiam,
3324 857 3453 894 cum
3482 839 3706 893 artibus
3730 855 3864 909 qua'

2227 931 2362 979 tuor
2392 926 2528 980 huic
2547 927 2847 997 subjectis,
2882 929 3031 983 625
3057 928 3443 992 arithmetica,
3470 928 3708 991 musica,
3731 944 3863 997 geo-

2232 1013 2436 1067 metria
2469 1019 2525 1068 et
2554 1018 2928 1082 astromania,
2966 1017 3111 1069 satis
3163 1020 3460 1086 perceptas
3501 1016 3712 1069 habere
3766 1033 3866 1087 po-

2230 1102 2431 1157 tuisse.
2465 1098 2746 1162 Ιῐαίδευσις
2773 1103 3058 1172 siquidem
3103 1100 3391 1174 ἐγκύκλιος
3433 1108 3519 1157 tot.
3555 1102 3658 1158 illa
3704 1120 3867 1158 com-

2232 1190 2613 1260 plectebatur,
2637 1196 2697 1245 ut
2727 1208 2794 1246 ex
2822 1192 3045 1245 Joanne
3067 1190 3649 1262 Tzetzeintelligitur,
3680 1192 3765 1245 sic
3798 1192 3867 1246 de

2232 1278 2323 1335 his
2354 1280 2644 1336 scribente
2677 1280 2938 1336 Chilliad.
2970 1298 3047 1351 xx,
3084 1285 3222 1337 sect.
3252 1282 3355 1335 367
3389 1299 3401 1336 :

2442 1403 2742 1479 ξΕγκύκλια
2775 1408 3070 1477 μαθήματα
3094 1404 3383 1479 καλοῦνται

2229 1476 2285 1529 Ὀ
2340 1475 2540 1537 κύκλος
2595 1479 2657 1530 τὸ
2720 1475 3083 1551 σύμπὲρασμα
3156 1476 3368 1530 πάντων
3432 1480 3535 1529 τῶν
3608 1478 3868 1551 μαθημά-

3638 1549 3793 1617 frum,

2229 1621 2641 1692 [ραμματικῆς,
2677 1617 2993 1692 ῥητορικῆς,
3026 1617 3191 1686 αὐτῆς
3216 1616 3553 1692 φιλοσοφίας,

2228 1686 2486 1742 Καὶ-τῶν
2540 1686 2825 1763 τεσσᾶριυν’
2861 1686 2917 1742 δὲ
2967 1693 3175 1763 τεχνῶν
3233 1694 3340 1742 τῶν
3397 1686 3483 1741 ὑπ’
3540 1686 3702 1753 αύτήν
3748 1708 3864 1740 κει-

3575 1760 3791 1829 [μένωη

2315 1851 2338 1889 ς
2369 1827 3125 1919 ἀριθμούσηςομουσικῆς,καὶ
3158 1835 3257 1919 τῆς
3286 1827 3617 1919 γεωμετρίας

2322 1900 2333 1915 ε
2403 1907 2430 1916 ..
2539 1901 2551 1917 ν
3073 1906 3099 1917 ..

2232 1900 2336 1953 Καὶ
2365 1895 2465 1968 τῆς
2495 1895 2930 1973 οὐρανοϐάμενος
2964 1895 3134 1968 αὐτῆς
3164 1895 3543 1971 ἀστρονομίας.

2230 2023 2433 2077 Fateor
2484 2024 2774 2078 interdum
2844 2023 3029 2078 solam
3090 2023 3527 2093 grammaticam
3575 2021 3865 2096 ἐγκυκλίου

2228 2107 2559 2172 παιδεύσεως
2617 2112 2910 2167 mentione
2979 2113 3273 2181 designari
3339 2110 3474 2165 κατᾶ
3522 2111 3861 2183 κατάχρησιν

2228 2197 2289 2250 οὐ
2324 2196 2471 2270 λόγῳ
2503 2196 2559 2250 δὲ
2587 2197 2778 2271 κυρίῳ,
2812 2204 2877 2253 ut
2906 2200 3060 2253 idem
3085 2201 3315 2255 Teztzes
3345 2199 3858 2270 ibidemloquitur;

2227 2302 2330 2339 nec
2352 2302 2417 2340 eo
2441 2288 2665 2341 inficias
2686 2286 2864 2341 videri
2893 2304 3060 2357 posse
3085 2286 3339 2342 locutum
3373 2304 3438 2342 eo
3462 2302 3635 2341 sensu
3685 2289 3858 2341 Acro-

2225 2374 2487 2444 politam,
2512 2375 2649 2428 dum
2675 2375 2746 2429 de
2777 2374 2877 2429 illa
2907 2392 3080 2444 quam
3108 2376 3432 2445 percepisse
3456 2378 3578 2443 jam
3617 2381 3737 2429 tum
3799 2392 3857 2429 se

2223 2467 2304 2516 ait
2321 2461 2610 2533 encyclica
2632 2463 2913 2527 doctrina,
2935 2464 3132 2517 statim
3157 2464 3352 2517 subdit
3376 2464 3435 2524 ἣν
3470 2463 3852 2534 γραμματικήν

2218 2548 2677 2620 κατονομάζουσιν
2712 2549 2762 2602 οἱ
2795 2546 3019 2617 πολλοὶ,
3054 2568 3220 2621 quam
3274 2551 3526 2621 plerique
3579 2568 3853 2619 gramma-

2220 2640 2384 2692 ticam
2413 2638 2727 2703 nominant,
2756 2639 3073 2709 praesertim
3100 2656 3230 2693 cum
3266 2639 3436 2710 paulo
3470 2646 3618 2704 post,
3653 2655 3701 2693 ο.
3763 2640 3851 2692 ni-

2221 2727 2431 2780 mirum
2464 2727 2552 2794 32,
2577 2727 2729 2780 idem
2764 2728 3046 2797 adjungat
3086 2745 3147 2781 se
3206 2727 3434 2782 hortatu
3490 2728 3855 2798 imperatoris

2216 2816 2573 2881 Joannis,ad
2608 2832 2779 2885 quem
2830 2818 3047 2871 missus
3109 2818 3314 2881 fuerat,
3378 2814 3694 2889 ὗψηλοτέρᾳ
3748 2820 3853 2869 τῶν

2219 2897 2398 2973 λόγων
2425 2899 2699 2955 παιδεύσει
2760 2901 2848 2955 καὶ
2908 2900 3153 2976 λογικοῖς
3210 2899 3568 2975 παιδεύμασιν
3619 2922 3858 2975 operam

2216 2992 2467 3057 dedisse,
2524 2991 2802 3061 magistro
2861 2992 3162 3046 Theodoro
3221 2993 3857 3064 Exapterygo.tVerum

2216 3080 2337 3134 haec
2368 3095 2480 3133 non
2512 3080 2747 3133 obstant
2769 3079 2893 3149 jam
2930 3079 3153 3149 positis,
3180 3097 3311 3134 cum
3348 3081 3426 3134 sit
3452 3097 3584 3135 vero
3604 3081 3861 3136 similius

2216 3171 2605 3240 γραμματικῆς
2647 3166 2993 3221 vocabulum
3050 3184 3163 3221 non
3221 3170 3692 3240 καταχρηστικῶς,
3750 3170 3852 3224 sed

2213 3255 2417 3329 κυρίως
2447 3256 2526 3309 ibi
2560 3255 2948 3325 Acropolitam
2983 3273 3326 3327 usurpasse,
3353 3275 3417 3312 ac
3448 3276 3559 3313 non
3613 3259 3852 3314 alterius

2216 3344 2443 3413 generis
2471 3342 2838 3411 disciplinas,
2869 3345 2969 3397 sed
3003 3348 3281 3415 majorem
3304 3347 3359 3400 in
3378 3348 3500 3415 jam
3526 3348 3847 3417 degustatis

2216 3447 2587 3503 progressum
2621 3430 2679 3484 in
2712 3431 2907 3485 schola
2940 3435 3597 3505 Exapterygiquaesisse,
3628 3436 3846 3505 quippe

2215 3536 2249 3573 a
2280 3536 2416 3589 quo,
2450 3524 2513 3572 ut
2544 3520 2666 3589 ipse
2697 3535 2829 3573 mox
2861 3521 3039 3585 addit,
3072 3526 3292 3591 septem
3327 3523 3496 3578 annis
3529 3523 3668 3577 nihil
3725 3524 3844 3578 nisi

2211 3609 2319 3659 τῶν
2366 3603 2688 3675 ποιημάτων
2722 3607 3008 3682 σαφήνειαν
3061 3607 3149 3661 καὶ
3178 3611 3277 3672 τῆς
3307 3613 3412 3662 τῶν
3440 3608 3615 3683 λόγων
3644 3610 3847 3683 τέχνης

2215 3691 2562 3748 διδασκαλίαν
2596 3697 2935 3765 perceperit,
2969 3714 3216 3767 quorum
3255 3703 3524 3754 neutrum
3545 3700 3844 3771 encyclicaa

2214 3781 2431 3837 limites
2452 3783 2692 3836 excedit.
2728 3785 2985 3854 Denique
3018 3786 3306 3840 sexdecim
3341 3795 3534 3841 natum
3566 3805 3748 3843 annos
3782 3805 3845 3843 se

2215 3870 2271 3923 in
2296 3870 2536 3924 Joannis
2552 3870 2741 3924 aulam
2769 3873 3091 3927 admissum
3119 3875 3258 3929 satis
3279 3876 3582 3931 manifeste
3614 3878 3847 3931 demon-

2214 3961 2361 4012 strat
2392 3958 2732 4028 Acropolita,
2766 3960 2905 4014 dum
2933 3978 2983 4014 c.
3030 3962 3099 4015 32
3129 3962 3375 4032 primam
3409 3980 3526 4018 rem
3580 3964 3841 4020 omnium

2215 4061 2339 4115 quae
2373 4046 2479 4114 ipsi
2506 4046 2561 4099 in
2596 4048 2874 4102 comitatu
2905 4048 3149 4104 Joannis
3177 4052 3423 4121 Augusti
3457 4054 3842 4123 contigerunt,

2215 4136 2501 4186 memorat
2531 4133 2618 4186 sui
2654 4134 3022 4189 traditionem
3057 4136 3114 4190 in
3149 4137 3519 4208 disciplinam
3562 4138 3842 4194 Theodori

2215 4220 2580 4291 Exapterygi,
2609 4236 2776 4291 quem
2813 4238 2872 4275 se
2916 4225 3117 4278 audire
3165 4227 3404 4297 caepisse
3462 4228 3543 4282 ait
3593 4225 3841 4281 ἑπτακαι-

2214 4303 2432 4360 δέκατον
2492 4304 2613 4368 ἔτος
2668 4307 2884 4380 ἄγοντα,
2926 4312 3195 4367 decimum
3242 4315 3532 4385 septimum
3605 4326 3839 4389 agentem

2210 4412 2421 4451 annum
2453 4412 2465 4449 :
2501 4398 2705 4464 quodsi
2732 4398 2858 4467 jam
2891 4401 3197 4457 undecimo
3227 4403 3412 4458 tetatis
3441 4405 3511 4459 ad
3559 4405 3834 4459 Joannem

469 4479 586 4529 tem
621 4477 940 4547 t‘acit,quod
959 4476 1239 4548 Gregoras
1254 4480 1384 4547 post
1404 4476 1809 4546 Pachymercm
1845 4478 2097 4549 scripsit:
2129 4524 2174 4585 D
2208 4483 2480 4548 venisset,
2505 4486 2860 4555 oportuisset
2890 4505 3022 4542 eum
3053 4489 3131 4543 ibi
3161 4507 3260 4545 sex
3308 4492 3447 4546 totis
3499 4494 3667 4547 annis
3715 4493 3832 4547 sine

479 4563 785 4585 A__-__ISL_
824 4580 951 4585 __x___
1003 4563 1128 4585 I!_-L
1164 4563 1469 4585 ΑνΊΒΑ---ΑΔΔΑ
1513 4564 1701 4585 -___!__‘
1731 4565 1863 4585 n_,1,
1918 4583 1995 4585 WA,
2054 4584 2062 4585 κ
2240 4572 2276 4585 τι
2579 4573 2612 4585 ,ο
2770 4575 2783 4585 ι
2904 4576 2942 4585 .-
3125 4583 3151 4585 _
3392 4584 3397 4585 ,
3505 4580 3515 4585 -
3567 4580 3578 4585 -
3733 4580 3745 4585 -

467 4563 795 4635 Acropolita
824 4580 977 4630 vero,
1000 4563 1131 4619 licet
1161 4563 1476 4635 aliquando
1509 4564 1703 4619 senior
1731 4565 2092 4637 Pacbymere,

461 4651 664 4720 junior
691 4655 884 4706 tamen
922 4651 1026 4706 fuit
1058 4668 1231 4723 quam
1262 4656 1322 4707 ut
1353 4669 1443 4707 res
1488 4652 1775 4707 Theodori
1833 4655 2095 4710 Lascaris

470 4740 681 4809 prioris
711 4745 971 4811 spectare
1006 4758 1257 4810 praesens
1291 4743 1558 4811 potuerit,
1620 4760 1763 4813 quas
1820 4761 1888 4799 ex
1945 4747 2096 4799 fama

468 4831 524 4881 et
551 4831 946 4883 monumentis
977 4830 1033 4883 in
1069 4830 1373 4884 historiam
1414 4831 1675 4899 digessit.
1709 4832 1825 4886 Hoc
1871 4850 1939 4887 ex
1968 4834 2095 4902 ejus

469 4914 715 4970 historia
744 4916 895 4972 clare
925 4918 1224 4972 discimus.
1262 4917 1473 4971 Scribit
1503 4918 1658 4972 enim
1688 4920 1784 4975 ille
1812 4921 1892 4976 ibi
1924 4939 1970 4977 c.
2002 4925 2093 4988 29,

468 5020 524 5073 q.
554 5006 644 5065 25.
678 5004 766 5058 ed.
804 5005 940 5075 Reg.
979 5002 1145 5059 εΤότε
1201 5003 1289 5057 καὶ
1350 5003 1510 5065 αὐτὸς
1563 5006 1700 5079 πρὸς
1749 5011 1855 5060 τῶν
1890 5011 2091 5081 γονέων

464 5089 524 5142 ἐκ
576 5093 674 5157 τῆς
729 5090 1130 5144 Κωνσταντῖνου
1187 5090 1491 5159 ἀπεστάλην
1538 5095 1614 5162 τῷ
1661 5094 1874 5164 βασιλεῖ
1918 5096 2091 5151 ἑκκαι-

468 5175 693 5247 δεκάτης
725 5180 979 5251 (videtur
1007 5181 1315 5250 legendum
1358 5176 1763 5249 ἑκκαιδεκαέτης
1820 5178 1912 5253 ὣν)
1955 5187 2094 5241 Tunc

468 5274 517 5321 et
537 5266 654 5337 ipse
684 5285 715 5321 α
757 5268 1077 5337 parentibus
1127 5284 1195 5322 ea:
1252 5268 1385 5322 urbe
1440 5269 1913 5339 Constantinopoli
1957 5274 2090 5328 mis-

458 5370 550 5410 sus
574 5372 695 5410 sum
722 5357 792 5410 ad
819 5357 1209 5427 imperatorem
1236 5356 1511 5410 sexdecim
1537 5371 1713 5411 aunos
1740 5367 1924 5413 natus.
1976 5363 2092 5429 Ap-

462 5447 626 5513 paret
655 5444 1061 5501 doctissimum
1122 5444 1497 5513 interpretcm
1555 5443 1764 5514 legisse
1812 5441 2089 5517 ἐνδεκαὲτη

465 5547 567 5600 pro
595 5527 1005 5602 ἑκκαιδεκαέτης
1036 5533 1207 5588 vertit
1239 5530 1390 5588 enim
1426 5530 1673 5586 undecim
1703 5550 1873 5589 annos
1902 5542 2090 5593 natus.

464 5617 573 5673 Sed
603 5620 755 5690 quod
787 5621 948 5676 addit
978 5621 1172 5677 statim
1214 5622 1411 5675 auctor
1460 5613 1744 5691 ἐγκυκλίου
1800 5618 2092 5698 ἀπηλλαγ-

2205 4572 2317 4627 alla
2350 4573 2730 4642 occupatione
2753 4575 3064 4631 desedisse.
3124 4583 3231 4633 Pro
3285 4584 3442 4634 certo
3501 4580 3681 4651 igitur
3733 4580 3824 4634 ba-

2204 4661 2458 4714 bendum
2494 4664 2651 4715 sexto
2685 4662 2907 4717 decimo
2942 4666 3128 4720 aetatis
3146 4683 3296 4721 anno
3326 4667 3569 4737 coepisse
3596 4675 3812 4736 Acmpo-

2203 4747 2363 4801 litam
2397 4748 2604 4802 Joanni
2659 4752 2921 4819 Augusto
2976 4753 3287 4809 adhaerere.
3348 4756 3469 4818 Quo
3529 4762 3710 4813 autem
3759 4754 3811 4806 id

2160 4834 2163 4837 ’
2204 4836 2465 4905 ejusdem
2497 4836 2737 4891 Joannis
2768 4839 3001 4909 imperii
3034 4846 3209 4911 atque
3245 4843 3387 4898 adeo
3427 4844 3643 4899 Christi
3687 4858 3819 4899 anno

2204 4923 2531 4993 contigerit,
2565 4924 2982 4994 explorandum
3018 4946 3173 4984 nunc
3203 4936 3311 4996 est,
3338 4932 3421 5001 (Ρ.
3459 4933 3584 5003 436)
3616 4934 3829 4988 Adven-

2202 5014 2328 5065 tum
2361 5011 2419 5065 in
2454 5010 2646 5066 aulam
2676 5013 2920 5070 Joannis
2942 5033 3113 5072 suum
3146 5018 3203 5072 in
3233 5018 3287 5073 id
3315 5021 3832 5091 tempusincidisse

2204 5102 2400 5152 narrat
2422 5099 2766 5169 Acropolita,
2801 5118 2913 5171 quo
2942 5107 3197 5175 tempore
3216 5107 3463 5162 Roberto
3497 5109 3830 5164 Latinorum

2200 5187 2549 5256 imperatore
2583 5193 2809 5243 mortuo
2830 5192 3079 5246 Joannes
3111 5192 3243 5248 olim
3308 5196 3832 5269 Hierosolymorum

2202 5289 2300 5329 rex
2349 5276 2911 5347 Constantinopolim
2974 5284 3062 5335 est
3120 5291 3389 5338 evocatus
3440 5286 3508 5339 ad
3566 5302 3658 5341 res
3716 5284 3831 5339 illic

2201 5363 2609 5429 moderandas,
2670 5367 2857 5433 quoad
2914 5368 3236 5425 Balduinus
3287 5388 3429 5441 puer
3496 5374 3555 5426 in
3607 5379 3831 5427 aetatem

2199 5448 2737 5518 imperiojdoneam
2764 5453 3127 5524 adolevisset,
3154 5458 3437 5513 Robertus
3462 5466 3654 5513 autem
3682 5477 3831 5515 anno

2202 5535 2413 5591 Christi
2472 5539 2607 5592 1228
2664 5553 2765 5594 aut
2822 5546 3086 5609 sequenti
3145 5550 3233 5599 est
3289 5554 3600 5610 mortuus;
3680 5549 3833 5601 unde

2198 5624 2439 5681 Joannis
2472 5625 2824 5683 Brennensis
2854 5644 2922 5684 ex
2966 5630 3151 5703 Italia,
3206 5631 3303 5687 ubi
3357 5632 3628 5705 Gregorio
3668 5635 3832 5691 Nouo
