4122 6272
264 352 402 408 1089

1838 378 2064 434 NOTAE.

3503 391 3643 446 1090

263 476 571 543 militabat,
605 479 1168 576 Constantinopolim
1197 487 1478 557 appulsus
1508 493 1579 547 ad
1610 493 1738 549 Chr.
1760 497 1896 550 1229
1925 503 1977 568 Α
2008 503 2130 556 tum
2158 502 2406 560 historiis
2439 523 2557 561 suas
2587 510 2712 563 tum
2752 509 3023 566 Chronici
3070 514 3487 584 compendiarii
3544 533 3642 572 se-

260 566 531 620 aut1230
562 567 829 636 pertinet,
871 573 1104 640 quando
1160 573 1414 632 Joannes
1472 579 1731 650 Ratatza,
1792 585 1892 653 qui

260 669 413 707 anno
445 652 661 708 Christi
707 656 844 708 1222
894 657 1196 714 Theodoro
1247 667 1472 718 Lascan
1531 684 1636 722 suo
1695 652 1894 725 socero

258 743 808 798 successerat.629
842 744 954 799 Nec
986 761 1076 800 res
1107 747 1285 817 igitur
1303 751 1586 808 Theodori
1608 759 1891 825 Lascaris,

257 846 363 884 nec
395 830 568 900 primi
599 831 865 886 decennii
915 835 1157 889 Joannis
1214 837 1462 894 Batatzaa
1511 847 1661 913 acta,
1717 847 1894 902 scribi

253 934 322 972 ex
353 918 582 972 oculata
639 920 845 974 notitia
894 921 963 975 ab
1007 923 1337 994 Acropolita
1391 933 1649 998 potuere.
1709 939 1896 996 Quare

251 1006 400 1061 alios
432 1005 602 1061 nobis
649 1007 977 1078 incognitos
1011 1011 1212 1066 taliam
1252 1022 1564 1073 eventuum
1622 1018 1892 1083 αὐτόπτας

250 1093 561 1150 historicos
594 1095 688 1150 hic
719 1097 964 1152 innuere
997 1100 1406 1172 Paehymerem
1454 1113 1892 1177 agnoscendum

251 1186 364 1237 est.

319 1295 454 1365 Pag.
487 1295 574 1350 14.
603 1296 918 1354 Commissis
962 1301 1196 1357 invicem
1241 1309 1524 1365 Mercurio
1575 1316 1625 1366 et
1680 1315 1894 1370 Latona

244 1382 473 1437 Alludit
502 1386 572 1438 ad
609 1401 867 1456 pugnam
894 1389 1132 1444 deorum
1167 1393 1236 1446 ab
1275 1395 1514 1452 Homero
1541 1399 1888 1458 celebratam

241 1470 405 1525 Iliad.
443 1491 496 1539 υ,
528 1474 628 1526 ubi
660 1490 794 1528 eum
827 1475 925 1529 alii
951 1477 1081 1532 aliis
1109 1479 1186 1533 dii
1223 1482 1334 1535 diis
1375 1485 1598 1540 adversi
1653 1505 1891 1562 compa-

244 1564 612 1625 rentur,tum
635 1577 738 1630 par
773 1562 1116 1619 infestorum
1139 1568 1386 1623 invicem
1421 1575 1721 1629 numinum
1749 1579 1892 1634 Mer-

241 1647 443 1702 curius
461 1651 517 1700 et
550 1648 794 1716 Latona,
818 1649 913 1705 ille
936 1651 1300 1722 Gl‘tBClS,h830
1329 1657 1596 1728 Trojanis
1629 1665 1891 1723 militans

245 1733 612 1804 producitur.

316 1853 489 1916 Λητοῖ
521 1845 565 1900 δ’
599 1849 819 1919 ἀντέστη
854 1855 1027 1915 σῶκος
1058 1851 1323 1927 ἐριούνιος
1356 1858 1580 1932 Ἑρμῆς.

257 1963 377 2016 Etsi
407 1967 624 2033 autem,
657 1969 948 2035 quomodo
980 1971 1256 2026 scribitur
1285 1977 1497 2044 Graece,
1526 1983 1736 2046 Λητοῦς
1766 1983 1886 2039 sive

252 2053 482 2104 Latonae
515 2068 724 2107 nomen
757 2053 900 2108 nihil
935 2071 1242 2113 commune
1263 2076 1396 2116 cum
1428 2064 1580 2137 Λήθῃ
1603 2068 1886 2126 oblivione

252 2137 467 2193 habere
499 2138 781 2210 videatur,
808 2147 1026 2198 certum
1058 2150 1252 2201 tamen
1285 2155 1458 2220 atque
1483 2155 1622 2208 adeo
1655 2158 1886 2229 vulgare

256 2224 462 2280 Graecae
520 2225 862 2283 litteratura
921 2249 1031 2286 non
1087 2235 1335 2290 rudibus
1379 2245 1468 2293 est
1511 2224 1783 2301 Latonam
1814 2249 1884 2303 ad

251 2313 439 2368 noctis
471 2317 525 2368 et
554 2315 861 2371 oblivionis
892 2320 1350 2390 signﬁcationem
1375 2326 1680 2399 allegorice
1709 2335 1881 2391 trahi.

245 2396 339 2458 Ὠς
393 2401 426 2466 ἡ
483 2400 649 2467 Λητὼ
707 2403 809 2472 (ait
859 2405 1199 2463 Eustathius
1253 2413 1322 2464 ad
1376 2396 1538 2480 Iliad,
1597 2418 1620 2487 ξ
1679 2437 1736 2489 ρ.
1780 2422 1885 2476 989

249 2488 342 2540 ed.
369 2487 557 2560 Rom.)
599 2487 660 2540 ού
697 2489 860 2560 μόνον
917 2491 993 2555 εἷς
1049 2491 1224 2565 λήθην
1277 2487 1696 2574 ἀλληγορεῖται,
1741 2507 1886 2562 ἀλλὰ

245 2572 338 2626 καὶ
391 2572 464 2635 ei;
511 2574 675 2629 νύκτα
724 2579 822 2645 τήν
871 2583 950 2650 τῷ
997 2580 1111 2654 ἀέρι
1161 2584 1243 2637 Διὶ
1275 2591 1650 2660 προσήκουσαν
1685 2592 1772 2647 ὅτε
1806 2597 1880 2667 μή

249 2661 384 2734 φωτὶ
444 2662 875 2737 καταλάμπεται,
935 2666 1032 2722 οὐκ
1085 2667 1141 2722 ἂν
1204 2670 1285 2742 ε’ίη
1343 2695 1424 2736 τις
1480 2682 1587 2731 τῶν
1616 2681 1738 2755 περὶ
1787 2683 1884 2738 λό-

250 2768 384 2820 γους
443 2749 672 2823 ἀγνοῶν·
734 2755 1006 2811 Latonam
1056 2761 1351 2830 symbolice
1407 2749 1699 2836 designare
1768 2790 1883 2828 non

250 2837 425 2890 solum
446 2838 792 2908 oblivionem,
827 2843 919 2898 scd
947 2854 998 2899 et
1037 2858 1241 2903 noctem
1271 2852 1394 2906 acri
1410 2858 1537 2910 Javi
1560 2863 1880 2916 convenien-

262 2931 368 2976 tem
394 2925 607 2993 quando
637 2928 752 2983 luce
807 2947 911 2985 non
944 2932 1288 3006 illustratur,
1335 2957 1489 2997 nemo
1544 2947 1884 3005 eruditorum

247 3011 600 3079 ignoraverit.
635 3017 773 3071 Inde
803 3021 874 3073 ad
925 3037 1158 3078 versum
1207 3029 1474 3096 superius
1523 3033 1878 3107 descriptum

245 3104 304 3153 et
337 3100 494 3154 lliatl.
529 3121 556 3152 υ
589 3102 738 3156 idem
772 3113 1069 3162 enarrator
1085 3112 1584 3174 doctissimushoc
1613 3100 1881 3180 observat

236 3186 329 3256 (ed
357 3191 520 3241 Hom.
551 3207 605 3258 p.
643 3192 800 3264 1197)
835 3210 846 3246 :
884 3200 1058 3263 Λητοῖ
1107 3194 1181 3264 δὲ,
1216 3201 1399 3274 φησὶν,
1442 3204 1662 3277 ἀντέστη
1697 3214 1840 3264 σῶκο

237 3270 508 3344 ἐριούτιος
540 3275 768 3350 Ἑρμῆςο
804 3279 959 3355 οἳπερ
990 3282 1139 3346 αὖθις
1168 3270 1391 3355 ἡόικῶςν
1424 3270 1876 3370 ἐκλαμϐόὶνονται,

236 3361 270 3427 ἡ
311 3361 405 3431 μὶν
439 3360 516 3422 εἷς
565 3361 764 3433 λήθην,
809 3367 836 3420 ὁ
868 3365 914 3421 δ’
965 3370 1038 3432 εἷς
1091 3373 1254 3447 Λόγον
1308 3360 1687 3453 μεταγόμενοι.
1749 3360 1880 3444 HéPc

237 3449 358 3519 ille,
397 3468 524 3521 quae
561 3453 822 3510 indicant
868 3458 1166 3530 ingeniose
1197 3449 1603 3526 adumbratam
1665 3475 1733 3529 ab
1767 3477 1876 3531 Ho-

251 3552 432 3604 mero,
476 3540 587 3595 isto
645 3542 856 3599 infesto
915 3548 1160 3604 invicem
1219 3552 1456 3610 incursu
1511 3562 1773 3617 Mercurii
1825 3570 1880 3619 et

241 3624 491 3693 Latonae,
517 3635 807 3685 certamen
841 3638 1134 3704 quoddam
1161 3641 1437 3698 orationis
1469 3650 1527 3700 et
1551 3646 1873 3707 litterarum

236 3717 700 3783 perMercurium
725 3721 1468 3792 designatarum,advcrsus
1486 3735 1873 3805 ignorantiam

235 3805 668 3858 transactarum
716 3823 905 3862 rerum
955 3811 1242 3868 oblivione
1293 3821 1632 3878 mortalibus
1677 3827 1874 3883 induci

234 3889 492 3958 solitam,
538 3893 676 3946 dum
709 3896 962 3963 historia,
1013 3907 1077 3954 ut
1125 3903 1420 3973 eleganter
1466 3911 1665 3966 scribit:
1711 3917 1876 3972 Anna

232 3976 531 4032 Comnena
589 3980 644 4034 in
697 3984 1037 4039 Praefatione
1090 3991 1160 4042 ad
1221 3993 1606 4067 Alcxandium,
1647 4002 1726 4055 Ad
1769 4005 1872 4058 Lc-

233 4063 420 4118 theum
479 4069 769 4135 quemdam
797 4078 1100 4130 torrentem
1142 4078 1408 4149 objicetur
1450 4063 1602 4139 velut,
1649 4090 1874 4148 invicta

228 4151 532 4207 soliditatis
561 4157 748 4222 moles,
773 4163 1111 4230 pra‘cipilem
1143 4167 1535 4235 quodammodo
1567 4176 1872 4234 inhibitum

229 4238 448 4307 lapsum
505 4245 785 4313 temporis,
818 4253 960 4303 certe
985 4252 1334 4319 prohibitura
1390 4276 1458 4314 ne
1516 4277 1640 4332 quae
1695 4267 1755 4320 in
1811 4285 1870 4322 eo

225 4330 390 4396 gesta
415 4335 542 4382 sunt
575 4334 758 4386 omnia
789 4337 1236 4406 irreparabiliter
1291 4330 1664 4418 oblitterentur,
1716 4360 1869 4423 etc.,-

230 4410 390 4514 ἠλλ²
448 4414 475 4467 ὃ
530 4436 588 4488 γε
639 4416 803 4492 λόγος
832 4428 932 4514 τῇς
963 4424 1197 4514 ἱστορίας
1239 4427 1411 4504 ἔρυμα
1459 4410 1865 4514 καρτεριώτατον

223 4499 430 4574 γίνεται
485 4507 563 4573 τῷ
616 4510 712 4559 τοῖ’)
771 4506 973 4583 χρόνον
1025 4513 1270 4589 ῥεύματι,
1320 4521 1619 4594 καῖῗστησι
1666 4530 1867 4603 τρόπον

219 4588 344 4640 τινὰ
398 4590 495 4657 τὴν
556 4591 842 4649 ἀκάθεκτον
899 4600 1093 4654 τούτου
1153 4603 1306 4676 ῥοὴν,
1366 4611 1456 4663 καὶ
1513 4616 1573 4667 τὸ

1154 4675 1159 4676 ,
1836 4675 1847 4691 .

221 4675 482 4748 γινόμενα
540 4680 713 4734 πάντα
771 4685 942 4740 ὁπόσα
1009 4695 1437 4771 συμπεριείληφε
1494 4705 1706 4778 συνέχει
1772 4709 1860 4760 καὶ

219 4765 569 4864 ττερισφίγγει
592 4769 680 4822 καὶ
705 4771 802 4824 οὐκ
828 4772 886 4843 ἐᾷ
917 4765 1293 4841 διολισθαίνειν
1327 4765 1401 4847 sic
1436 4765 1857 4864 Aﬁﬁnc'boﬁobq.

223 4851 353 4906 HtBC
390 4855 464 4908 ibi
497 4858 661 4913 Anna
694 4875 860 4930 :quaa
886 4869 1282 4926 emendatiora
1313 4851 1503 4943 quam.
1550 4851 1606 4933 in
1645 4851 1857 4956 'editis,

227 4955 334 5008 ope
364 4944 566 5012 optimi
603 4949 870 5005 codicisa
902 4968 992 5008 me
1014 4963 1145 5024 post
1175 4961 1486 5019 editionem
1520 4968 1647 5035 visi,
1671 4944 1855 5026 liben:

225 5031 316 5081 ter
337 5027 430 5084 hic
459 5033 770 5104 descripsi.

293 5158 426 5260 Cap.
459 5164 512 5218 3.
543 5165 677 5260 Quae
708 5167 801 5224 hic
832 5172 1213 5244 Pacbymeres
1260 5185 1436 5239 tradit
1466 5187 1536 5241 de
1567 5195 1855 5260 angustiis

215 5246 275 5300 in
301 5249 517 5317 quibus
550 5254 784 5311 fuerunt
830 5261 927 5328 qui
982 5275 1264 5331 praeerant
1308 5271 1571 5343 reliquiis
1629 5246 1853 5336 Graeciae

212 5340 349 5406 post
379 5345 606 5434 captam
638 5360 671 5397 a
700 5347 912 5401 Latinis
935 5340 1528 5420 urbem,Theodorum
1554 5369 1852 5434 potissime

208 5426 507 5481 Lascarirn
549 5429 795 5488 Joannis
853 5434 1096 5495 Batatzze
1154 5443 1521 5504 decessor-um
1555 5426 1628 5507 ὀι
1676 5455 1851 5526 hujus

206 5510 403 5582 ipsius
429 5514 670 5574 Joannis
701 5521 888 5592 prima
917 5526 1279 5600 principatus
1329 5536 1647 5607 respiciunt
1707 5549 1848 5599 tem-

211 5615 374 5670 pora.
408 5603 551 5659 Vide
581 5605 650 5661 de
685 5607 774 5664 his
838 5615 1228 5686 Acropolitam
1281 5603 1470 5695 capite
1529 5633 1850 5698 praesertim

1617 4615 1668 4668 ἓν
1719 4617 1864 4691 αὐτῷ
1896 4615 1936 4626 υ
1973 4615 2016 4708 ᾗ

1996 591 2198 659 ptimo.

2067 678 2202 750 Cap.
2234 683 2288 736 5.
2322 683 2481 746 Quod
2531 685 2721 740 innuit
2778 687 2886 743 hoc
2946 706 3073 761 cap.
3129 693 3509 764 Pachymeres
3569 697 3639 750 de

1999 766 2268 824 Cliadeno
2298 773 2367 826 ab
2437 774 2762 844 imperante
2815 779 2932 846 jam
2989 780 3270 837 Michaele
3318 782 3637 855 Palaeologo

1999 858 2178 912 misso
2207 860 2274 913 ad
2296 877 2532 916 censum
2568 867 2858 934 agendum
2886 870 3382 937 praesidiariorum
3409 879 3635 928 montes

1998 943 2184 1000 Persis
2215 949 2478 1017 objectus
2509 954 2821 1020 tuentium,
2857 973 2970 1009 non
3020 959 3241 1027 reperio
3300 960 3636 1016 distinctius

1999 1033 2144 1088 6‘27
2182 1035 2316 1089 alibi
2349 1038 2696 1109 explicatum
2730 1059 2763 1094 a
2791 1050 3010 1098 nostro.
3045 1046 3298 1101 Tantum
3332 1049 3401 1102 de
3440 1051 3637 1104 causis

1998 1122 2192 1191 gratim
2235 1123 2488 1180 Chadeni
2536 1129 2689 1197 apud
2750 1131 3114 1200 Michaelem,
3172 1151 3317 1204 quas
3374 1153 3436 1190 se
3493 1138 3636 1192 alibi

1998 1210 2291 1266 dicturum
2323 1213 2412 1267 hic
2453 1215 2762 1286 signiﬁcat,
2797 1219 3024 1274 invenio
3056 1238 3102 1276 c.
3160 1224 3220 1276 11
3277 1224 3452 1292 hujus
3499 1225 3633 1279 libri

1998 1297 2332 1355 Chadenum
2367 1303 2521 1357 hunc
2553 1306 2875 1375 dumjussu
2908 1309 3192 1363 Theodori
3241 1313 3486 1382 Augusti
3533 1332 3631 1367 su-

1998 1394 2258 1456 spectum
2311 1389 2394 1443 illi
2440 1391 2823 1464 Palaeologum
2896 1396 2982 1465 [P.
3037 1398 3162 1467 437]
3219 1399 3629 1455 Thessalonica

1998 1475 2253 1528 vinctum
2285 1478 2616 1548 adduceret,
2651 1481 2904 1536 humane
2944 1500 3007 1538 ac
3048 1486 3382 1554 clementer,
3436 1490 3628 1558 quoad

1996 1563 2203 1631 potuit,
2233 1564 2424 1618 dirum
2458 1566 2768 1637 imperium
2809 1573 3153 1627 exercuisse.
3183 1573 3341 1628 Unde
3375 1592 3626 1645 pronum

1996 1650 2217 1704 creditu
2270 1657 2376 1717 est,
2434 1660 2730 1725 utcunque
2763 1657 2819 1711 id
2856 1665 3053 1712 noster
3083 1661 3297 1715 diserte
3331 1680 3623 1734 nusquam

1995 1738 2133 1791 alibi
2174 1740 2476 1808 expressit,
2511 1742 2872 1814 Michaelem,
2910 1746 3006 1800 ubi
3063 1754 3152 1802 est
3209 1750 3278 1803 ad
3313 1751 3621 1821 imperium

1994 1831 2316 1892 evectus,eo
2350 1831 2579 1885 nomine
2611 1848 2672 1886 se
2700 1839 2926 1899 gratum
2979 1835 3249 1891 Chadeno
3284 1839 3622 1908 praebuisse,

1991 1915 2322 1970 adhibendo
2353 1934 2484 1972 cum
2520 1921 2904 1988 familiariter,
2933 1930 2986 1978 et
3030 1928 3156 1992 ejns
3187 1943 3361 1995 opera
3420 1929 3624 1997 primis

1990 2003 2512 2060 administrationis
2540 2010 2617 2062 rei
2659 2011 2900 2079 publieae
2952 2015 3346 2068 functionibus
3384 2019 3622 2071 utendo.

1989 2091 2130 2144 Cum
2161 2098 2354 2146 autem
2387 2095 2593 2149 referat
2616 2105 2893 2169 noster,p.
2926 2100 3410 2173 98,Palaeologum
3431 2107 3622 2159 statim

1989 2183 2163 2248 atque
2195 2181 2521 2238 declaratus
2553 2186 2865 2254 imperator
2911 2195 3017 2252 est,
3045 2195 3356 2261 antequam
3382 2209 3623 2248 corona-

1987 2273 2166 2333 retur,
2193 2268 2651 2342 Philadelphiam
2683 2291 2816 2328 cnm
2849 2277 3033 2346 copiis
3066 2295 3456 2349 progressum,
3489 2282 3626 2336 inde

1986 2356 2358 2412 accersivisse
2390 2359 2774 2428 praeridiarios
2805 2365 3123 2419 conﬁnium
3185 2367 3406 2422 Persidi
3464 2385 3624 2424 mon-

1988 2442 2133 2496 tium
2167 2446 2216 2497 ei
2277 2462 2366 2499 res
2398 2446 2556 2502 illius
2591 2448 2794 2504 limitis
2819 2454 3144 2522 ordinasse,
3205 2457 3483 2512 credibile
3531 2466 3621 2513 est

1987 2531 2145 2584 exiis
2167 2547 2295 2600 qua:
2327 2533 2418 2587 hic
2445 2537 2807 2607 scribuntur,
2841 2556 3012 2594 usum
3065 2558 3197 2596 cum
3239 2543 3298 2596 in
3348 2549 3466 2599 toto
3523 2545 3623 2600 illo

1986 2619 2215 2688 negotio
2247 2625 2301 2674 et
2329 2623 2571 2677 consilio
2602 2631 2658 2678 et
2708 2628 3034 2682 ministerio
3091 2631 3370 2688 Chadeni.
3426 2635 3618 2697 Quan-

1985 2723 2156 2774 quam
2193 2707 2326 2761 huic
2359 2712 2699 2778 coujecluraa
2741 2714 2967 2770 videtur
3019 2718 3398 2788 intercedere,
3460 2723 3612 2792 quod

1987 2801 2183 2847 noster
2217 2797 2318 2849 hoc
2343 2796 2464 2850 loco
2505 2799 2724 2853 indicat
2781 2803 2952 2856 istam
3013 2807 3364 2861 vexationem
3421 2816 3620 2864 custo-

1986 2879 2270 2936 dientium
2313 2890 2538 2938 montes
2592 2886 2809 2941 Persidi
2874 2894 3194 2962 oppositos,
3254 2911 3286 2947 a
3344 2895 3617 2953 Chadeno

1985 2984 2320 3038 persuasam
2355 2971 2583 3026 Micheli
2619 2975 2936 3031 Palmoloho
2979 2981 3104 3046 jam
3162 2981 3497 3051 imperanti,
3547 2988 3617 3041 ad

1983 3059 2304 3126 posteriora
2334 3069 2683 3131 recuperatae
2741 3064 3276 3139 Constantinopolis
3333 3074 3620 3141 pertinere

1983 3149 2265 3214 tempora.
2299 3151 2484 3209 Quare
2511 3151 2621 3204 nisi
2652 3152 2937 3222 prolepsis
2987 3155 3082 3210 hic
3125 3159 3388 3226 quaedam
3435 3177 3616 3228 agno-

1847 3233 1871 3272 ς
1905 3206 1947 3271 C
1985 3206 2187 3302 scitur,
2243 3206 2620 3304 quaerendum
2652 3206 2831 3295 Ialibil
2883 3250 2973 3296 est
3025 3206 3258 3313 quajndo
3307 3206 3618 3318 contigerit

1983 3322 2136 3389 quod
2172 3338 2328 3376 nunc
2358 3325 2625 3379 refertur.
2671 3328 2908 3383 Frustra
2941 3337 3138 3386 autem
3198 3339 3316 3388 tota
3358 3335 3464 3390 hac
3512 3339 3612 3391 Mi-

1981 3407 2198 3462 chaelis
2261 3409 2500 3466 historia
2575 3423 2882 3484 quaeretur,
2932 3419 3285 3491 Pachymere
3347 3425 3612 3480 fortassis

1981 3495 2158 3549 oblito
2207 3499 2558 3565 promissum
2621 3504 2932 3570 exsolvere,
2993 3514 3092 3560 aut
3150 3525 3210 3563 se
3270 3511 3610 3568 deiunctum

1981 3583 2123 3637 satis
2156 3589 2278 3638 rato
2299 3586 2686 3659 qualicunque
2730 3593 3087 3651 indicatione
3129 3598 3211 3652 rei
3257 3599 3383 3668 ejus
3429 3600 3614 3657 alieno

1977 3670 2104 3726 loco
2137 3675 2460 3743 praemissa.

2049 3777 2185 3848 Cap.
2212 3779 2264 3832 6.
2299 3779 2436 3834 Rem
2469 3781 2624 3836 dictu
2658 3801 2915 3854 parvam,
2967 3791 3068 3843 sed
3119 3792 3418 3848 admonitu
3476 3797 3616 3850 forte

1979 3883 2092 3920 non
2129 3884 2336 3936 prosus
2371 3869 2635 3924 inutilem
2671 3874 3010 3931 brevissime
3059 3881 3400 3949 transigam.
3476 3886 3611 3937 ἔνιο-

1980 3969 2119 4007 num
2152 3959 2241 4008 est
2271 3957 2438 4010 docto
2471 3958 2662 4014 Graece
2695 3960 2916 4026 lectori,
2967 3965 3106 4018 dum
3147 3967 3205 4020 in
3261 3966 3367 4022 hoc
3427 3972 3612 4038 capite

1982 4037 2341 4113 μαχουμένων
2402 4044 2495 4100 his
2531 4047 2699 4117 leget,
2759 4051 3006 4105 suboriri
3040 4054 3436 4123 suspicionem
3472 4059 3611 4112 cditi

1977 4130 2249 4183 mendose
2304 4131 2434 4196 loci,
2479 4150 2611 4189 cum
2662 4144 2882 4204 auctor,
2939 4147 3114 4209 prout
3170 4143 3359 4196 caeteri
3418 4145 3609 4200 solent

1977 4216 2242 4272 fortasse.
2305 4221 2637 4292 μαχομένων
2697 4226 3014 4296 scripserit.
3091 4230 3264 4299 Atqui
3333 4238 3612 4288 constan-

1974 4302 2202 4358 tissime
2232 4322 2296 4358 ac
2329 4307 2652 4364 clarissime
2681 4312 2738 4365 in
2798 4313 3096 4369 codicibus
3155 4317 3610 4389 antiquissimis,

1976 4393 2293 4460 presertim
2325 4397 2634 4453 Barberino
2666 4401 2758 4453 cui
2805 4403 3174 4471 potissimum
3227 4407 3604 4464 adhaesimus.

1981 4480 2342 4552 μαχουμένων
2378 4484 2758 4541 scribebatur.
2804 4489 3019 4560 Nempe
3068 4492 3462 4550 Pachimerem
3516 4497 3611 4552 hic

1973 4583 2204 4638 quoque
2234 4570 2391 4641 loqui
2415 4589 2546 4626 cum
2583 4574 2750 4646 vulgo
2783 4578 2988 4647 piguit,
3008 4582 3404 4637 recordantem
3453 4587 3605 4654 apud

2025 4673 2285 4712 umerum
2329 4660 2432 4714 Od.
2465 4681 2517 4732 γ,
2550 4679 2600 4714 v.
2637 4664 2757 4728 402,
2821 4682 2881 4720 se
2932 4667 3142 4738 legisse
3197 4670 3597 4742 μαχεούμενον,

1970 4745 2074 4797 0d.
2108 4764 2171 4813 ω,
2206 4763 2256 4800 v.
2292 4749 2412 4810 114,
2449 4747 2840 4822 μαχεούμενοι,
2876 4753 3038 4810 lliad.
3067 4776 3112 4825 α,
3139 4758 3261 4826 355,
3287 4760 3604 4834 μαχέοιντο,

1969 4837 2026 4884 et
2053 4832 2189 4885 alibi
2213 4834 2449 4889 similia.

2038 4941 2173 5007 Pag.
2205 4939 2292 4992 21.
2333 4940 2438 5006 Qui
2464 4943 2642 5010 ﬁliam
2688 4951 2899 5016 nepotis
2929 4952 3051 5018 ejus
3081 4951 3211 5022 (hoc
3242 4959 3332 5008 est
3352 4955 3598 5013 Joannis

1968 5027 2148 5094 patris
2169 5026 2472 5096 Theodori)
2501 5048 2574 5085 ea:
2609 5035 2783 5102 fratre
2811 5038 3170 5095 matrimonio
3195 5041 3305 5096 sibi
3333 5044 3602 5112 junxerat

1965 5111 2198 5167 Michael
2252 5115 2607 5186 Palmologus.
2667 5120 2796 5175 Haec
2871 5125 3207 5181 distinctius
3269 5111 3612 5191 narrantem,

1965 5200 2168 5254 audire
2198 5218 2382 5271 operte
2415 5207 2678 5274 praetium
2711 5214 2801 5263 est
2842 5210 3150 5283 Georgium
3201 5218 3595 5285 Acropolitam

1963 5288 2253 5343 oculatum
2280 5297 2571 5356 gestorum
2599 5299 2826 5350 testem.
2861 5299 3008 5368 Ergo
3053 5301 3110 5354 in
3174 5303 3423 5359 Historia
3481 5326 3600 5363 suae

1962 5391 2009 5428 ο.
2041 5376 2130 5444 31,
2172 5395 2300 5448 pag.
2333 5379 2403 5432 55
2432 5383 2522 5436 ed.
2557 5381 2695 5454 Reg.
2729 5386 2814 5438 sic
2845 5388 3046 5441 scribit
3079 5406 3091 5442 :
3125 5387 3226 5442 Καὶ
3269 5389 3295 5440 ὁ
3347 5390 3601 5463 βασιλεὺς

1960 5462 2189 5534 (nempe
2217 5465 2473 5522 Joannes
2503 5471 2796 5541 Augustus
2829 5475 3112 5530 Theodori
3154 5462 3458 5550 paterjrbv
3494 5487 3597 5534 Ko-

1963 5552 2163 5620 μνηνὸν
2220 5550 2488 5625 ἐνεδὲξατο
2546 5557 2802 5631 Μιχαὴλ,
2860 5562 2948 5614 καὶ
3001 5564 3267 5638 ζεύγνυσιν
3317 5566 3463 5640 αύτῷ
3519 5569 3596 5624 εἷς

1958 5644 2186 5712 γυναῖκα
2255 5645 2352 5695 τοῦ
2426 5640 2662 5720 ἀδελφοῦ
2735 5646 2898 5703 αὐτοῦ
2954 5654 3050 5704 τοῦ
3103 5648 3594 5732 σεϐαστοκράτορος
