4146 6288
546 342 681 398 1091

1583 345 1647 398 Ρ.
1686 343 1963 397 POSSlNI
2000 341 2602 397 OBSERVATIONUM
2643 347 2774 399 LIB.
2818 351 2887 400 ῙῘ.

3785 354 3905 412 1092

547 462 814 520 ’Ῑσαακίου
884 465 980 516 τοῦ
1052 461 1225 515 Audit:
1306 460 1532 535 ἔγγόνην
1608 463 1706 529 τήν
1763 458 2066 532 Θεοδώραν,
2118 462 2172 527 ἦν

2296 468 2403 532 rat,
2434 467 2589 535 quod
2622 467 2782 538 prole
2804 485 3007 524 carens
3028 469 3287 525 mascula
3305 470 3495 526 virum
3518 473 3649 542 ejus
3674 490 3735 528 ac
3756 479 3902 533 sobo-

550 552 717 624 μόνην
774 552 800 604 ὁ
859 552 1036 622 πατὴρ
1097 551 1263 618 αὐτῆς
1320 548 1734 610 καταλελοιπὼς
1794 550 1821 601 ὁ
1878 553 1971 601 τοῦ
2024 542 2182 600 3:31-

544 641 907 713 στοκράτορος
966 640 1079 700 υἱὸς
1140 638 1393 707 Ἰωάννης
1456 634 1532 691 ἔτι
1589 636 1639 690 ἐν
1710 637 1945 711 μείραξιν
1999 633 2069 689 ὢν
2121 636 2182 689 τὸ

545 729 720 803 χρεὼν
751 727 1089 799 ἐξεμὲτρησε.
1134 729 1218 783 Ita
1247 728 1364 782 ille.
1412 729 1487 781 Ex
1530 727 1621 781 his
1676 727 1961 780 habemus
2009 727 2181 779 Joan-

544 840 673 877 nem
704 824 920 877 Ducam
954 823 1073 875 sive
1106 826 1384 875 Balatzem
1410 825 1737 889 Augustum
1766 824 2010 889 purgato
2038 818 2182 872 satis

542 929 575 966 a
605 912 951 965 criminibus
984 911 1252 979 impactis
1285 914 1341 963 et
1388 914 1614 979 recepto
1675 910 1731 962 in
1777 909 2022 979 gratiam
2075 907 2178 959 Mi-

541 999 726 1053 chaeli
752 997 1265 1067 Palaaologo,quem
1289 998 1441 1051 628
1470 996 1786 1066 acropolita
1816 996 2179 1049 Comnenum

539 1093 724 1153 vocat,
758 1088 987 1141 dedisse
1030 1102 1263 1140 uxorem
1308 1086 1505 1139 fratris
1554 1087 1645 1139 sui
1699 1083 2180 1139 sebastocratoris

538 1177 740 1232 Isaacii
814 1180 979 1229 Ducas
1054 1175 1272 1244 neptim
1348 1174 1734 1238 Theodoram,
1790 1172 1959 1241 cujus
2018 1176 2180 1241 pater

538 1265 794 1319 Joannes
852 1263 1055 1316 Isaacii
1113 1261 1267 1315 filius
1327 1263 1381 1313 in
1426 1261 1812 1315 adolescentia
1863 1263 2177 1330 praereptus

540 1353 748 1407 acerba
776 1354 961 1404 morte
996 1350 1224 1403 unicam
1258 1366 1382 1403 eam
1418 1350 1634 1417 prolem
1670 1349 1983 1418 rellquerat
2015 1346 2178 1400 uxori

543 1457 660 1494 suae
691 1438 956 1493 Eudocize
980 1437 1222 1491 Joannis
1251 1436 1452 1507 Angeli
1486 1438 1638 1501 tiliae,
1659 1454 1785 1506 quae
1811 1435 2060 1488 Eudocia
2079 1436 2178 1488 ﬂo-

540 1533 703 1583 rente
735 1526 867 1582 licet
896 1530 1068 1580 aetate
1098 1528 1217 1580 viro
1256 1527 1494 1590 amisso,
1542 1523 1821 1578 laudabili
1880 1522 2177 1593 religionis

537 1615 799 1686 exemplo
824 1615 882 1667 in
917 1614 1194 1668 viduitate
1225 1614 1339 1668 Deo
1372 1614 1626 1666 serviens
1662 1610 2177 1681 permansit;unde

541 1704 696 1758 haud
759 1719 903 1757 vane
958 1702 1232 1771 opinatur
1282 1699 1617 1770 Acropolita
1672 1704 1895 1769 partem
1956 1696 2178 1768 przemii

540 1792 821 1845 divinitus
855 1790 1059 1844 tributi
1102 1789 1300 1843 virtuti
1342 1789 1465 1849 eius
1516 1787 1694 1841 videri
1748 1786 2004 1856 potuisse
2056 1791 2175 1839 tam
2211 1829 2254 1892 Β

537 1880 673 1934 felix
704 1878 1040 1949 conjugium
1075 1877 1201 1932 ﬁlias
1226 1894 1326 1948 per
1356 1876 1413 1929 id
1448 1876 1517 1930 ad
1543 1876 1852 1945 imperium
1888 1891 2019 1928 mox
2046 1890 2174 1927 eve-

542 1968 764 2022 hendze.

608 2075 755 2131 Ibid.
810 2073 999 2144 Μαργιί
1052 2074 1364 2127 conostauli
1418 2072 1711 2141 dignitate.
1759 2071 1997 2125 Videtur
2057 2071 2175 2125 hazc

537 2165 794 2232 dignitas
827 2161 1091 2216 Michaeli
1124 2162 1441 2231 Palaaologo
1475 2160 1683 2215 collata
1713 2160 2015 2213 occasione
2064 2176 2175 2212 nu-

538 2254 792 2325 ptiarum
828 2252 997 2304 modo
1031 2259 1505 2314 memoratarum,
1540 2250 1611 2302 ab
1643 2248 1768 2317 ipso
1802 2264 2000 2301 earum
2036 2263 2175 2300 con-

537 2340 835 2397 cialiatore
865 2339 1089 2392 Joanne
1122 2339 1398 2406 Augusto.
1454 2336 1595 2390 Nam
1626 2336 1964 2389 Theodorus
1997 2335 2174 2403 hujus

536 2443 843 2484 succussor
868 2426 1160 2495 iniquiore
1192 2425 1373 2477 fuisse
1390 2423 1548 2478 visus
1571 2423 1629 2476 in
1660 2423 1998 2477 Michaelem
2022 2440 2172 2477 sem-

536 2533 638 2587 per
667 2520 755 2570 est
782 2515 978 2568 animo
1011 2529 1185 2583 quam
1212 2518 1275 2565 ut
1296 2513 1355 2566 in
1388 2529 1516 2565 eum
1552 2514 1876 2565 ornandum
1907 2516 2023 2564 tam
2050 2527 2174 2581 pro-

535 2604 703 2657 fusus
733 2606 905 2667 esset,
939 2599 1155 2670 alioqui
1189 2599 1418 2662 solitus,
1450 2604 1511 2651 ut
1542 2616 1589 2652 c.
1624 2615 1746 2668 seq.
1794 2598 2174 2668 Pachymeres

535 2691 823 2755 observat,
854 2688 1167 2759 dignitates
1197 2688 1485 2755 ejusmodi
1516 2686 1769 2741 tribuere
1793 2686 1954 2741 novis
1980 2687 2173 2757 potius

535 2779 876 2833 hominibus
908 2792 1083 2847 quam
1117 2775 1478 2846 principibus
1523 2775 1663 2845 regii
1697 2775 2171 2846 sanguinis,quo-

537 2885 667 2922 rum
702 2871 824 2922 erat
851 2866 1231 2936 'deprimendo
1266 2864 1576 2935 supercilio
1608 2864 1890 2918 intentus.

602 2974 685 3043 [P.
718 2973 845 3042 438]
905 2974 1031 3026 Vota
1088 2973 1201 3041 ejus
1252 2974 1471 3041 generis
1528 2974 1705 3025 mente
1763 2972 1911 3023 clam
1973 2970 2172 3021 infima

532 3057 900 3125 substdentz'a,
933 3061 1039 3111 etc.
1076 3059 1179 3111 His
1210 3058 1529 3127 exprimere
1562 3060 1803 3109 conatus
1856 3072 1984 3108 sum
2028 3054 2166 3108 illud

533 3146 965 3201 subobscuram
997 3142 1048 3211 ἐξ
1079 3145 1150 3195 ὧν
1189 3142 1616 3212 ὑποκαθημὲνων
1671 3142 1805 3213 εἶχε,
1856 3142 2167 3203 sententia.

544 3240 818 3302 utspero,
852 3233 921 3285 ab
955 3235 1209 3285 auctoris
1240 3248 1414 3285 sensu
1470 3247 1584 3285 non
1641 3232 2006 3285 abhorrente.
2058 3232 2165 3285 Sed

535 3321 809 3389 deinceps
868 3320 1019 3372 circa
1076 3318 1285 3371 similis
1335 3318 1728 3388 perplexitatis
1778 3317 1919 3385 loca,
1982 3318 2175 3388 qualia

537 3408 754 3479 passim
785 3410 1102 3461 occurrunt
1124 3405 1180 3458 in
1217 3407 1321 3459 hoc
1344 3404 1798 3475 scriptore,nihil
1826 3406 2173 3459 moraborlc-

539 3501 754 3551 ctorem
791 3494 848 3547 in
883 3493 974 3547 his
1009 3494 1198 3560 notis;
1234 3493 1447 3562 quibus
1478 3498 1705 3547 tantum
1731 3493 2171 3560 necessaria,id-

536 3600 649 3655 quo
684 3582 1043 3646 brevissime,
1068 3582 1323 3635 indicare
1356 3580 1707 3651 propositam
1740 3582 2026 3645 est.Quod
2052 3597 2168 3633 rem

533 3670 721 3742 ipsam
756 3670 985 3734 attinet,
1020 3685 1135 3734 qua
1166 3670 1236 3722 de
1269 3669 1362 3723 hic
1393 3672 1604 3739 agitur,
1650 3673 1870 3723 certum
1922 3673 2010 3722 est
2062 3668 2169 3721 Mi-

534 3758 793 3814 chaelem
828 3758 1212 3827 Palmolegum
1241 3759 1364 3826 jam
1397 3774 1430 3810 a
1463 3774 1636 3825 puero
1688 3757 1985 3811 titillatum
2022 3757 2170 3810 ima-

530 3844 1203 3918 ginationibusimperii,
1257 3844 1611 3899 conscientia
1657 3845 1936 3899 natalium
1977 3847 2169 3914 Augu-

531 3940 758 3989 storum
792 3938 849 3989 et
881 3949 1145 4003 prcesaga
1200 3932 1553 3987 indicatione
1592 3932 1971 4002 auguriorum
2022 3931 2170 3985 exci-

522 4023 685 4078 tatis.
718 4023 844 4077 Non
867 4020 1047 4075 semel
1078 4020 1162 4074 illi
1194 4026 1528 4075 narraverat
1587 4037 1751 4074 soror
1774 4019 2009 4090 Eulogia
2050 4018 2168 4072 lac-

535 4116 783 4166 cientem
817 4110 1007 4163 adhuc
1038 4109 1230 4179 ipsum
1267 4125 1381 4162 non
1412 4110 1482 4161 ad
1510 4107 1679 4162 aliam
1714 4108 1936 4162 facilius
1963 4108 2169 4162 obdor-

529 4200 774 4254 miscere
807 4199 1051 4251 namiam
1084 4196 1347 4260 solitum,
1381 4213 1555 4264 quam
1582 4198 1650 4250 ad
1692 4212 1819 4249 eam
1868 4212 1997 4266 quae
2052 4198 2168 4249 Au-

525 4292 766 4358 gustum
808 4286 1099 4354 quondam
1131 4283 1296 4336 illum
1332 4284 1623 4337 invectum
1658 4283 1725 4336 iri
1762 4283 2169 4338 Constantino-

532 4374 709 4445 polim
730 4390 825 4443 per
846 4378 1068 4443 portam
1093 4374 1337 4425 Auream
1365 4371 1848 4425 carneretBet’ert
1872 4372 1923 4424 id
1950 4376 2169 4437 noster,

528 4480 577 4533 p.
618 4464 738 4516 128.
770 4461 977 4515 Vocem
1012 4459 1255 4513 MARPOV
1287 4460 1357 4512 de
1388 4460 1528 4513 οωῗο
1564 4458 1805 4513 missam
1840 4463 2167 4512 contextam

2287 551 2399 605 lem
2433 570 2666 609 cernere
2692 557 3051 627 principatus
3070 558 3466 614 hereditatem
3484 563 3723 616 omnino
3739 565 3899 619 vellet.

2288 639 2399 694 Nec
2424 648 2548 694 erat
2579 646 2677 711 qui
2720 661 2832 698 non
2865 646 3084 700 videret
3116 646 3246 700 talis
3306 648 3548 703 indolis.
3610 655 3772 705 tanta:
3818 670 3903 706 no-

2287 728 2531 783 bilitatis
2563 731 2983 787 adolescentem
3009 733 3108 787 tali
3133 751 3326 788 rerum
3351 741 3510 790 statu
3534 736 3690 791 haud
3717 740 3900 794 absur-

2286 816 2356 868 de
2380 818 2435 869 in
2463 833 2703 888 magnas
2736 837 3041 891 assurgere
3071 838 3201 892 spes
3224 827 3613 893 posse.Quare
3641 827 3897 883 Joannem

2286 903 2579 971 Batatzen,
2640 908 2932 977 praeclaris
2982 909 3199 981 alioqui
3261 912 3571 967 Michaelis
3632 914 3888 971 faventem

2286 992 2523 1047 dotibus
2553 996 2704 1050 629
2734 998 3091 1052 abstinuisse
3123 1000 3193 1053 ab
3225 1016 3290 1054 eo
3322 1001 3647 1071 evehendo,
3679 1010 3821 1057 metu
3842 1023 3897 1061 ne

2285 1078 2335 1132 is
2360 1084 2728 1138 successibus
2761 1084 3137 1140 insolesceret
3168 1104 3354 1157 usque
3385 1089 3459 1143 ad
3495 1090 3778 1145 ambitum
3810 1110 3895 1146 su-

2286 1185 2492 1238 premis
2526 1174 2847 1241 potestatis,
2898 1179 3095 1227 narrat
3151 1176 3487 1244 AcrOpolita
3546 1194 3598 1231 c.
3658 1179 3787 1233 Hist.
3821 1182 3893 1232 50.

2286 1258 2623 1327 significans
2668 1260 2889 1315 Irenem
2964 1263 3252 1317 Theodori
3312 1264 3587 1319 Junioris
3663 1267 3894 1323 Lascaris

2285 1347 2733 1417 primogenitam
2768 1350 3030 1403 Michaeli
3064 1352 3245 1405 fuisse
3291 1353 3655 1408 destinatam
3701 1356 3766 1409 ab
3811 1373 3894 1410 avo

2283 1434 2611 1504 conjugem,
2636 1438 2735 1491 sed
2769 1438 2819 1490 ei
2851 1439 3099 1502 timenti,
3136 1440 3291 1508 quod
3324 1440 3468 1504 dixi,
3505 1443 3691 1496 tutius
3717 1444 3893 1498 deinde

2284 1522 2472 1576 visum
2506 1540 2618 1578 non
2669 1525 2976 1579 admovere
3035 1528 3143 1580 sibi
3200 1533 3321 1582 tam
3382 1530 3598 1585 intime
3644 1538 3891 1601 suspectis

2284 1610 2618 1666 ambitionis
2646 1612 2851 1667 virum.
2886 1614 3145 1684 Denique
3175 1615 3289 1670 ista
3320 1619 3589 1688 suspicio
3622 1619 3745 1672 fons
3786 1635 3891 1673 om-

2286 1697 2444 1751 nium
2479 1715 2626 1767 quas
2659 1705 2748 1753 est
2774 1702 3093 1772 imperante
3124 1703 3426 1758 Theodoro
3461 1705 3745 1775 plurimas
3787 1724 3891 1777 pas-

2289 1802 2413 1851 sus,
2448 1787 2813 1841 miseriarum
2845 1789 3168 1859 Paloaologo
3200 1792 3467 1847 Michaeli
3504 1794 3633 1859 fuit,
3660 1794 3759 1848 hoc
3784 1794 3891 1848 ideo

2282 1870 2427 1939 loco,
2455 1876 2608 1929 unde
2637 1876 2763 1945 ejus
2797 1877 3003 1947 incipit
3033 1878 3298 1945 historia,
3353 1882 3565 1935 merito
3613 1900 3645 1937 a
3701 1882 3890 1953 Pachy-

2283 1978 2439 2016 mere
2468 1962 2782 2029 indicatus,
2815 1981 2946 2019 cum
2979 1982 3047 2019 ex
3077 1983 3143 2021 eo
3192 1967 3613 2040 plerarumque
3657 1986 3775 2025 mox
3817 1986 3889 2024 re-

2282 2051 2648 2105 ferendarum
2685 2068 2876 2107 rerum
2905 2061 3311 2123 argumentum
3348 2057 3718 2124 processerit.

2352 2161 2487 2225 Pag.
2520 2158 2607 2210 22.
2641 2159 2953 2227 Singularis
2981 2162 3304 2215 certaminis
3350 2165 3739 2230 experimento.
3770 2162 3889 2217 Hinc

2282 2244 2569 2300 habemus
2601 2247 2749 2317 apud
2784 2247 3011 2302 Graecos
3061 2266 3292 2320 quoque
3354 2251 3735 2322 imperatores
3780 2252 3887 2305 iuva

2280 2333 2460 2388 luisse
2494 2351 2664 2388 usum
2700 2337 2984 2406 purgandi
3014 2337 3221 2391 dubias
3263 2338 3590 2394 delationes
3637 2340 3886 2410 permisso

2282 2428 2380 2475 aut
2405 2423 2579 2476 etiam
2611 2424 2950 2493 praescripto
2983 2425 3131 2478 inter
3152 2431 3555 2481 accusatorem
3588 2433 3644 2482 et
3670 2428 3882 2481 delatum

2280 2512 2596 2564 certamine
2623 2514 2843 2577 §coram
2905 2512 3162 2566 arbitris.
3233 2515 3556 2569 Verisimile
3600 2520 3687 2571 est
3718 2514 3884 2568 'istum

2282 2615 2501 2653 morem
2528 2599 2585 2652 in
2614 2598 2904 2653 Orientem
2933 2599 3222 2654 invectum
3248 2620 3281 2655 a
3311 2604 3574 2670 Francis,
3625 2603 3717 2673 qui
3750 2618 3882 2655 occa-

2280 2686 2441 2740 sione
2486 2703 2783 2741 sacrarum
2834 2688 3275 2758 Expeditionum
3330 2707 3397 2745 eo
3458 2692 3695 2761 profecti
3742 2690 3882 2759 longo

2281 2772 2399 2826 illic
2431 2778 2686 2843 tempore
2710 2774 3107 2844 perstiterunt.
3142 2778 3203 2828 ln
3247 2777 3569 2848 antiquiori
3614 2776 3759 2831 enim
3790 2792 3882 2829 mc-

2281 2861 2467 2914 moria
2492 2864 2818 2915 Grazcorum
2846 2866 2944 2915 aut
2965 2866 3358 2918 Romanorum
3378 2865 3535 2920 haud
3564 2864 3719 2919 facile
3746 2862 3879 2935 quid-

2281 2964 2454 3018 quam
2489 2948 2601 3003 tals
2636 2950 2938 3019 repereris.
2974 2954 3129 3005 Inter
3160 2955 3412 3007 Francos
3447 2960 3638 3008 autem
3681 2950 3879 3007 usitatis

2279 3037 2493 3090 simum
2527 3037 2583 3090 id
2617 3036 2755 3090 olim
2788 3037 2912 3105 fuit,
2938 3042 3002 3091 ut
3030 3038 3225 3107 passin
3254 3045 3495 3109 apparet
3525 3058 3591 3095 ex
3623 3038 3877 3094 veteribus

2281 3124 2542 3178 historiis
2575 3141 2665 3179 res
2689 3141 2888 3179 eorum
2922 3126 3327 3181 tractantibus.
3371 3128 3476 3182 Hic
3500 3130 3661 3197 ritus,
3691 3129 3754 3181 de
3784 3141 3875 3195 quo

2200 3181 2241 3244 Ο
2283 3214 2407 3266 fuse
2492 3212 2722 3266 disserit
2810 3219 3007 3267 noster
3086 3214 3300 3284 Detrio,
3373 3181 3661 3289 Disquisit:
3714 3181 3870 3283 Maglic.

2280 3304 2417 3354 tom.
2445 3301 2513 3366 Il,
2549 3300 2752 3354 merito
2787 3301 2993 3355 deinde
3024 3302 3338 3371 abrogatus
3370 3310 3461 3357 est
3497 3304 3812 3372 utinjustus
3831 3303 3873 3351 et

2278 3388 2575 3451 immanis,
2605 3388 2867 3442 conﬁxus
2885 3389 3011 3442 ideo
3036 3390 3400 3458 gravissimis
3423 3392 3673 3446 decretis
3696 3387 3815 3444 Julii
3838 3385 3873 3439 ll

2278 3476 2493 3530 summi
2527 3476 2837 3545 pontificis,
2871 3477 3038 3544 cujus
3073 3476 3237 3531 Bulla
3276 3484 3433 3533 extat
3470 3497 3536 3535 ea
3566 3481 3632 3533 de
3670 3495 3723 3531 re
3749 3475 3872 3530 edita

2279 3580 2478 3617 mense
2508 3563 2684 3633 Aprili
2719 3580 2854 3617 ann.
2891 3565 3044 3629 1508,
3105 3565 3333 3619 consilii
3383 3566 3703 3622 Tridentini
3749 3579 3867 3617 sess.

2274 3652 2344 3705 25
2375 3654 2444 3706 De
2488 3654 2733 3719 reform.,
2780 3668 2827 3705 c.
2884 3653 2969 3719 19,
3020 3653 3281 3723 Gregorii
3327 3656 3461 3710 XIII
3506 3652 3867 3710 constitutione

2278 3755 2402 3809 quae
2428 3738 2635 3809 incipit
2668 3756 2681 3795 :
2716 3739 2795 3792 Ad
2829 3740 3144 3805 tollendum,
3181 3746 3313 3807 ctc.,
3365 3744 3528 3797 edita
3580 3744 3611 3795 9
3638 3742 3751 3795 Dec.
3789 3753 3863 3790 an.

2278 3827 2433 3881 1582.
2468 3828 2691 3890 Quibus
2741 3827 2962 3881 dudum
3012 3833 3182 3882 antea
3212 3829 3521 3899 praeiverat
3564 3825 3861 3885 Nicolausl.

2276 3915 2445 3983 cujus
2475 3916 2545 3968 de
2577 3913 2686 3968 hoc
2708 3919 2904 3968 statua
2930 3915 3148 3969 inserta
3171 3918 3396 3987 corpori
3439 3920 3593 3988 juris
3637 3916 3863 3986 leguntur

2273 4002 2327 4067 2,
2362 4019 2419 4072 q.
2454 4004 2482 4054 4
2513 4008 2569 4055 et
2602 4002 2686 4067 l5,
2722 4020 2775 4072 (ι.
2811 4005 2864 4069 6,
2889 4020 2937 4057 c.
2970 4004 3023 4058 2.

2346 4099 2489 4153 Ibid.
2530 4098 2769 4169 Cumque
2795 4100 2895 4153 diu
2914 4100 3102 4154 nullus
3131 4110 3265 4157 esset
3294 4104 3393 4175 qui
3416 4120 3527 4173 pro
3573 4112 3673 4158 tam
3711 4109 3855 4166 suspe-

2273 4189 2376 4252 cto,
2411 4191 2521 4240 etc.
2554 4191 2683 4239 Hzec
2714 4186 2950 4241 brevius
2982 4189 3324 4260 perstringit
3363 4197 3583 4256 noster,
3634 4186 3759 4259 quod
3798 4180 3850 4234 ad

2277 4273 2869 4343 imperium‘Joannis
2896 4274 3271 4343 pertinerent,
3317 4294 3446 4331 cum
3505 4280 3623 4349 ipse
3673 4274 3719 4328 in
3768 4270 3851 4322 ﬁne

2276 4360 2653 4429 praecedentis
2684 4359 2891 4430 rapitis
2921 4366 2977 4413 et
3007 4361 3182 4430 hujus
3214 4362 3377 4417 initio
3408 4357 3782 4437 significaverit
3803 4367 3847 4405 se

2276 4448 2347 4501 ab
2380 4447 2618 4516 imperio
2650 4448 2936 4502 Theodori
2967 4465 3091 4504 suce
3123 4449 3378 4505 historia:
3412 4450 3739 4523 principium
3764 4444 3843 4495 du-

525 4530 553 4604 e
588 4568 686 4604 sex
722 4549 932 4602 litteris
964 4564 1090 4618 quas
1124 4547 1473 4601 Michaelum
1502 4550 1819 4617 Augustum
1866 4548 2151 4601 Romano-
2189 4530 2229 4592 Ῐ)
2262 4551 2408 4589 cere.
2445 4535 2636 4605 Longe
2667 4540 2857 4589 autem
2892 4537 3079 4590 fusius
3114 4537 3576 4609 distinctiusque
3606 4540 3751 4592 istam
3777 4534 3837 4618 ifi-

526 4655 653 4691 rum
690 4637 853 4692 ocius
884 4636 1207 4691 vocandum
1242 4635 1663 4706 significarent,
1718 4651 1749 4688 a
1794 4634 2162 4688 Thessaloni-

522 4726 678 4781 censi
712 4725 976 4779 antistite
1008 4723 1177 4777 laetus
1207 4725 1490 4790 audierat,
1531 4732 1590 4777 ut
1640 4728 1910 4777 narratur
1956 4723 2063 4776 hoc
2104 4739 2159 4791 p.

520 4816 610 4867 28.
656 4813 915 4881 Denique
964 4810 1202 4877 tacitus,
1262 4812 1363 4865 sed
1424 4811 1727 4881 gratulans
1784 4810 2162 4882 gaudensque

522 4902 728 4956 intime
756 4914 926 4953 omen
962 4902 1300 4967 captaverat
1329 4914 1398 4953 ex
1418 4903 1588 4952 cantu
1616 4900 1852 4953 fortuito
1909 4898 2162 4953 Chadeni

528 4991 858 5061 proximum
890 4986 940 5040 ei
998 4984 1401 5040 vaticiniorum
1451 5001 1695 5057 regnum
1751 4987 2160 5057 spondentium

521 5082 791 5133 eventum
849 5078 1191 5145 augurente,
1254 5078 1427 5144 prout
1500 5074 1739 5141 ibidem,
1808 5091 1863 5144 p.
1932 5076 2023 5138 30,
2084 5076 2161 5128 le-

517 5167 696 5237 gitur.
730 5162 937 5218 Juveni
973 5162 1224 5231 denique
1246 5162 1471 5231 solerti,
1506 5162 1657 5226 forti,
1704 5177 1983 5232 generoso
2016 5162 2164 5217 altos

518 5254 756 5308 afﬂabat
787 5251 1029 5322 spiritus
1070 5254 1262 5304 lrenes
1293 5249 1430 5304 aviae
1456 5254 1732 5303 maternae
1764 5248 2163 5320 primogenita)

521 5342 701 5397 Alexii
737 5338 1111 5411 imperatoris
1144 5338 1239 5407 jus
1282 5340 1353 5392 ad
1406 5336 1718 5406 imperium
1780 5342 2017 5405 paterna
2066 5337 2162 5390 de-

518 5432 847 5503 signatione
878 5429 935 5482 in
964 5428 1153 5482 virum
1183 5428 1232 5495 ej
1248 5444 1315 5481 us
1334 5425 1669 5497 prolemque
1701 5426 2160 5495 propagandum.

515 5522 659 5575 Nam
694 5519 852 5586 huic,
882 5522 944 5570 ut
975 5516 1148 5570 refert
1180 5516 1486 5586 Gregoras,
1520 5513 1556 5565 l.
1593 5530 1677 5577 IlI,
1714 5530 1766 5582 p.
1816 5514 1904 5572 32.
1966 5515 2161 5585 Augu-

519 5614 644 5671 atus
675 5605 903 5677 genitor
932 5604 1238 5660 rubrarum
1273 5603 1638 5675 crepidarum
1689 5618 1859 5657 usum
1893 5602 2160 5659 deereve-

2274 4628 2391 4676 tam
2436 4621 2729 4676 Michaelis
2762 4623 3189 4678 accusationem
3223 4642 3287 4678 ac
3320 4627 3641 4696 periculum
3669 4613 3829 4689 exponit

2273 4727 2341 4765 ex
2362 4711 2592 4765 oculata
2618 4711 2825 4765 notitia
2856 4712 3138 4781 Georgius
3182 4714 3513 4784 Acropolita
3557 4717 3681 4771 Hist.
3714 4723 3746 4759 ο·
3773 4698 3820 4751 50

2272 4803 2329 4853 et
2357 4800 2445 4852 51.
2471 4802 2649 4861 Quem
2683 4800 2942 4853 consule.

2344 4895 2426 4968 [P.
2455 4896 2578 4964 439]
2615 4895 2745 4966 Pag.
2779 4896 2868 4948 24.
2903 4898 3431 4953 Prothieracarium.
3494 4900 3678 4955 Fuisse
3722 4890 3835 4943 hunc

2275 4984 2463 5038 locum
2500 4982 2800 5054 praecipuas
2819 4985 3532 5058 dignitatis,praaterquam
3554 4986 3674 5040 hinc
3701 4973 3835 5048 patet,

2275 5089 2408 5127 cum
2441 5074 2757 5143 imperator
2795 5072 3093 5129 hominem
3128 5074 3395 5145 impense
3432 5075 3540 5130 sibi
3570 5074 3771 5128 charum
3794 5059 3837 5111 in

2273 5177 2403 5215 eum
2430 5160 2801 5230 promoverit,
2845 5161 3020 5215 etiam
3053 5161 3302 5233 intelligi
3334 5168 3521 5234 potest
3547 5177 3608 5216 ex
3648 5160 3838 5210 numero

2274 5248 2497 5319 ingenti
2521 5248 2924 5303 ministrorum
2944 5249 2994 5303 ei
3013 5250 3599 5321 subjectorum,cujus
3616 5236 3845 5321 indicium

2274 5339 2557 5392 habemus
2589 5353 2655 5391 ex
2686 5354 2749 5391 eo
2784 5338 2934 5408 quod
2961 5338 3135 5393 refert
3166 5320 3517 5410 Acropolita,
3538 5338 3659 5391 Hist.
3700 5345 3740 5381 ο.
3776 5320 3845 5410 ὧν

2274 5425 2365 5481 his
2432 5443 2531 5479 ver
2586 5442 2598 5479 :
2659 5424 2858 5477 Αὐτίκα
2921 5425 3021 5498 γὰρ
3086 5423 3215 5485 τοὺς
3276 5425 3705 5498 ἐξυπηριτοῦντας
3751 5408 3847 5498 ξοῖς

2275 5512 2584 5587 βασιλεῦσιν
2641 5511 2692 5566 ἐν
2746 5492 2945 5587 θήραις⁷
2986 5492 3104 5573 imi;
3154 5518 3260 5567 τῶν
3308 5492 3485 5585 δηρῶν
3532 5508 3701 5583 ἄγραις
3744 5492 3844 5551 ἐλά·

2274 5624 2389 5677 φων
2435 5624 2494 5657 τι
2539 5602 2628 5657 καὶ
2676 5602 2904 5676 χοίρων,
2946 5602 3033 5655 καὶ
3077 5600 3201 5663 τοὺς
3241 5599 3285 5656 δ’
3319 5603 3537 5676 ἱεράκων
3567 5588 3843 5668 Θηρεύοντας
