4146 6288
302 361 450 417 1093

1883 361 2111 416 NOTAE.

3553 368 3693 425 1094

297 483 509 549 πάντας
604 480 932 552 ἁπαξαπλῶς
1023 489 1327 558 στρατικοῖς
1422 482 1712 557 συντέταχε
1807 481 1943 556 τάγ-
1972 488 2027 554 Α
2056 483 2245 555 vocat)
2274 486 2351 553 τῷ
2380 483 2611 553 πρώτως
2655 481 2942 557 ἐρχομένῳ
2992 485 3309 557 ξυναντήσας
3366 488 3559 563 βάλλει
3612 491 3694 565 τῷ

306 594 463 645 μασι,
497 571 584 626 καὶ
615 572 679 639 ἦν
708 572 769 625 τὸ
817 574 1151 645 συνηγμένον
1204 572 1414 641 πλῆθος
1464 571 1631 627 πολύ.
1676 574 1798 626 Haec
1827 572 1956 642 ille,

304 678 378 716 ex
409 661 621 731 quibus
655 661 909 731 prudens
941 660 1127 730 quivis
1152 666 1337 732 potest
1369 676 1715 731 cognoscere
1750 660 1950 729 ingen-

303 754 429 804 tem
465 749 645 803 fuisse
676 748 1106 803 multitudinem
1133 749 1505 803 servientium
1532 748 1867 819 imperatori
1891 748 1950 801 in

304 835 725 891 venationibus
792 852 1094 891 cervorum
1153 853 1569 908 aprorumque,
1629 834 1947 907 praesertim

306 928 511 979 autem
545 923 600 976 in
635 923 883 994 aucupio
915 941 1014 994 per
1055 925 1384 994 accipitres,
1418 925 1652 994 quando
1684 940 1752 977 ex
1779 922 1851 976 iis
1880 922 1951 975 ad

310 1012 590 1066 militiam
641 1010 940 1065 translatis
992 1028 1240 1083 magnus
1312 1012 1597 1066 exercitus
1658 1013 1952 1065 momento

307 1101 601 1156 conﬂatus
631 1100 872 1154 exstitit.

383 1199 539 1253 630
569 1200 703 1268 Cap.
740 1198 793 1254 9.
857 1197 936 1252 De
985 1198 1123 1268 fuga
1173 1196 1469 1253 Michaelis
1530 1195 1833 1266 Palaeologi
1892 1195 1950 1248 in

306 1286 610 1342 Persidem
644 1287 751 1341 hoc
781 1286 969 1356 capite
1001 1290 1231 1341 narrata
1263 1285 1431 1355 plura
1464 1286 1638 1339 refert
1669 1284 1950 1353 Georgius

307 1374 649 1444 AcrOpolita
716 1378 859 1427 tunc
918 1375 1071 1444 apud
1120 1373 1530 1445 imperatorem
1587 1372 1947 1426 Theodorum

306 1478 516 1531 agens,
551 1462 783 1533 quando
821 1463 871 1516 is
920 1468 1008 1515 est
1065 1463 1133 1516 ad
1184 1462 1375 1531 ipsum
1422 1461 1666 1515 nuntius
1714 1459 1947 1515 allatus.

305 1548 514 1618 Operae
546 1551 796 1619 pretium
837 1549 1037 1603 lectori
1081 1550 1257 1603 tuerit
1314 1550 1506 1603 videre
1553 1552 1610 1602 et
1664 1564 1797 1601 cum
1856 1546 1949 1602 his

299 1636 496 1690 nostri
528 1637 788 1691 conferre
810 1653 937 1708 quae
973 1635 1070 1691 ille
1102 1641 1298 1691 narrat
1331 1653 1379 1691 c.
1414 1637 1549 1690 Hist.
1585 1652 1702 1690 suae
1723 1636 1813 1701 64,
1848 1634 1948 1689 ubi

298 1725 492 1779 etiam
524 1724 711 1779 obiter
743 1726 1047 1780 observare
1097 1724 1326 1796 poterit,
1360 1741 1485 1795 qua:
1544 1724 1601 1777 in
1658 1723 1947 1778 Clossario

293 1813 485 1866 verbo
507 1810 798 1866 Μεσοθινία
830 1812 1161 1867 notavimus
1193 1813 1261 1867 de
1294 1812 1518 1881 legione
1567 1817 1669 1865 aut
1715 1811 1948 1866 cohorte

2061 567 2244 643 δόρατι
2271 568 2360 623 καὶ
2393 568 2566 645 ῥίπτει
2598 578 2695 639 τῆς
2733 569 3061 649 έφεστρίδος.
3120 578 3227 631 Sed
3280 577 3401 635 leve
3459 581 3515 635 id
3570 582 3693 637 dis-

2058 659 2276 713 crimen
2301 659 2560 714 vocabuli
2593 661 2771 715 videri
2804 666 3010 732 potest,
3070 669 3256 734 praeut
3311 666 3369 720 in
3454 684 3513 723 re
3563 669 3690 739 ipsa

2059 747 2330 801 dissentit
2361 749 2432 802 ab
2466 749 2796 818 AcrOpolita
2831 752 3228 823 Pachymeres,
3262 755 3554 826 siquidem
3592 758 3687 812 hic

2056 852 2171 889 non
2204 835 2572 892 Theodorum
2605 855 2639 892 a
2675 838 2991 911 Paleologo
3022 841 3344 913 impulsum
3408 844 3573 900 hasta
3630 851 3690 900 et

2056 922 2179 977 loco
2213 929 2459 993 motum,
2488 926 2587 980 sed
2623 927 2745 981 vice
2776 944 2940 982 versa
2971 929 3356 1000 Palaaologum
3418 949 3452 987 a
3503 933 3691 989 Theo-

2058 1011 2218 1079 doro,
2249 1016 2312 1065 ut
2345 1018 2499 1082 patet
2550 1030 2617 1068 ex
2643 1014 2736 1069 his
2767 1016 2955 1071 verbis
3000 1033 3012 1071 :
3063 1018 3191 1072 Ὅτε
3246 1018 3335 1071 καὶ
3369 1020 3395 1072 ὁ
3452 1023 3548 1073 τοῦ
3607 1018 3693 1075 δε-

2058 1098 2259 1150 σπότου
2318 1098 2551 1173 Μιχαὴλ
2594 1098 2652 1153 ἐκ
2704 1101 2912 1163 νοθείας
2973 1104 3187 1165 σκότιος
3244 1111 3369 1167 παῖς
3427 1108 3695 1178 Μονουὴλ

2058 1187 2203 1240 631
2240 1186 2425 1260 τυχὼν
2476 1186 2645 1241 ἐκεῖσε
2676 1187 2765 1241 σὺν
2814 1190 2980 1261 ἱκανῷ
3028 1192 3411 1266 στρατεύματι,
3455 1198 3534 1268 [Ρ.
3569 1199 3693 1268 440]

2057 1272 2145 1324 καὶ
2184 1271 2524 1343 συμπλακεὶς
2575 1280 2652 1345 τῷ
2699 1275 2953 1348 πολέμῳ,
3010 1279 3078 1331 τὰ
3125 1284 3313 1353 πρῶτα
3376 1283 3468 1354 μὲν
3528 1284 3697 1355 ὁμόσε

2058 1361 2321 1431 χωρήσας
2388 1367 2469 1434 τῷ
2539 1362 2767 1436 ἡγεμόνι
2829 1369 2909 1437 τῷ
2962 1372 3141 1437 κοντῷ
3198 1375 3425 1431 συνωθεῖ
3471 1370 3560 1424 καὶ
3614 1370 3698 1447 ῥί-

2056 1467 2202 1515 πτει,
2234 1454 2342 1503 etc.
2374 1451 2545 1505 Addit
2575 1469 2608 1505 a
2638 1455 2904 1508 restituto
2936 1456 2995 1508 in
3041 1456 3265 1526 sellam,
3297 1460 3449 1515 unde
3507 1463 3698 1517 luerat

2058 1536 2345 1607 dejectus,
2401 1540 2716 1611 Palaeologo
2776 1543 3020 1597 nothum
3083 1544 3387 1601 Michaelis
3444 1548 3695 1619 despotm

2055 1622 2244 1679 lilium
2280 1625 2479 1681 lethali
2530 1645 2871 1698 percussum
2931 1631 3050 1685 ictu
3110 1635 3440 1704 nequivisse
3497 1653 3696 1707 parem

2056 1720 2332 1775 reponere
2357 1727 2369 1775 ;
2405 1725 2529 1779 quas
2562 1710 2899 1781 signiﬁcant
2923 1729 3098 1767 manu
3132 1719 3189 1769 et
3218 1715 3368 1771 ferro
3390 1716 3699 1789 Palaeologi

2058 1791 2338 1847 cecidisse
2366 1794 2729 1851 Theodorum
2789 1798 2905 1853 sive
2964 1799 3288 1855 Manuelem
3348 1802 3530 1857 istum
3592 1821 3693 1859 no-

305 1854 484 1866 ,ωυυ
508 1854 798 1866 suum...
831 1854 1161 1867 ..υηηηηυ
1193 1854 1261 1867 μυ
1294 1854 1518 1881 "gmw
1567 1854 1668 1865 μευ
1718 1854 1936 1866 νην...

288 1901 413 1955 isto
453 1902 683 1955 nomine
708 1901 1145 1971 appellata,non
1170 1899 1358 1954 solum
1385 1900 1717 1970 Acropolitaa
1742 1900 1929 1969 ipsius

2063 1879 2249 1971 thum.
2287 1880 2347 1935 Id
2380 1898 2514 1937 vero
2560 1886 2899 1956 pernegabit
2930 1888 3031 1956 qui
3065 1854 3290 1943 mecum
3325 1854 3698 1949 existi—mave-

292 1990 397 2044 sed
442 1993 497 2043 et
519 1990 843 2044 doctissimi
876 1991 1003 2059 ejus
1030 1989 1368 2059 interpretis
1417 1989 1762 2042 auctoritate
1814 2004 1952 2041 eon-

286 2079 560 2131 ﬁrmata.
593 2077 740 2131 Nam
772 2076 874 2131 illa
906 2077 1179 2131 Historici
1213 2076 1411 2130 Graeca
1451 2075 1649 2140 verba,
1681 2073 1819 2148 πρὸς
1848 2077 1954 2125 τῶν

293 2162 794 2238 στραταρχούντων
825 2162 876 2215 ἐν
913 2163 1136 2233 Βιθυνίᾳ
1163 2161 1252 2215 καὶ
1308 2159 1637 2231 Μεσοθυνίᾳ,
1670 2163 1753 2217 sic
1814 2162 1952 2215 red-

307 2255 396 2309 dit
432 2253 875 2307 illustrissimus
907 2252 1188 2308 Allatius:
1213 2254 1252 2308 Α
1293 2252 1594 2308 cohortium
1625 2253 1953 2324 Bithynica-

305 2360 434 2396 rum
469 2346 521 2396 et
551 2343 898 2412 Mesothym'az
919 2342 1215 2413 przefectis.

375 2440 515 2509 Pag.
548 2439 635 2490 25.
672 2438 807 2491 Cum
841 2437 1087 2492 hostibus
1117 2437 1352 2491 sullam‘s
1385 2453 1705 2509 congressus
1760 2438 1948 2505 fortis-

299 2528 444 2581 sime
487 2542 543 2579 se
585 2524 750 2592 gerit.
811 2525 1001 2595 Longe
1074 2525 1194 2579 haec
1255 2525 1442 2579 fusius
1490 2541 1555 2578 ac
1614 2524 1949 2594 diligentius

300 2613 641 2683 Acropolita
688 2618 978 2683 pertracat
1033 2618 1152 2667 toto
1194 2629 1244 2666 ο.
1302 2613 1391 2681 65,
1450 2628 1568 2682 qua
1624 2612 1946 2682 occasione,

305 2719 460 2772 quos
492 2702 730 2765 ducens,
764 2705 983 2769 quanta
1004 2699 1313 2770 prudentia
1344 2717 1409 2754 ac
1441 2699 1798 2754 fortitudine.
1832 2716 1947 2770 quo

309 2790 568 2859 denique
627 2804 904 2842 successu
954 2788 1232 2841 adversus
1290 2787 1605 2842 Tacharios
1638 2787 1744 2857 (sic
1789 2788 1942 2842 enim

310 2876 570 2947 appellat
625 2875 954 2947 Acropolita
1024 2892 1168 2945 quos
1224 2880 1418 2929 noster
1473 2876 1785 2947 Tocharos)
1841 2893 1945 2947 pro

303 2966 542 3019 sultane
573 2981 693 3019 rem
734 2964 979 3036 gesserit
1031 2964 1274 3019 Michael
1330 2963 1709 3035 Palzeologus,
1769 2980 1940 3036 expo-

298 3069 471 3107 nens.

374 3151 509 3221 Pag.
543 3151 631 3204 26.
665 3153 952 3205 Reversum
980 3150 1207 3219 benigne
1246 3150 1468 3219 excipit.
1517 3150 1789 3204 Reditum
1836 3149 1937 3204 Mi-

296 3239 521 3293 chaelis
551 3238 828 3294 Comneni
879 3240 948 3291 ad
984 3238 1391 3309 imperatorem
1418 3238 1781 3292 Theodorum
1806 3238 1939 3292 bre-

292 3328 443 3381 viter
474 3328 747 3381 memorit
811 3325 1140 3395 Acropolita
1188 3342 1238 3380 c.
1271 3326 1362 3390 69,
1412 3325 1496 3380 uti
1546 3330 1603 3380 et
1658 3330 1939 3395 Gregoras

292 3416 332 3470 l.
370 3433 459 3477 111,
494 3419 699 3469 neuter
728 3414 1195 3483 interposilorum
1228 3414 1287 3467 in
1310 3430 1438 3467 eam
1464 3430 1581 3467 rem
1615 3413 1939 3468 Idoniensis

293 3502 557 3572 episcopi
608 3502 932 3555 ofﬁciorum
993 3501 1349 3556 mentionem
1392 3501 1631 3568 faciens,
1692 3502 1935 3556 fortasse

292 3590 450 3659 quod
484 3588 608 3653 illa,
633 3594 697 3643 ut
728 3590 839 3643 alia
890 3589 1077 3643 multa
1134 3606 1328 3643 rerum
1383 3590 1700 3658 Michaelis,
1734 3595 1934 3645 nostro

296 3677 515 3731 melius
548 3682 1002 3748 perspectarum,
1032 3677 1444 3747 ignoraverint.

320 3768 333 3774 ’
368 3774 520 3828 Ibid.
597 3773 872 3827 Michaelis
948 3773 1187 3844 despotw
1268 3773 1464 3829 nothus
1550 3780 1601 3830 et
1677 3776 1933 3831 obscurus

293 3867 469 3935 ﬁlius.
522 3865 652 3918 Haec
709 3863 1003 3933 copiosius
1079 3863 1533 3934 distinctiusque
1605 3864 1936 3919 referuntur

292 3972 326 4008 a
386 3955 633 4023 Georgio
683 3951 1012 4021 AcrOpolita
1061 3967 1128 4005 ex
1182 3949 1411 4006 oculata
1477 3968 1621 4022 pene
1679 3952 1929 4021 notitia;

288 4056 427 4096 nam
480 4039 530 4095 is
580 4041 757 4109 hujus
825 4039 883 4093 in
952 4039 1322 4093 Occidentem
1384 4039 1769 4109 expeditionis
1825 4040 1939 4095 Mi-_

288 4127 477 4184 chaeli
515 4126 833 4197 Palaeologo
861 4142 1053 4180 comes
1113 4126 1243 4191 fuit,
1279 4127 1386 4181 etsi
1427 4143 1540 4180 nou
1574 4128 1775 4182 eodem
1807 4126 1932 4182 loco

289 4217 592 4290 pugnavit,
626 4217 685 4270 in
732 4217 845 4269 alia
895 4216 1210 4269 divisurum
1261 4216 1556 4285 copiarum
1598 4222 1760 4286 parte
1808 4233 1929 4272 rem

288 4323 521 4379 gerens.
555 4305 701 4368 Quia
728 4321 860 4358 vero
892 4304 985 4358 ille
1017 4305 1276 4374 quaedem
1327 4305 1492 4359 aliter
1522 4321 1587 4359 ac
1620 4305 1929 4376 Pachyme-

288 4414 383 4451 res
417 4398 635 4460 narrat,
668 4393 937 4463 equidem
973 4392 1313 4463 ACI‘OpOllltB
1345 4393 1535 4463 potius
1567 4392 1660 4447 hic
1693 4393 1928 4464 quidem

289 4484 653 4539 credendum
687 4485 848 4551 puto,
873 4480 1089 4551 quippe
1117 4480 1216 4550 qui
1250 4481 1398 4550 ejus,
1428 4481 1512 4535 uti
1537 4480 1677 4550 dixi,
1711 4482 1926 4552 negotii

2069 1966 2143 2021 rit
2171 1969 2510 2038 Acropolitaa
2556 1972 2742 2040 potius
2787 1975 3162 2043 credendum,
3198 1981 3428 2032 tantum
3464 1996 3576 2035 non
3610 1981 3701 2035 his

2066 2058 2356 2123 praesenti,
2389 2060 2603 2129 quippe
2634 2060 2811 2131 hujus
2844 2063 2999 2118 socio
3035 2064 3276 2120 militiae.
3308 2066 3359 2121 ls
3416 2068 3571 2121 enim
3605 2069 3694 2123 di-

2065 2148 2217 2197 serte
2249 2145 2502 2200 affirmat
2531 2164 2841 2205 excussum
2877 2150 3017 2205 sella
3047 2152 3413 2209 Theodorum
3449 2172 3696 2228 moxque

2064 2245 2093 2283 e
2123 2229 2287 2301 lapsu
2323 2233 2686 2290 sublevatum
2732 2239 3052 2294 accurrisse
3097 2242 3167 2295 ad
3225 2241 3585 2298 Comnenum
3644 2250 3697 2300 et

2066 2318 2406 2390 suppliciter
2429 2324 2794 2394 deprecatum
2829 2343 3049 2381 necem.
3103 2333 3464 2385 Comnenum
3498 2338 3692 2388 autem

2062 2406 2425 2477 ignorantem
2456 2414 2588 2482 quis
2623 2414 2712 2468 hic
2744 2421 2917 2484 esset,
2950 2418 3471 2490 tradidisseipsum
3504 2421 3689 2477 Turco

2063 2496 2337 2566 cuipiam,
2370 2500 2468 2568 qui
2501 2518 2632 2555 eum
2677 2504 2961 2558 interfecit
3012 2508 3159 2558 :roa
3215 2506 3510 2578 πτώματος
3566 2513 3695 2582 γοῦν

2062 2582 2286 2645 ἀναστὰς
2332 2585 2486 2647 οὗτος
2519 2589 2875 2655 (Theodorus
2935 2593 3171 2665 nothus)
3218 2592 3560 2669 προσέδραμε
3616 2601 3697 2668 τῷ

2064 2672 2342 2759 Κομνηνῷῗ
2388 2675 2614 2749 Μιχαὴλ
2652 2719 2665 2742 ,
2730 2677 2814 2730 καὶ
2888 2676 3150 2734 ἐδυσώπει
3211 2684 3284 2754 μὴ
3346 2685 3692 2759 φονευθῆναι.

2060 2758 2265 2831 Ἠγνόει
2329 2758 2384 2814 δὲ
2431 2766 2620 2816 τοῦτον
2682 2765 2708 2816 ὁ
2769 2768 3071 2837 Κομνηνὸς,
3122 2770 3209 2822 καὶ
3263 2758 3413 2830 ἀστις
3471 2772 3535 2839 ἦν
3597 2772 3695 2827 οὐκ

2057 2847 2341 2914 ἠπίστατο.
2395 2848 2739 2921 Ηαραδίδωσι
2791 2858 2919 2928 γοῦν
2972 2856 3129 2909 αὐτὸν
3169 2856 3400 2930 Τούρκῳ
3430 2861 3558 2925 τινὶ,
3603 2862 3696 2915 καὶ

2058 2934 2117 2994 ὃς
2148 2936 2439 3012 πεφόνευκε
2488 2943 2701 2995 τοῦτον.
2766 2943 2937 2998 Porro
2997 2947 3149 3012 quod
3205 2945 3416 3000 σκότιον
3480 2951 3692 3006 obscu-

2056 3040 2182 3079 rum
2219 3026 2369 3081 hunc
2400 3027 2695 3084 Michaelis
2728 3031 2977 3103 despotic
3008 3032 3192 3089 ﬁlium
3222 3040 3420 3091 noster
3437 3038 3593 3105 dicit,
3618 3040 3690 3094 ad

2056 3111 2490 3184 illegitimorum
2526 3117 2805 3173 natalium
2824 3121 3202 3191 ignominiam
3222 3123 3488 3193 pertinet,
3514 3143 3688 3197 quam

1971 3199 2013 3266 C
2054 3201 2205 3256 idem
2239 3207 2295 3257 et
2326 3204 2483 3274 alibi,
2517 3210 2580 3259 ut
2622 3206 2791 3271 infra,
2827 3225 2879 3277 p.
2930 3209 3020 3275 83,
3054 3210 3201 3264 solet
3261 3212 3372 3267 ista
3419 3216 3689 3271 tenebra-

2051 3304 2180 3341 rum
2204 3291 2499 3345 mentione
2530 3293 2852 3361 designare,
2874 3294 3160 3363 alludens,
3195 3298 3422 3369 Opinor,
3450 3300 3683 3356 Homeri

2044 3374 2234 3430 locum
2268 3377 2432 3432 Hiad.
2450 3382 2477 3444 ζ
2498 3380 2568 3433 de
2590 3380 2895 3437 Bucolione
2916 3383 3324 3441 Laomedontis
3342 3387 3460 3442 filio
3477 3390 3683 3446 notho:

2041 3540 2353 3622 ἓουκολίων
2383 3542 2429 3597 δ’
2459 3546 2524 3612 ἦν
2556 3546 2669 3609 υἱὸς
2695 3548 2890 3622 ἀγανοῦ
2921 3549 3299 3621 Λαομέδοντος

2044 3609 2413 3685 Πρεσϐύτατος
2483 3609 2660 3691 γενεῇ·
2741 3609 2963 3674 ’σκότιον
3044 3609 3103 3677 δὲ
3177 3609 3437 3699 ἐγείνατο
3460 3628 3575 3699 μή-

3458 3698 3604 3771 [τηρι

2041 3855 2109 3909 ad
2144 3872 2316 3926 quem
2349 3855 2541 3912 locum
2568 3863 2733 3915 vetus
2766 3862 3142 3919 scholiastes:
3180 3866 3403 3918 Σκότιον
3462 3862 3521 3917 ἐκ
3577 3863 3671 3917 λα-

2042 3943 2230 4013 θραίας
2286 3943 2483 4014 μίξεως
2539 3946 2630 3999 τὸν
2698 3946 2866 4020 λάθρα
2921 3950 3276 4023 γεγενημένον
3318 3951 3405 4005 καὶ
3464 3951 3561 4006 οὐκ
3614 3951 3673 4007 ἐκ

2037 4036 2135 4095 τῆς
2192 4032 2327 4085 κατὰ
2379 4031 2548 4104 νόμον
2594 4036 2935 4107 γαμηθείσης
2968 4083 2983 4108 ,
3040 4040 3130 4093 τὸν
3182 4039 3232 4109 ἐξ
3276 4038 3669 4114 ἀὸᾳδουχήτων

2038 4116 2250 4189 γάμων.
2284 4120 2389 4175 Ubi
2421 4121 2711 4190 eleganter
2739 4142 2974 4181 causam
3010 4128 3260 4183 innuens
3291 4146 3395 4184 cur
3438 4130 3675 4185 obscuri

2039 4207 2309 4262 dicantur
2338 4208 2646 4280 illegitimi,
2678 4213 2733 4266 id
2766 4214 2986 4269 indicat
3015 4233 3085 4270 ex
3124 4232 3190 4271 eo
3241 4219 3458 4272 factum
3512 4220 3665 4288 quod

2039 4311 2155 4349 non
2188 4312 2255 4350 ex
2280 4298 2551 4369 conjugio
2574 4301 2819 4356 solemni
2850 4304 3040 4358 facum
3098 4305 3416 4375 genialium
3461 4308 3664 4377 praela-

2036 4383 2190 4438 tione
2221 4384 2531 4453 illustrato,
2568 4390 2667 4443 sed
2702 4390 2909 4445 furtivo
2942 4395 3191 4463 captatis
3222 4395 3475 4449 tenebris
3530 4411 3670 4449 con-

2036 4472 2232 4526 cubitu
2268 4475 2384 4529 nati
2447 4477 2579 4530 sint.
2638 4478 2811 4532 Istius
2868 4480 3273 4550 originationis
3331 4483 3482 4536 verbi
3540 4480 3669 4534 σκό-

282 4588 427 4642 pars
464 4569 663 4635 fuerit,
698 4585 872 4639 quam
910 4572 1106 4623 nostro
1151 4569 1251 4637 qui
1295 4583 1388 4623 res
1446 4573 1585 4623 tunc
1646 4572 1805 4624 actas
1857 4586 1923 4624 ex

2047 4562 2493 4631 ttocillegitimis
2538 4569 2743 4635 aptati,
2807 4568 2955 4637 quod
3015 4565 3065 4638 ἐξ
3119 4565 3508 4643 ἀδᾳδουχήτων
3570 4568 3668 4642 γά-

286 4661 463 4725 fama,
492 4674 595 4713 nec
627 4674 693 4712 ea
752 4656 895 4710 satis
955 4654 1259 4726 explicata,
1316 4656 1545 4710 videtur
1603 4657 1920 4727 accepisse.

282 4748 481 4802 Prima
506 4745 901 4815 discrepantia
925 4744 981 4798 iu
1018 4744 1254 4799 nomine
1283 4744 1451 4799 ducis
1492 4744 1750 4799 hostium
1813 4754 1923 4813 est,

286 4851 463 4905 quem
514 4837 713 4888 noster
760 4832 1087 4886 Manuelem
1144 4839 1328 4888 vocat.
1378 4834 1589 4886 Contra
1639 4832 1922 4903 Georgius

282 4920 630 4991 Acropolita,
682 4918 809 4972 Hist
863 4935 912 4974 c.
960 4919 1023 4970 71
1088 4918 1450 4974 Theodorum
1506 4918 1777 4989 appellat.
1828 4922 1921 4976 Sic

282 5010 437 5062 enim
468 5008 547 5061 ibi
605 5007 835 5061 scribit:
886 5006 983 5058 Ἦν
1045 5002 1101 5059 δὲ
1158 5007 1186 5059 ὁ
1246 5005 1428 5080 ῥηθεὶς
1472 5010 1569 5060 τοῦ
1615 5007 1919 5062 ἀποστάτου

280 5091 517 5167 Μιχαὴλ
547 5093 704 5155 νόθος
735 5092 847 5153 υἱὸς
890 5090 1191 5167 Θεόδωρος.
1241 5097 1373 5149 Erat
1420 5104 1594 5150 autem
1654 5096 1703 5150 is
1759 5114 1918 5168 quem

277 5183 401 5238 dixi
437 5183 721 5253 delectaris
763 5183 1049 5236 Michaelis
1096 5184 1291 5236 nothus
1367 5182 1519 5251 ﬁlius
1586 5185 1909 5241 Theodorus.

276 5273 513 5327 Dixerat
541 5286 674 5324 vero
705 5274 873 5323 antea
904 5271 1109 5323 ducem
1143 5272 1440 5338 copiarum
1472 5271 1768 5326 Michaelis
1816 5276 1912 5329 de-

277 5364 480 5431 spotze,
525 5356 756 5413 rebellis
808 5361 1202 5411 occurrentem
1273 5357 1538 5413 Michaeli
1591 5360 1910 5433 Palzeologo

278 5449 443 5503 hasta
474 5462 817 5519 percussum
844 5445 995 5498 abeo
1011 5445 1210 5515 etequi
1233 5445 1787 5503 sellaexcussumz'O
1812 5449 1904 5518 μὲν

271 5534 366 5588 οὖν
401 5534 691 5608 Κομνηνὸς
721 5528 956 5605 Μιχαὴλ
988 5533 1147 5603 (nam
1180 5541 1245 5588 ut
1275 5551 1453 5606 supra
1506 5536 1723 5605 monui,
1785 5537 1901 5592 Mi-

273 5626 340 5679 ch
353 5625 533 5680 uelem
552 5623 932 5694 Palmologum
950 5623 993 5675 A
1007 5621 1285 5693 cropolita
1299 5638 1418 5677 sem
1431 5638 1531 5695 per
1543 5623 1898 5681 Comnenum

2037 4670 2150 4719 μων
2184 4652 2292 4705 orti
2344 4652 2480 4719 sint,
2537 4658 2829 4708 auctorem
2896 4655 3239 4710 Eustathius
3295 4674 3351 4726 p.
3409 4659 3514 4711 622
3570 4659 3660 4712 ed.

2034 4740 2197 4794 Rom.
2251 4739 2462 4810 allegat
2524 4742 2803 4811 Apionem
2860 4748 3108 4798 veterem
3166 4745 3363 4814 magni
3414 4746 3662 4800 nominis

2030 4829 2501 4898 grammaticum.

2100 4916 2237 4986 Cap.
2274 4918 2359 4970 11.
2403 4918 2539 4979 Qua:
2592 4918 2697 4972 hoc
2754 4919 2939 4989 capite
2998 4927 3313 4975 narrantur
3369 4922 3438 4976 de
3489 4926 3659 4992 capto

2026 5004 2336 5075 vinctoque
2366 5021 2467 5076 per
2495 5005 2829 5060 Chadenum
2857 5007 3192 5079 Palaaologo,
3225 5011 3411 5080 deque
3453 5026 3661 5079 praesa-

2026 5093 2138 5163 giis
2168 5093 2375 5164 imperi
2407 5110 2473 5147 ea
2502 5094 2804 5149 occasione
2861 5094 2942 5150 illi
3003 5097 3234 5166 oblatis,
3292 5113 3491 5151 eorum
3552 5112 3658 5151 nec

2025 5180 2151 5235 vola
2180 5198 2283 5235 nec
2331 5182 2645 5251 vestigium
2698 5183 2955 5237 cernitur
3010 5186 3162 5256 apud
3223 5184 3655 5255 Acropolitam;

2022 5270 2229 5341 opinor
2260 5270 2386 5324 ideo
2419 5271 2571 5340 quod
2612 5270 2708 5325 ille
2741 5288 2842 5341 per
2872 5274 2927 5327 id
2960 5278 3194 5344 tempus
3241 5274 3297 5327 in
3359 5289 3655 5342 expugna-

2021 5360 2174 5413 tione
2206 5358 2419 5428 Prilapi
2452 5360 2625 5413 castri
2653 5365 2858 5430 captus
2881 5366 2937 5415 et
2968 5361 3136 5429 longo
3168 5366 3425 5431 tempore
3457 5366 3655 5415 custo-

2019 5449 2114 5502 dia
2145 5448 2414 5501 detentus
2454 5448 2524 5501 ab
2558 5448 2849 5516 hostibus,
2883 5454 2946 5502 ut
2977 5449 3101 5519 ipse
3154 5449 3342 5515 docet,
3404 5450 3537 5501 Hist.
3598 5464 3649 5501 c.

2012 5536 2103 5600 62,
2137 5535 2242 5589 ista
2277 5552 2389 5589 non
2424 5534 2652 5589 viderit.
2687 5535 2973 5605 Gregoras
3004 5551 3235 5605 quoque
3266 5536 3336 5589 de
3371 5535 3645 5603 bistacet,

2014 5624 2198 5680 multo
2229 5623 2454 5690 leviori,
2485 5627 2551 5679 ut
2578 5639 2647 5679 ex
2676 5624 2900 5679 caeteris
2931 5628 3190 5696 apparet,
3220 5624 3438 5679 tinctus
3496 5622 3649 5685 noti.
