4146 6288
438 384 576 440 1095

1479 374 1542 423 Ρ.
1583 370 1855 423 POSBINI
1892 365 2494 420 OBSERVATIONUM
2532 368 2663 420 LIB.
2704 370 2774 419 II.

3690 354 3833 411 1096

442 512 525 565 tia
556 522 747 563 rerum
790 500 1093 558 Michaelis
1132 496 1453 564 Palaeologi,
1505 510 1649 563 quas
1689 492 1788 561 qui
1848 489 2076 560 plenius

2209 487 2263 565 [ᾧ
2297 489 2434 565 μήτε
2465 485 2824 565 δρᾶᾼσαιλμῄτε
2853 492 2930 558 τῷ
2961 485 3243 565 ξυνειξέναι

440 600 548 654 hoc
580 600 778 650 nostro
812 589 1132 653 tradiderit,
1158 586 1377 640 frustra
1407 591 1718 653 quaeretur.

512 740 649 809 Cap.
686 737 770 790 12.
825 740 899 788 De
949 731 1150 786 morbo
1209 732 1264 783 et
1313 729 1499 781 morte
1548 720 1831 778 Theodori
1892 735 2078 790 pauca

445 807 609 902 penei
638 822 1028 897 perfunctorie
1091 817 1293 874 scribit
1345 815 1557 869 absens
1616 816 1751 864 tunc
1802 809 1901 902 εἰ).
1945 807 2077 860 aula

441 895 722 986 beorgius
756 910 1104 981 Acr0polita,
1137 908 1196 960 in
1232 904 1326 958 his
1378 899 1666 956 immorari
1701 895 2073 967 potissimum

445 982 794 1074 solitusque:
828 997 1112 1070 spectavit
1143 1008 1414 1065 praesens.
1450 986 1796 1043 Brevissime
1849 984 1985 1037 item
2020 982 2074 1036 id

444 1092 721 1162 transigit
752 1089 1055 1159 Gregoras.

514 1236 650 1302 Pag.
685 1232 772 1285 33.
806 1231 864 1284 In
893 1223 1126 1281 innoxia
1154 1220 1582 1292 pertractatione
1611 1215 1750 1285 ferri
1764 1211 2076 1302 candentis.

444 1325 505 1378 Id
534 1295 752 1376 februm
794 1318 852 1369 in
892 1315 1086 1368 Graeco
1136 1314 1299 1364 vocat
1342 1307 1724 1375 Pachymeres
1770 1296 1969 1371 μύδρον
2023 1295 2082 1348 ἐκ

443 1410 612 1479 πυρὸς
640 1403 747 1473 ἤδη
784 1398 987 1471 ζέοντα.
1037 1399 1187 1454 682
1241 1395 1429 1451 Potuit
1486 1392 1752 1447 sufﬁcere
1812 1404 1915 1441 vox
1978 1382 2081 1455 μύ-

446 1478 591 1571 δρος,
626 1511 802 1567 quam
834 1497 996 1544 vetus
1027 1486 1370 1543 scholiastes
1402 1479 1702 1551 Sophoclis
1734 1478 2078 1571 interpreta-

450 1558 545 1643 tur
574 1558 1064 1654 πεπυρακτωμένος
1094 1571 1335 1642 σίδηρος,
1388 1574 1446 1623 et
1505 1566 1819 1637 Hesychius
1861 1558 2081 1633 σίδηρος

449 1669 839 1744 πεπυρωμένης
876 1685 887 1720 :
923 1666 1005 1720 sic
1063 1662 1214 1717 enim
1270 1657 1708 1714 rescribendum
1761 1669 1862 1724 pro
1918 1669 2080 1702 πεπυ-

408 1739 731 1837 .ρωμέ’νως.
766 1758 897 1812 Fuit
927 1755 1047 1808 haec
1101 1766 1275 1817 prava
1328 1749 1453 1801 sine
1511 1744 1687 1798 dubio
1738 1739 2079 1794 innocentiae

2189 558 2265 613 Τὸ
2296 557 2516 631 πρᾶγμα
2550 557 2910 633 βουλεύσαντι
2934 560 3060 629 μήτ’
3093 557 3451 631 εἰργασμένῳ.

2188 674 2363 728 Ol'fert
2394 691 2454 729 se
2485 679 2541 728 et
2571 675 2759 729 socios
2791 675 2861 729 ad
2894 674 3371 729 contrectandum
3419 673 3635 725 ferrum
3683 687 3825 724 can-

2189 763 2333 818 dens
2394 765 2450 818 in
2487 766 2889 835 probationem
2967 763 3307 817 innocentiae
3356 778 3368 817 :
3428 762 3547 815 scio
3605 778 3672 814 ex
3725 777 3820 813 ve-

2186 852 2533 907 tustissimis
2589 854 2717 921 ejus
2782 854 2889 907 Ieci
2950 851 3281 905 scholiastis
3340 867 3522 903 unum
3584 850 3689 903 hoc
3748 849 3819 901 ad

2187 941 2503 1009 quamdam
2529 941 2920 1010 jurisjurandi
2971 939 3370 993 casremoniam
3432 938 3665 991 referre.
3728 937 3821 990 Sic

2189 1028 2339 1081 enim
2401 1028 2478 1081 ibi
2540 1029 2839 1083 adnotat:
2901 1025 3138 1081 Εἶώθασι
3221 1024 3323 1097 γὰρ
3397 1025 3447 1076 οἱ
3533 1022 3823 1094 ὀμνύοντες

2186 1117 2352 1166 ταῦτα
2420 1120 2619 1170 ποιεῖν.
2700 1112 2951 1184 Μύδρους
3021 1113 3123 1187 γὰρ
3200 1110 3441 1185 αἵροντες
3519 1110 3823 1185 ἐπαρῶνται

2194 1201 2365 1273 μένειν
2420 1202 2488 1255 τὰ
2544 1202 2700 1276 ὅρκια
2754 1200 2856 1264 ἕως
2912 1200 3064 1254 αὐτοὶ
3118 1204 3343 1277 φανῶσι,
3404 1199 3494 1252 καὶ
3553 1198 3829 1273 ῥίπτουσιν

2190 1289 2382 1350 αὐτοὺς
2413 1290 2487 1351 εἷς
2521 1290 2812 1352 θάλασσαν·
2845 1292 3029 1345 Solent
3082 1293 3230 1345 enim
3289 1290 3525 1359 (inquit)
3574 1289 3831 1359 jurantes

2189 1381 2401 1434 sublata
2434 1381 2584 1434 633
2627 1380 2767 1449 ferri
2795 1397 2977 1433 massa
3010 1386 3060 1433 et
3089 1381 3150 1432 in
3180 1394 3334 1432 mare
3390 1379 3593 1440 iactata
3645 1382 3828 1446 prote-

2189 1470 2327 1521 stari
2380 1486 2699 1522 mansuram
2760 1470 2900 1536 ipsis
2955 1469 3277 1523 Juratorum
3319 1465 3506 1534 ﬁdem,
3566 1466 3708 1535 quod
3766 1467 3828 1517 id

2188 1556 2397 1626 pondus
2427 1572 2455 1610 e
2485 1559 2631 1610 mari
2678 1558 2984 1621 emcrserit,
3046 1556 3192 1625 quod
3254 1570 3552 1622 nunquam
3606 1552 3831 1606 scilicet

2192 1644 2451 1697 futurum
2478 1643 2571 1698 sit.
2598 1644 2833 1708 Itaille;
2870 1644 3022 1714 quod
3078 1643 3208 1695 ferri
3270 1646 3464 1712 posset
3520 1639 3570 1695 si
3628 1636 3831 1710 μύδρος

2193 1748 2305 1785 non
2367 1731 2744 1801 significaret,
2806 1738 2865 1783 ut
2911 1731 3036 1800 ipse
3098 1731 3285 1796 docet,
3336 1726 3829 1801 πεπυρακτωμένον

452 1815 760 1924 lprobandae
795 1844 961 1907 ratio,
996 1815 1198 1894 merito
1228 1837 1285 1889 in
1313 1836 1445 1903 jure
1498 1830 1773 1886 canonico
1835 1826 2079 1897 prescri-
2114 1842 2159 1906 Β
2194 1815 2432 1888 σίδηρον.
2467 1819 2610 1872 Nam
2646 1819 2785 1888 quid
2821 1820 2993 1871 ardor
3020 1818 3114 1871 hic
3168 1820 3391 1885 laceret,
3447 1818 3544 1870 ubi
3596 1819 3828 1886 pondus

1552 1921 1572 1924 μ
1742 1918 1769 1924 ...
1880 1921 1887 1924 .
2264 1908 2274 1924 1
2422 1908 2431 1917 ⁸
2619 1923 2623 1924 ,
2743 1908 2763 1924 ιι
2869 1904 3580 1924 -,._,3,,I_L,_,nn___-_
3643 1905 3828 1924 ---ηε--

452 1918 549 2012 pta
572 1956 697 2006 cap.
734 1929 1094 1995 Consuluisti,
1113 1942 1238 1996 cap.
1271 1924 1521 2012 Mennam
1548 1921 1603 1984 2,
1741 1918 1811 1984 5;
1840 1921 1896 1969 et
1955 1930 2081 1983 cap.

454 2008 672 2090 belicti,
707 2028 920 2078 extrav.
950 2019 1019 2071 De
1046 2012 1385 2085 purgatione
1426 2008 1667 2075 vulgari,
1704 2022 1806 2074 cap
1862 2012 2082 2057 sentcn-

451 2119 590 2170 tiam
619 2118 858 2175 cxtrav.,
884 2124 985 2161 nec
1012 2121 1136 2159 eam
1172 2106 1371 2155 noster
1405 2095 1682 2167 probavit,
1712 2094 1808 2146 sed
1854 2096 2084 2145 tantum

455 2204 656 2259 retulit
688 2200 821 2269 quid
857 2198 1042 2255 ﬁeret.
1074 2193 1245 2246 etiam
1280 2187 1439 2253 alibi,
1474 2198 1681 2251 nempe
1743 2180 1782 2233 Ι.
1842 2196 1904 2241 ιι,
1951 2195 1995 2231 c.
2035 2179 2086 2244 1,

454 2290 759 2363 gratulans
789 2293 1066 2354 tanquam
1119 2278 1426 2333 emendato
1486 2271 1565 2363 rei
1627 2269 2086 2363 publicaahs‘tatu

456 2353 609 2451 quod
642 2377 755 2430 ista
786 2353 1097 2427 desiissent
1128 2365 1269 2419 fieri.
1314 2358 1555 2416 Michael
1604 2360 1819 2451 quippe
1877 2353 2087 2451 Paleao-

454 2442 623 2539 logus
648 2470 780 2518 ante
809 2458 1120 2528 imperium
1146 2454 1335 2505 adhuc
1368 2445 1835 2539 despotanccepit
1864 2442 2090 2496 abolere

464 2532 632 2611 usum
658 2548 923 2620 adigendi
963 2544 1228 2599 homines
1262 2537 1512 2620 adistud
1544 2532 1933 2620 pericplosum
1993 2545 2089 2620 enr-

460 2611 865 2705 perimentiim,
899 2624 1051 2694 quod
1078 2624 1202 2689 jam
1256 2617 1515 2687 privatus
1575 2611 2088 2681 praedamnaverat.

464 2695 659 2775 ilefert
692 2716 845 2770 enim
880 2709 1228 2779 Acr0polita,
1256 2706 1395 2758 Hist.
1420 2718 1468 2754 c.
1500 2702 1587 2753 50.
1624 2718 1677 2768 p.
1709 2699 1777 2750 53
1805 2697 1893 2750 ed:
1931 2695 2092 2763 Beg.,

470 2826 600 2864 cum
644 2806 863 2860 Phocas
920 2791 1453 2864 Philadelphiensis
1502 2784 1870 2855 metropolita
1916 2783 2091 2852 jussu

466 2880 835 2964 imperatoris
862 2886 1106 2942 Joannis
1136 2884 1375 2936 Batatzre
1408 2877 1472 2949 [Ρ
1511 2875 1631 2945 lilii]
1666 2870 1928 2964 Michaeli
1989 2870 2094 2923 Pa-

465 2961 699 3053 lteologo
758 2974 1169 3050 perduellionis
1251 2961 1955 3053 suspectopurgatiouem
1999 2974 2098 3027 per

465 3046 681 3128 ferrum
716 3046 971 3122 candens
996 3056 1468 3132 praescripsisset,
1495 3052 1579 3105 sic
1611 3066 1740 3102 cum
1770 3046 2093 3114 alloquens:

466 3164 555 3213 Δεῖ
583 3178 640 3210 σε
670 3159 745 3224 τῷ
784 3150 973 3224 μύόρῳ
1006 3148 1106 3213 τὴν
1165 3142 1421 3209 ἀλήθειαν
1479 3133 1938 3206 παραστήσασθαι,
2001 3149 2091 3185 re-
2122 3192 2162 3224 Γ

465 3248 772 3319 spondisse
793 3238 1185 3297 Michaelem:
1240 3230 1383 3303 Ἐγὼ
1441 3228 1535 3298 μὲν
1593 3218 1917 3319 ἁμαρτωλός
1980 3222 2092 3319 εἰμι

465 3308 743 3408 ἅνθρωπος
775 3328 863 3383 καὶ
914 3324 1289 3398 τερατουργεῗν
1346 3318 1566 3369 τοιαῦτα
1625 3314 1689 3365 οὗ
1722 3309 1973 3382 δύναμαι.
2036 3308 2095 3363 Ei

466 3394 664 3493 δὲημοι
721 3394 1067 3487 συμϐουλεύῃ
1127 3405 1542 3493 μητροπολίτης
1594 3398 1666 3453 ὣν
1715 3400 1801 3453 καὶ
1833 3402 1975 3493 θεοῦ
2006 3394 2094 3493 ἄν·

466 3486 683 3574 οόιοπος
732 3504 882 3559 τουτὶ
933 3497 1341 3571 διαπράξασθαι,
1390 3488 1600 3545 ἔνδυσαι
1650 3489 1741 3560 μὶν
1788 3486 1948 3547 αὐτὸς
1996 3487 2093 3552 τὴν

463 3598 610 3668 ἱεράν
661 3615 755 3647 σου
802 3596 971 3644 πᾶσαν
1024 3584 1248 3651 στολὴν,
1294 3581 1470 3643 καθὼς
1514 3576 1705 3639 εἷ’ωΘας
1757 3575 1808 3629 ἐν
1856 3579 1932 3644 τῷ
1973 3572 2097 3642 Θείῳ

464 3657 801 3758 εἰσέρχθσθαι
865 3677 1069 3749 βήματι
1125 3669 1213 3725 καὶ
1270 3666 1614 3739 ἐντυγχάνειν
1672 3666 1817 3758 Θεῷἰ
1866 3661 1976 3713 εἶτα
2028 3657 2093 3725 δή

462 3747 763 3832 ταῖςωσαῖς
823 3747 1008 3838 χερσὶν
1068 3755 1375 3830 ἐκπύρωσόν
1441 3775 1530 3826 μοι
1585 3751 1674 3806 τὸν
1738 3747 1978 3818 σίδηρον,
2012 3751 2097 3806 αἶς

463 3865 559 3914 τοῦ
617 3855 762 3912 Θείου
813 3833 1021 3929 Eros—int“
1074 3847 1407 3917 θύματος....
1458 3842 1549 3895 καὶ
1598 3841 1815 3897 ταύταις
1866 3833 1931 3901 δὴ
1980 3841 2097 3929 ταῖς

466 3952 639 4021 ἱεραῖς
717 3966 812 3998 σου
853 3921 1046 4015 .χερσῖν
1103 3936 1280 3997 ἐπίθες
1332 3932 1401 4004 τῇ
1459 3929 1606 4003 χειρὶ
1669 3948 1772 3998 μου
1822 3925 1911 3978 τὸν
1945 3921 2098 3991 σίδη-

468 4014 585 4110 ρον,
618 4040 724 4091 etc.
762 4014 1000 4087 Petebat
1050 4027 1327 4081 nimirum
1383 4027 1446 4075 ut
1477 4019 1723 4073 antistes
1757 4016 1917 4086 prius
1978 4014 2102 4110 ipse

469 4100 719 4197 ignitum
754 4123 969 4174 ferrum
1006 4117 1163 4169 nuda
1195 4128 1366 4165 manu
1426 4108 1607 4161 otiose
1666 4109 1977 4159 tractatum
2040 4100 2100 4154 in

469 4190 637 4268 sinam
666 4211 1003 4278 deponeret.
1048 4203 1205 4266 Quod
1242 4195 1607 4265 metropolila
1640 4207 1917 4246 recusans
1950 4190 2104 4243 hunc

476 4315 695 4355 morem
727 4311 855 4351 esse
889 4296 1060 4362 negat
1090 4284 1335 4343 Romani
1370 4290 1471 4338 aut
1519 4279 1893 4335 ecclesiastici
1942 4293 2103 4343 usus,

474 4389 572 4443 sed
609 4384 1003 4443 barbaricum,
1035 4390 1321 4432 excusans
1352 4367 1712 4424 ineluctabili
1747 4383 1807 4420 se
1854 4367 2103 4434 impera-

472 4477 610 4530 toris
642 4472 983 4527 auctoritate
1016 4466 1275 4520 adistam
1306 4461 1389 4515 illi
1414 4458 1816 4529 purgationem
1846 4455 2102 4507 indicen-

472 4566 601 4616 dam
640 4561 998 4629 adigi;quam
1032 4562 1227 4607 tamen
1257 4546 1505 4603 Michael
1538 4543 1827 4598 recusavit
1847 4547 2114 4596 constan-
2140 4529 2187 4593 D

476 4650 717 4705 tissime.
754 4643 949 4698 Videri
985 4644 1173 4712 potest
1199 4654 1267 4692 ex
1297 4634 1558 4704 reliquiis
1592 4632 1699 4685 hoc
1752 4629 2111 4698 superfuisse

474 4737 739 4799 ethnicae,
771 4742 825 4786 et
851 4731 1087 4801 quidem
1107 4727 1485 4798 perantiquus,
1510 4718 2109 4790 superstitionis.Nam

473 4825 786 4896 Sophocles
816 4820 1063 4876 heroicis
1097 4818 1221 4887 jam
1265 4813 1628 4883 temporibus
1684 4808 2110 4879 OEdipodarum
2164 4821 2167 4824 ‘

476 4916 691 4973 Thebis
722 4911 1093 4981 regnantium
1124 4904 1373 4961 exerceri
1407 4902 1645 4956 solitum
1696 4900 1934 4965 indicat,
1969 4899 2110 4952 dum

473 5008 533 5061 in
567 5003 859 5072 Antigona
888 4997 1024 5053 facit
1056 5010 1236 5049 unum
1280 4991 1589 5046 custodum
1626 5006 1773 5059 quos
1804 5005 1902 5042 rex
1930 4989 2109 5042 Creon

473 5096 821 5164 :ipposuerat
849 5085 1111 5142 cadaveri
1145 5082 1437 5154 Polynicis
1465 5085 1528 5133 ut
1561 5077 1795 5148 sepeliri
1840 5078 2109 5146 prohibe-

479 5189 625 5245 rent,
663 5183 968 5250 postquam
1031 5174 1084 5226 id
1135 5174 1205 5225 ab
1265 5169 1554 5238 Antigona
1612 5170 1874 5235 opertum
1932 5164 2111 5219 humo

481 5276 684 5334 fuerat,
716 5268 929 5321 factum
967 5262 1089 5331 regi
1123 5260 1487 5319 referentem,
1517 5263 1575 5308 et
1626 5269 1973 5323 magnopere
2011 5270 2113 5307 ex-

477 5364 777 5415 cusantem
810 5356 864 5408 id
898 5353 1043 5407 citra
1073 5364 1241 5404 suam
1274 5352 1330 5401 et
1364 5344 1657 5399 sociorum
1692 5343 2109 5397 conscientiam

477 5458 690 5515 actum,
724 5446 845 5499 hac
874 5445 1081 5497 dicere.

473 5574 662 5642 Ἡμεῖς
693 5566 981 5642 δ’ξὲτοιμοι
1012 5559 1106 5642 κᾶν
1146 5557 1379 5642 μύδρους
1412 5554 1578 5629 α’ἱρειν
1612 5561 1821 5642 χεροῖν,

476 5629 579 5700 Καὶ
611 5629 716 5715 πῦρ
749 5629 985 5715 διέρπειν
1016 5633 1105 5688 καὶ
1137 5629 1288 5698 θεοὺς
1327 5629 1683 5703 ὁρκωμοτεῖν,

2192 1908 2383 1962 solum
2419 1908 2475 1960 in
2511 1923 2707 1960 massa
2740 1907 2880 1960 l‘erri
2915 1906 3319 1975 requirebatur
3347 1904 3374 1958 ?
3401 1908 3588 1967 Quare
3643 1905 3831 1957 verior

2192 2000 2281 2049 est
2308 1996 2504 2064 altera,
2539 2011 2713 2064 quam
2750 2011 2880 2047 mox
2914 1995 3173 2062 subjicit,
3224 1993 3523 2046 sententia.
3586 1990 3829 2053 Εἲώθασι

2194 2080 2249 2136 δὲ
2298 2081 2588 2153 ὀμνύοντες
2637 2082 2726 2134 καὶ
2779 2080 2985 2140 πίστεις
3040 2076 3277 2139 διδόντες
3338 2076 3574 2152 μύδρους
3633 2079 3832 2153 βαστά-

2197 2176 2300 2238 ζειν
2355 2168 2578 2239 καὶπῦρ
2615 2163 2970 2240 ὑπερϐαίνειν·
3014 2166 3143 2227 τοὺς
3189 2168 3290 2240 γὰρ
3344 2168 3418 2237 μὴ
3472 2165 3699 2239 ἐνόχους
3756 2170 3835 2235 τῷ

2196 2258 2547 2329 ἁμαρτήματι
2578 2251 2751 2326 ᾤοντο
2783 2255 2869 2308 καὶ
2907 2253 2958 2307 ἐν
2991 2254 3206 2313 τούτοις
3270 2254 3344 2325 μή
3405 2253 3613 2325 ἀλγεῖν·
3674 2255 3837 2309 Soliti

2195 2356 2319 2401 sant
2341 2347 2607 2415 jurantes
2667 2350 2717 2399 et
2775 2345 2937 2413 ﬁdem
2995 2343 3271 2398 dictorum
3325 2346 3509 2412 facere
3562 2342 3835 2396 studentes

2195 2438 2336 2504 ferri
2363 2451 2570 2488 massas
2601 2434 2806 2501 ignitas
2828 2439 3051 2503 portare
3080 2438 3133 2487 et
3159 2449 3322 2501 super
3370 2448 3582 2502 prunas
3638 2432 3831 2485 ambu-

2199 2526 2336 2590 lare,
2367 2525 2745 2577 ercistimantes
2774 2524 2917 2576 citra
2949 2538 3168 2574 sensum
3224 2521 3430 2575 doloris
3483 2520 3540 2575 id
3597 2526 3834 2590 facturos

2198 2630 2284 2669 eos
2310 2612 2407 2683 qui
2438 2613 2652 2667 nullius
2684 2613 2792 2665 sibi
2820 2612 3020 2665 conscii
3048 2611 3267 2679 fraudis
3294 2611 3425 2664 sint.

2272 2707 2404 2771 Pag.
2439 2702 2527 2754 33.
2564 2699 2713 2767 Quod
2740 2704 2994 2752 sanctum
3024 2699 3305 2752 vocabant.
3341 2698 3528 2752 Etiam
3585 2701 3832 2770 Acropo-

2202 2789 2305 2843 lita
2336 2789 2456 2841 loco
2489 2787 2745 2849 laudato,
2779 2786 2954 2855 p.53.
3017 2787 3235 2839 ferrum
3294 2788 3553 2841 candens
3594 2804 3707 2856 quo
3762 2789 3828 2840 ad

2203 2876 2490 2944 ejusmodi
2518 2875 2890 2944 purgationes
2922 2874 3237 2927 utebantur
3268 2874 3424 2945 ἅγιον
3460 2885 3709 2930 sanctum
3739 2892 3838 2928 vo-

2206 2965 2321 3019 cari
2353 2964 2589 3017 solitum
2614 2964 2856 3016 indicat.
2882 2965 2943 3017 In
2978 2961 3165 3017 Gallia
3195 2968 3387 3017 tamen
3411 2964 3687 3032 judicium
3737 2982 3833 3033 ap-

2208 3052 2549 3122 pellabatur,
2586 3057 2647 3103 ut
2668 3049 3045 3117 intelligimus
3070 3067 3137 3104 ex
3163 3050 3409 3103 formula
3433 3053 3680 3115 quadam
3706 3070 3839 3123 pur-

2209 3138 2457 3209 gationis
2514 3137 2848 3193 istiusmodi
2908 3137 3026 3191 illic
3085 3139 3329 3205 usitatae,
3389 3155 3560 3208 quam
3624 3142 3842 3210 profert

2207 3233 2413 3282 Petrus
2445 3226 2716 3297 Loyerius
2747 3242 2813 3279 ex
2844 3225 2901 3278 S.
2936 3225 3184 3279 Mauritii
3216 3229 3650 3297 Andegavensis
3674 3229 3839 3282 tabu-

2208 3316 2370 3377 lario,
2402 3321 2459 3369 et
2488 3330 2554 3367 ex
2585 3330 2649 3367 eo
2683 3314 2886 3367 recitat
2929 3313 3119 3367 Det’rio
3179 3320 3337 3368 tomo
3396 3316 3441 3368 ll
3498 3314 3646 3385 Disq.
3694 3316 3834 3383 Mag.

2208 3404 2245 3459 Ι.
2271 3422 2342 3458 1v.
2379 3420 2427 3457 c.
2461 3404 2513 3467 4,
2547 3419 2601 3472 q.
2635 3402 2689 3466 4,
2722 3408 2864 3455 sect.
2907 3402 2961 3465 3,
3025 3402 3126 3455 ubi
3191 3402 3439 3471 legitur:
3500 3404 3692 3473 Sponte
3734 3421 3839 3459 sua

2195 3493 2485 3562 judicium
2508 3494 2855 3559 portaturum
2886 3506 3056 3543 manu
3101 3506 3196 3543 sua
3255 3490 3475 3555 obtulit,
3535 3498 3591 3545 et
3647 3494 3834 3546 infra:

2206 3587 2331 3635 Post
2368 3577 2641 3646 judicium
2690 3583 2964 3647 portatum
3016 3578 3295 3632 Telbaldus
3325 3580 3440 3642 ille,
3484 3584 3591 3635 Deo
3648 3584 3829 3650 propi-

2206 3671 2402 3733 tiante,
2433 3666 2646 3721 itlaesus
2673 3669 2722 3719 et
2752 3682 2921 3719 sanus
2949 3668 3178 3720 omnino
3218 3669 3497 3736 apparuit.
3562 3668 3831 3723 Viderunt

2206 3761 2387 3810 autem
2406 3753 2683 3823 judicium
2720 3756 2937 3823 portari
2990 3756 3073 3808 vel
3129 3772 3362 3810 manum
3421 3757 3581 3809 tertia
3635 3756 3723 3811 die
3769 3756 3835 3811 de

2208 3859 2356 3897 more
2383 3842 2717 3911 reguardari
2743 3844 2857 3912 fere
2889 3841 3139 3895 universi
3159 3841 3427 3909 homines,
3452 3849 3560 3897 etc.

2281 3947 2424 4002 Ibid.
2486 3946 2683 3999 Triduo
2733 3947 2891 4017 prius
2948 3947 3245 4002 custoditus
3303 3958 3353 4003 et
3432 3966 3599 4003 manu
3684 3951 3839 4004 invo-

2209 4041 2348 4100 luta,
2380 4039 2486 4088 etc.
2524 4036 2639 4088 lloc
2670 4035 2862 4104 ipsum
2892 4040 2980 4089 est
3007 4037 3156 4104 quod
3193 4038 3363 4091 modo
3398 4037 3678 4092 innuebat
3724 4040 3839 4090 An~

2211 4124 2575 4193 degavensis,
2608 4122 2724 4176 illis
2757 4123 2947 4177 verbis
2976 4140 3203 4178 manum
3235 4127 3395 4180 tertia
3439 4126 3526 4180 die
3573 4125 3640 4181 de
3690 4142 3844 4179 more

2212 4211 2563 4280 requardari.

2287 4300 2427 4351 Ibid.
2463 4300 2701 4365 Ignitum
2725 4298 2966 4368 globum.
2996 4300 3091 4355 Sic
3127 4297 3330 4375 μύδρον
3365 4303 3459 4359 hic
3486 4308 3656 4374 verti,
3690 4312 3842 4381 quod

2215 4404 2327 4441 non
2365 4387 2553 4440 solum
2589 4386 2890 4442 materiam
2933 4390 3200 4459 ignitam,
3229 4393 3325 4445 sed
3352 4392 3597 4464 ﬁguram
3625 4400 3841 4454 orbicu-

2218 4475 2396 4529 Iarem
2430 4479 2531 4529 aut
2553 4475 2899 4545 ephmricam
2925 4493 2990 4530 ea
3028 4494 3161 4531 voce
3205 4479 3448 4534 indicari
3500 4485 3735 4553 quidam
3761 4503 3841 4539 ve-

2222 4571 2406 4617 terum
2442 4564 2791 4633 signiﬁcent,
2830 4571 2891 4617 ut
2921 4567 3292 4637 Anaxagoras
3337 4571 3483 4637 apud
3538 4572 3831 4637 Laertium,

2219 4652 2258 4706 l.
2311 4667 2372 4719 ii,
2423 4653 2564 4705 dum
2610 4652 2791 4705 solem
2834 4655 3075 4707 vocabat
3122 4651 3322 4725 μύδρον
3377 4652 3658 4730 διάπυρον.
3688 4661 3826 4713 Uude

2221 4740 2558 4793 crediderim
2626 4757 2851 4793 massas
2912 4742 3055 4796 istas
3108 4743 3205 4796 ubi
3243 4739 3438 4817 μύδροι
3481 4750 3836 4817 vocabantur,

2221 4846 2427 4900 nempe
2451 4830 2508 4882 in
2540 4830 2779 4894 Graecia,
2813 4830 3066 4899 globosis
3098 4831 3293 4886 formre
3326 4835 3527 4901 fuisse,
3581 4855 3692 4892 non
3750 4854 3844 4892 ne-

2222 4918 2380 4972 scius
2412 4918 2572 4983 alibi,
2610 4924 2672 4971 ut
2699 4919 2754 4971 in
2787 4919 3116 4984 Germania,
3151 4937 3378 4977 massas
3408 4927 3725 4982 candentes
3768 4927 3847 4980 al-

2223 5007 2405 5061 terius
2439 5006 2638 5077 ﬁgurte
2668 5008 2737 5061 ad
2770 5008 3057 5076 ejusmodi
3092 5011 3492 5079 probationem
3538 5014 3848 5083 adhibitus,

2224 5095 2502 5149 nimirum
2535 5111 2796 5150 vomeres
2825 5113 2836 5156 ;
2866 5095 3124 5163 qualium
3176 5114 3275 5152 sex
3331 5102 3703 5156 candentium
3765 5102 3848 5173 [Ρ.

2220 5185 2343 5255 442]
2376 5189 2609 5254 arrepta
2650 5190 3000 5256 portatuque
3030 5186 3265 5242 innoxio
3286 5190 3343 5244 S.
3373 5190 3851 5263 Chunegundem,

2221 5290 2455 5327 uxorem
2490 5274 2547 5327 S.
2587 5273 2813 5327 Henrici
2846 5276 3235 5344 imperatoris,
3286 5278 3674 5350 virginitatem
3722 5299 3850 5353 pro-

2224 5363 2394 5416 basse
2428 5366 2754 5417 memorant
2782 5364 3019 5417 Annales
3047 5366 3329 5431 Boiorum,
3364 5366 3401 5423 l.
3433 5385 3508 5421 Ix.

2295 5460 2430 5514 Ibid.
2463 5461 2624 5514 Nuda
2658 5477 2848 5514 manu.
2878 5461 3100 5530 Supina
3130 5462 3368 5519 scilicet.
3411 5467 3569 5531 Quod
3627 5468 3854 5539 signiﬁ-

2227 5566 2368 5604 cans
2426 5548 2810 5621 Pachymeres
2891 5550 3161 5622 superius
3216 5554 3412 5625 posuit
3471 5555 3616 5631 χειρὶ
3668 5554 3862 5630 κύψαν-

2226 5656 2333 5698 τες.
