4146 6288
304 363 456 423 1097

1895 369 2122 426 NOTE.

3560 366 3696 422 1098

382 491 532 547 Ibid.
565 491 625 547 in
653 496 877 549 atatem
911 493 1036 564 jam
1082 497 1196 549 tum
1244 494 1505 565 puberem
1554 494 1794 549 adultus.
1842 493 1951 548 Pa-
1983 495 2037 561 Α
2064 496 2180 547 tur.
2213 494 2345 557 Qua
2381 492 2527 547 ratio
2578 492 2821 547 fortasse
2868 491 3033 546 illum
3093 489 3327 563 impulit
3368 492 3438 547 ad
3480 496 3695 547 metam

301 581 615 651 cbymeres
649 580 745 635 ubi
778 580 1343 650 Constantinopolim
1368 581 1545 651 venit,
1571 582 1766 636 statim
1794 582 1864 636 ab
1884 597 1952 635 ea

304 686 344 724 θ
378 669 600 723 Latinis
631 674 993 739 recuperata,
1040 669 1398 739 undeviginti
1449 686 1631 724 annos
1671 674 1794 724 erat
1844 687 1949 723 na-

304 760 433 821 tus,
470 765 530 810 ut
562 757 685 826 ipse
718 756 858 811 aitl.
895 774 957 822 ιι,
991 774 1039 812 c.
1074 759 1122 824 1;
1155 758 1397 828 contigit
1428 759 1481 812 id
1508 775 1659 812 anno
1694 758 1852 823 1261,
1887 762 1951 810 ut

303 844 352 898 l.
388 861 451 898 ιιι
485 844 769 899 dicemus.
803 844 1063 906 Quatuor
1112 852 1211 899 aut
1244 846 1502 916 quinque
1534 851 1666 900 ante
1697 846 1804 898 hoc
1837 862 1947 898 an-

304 932 405 987 nis
424 933 746 1002 imperante
768 933 1068 986 Theodoro
1094 932 1181 987 ha
1214 934 1585 1003 probationes
1614 950 1714 1004 per
1733 934 1947 986 ferrum

307 1022 573 1075 candens
615 1021 813 1075 Nicaa
861 1022 1400 1091 frequentabantur,
1452 1022 1550 1076 ubi
1599 1038 1697 1075 eas
1746 1020 1841 1074 ille
1884 1021 1948 1073 14

306 1112 416 1164 aut
449 1110 659 1178 15jam
694 1125 979 1163 annorum
1012 1107 1346 1163 adolescens
1378 1114 1640 1181 spectare
1672 1109 1875 1180 potuit.

383 1206 537 1260 634
573 1206 713 1259 Ibid.
746 1206 1020 1272 Quosdam
1050 1206 1393 1271 citrabullam
1419 1207 1698 1277 defunctos
1741 1223 1949 1260 noxam

304 1293 605 1350 candentis
634 1293 844 1347 metalli
874 1297 1163 1347 tactuﬂoc
1187 1294 1455 1364 fiebatﬁsi
1487 1300 1681 1348 tamen
1717 1294 1947 1363 magica

307 1387 468 1437 artes
501 1382 894 1445 aberant,Deo
910 1380 1225 1435 miserante
1254 1383 1540 1437 infelicem
1568 1382 1946 1436 innocentum

305 1470 889 1532 necessitatem,non
947 1474 1139 1523 autem
1196 1471 1552 1539 approbante
1610 1486 1945 1541 perversum

303 1573 485 1610 usum
521 1554 659 1610 talia
682 1555 1039 1625 jubentium.
1072 1556 1236 1623 Vide,
1261 1559 1308 1611 si
1342 1557 1499 1624 libet,
1544 1556 1947 1627 apudeanta-

299 1660 616 1708 cuzenum,
645 1643 685 1699 1.
718 1661 804 1709 ιιι,
839 1645 991 1709 ο.27,
1015 1644 1293 1715 ρ.ιἰ39θά.
1327 1650 1487 1716 Reg.,
1522 1646 1735 1699 mirum
1758 1661 1947 1700 exem-

302 1732 473 1801 plum
505 1731 766 1786 mulieris
802 1732 1072 1786 adulterii
1121 1749 1227 1786 rea
1272 1734 1369 1787 sed
1414 1734 1764 1804 paenitentis,
1816 1750 1943 1802 qua

2060 580 2316 634 historia
2349 596 2467 634 sua
2504 580 2790 651 figendam
2810 581 2869 634 in
2902 580 3339 651 recuperatione
3362 580 3692 650 urbis,qua

2059 668 2302 722 Joannis
2332 668 2770 723 excacationem
2806 669 2958 723 haud
2992 668 3162 738 longo
3186 669 3372 738 spatio
3396 670 3694 739 praeessit

2061 760 2125 809 ut
2156 755 2597 810 libromharum
2624 756 3106 811 Observationum
3131 757 3690 813 demonstrabimus.

2059 848 2172 897 Nec
2205 846 2365 899 abest
2395 846 3027 914 aﬁverisimilisensisse
3051 846 3461 916 Acropolitam,
3485 846 3547 917 [P
3566 848 3692 918 443]

2060 931 2274 1002 quippe
2306 933 2599 987 hominem
2625 933 2924 1003 politicum
2957 934 3017 988 in
3050 933 3271 1004 paucis,
3317 950 3494 1004 quam
3542 940 3695 990 esset

2059 1020 2205 1075 635
2236 1020 2439 1074 merito
2472 1026 2776 1091 suspectus
2809 1021 3047 1077 Michael
3097 1022 3455 1093 Palaologus
3486 1040 3695 1092 procu—

2058 1113 2192 1162 rata
2224 1106 2373 1162 clam
2405 1109 2721 1164 eversionis
2752 1126 2818 1164 oc
2862 1110 3034 1164 cadis
3083 1110 3475 1179 Muzalonum,
3527 1113 3694 1182 cujus

2057 1195 2184 1249 ideo
2216 1196 2613 1267 catastrOpbes
2646 1201 2963 1268 apparatus
3011 1215 3075 1252 ac
3104 1214 3313 1253 causas
3369 1200 3694 1269 disquirere

2056 1284 2343 1339 curiosius
2373 1286 2635 1339 omiserit
2665 1286 2722 1339 in
2756 1303 2925 1357 opere
2957 1288 3025 1340 ad
3059 1288 3327 1357 gratiam,
3360 1292 3419 1341 ut
3453 1294 3693 1359 apparet

2058 1371 2387 1442 Palaologa
2419 1372 2649 1427 familia
2684 1378 2819 1428 tunc
2854 1375 3148 1444 regnantis
3170 1374 3347 1429 edito.
3394 1376 3691 1446 Suspicio-

2056 1460 2149 1513 nis
2180 1460 2305 1529 ejus
2338 1467 2579 1529 (prater
2609 1461 2945 1517 Cassianam
3006 1463 3396 1531 conjecturam
3433 1480 3497 1518 ex
3557 1481 3690 1519 suc-

2055 1562 2221 1602 cessu
2254 1548 2513 1618 petitam,
2535 1565 2661 1618 qua
2694 1550 2740 1603 si
2764 1551 3375 1620 eumonerabatcujus
3403 1551 3592 1606 fructu
3625 1569 3689 1607 ac

2055 1636 2206 1691 bono
2240 1637 2490 1691 maximo
2521 1639 2700 1691 amoti
2740 1655 2769 1691 e
2817 1639 3005 1693 medio
3061 1640 3390 1695 Muzalones
3451 1642 3687 1707 fuerint,

2054 1725 2347 1779 neminem
2384 1725 2571 1796 magis
2598 1726 2920 1781 infamabat
2959 1744 3133 1797 quam
3185 1728 3547 1797 Michaelem,
3594 1733 3686 1784 cui

296 1820 395 1874 sic
421 1835 483 1874 se
514 1820 886 1875 innocentem
916 1821 1038 1875 viro
1070 1821 1352 1890 probavit.
1390 1823 1455 1875 Et
1494 1821 1607 1875 alia
1657 1822 1945 1891 quadam-
1975 1856 2022 1919 B
2056 1813 2248 1919 ﬁditus
2271 1813 2349 1919 fid
2382 1813 2705 1919 imple-eripui
2727 1813 2834 1919 hoc
2868 1816 3016 1870 facto
3050 1817 3686 1919 patueritj‘etiam-l‘uu-

304 1916 481 1964 tenus
513 1909 728 1964 similia
761 1911 912 1979 apud
954 1909 1288 1965 Casarium.
1336 1910 1373 1964 Ι.
1411 1929 1473 1965 ιιι
1530 1912 1937 1979 Miraculorum,

293 2013 433 2069 qua
468 1998 600 2050 inde
629 1996 833 2051 recitat
867 1997 1053 2052 Delrio
1087 1998 1375 2069 locojjam
1419 1998 1691 2067 indicato,
1726 2016 1783 2069 p.
1836 2000 1935 2053 321

293 2085 400 2139 ed.
435 2085 616 2154 Lugd.

377 2180 514 2251 Cap.
549 2182 634 2236 13.
668 2181 773 2237 Ubi
806 2182 1021 2251 legitur
1052 2183 1109 2237 in
1145 2184 1358 2238 nostris
1388 2184 1559 2239 editis
1599 2184 1681 2243 οἷς
1715 2183 1743 2235 ὁ
1775 2181 1943 2255 λόγος

298 2264 653 2339 σπούδασμα,
687 2270 814 2324 cod.
849 2270 1018 2323 Barb.
1050 2270 1222 2324 aliam
1256 2272 1606 2341 suggerebat
1634 2272 1939 2327 lectionem

298 2373 426 2411 non
466 2355 911 2426 improbabilem
942 2354 1002 2408 τὸ
1040 2352 1499 2427 σπουδαζόμενον.

379 2454 511 2523 Cap.
550 2453 637 2509 14.
671 2454 831 2517 Quod
860 2453 974 2506 duo
1005 2454 1172 2507 codd.
1193 2454 1395 2523 optimi
1433 2456 1660 2509 Barber.
1690 2460 1747 2511 et
1770 2456 1940 2510 Allat.

300 2540 545 2607 habent,
599 2536 689 2591 καὶ
748 2536 1056 2607 ἀλαστήσας
1116 2540 1250 2610 πρὸς
1308 2539 1505 2594 ἐκεῖνον
1563 2543 1699 2609 οἷον,
1756 2543 1940 2597 Vatic.

306 2628 503 2682 reddit
531 2625 620 2679 καὶ
653 2626 765 2679 οἷον
799 2626 1162 2698 θυμούμενος.
1199 2629 1415 2699 Nempe
1454 2627 1698 2683 ἀλαστὲω
1748 2631 1944 2686 minus

311 2714 534 2769 usitata
581 2731 686 2768 vox
752 2715 876 2768 visa
932 2716 1311 2785 paraphraste
1370 2723 1472 2771 aut
1534 2718 1945 2789 interpolatore

310 2801 509 2872 potius
538 2818 712 2872 quam
761 2803 1080 2874 excriptore
1140 2804 1196 2857 in
1254 2804 1535 2859 tritiorem
1597 2822 1704 2860 usu
1761 2807 1948 2861 notio-

314 2902 555 2957 remque
588 2893 811 2943 mutata
831 2894 938 2958 est,
973 2894 1146 2959 prout
1204 2893 1419 2960 passim
1463 2892 1735 2963 deinceps
1792 2893 1946 2948 idem

311 2975 472 3030 solet.
510 2976 642 3039 Qua
666 2977 969 3047 sigillatim
1002 2982 1200 3031 notare
1232 2978 1409 3033 nimis
1440 2979 1677 3051 longum
1712 2982 1874 3034 foret.

384 3073 521 3143 Cap.
558 3073 641 3126 16.
674 3074 862 3142 Hujus
885 3075 1178 3129 concionis
1197 3092 1229 3129 a
1249 3075 1542 3131 Muzalone
1567 3079 1944 3148 protovestia-

310 3159 396 3214 rio
449 3160 658 3215 habita
716 3162 1065 3216 sententiam
1129 3163 1379 3217 breviter
1434 3166 1946 3235 comprehendisse

305 3247 468 3302 visus
499 3253 587 3303 est
614 3248 976 3318 Nicephorus
1024 3250 1327 3318 Gregoras,
1374 3250 1410 3304 1.
1448 3269 1530 3318 ιιι,
1586 3270 1640 3322 p.
1684 3254 1772 3321 30,
1806 3254 1945 3307 dum

307 3334 392 3388 sic
452 3335 689 3389 scribit:
750 3336 931 3389 Ταῦτα
1006 3331 1061 3388 δὲ
1121 3334 1218 3389 οὐκ
1272 3335 1521 3407 ἐλελήθει
1586 3338 1943 3406 Μουζάλωνα’

314 3418 487 3481 δεινὸς
549 3422 640 3491 μὲν
700 3422 800 3495 γὰρ
833 3422 860 3475 ὁ
887 3421 1024 3495 ἀνὴρ
1056 3424 1142 3476 καὶ
1176 3423 1439 3497 πρότερον
1470 3426 1536 3493 ἦν
1570 3426 1621 3487 ἐς
1669 3428 1730 3480 τὸ
1777 3424 1949 3482 συνιέ-

314 3528 395 3560 ναι
450 3512 693 3561 τοιαῦτα·
752 3510 876 3563 τότε
931 3507 988 3564 δὲ
1043 3510 1132 3565 καὶ
1190 3517 1295 3565 τῶν
1355 3515 1688 3589 πραγμάτων
1722 3515 1945 3583 ζεόντων

312 3596 402 3648 καὶ
452 3596 687 3669 ἀγωνίαν
742 3597 997 3672 μεγίστην
1045 3603 1113 3672 τῇ
1171 3599 1375 3654 τούτων
1425 3605 1577 3677 ψυχῇ
1626 3604 1946 3678 προξενούν-

311 3703 442 3751 των,
504 3685 863 3755 συνετώτερος
916 3684 1071 3746 αὐτὸς
1113 3684 1285 3741 ἐδόκει
1330 3688 1529 3761 πολλῷ
1576 3689 1787 3747 ἑαυτοῦ.
1840 3691 1946 3746 Καὶ

310 3767 376 3838 δὴ
409 3771 508 3839 τήν
553 3769 820 3844 ταχίστην
869 3771 922 3833 ἐς
978 3771 1369 3848 βουλευτήριον
1413 3778 1646 3839 ἅπαντας
1700 3786 1948 3853 μεγιστᾶ-

305 3879 397 3921 νας
429 3858 796 3929 συνηθροικὼς
826 3857 995 3928 δεξιάν
1026 3881 1084 3914 τε
1130 3859 1310 3915 ἐδίδου
1339 3869 1455 3925 τοῖς
1507 3864 1677 3931 ὅλοις,
1725 3867 1813 3920 καὶ
1844 3868 1947 3921 ἀπὸ

304 3945 401 3999 τοῦ
431 3946 656 4014 ἥττονος
706 3944 972 4021 προῦφερι
1002 3951 1102 4018 τὴν
1130 3949 1373 4021 ὁμιλίαν,
1426 3952 1513 4005 καὶ
1547 3950 1715 4021 δῆλος
1746 3956 1811 4022 ἦν
1843 3976 1946 4009 πα-

311 4036 654 4107 ραχωρήσων
702 4034 950 4107 ἀσμένως
1001 4041 1079 4108 τῷ
1132 4037 1455 4110 βουλομένῳ
1496 4042 1595 4107 τὴν
1648 4041 1944 4113 ἐπιτροπὴν

309 4126 414 4175 τῶν
444 4142 503 4175 τε
544 4126 742 4175 κοινῶν
789 4123 1124 4197 πραγμάτων
1168 4127 1254 4179 καὶ
1308 4125 1468 4180 αὐτοῦ
1519 4125 1711 4198 δήτοῦ
1757 4128 1949 4193 παιδὸς

312 4213 407 4263 τοῦ
438 4207 726 4283 βασιλέως.
756 4212 885 4267 Hac
918 4213 1018 4267 ibi.
1050 4219 1128 4268 Ex
1176 4216 1389 4284 quibus
1434 4222 1593 4288 patet
1635 4218 1945 4290 Georgium

319 4298 680 4353 Muzalonem
744 4301 1249 4371 protovestiorium
1316 4304 1463 4359 bene
1524 4306 1945 4377 intelligentem

313 4391 532 4457 quanta
559 4385 619 4440 in
650 4402 783 4441 eum
818 4390 1089 4460 flagraret
1131 4389 1369 4458 invidia,
1422 4393 1492 4447 ad
1544 4395 1837 4464 principes
1885 4396 1944 4448 in

309 4478 577 4529 senatum
612 4480 955 4530 convocatos
986 4492 1119 4531 cum
1162 4480 1453 4535 submisse
1498 4486 1673 4551 atque
1704 4484 1945 4537 obnoxie

2052 1901 2393 1953 damentum
2457 1900 2615 1955 aliud
2666 1902 3046 1973 Pachymeres
3088 1904 3369 1974 suggerit,
3404 1921 3459 1975 p.
3508 1907 3579 1959 55
3627 1907 3685 1963 ἱιι

2049 1986 2204 2041 hunc
2235 1988 2471 2041 modum
2500 1988 2789 2043 scribens:
2821 1988 3006 2044 Λῗτίαν
3042 1987 3098 2043 δὲ
3118 1984 3272 2064 ἔσχεν
3304 1990 3378 2052 εἰς
3407 1997 3592 2062 τοῦτο,
3613 1995 3688 2057 ὡς

2050 2072 2078 2124 ὁ
2134 2076 2239 2125 τῶν
2297 2073 2522 2128 πολλῶν
2584 2074 2747 2149 λόγος
2801 2072 2938 2151 ἔχει,
2973 2079 3000 2132 ὁ
3029 2079 3234 2133 τούτων
3273 2087 3372 2149 τῆς
3405 2083 3685 2158 φάλαγγος

2050 2159 2518 2233 ἐξηγούμενος,ὃς
2574 2164 2660 2217 καὶ
2710 2164 2877 2219 πάλαι
2930 2167 3024 2238 μὶν
3054 2168 3418 2240 ὡρμημένους
3469 2168 3681 2242 αὐτοὺς,

2048 2247 2169 2301 τότε
2201 2246 2246 2301 δ’
2278 2248 2591 2327 ἐξαφθὲντας
2619 2251 2811 2324 ξπλέον
2873 2254 3143 2316 ἀνεθέντας
3197 2261 3293 2310 τοῦ
3351 2253 3542 2334 φόϐου,
3596 2260 3686 2313 καὶ

2052 2333 2399 2411 δρασείοντας
2456 2342 2521 2393 τὰ
2570 2341 2866 2411 ἀνήκεστα,
2928 2342 2977 2412 ἐξ
3035 2344 3253 2417 ἑτοίμου
3326 2333 3541 2416 ἠρέθισε
3594 2349 3685 2402 τὸν

2052 2426 2213 2501 φόνον
2271 2426 2637 2500 ἐπιτολμῆσαι
2689 2431 2873 2505 καιρὸν
2932 2429 3177 2507 ἔχοντας.
3243 2436 3343 2489 Καὶ
3377 2436 3403 2488 ὁ
3436 2434 3597 2509 λόγος
3630 2436 3689 2491 ἐκ

2050 2518 2153 2566 τῶν
2213 2512 2429 2589 ὕστερον
2491 2514 2639 2592 φέρει
2696 2518 2757 2571 τὸ
2813 2521 3059 2582 πιθανόν
3122 2519 3375 2596 οὐδὲγὰρ
3416 2521 3688 2596 ἐτόλμων,

2050 2601 2102 2655 τί
2154 2604 2228 2673 μή
2258 2624 2403 2663 τινας
2432 2600 2783 2678 προϐιϐάσεις
2842 2608 3017 2681 εἶχον,
3048 2606 3365 2673 ἀλλοεθνεῖς
3407 2607 3554 2673 ὄντες
3601 2613 3690 2667 καὶ

2050 2690 2113 2742 τὸ
2143 2690 2307 2743 πλέον
2340 2691 2629 2760 ἐπήλυδες,
2673 2700 2780 2751 etc.
2841 2700 2973 2762 Qua
3023 2698 3358 2768 signiﬁcant
3404 2702 3691 2771 jactatum

2048 2780 2171 2848 jam
2204 2785 2327 2834 tum
2372 2783 2599 2837 arcanis
2659 2786 2921 2839 susurris
2978 2786 3415 2858 plerorumque,
3476 2792 3691 2847 cadem

2055 2858 2427 2923 Muzalonum
2461 2870 2531 2924 ab
2582 2871 2784 2926 Italica
2838 2874 3087 2929 maxime
3138 2875 3348 2931 militia
3401 2884 3689 2949 patratam

2057 2954 2211 3008 haud
2245 2956 2370 3010 sine
2400 2958 2756 3013 conscientia
2786 2966 2843 3014 et
2872 2961 3045 3017 tacito
3075 2963 3335 3034 impulsu
3370 2967 3539 3021 ducis
3579 2968 3693 3022 hu-

2050 3043 2151 3110 jus
2181 3043 2410 3113 generis
2446 3045 2698 3101 militum
2729 3047 2907 3102 videri
2940 3054 3310 3107 attentatam.
3338 3054 3460 3109 Non
3486 3056 3567 3109 ait
3599 3056 3689 3110 hic

2058 3131 2293 3199 quidem
2329 3132 2670 3189 nominatim
2705 3136 2839 3205 quis
2871 3137 2979 3192 iste
3009 3139 3124 3192 dux
3156 3140 3329 3195 fuerit
3352 3144 3483 3208 ;sed
3519 3160 3691 3214 supe-

1978 3206 2022 3273 C
2061 3217 2183 3271 rius
2216 3236 2267 3288 p.
2301 3220 2360 3273 21
2387 3221 2511 3289 jam
2545 3222 2767 3277 dixerat
2817 3224 3046 3279 Italicas
3095 3243 3298 3282 omnes
3344 3206 3540 3299 copias
3588 3206 3690 3285 Mi-

2056 3305 2239 3360 chaeli
2301 3308 2639 3380 Palaologo,
2700 3316 2765 3365 ut
2822 3328 3032 3383 magno
3089 3318 3447 3387 conostaulo,
3512 3320 3693 3375 fuisse

2058 3395 2376 3463 subjectas.
2412 3397 2572 3453 Unde
2603 3404 2829 3455 constat
2855 3400 2963 3456 hoc
3001 3401 3124 3457 loco
3155 3405 3527 3477 designatum
3586 3410 3695 3464 Mi-

2057 3480 2337 3551 chaelem,
2370 3485 2539 3539 tacito
2572 3492 2763 3541 tamen
2796 3489 2923 3557 ejus
2968 3491 3222 3561 nomine,
3272 3495 3341 3548 ad
3396 3494 3695 3550 vitandam

2057 3569 2279 3624 scilicet
2310 3572 2687 3629 offensionem
2721 3576 3066 3647 imperantis
3099 3580 3330 3637 domus.

2128 3678 2265 3744 Pag.
2300 3677 2385 3729 49.
2422 3678 2585 3748 Cujus
2635 3684 2829 3735 uxoris
2868 3686 3203 3739 avunculum
3249 3704 3306 3741 se
3356 3690 3695 3745 meminerat.

2058 3762 2853 3835 Conjugem'protovestiarii
2919 3772 3240 3829 Muzalouis
3299 3775 3601 3847 Gregoras,
3654 3779 3693 3833 l.

2057 3867 2141 3915 ιιι,
2177 3868 2306 3922 pag.
2340 3854 2430 3922 29,
2465 3854 2655 3909 solum
2688 3857 2768 3910 ait
2794 3858 3245 3930 eximperatorio
3264 3880 3471 3934 genere
3492 3866 3691 3922 fuisse:

2056 3945 2286 4009 gentem
2320 3958 2431 3995 non
2465 3944 2755 4013 exprimit.
2794 3945 3137 4017 Diligentius
3186 3956 3379 4005 noster
3418 3954 3542 4023 jam
3593 3972 3693 4009 su-

2057 4028 2275 4097 perius,
2310 4030 2478 4098 p.24,
2519 4032 2835 4101 scripserat
2883 4034 3063 4089 fuisse
3121 4036 3279 4091 illam
3340 4039 3688 4098 Cantacuze-

2056 4131 2190 4168 nam
2225 4132 2290 4168 ex
2316 4122 2473 4185 patre
2505 4117 2803 4174 Michaelis
2826 4122 3130 4194 Palaologi
3165 4142 3360 4181 sorore
3408 4130 3689 4200 genitam,

2055 4203 2289 4257 nomine
2315 4204 2694 4261 Theodoram.
2729 4208 2874 4263 Vere
2906 4225 3040 4282 ergo
3072 4214 3275 4268 scribit
3297 4222 3494 4270 noster
3523 4224 3577 4271 et
3599 4220 3691 4275 hic

2054 4296 2111 4345 et
2141 4293 2249 4345 sub
2280 4292 2455 4347 ﬁnem
2490 4311 2542 4364 p.
2575 4296 2663 4361 62,
2701 4296 3043 4353 Michaelem
3094 4301 3479 4373 Palaologum
3522 4301 3692 4373 οέῖον,

2054 4378 2163 4432 hoc
2195 4383 2281 4432 est
2311 4381 2664 4436 avunculum
2701 4385 2880 4439 fuisse
2912 4388 3104 4441 uxoris
3137 4388 3474 4446 Muzalonis.
3502 4393 3693 4456 Quan-

2055 4482 2225 4537 quam
2260 4467 2404 4522 mihi
2432 4470 2799 4536 posteriorem
2836 4473 3023 4529 locum
3060 4476 3466 4549 interpretanti
3505 4484 3693 4552 patrui

309 4560 593 4627 locutum,
625 4568 749 4616 tum
799 4563 949 4618 serio
992 4565 1366 4636 deprecatum
1430 4568 1641 4624 nimios
1699 4570 1940 4626 honores

2056 4555 2405 4611 vocabulum
2463 4576 2566 4628 pro
2635 4563 2919 4617 avunculo
2976 4565 3224 4634 excidit;
3284 4570 3437 4637 quod
3489 4587 3693 4642 precor

308 4649 521 4721 quibus
552 4655 706 4705 esset
738 4651 912 4705 homo
961 4669 1148 4708 novus
1207 4655 1589 4711 nobilissimis
1648 4658 1941 4729 pralatus,

308 4737 459 4791 ultro
492 4737 923 4794 abdicationem
966 4742 1495 4798 administrationis
1524 4745 1850 4814 reipublica
1886 4754 1943 4803 et

308 4823 499 4877 tutela
532 4826 695 4892 pueri
741 4828 993 4897 Augusti
1039 4829 1345 4885 obtulisse.
1378 4831 1535 4886 Unde
1566 4839 1801 4903 apparet
1852 4836 1939 4890 vel

308 4907 456 4963 hanc
487 4925 613 4965 esse
643 4912 831 4981 ipsam
872 4912 1201 4988 αὐτόχρημα
1241 4917 1561 4972 Muzalonis
1593 4920 1937 4989 orationem,

309 4997 477 5064 cujus
495 4999 821 5069 exemplum
849 5001 1224 5073 Pacbymeres
1254 5009 1458 5059 nactus
1482 5005 1616 5060 huic
1644 5007 1766 5063 loco
1786 5010 1937 5065 inse-

312 5083 508 5148 ruerit,
558 5085 643 5138 vel
696 5087 742 5141 si
803 5088 873 5141 ab
932 5089 1059 5159 ipso
1087 5091 1414 5161 conscripta
1446 5098 1535 5147 est
1567 5094 1934 5167 Pachymere,

311 5176 437 5241 apte
469 5171 541 5225 ab
575 5188 641 5226 eo
692 5174 761 5227 ad
812 5191 1007 5230 vervm
1069 5178 1451 5246 eﬂ'ormatam,
1509 5182 1837 5253 Acropolita
1868 5188 1938 5241 de

310 5257 400 5314 his
430 5259 582 5324 silet,
613 5278 677 5315 ac
709 5262 939 5317 solitam
973 5264 1335 5336 diligentiam
1371 5270 1663 5325 remittere
1711 5273 1939 5328 videtur

310 5346 364 5401 in
399 5348 529 5404 istis
562 5349 997 5421 initiisimperii
1048 5353 1366 5421 Michaelis,
1423 5356 1635 5427 vitans,
1692 5365 1755 5414 ut
1811 5363 1935 5433 opi-

311 5452 431 5501 nor,
484 5441 759 5507 tanquam
811 5439 1115 5509 scopulum
1171 5443 1450 5497 nefariam
1495 5449 1932 5517 oppressionem

308 5523 511 5594 pupilli
537 5525 806 5594 Joannis,
841 5543 910 5583 ne
941 5527 1352 5599 imperatorem
1384 5532 1739 5599 Michaelem,
1765 5539 1932 5609 cujus

310 5628 607 5683 nunquam
641 5614 767 5669 sine
797 5615 982 5687 elogio
1015 5617 1299 5689 meminit,
1330 5620 1659 5691 vituperare
1701 5639 1930 5697 cogere-

617 5732 880 5793 Paraon.
929 5734 1040 5794 Ga.
1085 5734 1337 5797 CXLIII.

2054 4641 2329 4698 lectorem
2363 4661 2432 4699 ne
2466 4648 2754 4719 corrigere
2783 4658 3072 4721 gravetur.

2122 4749 2257 4819 Pag.
2306 4751 2395 4805 50.
2453 4754 2533 4806 lbi
2576 4754 2770 4823 fatalis
2817 4758 3114 4813 necessitas
3161 4776 3388 4817 causam
3417 4766 3680 4823 absolvit.

2048 4838 2261 4892 Mentio
2289 4838 2381 4893 hic
2414 4840 2605 4895 fatalis
2640 4844 3003 4902 necessitatis
3046 4848 3117 4901 ad
3178 4850 3385 4905 mortis
3441 4852 3685 4910 inevita-

2048 4924 2222 4979 bilem
2257 4928 2661 4984 certitudinem
2697 4931 3096 5003 pertinet,non
3118 4942 3337 5007 autem,
3356 4940 3585 5011 opinor,
3610 4944 3679 4997 ad

2047 5017 2426 5073 astruendum
2470 5020 2716 5091 impium
2773 5024 2987 5095 dogma
3042 5025 3371 5085 libertatem
3433 5033 3677 5089 arbitrii.

2047 5120 2221 5175 quam
2289 5106 2553 5162 doctrina
2605 5110 2891 5167 catholica
2957 5116 3107 5169 tueri
3156 5118 3347 5186 jubet,
3411 5122 3684 5175 extermi-

2046 5208 2191 5247 nans
2216 5210 2516 5264 perperam
2550 5204 2769 5253 asserta
2797 5216 3110 5257 causarum
3142 5210 3489 5260 aternarum
3515 5209 3683 5264 obvia

2050 5296 2293 5351 quaque
2324 5282 2773 5341 ineluctabiliter
2805 5290 3155 5357 rapientium
3188 5292 3401 5347 invicta
3430 5298 3682 5364 quadam

2043 5368 2117 5424 vi.
2150 5369 2207 5424 Si
2239 5374 2429 5425 tamen
2467 5372 2559 5427 hic
2616 5380 2717 5429 aut
2774 5375 2910 5430 alibi
2971 5384 3171 5433 noster
3229 5380 3540 5437 historicus
3586 5389 3688 5439 aut

2041 5456 2165 5525 ipse
2190 5458 2444 5513 affirmat
2476 5461 2776 5531 quidpiam
2812 5468 2912 5517 aut
2940 5464 3085 5519 alios
3127 5466 3346 5520 aientes
3397 5470 3591 5533 refert,
3625 5472 3683 5525 in

2042 5559 2157 5614 quo
2188 5546 2317 5614 ejus
2346 5549 2655 5618 proscripti
2688 5551 2761 5605 ab
2792 5550 3049 5606 Ecclesia
3098 5554 3311 5609 erroris
3366 5555 3680 5626 vestigium

2044 5632 2278 5703 aliquod
2308 5635 2800 5708 deprehendatur,
2834 5639 3167 5696 meminerit
3210 5641 3392 5698 lector
3434 5644 3680 5701 catholi-

3282 5759 3356 5816 35
