4122 6272
446 286 588 343 1099

1480 283 1549 335 Ρ.
1591 278 1863 333 POSSINI
1901 272 2512 331 OBSERVATIONUM
2548 273 2683 327 LIB.
2723 275 2795 327 II.

3694 268 3844 330 1100

446 428 549 465 cus
584 410 727 464 nihil
763 407 1148 479 prtejudicare
1166 408 1363 459 contra
1385 402 1760 458 orthodoxam
1784 398 2085 453 veritatem
2118 398 2171 462 Α
2200 400 2590 451 consentanea
2617 393 2795 449 variis
2829 394 3086 450 historia
3135 396 3191 449 et
3248 391 3506 449 chronici
3557 391 3647 448 sui
3686 391 3841 448 locis

448 497 746 567 quaslibet
805 494 1320 551 schismaticorum
1375 490 1695 557 ej-iniones.
1743 487 1888 541 Nam
1938 487 2001 539 ut
2032 485 2090 538 in

447 584 789 655 praefatione
820 582 1307 653 praemonuimus,
1360 578 1449 631 hic
1499 577 1749 646 scriptor
1804 572 2089 628 schisma‘

452 675 607 728 ticus
638 677 746 727 est.

523 772 676 826 636
707 772 845 841 Cap.
882 769 969 822 19.
1022 770 1156 833 Quae
1207 765 1347 820 urbs
1394 780 1627 818 scenam
1684 760 1906 817 dederit
1956 756 2093 811 huic

450 860 773 930 tragoediae,
806 873 911 911 nec
948 862 1147 910 noster
1178 871 1282 908 nec
1312 853 1646 923 Acropolita
1685 866 1788 904 nec
1810 850 2092 916 Cregoras

454 949 627 1015 clare,
660 948 800 1000 dum
836 961 962 998 eam
999 947 1261 1009 narrant,
1296 941 1643 1010 exprimunt.
1668 937 1867 991 Fuisse
1900 938 2093 987 autem

455 1035 814 1106 Magnesiam
882 1048 947 1085 ex
1021 1030 1251 1084 duobus
1318 1026 1677 1097 argumentis
1743 1021 2092 1092 colligimus.

455 1124 619 1177 Prius
651 1121 917 1192 estquod
960 1136 1007 1173 c.
1062 1120 1128 1172 15
1180 1119 1355 1171 refert
1411 1114 1809 1185 Pachymcres,
1868 1113 2095 1163 mortuo

453 1212 754 1266 Theodoro
787 1212 1046 1278 Augusto
1076 1208 1203 1276 ejus
1238 1205 1421 1258 filium
1454 1204 1525 1257 ab
1556 1204 1683 1272 ejus
1725 1204 1913 1253 tutore
1970 1200 2093 1249 Mu-

451 1300 653 1353 zalone
686 1298 1001 1352 deductum
1036 1296 1094 1347 in
1129 1291 1591 1347 munitissimam
1630 1304 1821 1344 arcem
1855 1287 1924 1340 ad
1959 1284 2097 1338 Iler-

454 1404 616 1441 mum
656 1383 982 1455 Magnesiae.
1037 1384 1223 1447 Quare
1274 1397 1405 1434 cum
1469 1379 1842 1432 manifestum
1902 1372 1976 1427 sit
2031 1388 2099 1426 ex

451 1476 584 1546 ipsa
616 1473 892 1528 relatione
925 1471 1005 1525 rei
1040 1487 1191 1525 nono
1220 1470 1308 1522 die
1341 1486 1372 1521 a
1402 1467 1685 1522 Theodori
1717 1464 1876 1518 obitu
1900 1464 2095 1532 gestae,

459 1581 569 1619 non
592 1562 764 1633 longe
789 1560 1046 1614 abfuisse
1064 1560 1342 1613 Joannem
1368 1554 1647 1626 pupillum
1676 1552 1843 1607 aloco
1867 1549 2097 1604 ubiMu-

458 1652 688 1707 zalones
722 1648 1006 1703 interfecti
1040 1653 1200 1713 sunt,
1220 1644 1871 1715 oportetidfactumnon
1900 1636 2094 1708 procul

460 1744 530 1795 ab
557 1741 697 1793 urbe
727 1736 1037 1807 Magnesia.
1071 1734 1239 1789 Aliud
1266 1736 1672 1802 argumentum
1708 1728 1998 1782 sumimus
2028 1741 2096 1779 ex
2128 1751 2174 1813 B

460 1828 673 1898 templo
696 1823 1250 1891 Sosandrorum,ubi
1277 1820 1572 1891 piaculum
1607 1817 1750 1871 illud
1802 1820 2095 1886 patratum

461 1922 568 1973 est.
607 1920 681 1970 De
712 1932 826 1985 quo
858 1915 940 1968 sic
973 1912 1175 1966 scribit
1206 1910 1510 1979 Gregoras,
1545 1906 1583 1959 1.
1620 1923 1680 1970 ιι,
1724 1919 1854 1974 pag.
1886 1904 1977 1968 21,
2029 1904 2098 1956 de

457 2006 683 2060 Joanne
715 2008 870 2056 Duca
904 2001 1021 2055 sive
1053 2002 1279 2053 Batatze
1303 2002 1359 2051 et
1392 1997 1521 2065 ejus
1552 1994 1792 2060 conjuge
1836 1993 2100 2060 Augusta

460 2110 633 2148 rene:
696 2087 1012 2159 Ἐδείμαντο
1070 2084 1126 2139 δὲ
1174 2085 1261 2137 καὶ
1295 2084 1454 2145 ναοὺς
1485 2079 1781 2157 ἀμφότεροι
1833 2076 1952 2132 λίαν
2000 2097 2099 2129 πε-

459 2178 759 2255 ρικαλλεῖς,
811 2175 1086 2235 πλείστοις
1131 2171 1481 2243 ἀναλώμασιν
1538 2167 1788 2241 μεγίστας
1839 2164 1927 2219 καὶ
1976 2185 2100 2218 ποι-

456 2254 613 2329 κίλας
664 2267 762 2327 τὰς
818 2264 1021 2319 τούτων
1082 2259 1377 2333 οἰκοδομὰς
1427 2261 1510 2328 [Ρ.
1548 2258 1671 2327 414]
1714 2254 2101 2308 κατεσκευακό-

458 2378 568 2426 τες,
628 2357 654 2409 ὁ
713 2355 804 2426 μὲν
869 2351 1119 2426 βασιλεὺς
1170 2349 1258 2403 τόν
1305 2369 1362 2401 τε
1389 2346 1511 2420 περὶ
1543 2345 1638 2412 τὴν
1672 2342 1979 2417 Μαγνησίαν
2030 2339 2105 2403 εἷς

464 2441 639 2516 ὄνομα
688 2450 786 2511 τῆς
846 2443 1193 2513 Θεομήτορος
1249 2433 1543 2508 Σώσανδρα
1597 2431 1959 2503 καλούμενον,
2015 2429 2103 2482 καὶ

461 2533 553 2587 τὸν
614 2530 760 2591 ἐντὸς
806 2536 905 2596 τῆς
952 2526 1175 2586 Νικαίας
1203 2525 1277 2585 εἰς
1310 2521 1483 2595 ὄνομα
1538 2520 1827 2577 Ἀντωνίου
1884 2521 1978 2571 τοῦ
2013 2536 2106 2588 με·

466 2618 746 2695 γάλουΕῐι
765 2616 1047 2687 templum
1070 2614 1496 2668 Sosandrorum
1514 2611 1736 2664 dictum
1758 2607 2103 2662 aediﬁcatum

470 2692 1053 2779 magnificentissime
1085 2721 1117 2756 a
1146 2702 1369 2756 Joanne
1403 2702 1629 2752 Batatze
1679 2699 1937 2765 Augusto
1983 2692 2106 2766 περὶ

469 2792 787 2868 Μαγνησίαν
848 2792 999 2845 circa
1056 2789 1437 2860 Magnesiam,
1484 2786 1591 2838 hoc
1622 2790 1730 2851 est,
1764 2787 1827 2836 ut
1882 2781 2106 2851 opinor,

471 2886 530 2939 in
557 2883 896 2939 suburbano
928 2880 1054 2947 ejus
1086 2876 1341 2930 civitatis
1375 2882 1533 2928 extra
1561 2874 1687 2941 ejus
1718 2887 1936 2924 muros.
1964 2869 2109 2924 Nam

472 2974 577 3028 hoc
606 2970 783 3040 exigit
814 2965 1124 3021 antithesis
1156 2980 1287 3018 cum
1323 2962 1435 3015 alio
1471 2962 1528 3014 in
1562 2960 1839 3012 honorem
1872 2961 1927 3009 S.
1987 2962 2109 3009 An-

468 3059 611 3115 tonii
640 3056 857 3127 Magni,
908 3052 1055 3112 ἐντὸς
1111 3056 1211 3118 τῆς
1271 3047 1497 3106 Νικαίας
1555 3047 1711 3099 intra
1768 3052 1965 3098 urbem
2014 3043 2112 3097 Ni-

473 3164 649 3203 caeam
680 3146 751 3199 ab
778 3144 988 3199 eodum
1023 3144 1265 3194 structo.

544 3248 681 3314 Pag,
734 3242 828 3306 6,2
878 3242 1102 3307 Impune
1153 3237 1356 3288 velute
1409 3233 1568 3301 Mysis
1620 3229 1870 3301 praedam
1923 3244 2106 3293 conge-

474 3313 685 3397 rebant,
719 3335 849 3395 etc.,
885 3328 967 3381 sic
1000 3322 1393 3394 expressimus
1434 3320 1635 3374 Graeca
1679 3317 1779 3371 illa
1820 3315 1909 3368 καὶ
1968 3313 2113 3369 λείαν

477 3418 673 3475 Μυσῶν
705 3415 961 3469 τάκείνων
1024 3409 1264 3464 ἐποίουν.
1326 3410 1537 3463 Notum
1599 3407 1927 3460 Grmcorum
1977 3407 2113 3459 ada-

483 3512 645 3581 gium
677 3511 766 3561 est
796 3505 995 3558 Μυσῶν
1051 3497 1216 3566 λείας
1274 3498 1331 3551 in
1383 3498 1552 3565 cujus
1603 3494 1967 3548 enarratione
2025 3510 2114 3547 as-

484 3598 704 3653 sentior
752 3593 946 3664 potius
975 3588 1222 3644 Zenobio
1284 3590 1340 3639 et
1394 3584 1584 3637 Suida:
1645 3582 1871 3653 passive
1930 3582 1986 3634 id
2046 3582 2116 3635 de

472 3685 649 3755 Mysis
681 3682 887 3753 praeda:
919 3681 1043 3733 sine
1086 3675 1311 3730 vindice
1353 3672 1633 3743 expositis
1692 3668 2116 3738 interpretanti-

474 3775 608 3841 bus,
644 3787 819 3842 quam
855 3767 1211 3838 Diogeniano
1245 3764 1435 3834 Mysos
1485 3761 1833 3831 praedatores
1884 3758 2114 3812 vicino-

474 3879 607 3918 rum
638 3863 764 3917 sine
797 3863 1034 3913 auctore
1068 3854 1274 3907 idoneo
1308 3849 1626 3904 inducenti.

541 3966 680 4029 Pag.
709 3957 799 4011 59.
832 3959 1086 4009 Calceum
1118 3950 1178 4003 in
1222 3957 1443 4002 mortuo
1498 3944 1741 4014 nigrum.
1803 3942 2113 3996 Existima~

469 4052 601 4101 rant
633 4047 788 4100 hunc
819 4038 1325 4112 Theopbylactum
1350 4032 1799 4105 grammaticum
1823 4046 1951 4084 esse
1982 4044 2113 4099 pro-

464 4133 865 4191 tovestiarium
901 4123 1546 4191 Muzalonem.idecque
1568 4119 1734 4173 illum
1760 4119 2110 4172 occiderant.

468 4224 579 4278 Sed
611 4237 747 4275 cum
783 4214 999 4273 mortui
1035 4214 1260 4267 calceos
1287 4210 1487 4279 nigros
1540 4205 2111 4273 animadvertissent,

468 4325 693 4365 errasse
724 4323 785 4360 se
808 4305 1185 4375 agnoverunt.
1249 4296 1561 4361 Nimirum,
1612 4298 1675 4347 ut
1725 4294 1890 4345 docet
1944 4292 2107 4345 Codi-

470 4415 602 4464 nus,
639 4401 714 4450 De
738 4374 906 4463 ante,
939 4406 987 4444 c.
1020 4390 1072 4453 4,
1100 4404 1153 4455 ρ.
1182 4386 1249 4439 t6
1273 4385 1362 4438 ed.
1388 4384 1411 4436 1
1440 4381 1648 4444 Paris.,
1675 4379 1756 4433 Τὰ
1783 4374 2110 4448 ὑποδήματα

467 4484 629 4539 αὐτοῦ
707 4472 1272 4553 (πρωτοϐεστιαρίου)
1345 4470 1613 4543 πράσινα.
1682 4467 1827 4520 Hinc
1902 4466 2113 4519 intelli-

466 4574 626 4646 gitur
656 4572 713 4625 in
748 4567 970 4623 caeteris
1016 4560 1379 4617 indumentis
1438 4556 1584 4611 nihil
1643 4559 1767 4608 tum
1829 4554 2105 4607 eximium

467 4644 905 4733 protovestiario
930 4653 1127 4720 fuisse,
1163 4667 1273 4719 quo
1317 4667 1349 4702 a
1381 4648 1602 4717 privato
1660 4644 2105 4696 discerneretur.

468 4730 662 4819 inquo
688 4746 1190 4817 posteamutatum
1222 4735 1638 4807 quidpiam.Ut
1656 4731 1810 4785 enim
1845 4730 2112 4783 observat

469 4817 622 4892 idem
644 4834 899 4889 Codinus
933 4846 979 4882 c.
1014 4830 1068 4895 2,
1089 4844 1144 4896 p,
1160 4822 1469 4890 8,Michael
1489 4821 1711 4891 primus
1730 4836 1759 4873 e
1779 4817 2109 4887 Palmolegis

472 4928 784 4997 imperator
812 4916 1443 4991 prasinaindumenta,
1497 4928 1625 4981 quae
1668 4910 1893 4978 insigne
1950 4908 2111 4979 prius

471 4996 702 5070 fuerant
735 5004 1141 5082 protosebasti,
1168 5004 1236 5058 ad
1268 4996 2109 5082 protovestiariumtranstulit:

471 5080 789 5171 Σημείωσαι
822 5093 904 5149 ὅτι
960 5088 1220 5167 βασιλεὺς
1257 5085 1491 5161 Μιχαὴλ
1545 5090 1652 5138 τῶν
1718 5080 2109 5156 Παλαιολόγων

466 5194 707 5264 πρῶτος,
739 5184 843 5238 ἀπὸ
871 5185 967 5235 τοῦ
1010 5173 1470 5251 πρωτοσεϐαστοῦ
1502 5173 1567 5226 τὰ
1604 5172 1835 5244 πράσινα
1876 5171 2111 5247 ἀφελὼν,

466 5259 685 5354 ἐφόρεσε
734 5277 901 5328 ταῦτα
960 5270 1034 5331 εἷς
1092 5270 1182 5323 τὸν
1245 5265 1471 5336 ἀνεψιὸν
1533 5260 1696 5314 αὐτοῦ
1737 5259 1971 5334 Μιχαὴλ
2022 5261 2114 5315 τὸν

466 5346 905 5439 Ταρ’χανειώτην,
962 5358 1201 5429 τιμήσας
1277 5346 1801 5427 πρωτοϐεστιάριον,
1866 5350 1951 5403 Ita
1998 5351 2111 5403 me.

543 5466 671 5535 Pag.
712 5462 799 5515 8|.
861 5456 1135 5512 Theodori.
1187 5453 1265 5506 De
1301 5452 1405 5504 boe
1465 5447 1797 5535 Theodoro,
1831 5447 2117 5502 videndus

470 5534 821 5622 Acropolita,
854 5544 1039 5600 multa
1088 5544 1158 5596 de
1189 5539 1288 5594 illo
1322 5538 1416 5591 his
1454 5552 1579 5607 quas
1634 5534 1729 5589 hic
1786 5534 2120 5590 indicantur

2201 484 2472 536 referens.
2508 481 2639 551 Agit
2671 486 2728 536 et
2760 483 2830 537 de
2858 482 2955 536 illo
2990 486 3295 549 Gregoras,
3331 481 3369 535 l.
3420 498 3483 550 ιι,
3539 498 3594 551 p.
3654 481 3718 535 41
3780 484 3845 535 et

2201 571 2285 639 12,
2321 570 2442 635 ubi,
2477 570 2647 623 etiam
2674 571 2949 625 ascivisse
2979 570 3176 641 ipsum
3209 571 3323 624 sibi
3381 584 3592 624 nomen
3652 570 3845 639 impe-

2200 658 2411 711 ratoris
2439 658 2615 711 tradit
2646 657 2735 711 his
2767 659 2980 723 verbis,
3011 656 3101 709 καὶ
3138 654 3412 730 βασιλείας
3459 655 3631 725 ἑαυτῷ
3682 674 3848 728 περι-

2198 744 2407 813 τίθησιν
2442 739 2615 815 ὄνομα
2645 762 2658 809 ς
2692 746 2841 800 637
2880 762 3131 816 quorum
3165 746 3514 801 sententiam
3547 761 3661 799 non
3695 746 3845 799 satis

2201 835 2487 905 expressit
2514 835 2819 905 interpres,
2854 837 2992 889 dum
3020 838 3188 890 vertit
3232 837 3341 889 sibi
3371 834 3586 902 regium
3640 850 3845 888 nomen

2202 926 2455 978 asciscit:
2516 923 2658 977 satis
2716 924 2872 977 enim
2931 941 2998 978 ex
3046 922 3538 992 consequentibus
3596 926 3845 993 apparet

2204 1010 2448 1065 seillum
2486 1028 2587 1081 pro
2616 1011 2965 1081 imperatore
3022 1011 3298 1081 gessisse,
3359 1016 3415 1064 et
3468 1010 3644 1064 talem
3703 1026 3851 1063 con-

2205 1100 2385 1152 suetis
2442 1099 2650 1152 ritibus
2710 1098 3046 1169 inaugurari
3100 1115 3161 1153 se
3192 1113 3427 1152 curasse
3469 1115 3503 1152 a
3560 1097 3850 1168 Bulgaria

2206 1187 2496 1257 episcopo,
2533 1193 2596 1240 ut
2620 1202 2751 1240 mox
2778 1187 2946 1241 docet
2975 1187 3129 1240 idem
3164 1186 3481 1258 Gregoras:
3515 1185 3606 1239 cui
3643 1190 3850 1239 noster

2207 1275 2577 1329 consentiens
2611 1275 2782 1345 paulo
2814 1274 3077 1343 inferius,
3132 1274 3240 1329 hoc
3271 1275 3478 1344 capite,
3513 1274 3571 1327 id
3625 1273 3849 1327 factum

2208 1364 2279 1417 ab
2312 1363 2650 1416 Achridensi
2682 1363 2974 1433 episcopo,
3008 1362 3100 1416 cui
3130 1362 3389 1417 Jacobus
3448 1377 3660 1415 nomen
3721 1365 3853 1416 erat

2206 1452 2404 1506 tradit.
2432 1451 2651 1521 Nempe
2698 1450 2906 1505 Achris
2966 1450 3249 1521 Bulgariaa
3303 1450 3640 1520 metropolis
3696 1453 3849 1515 erat,

2277 1549 2413 1619 Cap.
2445 1548 2533 1601 31.
2565 1547 2818 1602 Victoria
2850 1547 2956 1602 hoc
2987 1546 3175 1617 capite
3204 1550 3461 1611 narrata,
3514 1562 3630 1616 qua
3686 1547 3851 1616 prin-

2208 1653 2341 1707 ceps
2367 1635 2592 1689 Achaiae
2626 1651 2657 1688 a
2687 1635 2962 1689 Romanis
2993 1634 3242 1688 ducibus
3272 1641 3480 1704 captus
3538 1638 3646 1699 est,
3708 1650 3843 1704 pro-

2208 1724 2423 1777 ditione
2452 1722 2693 1777 Joannis
2719 1721 2901 1791 nothi,
2934 1723 3173 1776 confuse
3204 1722 3275 1775 ab
3298 1721 3632 1791 Acropolita
3662 1738 3714 1775 c.
3748 1721 3843 1787 82,

2208 1818 2263 1866 et
2292 1827 2325 1864 a
2354 1810 2606 1881 Gregora
2637 1810 2674 1864 Ι,
2710 1827 2792 1877 ιιι,
2826 1828 2883 1881 p.
2940 1811 3008 1862 35
3066 1814 3443 1864 memoratur.
3500 1808 3845 1865 Clarissima

2207 1898 2467 1955 omnium
2500 1915 2623 1953 eam
2656 1904 2850 1953 noster
2880 1899 3133 1969 exponit,
3165 1898 3438 1951 indicatis
3469 1898 3596 1965 ejus
3628 1896 3852 1965 causis,

2209 2004 2458 2060 quarum
2492 1987 2777 2057 praecipua
2810 1986 2914 2040 fuit
2946 1985 3297 2040 contumelia
3326 1986 3538 2040 Joanni
3569 1985 3749 2038 notho
3781 1984 3852 2038 il-

2209 2077 2346 2142 lata,
2380 2093 2552 2147 quam
2586 2075 2680 2129 ille
2700 2075 3024 2144 proditione
3050 2073 3208 2128 ultus
3232 2074 3357 2127 suis
3390 2074 3685 2127 foederatis
3718 2089 3854 2126 ma-

2212 2182 2383 2236 gnam
2412 2164 2722 2234 improviso
2755 2163 2977 2217 cladem
3011 2162 3293 2218 intulerit.
3346 2161 3490 2217 Illud
3536 2166 3768 2215 tantum
3818 2178 3853 2215 ι

2213 2258 2410 2308 nostro
2443 2253 2901 2323 praetermissum
2946 2251 3053 2306 hoc
3084 2251 3229 2314 loco,
3265 2250 3367 2305 sed
3400 2249 3653 2320 positum
3692 2253 3854 2321 post-

2213 2358 2299 2408 ea,
2353 2359 2402 2395 c.
2452 2341 2536 2406 13,
2596 2340 2636 2395 l.
2685 2357 2747 2405 ιι,
2809 2347 3132 2409 opportune
3189 2338 3450 2409 suggerit
3495 2336 3851 2407 Acropolita,

2213 2435 2327 2484 tres
2363 2429 2753 2482 Romanorum
2787 2428 2985 2489 duces,
3020 2426 3235 2495 quibus
3268 2425 3362 2479 hic
3385 2441 3697 2479 successus
3720 2440 3852 2478 con-

2212 2519 2362 2587 tigit.
2394 2516 2678 2570 Joannem
2704 2513 3002 2568 Michaelis
3020 2513 3262 2584 Augusti
3292 2512 3851 2576 fratrem,Constan-

2215 2607 2404 2661 tinum
2447 2603 2777 2658 Tornicium
2831 2608 2888 2657 et
2941 2602 3209 2658 Alexium
3268 2600 3747 2671 Strategopulum
3790 2599 3853 2654 in

2217 2697 2515 2765 prmmium
2569 2691 2820 2746 victoria:
2879 2691 3069 2745 fuisse.
3126 2690 3195 2745 ab
3252 2691 3596 2760 imperatore
3648 2692 3853 2743 auctos

2217 2781 2573 2837 honoribus:
2602 2784 2881 2833 Joannem
2919 2780 3071 2832 enim
3107 2778 3269 2848 prius
3328 2778 3854 2833 sebastocratorem

2219 2873 2519 2940 despotam
2562 2872 2842 2930 creatum,
2902 2866 3167 2921 Tornicio
3222 2881 3354 2921 vero
3413 2870 3583 2919 antea
3642 2881 3857 2936 magno

2221 2957 2548 3030 primicerio
2581 2954 3060 3009 sebastocratoris
3093 2952 3331 3007 titulum
3392 2951 3693 3007 collatum.
3754 2952 3855 3006 De-

2224 3046 2400 3114 nique
2470 3041 2559 3094 τὸν
2628 3037 3084 3115 Σρατηγόπουλον
3151 3039 3394 3108 Ἀλὲξιον
3452 3040 3668 3111 (verba
3724 3045 3864 3094 sunt

2223 3131 2592 3202 Acropolilae)
2708 3127 2871 3202 μέγαν
2973 3125 3294 3199 δομέστικον
3380 3128 3408 3181 ὁ
3509 3126 3863 3199 αὖνοκράτωρ

2221 3218 2555 3291 τετιμηκὼς,
2614 3218 2682 3269 δι’
2732 3214 3045 3284 ἀποστολῆς
3093 3216 3352 3287 τετίμηκε
3408 3214 3646 3287 Καίσαρα
3704 3216 3864 3269 Stra-

2224 3307 2543 3377 tegopulum
2574 3307 2827 3360 Alexium
2873 3307 3032 3372 prius
3060 3321 3095 3358 α
3152 3321 3209 3358 se
3243 3305 3321 3374 [P.
3355 3304 3481 3373 445]
3536 3305 3867 3357 honoratum

2223 3397 2417 3465 magni
2450 3395 2733 3448 domestici
2788 3395 2989 3462 ofﬁcio,
3051 3394 3315 3447 Caesarem
3352 3393 3633 3446 absentem
3689 3391 3860 3456 dixit,

2224 3494 2273 3540 et
2304 3485 2465 3538 istius
2512 3483 2621 3553 ipsi
2673 3481 2961 3551 dignitatis
3012 3484 3159 3536 misit
3190 3482 3458 3549 insignia.
3512 3480 3618 3534 Hic
3670 3481 3865 3534 Casar

2225 3572 2397 3645 paulo
2432 3577 2561 3641 post
2592 3575 2796 3640 captus
2829 3571 2899 3623 ab
2950 3570 3237 3635 hostibus,
3282 3574 3347 3623 ut
3403 3585 3528 3639 cap.
3592 3567 3864 3638 sequenti

2226 3668 2417 3714 noster
2442 3659 2637 3722 tradit,
2671 3659 2767 3711 sed
2818 3673 2956 3727 pace
3008 3657 3158 3711 facta
3206 3657 3350 3710 liber
3399 3655 3706 3719 dimissus,
3759 3672 3861 3708 ur-

2224 3748 2353 3800 bem
2414 3744 2973 3814 Constantinopolim
3032 3750 3232 3813 postea
3280 3743 3497 3814 recepit
3546 3758 3575 3797 e
3635 3742 3864 3796 Latinis

2225 3835 2361 3889 Post
2390 3835 2539 3903 quod
2592 3834 2800 3887 iterum
2861 3837 3084 3903 captus,
3146 3837 3201 3886 et
3242 3832 3303 3885 in
3364 3831 3531 3885 Italia
3587 3831 3862 3884 detentus

2225 3923 2508 3989 custodia,
2541 3922 2676 3975 inde
2709 3922 3131 3992 permutatione
3163 3937 3297 3974 cum
3331 3920 3568 3975 domina
3601 3921 3763 3973 Anna
3780 3934 3865 3973 re-

2224 4012 2466 4065 stitutus
2499 4014 2586 4064 est
2616 4008 2831 4079 patriae.

2295 4108 2428 4177 Pag.
2460 4107 2525 4158 91
2560 4104 2895 4160 Modulatam
2915 4106 3128 4169 tussim,
3190 4103 3381 4157 Graece
3430 4098 3670 4172 ἐμμελὲς
3729 4100 3859 4173 βήτ-

2218 4216 2349 4248 τειν.
2384 4198 2678 4248 Consuetae
2710 4192 3076 4246 adulatorum
3107 4208 3297 4245 voces.
3354 4191 3561 4244 Juven.
3612 4190 3731 4244 Sat.
3761 4205 3858 4243 tu:

2223 4284 2480 4338 Laudare
2507 4290 2736 4352 paratus
2765 4283 2814 4335 si
2845 4281 2977 4334 bene
3007 4279 3268 4349 ructavit,
3302 4284 3410 4333 etc.

2294 4382 2426 4451 Pag.
2461 4381 2550 4433 91.
2584 4379 2748 4432 Nemo
2778 4381 3027 4433 contactu
3056 4379 3193 4446 ferri
3222 4374 3523 4443 candentis,
3555 4378 3664 4428 etc.
3727 4375 3861 4429 Sus-

2226 4470 2365 4524 tulit
2398 4468 2588 4523 adhuc
2619 4469 2879 4537 despota,
2914 4468 3010 4521 sed
3036 4466 3269 4521 inhians
3327 4465 3573 4534 imperio
3616 4461 3859 4517 Michael

2216 4559 2483 4628 iniquum
2510 4572 2684 4610 usum
2720 4556 2989 4624 adigendi
3038 4560 3341 4608 accusatos
3372 4552 3690 4606 dubiorum
3752 4550 3855 4604 cri-

2218 4647 2443 4699 minum
2506 4645 2574 4697 ad
2637 4642 3028 4696 innocentiam
3088 4642 3445 4712 probandam
3505 4638 3859 4708 ancipitibus

2219 4733 2632 4804 experimentis
2674 4730 3094 4785 monomachia:
3152 4735 3252 4784 aut
3295 4733 3599 4783 contactus
3658 4742 3857 4780 massae

2220 4819 2520 4874 candentis
2550 4836 2564 4885 ;
2599 4819 2667 4871 de
2708 4818 2921 4887 quibus
2954 4834 3059 4871 nos
3091 4832 3269 4886 supra
3297 4815 3366 4867 ad
3402 4829 3534 4884 pag.
3565 4813 3657 4866 33.

2293 4919 2429 4989 Pag.
2464 4918 2554 4980 94,
2595 4918 2745 4971 Vicit
2772 4926 2952 4970 tamen
2999 4915 3196 4970 divina
3249 4911 3690 4985 prwdestinatio,
3750 4913 3858 4963 etc.

2220 5008 2279 5061 In
2333 5005 2730 5060 evectionibus
2788 5004 3093 5058 hominum
3153 5002 3223 5057 ad
3281 5016 3459 5072 regna
3510 4998 3861 5069 peculiarem

2223 5110 2453 5164 semper
2481 5093 2832 5146 intervenire
2865 5091 2962 5145 Dei
2994 5089 3440 5161 providentiam,
3468 5104 3591 5157 quae
3638 5084 3865 5139 nullum

2222 5201 2286 5238 eo
2320 5181 2560 5253 perduci
2593 5181 2847 5251 patiatur
2878 5197 2991 5234 non
3024 5183 3157 5234 ante
3188 5177 3297 5233 sibi
3333 5177 3729 5247 designatum,
3764 5187 3865 5242 pro

2223 5276 2377 5327 certo
2412 5275 2467 5323 et
2497 5268 2669 5340 vulgo
2700 5273 2833 5323 noto
2891 5268 3160 5339 proponit
3210 5266 3334 5337 ipse
3386 5262 3631 5319 Michael
3688 5260 3865 5322 infra,

2226 5360 2448 5431 p.15’t,
2510 5357 2601 5411 his
2662 5357 2897 5413 verbis:
2956 5354 3059 5410 Καὶ
3118 5352 3267 5421 Θεὸν,
3328 5351 3476 5424 εἷ’περ
3544 5348 3649 5403 τινὶ
3710 5344 3867 5415 ἄλλῳ

2231 5466 2486 5520 μεγιστῳ,
2561 5444 2649 5497 καὶ
2726 5442 3045 5498 καταστάσει
3118 5438 3399 5516 βασελείας
3486 5436 3720 5492 συνιέναι
3778 5454 3867 5488 πι-

2227 5534 2379 5589 στεύο
2389 5553 2504 5605 μεν,
2537 5538 2646 5589 etc.
