4122 6272
294 324 431 392 1101

1867 324 2097 382 NOTE.

3547 323 3690 380 1102

366 456 505 526 Pag.
536 454 627 508 95.
681 451 842 517 Quod
887 450 983 504 hic
1014 448 1249 517 dicitur,
1299 446 1557 502 solutum
1604 464 1638 501 a
1690 446 1933 519 synodio
1965 448 2015 513 Α
2045 455 2202 503 tuum
2248 451 2312 506 de
2358 452 2469 506 loco
2528 467 2645 520 suo,
2694 451 2809 505 nisi
2849 449 3227 520 paenitentiam
3270 446 3441 518 egeris
3498 448 3684 519 (Apoc.

297 542 527 615 antiqui
565 539 845 611 religione
885 535 1278 607 jurisjurandi
1329 534 1692 600 Michaelem,
1723 533 1938 603 quibus

294 629 644 702 exprimitur
670 626 882 691 verbis,
918 639 1028 678 non
1062 623 1292 676 videtur
1336 621 1493 676 aliud
1522 637 1730 676 sonare
1763 637 1936 690 quam

296 719 626 775 declarasse
680 715 841 784 ipsos
886 711 1025 783 quid
1062 710 1118 764 in
1153 727 1211 764 re
1260 714 1437 778 esset,
1496 714 1553 763 et
1598 709 1749 763 638
1805 725 1939 762 con-

302 807 491 863 sultos
524 809 579 860 et
626 804 889 858 doctores
921 798 1293 870 respondisse
1342 814 1457 851 non
1514 798 1694 851 videri
1736 797 1939 850 vincu-

298 895 422 949 lum
456 891 664 964 prioris
716 889 875 943 illius
920 886 1267 941 sacramenti
1318 886 1389 939 ad
1444 884 1552 939 hoc
1607 889 1839 954 tempus
1876 898 1940 936 ac

300 998 497 1039 rerum
528 978 836 1034 articulum
870 974 1115 1030 extendi.
1150 975 1496 1042 Quanquam
1545 972 1593 1026 si
1626 972 1807 1026 Graeci
1843 969 1941 1023 isti

299 1077 356 1127 et
386 1077 523 1124 tunc
552 1069 622 1123 ab
657 1065 923 1121 Ecclesia
960 1064 1228 1117 Romana:
1268 1060 1681 1116 communione
1712 1056 1941 1112 discissi

300 1160 590 1215 antistites
613 1155 869 1224 aliquam
895 1152 1005 1207 sibi
1022 1150 1497 1221 jurisdictionem
1521 1154 1575 1203 et
1597 1152 1940 1219 potestatem

302 1247 457 1302 ultra
506 1246 591 1299 fas
641 1247 696 1297 et
727 1256 1014 1296 canonum
1062 1238 1469 1310 praescriptum
1530 1234 1943 1299 attribuerent,

301 1334 547 1390 minime
577 1333 632 1385 id
663 1330 878 1385 mirum
911 1331 1080 1394 esset,
1110 1343 1241 1381 cum
1276 1324 1418 1380 talia
1446 1324 1796 1393 jamdudum
1831 1324 1941 1375 im-

300 1438 457 1493 pune
508 1433 746 1490 peccare
797 1416 954 1473 soliti
1002 1418 1219 1470 essent.
1274 1415 1419 1483 Ergo
1452 1417 1507 1466 et
1556 1412 1685 1480 hac,
1720 1415 1784 1465 ut
1831 1409 1945 1464 alia

303 1526 430 1580 quae
462 1525 575 1562 non
611 1522 791 1577 pauca
819 1505 879 1558 in
902 1504 1022 1557 haec
1054 1502 1302 1557 historia
1323 1504 1631 1555 occurrent
1653 1497 1945 1552 schisma-

302 1597 404 1652 tici
437 1594 689 1651 auctoris
732 1592 938 1645 vitium
972 1589 1316 1656 redolentia,
1369 1588 1513 1642 citra
1544 1584 1945 1657 praejudicium

305 1688 362 1739 et
392 1699 526 1738 cum
560 1680 829 1735 cautione
861 1678 1055 1733 debita
1086 1677 1379 1748 legantur.

377 1770 515 1841 Cap.
544 1769 598 1821 8.
652 1768 799 1821 Loca
850 1783 977 1836 quae
1008 1764 1101 1818 hic
1142 1765 1287 1819 citat
1330 1762 1710 1869 Pachymeres
1740 1777 1808 1815 ex
1829 1761 1945 1866 (Ilo-
1974 1805 2022 1869 B

304 1874 465 1913 mero
521 1856 797 1926 leguntur
848 1855 906 1907 in
957 1853 1117 1907 Iliad.
1172 1853 1214 1920 Ι,
1267 1868 1319 1906 ν.
1373 1850 1752 1916 44οεΝήπιον,
1794 1846 1945 1901 οὕπω

304 1942 467 2006 εἰδόθ’
510 1940 705 2014 ὁμοίου
758 1938 1050 2011 πολέμοιο,
1107 1944 1163 1995 et
1208 1934 1451 2008 lliad,8,
1494 1956 1547 1993 v.
1581 1939 1721 1992 320:
1776 1933 1949 1991 Ἀλλά

306 2052 363 2085 σε
391 2038 561 2105 γῆρας
601 2029 764 2103 τείρει
818 2026 1054 2099 ὁμοίιον.
1106 2027 1191 2081 Ad
1243 2043 1417 2098 quem
1470 2030 1831 2096 postremum
1865 2025 1954 2078 lo-

312 2138 443 2176 cum
501 2124 666 2175 vetus
717 2117 1080 2179 scholiastes,
1134 2132 1309 2185 quem
1340 2115 1659 2185 Didymum
1711 2112 1951 2183 quidam

316 2212 547 2279 putant,
594 2209 676 2262 sic
726 2207 1002 2260 adnotat:
1055 2202 1246 2255 ’[στέυν
1275 2198 1322 2253 δ’
1362 2201 1443 2254 ὅτι
1488 2200 1515 2253 ὁ
1547 2201 1783 2269 ποιητὴς
1829 2219 1955 2253 παν-

313 2301 489 2373 ταχοῦ
515 2297 578 2350 τὸ
625 2293 842 2367 ὁμῦίιον
886 2292 973 2347 ἐπὶ
1022 2295 1118 2345 τοῦ
1168 2289 1376 2366 φαύλου
1412 2284 1702 2361 λαμϐάνει.
1761 2289 1950 2344 Scien-

314 2388 446 2443 dum
481 2390 678 2457 paelum
723 2384 924 2454 ubique
969 2382 1154 2436 simile
1180 2396 1281 2451 pro
1310 2378 1462 2434 malo
1504 2395 1739 2433 sumere.
1790 2378 1950 2431 Idem

320 2476 501 2530 tradit
528 2478 585 2529 et
605 2472 951 2528 Eustathius
974 2470 1044 2524 ad
1069 2486 1199 2523 eum
1220 2469 1409 2522 locum
1436 2484 1487 2537 p.
1513 2467 1616 2519 476
1645 2466 1735 2529 ed,
1760 2470 1951 2533 Rom.,

315 2563 537 2619 addens
571 2566 629 2616 et
670 2561 790 2615 hinc
823 2578 835 2614 :
872 2557 1079 2611 Ἀπίων
1125 2558 1254 2629 γοῦν
1313 2553 1401 2607 καὶ
1433 2550 1763 2627 Ἠρωδιανός
1794 2572 1949 2629 φασιν

318 2653 401 2705 ὅτι
461 2650 513 2703 οἱ
565 2647 983 2721 γλωσσογράφοι
1052 2642 1267 2715 ὁμοίιον
1320 2641 1455 2696 κατὰ
1512 2638 1769 2715 διαίρεσιν
1825 2660 1951 2717 φασι

311 2739 375 2791 τὸ
407 2736 573 2790 κακόν
607 2742 715 2791 etc.
750 2736 830 2790 ibi
863 2734 1132 2788 videnda.

388 2824 684 2896 Pag.104.
738 2823 887 2889 Quod
935 2824 1156 2875 omnino
1199 2822 1452 2888 futurum
1500 2822 1579 2873 est
1610 2819 1767 2872 nulla
1795 2834 1949 2888 posse

314 2912 613 2985 prudentia
640 2910 919 2982 praeverti.
952 2908 1140 2964 Semel
1174 2906 1444 2978 superius
1495 2907 1716 2973 monui,
1750 2906 1797 2958 si
1830 2905 1949 2959 haec

321 3003 394 3057 ad
427 3001 803 3057 astruendam
838 3014 1071 3069 pravam
1106 2998 1178 3050 de
1210 2997 1323 3050 fato
1363 2995 1677 3048 humanam
1715 2993 1949 3048 liberta-

311 3095 433 3145 tem
485 3090 807 3160 perimente
851 3086 1177 3141 doctrinam
1227 3083 1480 3153 cuipiam
1532 3082 1818 3153 pertinere
1866 3082 1953 3136 vi-

312 3180 587 3244 deantur,
639 3178 700 3247 (P
748 3177 873 3242 446)
921 3174 1214 3229 erroribus
1267 3171 1521 3225 auctoris
1570 3171 1950 3237 accensenda,
1982 3162 2024 3228 C

314 3271 381 3321 ut
411 3265 552 3320 nihil
587 3268 789 3319 contra
819 3262 936 3317 veri
971 3262 1230 3331 certique
1261 3259 1555 3330 dogmatis
1588 3258 1957 3328 praascribere

321 3354 727 3411 auctoritatem
760 3355 996 3421 queant.

394 3442 531 3512 Pag.
568 3441 691 3495 113.
742 3440 955 3494 Nicetas
1002 3438 1284 3507 episcopus
1326 3436 1600 3490 Heraclea
1630 3435 1956 3489 mitteretur.

325 3531 586 3585 Graeca:
663 3528 943 3598 Πὲμπουσι
1027 3524 1153 3583 τοὺς
1247 3522 1370 3594 περὶ
1464 3522 1557 3576 τὸν
1638 3520 1958 3593 Ἡρακλείας

323 3617 584 3684 Νικήταν.
620 3617 748 3669 Haec
779 3618 917 3668 sunt
944 3630 1013 3667 ex
1037 3613 1162 3667 cod.
1219 3611 1511 3666 Allatiano
1550 3615 1607 3666 et
1636 3612 1686 3665 ei
1717 3627 1959 3665 consen-

318 3704 507 3760 tiente
538 3702 988 3758 Vaticano.Nam
1008 3700 1360 3755 Barberinus
1381 3700 1651 3763 habebat,
1682 3698 1960 3769 ιιέμπουσι

313 3791 445 3853 τοὺς
496 3790 622 3866 περὶ
674 3792 765 3843 τὸν
815 3785 1193 3860 Νικομηδείας
1221 3787 1497 3854 Ἰωάννην.
1547 3788 1764 3842 Tamen
1806 3789 1959 3843 idem

326 3882 507 3937 codex
550 3880 857 3936 lectionem
911 3878 1180 3933 Allatiani
1228 3877 1545 3929 annotabat
1572 3876 1627 3927 in
1680 3877 1959 3946 margine,

323 3970 409 4024 uti
446 3976 499 4024 el
530 3968 861 4024 Allatianus
890 3966 1149 4020 vicissim
1182 3964 1489 4019 lectionem
1522 3964 1750 4018 Barber.
1776 3967 1962 4027 Quare

323 4074 457 4113 cum
492 4057 575 4112 illi
628 4059 744 4111 duo
793 4055 1055 4125 ambigui
1101 4060 1315 4120 essent,
1367 4051 1640 4121 suffragio
1693 4052 1959 4107 Vaticani

323 4147 412 4201 eis
444 4146 732 4215 dirempta
763 4148 884 4210 est;
916 4148 972 4197 et
1001 4140 1261 4197 omnium
1287 4142 1411 4210 jam
1443 4154 1729 4193 consensu
1753 4141 1958 4209 proba-

320 4240 444 4290 tam
503 4233 729 4290 cunctis
787 4231 1015 4286 restitui
1066 4230 1399 4292 lectionem,
1459 4245 1527 4282 ex
1573 4228 1759 4299 ipsius
1816 4230 1959 4283 forte

321 4323 581 4379 auctoris
627 4322 983 4377 correctione
1029 4324 1238 4383 ortam,
1285 4317 1384 4389 qui
1434 4317 1585 4388 quod
1642 4317 1806 4388 prius
1854 4334 1959 4388 po-

323 4415 540 4478 suerat,
594 4411 916 4465 emendans
964 4407 1295 4462 mutaverit.
1339 4406 1505 4460 Certo
1550 4406 1959 4476 pronuntiare-

2046 555 2123 603 x1,
2148 537 2224 606 5).
2258 539 2339 593 Ne
2368 554 2500 594 vero
2524 540 2655 609 quis
2689 540 2759 593 ad
2792 537 3135 592 hodiernam
3167 536 3517 591 nostratium
3542 552 3685 591 con-

2047 626 2419 681 suetudinem
2445 629 2565 682 htec
2597 628 2831 697 exigens
2865 626 3008 679 forte
3055 625 3373 679 arbitretur
3408 625 3685 680 candela-

2046 715 2217 769 brum
2254 716 2345 769 hic
2375 716 2621 786 intelligi
2655 714 2821 785 quale
2864 713 3121 785 praeferri
3171 731 3204 767 a
3236 712 3504 767 ministro
3536 715 3684 769 cele-

2050 803 2355 858 brantibus
2432 803 2719 874 episcopis
2786 803 2953 871 solet,
3032 806 3303 873 argenteo
3374 802 3683 857 manubrio

2050 906 2281 945 cereum
2335 893 2633 946 ardentem
2685 895 2944 962 portans,
2995 890 3148 960 quod
3200 890 3367 960 vulgo
3412 891 3470 944 in
3520 892 3686 946 Italia

2053 979 2277 1046 bugiam
2304 985 2513 1034 vocant
2546 985 2603 1035 et
2634 980 2785 1034 inter
2824 978 3212 1049 episcopalem
3258 977 3682 1048 supellectilem

2052 1073 2353 1122 censetur:
2391 1085 2480 1136 ne,
2543 1070 2807 1137 inquam,
2866 1066 2922 1120 id
2999 1066 3211 1120 habere
3278 1065 3470 1121 locum
3530 1068 3681 1121 639

2051 1156 2254 1225 possit,
2292 1156 2502 1220 obstat,
2536 1157 2689 1226 quod
2721 1154 3135 1209 candelabrum
3167 1155 3337 1223 cujus
3390 1154 3483 1208 hic
3509 1159 3567 1209 et
3626 1155 3685 1209 in

2051 1242 2196 1297 locis
2246 1243 2670 1314 Apocalypseos
2718 1242 2974 1296 laudatis
3023 1246 3112 1295 est
3170 1242 3409 1308 mentio,
3444 1259 3557 1296 non
3591 1260 3685 1298 ce-

2052 1347 2214 1385 reum
2246 1332 2442 1386 funale
2473 1331 2741 1402 praetulit,
2771 1330 2870 1384 sed
2906 1345 3007 1383 vas
3041 1328 3170 1392 olei,
3204 1328 3322 1383 sive
3351 1329 3686 1399 lampadem

2050 1420 2205 1474 intra
2250 1438 2426 1492 quam
2476 1420 2600 1475 oleo
2652 1420 2933 1473 innatans
2978 1418 3332 1488 ellychnium
3387 1419 3683 1474 ﬂammam

2052 1514 2387 1580 conceptam
2447 1510 2683 1579 pinguis
2752 1507 2998 1578 liquoris
3064 1523 3236 1563 succo
3294 1508 3491 1564 aleret.
3551 1508 3687 1563 Tale

2053 1599 2266 1668 quippe
2298 1597 2407 1651 fuit
2436 1595 2851 1651 candelabrum
2885 1595 3244 1651 tabernaculi
3275 1598 3686 1665 veteris,Exod.

2051 1702 2177 1751 xxv,
2211 1686 2298 1753 31,
2330 1689 2386 1739 et
2435 1701 2558 1754 quae
2610 1685 2679 1737 ad
2731 1683 2911 1752 hujus
2959 1683 3286 1753 exemplum
3343 1683 3693 1739 candelabra

2053 1776 2251 1828 decem
2283 1790 2460 1828 aurea
2489 1773 2621 1827 fecit
2652 1770 2926 1826 Salomon
2959 1775 3015 1825 et
3046 1772 3239 1841 posuit
3270 1772 3327 1826 in
3359 1772 3595 1843 templo,
3639 1773 3691 1828 II

2065 1861 2245 1918 Paral.
2296 1878 2372 1924 ιν,
2420 1861 2474 1917 7.
2531 1860 2733 1931 Itaque
2763 1860 2906 1915 etin
2953 1860 3295 1929 Apocalypsi
3345 1862 3694 1917 candelabra

2061 1951 2183 2005 hzec
2215 1946 2435 2022 λυχνίαι
2458 1953 2758 2013 vocantur,
2789 1949 2940 2019 quod
2966 1948 3237 2019 cerigeris
3258 1949 3692 2017 instrumentis,

2062 2039 2287 2109 opinor,
2322 2054 2438 2092 non
2470 2037 2758 2104 convenit,
2793 2036 2877 2090 uti
2912 2053 3014 2091 nec
3045 2053 3171 2107 quas
3205 2036 3298 2092 hic
3328 2041 3520 2093 Grzece
3552 2039 3695 2109 legi-

2060 2131 2156 2181 tur
2184 2142 2293 2179 vox
2313 2121 2732 2197 λαμπαδοῦχον.
2759 2129 3116 2195 Argenteum
3165 2141 3295 2179 vero
3332 2125 3472 2179 illud
3519 2126 3698 2180 cerei-

2057 2214 2443 2285 gestatorium
2476 2231 2509 2267 a
2540 2214 2751 2268 Graecis
2775 2213 3196 2268 recentioribus
3220 2213 3453 2268 videtur
3484 2233 3557 2284 μα
3575 2234 3699 2266 νου-

2061 2300 2216 2355 άλιυν
2250 2302 2439 2372 potius
2470 2302 2714 2356 dictum.
2748 2302 2980 2356 Nicetes
3028 2302 3087 2355 in
3153 2302 3374 2357 Isaacio
3407 2308 3466 2357 et
3510 2303 3704 2358 Alexio

2060 2388 2137 2445 Τά
2165 2410 2223 2442 τε
2282 2389 2586 2460 μανουάΛια
2648 2389 2736 2441 καὶ
2790 2385 3087 2457 κανδήλας.
3149 2395 3318 2445 Anna
3383 2393 3701 2447 Commena

2060 2478 2098 2533 l.
2134 2496 2204 2532 xv
2237 2475 2570 2549 μανουηλήμ
2640 2477 2888 2549 appellat
2933 2478 3347 2534 candelabrum
3402 2484 3531 2534 ante
3591 2480 3699 2535 im-

2061 2570 2386 2636 peratorem
2421 2567 2675 2636 praeferri
2708 2564 2972 2634 solitum,
3005 2582 3138 2621 cum
3171 2566 3352 2620 funali
3380 2568 3603 2624 scilicet
3646 2573 3704 2623 et

2061 2669 2220 2707 cerea
2251 2652 2511 2707 candelo.
2547 2653 2709 2714 Quod
2743 2653 2792 2707 si
2824 2651 3240 2706 candelabrum
3287 2670 3518 2725 quoque
3560 2672 3701 2725 pon-

2061 2740 2317 2794 tiﬁcibus
2348 2740 2677 2811 praelatum,
2710 2755 2818 2794 usu
2860 2740 3139 2794 similium
3190 2757 3383 2794 rerum
3424 2743 3706 2797 vocabula

2060 2828 2354 2897 vulgante,
2387 2827 2711 2897 reperiatur
2744 2824 3073 2897 μανουάλιον
3102 2831 3157 2881 et
3181 2828 3375 2899 ipsum
3419 2830 3636 2884 dictum
3672 2848 3705 2886 a

2061 2916 2361 2971 Philotheo
2393 2916 2450 2969 in
2480 2915 2813 2981 Diaconico,
2848 2920 3043 2969 tamen
3076 2932 3191 2970 non
3223 2916 3301 2970 illi
3337 2932 3558 2985 cereus,
3594 2921 3693 2974 sed

2061 3004 2286 3074 lampas
2337 3004 2766 3073 imponebatur,
2815 3006 2879 3056 ut
2917 3002 3072 3057 idem
3105 3003 3183 3057 ibi
3216 3004 3503 3071 observat,
3540 3006 3635 3058 Καὶ
3668 3007 3695 3060 ὁ

2063 3088 2313 3151 διάκονος
2348 3092 2669 3161 (inquiens)
2704 3088 2913 3142 ἵσταται
2964 3086 3193 3158 δεξιόθεν
3253 3091 3418 3144 αὐτοῦ
3448 3092 3696 3167 κατέχων

2068 3178 2394 3251 μανουάλιον
2469 3179 2602 3250 μετᾶ
2675 3175 2962 3250 λαμπάδος
3034 3177 3315 3251 ἡμμένης.
3388 3182 3697 3253 Proprium

2066 3285 2199 3340 ergo
2228 3269 2457 3323 videtur
2486 3268 2863 3324 ecclesiastici
2886 3272 2943 3323 et
2980 3269 3327 3340 episcopalis
3367 3272 3704 3327 candelabri

2066 3356 2399 3426 lampadem
2461 3373 2594 3411 cum
2643 3356 2765 3411 oleo
2840 3361 3089 3427 gestare.
3148 3360 3308 3413 Unde
3358 3360 3503 3415 forte
3544 3363 3699 3432 apud

2066 3445 2401 3499 Zachariam
2433 3445 2794 3515 prophetam,
2826 3462 2875 3499 c.
2908 3447 2960 3514 4,
2994 3445 3280 3501 olivarum
3320 3464 3454 3503 cum
3486 3451 3700 3505 cande-

2068 3533 2229 3586 labro
2270 3532 2486 3585 mentio
2531 3533 2823 3604 jungitur.
2874 3537 2997 3587 Huc
3037 3534 3379 3590 crediderim
3430 3537 3701 3593 allusisse

2065 3618 2398 3691 Synesium,
2431 3619 2567 3672 dum
2614 3621 3013 3690 episcopatum
3048 3620 3236 3674 ὲλαίου
3268 3628 3326 3677 et
3356 3621 3559 3691 ἐλαίας,
3591 3627 3703 3681 olei

2068 3714 2125 3762 et
2157 3708 2319 3761 oliva:
2365 3706 2648 3778 symbolis
2696 3709 3080 3763 adumbravit.
3130 3711 3402 3766 Scribens
3449 3715 3602 3767 enim
3628 3717 3699 3769 ad

2068 3796 2323 3850 amicum
2357 3795 2457 3865 qui
2487 3794 2578 3849 sui
2610 3796 2892 3850 rationem
2924 3798 3181 3852 absentis
3204 3798 3404 3855 haberi
3448 3802 3700 3858 comitiis

2070 3883 2497 3954 episc0palibus
2547 3883 2863 3953 cupiverat,
2913 3901 3018 3939 nec
3066 3903 3304 3956 compos
3344 3890 3525 3958 optati
3575 3895 3701 3945 erat
3808 3946 3811 3949 γ

2071 3974 2275 4039 factus,
2310 3988 2623 4042 serumque
2653 3989 2757 4026 nec
2810 3972 2932 4043 spei
2993 3974 3166 4027 affine
3217 3976 3339 4043 jam
3394 3976 3450 4030 id
3502 3983 3699 4034 votum

2069 4064 2210 4123 erat,
2245 4060 2399 4129 quod
2428 4061 2704 4113 omnibus
2736 4060 2931 4114 vacuis
2970 4061 3208 4115 sedibus
3256 4063 3513 4133 impositi
3548 4082 3693 4136 prie-

2069 4148 2222 4203 sides
2253 4148 2506 4218 episcopi
2568 4147 2835 4215 fuissent,
2871 4149 2929 4203 id
2982 4148 3179 4218 ipsum
3232 4150 3451 4206 indicat
3508 4155 3697 4225 aenig-

2070 4237 2276 4290 matice
2308 4235 2398 4289 his
2426 4236 2616 4290 verbis
2648 4236 2749 4290 :“O
2802 4235 2901 4309 γὰρ
2950 4232 3135 4289 ἔλαιον
3171 4235 3232 4288 σύ
3262 4257 3320 4289 τε
3368 4236 3562 4309 ἀξιοῖς,
3594 4248 3703 4297 etc.

2068 4329 2125 4378 et
2151 4323 2324 4394 paulo
2365 4328 2534 4393 post:
2584 4320 2717 4379 Οὐδ’
2750 4322 2903 4377 ἐλαία
2948 4345 3030 4385 τις
3064 4323 3202 4377 ἐστιν
3257 4323 3703 4400 ἐνοφθαλμισμςὶ-

2066 4431 2174 4464 των
2206 4410 2561 4483 ἐστερημένη.
2608 4454 2620 4466 .
2667 4452 2678 4466 .
2733 4453 2745 4469 .
2785 4410 2865 4486 ἐφ’
2916 4411 3053 4485 ᾗπερ
3089 4412 3145 4464 ἂν
3202 4414 3229 4465 ὁ
3264 4411 3400 4481 ἡδὺς
3432 4413 3590 4491 φίλος
3619 4416 3705 4491 ἐγ-

324 4517 459 4555 mus
490 4500 560 4555 de
591 4516 672 4565 re,
706 4499 755 4554 si
787 4500 1079 4552 constaret
1135 4499 1265 4548 utra
1296 4494 1354 4547 in
1386 4494 1641 4555 civitate.
1690 4494 1961 4549 Heraclea
1990 4515 2036 4577 Β
2065 4498 2426 4572 κεντρισθείη.
2482 4504 2551 4555 At
2598 4500 2808 4555 melius
2851 4502 3027 4555 fuerit
3074 4505 3251 4556 totam
3304 4503 3475 4558 istam
3520 4510 3702 4575 Syne-

324 4606 398 4644 an
447 4588 806 4652 Nicomedia,
852 4588 1007 4640 esset
1054 4583 1491 4638 monasterium.
1532 4586 1588 4636 Β.
1638 4582 1955 4650 Diomedis,

326 4679 501 4748 cujus
527 4675 621 4731 hic
653 4674 896 4730 mentio.

397 4768 536 4835 Pag.
572 4764 693 4818 115.
728 4764 890 4827 Quod
929 4759 1342 4816 candelabrum
1382 4759 1667 4830 repetitur
1696 4760 1766 4813 ab
1798 4766 1959 4815 Arse-

327 4852 426 4908 nio
457 4852 515 4906 in
549 4852 780 4922 signum
814 4849 1064 4903 abdicati
1098 4847 1333 4902 honoris
1364 4847 1791 4918 patriarchalis,
1823 4849 1958 4905 inde

327 4941 554 4995 videtur
586 4937 983 5006 factum,quod
1016 4936 1169 5006 apud
1200 4938 1426 4989 Graecos
1451 4934 1681 5006 insigne
1703 4940 1958 5007 potesta-

327 5029 408 5084 tis
438 5026 790 5098 episcopalis
822 5023 1239 5079 candelabrum
1272 5023 1600 5078 haberetur.
1635 5023 1778 5079 Nam
1811 5029 1869 5079 et
1898 5025 1957 5080 in

324 5114 673 5186 Apocalypsi
704 5117 925 5184 septem
957 5111 1216 5183 episcopi
1244 5111 1388 5166 Asiae
1422 5116 1642 5181 septem
1685 5114 1959 5168 candela-

326 5204 569 5258 brorum
618 5200 878 5272 symbolo
928 5199 1351 5270 designantur;
1405 5204 1460 5254 et
1490 5200 1588 5254 ubi
1639 5217 1705 5254 ex
1735 5201 1825 5257 his
1858 5203 1958 5257 uni

329 5290 622 5362 Ephesino
646 5286 1022 5343 comminatio
1052 5286 1372 5342 intentatur
1401 5288 1959 5359 eripiendihonoris,

328 5396 395 5435 ea
449 5376 799 5449 exprimitur
850 5374 942 5429 his
988 5375 1180 5430 verbis
1230 5392 1243 5429 :
1303 5376 1511 5431 Movebo
1563 5377 1961 5435 candelabrum

2067 4589 2213 4644 siani
2245 4604 2372 4643 vere
2397 4588 2756 4644 characteris
2800 4590 3133 4660 epistolam,
3179 4607 3308 4660 qua:
3340 4593 3490 4647 inter
3519 4594 3706 4652 editas

2067 4694 2177 4731 non
2211 4680 2510 4747 comparet
2532 4677 2631 4746 (a),
2666 4693 2733 4730 ex
2783 4678 3004 4748 optimo
3049 4678 3329 4734 Vaticano
3378 4681 3574 4737 codice
3609 4682 3703 4737 hic

2069 4765 2416 4832 describere,
2451 4765 2725 4835 adjuncta
2758 4769 2958 4821 nostra
2982 4766 3455 4838 interpretatione
3476 4772 3703 4827 Latina.

2069 4854 2163 4908 Sic
2191 4852 2876 4923 igituthabetmuveoiou
2938 4854 3180 4925 [P.4/7]
3235 4853 3498 4925 ἐπιστολή
3562 4861 3700 4933 ρκγ’,

2070 4938 2207 5013 πρός
2254 4960 2375 4993 τινα
2428 4941 2533 4993 τῶν
2595 4939 2819 5013 ἑταίρων
2872 4940 3172 5010 ἐπισκοπὴν
3205 4942 3264 4998 ἐκ
3314 4947 3578 5019 μακρόθεν
3628 4950 3710 5001 αἱ-

2070 5032 2307 5099 τήσαντα
2338 5031 2469 5101 μετὰ
2492 5031 2589 5098 τὴν
2639 5034 2746 5084 τῶν
2800 5030 3109 5086 ἐπισκόπων
3141 5033 3591 5091 ἀποκατάστασιν.
3626 5040 3708 5093 Τὰ

2071 5120 2380 5195 σοφώτατον
2408 5120 2624 5193 γράμμ,
2658 5126 2770 5176 etc.

2144 5209 2479 5262 640-641
2508 5209 2643 5278 Cap.
2680 5210 2763 5262 19.
2799 5209 2880 5280 (Ρ.
2906 5210 3031 5281 448)
3056 5210 3238 5265 Valde
3264 5212 3492 5266 videtur
3531 5220 3709 5269 notan

2071 5296 2206 5350 dum
2236 5297 2532 5351 somnium
2564 5297 2671 5351 hoc
2716 5298 3124 5368 propheticum
3175 5298 3436 5356 oblatum
3466 5302 3709 5357 Joanni-

2071 5387 2255 5439 Vecco
2281 5388 2338 5439 et
2366 5385 2766 5440 testimonium
2792 5387 2945 5455 quod
2967 5386 3125 5441 illius
3146 5387 3279 5441 ﬁdei
3311 5405 3375 5443 ac
3408 5391 3704 5447 veracitati

407 5589 488 5661 (a)
513 5588 717 5644 Exstat
743 5585 802 5642 in
834 5588 1038 5642 nostra
1065 5585 1320 5642 editione
1349 5585 1607 5657 Operum
1637 5591 1881 5659 Synesii.
1914 5594 2058 5651 Vide
2084 5599 2227 5653 tom.
2259 5596 2451 5666 LXVI,
2484 5597 2590 5652 col.
2624 5598 2780 5652 1559.
