  <div class='ocr_page' id='page_1' title='image "/cluster/home/n/w/nwhite01/storage/ocr_20150623/143/mdp.39015078384784/559.png"; bbox 0 0 4146 6288; ppageno 0'>
   <div class='ocr_carea' id='block_1_1' title="bbox 498 329 636 386">
    <p class='ocr_par' dir='ltr' id='par_1_1' title="bbox 498 329 636 386">
     <span class='ocr_line' id='line_1_1' title="bbox 498 329 636 386; baseline 0.007 -1"><span class='ocrx_word' id='word_1_1' title='bbox 498 329 636 386; x_wconf 81' lang='grc'>1103</span> 
     </span>
    </p>
   </div>
   <div class='ocr_carea' id='block_1_2' title="bbox 1528 331 2836 389">
    <p class='ocr_par' dir='ltr' id='par_1_2' title="bbox 1528 331 2836 389">
     <span class='ocr_line' id='line_1_2' title="bbox 1528 331 2836 389; baseline -0.004 -2"><span class='ocrx_word' id='word_1_2' title='bbox 1528 337 1590 387; x_wconf 88' lang='grc' dir='ltr'>Ρ.</span> <span class='ocrx_word' id='word_1_3' title='bbox 1632 333 1908 389; x_wconf 86' lang='lat' dir='ltr'>POSSINI</span> <span class='ocrx_word' id='word_1_4' title='bbox 1944 331 2557 387; x_wconf 77' lang='lat' dir='ltr'>OBSERVATIONUM</span> <span class='ocrx_word' id='word_1_5' title='bbox 2594 332 2725 384; x_wconf 82' lang='lat' dir='ltr'>LIB.</span> <span class='ocrx_word' id='word_1_6' title='bbox 2765 331 2836 384; x_wconf 85' lang='lat' dir='ltr'>II.</span> 
     </span>
    </p>
   </div>
   <div class='ocr_carea' id='block_1_3' title="bbox 3734 328 3896 386">
    <p class='ocr_par' dir='ltr' id='par_1_3' title="bbox 3734 328 3896 386">
     <span class='ocr_line' id='line_1_3' title="bbox 3734 328 3896 386; baseline 0.006 -1"><span class='ocrx_word' id='word_1_7' title='bbox 3734 328 3896 386; x_wconf 65' lang='grc'>1104</span> 
     </span>
    </p>
   </div>
   <div class='ocr_carea' id='block_1_4' title="bbox 499 448 3890 525">
    <p class='ocr_par' dir='ltr' id='par_1_4' title="bbox 499 448 3890 525">
     <span class='ocr_line' id='line_1_4' title="bbox 499 448 3890 525; baseline 0 -17"><span class='ocrx_word' id='word_1_8' title='bbox 499 452 989 525; x_wconf 83' lang='lat' dir='ltr'>Pachymeres,illi</span> <span class='ocrx_word' id='word_1_9' title='bbox 1014 452 1284 523; x_wconf 87' lang='lat' dir='ltr'>alias,ubi</span> <span class='ocrx_word' id='word_1_10' title='bbox 1303 455 1373 508; x_wconf 87' lang='lat' dir='ltr'>de</span> <span class='ocrx_word' id='word_1_11' title='bbox 1403 453 1822 509; x_wconf 83' lang='lat' dir='ltr'>conciliationis</span> <span class='ocrx_word' id='word_1_12' title='bbox 1842 452 2125 508; x_wconf 85' lang='lat' dir='ltr'>Ecclesia-</span> <span class='ocrx_word' id='word_1_13' title='bbox 2154 454 2209 518; x_wconf 77' lang='grc' dir='ltr'><strong>Α</strong></span> <span class='ocrx_word' id='word_1_14' title='bbox 2240 451 2616 522; x_wconf 75' lang='lat' dir='ltr'>repudientur</span> <span class='ocrx_word' id='word_1_15' title='bbox 2644 454 2702 506; x_wconf 91' lang='lat' dir='ltr'>et</span> <span class='ocrx_word' id='word_1_16' title='bbox 2724 448 3087 520; x_wconf 81' lang='lat' dir='ltr'>corrigantur</span> <span class='ocrx_word' id='word_1_17' title='bbox 3106 464 3139 503; x_wconf 90' lang='lat' dir='ltr'>a</span> <span class='ocrx_word' id='word_1_18' title='bbox 3158 448 3439 519; x_wconf 82' lang='lat' dir='ltr'>prudente</span> <span class='ocrx_word' id='word_1_19' title='bbox 3466 448 3680 506; x_wconf 85' lang='lat' dir='ltr'>lectore</span> <span class='ocrx_word' id='word_1_20' title='bbox 3702 451 3890 521; x_wconf 81' lang='lat' dir='ltr'>juxta.</span> 
     </span>
    </p>
   </div>
   <div class='ocr_carea' id='block_1_5' title="bbox 500 540 2125 613">
    <p class='ocr_par' dir='ltr' id='par_1_5' title="bbox 500 540 2125 613">
     <span class='ocr_line' id='line_1_5' title="bbox 500 540 2125 613; baseline -0.001 -17"><span class='ocrx_word' id='word_1_21' title='bbox 500 559 629 596; x_wconf 84' lang='lat' dir='ltr'>rum</span> <span class='ocrx_word' id='word_1_22' title='bbox 665 541 893 612; x_wconf 89' lang='lat' dir='ltr'>negotio</span> <span class='ocrx_word' id='word_1_23' title='bbox 924 543 1346 613; x_wconf 82' lang='lat' dir='ltr'>agitur,parum</span> <span class='ocrx_word' id='word_1_24' title='bbox 1380 540 1959 612; x_wconf 80' lang='lat' dir='ltr'>aequus,reddit,dum</span> <span class='ocrx_word' id='word_1_25' title='bbox 1992 556 2125 595; x_wconf 89' lang='lat' dir='ltr'>eum</span> 
     </span>
    </p>
   </div>
   <div class='ocr_carea' id='block_1_6' title="bbox 496 626 2123 705">
    <p class='ocr_par' dir='ltr' id='par_1_6' title="bbox 496 626 2123 705">
     <span class='ocr_line' id='line_1_6' title="bbox 496 626 2123 705; baseline 0 -24"><span class='ocrx_word' id='word_1_26' title='bbox 496 626 777 705; x_wconf 78' lang='grc' dir='ltr'>φιλαληθῆ</span> <span class='ocrx_word' id='word_1_27' title='bbox 827 628 900 688; x_wconf 83' lang='grc' dir='ltr'>εἷς</span> <span class='ocrx_word' id='word_1_28' title='bbox 958 628 1135 682; x_wconf 76' lang='grc' dir='ltr'>πίστιν</span> <span class='ocrx_word' id='word_1_29' title='bbox 1188 633 1292 681; x_wconf 81' lang='grc' dir='ltr'>τῶν</span> <span class='ocrx_word' id='word_1_30' title='bbox 1356 628 1665 702; x_wconf 72' lang='grc' dir='ltr'>λεγομὲνων</span> <span class='ocrx_word' id='word_1_31' title='bbox 1728 629 1906 683; x_wconf 89' lang='lat' dir='ltr'>fuisse</span> <span class='ocrx_word' id='word_1_32' title='bbox 1963 627 2123 693; x_wconf 80' lang='lat' dir='ltr'>dicit,</span> 
     </span>
    </p>
   </div>
   <div class='ocr_carea' id='block_1_7' title="bbox 492 718 2125 787">
    <p class='ocr_par' dir='ltr' id='par_1_7' title="bbox 492 718 2125 787">
     <span class='ocr_line' id='line_1_7' title="bbox 492 718 2125 787; baseline -0.002 -14"><span class='ocrx_word' id='word_1_33' title='bbox 492 720 598 773; x_wconf 93' lang='lat' dir='ltr'>hoc</span> <span class='ocrx_word' id='word_1_34' title='bbox 626 723 716 774; x_wconf 89' lang='lat' dir='ltr'>est</span> <span class='ocrx_word' id='word_1_35' title='bbox 740 720 1002 775; x_wconf 88' lang='lat' dir='ltr'>veritatis</span> <span class='ocrx_word' id='word_1_36' title='bbox 1035 724 1350 785; x_wconf 81' lang='lat' dir='ltr'>amentem,</span> <span class='ocrx_word' id='word_1_37' title='bbox 1404 724 1461 774; x_wconf 89' lang='lat' dir='ltr'>et</span> <span class='ocrx_word' id='word_1_38' title='bbox 1490 720 1581 773; x_wconf 91' lang='lat' dir='ltr'>cui</span> <span class='ocrx_word' id='word_1_39' title='bbox 1633 724 1759 772; x_wconf 90' lang='lat' dir='ltr'>tuto</span> <span class='ocrx_word' id='word_1_40' title='bbox 1786 720 1933 787; x_wconf 87' lang='lat' dir='ltr'>quod</span> <span class='ocrx_word' id='word_1_41' title='bbox 1968 718 2125 770; x_wconf 84' lang='lat' dir='ltr'>afﬁr-</span> 
     </span>
    </p>
   </div>
   <div class='ocr_carea' id='block_1_8' title="bbox 485 806 2125 878">
    <p class='ocr_par' dir='ltr' id='par_1_8' title="bbox 485 806 2125 878">
     <span class='ocr_line' id='line_1_8' title="bbox 485 806 2125 878; baseline -0.002 -15"><span class='ocrx_word' id='word_1_42' title='bbox 485 808 1225 863; x_wconf 89' lang='lat' dir='ltr'>mabatcrederetur.Unde</span> <span class='ocrx_word' id='word_1_43' title='bbox 1249 808 1634 877; x_wconf 82' lang='lat' dir='ltr'>intelligimus</span> <span class='ocrx_word' id='word_1_44' title='bbox 1656 824 1781 878; x_wconf 69' lang='lat' dir='ltr'>quin</span> <span class='ocrx_word' id='word_1_45' title='bbox 1806 806 1900 860; x_wconf 90' lang='lat' dir='ltr'>ille</span> <span class='ocrx_word' id='word_1_46' title='bbox 1918 806 2125 861; x_wconf 90' lang='lat' dir='ltr'>deinde</span> 
     </span>
    </p>
   </div>
   <div class='ocr_carea' id='block_1_9' title="bbox 487 894 2123 967">
    <p class='ocr_par' dir='ltr' id='par_1_9' title="bbox 487 894 2123 967">
     <span class='ocr_line' id='line_1_9' title="bbox 487 894 2123 967; baseline -0.003 -16"><span class='ocrx_word' id='word_1_47' title='bbox 487 898 672 951; x_wconf 88' lang='lat' dir='ltr'>multa</span> <span class='ocrx_word' id='word_1_48' title='bbox 708 913 1037 967; x_wconf 88' lang='lat' dir='ltr'>magnaque</span> <span class='ocrx_word' id='word_1_49' title='bbox 1072 914 1175 967; x_wconf 91' lang='lat' dir='ltr'>pro</span> <span class='ocrx_word' id='word_1_50' title='bbox 1213 898 1425 951; x_wconf 80' lang='lat' dir='ltr'>Latinis</span> <span class='ocrx_word' id='word_1_51' title='bbox 1475 902 1676 949; x_wconf 89' lang='lat' dir='ltr'>contra</span> <span class='ocrx_word' id='word_1_52' title='bbox 1716 895 1943 949; x_wconf 69' lang='lat' dir='ltr'>Graecos</span> <span class='ocrx_word' id='word_1_53' title='bbox 1976 894 2123 948; x_wconf 90' lang='lat' dir='ltr'>scri-</span> 
     </span>
    </p>
   </div>
   <div class='ocr_carea' id='block_1_10' title="bbox 486 981 2123 1055">
    <p class='ocr_par' dir='ltr' id='par_1_10' title="bbox 486 981 2123 1055">
     <span class='ocr_line' id='line_1_10' title="bbox 486 981 2123 1055; baseline -0.002 -18"><span class='ocrx_word' id='word_1_54' title='bbox 486 986 605 1054; x_wconf 89' lang='lat' dir='ltr'>psit</span> <span class='ocrx_word' id='word_1_55' title='bbox 635 990 692 1038; x_wconf 92' lang='lat' dir='ltr'>et</span> <span class='ocrx_word' id='word_1_56' title='bbox 720 985 884 1051; x_wconf 84' lang='lat' dir='ltr'>dixit,</span> <span class='ocrx_word' id='word_1_57' title='bbox 921 1001 1093 1055; x_wconf 87' lang='lat' dir='ltr'>quam</span> <span class='ocrx_word' id='word_1_58' title='bbox 1128 986 1198 1040; x_wconf 93' lang='lat' dir='ltr'>ob</span> <span class='ocrx_word' id='word_1_59' title='bbox 1227 984 1387 1038; x_wconf 90' lang='lat' dir='ltr'>omni</span> <span class='ocrx_word' id='word_1_60' title='bbox 1435 984 1773 1053; x_wconf 80' lang='lat' dir='ltr'>exceptione</span> <span class='ocrx_word' id='word_1_61' title='bbox 1818 981 2041 1036; x_wconf 84' lang='lat' dir='ltr'>fraudis</span> <span class='ocrx_word' id='word_1_62' title='bbox 2066 985 2123 1035; x_wconf 89' lang='lat' dir='ltr'>et</span> 
     </span>
    </p>
   </div>
   <div class='ocr_carea' id='block_1_11' title="bbox 487 1072 1357 1127">
    <p class='ocr_par' dir='ltr' id='par_1_11' title="bbox 487 1072 1357 1127">
     <span class='ocr_line' id='line_1_11' title="bbox 487 1072 1357 1127; baseline 0.001 -2"><span class='ocrx_word' id='word_1_63' title='bbox 487 1072 600 1126; x_wconf 88' lang='lat' dir='ltr'>fuci</span> <span class='ocrx_word' id='word_1_64' title='bbox 636 1072 824 1127; x_wconf 89' lang='lat' dir='ltr'>aliena</span> <span class='ocrx_word' id='word_1_65' title='bbox 854 1074 1105 1127; x_wconf 84' lang='lat' dir='ltr'>debeant</span> <span class='ocrx_word' id='word_1_66' title='bbox 1136 1073 1357 1127; x_wconf 89' lang='lat' dir='ltr'>haberi.</span> 
     </span>
    </p>
   </div>
   <div class='ocr_carea' id='block_1_12' title="bbox 559 1166 2119 1240">
    <p class='ocr_par' dir='ltr' id='par_1_12' title="bbox 559 1166 2119 1240">
     <span class='ocr_line' id='line_1_12' title="bbox 559 1166 2119 1240; baseline -0.002 -19"><span class='ocrx_word' id='word_1_67' title='bbox 559 1170 694 1240; x_wconf 89' lang='lat' dir='ltr'>Pag.</span> <span class='ocrx_word' id='word_1_68' title='bbox 732 1169 850 1223; x_wconf 86' lang='grc'>124.</span> <span class='ocrx_word' id='word_1_69' title='bbox 888 1171 950 1223; x_wconf 86' lang='lat' dir='ltr'>In</span> <span class='ocrx_word' id='word_1_70' title='bbox 976 1169 1261 1225; x_wconf 89' lang='lat' dir='ltr'>suburbio.</span> <span class='ocrx_word' id='word_1_71' title='bbox 1320 1168 1485 1222; x_wconf 82' lang='lat' dir='ltr'>Forte</span> <span class='ocrx_word' id='word_1_72' title='bbox 1516 1167 1713 1237; x_wconf 83' lang='lat' dir='ltr'>aptius</span> <span class='ocrx_word' id='word_1_73' title='bbox 1752 1166 2119 1235; x_wconf 84' lang='lat' dir='ltr'>scripsissem</span> 
     </span>
    </p>
   </div>
   <div class='ocr_carea' id='block_1_13' title="bbox 484 1254 2118 1314">
    <p class='ocr_par' dir='ltr' id='par_1_13' title="bbox 484 1254 2118 1314">
     <span class='ocr_line' id='line_1_13' title="bbox 484 1254 2118 1314; baseline -0.004 -1"><span class='ocrx_word' id='word_1_74' title='bbox 484 1262 541 1313; x_wconf 88' lang='lat' dir='ltr'>in</span> <span class='ocrx_word' id='word_1_75' title='bbox 564 1260 895 1314; x_wconf 85' lang='lat' dir='ltr'>suburbano.</span> <span class='ocrx_word' id='word_1_76' title='bbox 931 1265 1066 1312; x_wconf 86' lang='lat' dir='ltr'>Nam</span> <span class='ocrx_word' id='word_1_77' title='bbox 1105 1260 1455 1313; x_wconf 90' lang='lat' dir='ltr'>suburbium</span> <span class='ocrx_word' id='word_1_78' title='bbox 1504 1258 1733 1311; x_wconf 89' lang='lat' dir='ltr'>videtur</span> <span class='ocrx_word' id='word_1_79' title='bbox 1778 1257 1940 1311; x_wconf 89' lang='lat' dir='ltr'>locus</span> <span class='ocrx_word' id='word_1_80' title='bbox 1990 1254 2118 1308; x_wconf 88' lang='lat' dir='ltr'>urbi</span> 
     </span>
    </p>
   </div>
   <div class='ocr_carea' id='block_1_14' title="bbox 480 1344 2116 1419">
    <p class='ocr_par' dir='ltr' id='par_1_14' title="bbox 480 1344 2116 1419">
     <span class='ocr_line' id='line_1_14' title="bbox 480 1344 2116 1419; baseline -0.003 -18"><span class='ocrx_word' id='word_1_81' title='bbox 480 1350 766 1402; x_wconf 89' lang='lat' dir='ltr'>admotior</span> <span class='ocrx_word' id='word_1_82' title='bbox 786 1364 962 1419; x_wconf 88' lang='lat' dir='ltr'>quam</span> <span class='ocrx_word' id='word_1_83' title='bbox 997 1348 1088 1401; x_wconf 90' lang='lat' dir='ltr'>hic</span> <span class='ocrx_word' id='word_1_84' title='bbox 1108 1347 1422 1415; x_wconf 89' lang='lat' dir='ltr'>indicatus,</span> <span class='ocrx_word' id='word_1_85' title='bbox 1458 1346 1675 1416; x_wconf 90' lang='lat' dir='ltr'>quippe</span> <span class='ocrx_word' id='word_1_86' title='bbox 1702 1347 1766 1399; x_wconf 86' lang='lat' dir='ltr'>ad</span> <span class='ocrx_word' id='word_1_87' title='bbox 1802 1344 2116 1415; x_wconf 88' lang='lat' dir='ltr'>septimum</span> 
     </span>
    </p>
   </div>
   <div class='ocr_carea' id='block_1_15' title="bbox 480 1432 2115 1505">
    <p class='ocr_par' dir='ltr' id='par_1_15' title="bbox 480 1432 2115 1505">
     <span class='ocr_line' id='line_1_15' title="bbox 480 1432 2115 1505; baseline -0.003 -17"><span class='ocrx_word' id='word_1_88' title='bbox 480 1435 629 1489; x_wconf 89' lang='lat' dir='ltr'>situs</span> <span class='ocrx_word' id='word_1_89' title='bbox 660 1435 938 1505; x_wconf 87' lang='lat' dir='ltr'>lapidem.</span> <span class='ocrx_word' id='word_1_90' title='bbox 969 1435 1237 1488; x_wconf 87' lang='lat' dir='ltr'>Nondum</span> <span class='ocrx_word' id='word_1_91' title='bbox 1262 1440 1456 1489; x_wconf 88' lang='lat' dir='ltr'>tamen</span> <span class='ocrx_word' id='word_1_92' title='bbox 1491 1449 1578 1487; x_wconf 91' lang='lat' dir='ltr'>me</span> <span class='ocrx_word' id='word_1_93' title='bbox 1612 1435 1739 1501; x_wconf 89' lang='lat' dir='ltr'>ipse</span> <span class='ocrx_word' id='word_1_94' title='bbox 1768 1432 2115 1499; x_wconf 88' lang='lat' dir='ltr'>condemno,</span> 
     </span>
    </p>
   </div>
   <div class='ocr_carea' id='block_1_16' title="bbox 481 1519 2117 1594">
    <p class='ocr_par' dir='ltr' id='par_1_16' title="bbox 481 1519 2117 1594">
     <span class='ocr_line' id='line_1_16' title="bbox 481 1519 2117 1594; baseline -0.004 -16"><span class='ocrx_word' id='word_1_95' title='bbox 481 1524 579 1594; x_wconf 91' lang='lat' dir='ltr'>qui</span> <span class='ocrx_word' id='word_1_96' title='bbox 610 1525 788 1578; x_wconf 82' lang='lat' dir='ltr'>sciam</span> <span class='ocrx_word' id='word_1_97' title='bbox 819 1524 877 1577; x_wconf 91' lang='lat' dir='ltr'>in</span> <span class='ocrx_word' id='word_1_98' title='bbox 923 1524 1195 1578; x_wconf 84' lang='lat' dir='ltr'>maximis</span> <span class='ocrx_word' id='word_1_99' title='bbox 1236 1528 1291 1577; x_wconf 88' lang='lat' dir='ltr'>et</span> <span class='ocrx_word' id='word_1_100' title='bbox 1335 1522 1510 1592; x_wconf 82' lang='lat' dir='ltr'>regiis</span> <span class='ocrx_word' id='word_1_101' title='bbox 1557 1522 1802 1575; x_wconf 89' lang='lat' dir='ltr'>urbibus</span> <span class='ocrx_word' id='word_1_102' title='bbox 1836 1519 2117 1574; x_wconf 90' lang='lat' dir='ltr'>suburbia</span> 
     </span>
    </p>
   </div>
   <div class='ocr_carea' id='block_1_17' title="bbox 480 1608 2115 1667">
    <p class='ocr_par' dir='ltr' id='par_1_17' title="bbox 480 1608 2115 1667">
     <span class='ocr_line' id='line_1_17' title="bbox 480 1608 2115 1667; baseline -0.004 -1"><span class='ocrx_word' id='word_1_103' title='bbox 480 1612 775 1666; x_wconf 88' lang='lat' dir='ltr'>interdum</span> <span class='ocrx_word' id='word_1_104' title='bbox 808 1613 878 1665; x_wconf 90' lang='lat' dir='ltr'>ad</span> <span class='ocrx_word' id='word_1_105' title='bbox 910 1613 1107 1667; x_wconf 87' lang='lat' dir='ltr'>decem</span> <span class='ocrx_word' id='word_1_106' title='bbox 1139 1616 1195 1665; x_wconf 92' lang='lat' dir='ltr'>et</span> <span class='ocrx_word' id='word_1_107' title='bbox 1238 1611 1393 1664; x_wconf 86' lang='lat' dir='ltr'>ultra</span> <span class='ocrx_word' id='word_1_108' title='bbox 1442 1608 1689 1663; x_wconf 90' lang='lat' dir='ltr'>miliaria</span> <span class='ocrx_word' id='word_1_109' title='bbox 1720 1608 1946 1662; x_wconf 86' lang='lat' dir='ltr'>extendi</span> <span class='ocrx_word' id='word_1_110' title='bbox 1977 1622 2115 1661; x_wconf 89' lang='lat' dir='ltr'>con-</span> 
     </span>
    </p>
   </div>
   <div class='ocr_carea' id='block_1_18' title="bbox 485 1694 2116 1765">
    <p class='ocr_par' dir='ltr' id='par_1_18' title="bbox 485 1694 2116 1765">
     <span class='ocr_line' id='line_1_18' title="bbox 485 1694 2116 1765; baseline -0.004 -10"><span class='ocrx_word' id='word_1_111' title='bbox 485 1702 648 1755; x_wconf 88' lang='lat' dir='ltr'>tinua</span> <span class='ocrx_word' id='word_1_112' title='bbox 680 1700 796 1755; x_wconf 86' lang='lat' dir='ltr'>fere</span> <span class='ocrx_word' id='word_1_113' title='bbox 829 1701 977 1755; x_wconf 89' lang='lat' dir='ltr'>serie</span> <span class='ocrx_word' id='word_1_114' title='bbox 1025 1700 1317 1753; x_wconf 81' lang='lat' dir='ltr'>villarum.</span> <span class='ocrx_word' id='word_1_115' title='bbox 1359 1703 1549 1751; x_wconf 62' lang='lat' dir='ltr'>Romae</span> <span class='ocrx_word' id='word_1_116' title='bbox 1584 1713 1722 1751; x_wconf 89' lang='lat' dir='ltr'>sane</span> <span class='ocrx_word' id='word_1_117' title='bbox 1753 1694 2116 1765; x_wconf 83' lang='lat' dir='ltr'>longiuscule</span> 
     </span>
    </p>
   </div>
   <div class='ocr_carea' id='block_1_19' title="bbox 2237 539 3136 612">
    <p class='ocr_par' dir='ltr' id='par_1_19' title="bbox 2237 539 3136 612">
     <span class='ocr_line' id='line_1_19' title="bbox 2237 539 3136 612; baseline 0 -18"><span class='ocrx_word' id='word_1_118' title='bbox 2237 541 2446 612; x_wconf 83' lang='lat' dir='ltr'>placita</span> <span class='ocrx_word' id='word_1_119' title='bbox 2484 541 2785 595; x_wconf 83' lang='lat' dir='ltr'>orthodoxi</span> <span class='ocrx_word' id='word_1_120' title='bbox 2820 539 3136 609; x_wconf 86' lang='lat' dir='ltr'>dogmatis.</span> 
     </span>
    </p>
   </div>
   <div class='ocr_carea' id='block_1_20' title="bbox 2306 645 3865 717">
    <p class='ocr_par' dir='ltr' id='par_1_20' title="bbox 2306 645 3865 717">
     <span class='ocr_line' id='line_1_20' title="bbox 2306 645 3865 717; baseline 0.002 -17"><span class='ocrx_word' id='word_1_121' title='bbox 2306 647 2425 717; x_wconf 90' lang='lat' dir='ltr'>Pag</span> <span class='ocrx_word' id='word_1_122' title='bbox 2455 648 2576 701; x_wconf 74' lang='grc'>141.</span> <span class='ocrx_word' id='word_1_123' title='bbox 2627 648 3018 702; x_wconf 81' lang='lat' dir='ltr'>Monasterium</span> <span class='ocrx_word' id='word_1_124' title='bbox 3064 645 3136 699; x_wconf 86' lang='lat' dir='ltr'>ad</span> <span class='ocrx_word' id='word_1_125' title='bbox 3175 645 3394 699; x_wconf 81' lang='lat' dir='ltr'>Fontem</span> <span class='ocrx_word' id='word_1_126' title='bbox 3450 647 3640 701; x_wconf 82' lang='lat' dir='ltr'>situm.</span> <span class='ocrx_word' id='word_1_127' title='bbox 3692 647 3865 703; x_wconf 83' lang='lat' dir='ltr'>Hunc</span> 
     </span>
    </p>
   </div>
   <div class='ocr_carea' id='block_1_21' title="bbox 2235 733 3880 806">
    <p class='ocr_par' dir='ltr' id='par_1_21' title="bbox 2235 733 3880 806">
     <span class='ocr_line' id='line_1_21' title="bbox 2235 733 3880 806; baseline 0 -17"><span class='ocrx_word' id='word_1_128' title='bbox 2235 735 2451 789; x_wconf 83' lang='lat' dir='ltr'>fontem</span> <span class='ocrx_word' id='word_1_129' title='bbox 2485 740 2539 789; x_wconf 92' lang='lat' dir='ltr'>et</span> <span class='ocrx_word' id='word_1_130' title='bbox 2570 736 2760 789; x_wconf 91' lang='lat' dir='ltr'>locum</span> <span class='ocrx_word' id='word_1_131' title='bbox 2789 733 3063 787; x_wconf 85' lang='lat' dir='ltr'>describit</span> <span class='ocrx_word' id='word_1_132' title='bbox 3092 733 3405 802; x_wconf 88' lang='lat' dir='ltr'>Procopius</span> <span class='ocrx_word' id='word_1_133' title='bbox 3458 735 3496 788; x_wconf 93' lang='lat' dir='ltr'>l.</span> <span class='ocrx_word' id='word_1_134' title='bbox 3532 752 3549 788; x_wconf 78' lang='grc' dir='ltr'><strong>ι</strong></span> <span class='ocrx_word' id='word_1_135' title='bbox 3588 735 3713 806; x_wconf 82' lang='grc' dir='ltr'>Περὶ</span> <span class='ocrx_word' id='word_1_136' title='bbox 3745 756 3880 789; x_wconf 87' lang='grc' dir='ltr'>κτι-</span> 
     </span>
    </p>
   </div>
   <div class='ocr_carea' id='block_1_22' title="bbox 2235 819 3867 893">
    <p class='ocr_par' dir='ltr' id='par_1_22' title="bbox 2235 819 3867 893">
     <span class='ocr_line' id='line_1_22' title="bbox 2235 819 3867 893; baseline 0.003 -20"><span class='ocrx_word' id='word_1_137' title='bbox 2235 823 2473 893; x_wconf 75' lang='grc' dir='ltr'>σμάτων,</span> <span class='ocrx_word' id='word_1_138' title='bbox 2527 839 2575 877; x_wconf 91' lang='lat' dir='ltr'>c.</span> <span class='ocrx_word' id='word_1_139' title='bbox 2612 823 2663 889; x_wconf 93' lang='lat'>3,</span> <span class='ocrx_word' id='word_1_140' title='bbox 2714 822 2851 875; x_wconf 91' lang='lat' dir='ltr'>dum</span> <span class='ocrx_word' id='word_1_141' title='bbox 2901 819 3101 891; x_wconf 90' lang='lat' dir='ltr'>templi</span> <span class='ocrx_word' id='word_1_142' title='bbox 3135 820 3191 873; x_wconf 89' lang='lat' dir='ltr'>in</span> <span class='ocrx_word' id='word_1_143' title='bbox 3237 820 3457 875; x_wconf 90' lang='lat' dir='ltr'>honore</span> <span class='ocrx_word' id='word_1_144' title='bbox 3512 822 3749 893; x_wconf 88' lang='lat' dir='ltr'>Deipare</span> <span class='ocrx_word' id='word_1_145' title='bbox 3784 824 3867 878; x_wconf 88' lang='lat' dir='ltr'>ibi</span> 
     </span>
    </p>
   </div>
   <div class='ocr_carea' id='block_1_23' title="bbox 2232 910 3870 983">
    <p class='ocr_par' dir='ltr' id='par_1_23' title="bbox 2232 910 3870 983">
     <span class='ocr_line' id='line_1_23' title="bbox 2232 910 3870 983; baseline -0.001 -16"><span class='ocrx_word' id='word_1_146' title='bbox 2232 930 2264 967; x_wconf 91' lang='lat' dir='ltr'>a</span> <span class='ocrx_word' id='word_1_147' title='bbox 2294 913 2622 967; x_wconf 71' lang='lat' dir='ltr'>Iustiniano</span> <span class='ocrx_word' id='word_1_148' title='bbox 2672 911 2889 967; x_wconf 87' lang='lat' dir='ltr'>conditi</span> <span class='ocrx_word' id='word_1_149' title='bbox 2950 910 3219 964; x_wconf 91' lang='lat' dir='ltr'>meminit</span> <span class='ocrx_word' id='word_1_150' title='bbox 3249 910 3342 964; x_wconf 90' lang='lat' dir='ltr'>his</span> <span class='ocrx_word' id='word_1_151' title='bbox 3373 912 3567 965; x_wconf 88' lang='lat' dir='ltr'>verbis</span> <span class='ocrx_word' id='word_1_152' title='bbox 3601 928 3613 966; x_wconf 91' lang='lat'>:</span> <span class='ocrx_word' id='word_1_153' title='bbox 3643 912 3870 983; x_wconf 78' lang='grc' dir='ltr'>Ἕτερον</span> 
     </span>
    </p>
   </div>
   <div class='ocr_carea' id='block_1_24' title="bbox 2230 992 3871 1075">
    <p class='ocr_par' dir='ltr' id='par_1_24' title="bbox 2230 992 3871 1075">
     <span class='ocr_line' id='line_1_24' title="bbox 2230 992 3871 1075; baseline 0.004 -25"><span class='ocrx_word' id='word_1_154' title='bbox 2230 996 2286 1051; x_wconf 78' lang='grc' dir='ltr'>δὲ</span> <span class='ocrx_word' id='word_1_155' title='bbox 2317 999 2459 1072; x_wconf 75' lang='grc' dir='ltr'>ἱερὸν</span> <span class='ocrx_word' id='word_1_156' title='bbox 2488 999 2622 1070; x_wconf 79' lang='grc' dir='ltr'>αὐτῇ</span> <span class='ocrx_word' id='word_1_157' title='bbox 2656 1000 2739 1069; x_wconf 76' lang='grc' dir='ltr'>(τῇ</span> <span class='ocrx_word' id='word_1_158' title='bbox 2770 992 3031 1067; x_wconf 78' lang='grc' dir='ltr'>θεάτὸκῳ)</span> <span class='ocrx_word' id='word_1_159' title='bbox 3064 994 3113 1048; x_wconf 83' lang='grc' dir='ltr'>ἐν</span> <span class='ocrx_word' id='word_1_160' title='bbox 3147 997 3319 1069; x_wconf 87' lang='grc' dir='ltr'>χώρῳ</span> <span class='ocrx_word' id='word_1_161' title='bbox 3351 994 3674 1071; x_wconf 78' lang='grc' dir='ltr'>κολουμένῳ</span> <span class='ocrx_word' id='word_1_162' title='bbox 3706 1004 3871 1075; x_wconf 79' lang='grc' dir='ltr'>Ιιηγῇ</span> 
     </span>
    </p>
   </div>
   <div class='ocr_carea' id='block_1_25' title="bbox 2229 1080 3871 1160">
    <p class='ocr_par' dir='ltr' id='par_1_25' title="bbox 2229 1080 3871 1160">
     <span class='ocr_line' id='line_1_25' title="bbox 2229 1080 3871 1160; baseline 0.002 -21"><span class='ocrx_word' id='word_1_163' title='bbox 2229 1086 2502 1156; x_wconf 74' lang='grc' dir='ltr'>ἀνέθηκεν.</span> <span class='ocrx_word' id='word_1_164' title='bbox 2560 1087 2817 1141; x_wconf 83' lang='grc' dir='ltr'>Ἑνταῦθά</span> <span class='ocrx_word' id='word_1_165' title='bbox 2863 1083 2971 1138; x_wconf 76' lang='grc' dir='ltr'>ἐστι</span> <span class='ocrx_word' id='word_1_166' title='bbox 3031 1080 3190 1146; x_wconf 85' lang='grc' dir='ltr'>δάσος</span> <span class='ocrx_word' id='word_1_167' title='bbox 3240 1084 3606 1157; x_wconf 77' lang='grc' dir='ltr'>κυπαρίσσων,</span> <span class='ocrx_word' id='word_1_168' title='bbox 3655 1086 3871 1160; x_wconf 82' lang='grc' dir='ltr'>λειμὼν</span> 
     </span>
    </p>
   </div>
   <div class='ocr_carea' id='block_1_26' title="bbox 2228 1170 3876 1250">
    <p class='ocr_par' dir='ltr' id='par_1_26' title="bbox 2228 1170 3876 1250">
     <span class='ocr_line' id='line_1_26' title="bbox 2228 1170 3876 1250; baseline 0.002 -24"><span class='ocrx_word' id='word_1_169' title='bbox 2228 1172 2278 1226; x_wconf 81' lang='grc' dir='ltr'>ἐν</span> <span class='ocrx_word' id='word_1_170' title='bbox 2340 1174 2574 1237; x_wconf 77' lang='grc' dir='ltr'>ἁπαλαῖς</span> <span class='ocrx_word' id='word_1_171' title='bbox 2614 1179 2731 1235; x_wconf 87' lang='grc' dir='ltr'>ταῖς</span> <span class='ocrx_word' id='word_1_172' title='bbox 2777 1173 3032 1246; x_wconf 75' lang='grc' dir='ltr'>ἀρούραις</span> <span class='ocrx_word' id='word_1_173' title='bbox 3080 1170 3327 1240; x_wconf 80' lang='grc' dir='ltr'>τεθηλὼς</span> <span class='ocrx_word' id='word_1_174' title='bbox 3363 1173 3559 1243; x_wconf 81' lang='grc' dir='ltr'>ἄνθεσι,</span> <span class='ocrx_word' id='word_1_175' title='bbox 3613 1175 3876 1250; x_wconf 75' lang='grc' dir='ltr'>παράδει-</span> 
     </span>
    </p>
   </div>
   <div class='ocr_carea' id='block_1_27' title="bbox 2228 1261 3876 1338">
    <p class='ocr_par' dir='ltr' id='par_1_27' title="bbox 2228 1261 3876 1338">
     <span class='ocr_line' id='line_1_27' title="bbox 2228 1261 3876 1338; baseline 0.002 -23"><span class='ocrx_word' id='word_1_176' title='bbox 2228 1284 2319 1323; x_wconf 92' lang='grc' dir='ltr'>σος</span> <span class='ocrx_word' id='word_1_177' title='bbox 2375 1262 2618 1337; x_wconf 79' lang='grc' dir='ltr'>εὐφορῶν</span> <span class='ocrx_word' id='word_1_178' title='bbox 2671 1263 2736 1315; x_wconf 82' lang='grc' dir='ltr'>τὰ</span> <span class='ocrx_word' id='word_1_179' title='bbox 2795 1262 2968 1333; x_wconf 81' lang='grc' dir='ltr'>ὡραῖα</span> <span class='ocrx_word' id='word_1_180' title='bbox 3001 1305 3014 1331; x_wconf 84' lang='grc'><em>,</em></span> <span class='ocrx_word' id='word_1_181' title='bbox 3072 1262 3225 1335; x_wconf 86' lang='grc' dir='ltr'>πηγή</span> <span class='ocrx_word' id='word_1_182' title='bbox 3280 1261 3521 1337; x_wconf 77' lang='grc' dir='ltr'>ἀψοφητὶ</span> <span class='ocrx_word' id='word_1_183' title='bbox 3592 1262 3876 1338; x_wconf 73' lang='grc' dir='ltr'>βλὺζουσα</span> 
     </span>
    </p>
   </div>
   <div class='ocr_carea' id='block_1_28' title="bbox 2225 1348 3870 1426">
    <p class='ocr_par' dir='ltr' id='par_1_28' title="bbox 2225 1348 3870 1426">
     <span class='ocr_line' id='line_1_28' title="bbox 2225 1348 3870 1426; baseline 0.003 -23"><span class='ocrx_word' id='word_1_184' title='bbox 2225 1349 2461 1426; x_wconf 78' lang='grc' dir='ltr'>γαληνὸν</span> <span class='ocrx_word' id='word_1_185' title='bbox 2510 1352 2572 1404; x_wconf 87' lang='grc' dir='ltr'>τὸ</span> <span class='ocrx_word' id='word_1_186' title='bbox 2628 1348 2773 1424; x_wconf 77' lang='grc' dir='ltr'>ὕδωρ</span> <span class='ocrx_word' id='word_1_187' title='bbox 2825 1350 2916 1403; x_wconf 84' lang='grc' dir='ltr'>καὶ</span> <span class='ocrx_word' id='word_1_188' title='bbox 2970 1349 3227 1421; x_wconf 82' lang='grc' dir='ltr'>πότιμον.</span> <span class='ocrx_word' id='word_1_189' title='bbox 3275 1350 3404 1407; x_wconf 83' lang='lat' dir='ltr'>Haec</span> <span class='ocrx_word' id='word_1_190' title='bbox 3430 1351 3530 1406; x_wconf 89' lang='lat' dir='ltr'>ille</span> <span class='ocrx_word' id='word_1_191' title='bbox 3573 1369 3743 1423; x_wconf 69' lang='lat' dir='ltr'>:quw</span> <span class='ocrx_word' id='word_1_192' title='bbox 3777 1355 3870 1409; x_wconf 89' lang='lat' dir='ltr'>sic</span> 
     </span>
    </p>
   </div>
   <div class='ocr_carea' id='block_1_29' title="bbox 2227 1440 3873 1508">
    <p class='ocr_par' dir='ltr' id='par_1_29' title="bbox 2227 1440 3873 1508">
     <span class='ocr_line' id='line_1_29' title="bbox 2227 1440 3873 1508; baseline 0.002 -14"><span class='ocrx_word' id='word_1_193' title='bbox 2227 1440 2447 1495; x_wconf 83' lang='lat' dir='ltr'>Latinis</span> <span class='ocrx_word' id='word_1_194' title='bbox 2478 1446 2688 1495; x_wconf 89' lang='lat' dir='ltr'>sonant</span> <span class='ocrx_word' id='word_1_195' title='bbox 2718 1457 2786 1494; x_wconf 83' lang='lat' dir='ltr'>ex</span> <span class='ocrx_word' id='word_1_196' title='bbox 2814 1440 3063 1507; x_wconf 76' lang='lat' dir='ltr'>eleganti</span> <span class='ocrx_word' id='word_1_197' title='bbox 3121 1440 3597 1508; x_wconf 85' lang='lat' dir='ltr'>interpretatione</span> <span class='ocrx_word' id='word_1_198' title='bbox 3632 1441 3873 1498; x_wconf 88' lang='lat' dir='ltr'>Claudii</span> 
     </span>
    </p>
   </div>
   <div class='ocr_carea' id='block_1_30' title="bbox 2226 1527 3869 1598">
    <p class='ocr_par' dir='ltr' id='par_1_30' title="bbox 2226 1527 3869 1598">
     <span class='ocr_line' id='line_1_30' title="bbox 2226 1527 3869 1598; baseline 0.002 -16"><span class='ocrx_word' id='word_1_199' title='bbox 2226 1529 2476 1583; x_wconf 90' lang='lat' dir='ltr'>Maltreti</span> <span class='ocrx_word' id='word_1_200' title='bbox 2535 1529 2764 1583; x_wconf 92' lang='lat' dir='ltr'>nostri:</span> <span class='ocrx_word' id='word_1_201' title='bbox 2819 1529 3005 1583; x_wconf 80' lang='lat' dir='ltr'>Eidem</span> <span class='ocrx_word' id='word_1_202' title='bbox 3046 1527 3348 1598; x_wconf 70' lang='lat' dir='ltr'>(Deiparaa)</span> <span class='ocrx_word' id='word_1_203' title='bbox 3408 1531 3666 1598; x_wconf 83' lang='lat' dir='ltr'>templum</span> <span class='ocrx_word' id='word_1_204' title='bbox 3706 1531 3869 1586; x_wconf 85' lang='lat' dir='ltr'>aliud</span> 
     </span>
    </p>
   </div>
   <div class='ocr_carea' id='block_1_31' title="bbox 2223 1615 3868 1688">
    <p class='ocr_par' dir='ltr' id='par_1_31' title="bbox 2223 1615 3868 1688">
     <span class='ocr_line' id='line_1_31' title="bbox 2223 1615 3868 1688; baseline 0.001 -17"><span class='ocrx_word' id='word_1_205' title='bbox 2223 1616 2463 1671; x_wconf 79' lang='lat' dir='ltr'>condidit</span> <span class='ocrx_word' id='word_1_206' title='bbox 2486 1616 2893 1687; x_wconf 86' lang='lat' dir='ltr'>(Justinianus)</span> <span class='ocrx_word' id='word_1_207' title='bbox 2923 1615 3068 1686; x_wconf 87' lang='lat' dir='ltr'>apud</span> <span class='ocrx_word' id='word_1_208' title='bbox 3091 1618 3306 1670; x_wconf 82' lang='lat' dir='ltr'>Fontem</span> <span class='ocrx_word' id='word_1_209' title='bbox 3330 1633 3342 1669; x_wconf 88' lang='lat'>:</span> <span class='ocrx_word' id='word_1_210' title='bbox 3362 1617 3441 1670; x_wconf 85' lang='lat' dir='ltr'>sic</span> <span class='ocrx_word' id='word_1_211' title='bbox 3466 1616 3645 1670; x_wconf 84' lang='lat' dir='ltr'>locum</span> <span class='ocrx_word' id='word_1_212' title='bbox 3675 1619 3868 1688; x_wconf 83' lang='lat' dir='ltr'>appel-</span> 
     </span>
    </p>
   </div>
   <div class='ocr_carea' id='block_1_32' title="bbox 2226 1703 3867 1777">
    <p class='ocr_par' dir='ltr' id='par_1_32' title="bbox 2226 1703 3867 1777">
     <span class='ocr_line' id='line_1_32' title="bbox 2226 1703 3867 1777; baseline 0.001 -19"><span class='ocrx_word' id='word_1_213' title='bbox 2226 1707 2384 1766; x_wconf 85' lang='lat' dir='ltr'>lant;</span> <span class='ocrx_word' id='word_1_214' title='bbox 2416 1706 2473 1758; x_wconf 88' lang='lat' dir='ltr'>in</span> <span class='ocrx_word' id='word_1_215' title='bbox 2507 1722 2608 1777; x_wconf 89' lang='lat' dir='ltr'>quo</span> <span class='ocrx_word' id='word_1_216' title='bbox 2637 1703 3021 1775; x_wconf 83' lang='lat' dir='ltr'>opacissimum</span> <span class='ocrx_word' id='word_1_217' title='bbox 3066 1708 3145 1756; x_wconf 77' lang='lat' dir='ltr'>est</span> <span class='ocrx_word' id='word_1_218' title='bbox 3192 1707 3563 1773; x_wconf 84' lang='lat' dir='ltr'>cupresselum</span> <span class='ocrx_word' id='word_1_219' title='bbox 3588 1722 3601 1769; x_wconf 93' lang='lat'><strong>;</strong></span> <span class='ocrx_word' id='word_1_220' title='bbox 3631 1706 3867 1773; x_wconf 84' lang='lat' dir='ltr'>ﬂoribus</span> 
     </span>
    </p>
   </div>
   <div class='ocr_carea' id='block_1_33' title="bbox 479 1783 3868 1871">
    <p class='ocr_par' dir='ltr' id='par_1_33' title="bbox 479 1783 3868 1871">
     <span class='ocr_line' id='line_1_33' title="bbox 479 1783 3868 1871; baseline -0.003 -29"><span class='ocrx_word' id='word_1_221' title='bbox 479 1788 840 1858; x_wconf 89' lang='lat' dir='ltr'>procurrisse</span> <span class='ocrx_word' id='word_1_222' title='bbox 874 1789 944 1842; x_wconf 88' lang='lat' dir='ltr'>ab</span> <span class='ocrx_word' id='word_1_223' title='bbox 978 1788 1121 1842; x_wconf 92' lang='lat' dir='ltr'>urbe</span> <span class='ocrx_word' id='word_1_224' title='bbox 1154 1787 1439 1841; x_wconf 87' lang='lat' dir='ltr'>suburbia</span> <span class='ocrx_word' id='word_1_225' title='bbox 1480 1786 1599 1855; x_wconf 90' lang='lat' dir='ltr'>jam</span> <span class='ocrx_word' id='word_1_226' title='bbox 1636 1790 1771 1838; x_wconf 87' lang='lat' dir='ltr'>tunc</span> <span class='ocrx_word' id='word_1_227' title='bbox 1813 1800 1927 1837; x_wconf 75' lang='lat' dir='ltr'>aevo</span> <span class='ocrx_word' id='word_1_228' title='bbox 1959 1783 2114 1837; x_wconf 87' lang='lat' dir='ltr'>Cice-</span> <span class='ocrx_word' id='word_1_229' title='bbox 2147 1806 2194 1871; x_wconf 82' lang='lat' dir='ltr'><strong>B</strong></span> <span class='ocrx_word' id='word_1_230' title='bbox 2228 1795 2388 1847; x_wconf 75' lang='lat' dir='ltr'>moui</span> <span class='ocrx_word' id='word_1_231' title='bbox 2411 1795 2523 1848; x_wconf 78' lang='lat' dir='ltr'>solo</span> <span class='ocrx_word' id='word_1_232' title='bbox 2573 1792 2919 1860; x_wconf 77' lang='lat' dir='ltr'>surgentibus</span> <span class='ocrx_word' id='word_1_233' title='bbox 2966 1800 3189 1862; x_wconf 79' lang='lat' dir='ltr'>pratum</span> <span class='ocrx_word' id='word_1_234' title='bbox 3224 1793 3412 1845; x_wconf 79' lang='lat' dir='ltr'>vernat</span> <span class='ocrx_word' id='word_1_235' title='bbox 3449 1810 3462 1857; x_wconf 91' lang='lat'><strong>;</strong></span> <span class='ocrx_word' id='word_1_236' title='bbox 3496 1790 3668 1845; x_wconf 75' lang='lat' dir='ltr'>domi:</span> <span class='ocrx_word' id='word_1_237' title='bbox 3725 1808 3868 1846; x_wconf 64' lang='grc' dir='ltr'>επα-</span> 
     </span>
    </p>
   </div>
   <div class='ocr_carea' id='block_1_34' title="bbox 478 1871 2120 1945">
    <p class='ocr_par' dir='ltr' id='par_1_34' title="bbox 478 1871 2120 1945">
     <span class='ocr_line' id='line_1_34' title="bbox 478 1871 2120 1945; baseline -0.004 -15"><span class='ocrx_word' id='word_1_238' title='bbox 478 1878 658 1941; x_wconf 90' lang='lat' dir='ltr'>ronis,</span> <span class='ocrx_word' id='word_1_239' title='bbox 693 1876 909 1930; x_wconf 90' lang='lat' dir='ltr'>indicio</span> <span class='ocrx_word' id='word_1_240' title='bbox 933 1880 1022 1930; x_wconf 87' lang='lat' dir='ltr'>est</span> <span class='ocrx_word' id='word_1_241' title='bbox 1054 1876 1206 1945; x_wconf 91' lang='lat' dir='ltr'>quod</span> <span class='ocrx_word' id='word_1_242' title='bbox 1240 1874 1493 1944; x_wconf 86' lang='lat' dir='ltr'>legimus</span> <span class='ocrx_word' id='word_1_243' title='bbox 1514 1871 1765 1941; x_wconf 88' lang='lat' dir='ltr'>Philipp.</span> <span class='ocrx_word' id='word_1_244' title='bbox 1796 1871 1899 1925; x_wconf 88' lang='lat' dir='ltr'><strong>XII</strong></span> <span class='ocrx_word' id='word_1_245' title='bbox 1928 1872 2120 1924; x_wconf 84' lang='lat' dir='ltr'>:Hisce</span> 
     </span>
    </p>
   </div>
   <div class='ocr_carea' id='block_1_35' title="bbox 474 1959 2118 2034">
    <p class='ocr_par' dir='ltr' id='par_1_35' title="bbox 474 1959 2118 2034">
     <span class='ocr_line' id='line_1_35' title="bbox 474 1959 2118 2034; baseline -0.005 -15"><span class='ocrx_word' id='word_1_246' title='bbox 474 1980 567 2034; x_wconf 83' lang='lat' dir='ltr'>ego</span> <span class='ocrx_word' id='word_1_247' title='bbox 600 1980 685 2018; x_wconf 87' lang='lat' dir='ltr'>me</span> <span class='ocrx_word' id='word_1_248' title='bbox 710 1966 818 2018; x_wconf 88' lang='lat' dir='ltr'>viis</span> <span class='ocrx_word' id='word_1_249' title='bbox 862 1963 1230 2027; x_wconf 73' lang='lat' dir='ltr'>committam,</span> <span class='ocrx_word' id='word_1_250' title='bbox 1268 1960 1363 2031; x_wconf 88' lang='lat' dir='ltr'>qui</span> <span class='ocrx_word' id='word_1_251' title='bbox 1410 1959 1800 2014; x_wconf 83' lang='lat' dir='ltr'>terminalibus</span> <span class='ocrx_word' id='word_1_252' title='bbox 1835 1974 2013 2028; x_wconf 75' lang='lat' dir='ltr'>nuper</span> <span class='ocrx_word' id='word_1_253' title='bbox 2058 1960 2118 2011; x_wconf 89' lang='lat' dir='ltr'>in</span> 
     </span>
    </p>
   </div>
   <div class='ocr_carea' id='block_1_36' title="bbox 472 2049 2119 2117">
    <p class='ocr_par' dir='ltr' id='par_1_36' title="bbox 472 2049 2119 2117">
     <span class='ocr_line' id='line_1_36' title="bbox 472 2049 2119 2117; baseline -0.004 -11"><span class='ocrx_word' id='word_1_254' title='bbox 472 2052 815 2117; x_wconf 84' lang='lat' dir='ltr'>suburbium,</span> <span class='ocrx_word' id='word_1_255' title='bbox 850 2057 908 2105; x_wconf 90' lang='lat' dir='ltr'>ut</span> <span class='ocrx_word' id='word_1_256' title='bbox 957 2051 1141 2105; x_wconf 91' lang='lat' dir='ltr'>eodem</span> <span class='ocrx_word' id='word_1_257' title='bbox 1198 2052 1288 2104; x_wconf 87' lang='lat' dir='ltr'>die</span> <span class='ocrx_word' id='word_1_258' title='bbox 1318 2058 1636 2115; x_wconf 84' lang='lat' dir='ltr'>recerterer,</span> <span class='ocrx_word' id='word_1_259' title='bbox 1670 2049 1755 2101; x_wconf 86' lang='lat' dir='ltr'>ire</span> <span class='ocrx_word' id='word_1_260' title='bbox 1801 2062 1909 2100; x_wconf 82' lang='lat' dir='ltr'>non</span> <span class='ocrx_word' id='word_1_261' title='bbox 1953 2062 2119 2099; x_wconf 83' lang='lat' dir='ltr'>ausus</span> 
     </span>
    </p>
   </div>
   <div class='ocr_carea' id='block_1_37' title="bbox 472 2136 2116 2207">
    <p class='ocr_par' dir='ltr' id='par_1_37' title="bbox 472 2136 2116 2207">
     <span class='ocr_line' id='line_1_37' title="bbox 472 2136 2116 2207; baseline -0.005 -12"><span class='ocrx_word' id='word_1_262' title='bbox 472 2143 623 2195; x_wconf 79' lang='lat' dir='ltr'>sim?</span> <span class='ocrx_word' id='word_1_263' title='bbox 653 2140 791 2195; x_wconf 89' lang='lat' dir='ltr'>Utut</span> <span class='ocrx_word' id='word_1_264' title='bbox 838 2141 908 2194; x_wconf 92' lang='lat' dir='ltr'>de</span> <span class='ocrx_word' id='word_1_265' title='bbox 948 2139 1055 2194; x_wconf 90' lang='lat' dir='ltr'>hoc</span> <span class='ocrx_word' id='word_1_266' title='bbox 1106 2137 1202 2205; x_wconf 88' lang='lat' dir='ltr'>sit,</span> <span class='ocrx_word' id='word_1_267' title='bbox 1242 2138 1386 2192; x_wconf 91' lang='lat' dir='ltr'>illud</span> <span class='ocrx_word' id='word_1_268' title='bbox 1436 2136 1673 2207; x_wconf 89' lang='lat' dir='ltr'>quidem</span> <span class='ocrx_word' id='word_1_269' title='bbox 1733 2138 1956 2189; x_wconf 90' lang='lat' dir='ltr'>certum</span> <span class='ocrx_word' id='word_1_270' title='bbox 2008 2142 2116 2200; x_wconf 85' lang='lat' dir='ltr'>est,</span> 
     </span>
    </p>
   </div>
   <div class='ocr_carea' id='block_1_38' title="bbox 478 2221 2117 2297">
    <p class='ocr_par' dir='ltr' id='par_1_38' title="bbox 478 2221 2117 2297">
     <span class='ocr_line' id='line_1_38' title="bbox 478 2221 2117 2297; baseline -0.004 -15"><span class='ocrx_word' id='word_1_271' title='bbox 478 2228 836 2282; x_wconf 84' lang='lat' dir='ltr'>Hebdomun.</span> <span class='ocrx_word' id='word_1_272' title='bbox 864 2228 934 2282; x_wconf 86' lang='lat' dir='ltr'>de</span> <span class='ocrx_word' id='word_1_273' title='bbox 964 2243 1078 2297; x_wconf 84' lang='lat' dir='ltr'>quo</span> <span class='ocrx_word' id='word_1_274' title='bbox 1112 2230 1309 2280; x_wconf 88' lang='lat' dir='ltr'>noster</span> <span class='ocrx_word' id='word_1_275' title='bbox 1348 2225 1453 2278; x_wconf 92' lang='lat' dir='ltr'>hoc</span> <span class='ocrx_word' id='word_1_276' title='bbox 1496 2223 1641 2288; x_wconf 91' lang='lat' dir='ltr'>loco,</span> <span class='ocrx_word' id='word_1_277' title='bbox 1677 2237 1887 2275; x_wconf 91' lang='lat' dir='ltr'>nomen</span> <span class='ocrx_word' id='word_1_278' title='bbox 1937 2221 2117 2276; x_wconf 88' lang='lat' dir='ltr'>fuisse</span> 
     </span>
    </p>
   </div>
   <div class='ocr_carea' id='block_1_39' title="bbox 480 2304 2115 2383">
    <p class='ocr_par' dir='ltr' id='par_1_39' title="bbox 480 2304 2115 2383">
     <span class='ocr_line' id='line_1_39' title="bbox 480 2304 2115 2383; baseline -0.006 -11"><span class='ocrx_word' id='word_1_279' title='bbox 480 2316 803 2372; x_wconf 85' lang='lat' dir='ltr'>suburbani</span> <span class='ocrx_word' id='word_1_280' title='bbox 835 2314 1326 2383; x_wconf 87' lang='lat' dir='ltr'>Conslanlinopoli</span> <span class='ocrx_word' id='word_1_281' title='bbox 1360 2304 1641 2382; x_wconf 87' lang='lat' dir='ltr'>disjuncti</span> <span class='ocrx_word' id='word_1_282' title='bbox 1674 2310 2000 2365; x_wconf 88' lang='lat' dir='ltr'>miliaribus</span> <span class='ocrx_word' id='word_1_283' title='bbox 2029 2326 2115 2364; x_wconf 91' lang='lat' dir='ltr'>se-</span> 
     </span>
    </p>
   </div>
   <div class='ocr_carea' id='block_1_40' title="bbox 479 2396 2115 2476">
    <p class='ocr_par' dir='ltr' id='par_1_40' title="bbox 479 2396 2115 2476">
     <span class='ocr_line' id='line_1_40' title="bbox 479 2396 2115 2476; baseline -0.005 -17"><span class='ocrx_word' id='word_1_284' title='bbox 479 2410 658 2476; x_wconf 89' lang='lat' dir='ltr'>ptem,</span> <span class='ocrx_word' id='word_1_285' title='bbox 694 2410 863 2475; x_wconf 90' lang='lat' dir='ltr'>prout</span> <span class='ocrx_word' id='word_1_286' title='bbox 896 2405 1122 2458; x_wconf 88' lang='lat' dir='ltr'>erudite</span> <span class='ocrx_word' id='word_1_287' title='bbox 1152 2396 1517 2456; x_wconf 77' lang='lat' dir='ltr'>demonstrat</span> <span class='ocrx_word' id='word_1_288' title='bbox 1548 2401 1819 2455; x_wconf 84' lang='lat' dir='ltr'>Nicolaus</span> <span class='ocrx_word' id='word_1_289' title='bbox 1845 2398 2115 2452; x_wconf 88' lang='lat' dir='ltr'>Alaman-</span> 
     </span>
    </p>
   </div>
   <div class='ocr_carea' id='block_1_41' title="bbox 479 2486 2118 2555">
    <p class='ocr_par' dir='ltr' id='par_1_41' title="bbox 479 2486 2118 2555">
     <span class='ocr_line' id='line_1_41' title="bbox 479 2486 2118 2555; baseline -0.005 -8"><span class='ocrx_word' id='word_1_290' title='bbox 479 2510 590 2548; x_wconf 92' lang='lat' dir='ltr'>nus</span> <span class='ocrx_word' id='word_1_291' title='bbox 620 2493 783 2546; x_wconf 89' lang='lat' dir='ltr'>Notis</span> <span class='ocrx_word' id='word_1_292' title='bbox 813 2493 906 2546; x_wconf 91' lang='lat' dir='ltr'>ad.</span> <span class='ocrx_word' id='word_1_293' title='bbox 940 2508 989 2545; x_wconf 92' lang='lat' dir='ltr'>c.</span> <span class='ocrx_word' id='word_1_294' title='bbox 1035 2492 1103 2545; x_wconf 86' lang='lat' dir='ltr'>l5</span> <span class='ocrx_word' id='word_1_295' title='bbox 1148 2490 1410 2544; x_wconf 70' lang='lat' dir='ltr'>Historia:</span> <span class='ocrx_word' id='word_1_296' title='bbox 1470 2505 1691 2543; x_wconf 64' lang='lat' dir='ltr'>arcana;</span> <span class='ocrx_word' id='word_1_297' title='bbox 1733 2486 2018 2555; x_wconf 87' lang='lat' dir='ltr'>Procopii,</span> <span class='ocrx_word' id='word_1_298' title='bbox 2051 2501 2118 2540; x_wconf 83' lang='lat' dir='ltr'>ex</span> 
     </span>
    </p>
   </div>
   <div class='ocr_carea' id='block_1_42' title="bbox 474 2578 1392 2641">
    <p class='ocr_par' dir='ltr' id='par_1_42' title="bbox 474 2578 1392 2641">
     <span class='ocr_line' id='line_1_42' title="bbox 474 2578 1392 2641; baseline -0.003 -8"><span class='ocrx_word' id='word_1_299' title='bbox 474 2582 729 2641; x_wconf 76' lang='lat' dir='ltr'>Socrate.</span> <span class='ocrx_word' id='word_1_300' title='bbox 760 2584 1076 2633; x_wconf 89' lang='lat' dir='ltr'>Sozomeno</span> <span class='ocrx_word' id='word_1_301' title='bbox 1108 2586 1159 2631; x_wconf 88' lang='lat' dir='ltr'>et</span> <span class='ocrx_word' id='word_1_302' title='bbox 1192 2578 1392 2631; x_wconf 88' lang='lat' dir='ltr'>Idatio.</span> 
     </span>
    </p>
   </div>
   <div class='ocr_carea' id='block_1_43' title="bbox 550 2670 2112 2746">
    <p class='ocr_par' dir='ltr' id='par_1_43' title="bbox 550 2670 2112 2746">
     <span class='ocr_line' id='line_1_43' title="bbox 550 2670 2112 2746; baseline -0.004 -16"><span class='ocrx_word' id='word_1_303' title='bbox 550 2677 664 2746; x_wconf 87' lang='lat' dir='ltr'>Cap</span> <span class='ocrx_word' id='word_1_304' title='bbox 694 2676 782 2729; x_wconf 77' lang='grc'>24.</span> <span class='ocrx_word' id='word_1_305' title='bbox 818 2675 1135 2743; x_wconf 84' lang='lat' dir='ltr'>Postquam</span> <span class='ocrx_word' id='word_1_306' title='bbox 1171 2689 1262 2727; x_wconf 92' lang='lat' dir='ltr'>res</span> <span class='ocrx_word' id='word_1_307' title='bbox 1296 2672 1551 2737; x_wconf 89' lang='lat' dir='ltr'>Persica,</span> <span class='ocrx_word' id='word_1_308' title='bbox 1604 2671 1757 2741; x_wconf 93' lang='lat' dir='ltr'>quod</span> <span class='ocrx_word' id='word_1_309' title='bbox 1793 2670 1885 2724; x_wconf 91' lang='lat' dir='ltr'>hic</span> <span class='ocrx_word' id='word_1_310' title='bbox 1918 2686 2112 2724; x_wconf 88' lang='lat' dir='ltr'>narra-</span> 
     </span>
    </p>
   </div>
   <div class='ocr_carea' id='block_1_44' title="bbox 478 2758 2110 2829">
    <p class='ocr_par' dir='ltr' id='par_1_44' title="bbox 478 2758 2110 2829">
     <span class='ocr_line' id='line_1_44' title="bbox 478 2758 2110 2829; baseline -0.005 -11"><span class='ocrx_word' id='word_1_311' title='bbox 478 2769 575 2818; x_wconf 89' lang='lat' dir='ltr'>tur</span> <span class='ocrx_word' id='word_1_312' title='bbox 622 2761 917 2817; x_wconf 90' lang='lat' dir='ltr'>succuluit</span> <span class='ocrx_word' id='word_1_313' title='bbox 958 2760 1255 2826; x_wconf 89' lang='lat' dir='ltr'>Tocharis,</span> <span class='ocrx_word' id='word_1_314' title='bbox 1319 2760 1550 2813; x_wconf 89' lang='lat' dir='ltr'>videtur</span> <span class='ocrx_word' id='word_1_315' title='bbox 1610 2758 1928 2829; x_wconf 83' lang='lat' dir='ltr'>contigisse</span> <span class='ocrx_word' id='word_1_316' title='bbox 1961 2758 2110 2827; x_wconf 93' lang='lat' dir='ltr'>quod</span> 
     </span>
    </p>
   </div>
   <div class='ocr_carea' id='block_1_45' title="bbox 479 2844 2113 2920">
    <p class='ocr_par' dir='ltr' id='par_1_45' title="bbox 479 2844 2113 2920">
     <span class='ocr_line' id='line_1_45' title="bbox 479 2844 2113 2920; baseline -0.006 -14"><span class='ocrx_word' id='word_1_317' title='bbox 479 2856 677 2907; x_wconf 87' lang='lat' dir='ltr'>noster</span> <span class='ocrx_word' id='word_1_318' title='bbox 722 2851 893 2920; x_wconf 69' lang='lat' dir='ltr'>p.18</span> <span class='ocrx_word' id='word_1_319' title='bbox 938 2849 1156 2912; x_wconf 90' lang='lat' dir='ltr'>retulit,</span> <span class='ocrx_word' id='word_1_320' title='bbox 1206 2853 1271 2902; x_wconf 88' lang='lat' dir='ltr'>ut</span> <span class='ocrx_word' id='word_1_321' title='bbox 1317 2863 1608 2917; x_wconf 89' lang='lat' dir='ltr'>pugnaces</span> <span class='ocrx_word' id='word_1_322' title='bbox 1661 2845 1898 2915; x_wconf 88' lang='lat' dir='ltr'>quidam</span> <span class='ocrx_word' id='word_1_323' title='bbox 1932 2844 2113 2898; x_wconf 66' lang='lat' dir='ltr'>Persa:</span> 
     </span>
    </p>
   </div>
   <div class='ocr_carea' id='block_1_46' title="bbox 481 2931 2116 3008">
    <p class='ocr_par' dir='ltr' id='par_1_46' title="bbox 481 2931 2116 3008">
     <span class='ocr_line' id='line_1_46' title="bbox 481 2931 2116 3008; baseline -0.005 -15"><span class='ocrx_word' id='word_1_324' title='bbox 481 2954 681 3008; x_wconf 87' lang='lat' dir='ltr'>parere</span> <span class='ocrx_word' id='word_1_325' title='bbox 729 2937 1008 2992; x_wconf 90' lang='lat' dir='ltr'>Tocharis</span> <span class='ocrx_word' id='word_1_326' title='bbox 1058 2935 1377 3006; x_wconf 85' lang='lat' dir='ltr'>dedignati,</span> <span class='ocrx_word' id='word_1_327' title='bbox 1429 2950 1592 2988; x_wconf 90' lang='lat' dir='ltr'>arces</span> <span class='ocrx_word' id='word_1_328' title='bbox 1641 2932 1881 2987; x_wconf 81' lang='lat' dir='ltr'>Romani</span> <span class='ocrx_word' id='word_1_329' title='bbox 1915 2931 2116 2985; x_wconf 82' lang='lat' dir='ltr'>limitis</span> 
     </span>
    </p>
   </div>
   <div class='ocr_carea' id='block_1_47' title="bbox 477 3023 1953 3096">
    <p class='ocr_par' dir='ltr' id='par_1_47' title="bbox 477 3023 1953 3096">
     <span class='ocr_line' id='line_1_47' title="bbox 477 3023 1953 3096; baseline -0.007 -15"><span class='ocrx_word' id='word_1_330' title='bbox 477 3042 678 3082; x_wconf 82' lang='lat' dir='ltr'>vexare</span> <span class='ocrx_word' id='word_1_331' title='bbox 709 3026 969 3096; x_wconf 88' lang='lat' dir='ltr'>ceperint</span> <span class='ocrx_word' id='word_1_332' title='bbox 1000 3041 1143 3095; x_wconf 89' lang='lat' dir='ltr'>quas</span> <span class='ocrx_word' id='word_1_333' title='bbox 1175 3029 1232 3078; x_wconf 92' lang='lat' dir='ltr'>et</span> <span class='ocrx_word' id='word_1_334' title='bbox 1256 3024 1490 3077; x_wconf 76' lang='lat' dir='ltr'>tandem</span> <span class='ocrx_word' id='word_1_335' title='bbox 1526 3023 1953 3089; x_wconf 86' lang='lat' dir='ltr'>expugnarunt.</span> 
     </span>
    </p>
   </div>
   <div class='ocr_carea' id='block_1_48' title="bbox 545 3116 2107 3192">
    <p class='ocr_par' dir='ltr' id='par_1_48' title="bbox 545 3116 2107 3192">
     <span class='ocr_line' id='line_1_48' title="bbox 545 3116 2107 3192; baseline -0.006 -15"><span class='ocrx_word' id='word_1_336' title='bbox 545 3128 681 3192; x_wconf 86' lang='lat' dir='ltr'>Pag.</span> <span class='ocrx_word' id='word_1_337' title='bbox 718 3122 838 3176; x_wconf 67' lang='grc'>134.</span> <span class='ocrx_word' id='word_1_338' title='bbox 872 3121 985 3175; x_wconf 85' lang='lat' dir='ltr'>Non</span> <span class='ocrx_word' id='word_1_339' title='bbox 1028 3120 1157 3173; x_wconf 83' lang='lat' dir='ltr'>inde</span> <span class='ocrx_word' id='word_1_340' title='bbox 1201 3119 1268 3172; x_wconf 86' lang='lat' dir='ltr'>ad</span> <span class='ocrx_word' id='word_1_341' title='bbox 1297 3116 1582 3187; x_wconf 63' lang='lat' dir='ltr'>proprium</span> <span class='ocrx_word' id='word_1_342' title='bbox 1631 3118 1835 3169; x_wconf 85' lang='lat' dir='ltr'>victum</span> <span class='ocrx_word' id='word_1_343' title='bbox 1874 3129 2107 3168; x_wconf 87' lang='lat' dir='ltr'>sumere.</span> 
     </span>
    </p>
   </div>
   <div class='ocr_carea' id='block_1_49' title="bbox 474 3198 2105 3275">
    <p class='ocr_par' dir='ltr' id='par_1_49' title="bbox 474 3198 2105 3275">
     <span class='ocr_line' id='line_1_49' title="bbox 474 3198 2105 3275; baseline -0.007 -11"><span class='ocrx_word' id='word_1_344' title='bbox 474 3210 690 3265; x_wconf 78' lang='lat' dir='ltr'>Graecis</span> <span class='ocrx_word' id='word_1_345' title='bbox 738 3208 855 3262; x_wconf 91' lang='lat' dir='ltr'>illis</span> <span class='ocrx_word' id='word_1_346' title='bbox 904 3206 1358 3275; x_wconf 89' lang='lat' dir='ltr'>respondentia:</span> <span class='ocrx_word' id='word_1_347' title='bbox 1391 3201 1661 3274; x_wconf 70' lang='grc' dir='ltr'>Φέροντας</span> <span class='ocrx_word' id='word_1_348' title='bbox 1689 3200 1733 3255; x_wconf 83' lang='grc' dir='ltr'>δ’</span> <span class='ocrx_word' id='word_1_349' title='bbox 1763 3198 1956 3270; x_wconf 69' lang='grc' dir='ltr'>ἔξωθεν</span> <span class='ocrx_word' id='word_1_350' title='bbox 1992 3201 2105 3253; x_wconf 81' lang='grc' dir='ltr'>ἐπι-</span> 
     </span>
    </p>
   </div>
   <div class='ocr_carea' id='block_1_50' title="bbox 470 3291 2109 3361">
    <p class='ocr_par' dir='ltr' id='par_1_50' title="bbox 470 3291 2109 3361">
     <span class='ocr_line' id='line_1_50' title="bbox 470 3291 2109 3361; baseline -0.002 -12"><span class='ocrx_word' id='word_1_351' title='bbox 470 3296 675 3350; x_wconf 84' lang='grc' dir='ltr'>τάττων</span> <span class='ocrx_word' id='word_1_352' title='bbox 736 3292 1047 3361; x_wconf 77' lang='grc' dir='ltr'>σιτίζεσθαι.</span> <span class='ocrx_word' id='word_1_353' title='bbox 1108 3297 1237 3345; x_wconf 77' lang='lat' dir='ltr'>Haec</span> <span class='ocrx_word' id='word_1_354' title='bbox 1294 3291 1564 3345; x_wconf 91' lang='lat' dir='ltr'>videntur</span> <span class='ocrx_word' id='word_1_355' title='bbox 1617 3309 1650 3345; x_wconf 90' lang='lat' dir='ltr'>a</span> <span class='ocrx_word' id='word_1_356' title='bbox 1727 3294 2109 3361; x_wconf 86' lang='lat' dir='ltr'>paraphraste</span> 
     </span>
    </p>
   </div>
   <div class='ocr_carea' id='block_1_51' title="bbox 471 3378 2106 3439">
    <p class='ocr_par' dir='ltr' id='par_1_51' title="bbox 471 3378 2106 3439">
     <span class='ocr_line' id='line_1_51' title="bbox 471 3378 2106 3439; baseline -0.004 -1"><span class='ocrx_word' id='word_1_357' title='bbox 471 3385 756 3439; x_wconf 88' lang='lat' dir='ltr'>Vaticano</span> <span class='ocrx_word' id='word_1_358' title='bbox 790 3401 903 3437; x_wconf 88' lang='lat' dir='ltr'>non</span> <span class='ocrx_word' id='word_1_359' title='bbox 938 3380 1253 3435; x_wconf 75' lang='lat' dir='ltr'>intellecta:</span> <span class='ocrx_word' id='word_1_360' title='bbox 1287 3384 1352 3433; x_wconf 91' lang='lat' dir='ltr'>ut</span> <span class='ocrx_word' id='word_1_361' title='bbox 1383 3396 1499 3433; x_wconf 86' lang='lat' dir='ltr'>non</span> <span class='ocrx_word' id='word_1_362' title='bbox 1535 3395 1663 3432; x_wconf 89' lang='lat' dir='ltr'>raro</span> <span class='ocrx_word' id='word_1_363' title='bbox 1685 3378 1827 3432; x_wconf 88' lang='lat' dir='ltr'>alias</span> <span class='ocrx_word' id='word_1_364' title='bbox 1859 3380 2106 3432; x_wconf 86' lang='lat' dir='ltr'>aberrat.</span> 
     </span>
    </p>
   </div>
   <div class='ocr_carea' id='block_1_52' title="bbox 473 3461 2105 3540">
    <p class='ocr_par' dir='ltr' id='par_1_52' title="bbox 473 3461 2105 3540">
     <span class='ocr_line' id='line_1_52' title="bbox 473 3461 2105 3540; baseline -0.007 -12"><span class='ocrx_word' id='word_1_365' title='bbox 473 3479 579 3528; x_wconf 90' lang='lat' dir='ltr'>Pro</span> <span class='ocrx_word' id='word_1_366' title='bbox 612 3472 702 3526; x_wconf 85' lang='lat' dir='ltr'>his</span> <span class='ocrx_word' id='word_1_367' title='bbox 734 3470 885 3525; x_wconf 89' lang='lat' dir='ltr'>enim</span> <span class='ocrx_word' id='word_1_368' title='bbox 919 3468 1000 3523; x_wconf 88' lang='lat' dir='ltr'>sic</span> <span class='ocrx_word' id='word_1_369' title='bbox 1059 3468 1263 3540; x_wconf 93' lang='lat' dir='ltr'>ponit:</span> <span class='ocrx_word' id='word_1_370' title='bbox 1301 3467 1569 3539; x_wconf 80' lang='grc' dir='ltr'>Φὲροντας</span> <span class='ocrx_word' id='word_1_371' title='bbox 1601 3462 1647 3518; x_wconf 80' lang='grc' dir='ltr'>δ’</span> <span class='ocrx_word' id='word_1_372' title='bbox 1670 3461 1862 3534; x_wconf 68' lang='grc' dir='ltr'>ἔξωθεν</span> <span class='ocrx_word' id='word_1_373' title='bbox 1916 3466 1976 3518; x_wconf 85' lang='grc' dir='ltr'>τὸ</span> <span class='ocrx_word' id='word_1_374' title='bbox 2014 3466 2105 3536; x_wconf 74' lang='grc' dir='ltr'>μὶν</span> 
     </span>
    </p>
   </div>
   <div class='ocr_carea' id='block_1_53' title="bbox 475 3550 2109 3632">
    <p class='ocr_par' dir='ltr' id='par_1_53' title="bbox 475 3550 2109 3632">
     <span class='ocr_line' id='line_1_53' title="bbox 475 3550 2109 3632; baseline -0.004 -20"><span class='ocrx_word' id='word_1_375' title='bbox 475 3559 668 3632; x_wconf 74' lang='grc' dir='ltr'>ἀρκοῦν</span> <span class='ocrx_word' id='word_1_376' title='bbox 728 3561 823 3610; x_wconf 77' lang='grc' dir='ltr'>τοῦ</span> <span class='ocrx_word' id='word_1_377' title='bbox 882 3554 1028 3608; x_wconf 78' lang='grc' dir='ltr'>σίτου</span> <span class='ocrx_word' id='word_1_378' title='bbox 1089 3561 1348 3628; x_wconf 78' lang='grc' dir='ltr'>χρῆσθαι,</span> <span class='ocrx_word' id='word_1_379' title='bbox 1409 3554 1470 3606; x_wconf 88' lang='grc' dir='ltr'>τὸ</span> <span class='ocrx_word' id='word_1_380' title='bbox 1503 3550 1560 3605; x_wconf 75' lang='grc' dir='ltr'>δὲ</span> <span class='ocrx_word' id='word_1_381' title='bbox 1589 3551 1754 3605; x_wconf 75' lang='grc' dir='ltr'>πλέον</span> <span class='ocrx_word' id='word_1_382' title='bbox 1783 3550 1947 3606; x_wconf 78' lang='grc' dir='ltr'>πάλιν</span> <span class='ocrx_word' id='word_1_383' title='bbox 1979 3552 2109 3605; x_wconf 85' lang='grc' dir='ltr'>ἀπο-</span> 
     </span>
    </p>
   </div>
   <div class='ocr_carea' id='block_1_54' title="bbox 469 3642 2105 3717">
    <p class='ocr_par' dir='ltr' id='par_1_54' title="bbox 469 3642 2105 3717">
     <span class='ocr_line' id='line_1_54' title="bbox 469 3642 2105 3717; baseline -0.003 -17"><span class='ocrx_word' id='word_1_384' title='bbox 469 3648 729 3709; x_wconf 77' lang='grc' dir='ltr'>τίθεσθαι.</span> <span class='ocrx_word' id='word_1_385' title='bbox 784 3647 960 3717; x_wconf 78' lang='lat' dir='ltr'>Atqui</span> <span class='ocrx_word' id='word_1_386' title='bbox 1016 3644 1077 3697; x_wconf 84' lang='grc' dir='ltr'>τὸ</span> <span class='ocrx_word' id='word_1_387' title='bbox 1135 3642 1323 3712; x_wconf 78' lang='grc' dir='ltr'>ἔξωθεν</span> <span class='ocrx_word' id='word_1_388' title='bbox 1367 3660 1435 3698; x_wconf 84' lang='lat' dir='ltr'>ex</span> <span class='ocrx_word' id='word_1_389' title='bbox 1484 3651 1679 3697; x_wconf 85' lang='lat' dir='ltr'>mente</span> <span class='ocrx_word' id='word_1_390' title='bbox 1733 3643 1984 3697; x_wconf 82' lang='lat' dir='ltr'>auctoris</span> <span class='ocrx_word' id='word_1_391' title='bbox 2036 3643 2105 3696; x_wconf 86' lang='lat' dir='ltr'>ad</span> 
     </span>
    </p>
   </div>
   <div class='ocr_carea' id='block_1_55' title="bbox 468 3729 2104 3803">
    <p class='ocr_par' dir='ltr' id='par_1_55' title="bbox 468 3729 2104 3803">
     <span class='ocr_line' id='line_1_55' title="bbox 468 3729 2104 3803; baseline -0.004 -15"><span class='ocrx_word' id='word_1_392' title='bbox 468 3733 756 3803; x_wconf 74' lang='grc' dir='ltr'>σιτίζεσθαι</span> <span class='ocrx_word' id='word_1_393' title='bbox 806 3736 1091 3788; x_wconf 84' lang='lat' dir='ltr'>refertur:</span> <span class='ocrx_word' id='word_1_394' title='bbox 1141 3738 1203 3785; x_wconf 87' lang='lat' dir='ltr'>ut</span> <span class='ocrx_word' id='word_1_395' title='bbox 1232 3731 1478 3785; x_wconf 90' lang='lat' dir='ltr'>voluerit</span> <span class='ocrx_word' id='word_1_396' title='bbox 1526 3731 1676 3785; x_wconf 72' lang='lat'><strong>642</strong></span> <span class='ocrx_word' id='word_1_397' title='bbox 1720 3731 1974 3784; x_wconf 80' lang='lat' dir='ltr'>Joannes</span> <span class='ocrx_word' id='word_1_398' title='bbox 2003 3729 2104 3783; x_wconf 89' lang='lat' dir='ltr'>im-</span> 
     </span>
    </p>
   </div>
   <div class='ocr_carea' id='block_1_56' title="bbox 466 3817 2104 3897">
    <p class='ocr_par' dir='ltr' id='par_1_56' title="bbox 466 3817 2104 3897">
     <span class='ocr_line' id='line_1_56' title="bbox 466 3817 2104 3897; baseline -0.006 -17"><span class='ocrx_word' id='word_1_399' title='bbox 466 3832 702 3897; x_wconf 87' lang='lat' dir='ltr'>perator</span> <span class='ocrx_word' id='word_1_400' title='bbox 721 3822 951 3891; x_wconf 87' lang='lat' dir='ltr'>bajulos</span> <span class='ocrx_word' id='word_1_401' title='bbox 985 3820 1262 3874; x_wconf 87' lang='lat' dir='ltr'>frumenti</span> <span class='ocrx_word' id='word_1_402' title='bbox 1290 3819 1606 3889; x_wconf 88' lang='lat' dir='ltr'>reponendi</span> <span class='ocrx_word' id='word_1_403' title='bbox 1629 3818 1684 3871; x_wconf 91' lang='lat' dir='ltr'>in</span> <span class='ocrx_word' id='word_1_404' title='bbox 1709 3817 1943 3871; x_wconf 89' lang='lat' dir='ltr'>arcibus</span> <span class='ocrx_word' id='word_1_405' title='bbox 1961 3817 2104 3871; x_wconf 91' lang='lat' dir='ltr'>nihil</span> 
     </span>
    </p>
   </div>
   <div class='ocr_carea' id='block_1_57' title="bbox 466 3904 2102 3977">
    <p class='ocr_par' dir='ltr' id='par_1_57' title="bbox 466 3904 2102 3977">
     <span class='ocr_line' id='line_1_57' title="bbox 466 3904 2102 3977; baseline -0.005 -9"><span class='ocrx_word' id='word_1_406' title='bbox 466 3915 600 3969; x_wconf 89' lang='lat' dir='ltr'>inde</span> <span class='ocrx_word' id='word_1_407' title='bbox 633 3912 818 3967; x_wconf 87' lang='lat' dir='ltr'>obiter</span> <span class='ocrx_word' id='word_1_408' title='bbox 868 3913 1131 3963; x_wconf 91' lang='lat' dir='ltr'>minuere</span> <span class='ocrx_word' id='word_1_409' title='bbox 1184 3908 1253 3962; x_wconf 91' lang='lat' dir='ltr'>ad</span> <span class='ocrx_word' id='word_1_410' title='bbox 1290 3906 1582 3977; x_wconf 84' lang='lat' dir='ltr'>proprium</span> <span class='ocrx_word' id='word_1_411' title='bbox 1631 3905 1863 3971; x_wconf 91' lang='lat' dir='ltr'>victum,</span> <span class='ocrx_word' id='word_1_412' title='bbox 1905 3906 2003 3959; x_wconf 91' lang='lat' dir='ltr'>sed</span> <span class='ocrx_word' id='word_1_413' title='bbox 2031 3904 2102 3960; x_wconf 90' lang='lat' dir='ltr'>iis</span> 
     </span>
    </p>
   </div>
   <div class='ocr_carea' id='block_1_58' title="bbox 465 3992 2099 4069">
    <p class='ocr_par' dir='ltr' id='par_1_58' title="bbox 465 3992 2099 4069">
     <span class='ocr_line' id='line_1_58' title="bbox 465 3992 2099 4069; baseline -0.007 -13"><span class='ocrx_word' id='word_1_414' title='bbox 465 4001 702 4056; x_wconf 89' lang='lat' dir='ltr'>aliunde</span> <span class='ocrx_word' id='word_1_415' title='bbox 729 3999 1011 4069; x_wconf 84' lang='lat' dir='ltr'>assignari</span> <span class='ocrx_word' id='word_1_416' title='bbox 1046 3996 1201 4050; x_wconf 89' lang='lat' dir='ltr'>unde</span> <span class='ocrx_word' id='word_1_417' title='bbox 1232 3995 1287 4048; x_wconf 73' lang='lat' dir='ltr'>in</span> <span class='ocrx_word' id='word_1_418' title='bbox 1312 3995 1414 4048; x_wconf 90' lang='lat' dir='ltr'>tali</span> <span class='ocrx_word' id='word_1_419' title='bbox 1446 3993 1535 4048; x_wconf 86' lang='lat' dir='ltr'>via</span> <span class='ocrx_word' id='word_1_420' title='bbox 1552 4010 1615 4048; x_wconf 90' lang='lat' dir='ltr'>ac</span> <span class='ocrx_word' id='word_1_421' title='bbox 1648 3992 1972 4046; x_wconf 86' lang='lat' dir='ltr'>ministerio</span> <span class='ocrx_word' id='word_1_422' title='bbox 2003 4008 2099 4046; x_wconf 92' lang='lat' dir='ltr'>ve-</span> 
     </span>
    </p>
   </div>
   <div class='ocr_carea' id='block_1_59' title="bbox 464 4095 785 4147">
    <p class='ocr_par' dir='ltr' id='par_1_59' title="bbox 464 4095 785 4147">
     <span class='ocr_line' id='line_1_59' title="bbox 464 4095 785 4147; baseline -0.009 -2"><span class='ocrx_word' id='word_1_423' title='bbox 464 4095 785 4147; x_wconf 90' lang='lat' dir='ltr'>scerentur.</span> 
     </span>
    </p>
   </div>
   <div class='ocr_carea' id='block_1_60' title="bbox 535 4171 2101 4250">
    <p class='ocr_par' dir='ltr' id='par_1_60' title="bbox 535 4171 2101 4250">
     <span class='ocr_line' id='line_1_60' title="bbox 535 4171 2101 4250; baseline -0.005 -17"><span class='ocrx_word' id='word_1_424' title='bbox 535 4180 670 4250; x_wconf 86' lang='lat' dir='ltr'>Pag.</span> <span class='ocrx_word' id='word_1_425' title='bbox 709 4179 829 4232; x_wconf 83' lang='grc'>140.</span> <span class='ocrx_word' id='word_1_426' title='bbox 863 4177 1004 4232; x_wconf 88' lang='lat' dir='ltr'>Idem</span> <span class='ocrx_word' id='word_1_427' title='bbox 1038 4175 1137 4230; x_wconf 88' lang='lat' dir='ltr'>ille</span> <span class='ocrx_word' id='word_1_428' title='bbox 1190 4173 1541 4229; x_wconf 74' lang='lat' dir='ltr'>Cutrilzaces.</span> <span class='ocrx_word' id='word_1_429' title='bbox 1574 4172 1786 4225; x_wconf 85' lang='lat' dir='ltr'>Mentio</span> <span class='ocrx_word' id='word_1_430' title='bbox 1818 4171 2101 4225; x_wconf 86' lang='lat' dir='ltr'>Cutritza-</span> 
     </span>
    </p>
   </div>
   <div class='ocr_carea' id='block_1_61' title="bbox 460 4258 2100 4331">
    <p class='ocr_par' dir='ltr' id='par_1_61' title="bbox 460 4258 2100 4331">
     <span class='ocr_line' id='line_1_61' title="bbox 460 4258 2100 4331; baseline -0.007 -9"><span class='ocrx_word' id='word_1_431' title='bbox 460 4268 543 4322; x_wconf 92' lang='lat' dir='ltr'>cis</span> <span class='ocrx_word' id='word_1_432' title='bbox 576 4268 635 4322; x_wconf 86' lang='lat' dir='ltr'>in</span> <span class='ocrx_word' id='word_1_433' title='bbox 669 4266 883 4321; x_wconf 70' lang='lat' dir='ltr'>Graecis</span> <span class='ocrx_word' id='word_1_434' title='bbox 932 4264 1102 4319; x_wconf 88' lang='lat' dir='ltr'>editis</span> <span class='ocrx_word' id='word_1_435' title='bbox 1133 4280 1248 4316; x_wconf 88' lang='lat' dir='ltr'>non</span> <span class='ocrx_word' id='word_1_436' title='bbox 1296 4264 1631 4331; x_wconf 88' lang='lat' dir='ltr'>comparet:</span> <span class='ocrx_word' id='word_1_437' title='bbox 1681 4258 1779 4313; x_wconf 90' lang='lat' dir='ltr'>illa</span> <span class='ocrx_word' id='word_1_438' title='bbox 1809 4258 1963 4313; x_wconf 91' lang='lat' dir='ltr'>enim</span> <span class='ocrx_word' id='word_1_439' title='bbox 2009 4275 2100 4312; x_wconf 84' lang='lat' dir='ltr'>ex-</span> 
     </span>
    </p>
   </div>
   <div class='ocr_carea' id='block_1_62' title="bbox 459 4346 2095 4427">
    <p class='ocr_par' dir='ltr' id='par_1_62' title="bbox 459 4346 2095 4427">
     <span class='ocr_line' id='line_1_62' title="bbox 459 4346 2095 4427; baseline -0.006 -17"><span class='ocrx_word' id='word_1_440' title='bbox 459 4372 657 4427; x_wconf 90' lang='lat' dir='ltr'>pressa</span> <span class='ocrx_word' id='word_1_441' title='bbox 707 4359 846 4409; x_wconf 89' lang='lat' dir='ltr'>sunt</span> <span class='ocrx_word' id='word_1_442' title='bbox 903 4369 969 4408; x_wconf 83' lang='lat' dir='ltr'>ex</span> <span class='ocrx_word' id='word_1_443' title='bbox 1027 4352 1153 4405; x_wconf 89' lang='lat' dir='ltr'>cod.</span> <span class='ocrx_word' id='word_1_444' title='bbox 1207 4349 1443 4413; x_wconf 86' lang='lat' dir='ltr'>Barber,</span> <span class='ocrx_word' id='word_1_445' title='bbox 1504 4353 1560 4401; x_wconf 93' lang='lat' dir='ltr'>et</span> <span class='ocrx_word' id='word_1_446' title='bbox 1624 4348 1793 4401; x_wconf 90' lang='lat' dir='ltr'>Allat.</span> <span class='ocrx_word' id='word_1_447' title='bbox 1858 4346 1937 4417; x_wconf 83' lang='grc' dir='ltr'>(Ρ.</span> <span class='ocrx_word' id='word_1_448' title='bbox 1972 4348 2095 4417; x_wconf 76' lang='grc'><strong>449)</strong></span> 
     </span>
    </p>
   </div>
   <div class='ocr_carea' id='block_1_63' title="bbox 458 4437 2093 4514">
    <p class='ocr_par' dir='ltr' id='par_1_63' title="bbox 458 4437 2093 4514">
     <span class='ocr_line' id='line_1_63' title="bbox 458 4437 2093 4514; baseline -0.005 -16"><span class='ocrx_word' id='word_1_449' title='bbox 458 4460 703 4514; x_wconf 92' lang='lat' dir='ltr'>quorum</span> <span class='ocrx_word' id='word_1_450' title='bbox 738 4443 795 4496; x_wconf 91' lang='lat' dir='ltr'>in</span> <span class='ocrx_word' id='word_1_451' title='bbox 846 4445 1052 4495; x_wconf 86' lang='lat' dir='ltr'>neutro</span> <span class='ocrx_word' id='word_1_452' title='bbox 1102 4438 1331 4510; x_wconf 84' lang='lat' dir='ltr'>legitur.</span> <span class='ocrx_word' id='word_1_453' title='bbox 1378 4437 1675 4507; x_wconf 91' lang='lat' dir='ltr'>Supplevit</span> <span class='ocrx_word' id='word_1_454' title='bbox 1715 4440 1906 4489; x_wconf 87' lang='lat' dir='ltr'>autem</span> <span class='ocrx_word' id='word_1_455' title='bbox 1942 4442 2093 4490; x_wconf 87' lang='lat' dir='ltr'>recte</span> 
     </span>
    </p>
   </div>
   <div class='ocr_carea' id='block_1_64' title="bbox 2230 1879 3871 1949">
    <p class='ocr_par' dir='ltr' id='par_1_64' title="bbox 2230 1879 3871 1949">
     <span class='ocr_line' id='line_1_64' title="bbox 2230 1879 3871 1949; baseline 0.001 -15"><span class='ocrx_word' id='word_1_456' title='bbox 2230 1882 2381 1935; x_wconf 77' lang='lat' dir='ltr'>berut</span> <span class='ocrx_word' id='word_1_457' title='bbox 2420 1882 2784 1945; x_wconf 83' lang='lat' dir='ltr'>viridarium;</span> <span class='ocrx_word' id='word_1_458' title='bbox 2836 1882 2961 1949; x_wconf 76' lang='lat' dir='ltr'>fons</span> <span class='ocrx_word' id='word_1_459' title='bbox 3010 1881 3185 1933; x_wconf 85' lang='lat' dir='ltr'>tacita</span> <span class='ocrx_word' id='word_1_460' title='bbox 3221 1880 3559 1947; x_wconf 77' lang='lat' dir='ltr'>scaturigine</span> <span class='ocrx_word' id='word_1_461' title='bbox 3598 1879 3778 1934; x_wconf 85' lang='lat' dir='ltr'>lenem</span> <span class='ocrx_word' id='word_1_462' title='bbox 3811 1885 3871 1935; x_wconf 83' lang='lat' dir='ltr'>et</span> 
     </span>
    </p>
   </div>
   <div class='ocr_carea' id='block_1_65' title="bbox 2226 1966 3868 2039">
    <p class='ocr_par' dir='ltr' id='par_1_65' title="bbox 2226 1966 3868 2039">
     <span class='ocr_line' id='line_1_65' title="bbox 2226 1966 3868 2039; baseline -0.001 -16"><span class='ocrx_word' id='word_1_463' title='bbox 2226 1969 2441 2023; x_wconf 84' lang='lat' dir='ltr'>dulcem</span> <span class='ocrx_word' id='word_1_464' title='bbox 2476 1986 2676 2039; x_wconf 85' lang='lat' dir='ltr'>aquam</span> <span class='ocrx_word' id='word_1_465' title='bbox 2703 1968 2953 2039; x_wconf 70' lang='lat' dir='ltr'>effundit.</span> <span class='ocrx_word' id='word_1_466' title='bbox 2976 1967 3304 2036; x_wconf 88' lang='lat' dir='ltr'>Templum,</span> <span class='ocrx_word' id='word_1_467' title='bbox 3336 1971 3397 2020; x_wconf 92' lang='lat' dir='ltr'>ut</span> <span class='ocrx_word' id='word_1_468' title='bbox 3427 1966 3533 2020; x_wconf 77' lang='lat' dir='ltr'>alia</span> <span class='ocrx_word' id='word_1_469' title='bbox 3566 1966 3868 2037; x_wconf 77' lang='lat' dir='ltr'>pleraque,</span> 
     </span>
    </p>
   </div>
   <div class='ocr_carea' id='block_1_66' title="bbox 2230 2054 3866 2124">
    <p class='ocr_par' dir='ltr' id='par_1_66' title="bbox 2230 2054 3866 2124">
     <span class='ocr_line' id='line_1_66' title="bbox 2230 2054 3866 2124; baseline -0.001 -13"><span class='ocrx_word' id='word_1_470' title='bbox 2230 2058 2673 2111; x_wconf 88' lang='lat' dir='ltr'>custodiendum</span> <span class='ocrx_word' id='word_1_471' title='bbox 2706 2062 2794 2110; x_wconf 89' lang='lat' dir='ltr'>est</span> <span class='ocrx_word' id='word_1_472' title='bbox 2820 2056 3097 2110; x_wconf 89' lang='lat' dir='ltr'>traditum</span> <span class='ocrx_word' id='word_1_473' title='bbox 3145 2054 3471 2123; x_wconf 85' lang='lat' dir='ltr'>monachis,</span> <span class='ocrx_word' id='word_1_474' title='bbox 3506 2056 3721 2124; x_wconf 90' lang='lat' dir='ltr'>quibus</span> <span class='ocrx_word' id='word_1_475' title='bbox 3752 2057 3866 2110; x_wconf 87' lang='lat' dir='ltr'>do-</span> 
     </span>
    </p>
   </div>
   <div class='ocr_carea' id='block_1_67' title="bbox 2231 2142 3867 2198">
    <p class='ocr_par' dir='ltr' id='par_1_67' title="bbox 2231 2142 3867 2198">
     <span class='ocr_line' id='line_1_67' title="bbox 2231 2142 3867 2198; baseline 0 -1"><span class='ocrx_word' id='word_1_476' title='bbox 2231 2144 2514 2198; x_wconf 89' lang='lat' dir='ltr'>micilium</span> <span class='ocrx_word' id='word_1_477' title='bbox 2549 2148 2871 2198; x_wconf 88' lang='lat' dir='ltr'>astructum</span> <span class='ocrx_word' id='word_1_478' title='bbox 2908 2143 2999 2195; x_wconf 90' lang='lat' dir='ltr'>hic</span> <span class='ocrx_word' id='word_1_479' title='bbox 3027 2142 3447 2195; x_wconf 89' lang='lat' dir='ltr'>monasterium</span> <span class='ocrx_word' id='word_1_480' title='bbox 3491 2142 3689 2196; x_wconf 88' lang='lat' dir='ltr'>Fontis</span> <span class='ocrx_word' id='word_1_481' title='bbox 3718 2144 3867 2197; x_wconf 90' lang='lat' dir='ltr'>dici-</span> 
     </span>
    </p>
   </div>
   <div class='ocr_carea' id='block_1_68' title="bbox 2226 2229 3864 2301">
    <p class='ocr_par' dir='ltr' id='par_1_68' title="bbox 2226 2229 3864 2301">
     <span class='ocr_line' id='line_1_68' title="bbox 2226 2229 3864 2301; baseline 0.001 -16"><span class='ocrx_word' id='word_1_482' title='bbox 2226 2235 2339 2287; x_wconf 90' lang='lat' dir='ltr'>tur.</span> <span class='ocrx_word' id='word_1_483' title='bbox 2376 2232 2505 2285; x_wconf 86' lang='lat' dir='ltr'>Erat</span> <span class='ocrx_word' id='word_1_484' title='bbox 2534 2235 2725 2285; x_wconf 86' lang='lat' dir='ltr'>autem</span> <span class='ocrx_word' id='word_1_485' title='bbox 2760 2231 2814 2283; x_wconf 90' lang='lat' dir='ltr'>id</span> <span class='ocrx_word' id='word_1_486' title='bbox 2848 2230 3048 2297; x_wconf 88' lang='lat' dir='ltr'>situm,</span> <span class='ocrx_word' id='word_1_487' title='bbox 3074 2234 3133 2284; x_wconf 95' lang='lat' dir='ltr'>ut</span> <span class='ocrx_word' id='word_1_488' title='bbox 3164 2230 3315 2283; x_wconf 89' lang='lat' dir='ltr'>idem</span> <span class='ocrx_word' id='word_1_489' title='bbox 3348 2229 3658 2301; x_wconf 88' lang='lat' dir='ltr'>Procopius</span> <span class='ocrx_word' id='word_1_490' title='bbox 3688 2231 3864 2301; x_wconf 89' lang='lat' dir='ltr'>paulo</span> 
     </span>
    </p>
   </div>
   <div class='ocr_carea' id='block_1_69' title="bbox 2226 2314 3860 2390">
    <p class='ocr_par' dir='ltr' id='par_1_69' title="bbox 2226 2314 3860 2390">
     <span class='ocr_line' id='line_1_69' title="bbox 2226 2314 3860 2390; baseline -0.001 -18"><span class='ocrx_word' id='word_1_491' title='bbox 2226 2325 2355 2389; x_wconf 88' lang='lat' dir='ltr'>post</span> <span class='ocrx_word' id='word_1_492' title='bbox 2385 2320 2755 2389; x_wconf 86' lang='lat' dir='ltr'>docet,prope</span> <span class='ocrx_word' id='word_1_493' title='bbox 2786 2324 3010 2389; x_wconf 87' lang='lat' dir='ltr'>portam</span> <span class='ocrx_word' id='word_1_494' title='bbox 3044 2324 3319 2386; x_wconf 84' lang='lat' dir='ltr'>Auream,</span> <span class='ocrx_word' id='word_1_495' title='bbox 3353 2314 3585 2390; x_wconf 76' lang='grc' dir='ltr'>ἄγχιστά</span> <span class='ocrx_word' id='word_1_496' title='bbox 3643 2338 3720 2386; x_wconf 83' lang='grc' dir='ltr'>πη</span> <span class='ocrx_word' id='word_1_497' title='bbox 3752 2323 3860 2371; x_wconf 81' lang='grc' dir='ltr'>τῶν</span> 
     </span>
    </p>
   </div>
   <div class='ocr_carea' id='block_1_70' title="bbox 2225 2402 3856 2479">
    <p class='ocr_par' dir='ltr' id='par_1_70' title="bbox 2225 2402 3856 2479">
     <span class='ocr_line' id='line_1_70' title="bbox 2225 2402 3856 2479; baseline 0.001 -20"><span class='ocrx_word' id='word_1_498' title='bbox 2225 2406 2443 2477; x_wconf 83' lang='grc' dir='ltr'>Χρυσῶν</span> <span class='ocrx_word' id='word_1_499' title='bbox 2504 2404 2856 2475; x_wconf 69' lang='grc' dir='ltr'>καλουμένων</span> <span class='ocrx_word' id='word_1_500' title='bbox 2908 2402 3119 2459; x_wconf 78' lang='grc' dir='ltr'>πυλῶν.</span> <span class='ocrx_word' id='word_1_501' title='bbox 3174 2405 3302 2459; x_wconf 69' lang='lat' dir='ltr'>Haec</span> <span class='ocrx_word' id='word_1_502' title='bbox 3350 2410 3439 2458; x_wconf 89' lang='lat' dir='ltr'>est</span> <span class='ocrx_word' id='word_1_503' title='bbox 3466 2409 3626 2473; x_wconf 89' lang='lat' dir='ltr'>porta</span> <span class='ocrx_word' id='word_1_504' title='bbox 3653 2406 3856 2479; x_wconf 78' lang='lat' dir='ltr'>Fontis,</span> 
     </span>
    </p>
   </div>
   <div class='ocr_carea' id='block_1_71' title="bbox 2225 2492 3856 2564">
    <p class='ocr_par' dir='ltr' id='par_1_71' title="bbox 2225 2492 3856 2564">
     <span class='ocr_line' id='line_1_71' title="bbox 2225 2492 3856 2564; baseline -0.001 -16"><span class='ocrx_word' id='word_1_505' title='bbox 2225 2496 2395 2562; x_wconf 87' lang='lat' dir='ltr'>cujus</span> <span class='ocrx_word' id='word_1_506' title='bbox 2430 2492 2597 2564; x_wconf 82' lang='lat' dir='ltr'>paulo</span> <span class='ocrx_word' id='word_1_507' title='bbox 2639 2493 2885 2547; x_wconf 90' lang='lat' dir='ltr'>inferius</span> <span class='ocrx_word' id='word_1_508' title='bbox 2934 2492 3315 2562; x_wconf 86' lang='lat' dir='ltr'>Pacbymeres</span> <span class='ocrx_word' id='word_1_509' title='bbox 3353 2492 3641 2546; x_wconf 88' lang='lat' dir='ltr'>meminit.</span> <span class='ocrx_word' id='word_1_510' title='bbox 3701 2494 3856 2548; x_wconf 83' lang='lat' dir='ltr'>Idem</span> 
     </span>
    </p>
   </div>
   <div class='ocr_carea' id='block_1_72' title="bbox 2225 2576 3853 2652">
    <p class='ocr_par' dir='ltr' id='par_1_72' title="bbox 2225 2576 3853 2652">
     <span class='ocr_line' id='line_1_72' title="bbox 2225 2576 3853 2652; baseline 0.001 -17"><span class='ocrx_word' id='word_1_511' title='bbox 2225 2582 2387 2641; x_wconf 78' lang='lat' dir='ltr'>alibi,</span> <span class='ocrx_word' id='word_1_512' title='bbox 2422 2597 2625 2652; x_wconf 90' lang='lat' dir='ltr'>nempe</span> <span class='ocrx_word' id='word_1_513' title='bbox 2656 2598 2713 2651; x_wconf 91' lang='lat' dir='ltr'>p.</span> <span class='ocrx_word' id='word_1_514' title='bbox 2750 2582 2870 2650; x_wconf 82' lang='grc'>168,</span> <span class='ocrx_word' id='word_1_515' title='bbox 2919 2580 3155 2651; x_wconf 81' lang='grc' dir='ltr'>Χρυσὲαν</span> <span class='ocrx_word' id='word_1_516' title='bbox 3204 2576 3385 2647; x_wconf 72' lang='grc' dir='ltr'>πύλην</span> <span class='ocrx_word' id='word_1_517' title='bbox 3434 2587 3688 2635; x_wconf 84' lang='lat' dir='ltr'>Auream</span> <span class='ocrx_word' id='word_1_518' title='bbox 3724 2598 3853 2652; x_wconf 88' lang='lat' dir='ltr'>por-</span> 
     </span>
    </p>
   </div>
   <div class='ocr_carea' id='block_1_73' title="bbox 2223 2667 3857 2740">
    <p class='ocr_par' dir='ltr' id='par_1_73' title="bbox 2223 2667 3857 2740">
     <span class='ocr_line' id='line_1_73' title="bbox 2223 2667 3857 2740; baseline 0 -17"><span class='ocrx_word' id='word_1_519' title='bbox 2223 2676 2342 2723; x_wconf 84' lang='lat' dir='ltr'>tam</span> <span class='ocrx_word' id='word_1_520' title='bbox 2376 2670 2653 2740; x_wconf 89' lang='lat' dir='ltr'>appellat.</span> <span class='ocrx_word' id='word_1_521' title='bbox 2688 2673 2904 2723; x_wconf 80' lang='lat' dir='ltr'>Auctor</span> <span class='ocrx_word' id='word_1_522' title='bbox 2954 2668 3251 2724; x_wconf 68' lang='lat' dir='ltr'>Pandectae</span> <span class='ocrx_word' id='word_1_523' title='bbox 3300 2667 3445 2722; x_wconf 83' lang='lat' dir='ltr'>Hist.</span> <span class='ocrx_word' id='word_1_524' title='bbox 3484 2670 3638 2722; x_wconf 80' lang='lat' dir='ltr'>Ture.</span> <span class='ocrx_word' id='word_1_525' title='bbox 3673 2686 3721 2723; x_wconf 92' lang='lat' dir='ltr'>c.</span> <span class='ocrx_word' id='word_1_526' title='bbox 3751 2670 3857 2724; x_wconf 85' lang='lat'>200</span> 
     </span>
    </p>
   </div>
   <div class='ocr_carea' id='block_1_74' title="bbox 2223 2756 3852 2830">
    <p class='ocr_par' dir='ltr' id='par_1_74' title="bbox 2223 2756 3852 2830">
     <span class='ocr_line' id='line_1_74' title="bbox 2223 2756 3852 2830; baseline 0.001 -20"><span class='ocrx_word' id='word_1_527' title='bbox 2223 2756 2494 2827; x_wconf 72' lang='lat' dir='ltr'>Selybriae</span> <span class='ocrx_word' id='word_1_528' title='bbox 2519 2761 2742 2826; x_wconf 85' lang='lat' dir='ltr'>portam</span> <span class='ocrx_word' id='word_1_529' title='bbox 2776 2757 2989 2809; x_wconf 90' lang='lat' dir='ltr'>dictam</span> <span class='ocrx_word' id='word_1_530' title='bbox 3025 2772 3255 2826; x_wconf 89' lang='lat' dir='ltr'>quoque</span> <span class='ocrx_word' id='word_1_531' title='bbox 3294 2756 3375 2809; x_wconf 76' lang='lat' dir='ltr'>ait</span> <span class='ocrx_word' id='word_1_532' title='bbox 3406 2771 3417 2809; x_wconf 92' lang='lat'>:</span> <span class='ocrx_word' id='word_1_533' title='bbox 3454 2756 3589 2811; x_wconf 81' lang='lat' dir='ltr'>Inde</span> <span class='ocrx_word' id='word_1_534' title='bbox 3616 2757 3852 2830; x_wconf 78' lang='lat' dir='ltr'>(inquit)</span> 
     </span>
    </p>
   </div>
   <div class='ocr_carea' id='block_1_75' title="bbox 2216 2841 3855 2913">
    <p class='ocr_par' dir='ltr' id='par_1_75' title="bbox 2216 2841 3855 2913">
     <span class='ocr_line' id='line_1_75' title="bbox 2216 2841 3855 2913; baseline -0.001 -16"><span class='ocrx_word' id='word_1_535' title='bbox 2216 2845 2537 2913; x_wconf 82' lang='lat' dir='ltr'>pervenitur</span> <span class='ocrx_word' id='word_1_536' title='bbox 2558 2842 2626 2897; x_wconf 91' lang='lat' dir='ltr'>ad</span> <span class='ocrx_word' id='word_1_537' title='bbox 2641 2844 2906 2897; x_wconf 84' lang='lat' dir='ltr'>decimam</span> <span class='ocrx_word' id='word_1_538' title='bbox 2937 2847 3171 2908; x_wconf 74' lang='lat' dir='ltr'>sextam,</span> <span class='ocrx_word' id='word_1_539' title='bbox 3203 2841 3449 2897; x_wconf 82' lang='lat' dir='ltr'>videlicet</span> <span class='ocrx_word' id='word_1_540' title='bbox 3479 2842 3745 2913; x_wconf 73' lang='lat' dir='ltr'>Silybriae</span> <span class='ocrx_word' id='word_1_541' title='bbox 3770 2844 3855 2899; x_wconf 85' lang='lat' dir='ltr'>vel</span> 
     </span>
    </p>
   </div>
   <div class='ocr_carea' id='block_1_76' title="bbox 2223 2929 3853 3004">
    <p class='ocr_par' dir='ltr' id='par_1_76' title="bbox 2223 2929 3853 3004">
     <span class='ocr_line' id='line_1_76' title="bbox 2223 2929 3853 3004; baseline 0.002 -20"><span class='ocrx_word' id='word_1_542' title='bbox 2223 2931 2489 3002; x_wconf 74' lang='lat' dir='ltr'>Selybriae</span> <span class='ocrx_word' id='word_1_543' title='bbox 2542 2935 2780 3001; x_wconf 86' lang='lat' dir='ltr'>portam,</span> <span class='ocrx_word' id='word_1_544' title='bbox 2828 2947 2951 3000; x_wconf 67' lang='lat' dir='ltr'>quae</span> <span class='ocrx_word' id='word_1_545' title='bbox 2983 2947 3015 2983; x_wconf 92' lang='lat' dir='ltr'>a</span> <span class='ocrx_word' id='word_1_546' title='bbox 3064 2929 3270 3000; x_wconf 85' lang='lat' dir='ltr'>priscis</span> <span class='ocrx_word' id='word_1_547' title='bbox 3327 2930 3511 3001; x_wconf 88' lang='grc' dir='ltr'>Χρυσῆ</span> <span class='ocrx_word' id='word_1_548' title='bbox 3553 2930 3731 3004; x_wconf 76' lang='grc' dir='ltr'>πόρτα</span> <span class='ocrx_word' id='word_1_549' title='bbox 3769 2933 3853 2987; x_wconf 84' lang='lat' dir='ltr'>vel</span> 
     </span>
    </p>
   </div>
   <div class='ocr_carea' id='block_1_77' title="bbox 2222 3019 3853 3089">
    <p class='ocr_par' dir='ltr' id='par_1_77' title="bbox 2222 3019 3853 3089">
     <span class='ocr_line' id='line_1_77' title="bbox 2222 3019 3853 3089; baseline 0.001 -17"><span class='ocrx_word' id='word_1_550' title='bbox 2222 3021 2399 3074; x_wconf 79' lang='lat' dir='ltr'>Aurea</span> <span class='ocrx_word' id='word_1_551' title='bbox 2424 3025 2581 3089; x_wconf 86' lang='lat' dir='ltr'>porta</span> <span class='ocrx_word' id='word_1_552' title='bbox 2625 3020 3031 3073; x_wconf 78' lang='lat' dir='ltr'>nominabatur.</span> <span class='ocrx_word' id='word_1_553' title='bbox 3078 3019 3214 3073; x_wconf 87' lang='lat' dir='ltr'>Nam</span> <span class='ocrx_word' id='word_1_554' title='bbox 3243 3028 3403 3073; x_wconf 71' lang='lat' dir='ltr'>extra</span> <span class='ocrx_word' id='word_1_555' title='bbox 3449 3026 3664 3088; x_wconf 84' lang='lat' dir='ltr'>portam</span> <span class='ocrx_word' id='word_1_556' title='bbox 3714 3020 3853 3075; x_wconf 83' lang='lat' dir='ltr'>hanc</span> 
     </span>
    </p>
   </div>
   <div class='ocr_carea' id='block_1_78' title="bbox 2222 3106 3856 3178">
    <p class='ocr_par' dir='ltr' id='par_1_78' title="bbox 2222 3106 3856 3178">
     <span class='ocr_line' id='line_1_78' title="bbox 2222 3106 3856 3178; baseline 0.001 -17"><span class='ocrx_word' id='word_1_557' title='bbox 2222 3112 2297 3161; x_wconf 85' lang='lat' dir='ltr'>est</span> <span class='ocrx_word' id='word_1_558' title='bbox 2329 3108 2592 3178; x_wconf 86' lang='lat' dir='ltr'>hodieque</span> <span class='ocrx_word' id='word_1_559' title='bbox 2621 3109 2777 3175; x_wconf 85' lang='lat' dir='ltr'>Fons,</span> <span class='ocrx_word' id='word_1_560' title='bbox 2804 3108 2903 3176; x_wconf 87' lang='lat' dir='ltr'>qui</span> <span class='ocrx_word' id='word_1_561' title='bbox 2931 3106 3262 3178; x_wconf 81' lang='grc' dir='ltr'>χρυσοπηγή</span> <span class='ocrx_word' id='word_1_562' title='bbox 3322 3107 3405 3161; x_wconf 87' lang='lat' dir='ltr'>vel</span> <span class='ocrx_word' id='word_1_563' title='bbox 3435 3123 3641 3162; x_wconf 84' lang='lat' dir='ltr'>aureus</span> <span class='ocrx_word' id='word_1_564' title='bbox 3666 3111 3790 3175; x_wconf 77' lang='lat' dir='ltr'>fons</span> <span class='ocrx_word' id='word_1_565' title='bbox 3823 3125 3856 3163; x_wconf 90' lang='lat' dir='ltr'>a</span> 
     </span>
    </p>
   </div>
   <div class='ocr_carea' id='block_1_79' title="bbox 2224 3194 3850 3265">
    <p class='ocr_par' dir='ltr' id='par_1_79' title="bbox 2224 3194 3850 3265">
     <span class='ocr_line' id='line_1_79' title="bbox 2224 3194 3850 3265; baseline 0.001 -16"><span class='ocrx_word' id='word_1_566' title='bbox 2224 3195 2424 3251; x_wconf 64' lang='lat' dir='ltr'>Grazcis</span> <span class='ocrx_word' id='word_1_567' title='bbox 2479 3198 2707 3265; x_wconf 79' lang='lat' dir='ltr'>antiquo</span> <span class='ocrx_word' id='word_1_568' title='bbox 2775 3194 3001 3249; x_wconf 83' lang='lat' dir='ltr'>nomine</span> <span class='ocrx_word' id='word_1_569' title='bbox 3055 3195 3285 3264; x_wconf 80' lang='lat' dir='ltr'>dicitur,</span> <span class='ocrx_word' id='word_1_570' title='bbox 3352 3196 3576 3250; x_wconf 83' lang='lat' dir='ltr'>celebris</span> <span class='ocrx_word' id='word_1_571' title='bbox 3650 3197 3709 3251; x_wconf 85' lang='lat' dir='ltr'>in</span> <span class='ocrx_word' id='word_1_572' title='bbox 3764 3212 3850 3251; x_wconf 82' lang='lat' dir='ltr'>eo-</span> 
     </span>
    </p>
   </div>
   <div class='ocr_carea' id='block_1_80' title="bbox 2217 3282 3852 3353">
    <p class='ocr_par' dir='ltr' id='par_1_80' title="bbox 2217 3282 3852 3353">
     <span class='ocr_line' id='line_1_80' title="bbox 2217 3282 3852 3353; baseline 0.001 -16"><span class='ocrx_word' id='word_1_573' title='bbox 2217 3300 2340 3337; x_wconf 85' lang='lat' dir='ltr'>rum</span> <span class='ocrx_word' id='word_1_574' title='bbox 2378 3284 2646 3351; x_wconf 74' lang='lat' dir='ltr'>historiis,</span> <span class='ocrx_word' id='word_1_575' title='bbox 2686 3297 2813 3352; x_wconf 61' lang='grc' dir='ltr'>(μιᾶς</span> <span class='ocrx_word' id='word_1_576' title='bbox 2850 3298 3223 3351; x_wconf 72' lang='lat' dir='ltr'>saepenumero</span> <span class='ocrx_word' id='word_1_577' title='bbox 3264 3282 3463 3351; x_wconf 85' lang='lat' dir='ltr'>palatii</span> <span class='ocrx_word' id='word_1_578' title='bbox 3507 3284 3688 3353; x_wconf 70' lang='grc' dir='ltr'>πηγῆς</span> <span class='ocrx_word' id='word_1_579' title='bbox 3737 3286 3852 3339; x_wconf 88' lang='lat' dir='ltr'>sive</span> 
     </span>
    </p>
   </div>
   <div class='ocr_carea' id='block_1_81' title="bbox 2214 3363 3847 3437">
    <p class='ocr_par' dir='ltr' id='par_1_81' title="bbox 2214 3363 3847 3437">
     <span class='ocr_line' id='line_1_81' title="bbox 2214 3363 3847 3437; baseline 0.002 -19"><span class='ocrx_word' id='word_1_580' title='bbox 2214 3366 2381 3433; x_wconf 81' lang='lat' dir='ltr'>fontis</span> <span class='ocrx_word' id='word_1_581' title='bbox 2413 3366 2737 3419; x_wconf 85' lang='lat' dir='ltr'>mentionem</span> <span class='ocrx_word' id='word_1_582' title='bbox 2761 3366 2997 3434; x_wconf 75' lang='lat' dir='ltr'>faciunt,</span> <span class='ocrx_word' id='word_1_583' title='bbox 3019 3369 3071 3417; x_wconf 87' lang='lat' dir='ltr'>et</span> <span class='ocrx_word' id='word_1_584' title='bbox 3096 3363 3287 3434; x_wconf 82' lang='lat' dir='ltr'>templi</span> <span class='ocrx_word' id='word_1_585' title='bbox 3334 3364 3586 3435; x_wconf 69' lang='lat' dir='ltr'>Deiparae</span> <span class='ocrx_word' id='word_1_586' title='bbox 3616 3368 3847 3437; x_wconf 79' lang='lat' dir='ltr'>virginis</span> 
     </span>
    </p>
   </div>
   <div class='ocr_carea' id='block_1_82' title="bbox 2216 3451 3179 3522">
    <p class='ocr_par' dir='ltr' id='par_1_82' title="bbox 2216 3451 3179 3522">
     <span class='ocr_line' id='line_1_82' title="bbox 2216 3451 3179 3522; baseline 0 -16"><span class='ocrx_word' id='word_1_587' title='bbox 2216 3452 2291 3506; x_wconf 84' lang='lat' dir='ltr'>ad</span> <span class='ocrx_word' id='word_1_588' title='bbox 2317 3470 2496 3522; x_wconf 81' lang='grc' dir='ltr'>πηγην</span> <span class='ocrx_word' id='word_1_589' title='bbox 2554 3457 2669 3507; x_wconf 85' lang='lat' dir='ltr'>sive</span> <span class='ocrx_word' id='word_1_590' title='bbox 2694 3455 2916 3520; x_wconf 82' lang='lat' dir='ltr'>fontem.</span> <span class='ocrx_word' id='word_1_591' title='bbox 2950 3455 3031 3507; x_wconf 87' lang='lat' dir='ltr'>Ita</span> <span class='ocrx_word' id='word_1_592' title='bbox 3063 3451 3179 3506; x_wconf 90' lang='lat' dir='ltr'>ille.</span> 
     </span>
    </p>
   </div>
   <div class='ocr_carea' id='block_1_83' title="bbox 2290 3558 3848 3628">
    <p class='ocr_par' dir='ltr' id='par_1_83' title="bbox 2290 3558 3848 3628">
     <span class='ocr_line' id='line_1_83' title="bbox 2290 3558 3848 3628; baseline 0 -16"><span class='ocrx_word' id='word_1_593' title='bbox 2290 3559 2419 3628; x_wconf 87' lang='lat' dir='ltr'>Pag.</span> <span class='ocrx_word' id='word_1_594' title='bbox 2486 3559 2607 3611; x_wconf 85' lang='grc'>150.</span> <span class='ocrx_word' id='word_1_595' title='bbox 2667 3558 2729 3612; x_wconf 89' lang='lat' dir='ltr'>In</span> <span class='ocrx_word' id='word_1_596' title='bbox 2787 3558 2878 3613; x_wconf 89' lang='lat' dir='ltr'>his</span> <span class='ocrx_word' id='word_1_597' title='bbox 2950 3558 3165 3613; x_wconf 74' lang='lat' dir='ltr'>Graecis</span> <span class='ocrx_word' id='word_1_598' title='bbox 3226 3559 3416 3613; x_wconf 79' lang='lat' dir='ltr'>verbis</span> <span class='ocrx_word' id='word_1_599' title='bbox 3490 3560 3848 3620; x_wconf 76' lang='grc' dir='ltr'>καταστάντος</span> 
     </span>
    </p>
   </div>
   <div class='ocr_carea' id='block_1_84' title="bbox 2214 3644 3847 3718">
    <p class='ocr_par' dir='ltr' id='par_1_84' title="bbox 2214 3644 3847 3718">
     <span class='ocr_line' id='line_1_84' title="bbox 2214 3644 3847 3718; baseline 0.004 -21"><span class='ocrx_word' id='word_1_600' title='bbox 2214 3649 2347 3698; x_wconf 72' lang='grc' dir='ltr'>κατὰ</span> <span class='ocrx_word' id='word_1_601' title='bbox 2377 3645 2561 3718; x_wconf 76' lang='grc' dir='ltr'>χώραν</span> <span class='ocrx_word' id='word_1_602' title='bbox 2616 3644 2950 3711; x_wconf 73' lang='grc' dir='ltr'>ὑπνούντων,</span> <span class='ocrx_word' id='word_1_603' title='bbox 2977 3646 3084 3700; x_wconf 84' lang='lat' dir='ltr'>etsi</span> <span class='ocrx_word' id='word_1_604' title='bbox 3114 3663 3181 3700; x_wconf 82' lang='lat' dir='ltr'>ex</span> <span class='ocrx_word' id='word_1_605' title='bbox 3229 3647 3395 3703; x_wconf 91' lang='lat' dir='ltr'>codd.</span> <span class='ocrx_word' id='word_1_606' title='bbox 3440 3650 3679 3718; x_wconf 76' lang='lat' dir='ltr'>optimis</span> <span class='ocrx_word' id='word_1_607' title='bbox 3710 3649 3847 3703; x_wconf 84' lang='lat' dir='ltr'>Bar-</span> 
     </span>
    </p>
   </div>
   <div class='ocr_carea' id='block_1_85' title="bbox 2215 3733 3847 3803">
    <p class='ocr_par' dir='ltr' id='par_1_85' title="bbox 2215 3733 3847 3803">
     <span class='ocr_line' id='line_1_85' title="bbox 2215 3733 3847 3803; baseline 0.002 -17"><span class='ocrx_word' id='word_1_608' title='bbox 2215 3734 2334 3787; x_wconf 89' lang='lat' dir='ltr'>ber.</span> <span class='ocrx_word' id='word_1_609' title='bbox 2366 3739 2419 3787; x_wconf 90' lang='lat' dir='ltr'>et</span> <span class='ocrx_word' id='word_1_610' title='bbox 2451 3733 2623 3798; x_wconf 87' lang='lat' dir='ltr'>Allat,</span> <span class='ocrx_word' id='word_1_611' title='bbox 2657 3749 2789 3787; x_wconf 86' lang='lat' dir='ltr'>cum</span> <span class='ocrx_word' id='word_1_612' title='bbox 2842 3733 2952 3787; x_wconf 83' lang='lat' dir='ltr'>ﬁde</span> <span class='ocrx_word' id='word_1_613' title='bbox 2984 3748 3253 3803; x_wconf 83' lang='lat' dir='ltr'>expressa</span> <span class='ocrx_word' id='word_1_614' title='bbox 3296 3734 3449 3788; x_wconf 73' lang='lat'>648</span> <span class='ocrx_word' id='word_1_615' title='bbox 3496 3741 3653 3801; x_wconf 88' lang='lat' dir='ltr'>sunt,</span> <span class='ocrx_word' id='word_1_616' title='bbox 3686 3751 3847 3789; x_wconf 92' lang='lat' dir='ltr'>men-</span> 
     </span>
    </p>
   </div>
   <div class='ocr_carea' id='block_1_86' title="bbox 2214 3820 3849 3883">
    <p class='ocr_par' dir='ltr' id='par_1_86' title="bbox 2214 3820 3849 3883">
     <span class='ocr_line' id='line_1_86' title="bbox 2214 3820 3849 3883; baseline 0.003 -10"><span class='ocrx_word' id='word_1_617' title='bbox 2214 3821 2351 3874; x_wconf 91' lang='lat' dir='ltr'>dum</span> <span class='ocrx_word' id='word_1_618' title='bbox 2390 3822 2540 3876; x_wconf 89' lang='lat' dir='ltr'>inest</span> <span class='ocrx_word' id='word_1_619' title='bbox 2572 3839 2683 3875; x_wconf 91' lang='lat' dir='ltr'>non</span> <span class='ocrx_word' id='word_1_620' title='bbox 2712 3821 2981 3875; x_wconf 91' lang='lat' dir='ltr'>dubium.</span> <span class='ocrx_word' id='word_1_621' title='bbox 3032 3821 3176 3883; x_wconf 87' lang='lat' dir='ltr'>Quid</span> <span class='ocrx_word' id='word_1_622' title='bbox 3231 3820 3382 3875; x_wconf 90' lang='lat' dir='ltr'>enim</span> <span class='ocrx_word' id='word_1_623' title='bbox 3416 3820 3555 3875; x_wconf 91' lang='lat' dir='ltr'>illuc</span> <span class='ocrx_word' id='word_1_624' title='bbox 3583 3822 3718 3877; x_wconf 81' lang='lat' dir='ltr'>facit</span> <span class='ocrx_word' id='word_1_625' title='bbox 3743 3839 3849 3878; x_wconf 80' lang='lat' dir='ltr'>vox</span> 
     </span>
    </p>
   </div>
   <div class='ocr_carea' id='block_1_87' title="bbox 2217 3908 3845 3981">
    <p class='ocr_par' dir='ltr' id='par_1_87' title="bbox 2217 3908 3845 3981">
     <span class='ocr_line' id='line_1_87' title="bbox 2217 3908 3845 3981; baseline 0.002 -20"><span class='ocrx_word' id='word_1_626' title='bbox 2217 3908 2524 3961; x_wconf 73' lang='grc' dir='ltr'>ὑπνούντων</span> <span class='ocrx_word' id='word_1_627' title='bbox 2560 3910 2747 3964; x_wconf 87' lang='lat' dir='ltr'>locum</span> <span class='ocrx_word' id='word_1_628' title='bbox 2781 3926 3071 3979; x_wconf 90' lang='lat' dir='ltr'>occupans</span> <span class='ocrx_word' id='word_1_629' title='bbox 3100 3908 3391 3977; x_wconf 90' lang='lat' dir='ltr'>vocabuli,</span> <span class='ocrx_word' id='word_1_630' title='bbox 3423 3911 3579 3979; x_wconf 92' lang='lat' dir='ltr'>quod</span> <span class='ocrx_word' id='word_1_631' title='bbox 3612 3926 3845 3981; x_wconf 85' lang='lat' dir='ltr'>respon-</span> 
     </span>
    </p>
   </div>
   <div class='ocr_carea' id='block_1_88' title="bbox 2210 3994 3844 4069">
    <p class='ocr_par' dir='ltr' id='par_1_88' title="bbox 2210 3994 3844 4069">
     <span class='ocr_line' id='line_1_88' title="bbox 2210 3994 3844 4069; baseline 0.001 -17"><span class='ocrx_word' id='word_1_632' title='bbox 2210 3999 2343 4052; x_wconf 88' lang='lat' dir='ltr'>deat</span> <span class='ocrx_word' id='word_1_633' title='bbox 2371 3998 2671 4069; x_wconf 80' lang='lat' dir='ltr'>participio</span> <span class='ocrx_word' id='word_1_634' title='bbox 2692 3994 3050 4056; x_wconf 83' lang='grc' dir='ltr'>καταστάντος</span> <span class='ocrx_word' id='word_1_635' title='bbox 3076 3996 3097 4050; x_wconf 85' lang='lat'><strong>?</strong></span> <span class='ocrx_word' id='word_1_636' title='bbox 3131 3997 3304 4051; x_wconf 84' lang='lat' dir='ltr'>Recte</span> <span class='ocrx_word' id='word_1_637' title='bbox 3337 3997 3514 4067; x_wconf 89' lang='lat' dir='ltr'>igitur</span> <span class='ocrx_word' id='word_1_638' title='bbox 3544 4002 3599 4052; x_wconf 92' lang='lat' dir='ltr'>et</span> <span class='ocrx_word' id='word_1_639' title='bbox 3629 4016 3695 4053; x_wconf 86' lang='lat' dir='ltr'>ex</span> <span class='ocrx_word' id='word_1_640' title='bbox 3726 4014 3844 4053; x_wconf 89' lang='lat' dir='ltr'>me-</span> 
     </span>
    </p>
   </div>
   <div class='ocr_carea' id='block_1_89' title="bbox 2210 4084 3838 4158">
    <p class='ocr_par' dir='ltr' id='par_1_89' title="bbox 2210 4084 3838 4158">
     <span class='ocr_line' id='line_1_89' title="bbox 2210 4084 3838 4158; baseline 0.001 -18"><span class='ocrx_word' id='word_1_641' title='bbox 2210 4087 2362 4153; x_wconf 90' lang='lat' dir='ltr'>liori,</span> <span class='ocrx_word' id='word_1_642' title='bbox 2396 4090 2621 4158; x_wconf 90' lang='lat' dir='ltr'>opinor,</span> <span class='ocrx_word' id='word_1_643' title='bbox 2670 4086 2985 4157; x_wconf 81' lang='lat' dir='ltr'>exemplari</span> <span class='ocrx_word' id='word_1_644' title='bbox 3036 4102 3139 4157; x_wconf 90' lang='lat' dir='ltr'>pro</span> <span class='ocrx_word' id='word_1_645' title='bbox 3187 4084 3495 4138; x_wconf 82' lang='grc' dir='ltr'>ὑπνούντων</span> <span class='ocrx_word' id='word_1_646' title='bbox 3532 4086 3838 4142; x_wconf 90' lang='lat' dir='ltr'>Vaticanus</span> 
     </span>
    </p>
   </div>
   <div class='ocr_carea' id='block_1_90' title="bbox 2208 4174 3837 4245">
    <p class='ocr_par' dir='ltr' id='par_1_90' title="bbox 2208 4174 3837 4245">
     <span class='ocr_line' id='line_1_90' title="bbox 2208 4174 3837 4245; baseline 0 -16"><span class='ocrx_word' id='word_1_647' title='bbox 2208 4175 2373 4245; x_wconf 90' lang='lat' dir='ltr'>ponit</span> <span class='ocrx_word' id='word_1_648' title='bbox 2416 4174 2745 4245; x_wconf 71' lang='grc' dir='ltr'>πνεύματος,</span> <span class='ocrx_word' id='word_1_649' title='bbox 2796 4190 2972 4228; x_wconf 92' lang='lat' dir='ltr'>sensu</span> <span class='ocrx_word' id='word_1_650' title='bbox 3006 4175 3127 4243; x_wconf 89' lang='lat' dir='ltr'>jam</span> <span class='ocrx_word' id='word_1_651' title='bbox 3180 4174 3372 4244; x_wconf 89' lang='lat' dir='ltr'>plano,</span> <span class='ocrx_word' id='word_1_652' title='bbox 3424 4190 3598 4244; x_wconf 91' lang='lat' dir='ltr'>quem</span> <span class='ocrx_word' id='word_1_653' title='bbox 3630 4180 3689 4229; x_wconf 93' lang='lat' dir='ltr'>et</span> <span class='ocrx_word' id='word_1_654' title='bbox 3737 4191 3837 4229; x_wconf 87' lang='lat' dir='ltr'>nos</span> 
     </span>
    </p>
   </div>
   <div class='ocr_carea' id='block_1_91' title="bbox 2211 4262 3835 4333">
    <p class='ocr_par' dir='ltr' id='par_1_91' title="bbox 2211 4262 3835 4333">
     <span class='ocr_line' id='line_1_91' title="bbox 2211 4262 3835 4333; baseline 0.001 -17"><span class='ocrx_word' id='word_1_655' title='bbox 2211 4264 2267 4316; x_wconf 93' lang='lat' dir='ltr'>in</span> <span class='ocrx_word' id='word_1_656' title='bbox 2300 4263 2776 4333; x_wconf 85' lang='lat' dir='ltr'>interpretatione</span> <span class='ocrx_word' id='word_1_657' title='bbox 2794 4262 3112 4315; x_wconf 90' lang='lat' dir='ltr'>tenuimus.</span> <span class='ocrx_word' id='word_1_658' title='bbox 3149 4262 3282 4325; x_wconf 65' lang='lat' dir='ltr'>Quae</span> <span class='ocrx_word' id='word_1_659' title='bbox 3299 4267 3629 4332; x_wconf 90' lang='lat' dir='ltr'>sequuntur</span> <span class='ocrx_word' id='word_1_660' title='bbox 3658 4264 3835 4318; x_wconf 85' lang='lat' dir='ltr'>iniis-</span> 
     </span>
    </p>
   </div>
   <div class='ocr_carea' id='block_1_92' title="bbox 2210 4350 3834 4420">
    <p class='ocr_par' dir='ltr' id='par_1_92' title="bbox 2210 4350 3834 4420">
     <span class='ocr_line' id='line_1_92' title="bbox 2210 4350 3834 4420; baseline 0 -15"><span class='ocrx_word' id='word_1_661' title='bbox 2210 4353 2338 4406; x_wconf 88' lang='lat' dir='ltr'>dem</span> <span class='ocrx_word' id='word_1_662' title='bbox 2373 4351 2536 4405; x_wconf 89' lang='lat' dir='ltr'>codd.</span> <span class='ocrx_word' id='word_1_663' title='bbox 2573 4352 2612 4404; x_wconf 92' lang='lat' dir='ltr'>B</span> <span class='ocrx_word' id='word_1_664' title='bbox 2645 4356 2700 4403; x_wconf 90' lang='lat' dir='ltr'>et</span> <span class='ocrx_word' id='word_1_665' title='bbox 2726 4352 2790 4413; x_wconf 91' lang='lat' dir='ltr'>A,</span> <span class='ocrx_word' id='word_1_666' title='bbox 2840 4350 3204 4420; x_wconf 85' lang='lat' dir='ltr'>desperatam</span> <span class='ocrx_word' id='word_1_667' title='bbox 3261 4350 3695 4420; x_wconf 83' lang='lat' dir='ltr'>perplexitatem</span> <span class='ocrx_word' id='word_1_668' title='bbox 3735 4350 3834 4405; x_wconf 88' lang='lat' dir='ltr'>ha-</span> 
     </span>
    </p>
   </div>
   <div class='ocr_carea' id='block_1_93' title="bbox 2207 4438 3828 4511">
    <p class='ocr_par' dir='ltr' id='par_1_93' title="bbox 2207 4438 3828 4511">
     <span class='ocr_line' id='line_1_93' title="bbox 2207 4438 3828 4511; baseline 0 -18"><span class='ocrx_word' id='word_1_669' title='bbox 2207 4441 2345 4495; x_wconf 89' lang='lat' dir='ltr'>bent</span> <span class='ocrx_word' id='word_1_670' title='bbox 2377 4445 2631 4505; x_wconf 86' lang='lat' dir='ltr'>auctore,</span> <span class='ocrx_word' id='word_1_671' title='bbox 2686 4445 2749 4492; x_wconf 94' lang='lat' dir='ltr'>ut</span> <span class='ocrx_word' id='word_1_672' title='bbox 2802 4439 2968 4507; x_wconf 87' lang='lat' dir='ltr'>solet,</span> <span class='ocrx_word' id='word_1_673' title='bbox 3006 4446 3123 4492; x_wconf 86' lang='lat' dir='ltr'>tam</span> <span class='ocrx_word' id='word_1_674' title='bbox 3177 4439 3234 4491; x_wconf 91' lang='lat' dir='ltr'>in</span> <span class='ocrx_word' id='word_1_675' title='bbox 3282 4438 3505 4493; x_wconf 91' lang='lat' dir='ltr'>delectu</span> <span class='ocrx_word' id='word_1_676' title='bbox 3554 4456 3727 4511; x_wconf 89' lang='lat' dir='ltr'>quam</span> <span class='ocrx_word' id='word_1_677' title='bbox 3776 4441 3828 4493; x_wconf 90' lang='lat' dir='ltr'>in</span> 
     </span>
    </p>
   </div>
   <div class='ocr_carea' id='block_1_94' title="bbox 454 4504 3826 4592">
    <p class='ocr_par' dir='ltr' id='par_1_94' title="bbox 454 4504 3826 4592">
     <span class='ocr_line' id='line_1_94' title="bbox 454 4504 3826 4592; baseline -0.001 -11"><span class='ocrx_word' id='word_1_678' title='bbox 454 4504 811 4584; x_wconf 53' lang='lat' dir='ltr'>Vaticanus:</span> <span class='ocrx_word' id='word_1_679' title='bbox 847 4532 935 4581; x_wconf 90' lang='lat' dir='ltr'>est</span> <span class='ocrx_word' id='word_1_680' title='bbox 968 4526 1122 4580; x_wconf 90' lang='lat' dir='ltr'>enim</span> <span class='ocrx_word' id='word_1_681' title='bbox 1159 4504 1241 4578; x_wconf 65' lang='lat' dir='ltr'>ad</span> <span class='ocrx_word' id='word_1_682' title='bbox 1291 4504 1639 4579; x_wconf 76' lang='lat' dir='ltr'>sententiam</span> <span class='ocrx_word' id='word_1_683' title='bbox 1692 4522 2095 4592; x_wconf 79' lang='lat' dir='ltr'>explicandam</span> <span class='ocrx_word' id='word_1_684' title='bbox 2129 4504 2173 4567; x_wconf 81' lang='lat' dir='ltr'><strong>D</strong></span> <span class='ocrx_word' id='word_1_685' title='bbox 2206 4529 2583 4583; x_wconf 89' lang='lat' dir='ltr'>collocatione</span> <span class='ocrx_word' id='word_1_686' title='bbox 2610 4528 2913 4582; x_wconf 87' lang='lat' dir='ltr'>verborum</span> <span class='ocrx_word' id='word_1_687' title='bbox 2957 4504 3196 4581; x_wconf 18' lang='lat' dir='ltr'>vobviam</span> <span class='ocrx_word' id='word_1_688' title='bbox 3252 4504 3591 4581; x_wconf 82' lang='lat' dir='ltr'>facilitatem</span> <span class='ocrx_word' id='word_1_689' title='bbox 3640 4527 3826 4582; x_wconf 88' lang='lat' dir='ltr'>sedulo</span> 
     </span>
    </p>
   </div>
   <div class='ocr_carea' id='block_1_95' title="bbox 457 4608 2091 4679">
    <p class='ocr_par' dir='ltr' id='par_1_95' title="bbox 457 4608 2091 4679">
     <span class='ocr_line' id='line_1_95' title="bbox 457 4608 2091 4679; baseline -0.006 -7"><span class='ocrx_word' id='word_1_690' title='bbox 457 4617 806 4672; x_wconf 87' lang='lat' dir='ltr'>necessaria.</span> <span class='ocrx_word' id='word_1_691' title='bbox 870 4614 971 4670; x_wconf 93' lang='lat' dir='ltr'>Ille</span> <span class='ocrx_word' id='word_1_692' title='bbox 1030 4614 1113 4667; x_wconf 92' lang='lat' dir='ltr'>sic</span> <span class='ocrx_word' id='word_1_693' title='bbox 1173 4612 1383 4667; x_wconf 88' lang='lat' dir='ltr'>habet:</span> <span class='ocrx_word' id='word_1_694' title='bbox 1444 4610 1633 4679; x_wconf 81' lang='grc' dir='ltr'>Ὅμως</span> <span class='ocrx_word' id='word_1_695' title='bbox 1690 4608 1846 4669; x_wconf 85' lang='grc' dir='ltr'>αὐτὸς</span> <span class='ocrx_word' id='word_1_696' title='bbox 1881 4609 2091 4670; x_wconf 77' lang='grc' dir='ltr'>οὗτοςὸ</span> 
     </span>
    </p>
   </div>
   <div class='ocr_carea' id='block_1_96' title="bbox 455 4695 2092 4775">
    <p class='ocr_par' dir='ltr' id='par_1_96' title="bbox 455 4695 2092 4775">
     <span class='ocr_line' id='line_1_96' title="bbox 455 4695 2092 4775; baseline -0.004 -18"><span class='ocrx_word' id='word_1_697' title='bbox 455 4704 856 4775; x_wconf 75' lang='grc' dir='ltr'>Κουτριτζάκης</span> <span class='ocrx_word' id='word_1_698' title='bbox 914 4702 1004 4754; x_wconf 83' lang='grc' dir='ltr'>τὸν</span> <span class='ocrx_word' id='word_1_699' title='bbox 1082 4700 1247 4753; x_wconf 82' lang='grc' dir='ltr'>τόπον</span> <span class='ocrx_word' id='word_1_700' title='bbox 1330 4695 1513 4758; x_wconf 77' lang='grc' dir='ltr'>καλῶς</span> <span class='ocrx_word' id='word_1_701' title='bbox 1561 4696 1936 4765; x_wconf 78' lang='grc' dir='ltr'>ἐπιστάμενος.</span> <span class='ocrx_word' id='word_1_702' title='bbox 2016 4700 2092 4753; x_wconf 85' lang='lat' dir='ltr'>Ex</span> 
     </span>
    </p>
   </div>
   <div class='ocr_carea' id='block_1_97' title="bbox 454 4786 2087 4861">
    <p class='ocr_par' dir='ltr' id='par_1_97' title="bbox 454 4786 2087 4861">
     <span class='ocr_line' id='line_1_97' title="bbox 454 4786 2087 4861; baseline -0.003 -16"><span class='ocrx_word' id='word_1_703' title='bbox 454 4810 600 4861; x_wconf 90' lang='lat' dir='ltr'>quos</span> <span class='ocrx_word' id='word_1_704' title='bbox 614 4809 719 4847; x_wconf 86' lang='lat' dir='ltr'>nos</span> <span class='ocrx_word' id='word_1_705' title='bbox 739 4797 927 4845; x_wconf 82' lang='lat' dir='ltr'>totum</span> <span class='ocrx_word' id='word_1_706' title='bbox 950 4791 1139 4843; x_wconf 90' lang='lat' dir='ltr'>locum</span> <span class='ocrx_word' id='word_1_707' title='bbox 1165 4789 1246 4843; x_wconf 87' lang='lat' dir='ltr'>sic</span> <span class='ocrx_word' id='word_1_708' title='bbox 1264 4787 1682 4842; x_wconf 86' lang='lat' dir='ltr'>restimendum</span> <span class='ocrx_word' id='word_1_709' title='bbox 1715 4786 2087 4855; x_wconf 89' lang='lat' dir='ltr'>putabamus:</span> 
     </span>
    </p>
   </div>
   <div class='ocr_carea' id='block_1_98' title="bbox 451 4867 2087 4947">
    <p class='ocr_par' dir='ltr' id='par_1_98' title="bbox 451 4867 2087 4947">
     <span class='ocr_line' id='line_1_98' title="bbox 451 4867 2087 4947; baseline -0.004 -14"><span class='ocrx_word' id='word_1_710' title='bbox 451 4881 584 4940; x_wconf 88' lang='grc' dir='ltr'>Τοῖς</span> <span class='ocrx_word' id='word_1_711' title='bbox 615 4872 1088 4947; x_wconf 72' lang='grc' dir='ltr'>ὑποϐαλλομὲνοις</span> <span class='ocrx_word' id='word_1_712' title='bbox 1133 4867 1442 4947; x_wconf 70' lang='grc' dir='ltr'>προσέχων,</span> <span class='ocrx_word' id='word_1_713' title='bbox 1495 4873 1633 4945; x_wconf 81' lang='grc' dir='ltr'>ὁμοῦ</span> <span class='ocrx_word' id='word_1_714' title='bbox 1664 4872 1767 4944; x_wconf 79' lang='grc' dir='ltr'>γὰρ</span> <span class='ocrx_word' id='word_1_715' title='bbox 1807 4871 1965 4933; x_wconf 77' lang='grc' dir='ltr'>αὐτὸς</span> <span class='ocrx_word' id='word_1_716' title='bbox 1998 4871 2087 4926; x_wconf 77' lang='grc' dir='ltr'>οὗ·</span> 
     </span>
    </p>
   </div>
   <div class='ocr_carea' id='block_1_99' title="bbox 447 4957 2084 5038">
    <p class='ocr_par' dir='ltr' id='par_1_99' title="bbox 447 4957 2084 5038">
     <span class='ocr_line' id='line_1_99' title="bbox 447 4957 2084 5038; baseline -0.004 -18"><span class='ocrx_word' id='word_1_717' title='bbox 447 4986 540 5026; x_wconf 87' lang='grc' dir='ltr'>τος</span> <span class='ocrx_word' id='word_1_718' title='bbox 602 4967 629 5019; x_wconf 91' lang='grc' dir='ltr'>ὁ</span> <span class='ocrx_word' id='word_1_719' title='bbox 690 4963 1091 5038; x_wconf 78' lang='grc' dir='ltr'>Κουτριτζάκης</span> <span class='ocrx_word' id='word_1_720' title='bbox 1147 4958 1201 5014; x_wconf 74' lang='grc' dir='ltr'>εὖ</span> <span class='ocrx_word' id='word_1_721' title='bbox 1262 4957 1418 5020; x_wconf 76' lang='grc' dir='ltr'>εἰδὼς</span> <span class='ocrx_word' id='word_1_722' title='bbox 1474 4964 1581 5013; x_wconf 79' lang='grc' dir='ltr'>τῶν</span> <span class='ocrx_word' id='word_1_723' title='bbox 1632 4960 1812 5012; x_wconf 87' lang='grc' dir='ltr'>τόπων</span> <span class='ocrx_word' id='word_1_724' title='bbox 1874 4960 2084 5033; x_wconf 72' lang='grc' dir='ltr'>συνῄει.</span> 
     </span>
    </p>
   </div>
   <div class='ocr_carea' id='block_1_100' title="bbox 448 5048 2085 5119">
    <p class='ocr_par' dir='ltr' id='par_1_100' title="bbox 448 5048 2085 5119">
     <span class='ocr_line' id='line_1_100' title="bbox 448 5048 2085 5119; baseline -0.002 -12"><span class='ocrx_word' id='word_1_725' title='bbox 448 5056 584 5118; x_wconf 64' lang='lat' dir='ltr'>Qum</span> <span class='ocrx_word' id='word_1_726' title='bbox 641 5056 899 5109; x_wconf 90' lang='lat' dir='ltr'>inserere</span> <span class='ocrx_word' id='word_1_727' title='bbox 947 5050 1240 5106; x_wconf 82' lang='lat' dir='ltr'>contextui</span> <span class='ocrx_word' id='word_1_728' title='bbox 1327 5049 1478 5113; x_wconf 91' lang='lat' dir='ltr'>ausi,</span> <span class='ocrx_word' id='word_1_729' title='bbox 1542 5059 1728 5102; x_wconf 76' lang='lat' dir='ltr'>tamen</span> <span class='ocrx_word' id='word_1_730' title='bbox 1807 5048 2085 5119; x_wconf 81' lang='lat' dir='ltr'>interpre-</span> 
     </span>
    </p>
   </div>
   <div class='ocr_carea' id='block_1_101' title="bbox 451 5134 2087 5212">
    <p class='ocr_par' dir='ltr' id='par_1_101' title="bbox 451 5134 2087 5212">
     <span class='ocr_line' id='line_1_101' title="bbox 451 5134 2087 5212; baseline -0.005 -15"><span class='ocrx_word' id='word_1_731' title='bbox 451 5144 626 5197; x_wconf 90' lang='lat' dir='ltr'>tando</span> <span class='ocrx_word' id='word_1_732' title='bbox 656 5140 1054 5212; x_wconf 84' lang='lat' dir='ltr'>expressimus</span> <span class='ocrx_word' id='word_1_733' title='bbox 1083 5154 1096 5191; x_wconf 90' lang='lat'>:</span> <span class='ocrx_word' id='word_1_734' title='bbox 1151 5137 1458 5191; x_wconf 87' lang='lat' dir='ltr'>manifeste</span> <span class='ocrx_word' id='word_1_735' title='bbox 1517 5134 1734 5204; x_wconf 91' lang='lat' dir='ltr'>quippe</span> <span class='ocrx_word' id='word_1_736' title='bbox 1763 5149 1967 5188; x_wconf 84' lang='lat' dir='ltr'>manca</span> <span class='ocrx_word' id='word_1_737' title='bbox 1996 5140 2087 5189; x_wconf 87' lang='lat' dir='ltr'>est</span> 
     </span>
    </p>
   </div>
   <div class='ocr_carea' id='block_1_102' title="bbox 446 5224 2082 5290">
    <p class='ocr_par' dir='ltr' id='par_1_102' title="bbox 446 5224 2082 5290">
     <span class='ocr_line' id='line_1_102' title="bbox 446 5224 2082 5290; baseline -0.004 -7"><span class='ocrx_word' id='word_1_738' title='bbox 446 5229 710 5283; x_wconf 86' lang='lat' dir='ltr'>codicum</span> <span class='ocrx_word' id='word_1_739' title='bbox 743 5228 991 5283; x_wconf 84' lang='lat' dir='ltr'>aliorum</span> <span class='ocrx_word' id='word_1_740' title='bbox 1026 5224 1215 5289; x_wconf 90' lang='lat' dir='ltr'>lectio,</span> <span class='ocrx_word' id='word_1_741' title='bbox 1250 5238 1353 5277; x_wconf 89' lang='lat' dir='ltr'>nec</span> <span class='ocrx_word' id='word_1_742' title='bbox 1396 5237 1637 5275; x_wconf 91' lang='lat' dir='ltr'>sensum</span> <span class='ocrx_word' id='word_1_743' title='bbox 1700 5236 1801 5290; x_wconf 90' lang='lat' dir='ltr'>per</span> <span class='ocrx_word' id='word_1_744' title='bbox 1831 5236 1893 5274; x_wconf 89' lang='lat' dir='ltr'>se</span> <span class='ocrx_word' id='word_1_745' title='bbox 1923 5238 2082 5277; x_wconf 91' lang='lat' dir='ltr'>com-</span> 
     </span>
    </p>
   </div>
   <div class='ocr_carea' id='block_1_103' title="bbox 445 5316 915 5372">
    <p class='ocr_par' dir='ltr' id='par_1_103' title="bbox 445 5316 915 5372">
     <span class='ocr_line' id='line_1_103' title="bbox 445 5316 915 5372; baseline 0 -1"><span class='ocrx_word' id='word_1_746' title='bbox 445 5318 684 5372; x_wconf 91' lang='lat' dir='ltr'>modum</span> <span class='ocrx_word' id='word_1_747' title='bbox 717 5316 915 5371; x_wconf 81' lang='lat' dir='ltr'>efficit.</span> 
     </span>
    </p>
   </div>
   <div class='ocr_carea' id='block_1_104' title="bbox 512 5405 2081 5486">
    <p class='ocr_par' dir='ltr' id='par_1_104' title="bbox 512 5405 2081 5486">
     <span class='ocr_line' id='line_1_104' title="bbox 512 5405 2081 5486; baseline -0.004 -17"><span class='ocrx_word' id='word_1_748' title='bbox 512 5415 647 5486; x_wconf 86' lang='lat' dir='ltr'>Pag.</span> <span class='ocrx_word' id='word_1_749' title='bbox 675 5415 829 5469; x_wconf 83' lang='lat' dir='ltr'>139.J</span> <span class='ocrx_word' id='word_1_750' title='bbox 836 5429 929 5467; x_wconf 89' lang='lat' dir='ltr'>am</span> <span class='ocrx_word' id='word_1_751' title='bbox 948 5411 1100 5481; x_wconf 92' lang='lat' dir='ltr'>quod</span> <span class='ocrx_word' id='word_1_752' title='bbox 1118 5408 1211 5463; x_wconf 90' lang='lat' dir='ltr'>hic</span> <span class='ocrx_word' id='word_1_753' title='bbox 1228 5410 1423 5462; x_wconf 85' lang='lat' dir='ltr'>noster</span> <span class='ocrx_word' id='word_1_754' title='bbox 1454 5405 1792 5460; x_wconf 82' lang='lat' dir='ltr'>inevitabilis</span> <span class='ocrx_word' id='word_1_755' title='bbox 1815 5408 2081 5476; x_wconf 68' lang='lat' dir='ltr'>efﬁcacia?</span> 
     </span>
    </p>
   </div>
   <div class='ocr_carea' id='block_1_105' title="bbox 441 5494 2076 5569">
    <p class='ocr_par' dir='ltr' id='par_1_105' title="bbox 441 5494 2076 5569">
     <span class='ocr_line' id='line_1_105' title="bbox 441 5494 2076 5569; baseline -0.005 -10"><span class='ocrx_word' id='word_1_756' title='bbox 441 5519 571 5558; x_wconf 88' lang='lat' dir='ltr'>esse</span> <span class='ocrx_word' id='word_1_757' title='bbox 601 5502 682 5557; x_wconf 87' lang='lat' dir='ltr'>ait</span> <span class='ocrx_word' id='word_1_758' title='bbox 709 5502 929 5557; x_wconf 86' lang='lat' dir='ltr'>decreta</span> <span class='ocrx_word' id='word_1_759' title='bbox 970 5496 1349 5569; x_wconf 57' lang='lat' dir='ltr'>providentia,</span> <span class='ocrx_word' id='word_1_760' title='bbox 1404 5495 1452 5549; x_wconf 91' lang='lat' dir='ltr'>si</span> <span class='ocrx_word' id='word_1_761' title='bbox 1512 5494 1604 5549; x_wconf 91' lang='lat' dir='ltr'>cui</span> <span class='ocrx_word' id='word_1_762' title='bbox 1643 5496 1949 5550; x_wconf 90' lang='lat' dir='ltr'>videantur</span> <span class='ocrx_word' id='word_1_763' title='bbox 2006 5498 2076 5551; x_wconf 92' lang='lat' dir='ltr'>ad</span> 
     </span>
    </p>
   </div>
   <div class='ocr_carea' id='block_1_106' title="bbox 440 5580 2076 5654">
    <p class='ocr_par' dir='ltr' id='par_1_106' title="bbox 440 5580 2076 5654">
     <span class='ocr_line' id='line_1_106' title="bbox 440 5580 2076 5654; baseline -0.003 -9"><span class='ocrx_word' id='word_1_764' title='bbox 440 5591 779 5645; x_wconf 86' lang='lat' dir='ltr'>damnatam</span> <span class='ocrx_word' id='word_1_765' title='bbox 812 5586 1006 5644; x_wconf 85' lang='lat' dir='ltr'>fatalis</span> <span class='ocrx_word' id='word_1_766' title='bbox 1038 5582 1402 5641; x_wconf 87' lang='lat' dir='ltr'>necessitatis</span> <span class='ocrx_word' id='word_1_767' title='bbox 1432 5580 1756 5638; x_wconf 89' lang='lat' dir='ltr'>doctrinam</span> <span class='ocrx_word' id='word_1_768' title='bbox 1789 5587 2076 5654; x_wconf 89' lang='lat' dir='ltr'>spectare,</span> 
     </span>
    </p>
   </div>
   <div class='ocr_carea' id='block_1_107' title="bbox 2205 4614 3818 4685">
    <p class='ocr_par' dir='ltr' id='par_1_107' title="bbox 2205 4614 3818 4685">
     <span class='ocr_line' id='line_1_107' title="bbox 2205 4614 3818 4685; baseline -0.002 -15"><span class='ocrx_word' id='word_1_769' title='bbox 2205 4617 2478 4685; x_wconf 80' lang='lat' dir='ltr'>fugiente.</span> <span class='ocrx_word' id='word_1_770' title='bbox 2503 4618 2820 4670; x_wconf 87' lang='lat' dir='ltr'>Vaticanus</span> <span class='ocrx_word' id='word_1_771' title='bbox 2849 4632 2916 4669; x_wconf 91' lang='lat' dir='ltr'>ea</span> <span class='ocrx_word' id='word_1_772' title='bbox 2936 4614 3281 4685; x_wconf 88' lang='lat' dir='ltr'>compendio</span> <span class='ocrx_word' id='word_1_773' title='bbox 3313 4621 3370 4669; x_wconf 90' lang='lat' dir='ltr'>et</span> <span class='ocrx_word' id='word_1_774' title='bbox 3400 4614 3616 4669; x_wconf 89' lang='lat' dir='ltr'>clarius</span> <span class='ocrx_word' id='word_1_775' title='bbox 3644 4617 3709 4668; x_wconf 89' lang='lat' dir='ltr'>de</span> <span class='ocrx_word' id='word_1_776' title='bbox 3726 4629 3818 4667; x_wconf 86' lang='lat' dir='ltr'>suo</span> 
     </span>
    </p>
   </div>
   <div class='ocr_carea' id='block_1_108' title="bbox 2200 4699 3814 4776">
    <p class='ocr_par' dir='ltr' id='par_1_108' title="bbox 2200 4699 3814 4776">
     <span class='ocr_line' id='line_1_108' title="bbox 2200 4699 3814 4776; baseline -0.006 -17"><span class='ocrx_word' id='word_1_777' title='bbox 2200 4706 2531 4776; x_wconf 81' lang='lat' dir='ltr'>exprimens</span> <span class='ocrx_word' id='word_1_778' title='bbox 2565 4705 2647 4759; x_wconf 89' lang='lat' dir='ltr'>sic</span> <span class='ocrx_word' id='word_1_779' title='bbox 2698 4704 2907 4758; x_wconf 81' lang='lat' dir='ltr'>habet:</span> <span class='ocrx_word' id='word_1_780' title='bbox 2944 4702 3053 4757; x_wconf 74' lang='grc' dir='ltr'>Εἶτ’</span> <span class='ocrx_word' id='word_1_781' title='bbox 3111 4699 3195 4755; x_wconf 80' lang='grc' dir='ltr'>ἐάν</span> <span class='ocrx_word' id='word_1_782' title='bbox 3255 4722 3306 4755; x_wconf 89' lang='grc' dir='ltr'>τι</span> <span class='ocrx_word' id='word_1_783' title='bbox 3356 4702 3479 4775; x_wconf 83' lang='grc' dir='ltr'>περὶ</span> <span class='ocrx_word' id='word_1_784' title='bbox 3517 4702 3585 4755; x_wconf 76' lang='grc' dir='ltr'>τὰ</span> <span class='ocrx_word' id='word_1_785' title='bbox 3614 4700 3814 4767; x_wconf 73' lang='grc' dir='ltr'>αἰσθητὰ</span> 
     </span>
    </p>
   </div>
   <div class='ocr_carea' id='block_1_109' title="bbox 2182 4786 3820 4864">
    <p class='ocr_par' dir='ltr' id='par_1_109' title="bbox 2182 4786 3820 4864">
     <span class='ocr_line' id='line_1_109' title="bbox 2182 4786 3820 4864; baseline -0.002 -21"><span class='ocrx_word' id='word_1_786' title='bbox 2182 4787 2477 4862; x_wconf 77' lang='grc' dir='ltr'>συμϐαίη,</span> <span class='ocrx_word' id='word_1_787' title='bbox 2542 4792 2615 4862; x_wconf 73' lang='grc' dir='ltr'>μὴ</span> <span class='ocrx_word' id='word_1_788' title='bbox 2676 4791 3033 4849; x_wconf 82' lang='grc' dir='ltr'>καταστάντος</span> <span class='ocrx_word' id='word_1_789' title='bbox 3089 4790 3224 4843; x_wconf 83' lang='grc' dir='ltr'>κατὰ</span> <span class='ocrx_word' id='word_1_790' title='bbox 3279 4789 3465 4864; x_wconf 86' lang='grc' dir='ltr'>χώραν</span> <span class='ocrx_word' id='word_1_791' title='bbox 3525 4794 3622 4844; x_wconf 81' lang='grc' dir='ltr'>τοῦ</span> <span class='ocrx_word' id='word_1_792' title='bbox 3678 4786 3820 4842; x_wconf 69' lang='grc' dir='ltr'>πνεύ-</span> 
     </span>
    </p>
   </div>
   <div class='ocr_carea' id='block_1_110' title="bbox 2202 4875 3827 4950">
    <p class='ocr_par' dir='ltr' id='par_1_110' title="bbox 2202 4875 3827 4950">
     <span class='ocr_line' id='line_1_110' title="bbox 2202 4875 3827 4950; baseline -0.001 -19"><span class='ocrx_word' id='word_1_793' title='bbox 2202 4899 2367 4950; x_wconf 84' lang='grc' dir='ltr'>ματος</span> <span class='ocrx_word' id='word_1_794' title='bbox 2426 4878 2468 4932; x_wconf 83' lang='grc' dir='ltr'>εἷ</span> <span class='ocrx_word' id='word_1_795' title='bbox 2533 4880 2626 4949; x_wconf 77' lang='grc' dir='ltr'>μὶν</span> <span class='ocrx_word' id='word_1_796' title='bbox 2678 4875 2887 4949; x_wconf 81' lang='grc' dir='ltr'>ὁμαλόν</span> <span class='ocrx_word' id='word_1_797' title='bbox 2946 4876 3051 4931; x_wconf 79' lang='grc' dir='ltr'>ἐστι</span> <span class='ocrx_word' id='word_1_798' title='bbox 3105 4878 3193 4930; x_wconf 84' lang='grc' dir='ltr'>καὶ</span> <span class='ocrx_word' id='word_1_799' title='bbox 3240 4881 3347 4931; x_wconf 79' lang='grc' dir='ltr'>τῶν</span> <span class='ocrx_word' id='word_1_800' title='bbox 3383 4880 3629 4947; x_wconf 67' lang='grc' dir='ltr'>συνήθων</span> <span class='ocrx_word' id='word_1_801' title='bbox 3660 4878 3721 4931; x_wconf 85' lang='grc' dir='ltr'>τὸ</span> <span class='ocrx_word' id='word_1_802' title='bbox 3750 4876 3827 4930; x_wconf 83' lang='grc' dir='ltr'>ἆν-</span> 
     </span>
    </p>
   </div>
   <div class='ocr_carea' id='block_1_111' title="bbox 2194 4961 3827 5042">
    <p class='ocr_par' dir='ltr' id='par_1_111' title="bbox 2194 4961 3827 5042">
     <span class='ocr_line' id='line_1_111' title="bbox 2194 4961 3827 5042; baseline -0.001 -24"><span class='ocrx_word' id='word_1_803' title='bbox 2194 4961 2667 5038; x_wconf 73' lang='grc' dir='ltr'>τιλαμϐανόμενον</span> <span class='ocrx_word' id='word_1_804' title='bbox 2720 4964 2915 5042; x_wconf 68' lang='grc' dir='ltr'>αἶ’φνης</span> <span class='ocrx_word' id='word_1_805' title='bbox 2974 4965 3265 5033; x_wconf 75' lang='grc' dir='ltr'>ἀκουσθὲν,</span> <span class='ocrx_word' id='word_1_806' title='bbox 3326 4965 3387 5019; x_wconf 78' lang='grc' dir='ltr'>οὐ</span> <span class='ocrx_word' id='word_1_807' title='bbox 3440 4970 3698 5020; x_wconf 78' lang='grc' dir='ltr'>τοσοῦτον</span> <span class='ocrx_word' id='word_1_808' title='bbox 3746 4964 3827 5039; x_wconf 76' lang='grc' dir='ltr'>γί-</span> 
     </span>
    </p>
   </div>
   <div class='ocr_carea' id='block_1_112' title="bbox 2194 5048 3819 5128">
    <p class='ocr_par' dir='ltr' id='par_1_112' title="bbox 2194 5048 3819 5128">
     <span class='ocr_line' id='line_1_112' title="bbox 2194 5048 3819 5128; baseline -0.001 -22"><span class='ocrx_word' id='word_1_809' title='bbox 2194 5074 2337 5107; x_wconf 88' lang='grc' dir='ltr'>νεται</span> <span class='ocrx_word' id='word_1_810' title='bbox 2366 5054 2427 5107; x_wconf 88' lang='grc' dir='ltr'>τὸ</span> <span class='ocrx_word' id='word_1_811' title='bbox 2476 5048 2679 5128; x_wconf 78' lang='grc' dir='ltr'>βλάϐος</span> <span class='ocrx_word' id='word_1_812' title='bbox 2710 5054 2831 5127; x_wconf 79' lang='grc' dir='ltr'>περὶ</span> <span class='ocrx_word' id='word_1_813' title='bbox 2860 5054 2921 5106; x_wconf 87' lang='grc' dir='ltr'>τὸ</span> <span class='ocrx_word' id='word_1_814' title='bbox 2973 5052 3309 5126; x_wconf 85' lang='grc' dir='ltr'>λογιστικόν.</span> <span class='ocrx_word' id='word_1_815' title='bbox 3344 5053 3405 5109; x_wconf 77' lang='grc' dir='ltr'>Εἰ</span> <span class='ocrx_word' id='word_1_816' title='bbox 3438 5052 3494 5107; x_wconf 67' lang='grc' dir='ltr'>δὲ</span> <span class='ocrx_word' id='word_1_817' title='bbox 3516 5054 3759 5126; x_wconf 73' lang='grc' dir='ltr'>λυπηρον</span> <span class='ocrx_word' id='word_1_818' title='bbox 3788 5052 3819 5119; x_wconf 74' lang='grc' dir='ltr'><strong>ἢ</strong></span> 
     </span>
    </p>
   </div>
   <div class='ocr_carea' id='block_1_113' title="bbox 2193 5137 3823 5216">
    <p class='ocr_par' dir='ltr' id='par_1_113' title="bbox 2193 5137 3823 5216">
     <span class='ocr_line' id='line_1_113' title="bbox 2193 5137 3823 5216; baseline -0.002 -20"><span class='ocrx_word' id='word_1_819' title='bbox 2193 5143 2382 5216; x_wconf 77' lang='grc' dir='ltr'>χάριεν</span> <span class='ocrx_word' id='word_1_820' title='bbox 2427 5144 2489 5195; x_wconf 87' lang='grc' dir='ltr'>τὸ</span> <span class='ocrx_word' id='word_1_821' title='bbox 2541 5137 3079 5213; x_wconf 78' lang='grc' dir='ltr'>ἀντιλαμϐανόμενον</span> <span class='ocrx_word' id='word_1_822' title='bbox 3132 5140 3325 5203; x_wconf 72' lang='grc' dir='ltr'>εὐθέως</span> <span class='ocrx_word' id='word_1_823' title='bbox 3377 5140 3630 5205; x_wconf 75' lang='grc' dir='ltr'>ἄκουσθὲν</span> <span class='ocrx_word' id='word_1_824' title='bbox 3681 5141 3823 5213; x_wconf 83' lang='grc' dir='ltr'>παρᾶ</span> 
     </span>
    </p>
   </div>
   <div class='ocr_carea' id='block_1_114' title="bbox 2192 5225 3816 5304">
    <p class='ocr_par' dir='ltr' id='par_1_114' title="bbox 2192 5225 3816 5304">
     <span class='ocr_line' id='line_1_114' title="bbox 2192 5225 3816 5304; baseline -0.002 -21"><span class='ocrx_word' id='word_1_825' title='bbox 2192 5236 2363 5283; x_wconf 82' lang='grc' dir='ltr'>πᾶσαν</span> <span class='ocrx_word' id='word_1_826' title='bbox 2430 5228 2804 5304; x_wconf 81' lang='grc' dir='ltr'>προσδοκίαν,</span> <span class='ocrx_word' id='word_1_827' title='bbox 2854 5225 3300 5304; x_wconf 75' lang='grc' dir='ltr'>τεθορυϐημένων</span> <span class='ocrx_word' id='word_1_828' title='bbox 3357 5234 3462 5283; x_wconf 85' lang='grc' dir='ltr'>τῶν</span> <span class='ocrx_word' id='word_1_829' title='bbox 3523 5229 3816 5298; x_wconf 73' lang='grc' dir='ltr'>αἲσθήσεων</span> 
     </span>
    </p>
   </div>
   <div class='ocr_carea' id='block_1_115' title="bbox 2191 5316 3813 5393">
    <p class='ocr_par' dir='ltr' id='par_1_115' title="bbox 2191 5316 3813 5393">
     <span class='ocr_line' id='line_1_115' title="bbox 2191 5316 3813 5393; baseline 0.001 -21"><span class='ocrx_word' id='word_1_830' title='bbox 2191 5316 2449 5389; x_wconf 77' lang='grc' dir='ltr'>ἔκπληξιν</span> <span class='ocrx_word' id='word_1_831' title='bbox 2496 5318 2868 5393; x_wconf 77' lang='grc' dir='ltr'>ἀπεργάζεται.</span> <span class='ocrx_word' id='word_1_832' title='bbox 2904 5323 2985 5375; x_wconf 85' lang='lat' dir='ltr'>Ita</span> <span class='ocrx_word' id='word_1_833' title='bbox 3029 5319 3125 5374; x_wconf 91' lang='lat' dir='ltr'>ille</span> <span class='ocrx_word' id='word_1_834' title='bbox 3182 5324 3417 5374; x_wconf 88' lang='lat' dir='ltr'>mutans</span> <span class='ocrx_word' id='word_1_835' title='bbox 3475 5324 3532 5373; x_wconf 82' lang='lat' dir='ltr'>et</span> <span class='ocrx_word' id='word_1_836' title='bbox 3590 5325 3813 5374; x_wconf 79' lang='lat' dir='ltr'>contra-</span> 
     </span>
    </p>
   </div>
   <div class='ocr_carea' id='block_1_116' title="bbox 2190 5406 3814 5479">
    <p class='ocr_par' dir='ltr' id='par_1_116' title="bbox 2190 5406 3814 5479">
     <span class='ocr_line' id='line_1_116' title="bbox 2190 5406 3814 5479; baseline -0.001 -17"><span class='ocrx_word' id='word_1_837' title='bbox 2190 5406 2334 5463; x_wconf 88' lang='lat' dir='ltr'>hens</span> <span class='ocrx_word' id='word_1_838' title='bbox 2360 5426 2460 5479; x_wconf 93' lang='lat' dir='ltr'>pro</span> <span class='ocrx_word' id='word_1_839' title='bbox 2493 5408 2880 5463; x_wconf 85' lang='lat' dir='ltr'>arbitrio.Nos</span> <span class='ocrx_word' id='word_1_840' title='bbox 2904 5412 3197 5462; x_wconf 88' lang='lat' dir='ltr'>auctorem</span> <span class='ocrx_word' id='word_1_841' title='bbox 3223 5408 3412 5478; x_wconf 88' lang='lat' dir='ltr'>ipsum</span> <span class='ocrx_word' id='word_1_842' title='bbox 3448 5407 3814 5474; x_wconf 83' lang='lat' dir='ltr'>exhibemus,</span> 
     </span>
    </p>
   </div>
   <div class='ocr_carea' id='block_1_117' title="bbox 2188 5495 3907 5566">
    <p class='ocr_par' dir='ltr' id='par_1_117' title="bbox 2188 5495 3907 5566">
     <span class='ocr_line' id='line_1_117' title="bbox 2188 5495 3907 5566; baseline 0 -17"><span class='ocrx_word' id='word_1_843' title='bbox 2188 5502 2244 5550; x_wconf 91' lang='lat' dir='ltr'>et</span> <span class='ocrx_word' id='word_1_844' title='bbox 2273 5513 2443 5566; x_wconf 81' lang='lat' dir='ltr'>quam</span> <span class='ocrx_word' id='word_1_845' title='bbox 2506 5496 2844 5552; x_wconf 86' lang='lat' dir='ltr'>fidelissime</span> <span class='ocrx_word' id='word_1_846' title='bbox 2875 5513 2938 5549; x_wconf 89' lang='lat' dir='ltr'>ac</span> <span class='ocrx_word' id='word_1_847' title='bbox 2994 5496 3317 5551; x_wconf 90' lang='lat' dir='ltr'>clarissime</span> <span class='ocrx_word' id='word_1_848' title='bbox 3354 5512 3636 5551; x_wconf 88' lang='lat' dir='ltr'>conamur</span> <span class='ocrx_word' id='word_1_849' title='bbox 3695 5495 3816 5550; x_wconf 83' lang='lat' dir='ltr'>red-</span> <span class='ocrx_word' id='word_1_850' title='bbox 3899 5555 3907 5565; x_wconf 53' lang='grc'><em>,</em></span> 
     </span>
    </p>
   </div>
   <div class='ocr_carea' id='block_1_118' title="bbox 2187 5585 2343 5640">
    <p class='ocr_par' dir='ltr' id='par_1_118' title="bbox 2187 5585 2343 5640">
     <span class='ocr_line' id='line_1_118' title="bbox 2187 5585 2343 5640; baseline 0 -1"><span class='ocrx_word' id='word_1_851' title='bbox 2187 5585 2343 5640; x_wconf 90' lang='lat' dir='ltr'>dere.</span> 
     </span>
    </p>
   </div>
  </div>
