4146 6288
461 366 601 422 1107
1521 374 1582 426 Ρ.
1626 373 1901 427 POSSINI
1937 369 2129 425 ΟΒΒΕ]

2240 370 2549 429 lTIONUM
2586 374 2719 428 LIB.
2759 378 2832 429 Π.
3704 366 3849 426 1108

464 486 521 543 δὲ
549 493 711 545 τοῦτο
742 492 795 545 οἱ
822 491 1069 554 ἀνέκαθεν
1098 491 1480 565 ὀνομάζουσιν,
1537 494 1588 564 ἐξ
1647 492 1708 548 οὗ
1764 495 1851 547 καὶ
1884 493 1945 547 τὸ
1986 496 2092 546 τῶν
2131 494 2182 561 Α
2286 494 2415 566 Pag.
2456 495 2583 550 214.
2643 489 3009 567 Προσπίπτειν
3066 494 3144 561 τῷ
3198 498 3299 561 τῆς
3352 491 3571 564 Ῥώμης
3625 489 3847 564 πάππᾳ-

466 582 983 655 πορφυρογεννήτων
1052 575 1228 653 ὄνομα
1306 580 1381 643 εἷς
1445 583 1544 649 τὴν
1607 583 1933 654 οἰκουμένην
1992 574 2103 635 διὲ-

2240 580 2405 637 ῖθιιὺο.
2434 588 2573 638 sunt
2619 580 3013 653 imperatoris,
3065 581 3281 651 quibus
3330 582 3590 637 offensus
3637 582 3854 639 duritie

475 664 697 738 δραμεν.
726 669 1015 724 Describit
1055 685 1183 725 eam
1217 671 1457 725 domum
1482 670 1621 726 alibi
1650 673 1836 737 Anna,
1868 670 1906 724 l.
1940 670 2101 724 vide-
2212 670 2437 725 Arsenii
2470 670 2837 743 patriarcha,
2867 669 2976 724 sibi
3008 670 3303 724 conﬁtenti
3349 669 3565 725 crimen
3609 674 3666 725 et
3709 670 3851 726 oile-

470 755 605 813 licet
635 774 733 824 vn,
767 775 823 829 p.
860 759 979 826 190,
1016 762 1072 813 et
1101 759 1152 813 ei
1184 776 1397 815 nomen
1431 762 1649 815 factum
1706 760 1786 814 ait
1833 776 1865 813 a
1915 758 2105 813 colore

472 846 782 902 marmoris
807 863 876 901 ex
907 864 1019 918 quo
1050 856 1170 902 erat
1222 853 1465 915 structa,
1523 849 1677 920 quod
1738 848 1879 902 dicit
1924 847 2106 901 fuisse

472 934 654 989 Roma
688 939 980 1006 portatum
1016 936 1089 990 ab
1121 937 1593 1007 imperatoribus,
1626 936 1858 1007 quando
1906 936 2106 989 sedem

470 1022 702 1093 imperii
732 1024 1067 1095 Byzantium
1096 1025 1549 1080 transtulerunt.
1583 1025 1712 1078 Hac
1755 1024 1925 1078 verba
1956 1024 2104 1077 Con-

470 1112 801 1167 stantinum
829 1113 1100 1182 Magnum
1132 1112 1509 1183 indignitant.
1540 1113 1607 1166 Et
1633 1111 1873 1167 memini
1918 1111 2108 1182 legere

473 1199 695 1271 aliquid
745 1200 897 1271 apud
942 1199 1153 1255 1E1ium
1206 1201 1604 1271 Lampridium
1664 1200 1723 1254 in
1772 1198 2107 1269 Alagabalo,

476 1288 630 1359 quod
660 1286 811 1341 trahi
843 1288 911 1342 ad
965 1288 1139 1343 istam
1192 1288 1631 1343 translationem
1688 1288 2108 1343 adstruendam

476 1375 679 1445 possit.
713 1374 902 1429 Verba
926 1375 1238 1445 Lampridii
1270 1375 1391 1430 hac
1425 1381 1583 1431 sunt:
1621 1374 1832 1430 Stravit
1879 1375 1929 1429 et
1964 1376 2114 1429 saxis

479 1462 911 1519 Lacedaemoniis
941 1479 1005 1517 ac
1060 1463 1474 1534 Porphyrelicis
1519 1466 1735 1533 plateas
1789 1465 1845 1517 in
1903 1462 2113 1531 palatio

480 1568 617 1621 quas
646 1551 1047 1607 Antoninianas
1078 1553 1311 1620 vocavit,
1336 1569 1457 1621 qua
1513 1568 1651 1606 saxa
1700 1566 1869 1622 usque
1898 1551 1967 1604 ad
2015 1566 2117 1605 n0-

478 1648 649 1695 stram
678 1641 1001 1694 memoriam
1032 1646 1353 1695 manserunt
1385 1640 1613 1709 (scribit
1640 1641 1759 1694 hac
1782 1644 1982 1693 auctor
2004 1637 2113 1693 sub

482 1728 982 1799 Constantino,cui
1008 1728 1368 1799 buncipsum
1392 1728 1608 1783 librum
1624 1728 2117 1798 dicat),sednuper

2215 759 2368 812 renti
2398 775 2461 813 se
2490 757 2865 830 paratumfad
2899 758 3322 814 satifactionem
3374 763 3431 813 et
3477 775 3704 829 panem
3752 775 3857 814 ca-

2216 847 2511 913 nonicam,
2576 846 2976 918 paenitentiam
3030 850 3085 902 et
3142 863 3303 918 spem
3362 846 3855 903 reconciliationis

2216 942 2420 991 contra
2445 953 2695 991 canones
2744 936 3036 1006 negantis,
3077 937 3157 991 ait
3199 941 3432 1008 tempus
3478 953 3605 992 esse
3654 954 3854 992 recur-

2218 1025 2385 1080 rendi
2415 1026 2488 1079 ad
2520 1025 2852 1080 Romanum
2884 1025 3242 1096 pontiﬁcem,
3275 1026 3344 1080 ad
3378 1041 3553 1097 quem
3581 1024 3853 1081 videlicet

2221 1113 2573 1184 agnoscebat
2602 1114 2908 1184 antiquum
2934 1115 3034 1183 jus
3067 1129 3194 1169 esse
3225 1113 3579 1185 provocandi
3625 1113 3694 1169 ab
3735 1112 3851 1167 ini-

2222 1201 2353 1271 quis
2378 1201 2618 1271 judiciis
2650 1216 3017 1258 summorum
3048 1201 3222 1257 etiam
3255 1200 3748 1271 patriarcharum.
3780 1200 3853 1254 Et

2224 1286 2742 1358 moduslloquendi
2792 1287 3083 1359 signiﬁcat
3128 1287 3383 1359 viguisse
3433 1287 3623 1342 adhuc
3668 1286 3853 1357 illam,

2222 1375 2399 1429 etiam
2448 1375 2507 1429 in
2568 1375 2788 1431 Gracia
2845 1375 3167 1431 schismate
3219 1393 3253 1430 a
3322 1374 3546 1429 Latinis
3603 1374 3853 1440 divulsa,

2225 1462 2561 1533 opinionem
2576 1468 2749 1535 atque
2762 1464 3115 1519 sententiam
3130 1464 3369 1535 ,quippe
3381 1462 3853 1517 fundatissimam

2224 1551 2284 1605 in
2317 1567 2482 1605 sacro
2515 1552 2782 1621 dogmate
2810 1556 2869 1607 et
2902 1554 2960 1607 in
2992 1551 3151 1606 omni
3189 1550 3478 1606 memoria
3506 1549 3861 1605 ecclesiasti-

2229 1657 2309 1696 ca
2337 1642 2724 1712 antiquitatis.

2301 1773 2432 1837 Pag.
2466 1765 2827 1836 216.Ἐκιίνη
2862 1764 2910 1820 δ’
2960 1764 3019 1821 ἐκ
3060 1764 3290 1830 νοθείας.
3344 1767 3457 1824 Res
3516 1766 3611 1823 hic
3663 1784 3867 1822 narra-

1222 1817 1233 1829 .
1437 1818 1446 1827 .
1541 1817 1551 1828 .
2002 1815 2012 1826 .
2305 1815 2432 1837 --ο.
2466 1815 2592 1825 η--.
2636 1815 2827 1836 -------,
2868 1815 2887 1820 ν
2961 1815 3018 1821 η-
3070 1815 3290 1830 ηυντ..
3344 1815 3456 1824 --η
3517 1815 3609 1823 ---
3663 1815 3833 1822 --η--

481 1816 1999 1926 ῗζῗξίαξξίῗίξῖίξξ-Ῐς-ίξξίίὲἶιιιιῗξῼΡΕῗἾῨ-Γ-(ξῗίῖῗ-εξῗξ
1999 1830 2115 1926 ιιίξῗξ
2148 1849 2193 1911 Β
2226 1860 2323 1911 tur
2352 1861 2469 1911 tam
2494 1855 2849 1911 incredibilis
2897 1861 2961 1911 ut
3011 1855 3289 1910 mendum
3339 1854 3556 1910 codicis
3605 1854 3864 1926 primum

481 1919 615 1958 mur
643 1904 1227 1975 erutaetByzantium
1251 1904 1721 1973 translatajussu
1749 1902 2118 1957 Constantini

480 2007 547 2046 eo
562 1991 955 2062 migratis,aut
971 1992 1161 2062 potius
1175 1994 1484 2047 credamus
1497 1994 1672 2046 Anna
1685 1992 1741 2045 id
1760 1988 2120 2046 attirmanti?

551 2103 688 2167 Pag.
767 2098 884 2151 188.
946 2098 1057 2165 Quo
1114 2099 1175 2152 in
1231 2114 1431 2165 genere
1487 2096 1788 2152 Laconibus
1855 2094 2123 2166 plurimis

486 2187 683 2242 Graca
713 2186 805 2240 bic
836 2185 896 2240 in
928 2187 1124 2241 codice
1165 2187 1382 2255 optimo
1415 2190 1681 2256 B,quem,
1703 2189 1766 2239 ut
1794 2201 1944 2255 sape
1983 2184 2120 2249 dixi,

487 2276 731 2329 fundum
764 2274 1035 2328 editionis
1065 2274 1402 2343 habuimus,
1455 2272 1667 2327 mutila
1719 2279 1901 2327 erant.
1957 2274 2116 2327 lluno

487 2363 641 2418 enim
675 2362 733 2416 in
764 2362 1001 2417 modum
1033 2361 1111 2415 ibi
1159 2361 1376 2431 legitur
1407 2379 1419 2416 :
1448 2361 1624 2416 Ὅπου
1653 2379 1713 2433 γε
1772 2358 1860 2412 καὶ
1904 2356 2120 2412 Λάκωσι

486 2449 764 2510 πλείστοις
793 2448 1010 2522 ὕστερον
1041 2447 1100 2503 ἐκ
1128 2452 1354 2507 τοῦ.....
1395 2446 1732 2524 ἀφιγμένοις.
1786 2450 1885 2503 ubi
1944 2450 2122 2504 codex

488 2543 534 2595 A
591 2540 765 2594 habet
819 2535 1038 2609 ὕστερον
1096 2537 1155 2590 ἐκ
1204 2543 1305 2604 τῆς
1362 2536 1582 2597 πόλεως
1639 2536 1960 2612 ἀφιγμένοις
1996 2579 2008 2603 ,
2060 2538 2123 2605 [Ρ

490 2628 615 2697 452]
650 2626 747 2680 ubi
780 2626 988 2680 merito
1016 2642 1243 2696 quaras
1266 2641 1332 2680 ex
1364 2642 1481 2696 qua
1520 2626 1662 2679 urbe
1713 2625 2015 2680 advenisse
2063 2624 2123 2679 hi

492 2716 746 2770 Lacones
777 2714 1066 2768 dicantur.
1100 2714 1250 2768 Sane
1281 2714 1444 2769 urbis
1485 2713 1742 2782 nomine,
1806 2729 1940 2767 cum
2000 2714 2126 2767 sine

491 2804 687 2858 addito
720 2803 957 2873 ponitur
982 2803 1132 2872 apud
1171 2802 1273 2856 hos
1315 2802 1651 2871 scriptores,
1706 2800 2126 2856 Constantino-

494 2891 669 2963 polim
694 2890 941 2961 intelligi
974 2906 1065 2945 res
1097 2890 1225 2961 ipsa
1252 2890 1531 2961 loquitur.
1600 2890 1675 2943 Ex
1734 2890 1875 2943 urbe
1932 2892 2124 2943 autem

492 2978 995 3050 Constantinopoli
1027 2978 1160 3049 quis
1209 2980 1562 3049 persuadere
1618 2976 1729 3030 sibi
1778 2977 1964 3046 possit
2014 2975 2127 3031 dici

490 3068 719 3124 venisse
747 3067 912 3126 istos.
944 3067 1041 3137 qui
1075 3067 1270 3137 potius
1301 3067 1394 3120 hic
1420 3066 1478 3118 in
1512 3080 1639 3118 eam
1671 3065 2127 3135 transmigrasse

495 3154 851 3210 memorent?
906 3155 1109 3224 Itaque
1166 3158 1316 3206 recte
1368 3152 1681 3206 Vaticanus
1719 3152 2126 3223 paraphrastes

496 3244 580 3298 sic
612 3244 765 3296 hunc
795 3241 986 3295 locum
1019 3238 1478 3300 ϐῐΥθΓιεἘντεῦθεν
1498 3236 1819 3291 καὶΛᾶκωσι
1854 3237 2128 3299 πλείστοις

498 3328 715 3402 ὕστερον
746 3326 821 3389 εἲς
846 3324 1008 3379 πόλιν
1039 3323 1546 3399 ἀφιγμένοιςᾟΠᾶΘ
1580 3328 1821 3382 fortasse
1842 3330 2136 3399 corrigen-

501 3419 608 3472 dus
639 3418 711 3471 sit
740 3415 1376 3486 Allat.codex,reposito
1405 3414 1591 3481 εἰςτῆν
1625 3411 1921 3471 πόλιννὶοο
1952 3414 2010 3468 ἐκ
2037 3418 2134 3483 τῆς

501 3503 845 3565 πόλεως.36ἀ
862 3503 978 3557 hac
994 3520 1104 3558 non
1121 3520 1187 3557 su
1200 3503 1423 3557 fﬁciunt
1437 3505 1696 3559 sanando
1709 3504 1930 3559 vulneri
1946 3521 2135 3559 exem-

500 3592 679 3663 plaris
713 3590 1030 3662 archetypi.
1064 3591 1207 3646 Nam
1242 3592 1297 3644 in
1320 3591 1601 3647 articulus
1635 3592 1997 3647 masculinus
2037 3597 2138 3647 aut

503 3687 707 3737 neuter
734 3684 829 3734 τοῦ
861 3681 1099 3748 indicat,
1129 3682 1185 3735 id
1220 3683 1372 3751 quod
1407 3682 1605 3736 statim
1648 3683 1812 3737 deest
1862 3683 2014 3735 646
2055 3683 2135 3737 fe-

506 3770 711 3825 minini
748 3771 976 3840 generis
1010 3786 1125 3824 non
1156 3786 1305 3825 esse.
1340 3772 1467 3841 Ipse
1508 3770 1686 3841 igitur
1716 3786 1777 3824 se
1809 3770 2076 3841 suppleat
2100 3771 2139 3825 B

502 3861 677 3915 codex
709 3859 962 3931 quicum
1000 3876 1053 3929 p.
1092 3859 1213 3925 180,
1248 3859 1649 3913 consentiente
1681 3857 1790 3911 sibi
1824 3857 2134 3927 Allatiano,

504 3947 721 4001 scribat
749 3944 854 3998 ἀπὸ
885 3944 979 3999 τοῦ
1012 3944 1244 4018 Μορὲου,
1288 3946 1550 4017 suggerit
1596 3945 1765 3999 nobis
1814 3944 1951 4016 quid
2006 3950 2138 4017 post

500 4038 621 4092 hac
652 4054 759 4091 sua
789 4037 958 4091 verba
989 4034 1046 4088 ἐκ
1075 4039 1285 4092 τοῦ.....
1332 4037 1656 4106 exscriptor
1705 4036 1967 4091 omiserit
2004 4053 2138 4108 spa-

498 4127 578 4181 tio
611 4126 831 4181 relicto.
865 4125 1180 4179 Vaticanus
1213 4125 1335 4179 loco
1376 4125 1475 4179 illo
1508 4125 1841 4195 tertiumfse
1873 4127 2137 4196 adstipu-

501 4216 745 4271 latorem
781 4216 963 4280 addit,
998 4215 1109 4269 nisi
1143 4215 1296 4283 quod
1332 4212 1582 4285 Μοραίου
1631 4215 1836 4269 scribit
1885 4232 1988 4286 pro
2022 4221 2138 4268 Μο-

503 4303 648 4376 ρὲου.
677 4304 936 4358 Profecto
969 4319 1037 4357 ex
1068 4307 1256 4357 Moreo
1290 4300 1408 4357 sive
1441 4301 1653 4370 Morea,
1706 4302 1814 4358 hoc
1845 4309 1932 4359 est
1981 4304 2138 4360 Pelo-

502 4410 783 4464 ponneso,
816 4393 1043 4447 venisse
1080 4393 1336 4447 Laconas
1394 4392 1672 4463 oportuit,
1737 4410 1869 4448 cum
1932 4394 2011 4448 ibi
2064 4394 2140 4449 sit

503 4481 808 4536 Laconica.
839 4480 1131 4535 Translati
1185 4484 1377 4535 autem
1440 4481 1573 4535 inde
1632 4484 1771 4535 tunc
1826 4482 2133 4549 videntur,

502 4570 757 4640 quando,
796 4573 861 4623 ut
891 4569 1043 4623 infra
1075 4569 1250 4639 p.205
1281 4573 1477 4623 noster
1504 4570 1728 4625 scribit.
1760 4570 1936 4639 ’Ἄκρα
1967 4547 2137 4622 Πελοέ
2170 4547 2216 4612 Ῑ)

500 4657 774 4725 ποννήσου
855 4655 992 4732 ἀμφὶ
1102 4650 1477 4727 Μονεμϐασίαν
1564 4655 1653 4710 σὺν
1743 4658 1965 4731 Σπάρτῃ
2046 4658 2136 4712 καὶ

506 4741 875 4816 Λακεδαίμονι
909 4744 1010 4798 ὑπὸ
1036 4743 1329 4816 Ῥωμαίοις
1361 4743 1620 4818 ἐγένοντο.

575 4856 710 4921 Pag.
748 4850 848 4903 192
882 4850 1166 4920 Dacibyzae
1188 4850 1416 4905 dictam.
1465 4852 1707 4905 Videtur
1757 4851 2140 4923 Pachymeres

504 4942 561 4994 et
592 4938 686 4993 hic
719 4942 773 4993 et
805 4938 1071 5004 inferius,
1107 4956 1162 5008 p.
1198 4938 1321 5004 l98,
1358 4945 1750 5011 pratereaque
1802 4957 1855 5011 p.
1888 4942 2011 5008 307,
2045 4943 2141 4997 Ni-

503 5026 847 5082 cetiatarum
879 5031 1137 5081 castrum
1170 5042 1302 5081 cum
1328 5028 1610 5098 Dacibyza
1633 5028 2141 5101 confundere,qua

507 5121 707 5171 tamen
771 5115 1103 5186 Acropotita
1160 5114 1488 5184 distinguit,
1541 5115 1623 5170 sic
1677 5116 1937 5170 scribens
1966 5134 2016 5171 c.
2076 5120 2146 5173 37

510 5205 685 5269 Hist.,
714 5220 768 5273 p.
812 5204 880 5257 32
914 5220 925 5257 :
971 5200 1071 5256 Καὶ
1102 5200 1446 5275 παραμείψας
1476 5201 1591 5273 τὸνῖί
1617 5201 1827 5276 χάρακα
1879 5202 2145 5277 ἐπόρθησε

506 5293 607 5359 τήν
669 5286 968 5359 Δακιϐύζαν
1029 5291 1132 5365 πρὸ
1204 5294 1394 5363 καιροῦ
1458 5290 1547 5343 καὶ
1623 5290 1851 5365 κατέσχε
1904 5293 2142 5367 ταύτην,

510 5378 827 5451 προσέτικαί
858 5383 953 5432 τοῦ
985 5379 1315 5447 Νικητιάτου
1345 5377 1623 5452 φρούριον.
1688 5382 1855 5437 Forte
1911 5384 2144 5456 utrique

520 5468 640 5525 arci
670 5484 981 5523 commune
1012 5464 1340 5535 Νικητιάτου
1372 5483 1582 5522 nomen
1618 5471 1812 5536 tuerit,
1844 5469 2011 5525 alteri
2041 5489 2143 5527 au-

506 5561 630 5612 tem
666 5572 866 5611 earum
914 5557 1216 5628 proprium
1268 5548 1595 5625 Δακιϐύζης,
1650 5558 1807 5613 unde
1870 5558 2144 5628 Νικητιά-

510 5662 641 5713 των,
677 5643 888 5716 plurali
927 5660 1189 5713 numero,
1222 5648 1421 5701 noster
1440 5645 1718 5717 posuerit.

2229 1943 2429 2015 legens
2460 1943 2925 2013 suspicarer,nec
2955 1943 3233 1998 inducere
3266 1958 3489 2014 possem
3519 1943 3574 1996 in
3602 1942 3865 1997 animum

2231 2048 2467 2086 uxorem
2489 2031 2774 2101 Edespota
2831 2032 3114 2097 Joannis,
3164 2030 3419 2085 fratriam
3478 2029 3867 2100 imperatoris,

2231 2123 2557 2174 matronam
2588 2120 2713 2188 ejus
2741 2117 2878 2186 loci,
2913 2136 3026 2174 non
3060 2118 3251 2173 solum
3274 2135 3344 2174 ex
3374 2116 3657 2173 adulterio
3691 2132 3869 2188 pepe-

2232 2207 2508 2273 risse,sed
2544 2206 2737 2276 palam
2770 2207 2892 2261 viro
2915 2207 3199 2262 tolerante
3224 2207 3505 2261 educasse
3524 2203 3704 2259 ﬁliam
3731 2222 3870 2274 spu-

2232 2294 2400 2358 riam,
2434 2311 2561 2364 qua
2593 2299 2813 2365 postea,
2844 2296 3086 2349 Joanna
3119 2294 3340 2349 scilicet
3391 2293 3518 2365 ipso
3549 2293 3788 2363 despota
3818 2296 3875 2347 et

2234 2382 2409 2437 fratre
2441 2383 2629 2453 ipsius
2662 2387 2923 2453 Augusto
2956 2381 3433 2446 conciliantibus,
3467 2381 3664 2436 Iberia
3714 2381 3875 2452 prin-

2237 2470 2350 2541 cipi
2384 2469 2667 2526 collocata
2698 2471 2794 2526 sit.
2819 2471 3147 2525 Tantumne
3181 2478 3293 2525 tam
3324 2470 3571 2541 impune
3616 2469 3874 2524 mulieri-

2235 2561 2349 2615 bus
2379 2558 2458 2613 ibi
2490 2558 2684 2614 licuit?
2709 2559 2923 2614 Verum
2957 2559 3263 2613 conferens
3296 2557 3441 2612 alios
3472 2556 3697 2612 codices
3741 2573 3861 2612 rem

2236 2647 2457 2718 ubique
2497 2651 2831 2702 constanter
2870 2647 2925 2701 in
2958 2647 3223 2702 eumdem
3260 2646 3498 2700 modum
3541 2660 3858 2717 expressam

2237 2734 2744 2806 reperi.Disertius
2757 2736 2931 2790 etiam
2946 2735 3006 2790 in
3031 2734 3312 2789 Vaticano
3327 2734 3426 2804 qui
3440 2733 3539 2789 ubi
3554 2732 3863 2789 deJoannis

2235 2825 2491 2893 despota
2520 2822 2871 2878 castimonia
2899 2823 3164 2877 dixisset:
3194 2822 3448 2890 Ἐπήνθει
3476 2818 3533 2874 δὲ
3556 2820 3644 2875 καὶ
3677 2820 3735 2873 τὸ
3767 2822 3869 2873 σῶ-

2236 2930 2367 2986 φρον
2426 2908 2637 2981 ἐκείνῳ,
2669 2910 2743 2971 ὡς
2802 2906 3063 2964 οὐδέποτε
3118 2908 3445 2977 ἀκουσθῆναι
3505 2908 3664 2963 αὐτὸν
3723 2908 3871 2981 Eripe;

2236 2996 2450 3073 γυναικὶ
2508 2999 2816 3071 χρήσασθαι
2871 3000 2905 3067 ἢ
2962 3001 3030 3070 τῇ
3085 2993 3199 3066 ἰδίᾳ
3236 2996 3326 3051 καὶ
3363 2996 3865 3070 μίνῃ,8ιι1)]ιιῐ]εἰῑζ

2238 3083 2398 3140 Ἀλλ’
2458 3083 2633 3155 ἐκείνη
2668 3086 2769 3139 οὐκ
2824 3086 2889 3154 ἦν
2952 3085 3027 3147 ὡς
3053 3084 3262 3145 ἐκεῖνος
3294 3086 3473 3154 (vides
3505 3086 3662 3141 unde
3701 3086 3872 3139 ducta

2242 3175 2362 3230 sint
2393 3174 3021 3245 illa‘interpretationis
3060 3175 3256 3241 verba,
3302 3174 3539 3229 multum
3577 3173 3675 3228 illi
3721 3174 3883 3229 dissi-

2240 3262 2438 3332 milis),
2496 3258 2759 3315 ἀλλὰκαὶ
2810 3262 3095 3335 θυγάτριον
3158 3262 3483 3334 ἆπεγὲννησε
3531 3260 3685 3323 νόθον
3744 3257 3884 3313 ἐκεί-

2242 3369 2337 3402 νου
2388 3349 2688 3422 στρατείαις
2738 3351 3127 3424 προσὲχοντος.
3180 3350 3263 3419 [Ρ.
3326 3350 3450 3422 453]
3499 3350 3565 3405 Al
3619 3350 3718 3404 illa
3769 3365 3883 3405 non

2244 3441 2363 3493 erat
2393 3437 2532 3492 sicut
2578 3440 2695 3507 ille,
2752 3439 2844 3494 sed
2874 3444 2925 3495 et
2973 3440 3206 3510 ﬁliolam
3258 3440 3448 3508 genuit
3504 3438 3730 3493 nothum
3782 3438 3883 3493 illo

2251 3526 2407 3581 bellis
2437 3527 2695 3593 gerendis
2746 3527 3072 3583 attendente.
3133 3530 3414 3582 Caterum
3467 3526 3621 3595 quod
3673 3526 3883 3580 attinet

2248 3614 2317 3669 ad
2353 3614 2530 3685 hujus
2561 3630 2628 3668 ex
2659 3614 2942 3671 adulterio
2982 3619 3132 3671 natae
3187 3614 3391 3685 puella
3443 3613 3681 3684 nuptias
3729 3614 3880 3668 647

2247 3702 2319 3756 ab
2348 3701 2699 3773 imperatore
2731 3703 3068 3759 conciliatus
3115 3720 3247 3758 cum
3271 3703 3432 3773 Mepe
3482 3701 3677 3757 Iberia
3722 3701 3889 3772 prino

2247 3789 2393 3861 cipe,
2426 3806 2709 3860 agnocere
2741 3791 2800 3845 in
2832 3790 2941 3846 hoc
2968 3790 3101 3847 licet
3139 3798 3321 3846 artem
3369 3789 3665 3861 politicam
3723 3788 3886 3844 adhi-

2244 3878 2368 3932 beri
2400 3877 2631 3933 solitam
2656 3896 2689 3933 ο.
2709 3877 3373 3949 Constantinopolitanis
3406 3877 3880 3949 imperatoribus,

2246 3966 2556 4023 deliniendi
2591 3968 2894 4036 barbaros,
2928 3968 3144 4039 quibus
3175 3967 3581 4040 expugnandis
3611 3983 3674 4022 se
3706 3967 3888 4038 impa-

2248 4073 2338 4111 res
2370 4058 2721 4127 sentiebant,
2756 4058 3125 4129 nuptialibus
3154 4058 3360 4129 pactis.
3381 4057 3707 4112 Audiamus
3728 4073 3795 4111 ea
3817 4057 3888 4111 de

2249 4164 2309 4201 re
2337 4148 2828 4213 Cantacuzenum,
2865 4150 2902 4203 Ι.
2931 4166 2973 4215 ι,
3006 4165 3055 4203 c.
3099 4150 3191 4218 39,
3242 4149 3341 4203 ubi
3398 4147 3520 4218 agit
3566 4148 3636 4202 de
3694 4146 3887 4202 Moesis

2248 4235 2530 4291 affinitate
2594 4237 2917 4293 conciliatis
2974 4239 3305 4293 Andronico
3330 4236 3591 4307 juniori:
3640 4234 3887 4289 Μάλιστα

2250 4320 2307 4376 δὲ
2361 4322 2555 4385 αὐτοὺς
2614 4323 2881 4399 ἐξημὲρου
2934 4325 3024 4379 καὶ
3085 4323 3286 4401 φιλίως
3342 4321 3556 4387 διετίθει
3589 4324 3725 4397 πρὸς
3755 4324 3886 4379 Ῥω-

2250 4409 2441 4482 μαίους
2468 4412 2529 4465 τὸ
2560 4410 2620 4465 ἐκ
2664 4416 2770 4467 τῶν
2829 4411 3130 4487 βασιλικῶν
3166 4412 3327 4466 οἷ’κων
3384 4416 3644 4486 γυναῖκας
3675 4407 3883 4484 ἄγεσθαι

2247 4498 2476 4560 ἑαυτοῖς.
2537 4500 2928 4575 Περιμάχητον
2995 4502 3097 4577 γὰρ
3159 4501 3342 4561 αὐτοῖς
3398 4500 3460 4555 τὸ
3510 4504 3751 4555 τοιοῦτο.
3816 4501 3882 4555 Ει

2247 4589 2419 4661 paulo
2451 4594 2599 4662 post:
2634 4590 2701 4647 ⁸0
2757 4588 2822 4658 δὴ
2881 4590 2972 4645 καὶ
3003 4591 3053 4644 οἱ
3087 4590 3378 4662 Ῥωμαίων
3414 4588 3656 4663 βασιλεῖς
3688 4584 3876 4646 είδότες

2246 4675 2537 4750 παρθένους
2586 4678 2688 4746 τὴν
2746 4674 2868 4751 ὄψιν
2932 4676 3285 4753 διαπρεπεῖς,
3347 4677 3446 4732 οὒκ
3506 4676 3562 4732 εὖ
3608 4672 3876 4751 γεγονυίας

2252 4764 2440 4836 μόνον,
2499 4764 2644 4820 ἀλλᾶ
2698 4766 2787 4821 καὶ
2845 4766 2894 4839 ἐξ
2954 4768 3180 4839 ἀσήμων
3231 4770 3425 4841 γενῶν,
3478 4763 3529 4819 ἐν
3583 4769 3694 4825 τοῖς
3740 4762 3882 4837 βασι-

2249 4852 2418 4915 λείοις
2494 4853 2861 4932 ἐκτρὲφοντες,
2939 4855 3018 4917 ὡς
3089 4853 3380 4931 θυγατέρας
3444 4854 3669 4922 ἑαυτῶν,
3729 4852 3890 4906 ὁπότε

2253 4938 2385 5013 δέοι,
2442 4947 2558 5004 τοῖς
2618 4948 2839 5007 Σκυθῶν
2902 4945 3197 5016 σατράπαις
3252 4942 3598 5019 κατηγγύων.
3657 4942 3894 4999 Maxime

2252 5048 2379 5087 vero
2425 5035 2568 5103 ipso:
2602 5034 2913 5090 deliniebat
2940 5042 2995 5089 et
3024 5033 3356 5089 conciliabat
3416 5034 3694 5096 Romanis,
3753 5030 3893 5101 quod

2253 5138 2322 5176 ex
2350 5122 2725 5193 imperatoria
2756 5124 2979 5195 familia
3007 5140 3210 5179 uxore:
3262 5125 3737 5177 nanciscerentur.
3790 5122 3897 5175 Hoc

2253 5213 2401 5266 enim
2430 5210 2564 5281 ipsis
2596 5216 2653 5267 in
2673 5213 2880 5284 primis
2910 5212 3208 5282 expetibile
3228 5213 3447 5267 videtur
3476 5214 3525 5265 et
3554 5209 3901 5264 contentione

2256 5300 2551 5369 quantavis
2571 5304 2681 5355 emi
2710 5302 2965 5369 dignum.
3004 5300 3137 5355 Post
3167 5299 3395 5369 aliqua:
3429 5298 3488 5353 Id
3520 5296 3660 5367 quod
3696 5298 3899 5351 Roma-

2254 5404 2453 5443 norum
2484 5391 2845 5459 imperatores
2874 5406 2997 5444 cum
3032 5388 3427 5456 intelligerent,
3449 5387 3703 5457 virgines
3720 5386 3902 5453 forma

2254 5480 2592 5547 praestantes,
2624 5493 2734 5532 non
2766 5480 2922 5532 modo
2954 5475 3197 5543 legitime
3254 5492 3323 5529 ea:
3377 5472 3654 5529 nobilibus
3707 5478 3890 5540 natas,

2254 5564 2344 5619 sed
2366 5569 2417 5617 et
2432 5580 2501 5619 ex
2524 5567 2850 5635 parentibus
2885 5562 3090 5637 plebeii
3114 5562 3332 5632 generis
3359 5561 3665 5629 genitas,in
3693 5559 3904 5629 palatio

2256 5653 2499 5722 alebant,
2531 5668 2687 5723 quas,
2717 5655 2821 5711 ubi
2847 5668 2935 5710 res
2962 5654 3223 5724 posceret,
3250 5647 3506 5721 ﬁliarum
3537 5645 3909 5722 appellatione
