4122 6272
345 341 486 398 1109

1924 331 2150 386 ΝΟΤΕ.

3596 329 3733 383 1110

341 466 652 523 honestatos
697 464 1024 535 Scytharum
1078 461 1317 533 satrapis
1374 459 1784 530 desponderent.
1845 457 1973 510 Haec
2003 455 2059 521 Α
2085 457 2235 511 circa
2264 457 2479 526 Hyadas
2508 474 2800 530 apparens.
2836 461 2975 514 Erat
3007 465 3190 512 autem
3221 459 3490 525 fumosus,
3522 454 3733 508 divisus

341 556 441 609 ibi.
477 556 653 624 Cujus
679 555 858 609 moris
891 551 1153 621 exempla
1210 553 1268 604 in
1320 552 1428 605 hac
1481 552 1677 603 nostra
1734 545 1980 599 historia

342 646 514 715 plura
544 648 792 699 exstant.
844 643 936 698 Sic
962 641 1117 695 enim
1168 657 1341 710 supra
1388 656 1444 709 p.
1498 638 1600 691 174
1653 637 1723 689 ad
1763 633 1979 688 Chalau

344 735 670 805 principem
708 730 1407 793 Tocharorumi~Michael
1463 727 1821 798 Palseologus
1867 726 1979 777 im-

342 829 573 893 perator
603 821 783 876 ﬁliam
823 837 992 875 suam
1038 820 1274 875 notham
1308 818 1546 873 Mariam
1607 814 1803 869 mittit
1841 829 1980 866 con-

341 910 570 981 jugem,
595 926 724 980 quas
755 908 969 963 Chalau
1004 912 1230 962 mortuo
1286 907 1435 978 ejus:
1468 904 1586 959 ﬁlio
1645 906 1702 957 et
1750 917 1979 956 succes-

348 998 463 1052 sori
488 1000 696 1069 Apagaa
722 996 940 1068 nupsit.
968 996 1035 1049 Et
1065 1012 1196 1051 mox
1229 1012 1283 1065 p.
1320 996 1441 1059 180,
1473 994 1645 1063 Nogte
1700 990 1984 1046 Tocharo-

343 1102 478 1141 rum
505 1086 894 1141 Occiduorum
927 1083 1129 1155 regulo
1163 1083 1277 1138 alia
1309 1083 1572 1150 ejusdem
1607 1076 1982 1150 imperatoris

348 1173 474 1228 ﬁlia
506 1175 685 1229 notha
713 1174 1095 1244 Euphrosyne
1125 1171 1697 1242 vocataseollocatur.
1740 1167 1833 1222 Sic
1883 1166 1981 1220 de-

345 1261 528 1331 nique
550 1262 643 1315 hic
675 1263 931 1332 dynastas
966 1263 1261 1315 Iberorum
1295 1258 1488 1329 puella
1522 1254 1809 1311 adulterio
1840 1270 1983 1308 uxo-

343 1349 425 1404 ris
459 1350 715 1420 despotte
744 1349 987 1404 Joannis
1009 1352 1143 1401 nata
1166 1346 1559 1417 conjungitur.
1596 1343 1667 1398 Ut
1699 1343 1811 1397 alia
1845 1358 1983 1412 pra:-

344 1441 561 1492 teream
596 1436 781 1491 multa
811 1435 1048 1490 similia.

417 1565 553 1632 Pag.
582 1562 709 1615 223.
741 1565 997 1627 Cometa,
1034 1560 1203 1630 cujus
1239 1558 1333 1612 hic
1366 1556 1635 1611 meminit
1674 1555 1985 1625 Pachyme-

345 1666 458 1713 res,
491 1654 612 1703 toto
637 1653 925 1704 terrarum
952 1648 1089 1703 orbe
1121 1646 1590 1717 spectatissimus
1631 1648 1687 1698 et
1732 1644 1980 1714 scripto-

346 1754 476 1792 rum
510 1737 667 1791 illius
699 1736 799 1791 sevi
846 1737 1247 1791 monumentis
1301 1732 1798 1789 celebratissimus
1850 1731 1978 1786 fuit.

2091 546 2376 615 bi/artam.
2410 552 2473 601 In
2504 549 2600 602 illo
2631 548 2851 619 quidem
2874 546 3017 601 haud
3048 548 3312 601 aberrare
3341 560 3374 598 a
3408 558 3531 597 vero
3570 541 3725 597 dixe-

2088 650 2218 701 rim,
2277 639 2420 706 quod
2474 638 2531 691 in
2591 638 2799 691 boreati
2855 640 3017 706 parte
3074 635 3282 689 indicat
3355 632 3676 703 apparuisse
3706 647 3725 685 :

2091 733 2296 787 Taurus
2326 736 2491 799 enim,
2528 737 2584 788 in
2616 751 2719 802 quo
2760 743 2885 789 sunt
2938 733 3170 803 Hyades,
3232 732 3444 788 boreale
3498 737 3731 807 signum

2089 825 2500 877 est.Haetenus
2549 840 2795 877 censura
2838 821 3218 892 marginalis;
3254 840 3383 893 quae
3434 823 3586 894 quod
3639 821 3722 875 ait

2090 909 2379 964 indicasse
2410 910 2819 980 Pachymerem
2877 910 2933 964 in
2983 909 3199 965 boreali
3245 916 3409 980 parte
3462 915 3726 966 cometen

2092 998 2483 1066 apparuissse,
2518 1015 2547 1052 e
2577 999 2743 1052 titulo
2776 997 2982 1067 capitis
3030 1005 3329 1067 sumptum
3366 1004 3471 1064 est,
3518 998 3618 1052 ubi
3664 996 3726 1050 in

2093 1084 2285 1138 Graeco
2358 1085 2567 1157 legitur
2638 1084 2760 1156 περὶ
2837 1087 2932 1137 τοῦ
3014 1085 3268 1160 φανέντος
3370 1087 3617 1157 κομήτου
3700 1081 3724 1136 ἆ

2096 1172 2266 1245 βορῥα
2296 1174 2510 1243 quibus
2542 1191 2794 1245 congrue
2825 1191 2871 1228 c.
2916 1175 2987 1227 25
3032 1173 3199 1228 initio
3247 1175 3451 1229 scribit
3506 1178 3723 1240 noster,

2093 1270 2509 1325 Macedonibus
2540 1276 2597 1324 et
2624 1270 2944 1325 Thracibus
2977 1272 3046 1323 ad
3076 1270 3541 1340 Septentrionem
3572 1270 3725 1323 Con-

2030 1399 2041 1407 .
2092 1358 2747 1429 stantinopoliobversis
2777 1360 2963 1411 visum
2997 1374 3125 1412 esse
3158 1362 3419 1411 cometen
3467 1357 3725 1411 infausta

2094 1446 2323 1500 minari.
2357 1464 2503 1517 quas
2548 1448 2733 1500 minas
2777 1451 2973 1516 postea
3031 1445 3224 1501 sultan
3283 1445 3575 1513 Azatinus,
3621 1445 3722 1514 qui

2092 1536 2517 1605 provinciarum
2550 1535 2782 1589 illarum
2811 1535 3114 1589 vestationi
3154 1551 3387 1588 causam
3422 1534 3601 1603 dedit,
3660 1533 3720 1587 in

2095 1641 2211 1678 rem
2248 1624 2551 1679 denuxerit
2582 1644 2594 1691 ;
2622 1640 2747 1693 quas
2781 1624 3113 1694 signiﬁcant
3160 1624 3217 1676 in
3279 1622 3720 1693 septentrionali

2092 1712 2212 1767 coeli
2249 1718 2410 1782 parte
2440 1718 2719 1767 cometem
2753 1712 2962 1766 visum.
2999 1717 3175 1766 Porro
3234 1710 3341 1765 hac
3401 1714 3537 1765 nota
3592 1711 3718 1765 obi-

346 1826 427 1881 De
459 1824 553 1880 illo
584 1826 739 1879 enim
768 1829 948 1896 agunt
977 1810 1260 1879 Theod‘or.
1292 1821 1351 1876 in
1409 1821 1540 1875 Vita
1592 1818 1806 1875 Urbani
1867 1819 1972 1887 IV;

2087 1806 2174 1857 tex
2205 1801 2410 1872 colligo
2459 1801 2715 1855 codicem
2760 1800 2915 1853 hunc
2964 1814 3138 1869 quem
3199 1797 3597 1853 Barberimum
3661 1814 3717 1851 a-

345 1912 827 1983 Supplementum
862 1911 1188 1967 Parisiense
1220 1910 1453 1980 Rigordi
1508 1926 1557 1964 ο.
1590 1909 1695 1962 475
1728 1925 1741 1974 ;
1801 1906 1979 1962 Villa-

346 2001 502 2067 nius,
537 2002 572 2057 Ι.
625 2017 705 2066 v1,
759 2004 919 2067 0.7;
979 2004 1035 2055 S.
1095 1998 1375 2054 Antoniu.
1432 2000 1522 2051 tit.
1580 1996 1645 2049 19
1702 1995 1759 2049 in
1823 1995 1974 2061 ﬁn.;

340 2089 640 2143 Bernadus
673 2087 859 2143 Guido
890 2088 949 2142 in
1006 2087 1256 2142 Chronic.
1288 2103 1309 2147 ,'
1357 2090 1616 2155 Magnum
1677 2083 1981 2137 Chronicon

338 2177 638 2246 Belgicam,
700 2176 757 2229 iu
790 2176 1023 2231 Urbano
1056 2176 1165 2239 1V;
1212 2174 1537 2228 Palmerius
1589 2172 1648 2226 in
1696 2171 1978 2238 Chronic.,

337 2269 445 2331 etc,
466 2264 801 2319 Relatorum
825 2266 896 2318 ab
922 2264 1013 2319 his
1031 2278 1328 2318 summam
1345 2262 1427 2316 sic
1446 2260 1669 2330 colligit
1694 2260 1977 2315 Henricus

333 2352 691 2423 Spondanus
721 2352 779 2405 in
815 2351 1032 2408 Contin.
1066 2351 1386 2417 Annalium,
1418 2365 1568 2403 anno
1618 2349 1758 2401 1264
1820 2348 1977 2417 (nam

333 2456 399 2495 eo
431 2456 613 2494 annos
644 2439 738 2493 hic
769 2444 995 2494 cometa
1021 2443 1109 2493 est
1139 2438 1342 2503 visus),
1376 2454 1433 2491 n.
1459 2440 1491 2490 8
1526 2439 1811 2492 :Cometes
1828 2436 1980 2491 visus

334 2536 429 2594 est,
460 2530 556 2597 qui
584 2528 650 2582 ab
671 2530 898 2585 Oriente
922 2543 1156 2595 surgens
1186 2543 1356 2596 usque
1389 2527 1461 2580 ad
1508 2524 1750 2579 medium
1804 2525 1978 2580 hemi-

336 2618 543 2687 sphwri
598 2631 784 2671 versus
836 2615 1174 2671 Occidentem
1239 2632 1456 2670 comam
1503 2612 1881 2684 protrahebat,
1930 2621 1987 2668 et

340 2705 765 2774 Jutio,A-ngusto
795 2720 864 2759 ac
929 2704 1239 2775 Septembri
1283 2718 1464 2758 mense
1517 2706 1690 2772 [erea
1744 2702 1980 2756 solstitio

345 2791 585 2847 instincti
613 2808 783 2861 usque
823 2792 891 2847 ad
948 2791 1330 2864 mquinoctium
1382 2791 1714 2859 autumale)
1766 2789 1982 2859 insigni

346 2878 743 2946 magnitudine
772 2878 1021 2949 fulgens,
1084 2896 1149 2936 ac
1186 2879 1416 2951 speciem
1468 2881 1740 2949 ingentem
1795 2879 1975 2944 edens,

350 2983 537 3022 omnes
566 2970 821 3023 mortales
852 2971 911 3023 in
965 2971 1055 3024 sui
1109 2968 1543 3024 admirationem
1599 2967 1858 3031 adduxit,
1918 2967 1980 3021 in

340 3055 559 3111 Graecia
580 3059 628 3110 et
658 3056 820 3127 Syria
841 3059 1180 3128 praesertim,
1212 3056 1307 3111 ubi
1353 3059 1520 3111 etiam
1571 3072 1695 3110 cum
1751 3056 1981 3110 horrore

341 3147 671 3199 mortalium
699 3145 848 3200 visus
880 3145 1111 3200 dicitur.
1177 3146 1464 3200 Hactenus
1502 3144 1848 3214 Spondanus
1906 3160 1972 3198 ex
2006 3156 2048 3222 ρ

339 3232 549 3303 priscis
581 3233 944 3296 auctoribus,
970 3232 1185 3303 quibus
1218 3231 1574 3287 contrarium
1609 3234 1806 3286 noster
1870 3231 1975 3286 Pa-

337 3321 640 3392 chymeres
671 3322 946 3391 afﬁrmat,
980 3324 1121 3375 dum
1154 3321 1248 3375 hic
1278 3321 1481 3375 seribit
1508 3336 1576 3374 ea:
1604 3318 1875 3374 occidente
1917 3318 1981 3373 in

338 3418 519 3465 ortum
547 3409 820 3480 eﬂutsisse
847 3427 881 3464 a
912 3425 1035 3464 vere
1055 3425 1221 3479 usque
1262 3409 1331 3463 ad
1374 3414 1722 3462 autumnum.
1784 3406 1982 3462 Graeca

342 3497 425 3551 sic
456 3497 673 3552 habent
706 3513 719 3552 :
752 3497 956 3570 Ἀστὴρ
987 3498 1240 3568 κομήτης
1274 3495 1333 3549 ἐκ
1386 3494 1587 3555 δύσεως
1642 3495 1793 3550 648
1845 3494 1982 3547 κατὰ

339 3583 400 3637 τὸ
432 3583 650 3637 ἑωθινὸν
681 3583 981 3655 ἐξέλαμπεν
1041 3583 1091 3653 ἐξ
1151 3587 1284 3657 ἦρος
1334 3583 1409 3644 εἷς
1465 3581 1852 3656 φθινόπωρον..
1916 3585 1978 3636 In

343 3673 572 3728 duobus
586 3691 617 3727 a
635 3673 1035 3743 relinquorum
1051 3691 1196 3743 quos
1212 3673 1639 3728 nominavimus
1655 3671 1867 3725 indicio
1889 3687 1980 3725 re-

341 3761 514 3816 cedit.
548 3760 719 3816 Prius
732 3766 842 3829 est,
865 3762 1017 3831 quod
1037 3762 1107 3815 ab
1129 3762 1436 3815 Occidente
1458 3776 1659 3815 versus
1685 3759 1976 3814 Orientem

341 3854 568 3904 motum
626 3854 908 3905 cometem
970 3849 1147 3914 dicat,
1206 3848 1454 3902 alterum
1505 3865 1537 3901 a
1593 3864 1724 3901 vere
1792 3862 1979 3916 usque

339 3938 413 3991 ad
445 3942 971 4005 autumnum,cum
1000 3936 1083 3991 illi
1109 3941 1310 3991 contra
1334 3939 1622 3990 testentur
1652 3935 1723 3987 ab
1745 3934 1980 3988 Oriente

338 4024 398 4080 in
423 4025 703 4081 Occasum
738 4025 1117 4098 processisse,
1152 4029 1205 4079 et
1237 4024 1391 4079 circa
1439 4022 1754 4078 solstitium
1814 4022 1977 4075 aesti-

335 4130 476 4168 vum
510 4114 757 4185 ccepisse
805 4131 1105 4185 apparere.
1153 4113 1215 4167 In
1290 4112 1398 4167 hac
1462 4110 1855 4166 controversia
1913 4112 1978 4164 ut

336 4202 506 4257 facile
564 4202 951 4274 astipulemur
1013 4201 1281 4272 pluribus
1333 4205 1536 4256 contra
1582 4214 1789 4263 unum,
1842 4198 1979 4252 facit

338 4291 493 4359 quod
527 4290 699 4345 etiam
735 4290 970 4345 aliunde
998 4290 1390 4360 comperimus
1435 4288 1845 4358 Pacbymerem
1875 4304 1976 4337 πα-

337 4376 738 4451 χυμερὲστερον
772 4378 831 4433 in
863 4378 1043 4448 hujus
1101 4380 1335 4433 cometae
1395 4375 1795 4431 observatione
1848 4390 1976 4428 ver-

340 4472 556 4522 satum.
592 4467 651 4522 Id
676 4469 831 4521 enim
890 4467 1235 4521 testiﬁcatur
1282 4465 1522 4535 quidam
1571 4463 1857 4526 eruditus,
1915 4465 1980 4516 ut

338 4560 664 4626 appareret,
693 4556 820 4625 ejus
843 4554 1040 4620 lector,
1084 4555 1183 4625 qui
1244 4554 1500 4608 codicem
1551 4552 1709 4606 hunc
1758 4550 1976 4621 ipsum,

341 4660 515 4715 quem
532 4644 776 4699 fundum
797 4643 1071 4700 editionis
1086 4641 1422 4708 habuimus,
1441 4639 1626 4695 oculis
1649 4639 1977 4709 subjectum

339 4734 563 4790 habens
597 4738 794 4790 tenere
826 4752 886 4790 se
918 4751 1030 4789 non
1065 4733 1224 4804 potui
1263 4734 1405 4802 quin
1437 4748 1467 4786 e
1511 4731 1743 4801 regione
1798 4728 1977 4798 hujus

342 4821 453 4876 loci
486 4823 556 4878 ad
594 4824 917 4894 marginem
970 4822 1325 4877 adscriberet
1381 4819 1613 4874 rubrica
1650 4819 1790 4885 haec,
1850 4817 1978 4886 ipsa

334 4912 551 4966 verba:
596 4910 656 4966 Ὁ
716 4907 773 4964 δὲ
824 4913 986 4963 τοῦτο
1071 4910 1405 4982 παριστορεῖ.
1462 4907 1517 4958 '0
1574 4907 1675 4979 γὰρ
1726 4905 1978 4975 κομήτης

335 4997 412 5059 ὡς
464 4999 626 5068 ἡμεῖς
687 4995 1162 5067 αὐτωπτεύσαμεν,
1208 4994 1259 5064 ἐξ
1311 4993 1577 5061 ἀνατολῆς
1622 4994 1722 5062 τὴν
1770 4991 1977 5061 κίνησιν

335 5085 598 5153 ἐποιεῖτο,
653 5084 777 5161 περ(
830 5106 935 5141 που
994 5086 1089 5147 τὰς
1135 5082 1325 5144 Ὑάδας
1374 5083 1719 5157 φαινόμενος.
1769 5082 1870 5136 Ἢν
1919 5077 1975 5134 δὲ

331 5172 645 5243 καπνώδης,
706 5172 838 5248 δίχα
899 5172 1298 5247 διαιρούμενος·
1335 5169 1458 5225 οὐδὲ
1500 5176 1660 5225 τοῦτο
1714 5188 1971 5242 παριστο-

334 5266 438 5336 psi.
495 5263 653 5323 ’Ίσως
714 5259 771 5315 δὲ
830 5262 1190 5336 βορειότερον’
1254 5260 1281 5313 ὁ
1311 5258 1413 5333 γὰρ
1445 5260 1574 5334 βοῦς
1603 5262 1708 5313 τῶν
1742 5257 1967 5330 βορείων

334 5349 569 5424 ἄστρων,
602 5350 739 5404 ὅπου
774 5349 862 5404 καὶ
921 5350 976 5403 αἱ
1030 5346 1211 5409 Ὑάδες
1262 5349 1394 5403 Haec
1447 5349 1574 5403 sine
1624 5346 1820 5403 Latine
1877 5363 1969 5401 so-

2091 1889 2387 1955 postetiori
2423 1903 2755 1959 possessore
2788 1886 3058 1954 dicimus,
3114 1903 3144 1940 e
3182 1888 3399 1941 Graecia
3455 1884 3715 1940 delatum

2089 1976 2145 2029 in
2179 1976 2589 2031 bibliothecam
2624 1973 2838 2029 Urbani
2879 1974 3005 2028 Vlll
3035 1976 3133 2026 τοῦ
3180 1972 3501 2046 μακαρίτου,
3546 1972 3727 2026 videri

2089 2081 2156 2121 ex
2178 2066 2381 2132 primis
2413 2065 2594 2119 fuisse
2625 2063 2724 2133 qui
2756 2080 2858 2133 per
2898 2062 3101 2116 urbem
3157 2060 3723 2131 Constantinopolim

2087 2153 2303 2223 vulgati
2336 2153 2559 2207 sunt'ab
2578 2152 2703 2222 ipso
2727 2154 2960 2205 auctore
2986 2166 3152 2204 suam
3177 2149 3476 2204 historiam
3498 2150 3702 2203 edente
3720 2192 3732 2215 ,

2088 2240 2416 2295 viventibus
2449 2240 2639 2294 adhuc
2686 2239 2886 2294 multis
2937 2238 3034 2308 qui
3085 2254 3276 2292 rerum
3320 2239 3428 2292 hac
3486 2236 3733 2291 historia

2090 2333 2459 2383 narraturum
2484 2326 2743 2380 αὐτόπται
2796 2329 3072 2393 fuerant;
3124 2343 3374 2397 quorum
3437 2342 3587 2380 unus
3646 2325 3729 2379 la-

2089 2434 2260 2487 psum
2296 2416 2555 2471 historici
2588 2417 2646 2470 in
2689 2415 2964 2470 relatione
3013 2416 3192 2484 hujus
3256 2414 3618 2485 phaanomeni
3667 2430 3736 2469 ex

2089 2522 2195 2560 suo
2229 2505 2454 2559 aculato
2494 2504 2831 2559 testimonio
2888 2504 3233 2573 redarguere
3284 2503 3555 2575 potuerit.
3622 2503 3729 2567 Qui

2090 2596 2242 2649 idem
2268 2595 2420 2664 quod
2441 2595 2682 2648 verbum
2710 2593 2768 2647 in
2791 2592 2964 2647 titulo
2986 2592 3191 2661 capitis
3216 2592 3465 2663 positum
3491 2593 3727 2647 nomine

2090 2683 2343 2738 auctoris
2375 2682 2558 2751 ipsius
2589 2683 2750 2747 citat,
2784 2685 2846 2735 ut
2873 2680 3145 2748 vidimus,
3171 2686 3583 2747 argumentum
3622 2698 3723 2733 n0-

2089 2772 2178 2825 bis
2208 2772 2466 2841 suggerit
2498 2769 2774 2839 opinandi
2806 2769 3008 2823 titulos
3038 2768 3292 2838 capitum
3324 2770 3395 2822 ab
3429 2769 3554 2839 ipso
3612 2768 3723 2823 Pa-

2089 2859 2357 2930 cbymere
2382 2858 2596 2912 inditos
2627 2862 2683 2912 et
2723 2857 3104 2927 conscriptos,
3139 2861 3204 2911 ut
3227 2857 3283 2910 in
3317 2857 3484 2911 Barb.
3526 2857 3721 2912 codice

2088 2952 2144 3001 et
2173 2947 2309 3000 inde
2338 2946 2398 3000 in
2430 2945 2538 3002 hac
2568 2944 2821 3000 editione
2850 2948 3049 2999 nostra
3106 2945 3297 2999 Graece
3354 2950 3719 3015 comparent,

2089 3045 2289 3112 fuisse,
2324 3049 2524 3099 contra
2558 3060 2729 3114 quam
2765 3042 3049 3113 suspicari
3090 3041 3236 3097 forte
3283 3042 3494 3113 aliquis
3526 3048 3723 3113 posset

2088 3147 2155 3185 ex
2207 3147 2272 3185 eo
2322 3131 2474 3201 quod
2508 3131 2565 3183 in
2592 3129 2878 3185 Allatiano
2901 3128 3099 3185 codice
3150 3128 3365 3200 alioqui
3398 3130 3617 3201 optimo
3668 3135 3724 3185 et

2090 3222 2435 3291 perantiquo
2460 3236 2572 3273 non
2610 3219 2894 3291 legantur.
2927 3220 3142 3273 Suadet
3180 3218 3298 3273 haec
3353 3221 3569 3274 mentio
3627 3238 3724 3275 no-

2087 3308 2221 3362 bilis
2248 3312 2504 3374 cometae,
2537 3312 2592 3361 et
2622 3311 2853 3377 tempus
2886 3324 3000 3378 quo
3030 3307 3150 3361 haec
3171 3308 3493 3362 scribebam
3526 3325 3726 3363 mense

2090 3396 2267 3464 Aprili
2302 3395 2437 3449 anni
2470 3396 2633 3462 1665,
2680 3394 2974 3449 similibus
3018 3395 3415 3463 pheenomenis
3473 3412 3724 3465 suspen-

2090 3499 2243 3547 sum,
2276 3487 2341 3536 ut
2373 3482 2465 3535 hic
2499 3482 2716 3552 aliquid
2753 3484 2823 3537 de
2852 3483 3092 3537 cometis
3120 3484 3311 3537 dicam
3336 3484 3406 3537 ab
3438 3483 3531 3537 his
3555 3486 3726 3553 quin-

2089 3587 2200 3643 que
2231 3572 2383 3625 649
2417 3575 2565 3625 retro
2590 3571 2891 3625 mensibus
2929 3587 3141 3641 magna
3157 3571 3378 3641 passim
3417 3571 3722 3627 hominum

2089 3659 2466 3713 admiratione
2538 3660 2595 3709 et
2669 3658 3093 3712 exsoectatione
3169 3658 3468 3727 spectatis.
3559 3661 3723 3714 Prior

2091 3764 2290 3802 mense
2321 3744 2662 3801 Novembris
2694 3745 3012 3814 superioris
3038 3745 3331 3799 anni1664
3354 3746 3597 3816 cmpisse
3621 3765 3720 3817 ap-

2088 3852 2290 3905 parere
2321 3834 2534 3889 dicitur
2564 3849 2578 3899 ;
2614 3834 2712 3887 sed
2742 3850 2774 3887 a
2798 3834 2996 3901 paucis
3028 3837 3167 3886 tunc
3201 3837 3459 3901 notatus,
3522 3850 3720 3889 mense

2086 3924 2388 3978 Decembri
2419 3920 2813 3975 celebritatem
2847 3924 2934 3974 est
2957 3920 3224 3989 adeptus,
3265 3924 3387 3974 tota
3420 3925 3556 3974 tunc
3614 3926 3722 3974 Eu-

2088 4027 2247 4081 ropa,
2282 4013 2452 4079 prout
2482 4024 2511 4062 θ
2539 4008 2772 4077 scriptis
2805 4008 3191 4075 undecunque
3221 4006 3471 4076 vulgatis
3501 4008 3723 4062 intelli-

2087 4099 2268 4169 gitur,
2300 4095 2824 4151 observatissimus.
2845 4094 3117 4148 Vidimus
3140 4098 3193 4147 et
3217 4111 3323 4148 nos
3343 4094 3507 4149 illum
3533 4096 3724 4151 Romae

2088 4202 2243 4255 saepe
2274 4185 2570 4253 otioseque
2596 4199 2726 4236 cum
2758 4183 2850 4235 his
2874 4185 2960 4235 ter
3009 4180 3282 4235 ulnarum
3338 4197 3522 4249 coma,
3584 4184 3724 4237 orbe

2090 4274 2293 4329 stellas
2321 4274 2520 4344 primas
2565 4269 2993 4340 magnitudinis
3033 4270 3100 4322 ad
3136 4269 3591 4338 oculijudicium
3651 4288 3729 4326 aa-

2086 4365 2319 4431 quante,
2354 4360 2576 4431 fulgore
2608 4358 2939 4429 subpallido
2965 4358 3295 4423 micantem,
3326 4374 3501 4412 cursu
3524 4375 3722 4414 erran-

2086 4454 2203 4505 tem
2235 4449 2570 4514 desultorio,
2602 4446 2839 4501 mutatis
2870 4445 2927 4499 in
2952 4444 3074 4499 dies
3108 4444 3270 4500 locis.
3329 4446 3621 4516 Scripsere
3652 4450 3722 4503 de

2089 4538 2188 4593 illo
2212 4538 2449 4609 plurimi
2482 4537 2657 4607 hujus
2691 4535 2792 4589 aivi
2825 4538 3168 4605 praestantes
3222 4535 3563 4601 astronomi,
3620 4537 3717 4605 qui

2087 4644 2217 4683 mea
2248 4626 2711 4682 nomenclatiane
2742 4640 2853 4678 non
2882 4622 3167 4692 indigent,
3192 4622 3347 4677 fama
3402 4640 3509 4678 sua
3550 4624 3710 4680 clari.

2086 4726 2243 4781 Duos
2269 4730 2463 4780 tamen
2498 4722 2831 4777 memorabo
2863 4720 3144 4775 instinctu
3169 4720 3316 4790 grati
3340 4721 3540 4791 animi,
3561 4724 3713 4793 quod

2087 4813 2125 4867 ii
2157 4831 2295 4867 suos
2326 4812 2467 4865 mihi
2498 4812 2627 4881 ejus
2668 4808 2993 4880 argumenti
3039 4810 3485 4864 commentarios
3543 4810 3719 4865 dona-

2086 4904 2242 4968 runt,
2278 4905 2340 4954 D.
2369 4900 2654 4955 Joannem
2684 4897 3053 4953 Dominicum
3086 4896 3390 4951 Cassinum
3422 4902 3479 4952 et
3526 4898 3591 4953 Β.
3652 4899 3714 4954 Ρ.

2081 4988 2365 5043 Jacobum
2398 4988 2729 5054 Grandamy
2760 5002 2878 5041 soc.
2909 4989 3141 5048 nostrae,
3173 5001 3424 5055 quorum
3458 4984 3555 5041 illo
3610 4987 3713 5041 Ro-

2084 5092 2213 5139 mae,
2247 5076 2339 5130 hic
2373 5074 2603 5146 parisiis
2634 5091 2772 5128 suas
2799 5074 2869 5128 de
2889 5073 3000 5127 isto
3026 5077 3250 5127 cometa
3278 5072 3716 5129 lucubrationes

2080 5164 2404 5218 ediderunt.
2437 5164 2660 5216 Addam
2723 5163 3050 5215 universam
3109 5161 3237 5230 ejus
3296 5161 3715 5217 observationis

2081 5251 2384 5306 historiam
2411 5251 2576 5322 pauci
2612 5249 3091 5319 comprehensam
3155 5264 3187 5301 a
3221 5248 3434 5302 nostris
3490 5250 3714 5305 matbe-

2080 5338 2307 5394 maticis
2340 5336 2922 5410 Ingolstadiensibus,
2958 5333 3057 5406 qui
3105 5334 3175 5387 ad
3239 5350 3330 5388 me
3376 5335 3663 5391 miserunt
3696 5354 3711 5393 :

337 5422 511 5493 nant:
546 5438 726 5496 Aliter
754 5440 851 5495 hoc
878 5455 945 5494 ac
967 5455 1157 5494 revera
1185 5454 1243 5493 se
1271 5438 1461 5492 habuit
1515 5436 1687 5508 refert
1743 5435 1970 5490 histori-
2076 5430 2231 5484 Anno
2277 5429 2411 5482 1654
2454 5426 2695 5482 ’σοηῑεία
2751 5433 2980 5480 meum
3035 5422 3346 5486 Νουετηὸνὶ,
3378 5426 3440 5476 αἰ
3484 5423 3713 5480 aliunde

336 5542 451 5583 cus.
485 5526 621 5582 Nam
650 5536 857 5583 cometa
902 5543 1004 5597 quo
1054 5527 1118 5582 de
1159 5528 1359 5597 agitur,
1406 5534 1560 5594 prout
1589 5541 1687 5580 nos
1724 5525 1970 5594 propriis
2074 5517 2391 5583 nuntiatur,
2434 5517 2545 5583 jam
2603 5519 2844 5568 exortus.
2904 5508 3225 5579 lngolstadii
3284 5510 3348 5563 18
3408 5512 3706 5568 Decembris

338 5612 514 5672 oculis
537 5616 620 5684 [P.
652 5616 778 5685 451]
810 5613 1231 5682 observavimus,
1263 5613 1329 5668 ab
1377 5611 1594 5669 Oriente
1652 5611 1968 5668 movebatur
2074 5608 2110 5661 6
2139 5613 2271 5661 mat.
2301 5605 2486 5673 primo
2518 5603 2670 5657 nobis
2696 5602 2848 5655 visus
2878 5606 2976 5666 cst,
3008 5599 3160 5666 in/ra
3190 5601 3454 5667 trOpi‘cum
3512 5600 3704 5673 Capri-
