4122 6272
427 316 562 371 1111

1468 320 1530 369 Ρ.
1571 314 1840 370 POSSINI
1878 309 2480 368 OBSERVATIONUM
2516 309 2651 363 LIB.
2690 311 2764 361 II.

3672 298 3820 359 1112

427 440 594 494 corni
620 439 717 494 sub
736 444 912 495 rostro
945 439 1121 508 Corvi,
1155 439 1322 494 barba
1369 439 1578 494 directe
1634 456 1664 493 a
1714 438 1825 493 sole
1877 452 2067 492 versus
2092 435 2146 501 Α
2176 429 2652 502 intempestivum
2699 427 2951 499 vasum,
3021 425 3114 480 his
3189 423 3475 496 exemplto
3504 422 3818 479 versiculis

431 542 677 582 occasum
729 528 1021 582 hiemalem
1049 536 1307 598 protenso
1331 532 1383 583 et
1433 528 1537 583 late
1582 544 1689 597 qua
1719 526 2057 581 terminaba—

425 619 519 669 tur
577 616 799 687 diﬂusa.
844 618 909 671 19
965 617 1155 671 nubes.
1204 618 1274 671 2O
1308 622 1427 673 Dec.
1488 619 1636 672 intra
1674 617 1952 671 Craterem
2009 618 2058 670 et

428 703 679 759 Corvum.
746 707 839 775 21,
886 706 977 774 22,
1036 706 1126 773 23,
1178 707 1247 759 24
1304 706 1494 760 nubes.
1551 708 1622 759 25
1679 707 1783 759 Dee
1834 706 1865 758 4
1924 711 2056 757 mat.

427 792 577 857 infra
608 802 843 849 ventrem
877 795 1079 865 Hydri,
1114 810 1220 864 qua
1254 794 1306 848 ei
1338 794 1525 848 Crater
1555 793 1783 861 insistit,
1813 793 1910 846 sub
1940 790 2059 846 eod.
2090 786 2095 789 ⁴

427 884 567 951 trop.
601 884 929 952 comparuit.
966 882 1139 953 Caput
1170 882 1272 935 hae
1299 882 1385 936 die
1449 880 1737 952 apparenti
1792 881 2062 934 diametro

425 972 541 1039 fere
571 988 677 1040 par
716 972 937 1039 Veneri,
972 972 1203 1025 barbam
1233 970 1501 1025 albicanti
1532 976 1661 1027 .‘tuce
1716 967 2066 1038 splendidam

430 1058 501 1112 ad
546 1060 615 1113 30
661 1060 865 1130 gradus
920 1060 1139 1114 evibare
1194 1062 1392 1127 visum,
1450 1060 1540 1123 26,
1607 1058 1698 1123 27,
1730 1058 1799 1110 29
1869 1058 2063 1110 nubes.

430 1146 500 1200 30
529 1149 652 1203 Dec.
684 1148 719 1200 9
747 1164 890 1218 vesp.
925 1150 986 1202 in
1018 1152 1219 1215 Lepore
1256 1146 1408 1202 velut
1462 1148 1696 1201 criintus
1751 1145 2009 1215 apparuit
2051 1160 2065 1200 :

432 1262 565 1298 nam
591 1245 654 1299 ob
686 1246 834 1301 lunae
853 1244 1115 1300 viciniam
1134 1246 1311 1299 cauda
1345 1243 1520 1299 videri
1540 1259 1649 1298 non
1676 1245 1871 1314 potuit.
1896 1244 2069 1297 Porro

433 1333 684 1387 eumdem
715 1333 857 1388 hunc
902 1350 1025 1388 cum
1050 1336 1236 1403 priore
1288 1341 1497 1387 cometa
1550 1348 1683 1399 esse,
1741 1332 2073 1401 conﬁrmant

434 1423 848 1477 observationes
880 1422 1118 1476 Trident.
1152 1436 1277 1492 qum
1306 1420 1375 1474 38
1413 1422 1528 1475 Dec.
1560 1436 1684 1475 eum
1713 1435 1913 1491 prapre
1965 1422 2069 1475 Ca-

437 1526 561 1564 nem
591 1512 880 1580 majorem,
911 1512 1169 1565 celeriori
1197 1527 1360 1580 quam
1399 1511 1559 1563 initio
1616 1513 1767 1563 motu
1820 1524 2072 1578 progres-

442 1617 564 1656 sum
593 1618 661 1655 ex
689 1603 955 1655 matutino
986 1603 1370 1671 vespertinum,
1399 1616 1467 1654 ea:
1498 1600 1721 1654 barbato
1773 1601 2075 1654 caudatum

444 1690 683 1743 evasisse
714 1692 1005 1743 testantur.
1066 1690 1129 1743 31
1196 1689 1440 1743 Decemb.
1510 1687 1656 1742 inter
1714 1689 1971 1757 Lepprem
2026 1691 2079 1742 et

449 1777 772 1843 Eridanum,
818 1781 952 1848 jam
1006 1778 1240 1832 multum
1294 1794 1465 1847 supra
1517 1778 1801 1845 Tropicum
1869 1784 2079 1830 evectus
2113 1790 2158 1853 Β

451 1865 912 1935 conspiciebatur.
952 1866 1104 1921 Anno
1148 1866 1283 1921 1665
1314 1867 1337 1920 1
1372 1865 1654 1934 Januarii,
1682 1866 1748 1918 12
1777 1865 1971 1932 noctis,
2005 1863 2082 1917 ad

448 1953 771 2019 australem,
798 1960 848 2010 et
878 1954 1065 2010 eadem
1107 1954 1200 2009 die
1253 1956 1287 2008 9
1342 1956 1645 2020 vespertina
1698 1953 1767 2007 ad
1816 1951 2083 2008 borealem

455 2043 686 2097 Eridani
722 2044 905 2115 ripam
935 2046 1172 2099 constiti.
1204 2047 1238 2098 2
1291 2042 1552 2099 Januarii
1607 2058 1781 2113 prope
1834 2057 1889 2096 os
1945 2041 2079 2095 Ceti.

449 2140 483 2193 3
510 2144 641 2195 Jan.
677 2140 793 2194 Ceti
822 2140 1214 2197 mandibulam
1246 2139 1452 2208 attigit,
1484 2156 1670 2210 syrma
1724 2136 1942 2196 Orienti
1986 2137 2081 2192 ob-

447 2242 665 2282 versum
689 2229 929 2283 trahens.
964 2229 995 2281 4
1022 2230 1127 2284 Jan
1162 2234 1492 2297 xquatorem
1538 2224 1837 2295 superavit.
1868 2226 1903 2277 5
1956 2226 2082 2280 Jan.

445 2317 480 2369 6
505 2332 650 2386 vesp.
684 2319 743 2371 in
762 2318 951 2372 caudae
978 2316 1154 2372 medio
1181 2332 1346 2387 prope
1401 2315 1663 2369 nucleum
1720 2318 1935 2369 cometw
1994 2314 2083 2366 lu-

443 2404 575 2460 cida
626 2404 758 2473 Ceti,
817 2405 1036 2460 Mentiar
1090 2404 1257 2473 dicta,
1318 2405 1466 2459 elare
1519 2402 1874 2473 resplenduit.
1937 2400 2086 2468 Qoud

443 2493 611 2549 etiam
643 2494 857 2558 Leodii,
902 2495 1193 2563 Olumucii,
1259 2491 1495 2558 Viennae,
1554 2493 1811 2558 Mantuae,
1861 2492 2085 2563 Pragee,

451 2584 739 2649 Lacernae,
775 2582 1022 2637 Tridenti
1050 2585 1148 2637 sub
1177 2583 1320 2636 idem
1354 2591 1558 2650 tempus
1588 2582 1932 2636 observatum
1988 2582 2083 2645 est,

456 2670 605 2726 Unde
632 2670 818 2741 gallici
843 2679 1017 2741 potest
1047 2679 1313 2725 cometam
1371 2670 1515 2724 hunc
1572 2685 1755 2724 carere
1802 2667 2089 2738 parallaxi

456 2758 711 2812 sensibili
738 2760 979 2829 adeoque
1011 2760 1145 2814 luna
1172 2760 1491 2827 inferiorem
1521 2774 1631 2813 non
1660 2773 1792 2812 esse.
1822 2756 1903 2827 [P.
1964 2755 2087 2824 455)

456 2849 733 2915 Quantum
762 2862 892 2902 vero
913 2864 1077 2917 supra
1109 2848 1299 2902 lunam
1345 2846 1586 2902 elevatus
1642 2845 1734 2909 sit,
1791 2845 1854 2900 ob
1906 2845 2089 2914 paral-

461 2936 682 2989 luxium
712 2934 1163 2990 incevtitudincm
1183 2935 1464 2991 evidenter
1483 2933 1856 2990 demonstrari
1875 2933 2086 3002 nequit.

455 3024 510 3088 6,
541 3024 596 3089 7,
628 3024 682 3089 8,
711 3024 766 3091 9,
802 3025 867 3078 10
897 3024 1157 3079 Januarii
1184 3041 1283 3095 per
1310 3028 1479 3093 caput
1512 3024 1623 3077 Ceti
1653 3022 1804 3074 tarde
1842 3036 2089 3090 progres-

452 3128 567 3178 sus,
603 3114 663 3166 11
697 3129 867 3183 pr0pe
924 3113 1229 3168 anteriores
1286 3113 1493 3166 Arieezs
1542 3108 1700 3181 pedes
1763 3109 2089 3178 comparuit,

452 3201 631 3256 cauda
654 3202 896 3257 breviore
916 3218 1102 3257 versus
1126 3202 1341 3256 oculum
1399 3200 1563 3253 Tauri
1625 3198 1961 3267 exporrecta.
2025 3197 2091 3249 12

453 3292 557 3346 Jan
598 3292 658 3344 in
687 3306 830 3357 genu
850 3290 1069 3345 Arietis.
1107 3290 1171 3343 13
1195 3294 1245 3343 et
1275 3287 1525 3358 deinceps
1554 3303 1725 3357 usque
1775 3286 1845 3339 ad
1902 3287 1936 3337 4
1988 3286 2089 3339 Fe-

460 3377 684 3432 bruarii
716 3379 919 3432 tentias
954 3380 1011 3432 in
1043 3377 1156 3432 dies
1194 3379 1341 3432 inter
1365 3381 1550 3447 pectus
1580 3375 1779 3429 Arietis
1808 3379 1857 3429 et
1894 3374 2094 3429 Linum

461 3465 617 3520 650
648 3467 893 3521 Piscium
917 3481 1258 3536 progressus,
1282 3481 1507 3535 corpore
1533 3464 1767 3518 multum
1798 3462 2094 3517 imminuto

462 3570 527 3608 ac
559 3559 800 3625 syrmate
854 3554 1089 3609 breviori
1144 3554 1372 3625 eﬂulsit.
1407 3554 1438 3607 4
1491 3554 1783 3607 Februarii
1826 3559 2096 3622 postremo

461 3641 755 3697 caudatum
784 3642 943 3697 licuit
973 3644 1358 3697 instrumentis
1388 3642 1693 3697 observare.
1734 3642 1880 3696 Visus
1914 3644 2099 3693 tamen

463 3745 629 3798 porro
660 3730 819 3786 nobis
849 3741 925 3786 est
954 3732 1111 3785 intar
1131 3731 1299 3786 stellw
1328 3730 1607 3786 nebulosae
1634 3731 1686 3793 5,
1726 3730 1781 3795 7,
1828 3728 1896 3781 10
1924 3731 1973 3781 et
2033 3728 2093 3780 11

473 3818 765 3873 Februarii
803 3820 948 3873 inter
976 3835 1181 3875 cornua
1225 3820 1421 3874 Arietis
1476 3823 1527 3874 et
1583 3819 1782 3872 Linum
1838 3813 2098 3869 Piscuim.

464 3915 727 3986 Deinceps
758 3932 882 3972 vero
913 3919 1079 3971 etiam
1107 3917 1175 3972 ab
1204 3918 1517 3971 acutissime
1547 3914 1854 3969 videntibae
1899 3914 2099 3980 depre-

466 4004 637 4059 hendi
667 4004 919 4075 amplius
959 4021 1069 4061 non
1125 4006 1317 4076 potuit.
1376 4007 1523 4059 Hlnc
1577 4012 1783 4057 constat
1838 4005 2102 4057 cometam

468 4094 615 4148 hunc
644 4096 949 4149 maximam
978 4110 1131 4149 zonae
1190 4092 1411 4149 torrida:
1464 4096 1678 4162 partem
1725 4091 2104 4161 perlustrasse,

470 4182 711 4253 adeoque
740 4182 949 4252 majori
976 4184 1187 4249 Africae
1218 4190 1266 4237 et
1297 4196 1515 4250 magna:
1559 4180 1703 4235 Asiw
1734 4196 1800 4233 ac
1837 4177 2109 4233 Armeniae

470 4270 639 4341 parti,
663 4287 967 4343 nunquam,
1010 4276 1191 4325 tamen
1211 4273 1454 4340 Europae
1478 4270 1793 4323 verticalem
1809 4266 2106 4321 incessisse.

468 4368 765 4424 Hactenus
797 4368 1317 4423 astronominostri
1340 4365 1830 4438 Ingolstadienses
1861 4364 1931 4417 de
1962 4362 2111 4433 prio-

467 4455 517 4509 ri
545 4460 788 4512 cometa.
821 4456 1110 4511 Posterior
1140 4456 1293 4510 circa
1322 4455 1441 4509 Kal.
1490 4452 1707 4525 Aprilis
1775 4450 2106 4506 ostentandi

2173 517 2495 591 pangendis
2520 533 2533 572 :

2247 662 2389 716 Cum
2408 675 2689 729 superum,
2725 656 3029 724 Francisce,
3063 657 3165 710 tibi
3214 657 3533 729 tribuuntur
3562 655 3821 723 honores,

2317 727 2605 786 Abscondit
2634 730 2883 783 tetricum
2902 736 3090 797 sponte
3120 732 3343 781 cometa
3363 727 3552 796 jubar.

2247 804 2458 868 Erigor
2486 800 2724 869 augurio
2758 815 2893 867 ;nec
2914 796 3038 869 jam
3066 802 3322 869 portenta
3342 796 3629 867 minasque

2321 874 2407 926 Tot
2438 868 2772 926 crinitarum
2804 868 2937 924 duco
2960 868 3207 924 timenda
3235 872 3443 937 focum.

2250 944 2593 996 Averruncus
2618 943 2767 996 adest
2796 956 3091 1007 noxarum,
3123 943 3173 994 et
3202 948 3391 993 sancta
3445 937 3695 993 sacerdos

2316 1014 2422 1079 Qui
2444 1028 2615 1067 novus
2636 1012 2959 1083 ingreditur
3007 1014 3252 1067 monstra
3281 1010 3491 1083 luenda
3510 1012 3645 1079 piat.

2249 1083 2405 1137 Some
2425 1085 2665 1151 animos,
2699 1080 2827 1138 caeti
2845 1085 3077 1151 spactris
3103 1083 3369 1136 exterrita
3395 1080 3561 1134 tellus
3584 1096 3603 1133 :

2320 1154 2446 1210 Stat
2472 1155 2585 1208 tibi
2612 1149 2766 1209 certa
2794 1149 2977 1218 salus,
3004 1155 3140 1209 dum
3172 1160 3312 1207 tenet
3342 1155 3499 1206 astra
3527 1149 3713 1205 Sales.

2248 1295 2309 1349 P.
2340 1292 2445 1348 229
2467 1298 2661 1349 Fatum
2700 1292 2879 1348 iriste.
2937 1292 3132 1348 Graece
3176 1291 3342 1364 μοῖρά
3389 1310 3471 1351 τις
3523 1286 3829 1361 δυστυχής.

2109 1390 2121 1403 ⁸
2179 1382 2299 1437 Fati
2331 1381 2571 1450 mentio,
2605 1382 2653 1436 si
2687 1381 2781 1436 cui
2812 1381 2917 1435 hoc
2950 1380 3073 1435 loco
3116 1385 3175 1435 et
3220 1380 3352 1435 aliis
3400 1379 3581 1450 hujus
3631 1378 3829 1449 operis

2179 1469 2471 1526 similibus
2498 1470 2767 1523 videatur
2822 1468 3005 1522 ullam
3046 1468 3392 1523 afﬁnitatem
3423 1468 3639 1522 habere
3688 1482 3822 1520 cum

2183 1574 2356 1631 pravo
2386 1562 2443 1613 et
2472 1557 2739 1611 haeretico
2789 1558 3061 1627 dogmate
3112 1555 3438 1611 libertatem
3500 1554 3827 1609 humanam

2184 1648 2277 1702 sui
2298 1650 2623 1716 compotem
2648 1650 2918 1715 negante,
2956 1644 3339 1714 rejiciendum
3368 1648 3523 1699 esset
3553 1658 3684 1697 cum
3716 1658 3827 1695 caa-

2187 1732 2325 1788 teris
2356 1734 2649 1787 erroribus
2671 1732 2850 1802 hujus
2881 1732 3202 1803 scriptoris.
3237 1732 3374 1788 Vide
3406 1748 3532 1803 qua
3591 1729 3829 1786 monui-

2192 1838 2323 1877 mus
2350 1822 2420 1875 ad
2455 1837 2510 1891 p.
2548 1821 2645 1873 104
2666 1823 2722 1874 et
2751 1836 2805 1889 p.
2842 1820 2962 1874 139.

2264 1910 2323 1963 Ρ.
2354 1910 2477 1963 251.
2512 1908 2707 1963 Oratio
2737 1907 3109 1979 imperatoris
3138 1908 3248 1963 hoc
3279 1906 3467 1979 capite
3493 1906 3675 1962 relata
3723 1906 3830 1961 ob-

2191 1997 2533 2053 scurissima
2565 1996 2622 2050 in
2657 1996 2850 2051 Graeco
2907 2000 3015 2050 est.
3056 1996 3388 2051 Vaticamus
3420 1994 3836 2067 paraphrastes

2194 2102 2296 2156 pro
2354 2102 2421 2140 ea
2468 2085 2621 2155 quod
2678 2084 2854 2138 voluit
2915 2086 3249 2155 supposuit.
3306 2085 3426 2155 Ego
3493 2085 3837 2153 conjectura

2193 2179 2447 2231 mentem
2470 2172 2746 2239 auctoris,
2781 2176 2846 2227 ut
2877 2188 3068 2242 spero,
3111 2176 3421 2227 assecutus
3452 2171 3667 2243 partim
3709 2188 3836 2225 ver-

2194 2262 2374 2326 sione,
2424 2258 2659 2331 partim,
2692 2258 2792 2314 ubi
2842 2258 3010 2314 aliter
3067 2276 3181 2314 non
3240 2258 3423 2329 potui,
3486 2258 3840 2331 paraphrasi

2195 2365 2323 2406 eam
2348 2348 2585 2418 exposui
2616 2364 2792 2418 quam
2818 2348 2977 2419 potui
3010 2347 3355 2403 clarissime.

2264 2442 2327 2491 P.
2348 2437 2473 2491 257.
2498 2438 2668 2491 Noctu
2706 2443 2821 2505 post
2850 2437 3014 2505 finem
3056 2434 3385 2506 hymnodite.
3437 2434 3607 2502 Nam,
3668 2439 3734 2490 ut
3786 2437 3841 2490 in

2197 2524 2489 2581 Glossario
2517 2523 2688 2578 verbo
2717 2522 3003 2585 ἀκάθιστος
3033 2524 3360 2593 innuimus,
3404 2527 3522 2578 tota
3582 2540 3699 2579 nox
3747 2542 3843 2595 pa-

2196 2613 2483 2678 triarchas,
2543 2610 2716 2681 clero,
2777 2612 3114 2681 imperatori
3163 2620 3215 2667 el
3268 2611 3483 2683 populo
3538 2612 3842 2667 stantibus

2198 2701 2296 2763 illo
2368 2702 2511 2755 festo
2561 2699 3031 2771 pervigilabatur,
3088 2700 3367 2755 continua
3436 2701 3841 2755 decantatione

2199 2789 2555 2862 psalmorum
2584 2792 2639 2842 et
2674 2788 3049 2859 hymnorum,
3082 2804 3209 2859 quas
3241 2792 3306 2843 ut
3334 2788 3571 2843 tandem
3605 2789 3720 2843 sub
3750 2789 3840 2842 di-

2201 2878 2463 2933 luculum
2523 2875 2716 2943 desiit,
2774 2876 2927 2930 hunc
2971 2875 3094 2931 loco
3153 2880 3210 2931 et
3267 2882 3527 2946 tempore
3607 2881 3840 2947 captato

2201 2969 2507 3022 accusator
2538 2963 2766 3019 Arsenii
2799 2963 3063 3019 libellum
3092 2963 3403 3020 delationis
3460 2963 3677 3019 obtulit
3726 2966 3839 3019 Au—

2206 3058 2395 3125 gusto.

2278 3143 2425 3197 ΒΜ
2463 3140 2523 3194 Ρ.
2554 3141 2681 3195 259.
2713 3139 2835 3194 Vox
2860 3136 3190 3192 ἐκκλείοιντο
3215 3140 3524 3195 emendata
3556 3156 3591 3194 a
3620 3155 3715 3195 me
3755 3141 3846 3195 est

2200 3248 2267 3287 ex
2300 3230 2656 3299 conjectura,
2680 3243 2813 3282 cum
2854 3228 2979 3282 cod.
3014 3228 3055 3282 Β
3111 3227 3348 3283 haberet
3407 3225 3737 3300 ἐγκλείοντο,
3798 3232 3840 3280 Α

2199 3336 2334 3373 vero
2362 3313 2720 3383 ἐκκλίνοιντο,
2752 3315 3095 3370 Vaticamue
3133 3332 3301 3387 porro
3358 3316 3625 3372 liberlate
3671 3316 3846 3371 solita

2204 3423 2309 3479 pro
2343 3422 2407 3460 eo
2438 3405 2611 3459 verbo
2644 3409 2884 3476 poneret
2913 3403 3334 3471 ἀποστήσονται.
3371 3404 3673 3461 Sententia
3710 3420 3846 3460 vero

2202 3495 2311 3551 loci
2344 3493 2650 3548 manifeste
2672 3491 2931 3563 postulat
2963 3489 3317 3545 ἐκχλείοιντο.

2280 3584 2336 3638 Ρ.
2367 3581 2490 3636 261.
2520 3583 2843 3652 Imperatori
2870 3581 3049 3636 tribui
3070 3582 3385 3652 principem
3415 3582 3594 3637 locum
3650 3582 3712 3635 in
3768 3596 3853 3635 co-

2204 3673 2450 3744 gnitione
2480 3686 2668 3724 rerum
2696 3671 3363 3726 ecclesiasticarum.Jam
3386 3669 3658 3725 monuiin
3678 3669 3847 3725 Glos-

2207 3760 2361 3815 sario
2375 3759 2547 3814 verbo
2561 3756 2751 3827 ἑπιστη
2764 3763 3051 3831 μονάρχης
3065 3759 3457 3831 cognitionem
3490 3760 3661 3815 istam
3704 3758 3853 3814 meri

2206 3850 2327 3905 fere
2356 3848 2702 3912 testimonii,
2739 3865 2851 3902 non
2870 3847 3306 3917 jurisdictionis
3324 3851 3427 3903 aut
3448 3847 3718 3903 decisivae
3749 3863 3853 3917 po-

2209 3936 2439 3993 testatis
2468 3951 2617 3991 esse.
2652 3936 2746 3990 Sic
2778 3937 2931 3990 enim
2963 3935 3387 3991 Constantinus
3407 3939 3651 4007 Magnus
3672 3936 3849 3990 Nice-

2212 4042 2323 4092 nae,
2341 4023 2669 4079 Marcianus
2690 4023 3165 4078 Cbalcedomensi
3179 4063 3192 4087 ,
3207 4023 3304 4077 alii
3323 4023 3853 4096 aliisimperatores

2212 4111 2449 4184 synodis
2480 4110 2944 4177 intervenerunt,
2971 4110 3169 4165 missis
3191 4110 3393 4178 etiam,
3418 4128 3553 4166 cum
3576 4112 3856 4167 interesse

2216 4201 2324 4271 ipsi
2360 4216 2474 4255 non
2508 4203 2793 4270 poterant,
2814 4198 3099 4270 delegatis
3130 4215 3161 4253 a
3183 4215 3246 4254 se
3273 4223 3286 4265 ;
3314 4200 3468 4270 quod
3496 4199 3554 4254 in
3583 4200 3856 4255 recentio-

2216 4290 2380 4343 ribus
2398 4303 2625 4357 quoque
2642 4285 2925 4356 conciliis,
2968 4291 3108 4357 puta
3137 4286 3498 4352 Tridentino,
3559 4292 3851 4343 servatum

2220 4376 2461 4439 scimus,
2495 4380 2559 4429 ut
2587 4374 2648 4429 in
2679 4391 2745 4429 eo
2776 4374 2986 4445 legatis
3015 4374 3410 4446 imperatoris,
3432 4391 3638 4447 regum
3666 4393 3734 4431 ac
3753 4393 3852 4431 caa-

2218 4470 2473 4520 terorum
2506 4463 2835 4534 principum
2871 4463 3260 4532 saecularium,
3294 4463 3459 4519 locus
3501 4464 3858 4522 tribueretur

473 4544 566 4599 sui
609 4545 746 4599 fecit
774 4545 1006 4599 initium
1040 4546 1328 4599 contrario
1362 4543 1539 4613 priori
1572 4544 1773 4597 exortu
1816 4544 1872 4594 et
1928 4542 2111 4608 motu,
2145 4530 2191 4595 D
2222 4571 2335 4609 non
2368 4530 2655 4622 cum—jure
2699 4530 2931 4606 —ferendi
2992 4554 3063 4606 ad
3120 4530 3466 4607 ἀίοίέίοηθω
3519 4554 3856 4623 ἀοεωειαω

474 4632 662 4687 cauda
690 4631 938 4703 longiori
971 4632 1365 4702 densiorique,
1394 4632 1465 4686 de
1505 4647 1620 4701 quo
1670 4628 1919 4683 videnda
1974 4642 2100 4697 qua:

473 4736 607 4774 cum
643 4720 738 4774 alii
770 4720 906 4776 alibi
930 4720 1035 4775 viri
1068 4721 1557 4787 doctissimi,tum
1581 4720 1756 4774 iidem
1783 4717 1945 4788 prius
1979 4731 2104 4769 me-

473 4810 686 4863 morati
716 4809 989 4864 Cassinus
1028 4811 1240 4875 Romae,
1276 4810 1610 4877 Grandamy
1644 4812 1841 4862 noster
1869 4803 2106 4859 Parisiis

470 4896 534 4951 in
568 4897 749 4951 lucem
782 4896 1107 4951 ediderunt.
1143 4896 1321 4951 Desiit
1362 4912 1637 4967 apparere
1662 4912 1694 4949 a
1741 4893 1861 4949 sole
1911 4893 2109 4948 absor-

469 4989 605 5055 ptus
639 4984 870 5039 circiter
901 4984 1055 5038 diem
1092 4984 1156 5037 l9
1188 4984 1429 5055 Aprilis,
1463 5000 1578 5053 quo
1624 4983 1713 5035 die
1744 4997 1873 5035 eum
1932 4980 1984 5034 S.
2044 4984 2109 5033 D.

467 5074 536 5128 N.
571 5072 896 5129 Alexander
927 5074 1027 5129 VII
1067 5074 1159 5129 hic
1194 5077 1385 5129 Romae
1446 5075 1504 5127 in
1558 5070 1803 5127 Basilica
1848 5070 1906 5123 S.
1962 5068 2113 5124 Petri

466 5164 909 5220 solemnissima
936 5166 1283 5219 caeremonia
1314 5166 1371 5219 B.
1406 5162 1779 5218 Franciscum
1830 5160 1899 5213 de
1953 5158 2114 5213 Sales

475 5272 505 5311 e
526 5256 829 5326 piscopum
862 5254 1256 5309 Genevensezn
1290 5254 1396 5307 ritc
1418 5256 1752 5306 sanctorum
1776 5249 1905 5303 albo
1937 5247 2112 5302 ascri-

481 5344 717 5418 psisset,
748 5343 872 5397 visa
904 5342 1046 5397 mihi
1082 5347 1170 5397 est
1200 5343 1319 5395 hinc
1372 5337 1631 5412 συγκυρία
1686 5338 1817 5393 novi
1874 5337 2115 5407 indigeti

480 5450 755 5505 superum
796 5431 989 5486 choris
1023 5431 1224 5485 inserti
1257 5435 1313 5484 et
1342 5428 1740 5484 evanescentis
1762 5432 1995 5483 cometaa
2024 5444 2115 5481 aro

482 5526 829 5592 gumentum
858 5537 970 5574 non
1003 5518 1309 5589 illepidum
1341 5518 1801 5589 epigrammatis,
1821 5520 1877 5571 et
1906 5517 2116 5571 remis-

486 5626 579 5665 me
609 5609 855 5663 libenter
883 5624 913 5662 e
954 5608 1192 5663 tristitia
1215 5623 1455 5663 morosaa
1483 5606 1881 5679 occupationis
1904 5606 1961 5659 in
2002 5621 2116 5661 non

2210 4640 2498 4711 suffragii,
2531 4641 2632 4695 sed
2662 4644 2725 4694 ut
2745 4644 2923 4695 testes
2944 4645 3141 4695 essent
3162 4645 3423 4695 actorum
3443 4641 3738 4713 primique
3768 4658 3855 4698 co-

2215 4731 2564 4800 gnoscerent
2583 4727 2876 4797 vulganda
2898 4730 3273 4798 postmodum
3301 4728 3359 4782 in
3386 4728 3656 4800 populos.
3681 4731 3858 4785 inte--

2217 4817 2445 4887 rimque
2475 4815 2816 4870 auctoritate
2850 4832 2913 4869 ac
2945 4820 3231 4886 potestate
3260 4816 3574 4888 principali
3618 4818 3854 4874 liberta-

2218 4908 2360 4969 tem,
2392 4903 2783 4970 securitatem,
2809 4902 2994 4957 otium
3016 4904 3464 4959 decernentibus
3484 4906 3755 4962 Patribus
3778 4908 3859 4961 fa-

2222 4996 2434 5047 cerent.
2468 4991 2561 5046 Sic
2591 4991 2648 5044 in
2682 4990 2987 5045 collatione
3012 4991 3479 5062 Carthaginensi,
3522 4994 3623 5048 ubi
3683 5010 3858 5049 causa

2222 5080 2652 5135 Donatistarum
2686 5080 3070 5145 tractabatur,
3103 5096 3227 5134 cum
3284 5080 3551 5152 episcopis
3582 5081 3863 5150 ingressus

2223 5178 2300 5225 est
2327 5169 2525 5236 (verba
2554 5170 2693 5221 sunt
2722 5167 2997 5236 epitomas
3029 5167 3364 5223 Baroinanaa
3388 5171 3683 5239 Spondani
3720 5186 3857 5224 ann.

2225 5258 2324 5311 411
2352 5274 2409 5310 n.
2442 5257 2495 5325 4)
2526 5256 2693 5309 etiam
2744 5255 3093 5309 Marcellinus
3149 5256 3209 5309 in
3268 5256 3444 5310 locum
3496 5257 3567 5311 ad
3611 5258 3861 5313 collatio-

2226 5362 2349 5400 nem
2369 5348 2648 5415 paratum,
2682 5342 2778 5413 qui
2805 5344 3029 5413 quidem
3050 5359 3159 5399 nou
3176 5344 3358 5399 solum
3402 5344 3658 5401 tribunus
3708 5345 3861 5401 mili-

2227 5434 2363 5489 taris
2391 5438 2531 5499 erat,
2554 5431 2644 5486 sed
2673 5434 2723 5485 et
2752 5433 3031 5497 notarius,
3066 5431 3164 5487 hoc
3208 5435 3287 5485 est
3341 5449 3375 5486 a
3426 5433 3644 5488 secretis
3686 5435 3857 5504 impe-

2226 5520 2451 5587 ratoris,
2484 5524 2543 5574 ut
2570 5523 2790 5575 constat
2809 5536 2884 5575 ea:
2904 5521 3062 5575 titulo
3086 5518 3331 5589 epistolae
3355 5521 3745 5576 cotlwlicorum
3791 5521 3860 5575 ad

2225 5610 2409 5680 ipsum
2431 5618 2556 5665 ante
2582 5608 2937 5667 collationem
2963 5612 3207 5681 scriptae.
3238 5613 3348 5667 Nec
3400 5615 3588 5665 tamen
3643 5609 3705 5667 in
3760 5611 3825 5667 ξι.
