4146 6288
336 346 477 404 1113

1919 350 2147 406 ΝΟΤΒ.

3583 342 3723 398 1114

336 471 637 526 collatione
672 471 880 542 judicis
937 471 1264 543 simpliciter
1306 472 1401 528 sed
1446 472 1741 541 cognitoris
1781 486 1980 526 nomen
2009 472 2063 539 Α
2093 473 2152 528 in
2185 473 2332 529 serie
2362 471 2825 545 patriarcharum
2858 471 3210 527 Graecorum.
3237 469 3375 523 Eam
3398 470 3725 522 Germanus

335 576 456 631 prae
479 577 539 617 se
565 563 715 618 tulit.
757 564 836 617 Ita
868 562 1018 619 enim
1047 564 1343 619 nominare
1371 564 1645 617 consuevit
1674 563 1982 632 antiquitas

336 649 556 719 judice:
595 651 913 713 saeculares,
948 666 1177 720 quorum
1219 651 1453 706 arbitrio
1502 658 1698 705 cuncta
1727 649 1980 719 dispone-

339 742 557 804 rentur,
586 736 681 792 sed
701 740 781 793 ita
812 741 871 792 ut
897 740 1172 807 integrum
1203 738 1472 793 indicium
1501 739 1765 809 episcOpis
1810 738 1978 791 retin-

339 829 588 895 querent,
618 841 719 879 nec
747 825 962 896 aliquid
987 826 1094 896 ipsi
1126 828 1238 881 sibi
1268 830 1599 897 usurparent
1617 827 1730 880 nisi
1750 826 1892 896 quod
1913 824 1983 878 ad

336 928 527 983 pacem
558 928 623 967 ac
670 916 917 984 quietum
966 930 1317 983 congressum
1346 915 1665 983 pertineret,
1714 917 1874 982 utque
1922 915 1982 967 in

339 1001 587 1056 omnibus
631 1012 798 1071 pacta
844 1007 1107 1057 conventa
1158 1009 1633 1065 conservarentur,
1682 1002 1739 1054 in
1781 1000 1979 1070 quibus

340 1088 449 1143 rite
478 1090 803 1145 ordinandis
849 1090 1025 1145 eidem
1068 1089 1479 1161 intertoquendi
1520 1092 1754 1160 facultas
1799 1091 1979 1149 esset;

339 1180 500 1247 atque
551 1178 766 1233 demum
794 1181 950 1249 cujus
992 1180 1320 1235 alterutrius
1362 1180 1540 1248 partis
1586 1177 1807 1244 potiora
1851 1178 1979 1246 jura

339 1273 535 1332 essent,
566 1281 635 1320 ex
662 1282 817 1336 sequo
840 1269 1202 1336 pronuntiare
1231 1267 1513 1322 deberent.
1552 1267 1615 1322 Ut
1646 1268 1718 1320 de
1748 1265 1833 1319 his
1862 1282 1978 1320 om-

340 1352 510 1407 nibus
539 1363 750 1409 eonstat
778 1371 901 1409 cum
929 1370 1000 1409 ea:
1024 1355 1159 1425 ipsis
1190 1354 1326 1409 actis
1340 1354 1623 1425 praesentis
1643 1352 1982 1421 collationis,

337 1442 456 1493 tum
488 1455 560 1495 ea:
602 1443 739 1497 aliis
787 1443 1129 1498 diversarum
1176 1442 1527 1512 synodorum,
1576 1458 1639 1496 ac
1673 1442 1984 1512 praesertim

336 1528 810 1584 accummicarum
876 1533 1063 1600 gestis.
1137 1532 1221 1585 Ita
1267 1530 1549 1585 Baronius
1592 1530 1745 1601 apud
1809 1544 1981 1583 suum

342 1616 802 1686 epitomatorem.
838 1619 915 1673 Ex
946 1619 1161 1689 quibus
1191 1618 1375 1673 cuivis
1409 1634 1537 1673 esse
1561 1618 1796 1689 planum
1830 1623 1985 1687 pote-

340 1706 417 1759 rit
447 1706 736 1777 qualenus
767 1723 828 1762 se
858 1709 1131 1764 extendat
1162 1707 1281 1762 haec
1307 1704 1799 1780 ἑπιστημοναρχία,
1827 1706 1983 1775 prin-

340 1809 476 1864 ceps
499 1794 754 1865 cognitio
791 1812 981 1850 rerum
1017 1795 1543 1851 ecclesiasticarum
1576 1795 1741 1850 laicis
1772 1793 1984 1865 princi-
2014 1825 2061 1889 B

2086 561 2639 630 Adrianopolilanus
2680 559 2961 615 successit
2996 558 3260 622 Arsenio,
3297 554 3573 611 Arsenius
3604 558 3725 610 Ma-

2088 649 2269 716 nueli,
2301 649 2529 704 Mauuel
2572 648 2887 711 Methodio,
2911 646 3239 701 Methodius
3259 644 3547 699 Germano
3571 642 3724 699 Nau-

2090 737 2226 807 plio.
2259 737 2425 791 Hunc
2458 737 2652 805 potius
2684 741 2748 790 ut
2779 734 2870 790 hic
2902 733 3067 789 innui
3101 737 3299 803 putem
3332 747 3506 801 quam
3540 729 3723 784 alium

2090 824 2257 893 longe
2271 824 2681 893 antiquiorem,
2702 831 2969 878 sanclum
2985 822 3342 876 Germanum
3358 818 3592 889 scriptis
3606 817 3723 871 edi-

2092 913 2165 965 tis
2186 918 2430 976 motum,
2459 911 2554 981 qui
2580 928 2732 966 anno
2753 910 3083 966 Cbristi7l4
3106 907 3225 962 Kal.
3255 907 3499 978 Augusti
3519 904 3723 959 Joanni

2089 1000 2729 1071 ConstantinOpolitano
2780 997 3119 1069 patriarchas
3170 996 3468 1059 successit,
3521 994 3728 1049 suadet

2089 1088 2431 1157 adjunctum
2479 1085 2801 1160 μακαρίτης,
2841 1088 2994 1158 quod
3028 1087 3099 1141 de
3137 1084 3383 1139 mortuis
3412 1100 3524 1138 non
3559 1086 3723 1137 vetu-

2090 1175 2363 1230 stissimae
2398 1176 2689 1230 memorias
2722 1192 2755 1229 a
2785 1175 3001 1230 Graecis
3026 1176 3367 1243 usurpatur.

2161 1265 2220 1318 P.
2244 1264 2369 1317 296.
2403 1262 2493 1330 Μή
2528 1260 2660 1335 ἅψῃ,
2689 1262 2763 1334 μὴ
2798 1259 2968 1335 θῖγῃς.
2994 1261 3185 1316 Verba
3206 1264 3344 1315 sunt
3364 1276 3429 1314 ex
3462 1260 3520 1315 S.
3544 1258 3725 1314 Paulo

2091 1352 2161 1406 ad
2195 1349 2410 1406 Coloss.
2464 1369 2511 1405 c.
2548 1369 2608 1420 ιι,
2640 1369 2692 1405 v.
2740 1354 2830 1416 21,
2864 1367 2989 1421 quae
3034 1349 3215 1404 Graeci
3250 1347 3616 1419 usurpabant
3665 1346 3724 1400 in

2093 1439 2496 1495 occasionibus
2528 1440 2858 1494 aversanda!
2880 1437 3314 1493 communionis
3344 1452 3545 1491 eorum
3578 1451 3723 1505 quos

2090 1526 2471 1582 heterodoxos
2539 1532 2640 1582 aut
2678 1526 3084 1582 schismaticos
3147 1526 3449 1597 putabant.
3498 1524 3722 1593 Saepius

2094 1620 2455 1687 usurpantur
2498 1616 2555 1671 in
2589 1615 2695 1670 hac
2745 1615 3020 1683 historia;
3054 1615 3124 1669 de
3165 1630 3280 1684 quo
3311 1612 3486 1668 semel
3519 1613 3722 1667 admo-

2093 1704 2293 1757 nuisse
2320 1705 2464 1758 satis
2496 1705 2683 1758 visum
2716 1708 2824 1759 est.

2163 1795 2225 1844 P.
2258 1791 2381 1845 304.
2416 1791 2521 1846 Illa
2551 1792 2745 1847 Graeca
2774 1791 2947 1845 verba
2976 1789 3073 1841 ὅσα
3101 1788 3189 1842 καὶ
3220 1785 3478 1861 ἀσφαλῶς
3510 1784 3724 1855 ἀποφή-

342 1882 517 1952 pibus
547 1899 824 1939 concessa
852 1900 954 1955 per
974 1900 1227 1940 canones
1259 1888 1315 1938 et
1345 1885 1661 1955 antiquum
1690 1898 1882 1951 usum,
1911 1883 1981 1937 de
2014 1876 2059 1889 ”
2086 1880 2295 1949 vacillat,
2339 1894 2463 1950 quae
2491 1896 2679 1935 secure
2708 1878 3139 1945 ostenderentur,
3190 1882 3487 1947 utcunque
3519 1876 3724 1930 Latina

342 1984 460 2039 qua
492 1970 583 2026 hic
614 1971 852 2027 mentio.

416 2077 472 2131 P.
521 2078 645 2131 272.
681 2078 784 2133 Cui
808 2094 865 2133 se
896 2080 1077 2146 ipsum
1122 2096 1291 2134 manu
1341 2081 1569 2152 propria
1616 2078 1981 2134 Athanasium

341 2165 720 2235 inscripserat.
753 2166 1110 2222 Athanasius
1137 2184 1349 2222 nomen
1376 2174 1499 2223 erat
1520 2168 1674 2239 quod
1698 2166 1979 2222 Androni-

342 2267 446 2307 cus
471 2252 580 2307 iste
610 2253 919 2309 Sardensis
942 2255 1252 2326 episcopus
1278 2260 1699 2325 assumpserat,
1738 2272 1867 2310 cum
1888 2256 1981 2309 ab-

343 2340 532 2396 dicato
575 2342 913 2413 episcopatu
948 2343 1337 2397 monasticum
1372 2343 1638 2398 habitum
1690 2344 1980 2411 induerat,

343 2434 517 2498 prout
548 2430 819 2501 superius
869 2435 1168 2484 narratum
1212 2434 1299 2485 cst
1346 2448 1395 2485 c.
1444 2431 1575 2485 181.
1624 2449 1661 2485 ιι
1717 2432 1887 2486 Porro
1932 2430 1981 2485 is

345 2522 677 2587 speraverat
704 2517 828 2571 ﬁeri
862 2533 1029 2588 posse
1052 2520 1137 2583 ut,
1170 2535 1287 2573 sua:
1305 2518 1475 2573 istius
1501 2519 1833 2574 monasticae
1852 2535 1981 2591 pro-

347 2604 618 2660 fessionis
672 2604 893 2660 abolita
942 2606 1240 2672 memoria,
1290 2607 1348 2661 in
1391 2611 1621 2672 coetum,
1676 2612 1739 2662 ut
1779 2608 1983 2679 prius,

346 2693 684 2764 episcopum
736 2693 1147 2748 admitteretur
1200 2710 1213 2747 :
1269 2710 1371 2749 nec
1435 2696 1588 2749 enim
1642 2699 1765 2749 erat
1818 2695 1985 2749 facile

347 2796 466 2834 rem
499 2781 608 2835 sub
640 2779 839 2850 paucis
858 2784 1043 2834 actam
1068 2782 1313 2836 testibus
1338 2782 1601 2852 probare.
1626 2782 1835 2837 Verum
1861 2799 1987 2853 pro-

351 2865 467 2921 lata
492 2868 738 2938 epistola
768 2884 943 2938 quam
978 2868 1164 2939 ipsius
1204 2885 1331 2924 esse
1366 2874 1504 2924 nota
1536 2886 1746 2924 manus
1778 2870 1984 2940 prode-

352 2961 457 3020 ret,
511 2956 679 3027 cujus
730 2957 882 3012 652
946 2956 1006 3011 in
1054 2956 1225 3011 titulo
1284 2973 1445 3011 more
1501 2958 1743 3029 antiquo
1808 2974 1982 3013 suum

351 3044 731 3115 praescribens
754 3060 966 3099 nomen
998 3045 1384 3100 Athanasium
1406 3062 1468 3099 se
1495 3045 1618 3117 ipse
1641 3062 1743 3116 pro
1765 3048 1984 3101 Andro-

344 3134 473 3188 nico
505 3136 830 3200 vocaverat,
852 3136 1263 3204 argumentum
1289 3133 1345 3187 id
1371 3134 1765 3204 irret'ragabile
1795 3134 1982 3189 visum

345 3220 730 3276 monachatus
762 3220 1097 3287 Andronici,
1130 3220 1217 3275 cui
1256 3238 1357 3276 nec
1388 3220 1513 3291 ipse
1546 3221 1643 3293 qui
1677 3222 1725 3276 ei
1759 3222 1987 3276 favebat

342 3309 673 3381 patriarcha
692 3308 961 3363 resistere
983 3325 1183 3374 ausus,
1208 3314 1481 3365 conatum
1504 3308 1732 3364 remisit
1739 3309 1985 3379 juvandi

343 3398 490 3466 ejus,
525 3396 623 3467 qui
654 3413 762 3451 sua
787 3412 847 3451 se
878 3396 1006 3467 ipsa
1036 3398 1326 3468 scriptura
1354 3398 1733 3452 convinceret.

416 3506 479 3555 P.
527 3502 653 3555 281.
704 3502 945 3556 Sinistra
988 3502 1054 3557 de
1102 3502 1368 3558 Germano
1417 3503 1639 3559 iudicia.
1692 3508 1810 3558 Hoc
1859 3502 1983 3559 loco

346 3590 730 3661 Pacbymeres
774 3590 923 3645 inter
955 3592 1385 3647 enumerandas
1431 3593 1544 3646 odii
1580 3592 1879 3664 popularis
1922 3592 1983 3647 in

347 3679 701 3733 Germanum
731 3694 940 3732 causas
955 3694 1133 3731 unam
1157 3695 1221 3733 ex
1246 3679 1551 3749 praecipuis
1573 3681 1807 3749 omittit,
1826 3681 1982 3751 quod

347 3767 473 3839 paci
500 3764 889 3820 Ecclesiarum
913 3765 1192 3832 studeret,
1218 3766 1371 3821 unde
1395 3768 1761 3837 postmodum
1784 3769 1854 3821 ab
1877 3768 1984 3822 im-

346 3857 612 3925 peratore
657 3852 901 3907 Romam
944 3852 1172 3923 legatus
1221 3853 1514 3924 negotium
1558 3854 1983 3925 concordite;ibi

348 3941 616 4009 confecit,
664 3944 836 4011 prout
889 3940 1097 3995 Noster
1137 3946 1332 3995 narrat
1399 3958 1454 4012 p.
1501 3941 1623 3996 384.
1678 3944 1864 4008 Quare
1911 3943 1980 3996 ad

346 4030 454 4085 hoc
477 4034 660 4084 totum
681 4028 1107 4084 conciliationis
1122 4029 1390 4085 Ecclesia:
1410 4034 1614 4084 Graecas
1634 4048 1766 4086 cum
1784 4031 1985 4085 Latina

346 4118 645 4188 negotium
678 4116 763 4172 vel
797 4117 1116 4188 plurimum
1141 4117 1265 4189 ipse
1291 4118 1553 4173 contulit.
1586 4118 1667 4189 [P.
1692 4120 1815 4189 457]
1838 4119 1981 4173 Nam

346 4210 403 4259 et
434 4206 493 4261 in
519 4204 763 4260 concilio
808 4206 1176 4277 Lugdunensi
1201 4207 1551 4278 comparuit,
1577 4212 1641 4262 ut
1662 4208 1720 4261 in
1745 4208 1869 4277 ejus
1891 4223 1984 4262 sa-

346 4311 454 4349 cras
498 4293 869 4349 moumenicaa
901 4294 1106 4365 synodi
1161 4296 1314 4350 Actis
1368 4300 1607 4351 notatur
1653 4313 1776 4352 sese
1807 4300 1984 4351 Porro

346 4388 657 4454 antequam
709 4382 779 4437 ad
823 4382 942 4436 hinc
994 4383 1390 4450 adhiberetur,
1436 4384 1769 4439 observerat
1817 4385 1982 4440 vide-

343 4470 477 4526 licet
503 4471 821 4543 imperator
844 4471 1294 4541 propensionem
1326 4473 1453 4541 ejus
1482 4473 1552 4526 ad
1588 4472 1844 4540 Latinos,
1875 4474 1982 4527 ob-

347 4563 719 4615 servaverant
768 4563 826 4614 et
857 4558 978 4628 alii,
1031 4560 1129 4630 qui
1181 4561 1397 4616 addicti
1448 4561 1750 4617 schismati
1802 4562 1873 4616 ob
1923 4561 1981 4615 id

347 4648 540 4719 ipsum
572 4665 704 4703 cum
734 4647 989 4717 pessime
1012 4648 1255 4703 oderant
1277 4653 1332 4704 et
1361 4649 1548 4704 eidem
1572 4653 1776 4721 postea
1804 4649 1987 4719 impu-

348 4740 549 4791 tarunt
568 4736 853 4822 quidquid
886 4737 943 4789 in
970 4734 1076 4792 hoc
1099 4752 1303 4805 genere
1324 4742 1522 4792 contra
1563 4754 1763 4793 eorum
1784 4742 1982 4793 votum

350 4824 609 4894 contigit.
639 4826 977 4891 Anonymus
1010 4824 1286 4895 ineditus,
1323 4827 1490 4896 cujus
1523 4827 1850 4897 exemplum
1884 4842 1982 4881 ex-

348 4915 467 4964 stat
496 4911 647 4981 apud
674 4910 757 4963 ill.
814 4910 1097 4966 Allatium
1130 4914 1188 4967 in
1223 4930 1395 4984 opere
1425 4916 1500 4969 De
1526 4915 1983 4970 translationibus

347 5000 745 5067 episc0porum,
800 4997 1011 5067 spiritu
1071 5000 1443 5056 schismatico
1501 5007 1800 5069 aestuans,
1864 5003 1981 5058 haec

347 5084 581 5141 scribit:
621 5082 1209 5157 ὉἈδριανουπὸλεως
1257 5088 1547 5163 Γερμανός,
1589 5090 1615 5143 ὁ
1665 5091 1980 5159 ἐπικληθεὶς

348 5172 747 5245 Μαλχουτζᾶς,
806 5172 866 5232 ’ὸς
922 5173 1009 5225 καὶ
1071 5172 1410 5251 λατινὸφρων
1465 5177 1648 5252 γέγονε
1701 5178 1789 5231 καὶ
1845 5179 1983 5232 κατὰ

344 5266 453 5316 τῶν
499 5255 730 5315 εὐσεϐῶν
770 5257 1011 5331 διωγμὸν
1065 5260 1278 5332 ἐκίνησε
1330 5265 1514 5338 μέγαν.
1561 5268 1981 5339 Adrianopoleos

349 5351 664 5418 Germanus,
704 5355 1068 5422 cognomento
1119 5351 1471 5424 Malchutms,
1502 5358 1596 5427 qui
1624 5359 1673 5410 et
1700 5373 1824 5411 cum
1870 5357 1979 5412 La-

346 5439 484 5497 tinis
525 5438 696 5495 sensit
726 5440 775 5494 et
799 5444 999 5494 contra
1022 5441 1144 5510 pios
1183 5444 1387 5512 (immo
1419 5444 1629 5515 impios
1650 5444 1982 5500 schismati-

347 5532 470 5597 cos)
498 5530 933 5599 persecutionem
960 5533 1128 5583 movit
1158 5546 1431 5601 magnam.

418 5617 479 5674 Ρ.
507 5618 615 5674 282
661 5616 925 5676 Germani
969 5616 1221 5675 alterius.
1258 5618 1385 5676 Fuit
1426 5619 1521 5676 hic
1550 5624 1703 5678 retro
1736 5619 1980 5691 quintus

2089 1969 2337 2023 reddens
2381 1968 2675 2041 expressi:
2708 1973 2870 2023 erant
2917 1968 3069 2023 enim
3100 1966 3157 2021 in
3208 1974 3452 2036 utroque
3500 1965 3720 2033 optimo

2089 2058 2306 2129 codice,
2351 2058 2488 2114 licet
2518 2076 2583 2113 ea
2613 2059 2951 2126 Vaticanus,
2987 2062 3049 2112 ut
3093 2056 3364 2128 pleraque
3395 2072 3509 2109 non
3546 2053 3721 2109 intel-

2089 2144 2239 2201 lecta
2269 2147 2403 2214 sibi,
2447 2146 2703 2201 transiit.
2736 2147 3014 2201 Caeterum
3046 2146 3228 2200 fateor
3260 2161 3349 2199 me
3376 2143 3531 2198 haud
3573 2142 3721 2197 satis

2091 2235 2383 2307 percipere
2414 2235 2551 2305 quid
2573 2233 2774 2290 velint.
2804 2233 2925 2288 Nisi
2957 2233 3097 2288 forte
3130 2233 3459 2304 signiﬁcent
3485 2231 3720 2287 Germa-

2092 2340 2231 2377 num
2285 2322 2602 2377 liheraliter
2640 2322 2839 2393 largiri
2902 2322 3137 2376 solitum
3181 2320 3487 2391 egentibus
3536 2336 3603 2374 ex
3648 2318 3722 2373 iis

2093 2427 2222 2481 quae
2268 2412 2325 2465 in
2359 2428 2564 2465 manus
2602 2414 2658 2465 et
2690 2415 3035 2481 potestatem
3082 2410 3207 2478 ejus
3238 2409 3565 2475 veniebant,
3608 2406 3722 2461 nisi

2090 2499 2231 2553 talia
2262 2503 2457 2554 essent
2490 2515 2613 2570 quas
2648 2498 3016 2570 pecularibus
3043 2515 3110 2552 ex
3141 2497 3336 2552 causis
3365 2498 3614 2552 donasse
3638 2496 3723 2549 in-

2090 2587 2380 2643 vidiosum
2416 2592 2590 2643 esset.
2622 2588 2768 2642 Puta
2790 2588 2837 2641 si
2870 2604 3001 2640 cum
3024 2586 3144 2657 ipse
3166 2586 3474 2657 episcopus
3507 2588 3607 2639 aut
3629 2601 3725 2655 pa-

2092 2676 2347 2731 triarcha
2378 2677 2504 2741 fuit,
2536 2694 2603 2731 ex
2634 2676 3031 2731 oblationibus
3053 2676 3123 2730 ad
3155 2692 3216 2729 se
3245 2674 3453 2729 delatis
3471 2690 3539 2728 ea
3561 2674 3726 2727 daret

2093 2766 2491 2820 consumenda
2521 2766 2674 2821 653
2724 2765 3105 2836 pauperibus,
3147 2763 3419 2839 quaequi
3450 2762 3725 2817 offerrent

2095 2854 2347 2924 appendi
2376 2853 2551 2908 tholis
2585 2854 2768 2909 sacris
2801 2858 2899 2907 aut
2930 2853 2987 2906 in
3021 2852 3297 2907 thesauro
3329 2850 3728 2906 ecclesiastico

2095 2942 2315 2997 servari
2345 2942 2688 3009 voluissent,
2724 2941 2966 2997 moleste
2996 2940 3169 2996 laturi
3201 2942 3250 2997 si
3281 2957 3347 2996 ea
3380 2940 3486 2995 teri
3528 2940 3715 2994 mani-

2094 3030 2205 3085 bus
2236 3035 2291 3085 et
2320 3030 2582 3085 consumi
2619 3047 2728 3085 usu
2760 3034 3056 3101 egentium
3087 3030 3372 3085 viderent.

2165 3121 2226 3172 P.
2261 3119 2383 3174 311.
2419 3114 2819 3190 Μαρυανδηνοῦ
2880 3118 3247 3191 θρηνητῆρος.
3288 3117 3575 3173 Alludunt
3603 3117 3725 3172 haec

2096 3205 2367 3277 adagium
2400 3211 2587 3273 vetus,
2617 3208 2786 3276 cujus
2819 3206 3033 3261 mentio
3056 3208 3120 3260 fit
3148 3222 3315 3260 versu
3348 3206 3453 3259 686
3468 3210 3724 3260 Stroma-

2096 3293 2168 3347 tei
2194 3294 2631 3364 proverbiorum
2654 3294 3029 3366 antiquorum
3054 3296 3205 3365 apud
3229 3295 3512 3349 Andream
3529 3293 3725 3348 Schot-

2091 3386 2215 3436 tum
2248 3387 2515 3437 nostrum
2557 3382 2615 3437 in
2648 3382 2983 3437 collectione
3033 3383 3361 3437 Graecorum
3410 3381 3724 3436 Parmmia-

2093 3474 2339 3525 starurn.
2373 3469 2589 3525 Versus
2621 3470 2737 3525 illic
2768 3471 2850 3525 sic
2881 3475 3086 3526 sonat:

2338 3623 2741 3700 Μαρυανδηνῶν
2787 3627 3033 3700 μέμνησο
3073 3626 3473 3703 Θρηνητηρίων.

2163 3770 2336 3841 Origo
2368 3770 2512 3825 forte
2543 3770 2734 3841 adagii
2767 3770 2873 3826 fuit
2902 3772 3056 3842 quod
3080 3772 3234 3843 apud
3266 3771 3423 3825 illam
3459 3771 3721 3840 Maryan'

2092 3859 2375 3913 denorum
2400 3864 2631 3928 gentem
2651 3859 2854 3913 funera
2874 3860 3247 3915 ambitiosius
3268 3860 3719 3927 celebrarentur,

2090 3946 2469 4001 mmstissimo
2499 3951 2693 4012 cantu,
2724 3946 2886 4003 tibiis
2916 3951 2974 4002 et
3003 3947 3059 4001 id
3084 3963 3268 4017 genus
3294 3948 3529 4019 organis
3552 3947 3723 4001 adhi-

2093 4034 2250 4089 bilis.
2299 4033 2459 4089 Unde
2506 4034 2564 4088 in
2620 4034 2988 4104 proverbium
3039 4035 3291 4090 abierint
3334 4030 3724 4108 Μαρυανδηνὸς

2094 4121 2374 4193 θρηνητήρ
2407 4126 2463 4177 et
2490 4117 2847 4195 Μαρυανδηνὰ
2885 4123 3246 4195 θρηνητήρια.

2163 4213 2245 4262 Ρ.
2290 4210 2415 4264 313.
2462 4208 2759 4265 Athanasio
2807 4210 3026 4265 Audita.
3084 4211 3316 4266 Dixerat
3369 4211 3541 4283 paulo
3590 4216 3725 4267 ante

2094 4297 2246 4353 hunc
2286 4296 2956 4366 fuissefAlexandrinum
2991 4298 3401 4369 patriarcham.
3434 4298 3727 4365 Hicfvide-

2091 4389 2185 4439 tur
2214 4383 2580 4440 successione
2610 4385 2869 4452 Nicolao,
2901 4385 3072 4455 cujus
3104 4388 3319 4442 mentio
3344 4390 3433 4441 est
3461 4387 3591 4441 libri
3621 4388 3723 4442 hu-

2084 4474 2185 4543 jus
2217 4490 2267 4528 c.
2297 4474 2351 4527 9.
2384 4474 2464 4528 Ex
2495 4474 2673 4543 hujus
2712 4474 2923 4545 capitis
2952 4475 3142 4529 verbis
3191 4474 3474 4531 habemus
3505 4475 3722 4547 Pachy-

2093 4562 2238 4616 meri
2294 4558 2596 4633 σύγχρονον
2648 4565 2704 4615 et
2763 4560 3110 4617 familiarem
3169 4561 3349 4617 fuisse
3405 4564 3719 4633 quemdam

2090 4649 2478 4705 Athanasium
2513 4648 2899 4719 patriarcham
2929 4649 3383 4706 Alexandrinum
3415 4694 3431 4720 ,
3463 4652 3564 4722 qui
3595 4666 3723 4707 81118

2094 4737 2271 4793 dubio
2305 4738 2355 4792 is
2406 4736 2579 4791 fuerit
2610 4737 2780 4807 cujus
2813 4737 3042 4792 hortatu
3076 4754 3138 4794 se
3186 4738 3567 4810 Pachymercs
3598 4739 3723 4811 ipse

2093 4826 2414 4897 proﬁtetur,
2449 4826 2505 4880 in
2554 4824 2727 4880 titulo
2760 4826 3132 4897 paraphrasis
3177 4843 3294 4881 suae
3326 4828 3396 4882 ad
3444 4828 3721 4899 epistolas

2093 4914 2349 4985 Dionysii
2370 4912 2748 4985 Arcopagitaa.
2779 4913 2861 4985 [P.
2892 4914 3036 4984 458],
3057 4931 3204 4986 opus
3227 4914 3367 4972 illud
3392 4931 3718 4987 egressum.

2093 5002 2206 5058 Hoc
2256 5001 2384 5057 ideo
2419 5001 2639 5070 monui,
2688 5002 2822 5073 quia
2879 5005 3044 5058 video
3091 5012 3352 5059 nostrum
3400 5004 3715 5059 Antonium

2088 5090 2466 5147 Possevinum
2490 5091 2821 5160 putasseibi
2851 5092 3137 5147 nominari
3165 5109 3441 5164 magnum
3464 5094 3717 5147 Athana-

2089 5180 2277 5246 sium;
2312 5180 2381 5233 de
2414 5196 2528 5248 quo
2560 5179 2606 5232 si
2639 5184 2925 5249 ageretur,
2952 5180 3352 5248 rectejuberet
3373 5181 3719 5235 Possevinus

2089 5267 2269 5323 deleri
2303 5267 2461 5323 illam
2502 5267 2939 5338 inscriptionem
2974 5274 3039 5323 ut
3063 5269 3423 5323 mendacem.
3662 5305 3667 5309 ς

2163 5361 2218 5411 P.
2246 5357 2371 5413 314.
2417 5356 2474 5411 Si
2509 5356 2614 5411 hoc
2663 5356 2853 5427 capite
2883 5361 2940 5412 et
2986 5356 3121 5411 alibi
3171 5355 3279 5409 hoc
3329 5354 3476 5411 libro
3525 5358 3686 5411 noete

2087 5442 2404 5500 historicus
2434 5461 2641 5516 parum
2675 5449 3001 5501 reverenter
3024 5444 3283 5515 loquitur
3310 5444 3380 5499 de
3410 5444 3713 5500 monachis

2084 5533 2319 5599 Graecis,
2352 5533 2641 5589 offendere
2682 5531 3033 5588 catholicum
3074 5532 3343 5588 lectorem
3374 5548 3490 5587 non
3521 5531 3713 5598 debet,

2086 5638 2221 5679 cum
2247 5623 2289 5679 ii
2317 5621 2581 5696 plerique
2612 5620 2972 5678 schismatici
3000 5620 3219 5679 fuerint
3245 5625 3303 5678 et
3319 5621 3590 5678 Romanis
3615 5622 3715 5679 Eo-
