4122 6272
502 358 639 414 1115

1539 375 1600 425 Ρ.
1643 374 1916 428 ΡΟΒΒΙΝῙ
1952 373 2556 432 OBSERVATJONUM
2594 380 2729 433 LIB.
2769 382 2841 434 II.

3746 378 3888 433 1116

503 482 693 574 clasiaa
727 484 1047 558 Latinoque
1077 489 1300 545 nomini
1322 491 1733 558 infensissimi,
1765 513 1913 566 quos
1944 497 2136 567 potius
2165 500 2218 564 Α
2248 500 2381 568 ejus.
2416 501 2703 571 Respondit
2721 502 2818 557 ille
2845 500 3184 573 imperatori,
3206 523 3235 551 «
3257 502 3371 558 Non
3398 519 3643 574 agnosco.
3672 503 3732 557 Si
3749 503 3889 572 quid

500 588 533 626 a
565 571 762 628 Graeco
813 578 868 629 et
911 576 1284 633 schismaticJ
1333 581 1613 652 scriptore
1658 588 1723 637 ut
1770 584 2140 639 turbulentos

502 665 559 713 et
592 667 967 719 contumaces
1010 667 1259 733 traduci,
1298 685 1399 738 pro
1432 671 1764 725 testimonio
1814 689 2000 727 causae
2041 689 2136 726 or-

500 749 764 805 thodoxae
806 753 1033 809 favente
1056 756 1461 826 accipiendum
1493 764 1600 813 est.

570 878 633 929 P.
702 877 825 930 316.
893 878 1120 947 Georgio
1182 884 1540 952 Acropolita.
1604 884 1896 938 Habemus
1954 885 2134 953 hujus

500 964 883 1019 eruditissimi
903 968 1006 1021 viri
1032 968 1333 1024 historiam
1358 975 1411 1024 et
1443 972 1754 1027 chronicon
1780 990 1794 1038 ;
1825 973 2043 1027 scimus
2068 990 2136 1029 ex

498 1051 629 1106 aliis
662 1053 846 1108 multa
874 1056 943 1109 de
976 1058 1103 1126 ejus
1133 1056 1252 1112 vita
1280 1065 1335 1111 et
1365 1060 1536 1114 rebus
1567 1060 1768 1130 gestis,
1801 1078 1906 1115 nec
1936 1066 2131 1116 tamen

499 1140 728 1210 uspiam
772 1141 1098 1199 invenimus
1142 1144 1413 1200 idoneum
1466 1148 1914 1202 fundamentum
1963 1147 2131 1204 illum

495 1228 912 1286 insimulandis
942 1231 1180 1287 laxioris
1224 1235 1614 1289 conscientiae.
1649 1239 1835 1301 Quare
1867 1238 2135 1308 suspicor

496 1332 563 1370 ex
594 1318 726 1372 odio
758 1319 814 1372 in
848 1336 979 1374 eum
1032 1320 1543 1377 schismaticorum
1592 1325 1741 1379 hanc
1774 1325 2127 1379 calumniam

498 1410 714 1459 natam.
746 1407 887 1461 Cum
919 1410 1075 1463 enim
1110 1408 1403 1465 illehomo
1436 1414 1800 1483 pereruditus
1817 1418 1872 1467 et
1904 1413 2040 1468 recti
2067 1430 2131 1467 ac

500 1492 666 1547 liberi
704 1496 916 1565 judicii
947 1515 1013 1551 ex
1045 1499 1290 1554 lectione
1331 1500 1564 1555 Patrum
1609 1505 1889 1567 veterum,
1944 1501 2026 1555 uti
2074 1506 2128 1556 et

495 1582 737 1651 Veccus,
770 1587 1106 1656 agnovisset
1137 1604 1373 1642 causam
1418 1588 1778 1656 Latinorum,
1809 1606 1955 1659 quos
2004 1589 2128 1644 sine

496 1688 673 1725 causa
706 1673 797 1726 Sui
844 1674 1022 1727 Graeci
1056 1681 1483 1741 aversarentur,
1516 1678 1824 1745 justiorem
1859 1694 2007 1743 esse,
2044 1678 2125 1732 uti

492 1761 549 1811 et
570 1758 743 1813 ﬁdem
766 1759 920 1813 circa
941 1761 1154 1831 dogma
1175 1763 1243 1816 de
1268 1764 1451 1817 sancti
1485 1763 1734 1833 Spiritus
1754 1781 1821 1820 ex
1854 1764 2014 1819 Patre
2037 1764 2125 1818 Fi-

501 1845 697 1916 lioque
743 1849 1110 1917 processione
1146 1850 1566 1917 orthodoxum,
1616 1855 1773 1906 totus
1819 1852 2129 1921 exzanimo
2161 1866 2208 1931 Β

494 1932 792 1989 incubruit
825 1936 881 1990 in
917 1938 1211 2006 negotium
1244 1939 1620 1993 conﬁciendas
1651 1940 1810 2009 pacis
1841 1939 2123 1994 Ecclesia-

497 2038 651 2088 rum,
703 2024 934 2079 ﬁdelem
968 2026 1026 2080 in
1060 2042 1124 2080 eo
1157 2043 1220 2080 ac
1248 2043 1362 2081 non
1398 2044 1606 2099 parum
1642 2027 1842 2082 ulilem
1890 2045 2125 2099 operam

498 2111 839 2182 imperatori
872 2131 1109 2169 navans.
1146 2115 1251 2179 Qui
1284 2120 1341 2169 et
1370 2116 1425 2170 in
1461 2114 1706 2170 solemni
1739 2116 2021 2187 legatione
2055 2117 2126 2171 ad

486 2199 825 2272 Gregorium
846 2203 892 2258 X
914 2222 1124 2275 papam
1150 2222 1282 2261 eum
1308 2206 1457 2261 inter
1474 2205 1780 2261 saeculares
1802 2205 2125 2277 principem

493 2289 671 2359 misit,
720 2296 782 2345 ut
812 2292 1193 2365 Pachymeres
1244 2294 1431 2358 docet,
1467 2310 1524 2364 p.
1577 2294 1701 2357 384,
1749 2297 1806 2349 et
1854 2295 2124 2347 eumdem

489 2394 621 2432 cum
647 2395 714 2433 ex
744 2382 1079 2451 patriarcha
1111 2384 1396 2437 Germano
1428 2397 1761 2453 comparere
1790 2382 1911 2435 vice
1942 2382 2032 2436 sui
2065 2382 2123 2437 in

488 2466 866 2537 Lugdunensi
915 2470 1159 2525 concilio
1185 2469 1393 2535 voluit,
1428 2475 1491 2524 ut
1521 2487 1589 2525 ex
1634 2469 1793 2523 Actis
1825 2470 1951 2539 ejus
1984 2485 2123 2523 con-

475 2555 597 2609 cilii
630 2572 777 2612 sese.
812 2557 844 2610 4
875 2563 1124 2613 constat.
1150 2558 1297 2613 Hinc
1326 2558 1597 2613 videlicet
1626 2574 1832 2612 exosus
1857 2557 1949 2611 hic
1968 2557 2121 2612 schi-

486 2643 747 2698 smaticis
780 2662 895 2699 non
929 2646 1099 2701 modo
1122 2645 1511 2700 contumelias
1543 2645 1730 2712 abiis,
1751 2646 1848 2700 sed
1867 2645 2119 2700 vexatio-

488 2746 591 2785 nes
623 2731 796 2786 etiam
840 2733 1222 2804 gravissimas
1251 2738 1340 2788 est
1385 2751 1616 2804 passus,
1649 2738 1780 2804 post
1822 2732 2119 2787 Michaelis

488 2819 643 2873 654
689 2819 991 2892 Palaeologi
1026 2826 1270 2877 mortem
1313 2821 1759 2892 praevalentibus
1803 2821 1952 2891 apud
2003 2826 2121 2873 An-

488 2907 793 2962 dronicum
827 2908 1075 2964 infensis
1107 2909 1256 2981 paci.
1289 2910 1393 2973 Qui
1430 2918 1739 2981 postquam
1770 2926 1891 2963 eam
1926 2908 1996 2961 ab
2020 2907 2118 2961 illo

486 2996 883 3068 abrogandam
916 2997 1494 3070 abrumpendamque
1527 3001 1824 3063 curarunt,
1856 2996 2033 3050 etiam
2066 2996 2117 3049 ei

479 3090 794 3140 suaserunt
844 3090 908 3140 ut
937 3086 1352 3157 Acropolitam,
1390 3102 1573 3139 unum
1606 3101 1674 3138 ex
1720 3083 2115 3139 columinibus

481 3171 778 3228 catholicae
828 3174 1031 3243 partis,
1067 3176 1123 3227 in
1158 3188 1444 3227 carcerem
1486 3172 1775 3225 conderet.
1809 3172 1981 3226 Istam
2018 3171 2113 3226 ille

478 3259 748 3328 injuriam
789 3278 962 3331 quam
998 3262 1128 3314 forti
1161 3259 1378 3324 animo,
1402 3276 1578 3330 quam
1604 3260 1820 3314 invicta
1851 3263 2116 3314 constan-

478 3350 559 3403 tia
597 3348 831 3413 tulerit,
864 3349 1031 3403 docet
1061 3348 1306 3418 epistola
1337 3347 1613 3402 Demetrii
1646 3346 1850 3402 Baulis
1878 3348 2117 3403 Cabacis

484 3437 553 3490 ad
588 3435 775 3489 ﬁlium
810 3436 1136 3490 Manuelem
1170 3439 1379 3505 Grece,
1411 3436 1511 3490 sed
1544 3434 1692 3504 stylo
1722 3436 2117 3491 semibarbaro

478 3523 716 3594 scripta,
750 3541 817 3578 ex
868 3540 983 3594 qua
1016 3540 1201 3595 nuper
1231 3524 1389 3579 edita
1417 3524 1487 3579 ab
1520 3522 1603 3578 ill.
1646 3524 1877 3590 Allatio,
1906 3524 1983 3592 (in
2015 3525 2115 3579 do-

476 3612 738 3667 ctissimo
787 3628 958 3684 opere
1005 3612 1488 3667 Eaercitationum
1548 3614 1607 3666 in
1667 3612 2112 3683 Creyghtonum,

477 3718 533 3771 p.
581 3701 686 3754 6l6
717 3709 771 3755 et
802 3701 952 3772 seq.)
984 3702 1237 3757 auctoris
1284 3700 1495 3765 verbis,
1530 3705 1594 3755 ut
1637 3702 1708 3755 ab
1737 3701 1939 3755 eodem
1988 3700 2111 3753 viro

475 3805 688 3860 magno
722 3790 923 3844 Latine
954 3790 1303 3853 redduntur,
1337 3789 1582 3844 referam
1610 3788 1782 3858 plane
1812 3787 2113 3842 heroicum

474 3877 651 3947 hujus
684 3877 789 3931 viri
824 3878 1065 3946 factum,
1099 3894 1213 3948 quo
1248 3878 1482 3933 abunde
1514 3877 1860 3947 purgabitur
1890 3875 2112 3930 calum-

479 3967 576 4020 nia
606 3966 699 4020 hic
729 3969 785 4020 et
813 3966 1064 4035 impacta
1093 3966 1356 4020 laxitoris
1388 3964 1776 4019 conscientiae.
1810 3964 1904 4018 Sic
1935 3963 2114 4035 igitur

479 4053 596 4109 ait:
630 4056 758 4109 Post
806 4055 1004 4109 multos
1052 4055 1260 4124 elapsos
1305 4069 1494 4118 annos,
1547 4069 1671 4108 cum
1709 4052 1889 4107 adhuc
1927 4054 2112 4106 senior

474 4143 777 4215 (Georgius
803 4142 1134 4213 Acropolita
1166 4143 1259 4196 hic
1292 4142 1511 4211 noster)
1538 4142 1595 4196 in
1630 4142 1798 4196 exitio
1826 4145 1876 4195 et
1896 4157 2111 4197 carcere

471 4231 810 4298 perduraret
838 4248 1003 4286 causa
1034 4230 1321 4298 legationis
1345 4232 1566 4300 propter
1584 4232 1842 4284 unionem
1872 4245 1997 4284 cum
2016 4247 2108 4285 ca-

472 4319 678 4375 tholica
706 4318 969 4385 Ecclesia,
1005 4318 1308 4389 alloquitur
1346 4318 1642 4387 imperator
1671 4318 1732 4371 D.
1766 4317 2108 4374 Andronicus

467 4410 647 4477 ﬁlium
669 4407 833 4463 illius
852 4408 1415 4477 caeterosquesenatus
1442 4408 1742 4477 principes,
1758 4410 1886 4460 ante
1896 4422 2022 4461 eum
2044 4408 2105 4461 in

470 4497 696 4552 consilio
708 4497 1037 4552 assidentes.
1071 4518 1099 4547 «
1117 4494 1423 4565 Principes,
1440 4497 1723 4549 videturne
1736 4496 1882 4549 vobis
1906 4494 2099 4550 bonum

2247 602 2371 641 vero
2421 593 2804 658 argumentari
2849 595 2901 645 et
2952 590 3261 661 conjectura
3306 592 3567 662 persequi
3612 592 3777 645 datur
3816 607 3888 646 ex

2252 673 2366 729 loco
2392 678 2451 730 in
2481 693 2583 747 quo
2632 679 2894 746 considet,
2925 680 3179 749 princeps
3221 688 3298 733 est
3323 681 3411 732 tui
3447 682 3627 735 sancti
3655 681 3887 749 imperii

2246 762 2545 818 honoribus
2598 766 2898 821 decoratus.
2932 770 2997 821 At
3025 769 3253 836 quinam
3276 768 3374 820 ille
3400 766 3473 821 sit
3519 766 3765 822 nondum
3793 784 3884 821 ca-

2241 851 2353 921 pio.
2390 876 2410 900 ι
2440 854 2732 924 Respondit
2752 857 3074 925 imperator,
3114 876 3141 907 ι
3161 854 3335 909 Filius
3357 859 3479 909 tuus
3504 864 3603 922 est,
3627 855 3884 910 dominus

2250 940 2549 995 Theodorus
2599 959 2828 1012 magnus
2874 944 3064 1010 legota.
3110 965 3138 991 »
3186 942 3402 1010 Abiecta
3446 945 3598 997 omni
3640 952 3862 997 cuncta-

2243 1028 2393 1083 tione
2419 1028 2572 1096 ﬁlius
2604 1046 2898 1099 assurgens
2927 1031 3137 1085 nudato
3164 1032 3343 1099 capite
3368 1036 3583 1099 patrem
3614 1031 3876 1103 aggredi-

2243 1119 2353 1181 tur,
2386 1123 2437 1170 et
2460 1117 2692 1171 salutem
2722 1118 2866 1172 ultro
2887 1119 3130 1188 citroque
3156 1120 3311 1186 pater
3329 1126 3381 1172 et
3402 1117 3558 1185 ﬁlius
3586 1118 3703 1172 sibi
3722 1118 3888 1172 dede-

2242 1212 2392 1258 runt.
2444 1205 2573 1258 Tum
2593 1221 2793 1261 rursus
2835 1208 3134 1275 imperator
3171 1206 3473 1261 orationem
3518 1205 3589 1260 ad
3631 1221 3759 1259 eum
3802 1207 3885 1259 di-

2240 1293 2387 1346 rexit
2418 1309 2430 1347 :
2466 1316 2493 1341 «
2527 1294 2720 1363 Magne
2739 1295 3023 1362 logotheta.
3051 1310 3135 1348 res
3156 1294 3237 1348 ita
3257 1294 3571 1348 ceciderunt
3590 1302 3883 1363 coegerunt

2240 1396 2341 1449 que
2368 1388 2427 1434 ut
2457 1382 2562 1435 tibi
2594 1382 2709 1437 lucc
2739 1384 2922 1436 tristia
2953 1383 3013 1436 in
3044 1398 3307 1449 magnum
3335 1383 3543 1436 malum
3564 1383 3876 1436 evaderent.

2241 1468 2417 1534 Quare
2443 1469 2524 1539 [Ρ.
2575 1470 2696 1538 459]
2730 1470 2889 1523 modo
2916 1472 3093 1524 visum
3123 1474 3199 1523 est
3228 1469 3375 1524 mihi
3423 1473 3473 1523 et
3502 1470 3647 1524 hisce
3690 1486 3877 1524 rerum

2236 1558 2707 1625 gubernatoribus,
2759 1563 2821 1611 ut
2868 1568 2917 1613 te
2961 1558 3067 1611 huc
3121 1557 3422 1611 adductum
3468 1557 3882 1627 atloqueremur

2237 1644 2301 1698 de
2338 1660 2402 1699 ea
2444 1661 2503 1699 re
2534 1661 2657 1715 quae
2690 1647 2844 1701 nobis
2885 1647 3023 1701 bona
3067 1650 3229 1716 atque
3278 1645 3506 1700 honesta
3554 1646 3795 1712 videtur,
3827 1648 3879 1701 si

2238 1738 2422 1787 tamen
2454 1742 2549 1788 tua
2592 1735 2841 1788 voluntas
2869 1750 2977 1789 non
3028 1734 3221 1788 abnuit
3250 1750 3347 1788 nos
3393 1734 3609 1800 audire,
3659 1739 3720 1788 ut
3763 1751 3878 1789 una

2236 1830 2417 1876 mente
2454 1831 2612 1891 atque
2639 1822 2908 1877 sententia
2938 1823 3221 1877 nobiscum
3267 1822 3567 1876 convenias
3595 1825 3746 1876 circa
3773 1823 3873 1875 Ec:-

2236 1908 2421 1965 clesiae
2447 1909 2697 1964 dissidia.
2732 1912 2838 1964 Hoc
2872 1910 3021 1965 enim
3049 1908 3191 1964 mihi
3219 1912 3272 1964 et
3299 1910 3416 1978 ﬁlio
3445 1920 3543 1964 tuo
3591 1926 3793 1978 magno
3828 1911 3877 1964 to

2234 1996 2468 2065 gothelae
2516 1997 2715 2051 bonum
2764 2001 3056 2067 reputatur
3085 2002 3138 2051 et
3166 1999 3383 2063 decens,
3415 2006 3476 2051 ut
3506 1998 3661 2053 nobis
3691 1999 3870 2052 obtem

2234 2100 2388 2153 peres
2415 2085 2601 2139 omnia
2613 2089 2661 2139 et
2678 2086 2907 2140 vulnera
2936 2102 3000 2141 ac
3028 2086 3226 2154 tristia,
3255 2100 3374 2155 quae
3399 2087 3717 2140 necessitate
3738 2094 3876 2139 tem-

2234 2174 2383 2242 poris
2412 2172 2471 2226 in
2499 2182 2551 2227 te
2590 2172 2693 2227 illa
2729 2178 2873 2243 suat,
2900 2175 3238 2228 sanabimns.
3274 2194 3301 2221 ››
3335 2172 3441 2227 Hic
3468 2190 3633 2243 porro
3665 2174 3736 2228 ad
3766 2175 3870 2227 im-

2233 2269 2543 2331 peratorem
2574 2261 2657 2316 ita
2686 2264 2932 2331 effatur:
2977 2285 3003 2311 ‹‹
3039 2262 3239 2317 Sancte
3266 2261 3504 2320 domine.
3539 2277 3874 2331 quacunque

2234 2348 2387 2403 adme
2416 2349 2719 2404 enuntiasti
2732 2353 2967 2420 percepi.
3000 2353 3201 2405 Verum
3219 2366 3364 2404 nunc
3388 2349 3687 2420 respondeo
3717 2356 3767 2403 et
3788 2366 3870 2403 re-

2230 2437 2347 2506 fero
2370 2437 2512 2507 quod
2540 2438 2749 2507 mihzfz'n
2767 2440 2950 2492 animo
2963 2440 3139 2508 ﬁxum
3149 2441 3247 2493 est.
3265 2440 3473 2493 lustius
3493 2442 3570 2492 est
3582 2441 3631 2491 et
3654 2439 3865 2507 aequius

2230 2528 2293 2577 ut
2321 2529 2509 2579 sancta
2547 2526 2694 2581 655
2730 2526 2884 2596 regia
2915 2531 3009 2581 tua
3039 2527 3298 2595 majestas
3326 2525 3435 2580 mei
3456 2525 3674 2580 domini
3696 2528 3865 2595 impe-

2230 2612 2435 2666 ratoris
2445 2612 2620 2681 patris
2634 2614 2719 2667 tui
2733 2614 3073 2669 sententiam
3084 2614 3463 2684 subsequatur,
3483 2620 3532 2668 et
3542 2615 3699 2682 ﬁlius
3715 2630 3864 2667 meus

2228 2699 2480 2754 dominus
2530 2700 2830 2756 Theodorus
2858 2719 3058 2765 meam,
3091 2719 3255 2772 quam
3303 2718 3399 2756 nos
3442 2712 3704 2756 vestram.
3730 2725 3757 2751 ››
3806 2704 3863 2756 Et

2228 2787 2373 2842 nihil
2410 2789 2561 2843 ultra
2599 2790 2807 2843 retulit.
2831 2790 2933 2844 Sed
2962 2805 3059 2845 nec
3088 2792 3185 2860 qui
3211 2788 3561 2859 imperatoris
3592 2796 3760 2843 nutus
3788 2806 3863 2844 se-

2226 2875 2545 2931 cundabant
2565 2876 2869 2947 principes,
2901 2893 3001 2933 nec
3032 2880 3143 2948 ipse
3172 2877 3479 2948 imperator
3507 2878 3735 2931 verbum
3770 2895 3859 2932 cz-

2221 2964 2438 3033 pressit,
2462 2965 2703 3033 justitia,
2727 2965 2968 3031 ratione,
2985 2967 3346 3035 generositate
3360 2969 3413 3020 et
3428 2966 3847 3033 magniﬁcentia

2224 3050 2285 3103 in
2306 3051 2560 3105 ruborem
2589 3052 2803 3121 suﬂusi,
2819 3054 3004 3107 omnia
3025 3054 3320 3125 sequidem,
3339 3053 3631 3108 dummodo
3640 3054 3855 3123 justum

2221 3154 2291 3193 ac
2337 3139 2533 3195 decens
2557 3139 2777 3195 salvum
2806 3144 2959 3206 esset,
3004 3141 3157 3196 nihil
3202 3141 3505 3211 reputabat.
3558 3142 3688 3196 Haec
3720 3142 3842 3198 ibi:

2146 3224 2188 3289 C
2227 3242 2351 3295 quas
2384 3226 2573 3281 videat
2602 3227 2900 3296 etjudicet
2929 3245 3130 3298 aequus
3166 3227 3348 3282 lector
3368 3245 3441 3282 an
3466 3227 3585 3282 sint
3605 3228 3863 3285 hominis

2225 3333 2359 3381 κατη
2372 3312 2511 3385 μελη
2524 3312 2696 3383 μένως
2718 3318 2824 3367 τῶν
2861 3312 2936 3375 εἷς
2966 3312 3267 3384 συνείδησις
3292 3311 3535 3388 ἔχοντος,
3566 3319 3866 3371 minimum

2223 3404 2379 3472 pensi
2407 3403 2653 3457 habentis
2680 3405 2739 3458 in
2776 3404 2941 3459 rebus
2971 3404 3225 3473 gerendis
3255 3405 3384 3475 quid
3411 3405 3504 3475 fas
3532 3410 3585 3460 et
3614 3406 3863 3474 ofﬁcium

2223 3497 2468 3545 moneret
2492 3492 2645 3561 quod
2680 3492 2824 3547 falso
2845 3492 3115 3548 videlicet
3145 3493 3195 3548 ei
3231 3493 3440 3548 Noster
3470 3492 3721 3563 imponit
3750 3494 3859 3549 hoc

2223 3577 2370 3633 loco.
2402 3580 2510 3633 Sed
2543 3595 2613 3633 ne
2644 3581 2896 3651 cuipiam
2928 3582 3233 3636 videamur
3264 3580 3632 3652 suspiciosus
3665 3583 3857 3653 ageris

2222 3682 2354 3721 cum
2385 3667 2760 3738 Pachymerc,
2793 3669 2893 3739 qui
2925 3670 3077 3740 quod
3110 3670 3254 3724 alias
3302 3670 3491 3723 fuerat
3522 3675 3726 3724 notare
3756 3688 3863 3741 pa-

2220 3754 2418 3823 tuerit,
2453 3771 2588 3809 cum
2618 3756 2929 3811 mutabiles
2960 3758 3081 3811 sint
3110 3774 3301 3812 mores
3332 3758 3665 3823 hominum,
3700 3758 3857 3813 dicar-

2221 3858 2353 3897 mus
2383 3860 2543 3912 sane,
2577 3843 2625 3898 si
2657 3845 3040 3915 negligentior
3071 3845 3361 3900 rationum
3389 3846 3563 3900 ofﬁcii
3588 3846 3730 3900 vixit
3760 3864 3859 3900 un-

2221 3947 2397 4001 quam
2426 3932 2705 4003 Georgius
2735 3932 3085 4003 Acropolita,
3110 3937 3234 3988 tum
3261 3951 3498 3989 necesse
3520 3941 3610 3989 est
3633 3934 3689 3988 id
3714 3935 3857 3989 fuis-

2220 4035 2280 4073 se
2311 4022 2546 4089 quando
2573 4020 2840 4076 addictus
2864 4020 3050 4075 adhuc
3082 4021 3389 4077 schismati
3409 4023 3747 4077 adhrerebat
3764 4039 3852 4076 er-

2218 4108 2449 4163 roribus
2480 4110 2805 4163 Graecorum
2844 4126 2855 4164 :
2889 4117 3084 4179 postea
3114 4110 3348 4180 quidem
3375 4128 3551 4182 quam
3585 4111 3851 4166 Ecclesia

2218 4197 2433 4252 Latinae
2474 4197 2885 4253 reconciliatus
2933 4204 3042 4264 est,
3074 4203 3303 4255 tantum
3337 4200 3655 4271 profecisse
3686 4200 3849 4254 illum

2215 4290 2456 4355 apparet
2498 4290 2563 4339 ut
2592 4285 2825 4341 culmen
2875 4286 3069 4357 ipsum
3103 4287 3434 4358 apostolicae
3478 4287 3851 4357 perfectionis

2215 4373 2479 4444 attigisse
2510 4375 2795 4429 videatur.

2284 4497 2342 4551 P.
2375 4497 2499 4553 317.
2554 4496 2793 4553 Eudocia
2819 4514 3021 4568 magno
3060 4498 3208 4568 apud
3236 4498 3431 4555 urbem
3481 4498 3708 4554 domino
3737 4500 3844 4554 elo-

472 4592 532 4639 ut
560 4602 827 4655 magnum
875 4585 1203 4655 logothetam
1250 4585 1352 4639 huc
1378 4583 1675 4639 adductum
1718 4587 2103 4651 pertentemus,
2135 4575 2182 4638 D
2211 4589 2336 4639 cata
2363 4594 2438 4641 est
2492 4586 2631 4648 Quis
2657 4586 2767 4641 iste
2797 4602 3045 4657 magnus
3076 4585 3349 4641 dominus
3382 4587 3441 4641 in
3477 4588 3624 4642 urbe
3644 4588 3673 4641 ?
3703 4588 3847 4642 Inte-

472 4690 542 4728 an
570 4674 856 4728 nobiscum
876 4675 1205 4729 conveniat?
1231 4677 1349 4744 post
1368 4677 1443 4728 tot
1470 4673 1705 4728 carceris
1724 4677 1775 4728 et
1788 4672 1980 4728 exsilii
1999 4690 2101 4727 an-

470 4777 568 4816 nos
596 4765 737 4830 ]orte
766 4761 927 4816 nobis
958 4762 1363 4832 obtemperabit,
1395 4766 1445 4817 et
1474 4762 1780 4834 conjunctis
1818 4761 2103 4816 sententiis

469 4848 751 4904 nobiscum
798 4849 1042 4903 concinet
1090 4850 1150 4903 in
1190 4848 1294 4904 hoc
1332 4851 1703 4904 Ecclesiarum
1748 4848 1999 4904 discidio.
2049 4852 2102 4903 et

464 4936 665 4992 vitabit
688 4953 876 4991 rerum
898 4935 1253 5006 asperitatem
1272 4940 1323 4992 et
1343 4938 1485 5008 quod
1499 4945 1581 4993 ter
1604 4940 1760 4992 tanto
1780 4938 1977 4992 melius
1997 4946 2097 5004 est,

463 5025 718 5080 libertate
746 5028 1079 5096 perfruetur,
1111 5033 1165 5080 et
1192 5025 1562 5081 addecentiori
1587 5041 1732 5081 cura
1762 5025 1924 5080 illius
1950 5026 2097 5081 vale-

465 5113 647 5169 tudini
678 5113 1084 5180 indulgebitur.
1119 5136 1146 5163 ››
1194 5114 1385 5169 Omnes
1424 5129 1533 5169 uno
1564 5130 1656 5169 ore
1685 5113 2095 5185 responderunt,

470 5222 497 5249 «
530 5204 741 5257 Bonum
767 5207 865 5272 est,
896 5203 1133 5270 domine,
1165 5207 1216 5257 et
1258 5201 1595 5257 exsecutioni
1640 5201 1947 5257 mandetur.
1979 5206 2097 5258 Imo

462 5291 620 5361 jussa
649 5298 746 5346 tua
773 5292 922 5346 nulli
949 5292 1114 5346 noxia
1145 5295 1293 5345 sunt.
1326 5311 1355 5339 »
1385 5290 1474 5344 Sic
1500 5289 1686 5361 itaque
1720 5306 1842 5344 cum
1872 5306 2095 5361 respon-

467 5379 691 5447 dissent,
738 5382 1039 5450 imperator
1066 5377 1357 5433 mandavit
1385 5381 1447 5432 ut
1496 5376 1857 5433 adduceretur
1885 5397 1898 5445 ;
1930 5394 2096 5450 eoque

463 5476 744 5538 praesente,
775 5471 835 5522 ut
862 5467 1055 5522 mitius
1081 5467 1367 5535 negotium
1395 5466 1800 5536 disponeretur,
1821 5470 1903 5523 sic
1932 5484 2093 5523 exor-

460 5571 553 5610 sus
579 5560 659 5611 est
687 5557 990 5612 orationem
1018 5557 1321 5625 imperator
1342 5571 1361 5609 :
1387 5577 1407 5602 ι
1436 5554 1763 5624 Agnoscisne
1790 5555 2092 5626 principem

461 5643 650 5715 illum,
682 5644 934 5716 quisnam
952 5641 1056 5699 ille
1082 5643 1198 5700 sit?
1230 5664 1258 5693 «
1281 5642 1347 5698 Et
1363 5640 1547 5713 digito
1564 5642 1894 5700 monstravit
1909 5643 2091 5717 ﬁlium

2213 4674 2354 4741 rius,
2388 4690 2445 4743 p.
2499 4675 2622 4741 328,
2656 4674 2934 4729 scribitur
2982 4674 3052 4729 de
3082 4674 3306 4730 Joanne
3339 4675 3508 4743 duce,
3558 4692 3694 4730 cum
3744 4677 3842 4731 ob-

2210 4777 2442 4816 sessum
2473 4761 2532 4815 in
2563 4762 2704 4816 urbe
2739 4761 2831 4816 cui
2862 4778 3074 4817 nomen
3108 4767 3305 4831 Patrae,
3339 4779 3474 4817 cum
3524 4768 3703 4818 noctu
3736 4780 3833 4817 au-

2210 4849 2452 4919 fugisset
2496 4850 2723 4905 venisse
2751 4850 3003 4920 Thebas,
3037 4856 3094 4906 et
3142 4850 3220 4905 ibi
3253 4838 3535 4921 repeiisse
3569 4866 3844 4921 magnum

2210 4938 2537 5003 dominum,
2587 4937 2677 4991 τὸν
2713 4936 2873 5012 μέγαν
2906 4938 3117 5011 κύριον.
3167 4939 3256 4994 Sic
3286 4945 3553 4995 vocatum
3605 4944 3849 5011 apparet

2205 5026 2533 5081 Thebarum
2604 5027 2925 5097 principem
2979 5026 3165 5082 Latini
3209 5028 3462 5099 generis.
3517 5027 3638 5083 Dici
3708 5044 3843 5099 ergo

2205 5118 2398 5185 potest
2444 5115 2757 5170 Eudociam
2807 5116 3038 5171 tertiam
3072 5114 3253 5170 ﬁliam
3287 5116 3555 5170 Lascaris
3594 5116 3846 5187 Augusti

2205 5218 2416 5271 magno
2457 5202 2692 5259 domino
2743 5203 2992 5274 principi
3057 5203 3383 5259 Thebarum
3412 5244 3426 5270 ,
3472 5203 3653 5274 hujus
3700 5206 3845 5259 forte

2205 5306 2376 5360 quem
2422 5290 2679 5346 Joannes
2708 5292 2824 5346 dux
2874 5290 2955 5346 ibi
3001 5292 3217 5362 reperit
3260 5291 3411 5362 patri
3465 5296 3567 5347 aut
3611 5298 3844 5363 patruo,

2203 5378 2385 5433 fuisse
2407 5377 2769 5448 collocatam,
2804 5378 3365 5450 matrimoniumque
3390 5379 3447 5434 id
3482 5379 3843 5435 celebratum

2201 5467 2263 5521 in
2294 5467 2436 5521 urbe
2466 5466 2992 5539 Constantinopoli,
3026 5467 3126 5522 ubi
3157 5471 3281 5521 tum
3325 5466 3375 5523 is
3408 5466 3683 5538 princeps
3715 5468 3839 5523 fue-

2200 5554 2279 5608 rit
2301 5554 2358 5608 in
2392 5556 2668 5610 camitatu
2702 5555 3071 5625 imperatoris
3110 5554 3302 5609 Latini
3343 5571 3538 5610 rerum
3582 5555 3707 5611 illic
3738 5573 3842 5628 po-

2199 5639 2423 5712 tientis,
2450 5642 2532 5699 ita
2561 5646 2626 5699 ut
2654 5640 2717 5697 τὸ
2761 5642 2897 5697 κατὰ
2933 5640 3032 5711 τὴν
3071 5638 3233 5696 πόλιν
3265 5643 3336 5699 ad
3369 5643 3565 5700 locum
3597 5644 3839 5715 nuptia-
