4122 6272
339 358 479 414 1117

1923 360 2150 414 NOTAE.

3592 349 3732 406 1118

342 496 476 536 rum
510 478 588 536 sit
618 478 1010 545 referendum,
1046 494 1163 534 non
1214 479 1285 533 ad
1333 478 1532 550 magni
1569 478 1791 533 domini
1823 481 1987 549 pote-
2016 493 2071 559 Α
2100 477 2358 537 voluisse
2392 473 2747 549 μυστηριώδη
2779 476 2937 531 hunc
2978 475 3291 547 quemdam
3333 479 3390 529 et
3414 472 3732 544 lucifugam

342 572 575 633 statem,
638 568 807 638 quasi
864 568 916 622 is
969 584 1097 623 eam
1158 568 1216 622 in
1278 568 1422 622 urbe
1477 564 1990 636 Constantinopoli

345 660 634 713 exerceret
666 656 717 710 ei
740 656 1116 724 dominando,
1142 657 1238 711 sed
1268 657 1419 726 quod
1453 655 1534 710 ibi
1566 656 1781 725 degens
1815 653 1988 708 titulo

348 745 436 801 sui
471 744 783 816 peculiaris
814 744 1059 799 dominii
1093 744 1229 798 alibi
1263 743 1380 811 siti,
1414 759 1621 813 nempe
1650 742 1988 807 Thebis,in-

348 833 684 903 signiretur.
712 832 836 887 Pari
853 832 1117 903 exemplo
1143 832 1269 903 ipse
1297 833 1388 886 hic
1410 831 1730 902 imperator
1751 828 1993 884 Michael

350 937 527 975 unam
560 936 589 974 e
639 920 874 975 filiabus
922 920 1204 974 Theodori
1257 920 1497 984 Augusti
1548 918 1697 974 Maio
1744 918 1993 974 Belicur-

348 1008 431 1063 tio
466 1007 715 1078 principi
762 1006 1183 1078 Peloponnesio
1230 1007 1551 1077 conjunxit,
1600 1007 1841 1062 alteram
1893 1022 1988 1060 co-

348 1094 479 1151 miti
508 1094 844 1150 Vintimiliaa
891 1094 1206 1165 Genuensi,
1262 1099 1329 1149 ut
1371 1095 1630 1149 vidimus
1662 1094 1700 1148 l.
1736 1111 1823 1163 ιιι,
1856 1110 1905 1148 c.
1938 1094 1988 1147 6.

350 1185 490 1239 Istis
521 1199 692 1254 porro
752 1182 1179 1254 principatibus
1229 1199 1329 1254 per
1362 1182 1658 1238 Orientem
1708 1198 1776 1238 ex
1807 1181 1995 1236 ruinis

347 1270 581 1343 imperii
616 1271 861 1326 Romani
889 1271 1382 1328 subnascentibus
1407 1288 1529 1327 sum
1561 1272 1830 1342 quaadam
1863 1287 1994 1342 pro-

350 1359 488 1430 prias
523 1358 945 1429 appellationes
971 1365 1159 1425 erant,
1193 1376 1341 1429 quas
1364 1361 1434 1414 ab
1462 1358 1912 1429 imperatoribus
1935 1374 1995 1413 se

349 1447 645 1517 accepisse
668 1446 1165 1516 gloriabantur.In
1191 1464 1305 1517 quo
1330 1447 1681 1501 alfectabant
1708 1446 1995 1516 antiquis-

352 1535 535 1591 simos
568 1551 833 1605 quosque
865 1535 1113 1604 allegare
1156 1535 1589 1607 privilegiorum
1621 1543 1675 1591 et
1706 1536 1994 1590 honorum

351 1623 688 1679 istiusmodi
721 1622 1046 1694 largitores,
1080 1639 1240 1678 more
1290 1624 1596 1678 hominum
1630 1640 1738 1678 sua
1769 1639 2000 1693 semper

354 1711 540 1765 facere
569 1710 912 1781 augustiora
941 1710 1359 1782 satagentium.
1380 1712 1580 1781 Itaque
1612 1713 1681 1765 ad
1708 1713 1996 1767 Constan-

2107 566 2472 637 scriptorem,
2505 582 2679 621 sensa
2708 582 2817 621 sua
2845 565 2903 619 in
2937 581 3055 619 suae
3090 563 3303 617 mentis
3336 560 3734 634 penetralibus

2104 654 2407 722 introspici
2440 655 2633 725 potius
2662 671 2835 725 quam
2870 652 3057 725 signis
3086 668 3360 722 expressa
3390 647 3735 721 intelligibi-

2104 741 2261 797 libus
2284 746 2508 797 exstare
2538 743 2595 796 in
2642 742 2765 796 suis
2796 740 3025 812 paginis
3070 741 3440 810 gaudentem,
3488 753 3735 808 presser-

2107 832 2209 884 tim
2244 847 2375 885 cum
2411 830 2554 885 alias
2585 831 2867 885 Joannem
2901 832 3201 899 despotam
3246 827 3509 899 impense
3540 843 3571 880 a
3604 824 3735 881 reli-

2107 918 2278 989 gione
2336 920 2847 984 commendaverit,
2907 922 2963 971 et
3010 916 3256 971 mutatio
3288 930 3413 985 quae
3469 912 3737 983 contigit,

2107 1006 2287 1061 divini
2320 1006 2519 1061 auxilii
2552 1025 2666 1063 non
2720 1008 2937 1062 frustra
2986 1005 3282 1078 implorati
3313 1004 3485 1059 ﬁdem
3519 1003 3735 1057 fecerit.

2174 1113 2235 1167 P.
2278 1113 2399 1167 340.
2460 1110 2535 1167 Εὖ
2587 1111 2686 1187 γὰρ
2715 1108 3050 1186 Ἡρακλείτῳ
3107 1109 3375 1185 εΐρῆσθαι.
3433 1109 3517 1165 Ad
3576 1105 3719 1162 intel

2107 1199 2402 1271 ligendam
2434 1201 2586 1256 hanc
2616 1201 2891 1256 Heracliti
2922 1201 3298 1267 sententiam,
3330 1214 3506 1271 quam
3530 1197 3741 1251 Noster

2109 1305 2247 1344 suos
2278 1289 2592 1361 indulgens
2624 1292 2885 1359 σκοτεινῷ
2933 1288 3125 1361 genio,
3150 1287 3465 1341 Heraclitea
3497 1298 3738 1356 prorsus

2112 1377 2466 1433 obscuritate
2498 1379 2592 1433 hic
2640 1379 2898 1445 involvit,
2936 1378 3100 1432 lateri
3144 1377 3323 1431 debeo
3373 1373 3560 1428 lucem
3596 1368 3741 1425 mihi

2109 1471 2435 1537 opportune
2483 1467 2779 1537 praelatam
2811 1485 2843 1523 a
2891 1465 3272 1538 paraphraste
3310 1462 3608 1526 Vaticano,
3643 1456 3741 1527 qui

2107 1554 2265 1609 hunc
2310 1553 2500 1609 locum
2551 1554 2633 1609 sic
2667 1556 2977 1625 exprimit:
3018 1553 3211 1615 Καθὼς
3264 1550 3364 1625 γὰρ
3394 1546 3744 1623 Ἡράκλειτος

2108 1638 2281 1715 ἔλεγε.
2332 1642 2401 1695 τὰ
2449 1640 2739 1716 πράγματα
2789 1640 2840 1694 ἐν
2900 1640 3000 1716 ῥοῇ
3053 1642 3141 1694 καὶ
3200 1638 3482 1713 ἀποῤῥοῇ.
3540 1637 3742 1706 Ὥσπερ

2108 1729 2209 1783 οὐκ
2265 1726 2404 1783 ἔστιν
2465 1729 2552 1784 ἐπὶ
2597 1734 2694 1784 τοῦ
2742 1728 3070 1806 παῤῥὲοντος
3132 1727 3395 1803 ῥεύματος
3440 1722 3520 1784 δὶς
3580 1723 3747 1798 βάψαι

353 1798 544 1853 tinum
587 1814 774 1869 usque
822 1802 1097 1869 Magnum
1147 1799 1386 1870 quidam
1434 1805 1587 1854 retro
1636 1801 1890 1853 nitentes
1936 1799 1997 1853 in

359 1886 461 1912 ,ιο-2
496 1886 808 1912 ε..-ι..ε;,...,.
859 1886 1263 1912 κΑ-ιεαιι-Αιιη-Ι.
1335 1892 1624 1912 -..ρει--..ι
1676 1887 1839 1912 ιιι-..
1877 1886 1999 1912 -..2,-

2124 1818 2197 1870 τὸν
2247 1814 2510 1872 δάκτυλον
2571 1817 2658 1872 ἐπὶ
2716 1823 2813 1872 τοῦ
2868 1817 3029 1872 αὐτοῦ
3083 1816 3171 1871 καὶ
3223 1816 3334 1876 ἐνὸς
3367 1811 3583 1878 ὕδατος,
3626 1806 3751 1863 οὐδὲ

356 1886 465 1942 etsi
488 1886 810 1955 jactatione
859 1886 1286 1957 pertingebant,
1334 1892 1628 1942 auctorem
1676 1887 1843 1941 illum
1877 1886 2001 1940 suis

2124 1905 2289 1959 ιτάσιν
2349 1906 2521 1981 εὑρεῖν
2580 1902 2747 1960 ἔνεστι
2794 1912 2901 1960 τῶν
2945 1904 3275 1981 πραγμάτων
3327 1900 3482 1971 δίκην
3535 1897 3749 1973 ἀείρῥου

356 1975 680 2045 majoribus
713 1974 922 2030 talium
955 1975 1137 2031 fuisse
1168 1976 1477 2031 nominum
1524 1977 1776 2031 ferentes
1802 1993 1814 2042 ;
1842 1976 1992 2046 quod

358 2064 467 2119 etsi
497 2062 810 2118 ridiculum
843 2061 1025 2129 dictu,
1056 2079 1189 2117 cum
1219 2064 1583 2118 Constantini
1637 2064 1828 2147 Magni
1884 2079 2001 2117 aevo

358 2167 462 2206 nec
490 2150 659 2221 longe
691 2155 892 2221 postea
923 2151 1045 2206 ista
1078 2152 1269 2206 adhuc
1301 2151 1537 2208 minutae
1562 2152 1845 2223 dynastias
1871 2167 2004 2206 con-

360 2238 577 2295 stitutas
608 2239 884 2303 fuissent,
916 2239 1073 2293 haud
1104 2243 1301 2294 tamen
1350 2245 1700 2310 aspernatus
1732 2245 1820 2294 est
1866 2240 2003 2294 Gre-

362 2342 554 2397 goras,
586 2327 738 2398 apud
772 2343 945 2397 quem
972 2328 1089 2381 haec
1129 2327 1381 2398 legimus
1406 2327 1444 2381 l.
1481 2344 1578 2395 vn,
1614 2344 1670 2398 p.
1696 2328 1797 2380 109
1820 2328 2004 2383 :656

361 2414 422 2470 Ὀ
479 2410 536 2467 δὲ
590 2413 880 2475 Ῥωσσικὸς
930 2414 1031 2483 τήν
1089 2434 1147 2467 τε
1196 2415 1377 2467 στάσιν
1436 2414 1520 2468 καὶ
1573 2414 1634 2467 τὸ
1686 2414 1899 2484 ἀξίωμα
1944 2414 2005 2468 τὸ

363 2500 449 2556 ἐπὶ
504 2506 605 2570 τῆς
677 2501 949 2577 τραπέζης
1001 2502 1149 2574 παρὰ
1201 2506 1298 2555 τοῦ
1362 2501 1605 2575 μεγάλου
1660 2500 2005 2575 κεκλήρωται

366 2589 793 2646 Κωνσταντίνου.
857 2590 914 2643 '0
966 2585 1024 2642 δὲ
1070 2588 1576 2658 Πελοποννησιακὸς
1622 2590 1683 2644 τὸ
1710 2593 1809 2642 τοῦ
1842 2589 2008 2663 Πρίγ-

365 2696 552 2743 κιπος,
612 2677 639 2729 δ
698 2673 754 2730 δὲ
807 2683 905 2745 τῆς
955 2677 1210 2745 Ἀττικῆς
1255 2697 1313 2731 τε
1360 2676 1450 2731 καὶ
1494 2678 1731 2746 Ἀθηνῶν
1764 2676 2009 2750 ἀρχηγὸς

368 2765 431 2818 τὸ
486 2768 582 2818 τοῦ
642 2766 884 2839 μεγάλου
938 2762 1154 2837 δουκὸς,
1214 2767 1240 2820 ὁ
1275 2763 1331 2819 δὲ
1360 2772 1459 2834 τῆς
1492 2765 1757 2827 Βοιωτίας
1782 2766 1873 2819 καὶ
1902 2770 2009 2818 τῶν

374 2846 569 2921 Θηϐῶν
590 2852 652 2905 τὸ
681 2856 776 2906 τοῦ
827 2852 1062 2927 μεγάλου
1106 2854 1493 2928 πριμικηρίου,
1546 2855 1573 2907 ὁ
1607 2852 1664 2908 δὲ
1691 2860 1790 2922 τῆς
1846 2852 2011 2926 μεγά-

377 2938 487 3009 λης
537 2941 702 3010 νήσου
738 2939 988 3003 Σικελίας
1045 2943 1107 2996 τὸ
1164 2945 1263 2995 τοῦ
1315 2940 1503 3017 ῥηγὸς,
1530 2941 1621 2996 καὶ
1653 2940 1816 2996 ἄλλοι
1848 2939 2009 2996 ἄλλα.

374 3031 630 3085 Rossicus
685 3036 892 3085 statum
930 3040 981 3086 et
1047 3032 1371 3102 dignitatem
1412 3034 1666 3103 praefecti
1724 3047 1929 3088 mensw
1982 3048 2017 3085 α

373 3134 573 3189 magno
655 3123 881 3174 sortitus
936 3124 1015 3174 ut
1086 3118 1459 3189 Constantino,
1521 3121 2016 3191 PeIOponnesiacus

373 3222 499 3261 vero
526 3205 797 3277 principis
847 3206 1095 3272 titulum,
1125 3208 1319 3264 Atticae
1368 3216 1552 3262 autem
1580 3213 1634 3262 et
1678 3208 2012 3261 Athenarum
2042 3199 2085 3265 C

373 3294 623 3365 dynasta
653 3310 856 3350 nomen
886 3295 1080 3367 magni
1100 3294 1254 3352 ducis
1292 3296 1375 3355 (P.
1408 3296 1555 3366 460).
1584 3296 1650 3350 At
1677 3298 1772 3365 qui
1792 3292 2015 3349 Bazotiae

374 3392 428 3437 et
456 3382 644 3437 Thebis
665 3385 887 3454 praeest,
919 3382 1110 3453 magni
1153 3383 1469 3454 primicerii
1504 3385 1731 3438 titulum
1756 3380 2013 3448 obtinuit,

378 3471 457 3524 uti
485 3477 536 3525 et
581 3472 750 3540 regis,
802 3470 899 3541 qui
925 3487 1191 3540 magnam
1237 3472 1478 3526 insulam
1506 3469 1724 3526 Siciliae
1769 3470 1929 3524 habet
1958 3469 2018 3523 in

377 3560 653 3627 potestate,
685 3566 736 3613 et
782 3557 890 3613 alii
937 3558 1071 3613 alia.
1107 3560 1193 3614 Ita
1219 3559 1300 3614 ibi
1351 3564 1657 3630 Gregoras,
1712 3558 1813 3629 qui
1845 3558 2018 3628 paulo

378 3649 511 3716 post
540 3646 703 3701 addit
733 3647 804 3701 de
836 3646 1111 3702 Thebano
1131 3648 1377 3718 dynasta
1400 3664 1523 3716 quae
1542 3645 1921 3718 singulariter
1944 3646 2016 3701 ad

377 3750 500 3788 rem
534 3738 793 3790 nostram
825 3734 1051 3790 faciunt
1081 3751 1094 3790 :
1123 3732 1227 3787 Τὸν
1262 3733 1366 3805 γάρ
1396 3753 1483 3787 τοι
1511 3738 1613 3801 τῆς
1638 3731 1899 3793 Βοιωτίας
1930 3732 2017 3785 καὶ

374 3823 482 3874 τῶν
514 3815 706 3890 Θηϐῶν
734 3819 1009 3896 ἀρχηγὸν,
1059 3820 1174 3875 ἀντὶ
1213 3818 1456 3893 μεγάλου
1506 3820 1894 3893 πριμικηρίου,
1927 3819 2020 3891 μὲ-

374 3928 471 3982 γαν
521 3908 709 3983 κύριον
761 3908 1089 3982 ὀνομάζουσι
1136 3913 1252 3977 νῦν,
1298 3908 1375 3970 εἷς
1407 3911 1567 3962 τοῦτο
1598 3907 2019 3982 παρενεχθέντες

376 3995 437 4050 ἐκ
463 4002 560 4051 τοῦ
586 3999 986 4073 παρενεχθῆναι
1014 3999 1114 4066 τὴν
1152 3998 1377 4071 πρώτην
1429 3990 1732 4065 συλλαϐήν.
1780 3997 2022 4053 Videtur

377 4086 524 4143 velle
542 4104 649 4144 usu
671 4092 729 4144 et
756 4088 914 4159 vulgi
937 4088 1308 4160 corruptione
1330 4093 1472 4142 tunc
1492 4085 1812 4141 invaluisse
1832 4086 2023 4141 utdux

376 4173 836 4247 Thebarum,qui
853 4175 991 4232 olim
1007 4192 1221 4249 magnu
1233 4193 1260 4231 s
1278 4173 1646 4245 primicerius
1661 4177 1817 4229 esset
1830 4173 2020 4229 dictus

379 4262 767 4335 πριμικήριος,
800 4264 1020 4320 sensim
1052 4264 1398 4334 compendio
1453 4262 1650 4335 κήριον
1679 4260 1890 4317 cerium
1920 4279 2023 4333 pro

386 4351 720 4423 primicerio
752 4354 1090 4422 vocitatum,
1122 4369 1188 4409 ac
1244 4351 1494 4423 denique
1534 4351 1593 4405 in
1646 4367 1783 4406 voce
1828 4351 2024 4424 κήριος

381 4441 702 4497 secundam
765 4440 1021 4497 litteram
1082 4444 1387 4507 mutatam,
1420 4447 1485 4495 ut
1535 4436 1722 4512 κύριος
1773 4455 1874 4509 pro
1918 4438 2024 4507 κή-

385 4546 500 4601 ριος
534 4528 844 4600 diceretur,
896 4533 952 4585 et
1007 4530 1279 4599 adjuncta
1323 4544 1496 4599 quam
1549 4543 1780 4597 semper
1817 4526 2096 4614 habuitD

382 4617 769 4688 appellatione
801 4618 1017 4691 magni.
1051 4616 1213 4690 μέγας
1238 4615 1447 4690 κύριος,
1481 4632 1714 4686 magnus
1742 4617 2017 4671 dominus.

456 4706 514 4760 P.
545 4707 670 4763 324.
705 4706 900 4761 Videri
933 4710 1124 4778 potest
1166 4705 1285 4761 haec
1334 4704 1598 4760 scribens
1644 4703 2024 4775 Pachymeres

384 4795 443 4850 in
472 4796 672 4853 animo
704 4796 985 4852 habuisse
1013 4795 1146 4851 illos
1178 4811 1379 4851 versus
1411 4792 1738 4865 Euripidis:

456 4926 622 5001 Φιλεῖ
648 4948 700 4983 τι
732 4928 980 5001 πόλεμος
1015 4927 1075 4983 οὐ
1107 4925 1261 4981 πάντ’
1293 4927 1563 5001 εὐτυχεῖν,

460 4997 718 5074 130075va
731 4998 791 5074 δὲ
820 4996 1001 5074 χαίρει
1033 4996 1592 5074 πτώμασιν-νεανίων,

459 5070 667 5144 Κακους
698 5069 755 5126 δὲ
789 5067 1064 5144 μ’ἶσεῗηΤῇ
1096 5067 1254 5144 πόλει
1291 5069 1383 5142 μὶν
1418 5067 1526 5144 οὖν-
1550 5068 1706 5144 voco:

456 5139 586 5198 Τόδ’
615 5137 749 5217 ἔστι,
778 5137 921 5198 τοῖσι
953 5141 1011 5197 δὲ
1034 5137 1384 5197 κατθανοῦσιν
1416 5138 1649 5200 εὐκλεὲς.

456 5279 517 5330 Ρ.
577 5277 702 5332 334.
768 5272 990 5337 ’Ἄλλως
1055 5273 1192 5348 ἔγνω
1252 5271 1584 5347 παρακαλεῖν
1642 5268 1733 5324 καὶ
1808 5270 2022 5345 Θερμῶς

387 5360 665 5418 ἱκετεύειν.
692 5365 898 5421 Fateor
946 5364 1042 5420 hic
1072 5365 1223 5419 clare
1273 5379 1386 5419 non
1428 5361 1540 5417 dici
1585 5366 1769 5415 Deum
1794 5359 2022 5414 invocas

384 5450 516 5504 tum
548 5467 582 5505 a
615 5450 875 5522 despota,
910 5451 1063 5522 quod
1095 5456 1290 5506 tamen
1325 5449 1381 5503 in
1415 5446 1891 5517 interpretatione
1924 5462 2028 5518 pou

390 5537 505 5591 sui.
538 5539 949 5607 Conjecturam
1000 5542 1197 5593 tamen
1246 5553 1361 5592 non
1404 5552 1553 5589 vana
1583 5539 1674 5589 est
1701 5534 1755 5588 id
1791 5549 2026 5605 quoque

389 5625 582 5681 verbis
651 5625 770 5683 illis
845 5624 1175 5702 παρακαλεῖν
1253 5632 1310 5683 et
1384 5621 1636 5678 ἱκετεύειν
1692 5624 2025 5696 signiﬁcare

2111 1992 2375 2069 ῥεύματος
2418 1995 2899 2069 παρατρεχόντων.
2946 1996 3077 2052 Hec
3106 1995 3241 2057 ille;
3298 2006 3547 2064 quorum
3587 1986 3753 2041 auxi-

2111 2082 2187 2137 lio
2210 2084 2437 2139 confido
2471 2099 2563 2138 me
2597 2086 2744 2141 657
2780 2102 2979 2139 verum
3016 2082 3272 2139 auctoris
3300 2096 3537 2135 sensum
3569 2077 3751 2129 inter-

2114 2171 2396 2239 pretando
2448 2172 2826 2243 expressisse.
2885 2173 3049 2227 Mitto
3099 2184 3360 2242 querere
3410 2166 3564 2222 unde
3612 2163 3753 2217 istas

2114 2257 2354 2327 Diogeni
2391 2260 2608 2315 Laertio
2642 2262 2817 2331 (quod
2853 2261 3088 2331 quidem
3140 2257 3473 2331 repererim)
3524 2254 3753 2325 ignotas

2116 2344 2389 2401 Heracliti
2421 2354 2476 2403 et
2506 2349 2713 2421 Cratyli
2756 2366 3002 2421 gnomas
3042 2348 3305 2403 hauserit
3334 2347 3751 2416 Pachymercs;

2117 2433 2218 2500 qui
2248 2434 2451 2505 utique
2484 2436 2700 2491 vidisse
2734 2436 2921 2491 multa
2973 2437 3163 2508 potuit
3194 2437 3560 2491 monument»
3601 2430 3754 2483 Grae-

2120 2534 2343 2592 corum,
2372 2541 2497 2594 quas
2531 2542 2637 2579 nos
2674 2525 2885 2579 latent:
2916 2529 2973 2581 et
2997 2525 3184 2580 tuisse
3228 2522 3567 2593 diligentem
3602 2514 3753 2570 unti-

2121 2610 2362 2679 quitatis
2395 2613 2874 2686 investigatorum
2906 2615 3049 2671 satis
3080 2617 3340 2685 apparet.

2192 2699 2253 2754 P.
2286 2700 2412 2755 342.
2466 2703 2802 2759 Monasterio
2856 2704 2978 2771 Deo,
3014 2704 3109 2773 qui
3137 2704 3231 2768 est,
3283 2715 3437 2754 sacro
3466 2697 3617 2768 (nam
3641 2696 3757 2751 1ιᾶἲο

2122 2788 2271 2859 erat:
2290 2790 2592 2859 peculiaris
2640 2791 2830 2846 domus
2864 2795 2984 2861 ejus
3013 2790 3391 2860 nuncupatio).
3428 2786 3648 2840 Grzrce:
3679 2784 3756 2853 Τῇ

2128 2878 2269 2947 μονῇ
2322 2876 2416 2929 τοῦ
2457 2872 2612 2938 ὄντος
2659 2882 2790 2931 Θεοῦ
2845 2881 2942 2949 (τῷ
3004 2878 3108 2952 γὰρ
3168 2871 3281 2929 ὄντι
3339 2872 3540 2946 κυρίως
3590 2888 3756 2939 προσ-

2123 2963 2405 3037 ανὲκειτο).
2435 2965 2557 3033 His,
2591 2967 2649 3021 ni
2681 2966 2867 3034 fallor,
2900 2966 3307 3038 {significatum
3362 2962 3516 3015 istud
3550 2959 3606 3012 in
3642 2973 3754 3027 quo

2122 3051 2482 3109 Blemmidas
2504 3055 2767 3124 debebat,
2790 3054 3211 3110 monasterium
3228 3050 3596 3123 peculiariter
3617 3063 3759 3099 nun-

2125 3146 2402 3213 cupatum
2452 3143 2630 3199 fuisse
2674 3147 2789 3215 Θεῷ
2842 3148 2922 3215 τῷ
2951 3142 3085 3198 ὄντι.
3149 3142 3444 3196 Alluditur
3494 3138 3562 3192 ad
3614 3135 3755 3188 illud

2126 3230 2324 3296 Exodi,
2356 3249 2441 3301 III,
2476 3232 2561 3299 14,
2590 3233 2760 3303 juxta
2789 3234 2944 3303 LXX,
2976 3232 3074 3288 Dei
3111 3233 3180 3286 ad
3202 3231 3435 3302 Moysen
3467 3223 3607 3298 Ἐγώ
3640 3220 3756 3292 εἶμι

2124 3314 2151 3367 ὁ
2186 3314 2281 3372 ὥν.
2314 3319 2400 3386 (Ρ.
2434 3320 2553 3389 461)
2604 3320 2766 3376 Unde
2816 3326 2905 3376 est
2932 3325 2988 3376 et
3016 3322 3190 3391 Apoc.
3252 3335 3294 3383 ι,
3326 3317 3392 3371 1i:
3429 3313 3593 3385 Χάρις
3626 3309 3753 3380 ὑμῖν

2123 3402 2435 3477 καῖζεῖρήνη
2479 3406 2583 3460 ἀπὸ
2631 3411 2727 3460 τοῦ
2756 3408 2817 3463 '0
2850 3404 2946 3475 ὢν,
2997 3413 3107 3463 etc.
3158 3406 3434 3476 Proprius
3475 3399 3754 3455 nimirum

2126 3490 2429 3548 character
2459 3500 2679 3550 naturas
2715 3496 2837 3564 Dei,
2882 3501 3172 3568 quatenus
3221 3497 3592 3562 comparatur
3623 3502 3751 3540 cum

2127 3577 2354 3648 creatis,
2387 3585 2475 3634 est
2533 3598 2762 3653 semper
2800 3587 2856 3637 et
2902 3582 3229 3639 necessario
3287 3578 3580 3635 exsistere.
3615 3572 3759 3627 Huic

2127 3679 2263 3736 θῐέο
2300 3667 2548 3739 principi
2579 3670 2744 3739 quasi
2777 3670 2878 3725 Dei
2902 3670 3182 3726 attribute
3204 3664 3578 3737 singulariter
3598 3660 3760 3715 dica-

2126 3757 2253 3810 tum
2285 3755 2547 3811 voluerat
2576 3757 2930 3813 Blemmidas
2962 3773 3135 3813 suum
3170 3754 3606 3810 monasterium.

2199 3860 2282 3930 (Ρ.
2344 3862 2489 3933 483).
2546 3868 2607 3917 Ρ.
2666 3863 2790 3916 342.
2840 3860 2939 3922 Εἲς
2997 3857 3340 3935 περιποίησίν
3394 3877 3471 3910 τε.
3521 3853 3646 3924 Agit
3690 3852 3760 3904 de

2129 3953 2362 4004 centum
2394 3951 2565 4006 libris
2611 3953 2736 4006 auri
2764 3955 2925 4019 (nam
2971 3951 3288 4006 Vaticanus
3334 3946 3546 4001 diserte
3586 3941 3761 3995 habet

2129 4035 2313 4089 ἑκατὸν
2348 4034 2538 4110 λίτρας
2573 4038 2825 4112 χρυσίου)
2857 4057 3001 4111 quas
3029 4037 3384 4095 Blemmidas
3417 4036 3758 4088 testamento

2128 4125 2357 4197 legebat
2404 4129 2788 4200 monasterio}
2808 4129 2868 4183 in
2903 4134 3036 4200 {quo
3067 4126 3331 4198 degebat,
3365 4121 3438 4181 εἰς
3468 4116 3761 4192 περιποίη-

2128 4233 2233 4267 σιν·
2267 4232 2393 4286 (1Πῶ
2428 4224 2620 4273 tamen
2672 4235 2905 4273 summa
2950 4219 3082 4289 post
3105 4216 3233 4287 ejus
3279 4216 3542 4272 mortem,
3601 4206 3762 4261 nulla

2131 4303 2352 4359 ratione
2390 4307 2723 4362 testamenti
2768 4306 2987 4371 habita,
3039 4297 3400 4377 προσανενὲθη
3432 4300 3499 4369 τῇ
3531 4292 3760 4367 Μεγάλη

2130 4387 2395 4461 ἐκκλησίᾳ
2425 4391 2501 4453 εἷς
2548 4390 2923 4467 περιποίησιν,
2956 4396 3021 4448 ut
3068 4388 3239 4462 paulo
3270 4387 3513 4442 inferius
3553 4384 3766 4437 dicitur

2133 4478 2241 4535 hoc
2276 4481 2478 4536 eodem
2513 4483 2721 4553 capite.
2754 4482 2877 4545 Qua
2920 4480 3155 4536 notione
3201 4480 3513 4546 usurparet
3543 4469 3762 4541 Pachy-

2132 4584 2319 4623 meres
2378 4569 2437 4623 in
2468 4569 2586 4640 {his
2645 4569 2874 4625 duobus
2930 4568 3073 4625 locis
3131 4582 3325 4622 vocem
3392 4558 3766 4634 περιποίησις,

2133 4656 2413 4726 quaerenti
2448 4656 2595 4711 mihi
2617 4658 2870 4713 occurrit
2894 4656 3213 4729 Hesychius
3247 4653 3341 4723 qui
3370 4649 3505 4722 σμὸν
3531 4646 3764 4700 πλεονα-

2134 4743 2270 4815 σμὸν
2314 4761 2440 4799 eam
2497 4745 2929 4818 interpretatur.
2979 4745 3125 4801 Nam
3165 4743 3222 4797 in
3284 4742 3411 4811 ejus
3454 4738 3631 4792 lexico
3682 4734 3765 4789 sic

2131 4831 2383 4903 legimus
2433 4832 2651 4888 hodie:
2727 4830 3099 4907 Ηεριποίησις,
3159 4824 3525 4897 πλεονασμὸς,
3576 4823 3763 4889 κτῆσις

2134 4919 2301 4975 Forte
2351 4919 2497 4976 alias
2526 4921 2847 4993 lllegebatur
2897 4918 3240 4990 πλεονασμὸς
3280 4916 3543 4984 κτήσεως,
3577 4912 3763 4966 aliun-

2135 5006 2335 5062 dantia
2368 5009 2783 5079 possessionis,
2832 5024 3041 5063 novum
3099 5009 3316 5062 bonum
3365 5002 3644 5058 accedens
3694 4998 3763 5051 ad

2135 5095 2297 5165 prius
2328 5101 2514 5167 parta,
2548 5101 2606 5151 et
2650 5102 3027 5168 augmentum
3078 5091 3489 5165 superveniens
3534 5103 3763 5159 posses-

2133 5182 2589 5255 sioniqantiquas,
2620 5184 2778 5239 velut
2827 5184 3204 5240 adventitium
3255 5178 3545 5251 peculium
3586 5172 3763 5229 veteri

2134 5272 2484 5341 patrimonio
2515 5272 2981 5343 superadditum.
3012 5272 3076 5327 Id
3105 5269 3330 5326 erudite
3369 5265 3639 5337 vulgatus
3672 5264 3761 5316 in-

2133 5363 2357 5431 terpres
2391 5361 2603 5433 Ephes.
2637 5378 2679 5429 1,
2706 5362 2773 5417 44
2804 5361 3089 5435 expressit
3122 5355 3402 5414 vocabulo
3448 5352 3766 5426 acquisitio-

2132 5448 2245 5505 nis.
2281 5448 2442 5513 Quod
2478 5449 2556 5504 ibi
2587 5448 2809 5524 κυρίως,
2842 5451 2904 5505 in
2926 5448 3115 5504 stricta
3150 5447 3492 5518 praprictate,
3522 5459 3762 5497 sumen—

2133 5537 2297 5602 dum,
2334 5542 2398 5592 ut
2446 5543 2615 5593 sonet
2670 5537 2969 5609 quidpiam
3019 5535 3540 5607 superadjunctum
3590 5537 3761 5587 antea

2134 5623 2413 5695 quasitis.
2436 5626 2623 5688 Quare
2655 5626 2874 5680 frustra
2892 5627 3196 5697 argutatur
3214 5626 3455 5678 novator
3474 5619 3758 5693 interpres
