4122 6272
414 345 554 404 1119

1449 351 1513 401 Ρ.
1553 346 1831 401 POSSINI
1867 340 2475 398 OBSERVATIONUM
2511 344 2643 397 LIB.
2683 343 2756 396 II.

3661 325 3813 383 M20

416 475 475 525 et
506 471 607 541 qui
637 486 769 525 eum
812 470 1016 525 laudat
1063 470 1347 525 Henricus
1398 470 1735 541 Stephanus
1797 468 1856 521 in
1910 466 2053 520 The-
2081 464 2136 530 Α
2166 458 2290 535 ὅρια
2318 469 2383 520 ut
2412 464 2563 519 idem
2597 480 2726 521 esse
2775 463 3086 518 videretur.
3137 458 3317 513 Sonat
3356 456 3550 509 autem
3586 470 3813 522 μεσημ-

416 575 590 613 sauro
619 562 823 612 Graecae
856 558 1092 629 linguae,
1125 559 1266 612 dum
1313 557 1577 612 instincti
1627 562 1872 626 uterque
1916 552 2051 608 libi-

416 647 549 700 dine
580 647 980 702 calumniandi
1012 652 1261 701 veterem
1295 663 1405 700 usu
1436 645 1702 699 Ecclesia:
1744 644 2049 715 probatam

416 734 556 790 Novi
588 736 923 789 testamenti
955 736 1302 801 versionem,
1345 735 1707 789 contendunt
1757 728 2047 804 περιποίη-

415 842 495 873 σιν
528 822 624 877 illo
658 822 917 893 Apostoli
949 822 1073 877 loco
1106 839 1314 877 sonare
1333 822 1693 877 assertionem
1725 822 1842 875 sive
1869 818 2049 873 vindi-

417 914 701 976 cationem,
726 912 879 981 quod
901 928 1074 981 quam
1109 911 1462 982 sitineptum
1516 910 1736 981 patebit
1768 927 1835 964 ex
1860 907 2048 963 consi-

417 1000 714 1054 deratione
742 1001 1051 1054 verborum
1078 1000 1260 1054 sancti
1284 999 1469 1053 Pauli.
1500 1000 1648 1054 Sunt
1679 1002 1873 1053 autem
1907 997 2045 1051 haec:

413 1086 515 1146 ’Ός
574 1085 714 1139 ἐστιν
761 1081 1010 1160 ἆῤῥαϐὼν
1057 1092 1154 1153 τῆς
1197 1083 1569 1159 κληρονομίας
1620 1086 1777 1156 ἡμῶν
1807 1083 1881 1144 εἷς
1916 1083 2047 1137 ἀπο-

416 1172 685 1247 λύτρωσιν
772 1180 872 1241 τῆς
954 1175 1296 1247 πιριποιήσε.
1395 1176 1528 1240 Quae
1613 1174 1696 1228 sic
1778 1173 2049 1243 vulgatus

415 1264 623 1317 vertit:
659 1264 765 1330 Qui
807 1263 1109 1333 (nimirum
1142 1265 1409 1333 ,Spiritus
1454 1265 1714 1334 sanctus)
1744 1267 1819 1317 est
1848 1266 2051 1330 pignus

418 1352 755 1405 haereditatis
806 1355 1007 1406 nostra:
1055 1351 1116 1407 in
1157 1354 1587 1423 redemptionem
1645 1350 2048 1422 acquisitionis.

417 1440 654 1510 Nempe,
688 1444 750 1493 ut
779 1445 1012 1495 enarrat
1042 1440 1490 1512 Chrysostomus
1530 1441 1683 1494 hunc
1713 1440 1932 1501 locum,
1956 1437 2047 1492 his

420 1528 516 1599 qui
552 1528 725 1583 ﬁdem
760 1532 815 1581 et
857 1528 1199 1583 charitatem
1254 1529 1489 1594 habent,
1526 1530 1645 1597 jam
1696 1544 1849 1581 nunc
1880 1527 2052 1581 datur

412 1616 514 1686 jus
541 1616 611 1669 ad
664 1615 1084 1684 hereditatem,
1134 1618 1303 1685 cujus
1352 1620 1798 1687 repraesentetur
1841 1616 2050 1686 pignus

420 1709 476 1758 et
514 1703 720 1758 arrha:
758 1704 896 1775 quin
930 1708 986 1757 et
1016 1706 1143 1773 ejus
1182 1705 1350 1773 quasi
1398 1704 1729 1759 substantia
1759 1704 2055 1759 confertur

2161 546 2288 623 ϐρία
2318 553 2645 608 meridiem.
2695 551 2778 605 Ibi
2822 549 2964 603 latet
3010 544 3319 601 antithesis
3367 543 3435 596 ad
3497 538 3646 592 σκιὰν
3678 555 3811 592 um-

2163 642 2334 697 bram.
2370 644 2430 697 ld
2474 642 2581 697 etsi
2646 640 2803 693 dictu
2863 651 3127 707 parvum,
3200 629 3580 687 admonuisse
3637 642 3816 696 opor-

2160 732 2288 800 tuil,
2322 748 2394 786 ne
2442 732 2713 786 lectorem
2764 729 2855 783 hic
2907 725 3221 780 offenderet
3276 716 3688 788 intempestiva
3748 718 3811 770 et

2162 814 2555 891 ἀπροσδιόυσος
2587 820 2710 871 visa
2735 816 2953 871 umbrae
2984 810 3221 867 mentio.

2231 928 2292 982 P.
2324 926 2447 981 349.
2499 919 2627 979 08‘s
2679 920 2919 988 Μύτζης.
2966 923 3038 973 Ut
3080 933 3203 987 quae
3257 916 3362 969 hoc
3418 911 3605 981 capite
3647 910 3805 964 refe—

2161 1021 2373 1071 runtur
2403 1013 2823 1083 intelligantur,
2849 1006 3223 1079 repetendum
3256 1021 3323 1059 ex
3344 999 3613 1071 superius
3639 1014 3810 1069 spar-

2160 1106 2271 1161 sim
2333 1103 2582 1159 narratis
2637 1117 2669 1154 a
2736 1097 3088 1169 Pachymere
3145 1101 3199 1148 et
3263 1108 3331 1145 ex
3383 1093 3634 1158 Gregora
3691 1090 3808 1151 est,

2158 1193 2444 1249 Joannem
2474 1190 2905 1259 imperatorem,
2940 1198 3109 1254 quem
3143 1180 3530 1249 Pachymeres
3563 1175 3659 1229 hic
3688 1173 3811 1227 Du-

2160 1298 2284 1337 cam
2315 1283 2500 1345 vocat,
2556 1278 3010 1336 Cantacuzenus,
3061 1273 3119 1325 in
3170 1267 3504 1323 Praefatione
3536 1261 3809 1318 Historia:

2160 1370 2471 1436 Catatzam,
2533 1365 2627 1421 cui
2685 1363 3022 1418 Theodorus
3079 1356 3339 1412 Lascaris
3393 1354 3548 1425 prior
3608 1348 3809 1405 dotale

2161 1458 2473 1527 imperium
2517 1452 2945 1516 transmiserat,
2980 1450 3113 1502 data
3160 1446 3212 1501 ei
3243 1445 3303 1499 in
3354 1456 3592 1497 uxorem
3634 1440 3803 1492 Irene

2164 1526 2300 1612 ﬁlia,
2334 1546 2519 1599 ﬁlium
2552 1547 2608 1597 et
2639 1554 3033 1595 successorem
3056 1533 3284 1604 imperii
3306 1529 3584 1585 habuisse
3612 1526 3807 1580 Theo-

2162 1638 2391 1703 dorum,
2423 1630 2711 1687 Lascarim
2748 1645 2779 1682 a
2819 1630 3004 1681 matre
3034 1624 3280 1688 dictum,
3314 1622 3580 1689 nepotem
3612 1614 3809 1669 Theo-

2165 1722 2288 1778 dori
2347 1720 2607 1775 Lascaris
2667 1716 2862 1788 primi.
2906 1713 3051 1767 Huic
3110 1712 3463 1780 desponsam
3520 1703 3801 1759 Helenam

420 1791 713 1845 infusione
743 1792 942 1862 gratiae
976 1792 1315 1858 habitualis,
1352 1809 1467 1863 qua
1506 1792 1920 1847 constituimur
1948 1790 2050 1843 ﬁlii
2081 1814 2129 1878 Β
2155 1809 2760 1879 AsanisBulgamrum
2786 1801 3132 1873 regigﬁliam
3154 1802 3351 1851 narrat
3371 1789 3803 1863 Gregoras.l.u,

421 1879 542 1934 Dei.
568 1880 790 1934 Desunt
810 1884 1004 1934 tamen
1028 1880 1195 1935 nobis
1214 1880 1405 1935 adhuc
1446 1880 1627 1935 multa
1666 1886 1731 1935 ut
1760 1879 2053 1951 pervenia-

422 1984 554 2022 mus
598 1969 668 2023 ad
716 1968 1130 2039 perfectionem
1189 1974 1430 2039 sperata:
1483 1968 1795 2023 felicitatis.
1856 1967 2055 2022 Gratia

420 2056 601 2126 igitur
630 2057 780 2112 658
813 2056 1132 2111 habitualis
1160 2055 1557 2131 κληρονομίας,
1592 2056 1928 2111 ἡεενείίίιαιίδ
1956 2072 2052 2109 vo-

419 2145 626 2199 cabulo
684 2145 987 2215 signatur:
1050 2147 1204 2200 dona
1257 2151 1448 2200 autem
1535 2146 1795 2200 nondum
1854 2143 2055 2198 habita

420 2232 749 2288 necessaria
766 2234 1146 2303 perducendis
1162 2234 1329 2287 nobis
1350 2233 1419 2287 ad
1438 2234 1609 2287 ﬁnem
1628 2232 1900 2286 ultimum
1918 2247 2054 2285 con-

416 2326 726 2375 summates
761 2321 1161 2388 beatitudinis,
1194 2320 1619 2393 περιποιήσεως,
1672 2320 2057 2392 acquisitionis

416 2408 755 2463 indicantur
784 2410 975 2464 verbo.
1013 2409 1132 2464 Ista
1175 2410 1327 2463 dona
1356 2409 1513 2463 velut
1545 2410 1602 2464 in
1658 2409 1845 2464 aliena
1876 2424 2055 2462 manu

417 2497 603 2581 posita
628 2496 966 2552 redimenda
998 2497 1162 2551 nobis
1193 2502 1353 2563 sunt,
1386 2497 1491 2552 hoc
1540 2500 1627 2552 est
1662 2496 1972 2552 emerenda
2001 2499 2059 2550 et

416 2584 788 2656 1mpetranda
817 2586 986 2639 bonis
1012 2586 1286 2655 operibus
1318 2590 1374 2639 et
1418 2585 1707 2655 precibus.
1753 2585 1834 2639 Ne
1865 2587 2057 2639 autem

422 2676 800 2744 desperemus
830 2689 897 2727 ea
928 2674 1240 2742 impetrare
1268 2690 1334 2728 ac
1367 2674 1683 2744 promereri
1727 2690 1835 2728 nos
1867 2687 2061 2744 posse,

420 2762 596 2816 datur
626 2761 796 2817 nobis
827 2763 910 2821 (P.
945 2762 1072 2827 484)
1104 2778 1305 2817 eorum
1363 2778 1617 2833 praesens
1667 2762 1879 2833 pignus
1923 2778 2057 2816 san-

420 2854 551 2905 ctus
580 2850 861 2922 Spiritus,
905 2849 1179 2920 idemque
1226 2850 1675 2906 efﬁcacissimus
1715 2851 1947 2919 adjutor
1986 2850 2057 2904 ad

426 2939 786 3009 operandum
821 2940 975 3009 quod
1009 2956 1042 2993 a
1072 2938 1239 2994 nobis
1280 2940 1552 3011 exigitur,
1610 2943 1673 2993 ut
1701 2937 1926 3008 plenam
1961 2953 2057 2989 sa-

424 3027 603 3081 lutem
638 3044 1045 3098 assequamur.
1077 3028 1249 3083 Juxta
1277 3027 1433 3082 hunc
1479 3042 1713 3082 sensum
1768 3042 1943 3095 quam
1967 3041 2055 3079 re-

427 3120 514 3170 cte
546 3117 835 3171 cohaerent
866 3118 1037 3172 verba
1086 3116 1344 3188 Apostoli
1400 3116 1555 3169 videt
1614 3115 1870 3184 profecto
1920 3129 2059 3184 pru-

428 3204 573 3258 dens
603 3203 813 3272 lector;
843 3205 1138 3274 simulque
1167 3203 1445 3273 intelligit
1466 3219 1625 3273 quam
1648 3202 1867 3257 nullam
1900 3218 2060 3256 com-

428 3293 661 3347 modam
693 3293 1044 3348 sententiam
1099 3292 1312 3347 efﬁciat
1358 3291 1709 3346 Genevensis
1756 3288 2058 3360 expositio.

427 3382 561 3445 Quae
594 3386 683 3436 est
712 3381 865 3436 enim
894 3382 1189 3451 redemptio
1241 3379 1562 3435 assertionis
1618 3382 1712 3433 aut
1742 3378 2065 3433 vindicatio-

426 3469 569 3523 nis?
609 3472 681 3524 At
730 3470 1132 3542 acquisitionis,
1184 3470 1291 3524 hoc
1344 3474 1452 3539 est,
1503 3468 1582 3523 rei
1632 3469 1893 3523 nandum
1930 3484 2066 3539 pos-

431 3574 604 3612 sessas
638 3558 1021 3629 adjungendas
1054 3559 1123 3613 ad
1158 3558 1213 3613 id
1248 3558 1401 3629 quod
1428 3559 1551 3628 jam
1576 3556 1881 3625 habemus,
1900 3556 2065 3611 facile

434 3645 627 3716 quivis
660 3645 939 3719 perspicit
967 3647 1087 3703 ﬁeri
1123 3646 1545 3717 redemptionem
1594 3662 1784 3717 posse,
1818 3645 1927 3699 hoc
1957 3647 2065 3710 est,

439 3734 629 3803 parari
661 3751 787 3789 eam
821 3739 878 3789 et
908 3735 1076 3805 quasi
1110 3736 1261 3789 enim
1298 3734 1595 3806 persoluto
1624 3734 1806 3804 pretio
1839 3732 2065 3785 idoneo.

436 3820 600 3874 Certe
636 3821 852 3875 Latinis
885 3822 1266 3891 scriptoribus
1298 3839 1477 3893 prmas
1509 3821 1714 3876 classis
1746 3818 2071 3888 acquirendi

436 3908 672 3962 verbum
707 3908 857 3964 hanc
888 3910 1072 3980 ipsam
1129 3927 1303 3982 quam
1354 3910 1733 3981 exposuimus
1774 3906 2068 3961 notionem

439 3994 613 4050 habet
644 3998 941 4067 augmenti
972 4008 1022 4053 el
1055 3998 1370 4054 additionis
1402 4014 1578 4069 super
1610 3997 1773 4068 prius
1801 4010 2071 4066 possessa

435 4084 771 4140 cumulatae.
822 4087 939 4141 Cic.
998 4086 1168 4158 epist.
1201 4088 1256 4154 7,
1312 4086 1351 4141 l.
1386 4102 1484 4140 m:
1520 4092 1715 4140 Postea
1752 4100 1876 4139 vero
1908 4100 2072 4154 quam

434 4175 513 4227 ita
543 4173 751 4243 acecpi,
786 4173 864 4228 ita
895 4176 1038 4243 gessi
1066 4174 1301 4245 imperia
1332 4173 1619 4241 'maxima,
1671 4176 1729 4226 ut
1758 4171 1899 4226 mihi
1929 4172 2073 4225 nihil

433 4278 607 4331 neque
656 4262 726 4316 ad
755 4263 1015 4317 honorem
1071 4279 1244 4334 neque
1280 4262 1349 4317 ad
1387 4263 1630 4331 gloriam
1676 4260 2074 4332 acquirendum

432 4357 705 4421 putarem.
741 4351 902 4405 Idem
934 4350 994 4404 in
1052 4350 1290 4406 Catilin.
1357 4350 1495 4405 Nam
1525 4351 1671 4404 mihi
1699 4349 1915 4419 quidem
1963 4348 2075 4417 ipsi

437 4439 568 4510 quid
598 4447 675 4493 est
704 4439 841 4510 quod
873 4439 985 4506 iam
1036 4438 1105 4493 ad
1162 4439 1292 4495 vitae
1346 4442 1591 4508 fructum
1640 4438 1804 4507 possit
1833 4439 2070 4507 acquiri.

2162 1918 2218 1972 p.
2254 1900 2339 1963 13,
2374 1897 2543 1966 cujus
2573 1910 2736 1948 soror
2766 1892 2964 1959 Mytzee
2990 1888 3200 1956 conjux
3233 1884 3364 1951 fuit,
3401 1886 3463 1937 ut
3495 1896 3601 1935 nos
3633 1880 3806 1932 docet

2160 1968 2539 2058 i’achymeres
2561 1983 2670 2036 hoc
2704 1982 2847 2049 loco,
2890 1978 3135 2049 Mytzam
3168 1972 3318 2029 659
3341 1974 3400 2025 et
3428 1968 3802 2058 Theodorum

2164 2051 2456 2132 Lascarim
2508 2062 2885 2144 συγγάμϐρους
2936 2080 3169 2119 vocans.
3222 2062 3299 2115 Ex
3355 2059 3464 2113 hoc
3517 2051 3811 2144 Theodori

2164 2163 2428 2220 Lascaris
2458 2142 2697 2216 secundi
2731 2152 3106 2211 matrimonio
3156 2155 3355 2205 natam
3386 2148 3613 2201 Irenem
3647 2142 3801 2195 idem

2163 2254 2420 2309 Joannes
2453 2254 2642 2303 Ducas
2671 2243 2963 2300 Theodori
2998 2245 3159 2311 pater
3207 2237 3399 2293 adhuc
3428 2234 3629 2288 vivens
3659 2230 3812 2285 Con-

2164 2341 2419 2397 stantino
2471 2333 2767 2392 collocavit
2796 2331 2954 2397 huic,
3015 2330 3086 2383 de
3116 2342 3229 2395 quo
3279 2324 3374 2378 hic
3422 2325 3643 2384 noster,
3704 2317 3806 2389 qui

2162 2438 2385 2503 partem
2417 2425 2645 2499 generis
2683 2439 2753 2478 ex
2798 2420 3000 2476 Serbia
3045 2415 3335 2471 trahebat.
3387 2412 3561 2466 Recte
3611 2412 3803 2462 autem

2164 2525 2327 2576 vocat
2356 2497 2723 2571 Constantini
2761 2508 3070 2578 conjugem
3115 2505 3335 2559 lrenem
3386 2497 3611 2572 ἐκγόνην
3660 2498 3807 2550 Asa-

2167 2610 2276 2673 nis,
2309 2606 2417 2659 hoc
2465 2606 2553 2657 est
2600 2602 2850 2669 neptem,
2900 2593 3115 2665 quippe
3162 2608 3229 2646 ex
3280 2588 3499 2644 Helena
3528 2584 3805 2657 genitam,

2167 2693 2378 2752 Asanis
2410 2690 2551 2745 ﬁlia.

2240 2804 2297 2859 P.
2330 2801 2453 2855 360.
2488 2792 2806 2851 Cardinales
2836 2803 3099 2859 quwiiox,
3133 2790 3241 2840 etc.
3280 2782 3421 2837 Pius
3445 2780 3514 2841 Il,
3547 2775 3809 2832 oratione

2167 2894 2236 2947 ad
2272 2884 2619 2950 cardinales,
2653 2897 2777 2950 quas
2813 2880 3020 2948 {exstat
3067 2876 3381 2928 comment.
3416 2869 3453 2922 l.
3487 2883 3564 2934 1v,
3599 2864 3685 2918 sic
3716 2878 3813 2916 eos

2167 2975 2511 3047 compellat:
2564 2974 2672 3024 Vos
2694 2968 2814 3022 veri
2856 2962 3053 3018 mundi
3104 2958 3379 3026 cardines,
3404 2970 3575 3025 supra
3609 2951 3811 3022 quibus

2163 3041 2460 3123 militanti:
2473 3061 2674 3116 ostium
2695 3052 2960 3110 Eccleeias
2977 3048 3298 3105 volvendum
3318 3061 3380 3100 ac
3404 3041 3697 3113 regendum
3714 3042 3812 3092 est.

2092 3165 2135 3232 ί]
2176 3155 2402 3212 Ostium
2434 3153 2626 3205 autem
2664 3159 2811 3215 papa
2830 3144 3065 3195 vocatur
3092 3141 3154 3192 ut
3182 3132 3393 3191 Christi
3427 3124 3811 3197 vicarius,qui

2172 3247 2242 3301 de
2283 3258 2343 3298 se
2386 3240 2514 3310 ipso
2565 3234 2707 3289 dicit
2753 3229 3019 3297 Joannis,
3048 3244 3104 3293 x,
3152 3226 3223 3278 9:
3274 3227 3382 3291 Ego
3431 3236 3553 3274 sum
3592 3215 3809 3271 ostium.

2170 3331 2332 3398 Quod
2367 3305 2434 3382 de
2468 3321 2736 3391 auroﬁhic
2766 3316 3041 3373 scribitur
3068 3313 3137 3369 ad
3180 3308 3503 3366 cardinales
3535 3305 3718 3360 misso
3750 3306 3815 3356 ut

2172 3393 2379 3491 papam
2417 3430 2527 3485 quo
2558 3407 2784 3464 volebat
2825 3406 3141 3476 imperator
3172 3400 3489 3462 ﬂecterent,
3522 3393 3718 3463 accipe
3751 3393 3817 3442 ut

2175 3479 2463 3575 scriptum
2494 3518 2526 3555 a
2556 3496 2932 3554 schismatico
2972 3508 3065 3546 res
3112 3489 3445 3544 Latinorum
3477 3487 3535 3537 et
3563 3479 3819 3550 negotia-

2175 3566 2392 3650 tionem
2424 3604 2548 3659 quae
2582 3601 2735 3640 nunc
2767 3580 3152 3637 inchoabatur
3190 3569 3592 3630 conciliatonis
3624 3566 3817 3622 Eccle-

2176 3684 2397 3739 siarum
2432 3677 2714 3731 infamare
2747 3673 2993 3727 conante
3023 3662 3455 3736 suspicionibus
3487 3655 3818 3713 calumnio-

2177 3772 2279 3827 sis.
2315 3770 2503 3832 Quare
2534 3764 2584 3817 is
2616 3760 3021 3816 auctoritatem
3054 3754 3112 3808 in
3146 3753 3254 3807 hoc
3284 3749 3514 3820 quidem
3566 3762 3679 3799 non
3710 3742 3815 3796 ha-

2178 3861 2293 3924 bet,
2329 3855 2421 3911 cui
2452 3858 2579 3907 tuto
2632 3848 2804 3903 inniti
2846 3844 3132 3902 credendo
3178 3840 3431 3911 prudens
3465 3834 3671 3907 possit.
3708 3832 3819 3886 Nec

2179 3921 2328 4019 opus
2353 3947 2481 4000 orat
2510 3941 2941 4010 imperatorem,
2992 3931 3150 3986 haud
3208 3925 3426 3997 alioqui
3488 3921 3819 4018 prodigum:

2179 4008 2424 4106 pecunia
2455 4008 2643 4084 emere
2686 4038 3033 4079 consensum
3086 4016 3377 4087 pontiﬁcis
3426 4017 3529 4067 aut
3555 4008 3821 4065 cardina-

2180 4094 2325 4177 lium
2360 4122 2415 4174 in
2450 4111 3001 4187 {reconciliationem
3052 4105 3461 4171 Ecolesiarum,
3516 4115 3690 4170 quam
3742 4094 3822 4148 illi

2181 4226 2432 4280 semper,
2468 4210 2531 4259 ut
2561 4203 2732 4259 etiam
2761 4203 2958 4253 noster
2988 4195 3125 4250 alibi
3156 4209 3269 4247 non
3303 4189 3825 4251 dissimulat,sum-

2182 4272 2474 4352 mis-votis
2508 4289 2871 4361 optaverant,
2921 4284 3072 4339 ultro
3124 4281 3305 4352 parati
3350 4294 3453 4350 pro
3485 4294 3553 4332 ea
3592 4272 3824 4346 quidvis

2182 4384 2418 4458 pacisci.
2451 4382 2532 4436 Ad
2567 4375 2999 4448 impetrandum
3030 4387 3163 4426 vero
3199 4388 3231 4424 a
3264 4367 3539 4439 pontiﬁce
3570 4369 3635 4418 ut
3655 4363 3823 4417 Caro-

2184 4453 2223 4528 li
2292 4471 2443 4543 regis
2498 4469 2803 4523 adversum
2864 4478 2925 4516 se
2980 4457 3407 4529 expeditionem
3467 4453 3821 4524 prohiberet,

438 4526 1250 4633 ψῗιωιξωίῗωήωξιφυηᾶ
1280 4544 1495 4633 Pliaser
1519 4526 1713 4633 3W.”
1755 4525 2071 4633 gaicfitls
2100 4522 2148 4586 Β
2182 4560 2334 4633 quod
2355 4522 2537 4612 (i'acile
2568 4550 2912 4610 crediderim
2945 4564 3059 4618 prae
3108 4545 3381 4601 omnibus
3423 4522 3682 4597 voluisse
3715 4539 3821 4593 Mi-

437 4619 576 4669 sunt
631 4615 700 4668 ad
733 4614 1114 4670 evincendum
1171 4619 1367 4670 contra
1415 4614 1808 4670 cavillationes
1840 4616 2071 4667 novato-

438 4718 588 4771 rum,
620 4706 868 4757 veterem
900 4702 1272 4774 interpretem
1300 4703 1601 4774 vulgatum
1652 4720 1765 4759 non
1810 4702 2072 4773 potuisse

440 4790 653 4847 melius
720 4792 1041 4861 exprimere
1094 4792 1207 4845 vim
1252 4792 1459 4847 Graacm
1515 4793 1672 4847 vocis
1724 4790 2073 4865 περιποίησις

440 4896 615 4951 quam
634 4878 707 4944 ei,
732 4882 795 4933 ut
826 4879 977 4947 fecit,
1012 4881 1357 4950 opponendo
1379 4881 1725 4936 vocabulum
1764 4880 2072 4950 (requisitio;

444 4984 547 5021 nec
587 4983 693 5021 nos
725 4967 878 5036 quod
913 4971 1105 5021 noster
1152 4967 1258 5022 hoc
1314 4967 1437 5023 loco
1469 4969 1786 5023 historicus
1816 4966 1890 5028 εἰς
1923 4985 2077 5037 περι-

442 5053 663 5122 ποίησιν
718 5055 1063 5110 attributum
1114 5056 1275 5125 dicit,
1325 5055 1473 5111 male
1517 5057 1847 5113 declarasse
1874 5054 2077 5127 :verbis

441 5142 559 5197 illis
590 5144 647 5197 in
673 5148 1025 5214 augmentum
1048 5143 1411 5215 fundationis,
1447 5148 1556 5198 etc.

518 5267 600 5334 (Ρ.
634 5269 757 5337 461)
818 5286 872 5339 p.
932 5269 1054 5324 348.
1090 5271 1170 5323 Ne
1216 5269 1470 5323 umbram
1507 5267 1727 5339 quidem
1759 5269 1929 5324 ullius
1958 5284 2080 5322 mu-

443 5356 807 5412 nitiunculai'.
857 5357 919 5410 In
969 5356 1165 5411 Graeco
1224 5351 1364 5424 μηδὲ
1419 5353 1681 5428 φρουρίου
1730 5355 1903 5410 σκιάν.
1959 5357 2085 5409 Hac

447 5443 721 5499 alludunt
751 5444 819 5498 ad
852 5460 1051 5499 vocem
1087 5436 1458 5514 μεσημϐρείας
1492 5459 1625 5498 mox
1655 5444 1923 5515 positam.
1950 5444 2085 5508 Quae

448 5545 660 5583 nomen
694 5528 927 5600 quidem
956 5534 1079 5584 erat
1108 5534 1255 5584 notia
1287 5527 1473 5597 urbis,
1514 5530 1583 5585 de
1604 5546 1721 5601 qua
1750 5531 1843 5586 hic
1870 5531 2084 5600 agitur.

2179 4647 2460 4712 chaelem,
2512 4644 2653 4699 satis
2684 4642 2806 4712 ipse
2863 4634 3228 4707 intelligebat
3258 4633 3376 4687 fore
3406 4646 3607 4685 verum
3653 4644 3819 4683 suum

2180 4740 2237 4793 in
2271 4750 2468 4806 pacem
2495 4730 2880 4787 Ecclesiarum
2903 4722 3328 4795 procurandam
3355 4718 3684 4774 declarasse
3706 4721 3824 4771 stu-

2183 4826 2367 4881 dium.
2420 4820 2679 4890 Denique
2730 4818 2822 4872 hic
2870 4817 3097 4868 tantum
3156 4808 3551 4880 qualicunque
3584 4806 3697 4860 ﬁde
3730 4810 3827 4858 Pa—

2183 4914 2482 4985 chymeres
2514 4908 2766 4962 afﬁrmat
2786 4902 3049 4959 oblatum
3082 4900 3154 4953 ab
3178 4898 3532 4967 imperatore
3564 4894 3825 4949 cardina.

2187 4975 2343 5057 lib'us
2397 5012 2628 5061 aurum,
2689 4996 2991 5061 acceptum
3042 4989 3115 5042 ab
3171 4985 3243 5040 iis
3301 5000 3416 5039 non
3484 4983 3714 5038 asserit.
3764 4975 3832 5036 Et

2188 5088 2369 5144 fuisse
2400 5086 2623 5141 scimus
2672 5081 2906 5136 aliunde
2940 5077 3039 5131 illo
3086 5090 3201 5129 aevo
3250 5071 3575 5127 cardinales
3606 5070 3835 5141 aliquos

2188 5182 2309 5231 tam
2342 5177 2596 5236 sanctos,
2630 5169 2730 5241 qui
2763 5163 3179 5223 abstinentiam
3203 5159 3474 5227 Fabricii,
3498 5158 3831 5214 Samnitum

2192 5279 2401 5318 aurum
2430 5257 2818 5331 aspernantis,
2843 5253 2902 5307 in
2931 5268 2993 5306 se
3034 5248 3352 5305 desiderari
3403 5265 3514 5303 non
3548 5248 3830 5302 sinerent.

2264 5352 2329 5421 (P
2370 5350 2495 5416 462)
2543 5352 2604 5402 Ρ.
2645 5346 2769 5401 361.
2823 5341 2981 5409 Regii
3027 5336 3455 5393 archidiaconus
3510 5336 3667 5392 cieri.
3723 5337 3842 5388 Sae-

2195 5438 2328 5511 pius
2356 5436 2416 5491 in
2454 5436 2562 5491 hac
2595 5430 2841 5488 historia
2861 5427 3242 5497 Pachymeres
3274 5424 3497 5479 indicat
3530 5424 3713 5478 fuisse
3746 5423 3844 5475 do-

2196 5509 2469 5582 mesticos
2525 5523 2709 5579 clcros
2767 5515 3118 5591 principum.
3176 5512 3267 5567 Sic
3324 5512 3617 5583 superius,
3658 5527 3707 5565 c.
3740 5509 3835 5576 22,

449 5615 560 5671 Sed
586 5598 741 5688 quod
774 5622 890 5673 tam
936 5633 1115 5689 prope
1145 5616 1445 5674 accederet
1495 5618 1566 5674 ad
1620 5598 1821 5676 vocem
1874 5598 2089 5691 μὶσημ-
2195 5614 2238 5672 l.
2270 5630 2347 5684 1v,
2380 5612 2583 5671 scribit
2617 5606 2964 5680 Josephum,
3008 5605 3320 5672 antequam
3373 5600 3699 5657 monachus
3730 5598 3834 5654 ﬁe-
