4122 6272
305 370 439 439 1121

1879 374 2086 432 NOTB
2101 416 2109 426 .

3551 369 3691 428 1122

299 509 409 573 ret,
436 502 673 559 lectoris
705 501 965 557 ofﬁcium
1020 499 1348 555 exercuisse
1405 499 1466 554 in
1528 498 1678 554 clero
1739 499 1939 552 dome—
1967 498 2022 565 Α
2119 497 2181 554 Ρ.
2232 498 2358 552 366.
2420 497 2571 564 Quia
2630 493 2973 564 contingebat
3016 494 3298 565 frequenti
3365 497 3685 566 pontiﬁcum

300 594 447 649 stico
468 590 719 646 domina
750 589 964 644 Irenes.
994 588 1122 642 Hac
1156 587 1264 641 fuit
1292 587 1449 658 prior
1506 604 1649 642 uxor
1675 585 1943 657 limpera-

298 682 447 738 toris
476 678 718 735 Joannis
748 677 917 731 Duca
957 677 1171 746 sapius
1220 674 1525 729 memorati
1581 674 1640 727 in
1692 673 1941 727 Historia

301 768 528 839 Georgii
552 764 916 836 Acropolitae.
943 764 1035 818 Sic
1051 765 1122 817 de
1147 763 1355 817 Pinaca
1374 761 1728 831 Heracleota,
1753 762 1940 830 capite

299 873 434 913 mox
487 856 579 921 24,
640 853 718 905 ibi
775 856 999 915 narrat,
1060 850 1292 920 quando
1350 849 1401 903 ei
1460 854 1695 920 ereptus
1756 849 1941 901 honor

297 951 407 1012 est,
443 943 552 1014 ipsi
584 940 803 1011 alioqui
851 939 1104 1005 debitus,
1160 937 1540 993 consecrandi
1599 936 1940 1006 patriarcha

295 1032 557 1103 Josephi,
591 1030 791 1083 datum
823 1027 883 1081 in
916 1026 1192 1081 solatium
1254 1030 1318 1080 ut
1365 1025 1425 1080 in
1480 1024 1698 1095 palatio
1759 1023 1939 1078 sacris

297 1122 639 1191 speraretur
669 1134 682 1183 ;
717 1132 845 1186 qua
875 1130 988 1183 res,
1034 1118 1098 1169 ut
1145 1113 1355 1168 ibidem
1415 1117 1652 1182 petatur
1710 1111 1941 1181 magnis

295 1204 753 1263 auctoramentis
814 1206 1149 1273 quastuosa
1205 1206 1345 1255 erat.
1401 1202 1492 1255 Sic
1545 1204 1601 1254 et
1678 1200 1736 1253 in
1788 1198 1941 1255 aulis

299 1296 761 1351 Christianorum
795 1289 1183 1346 Occidentalis
1218 1291 1485 1345 Ecclesia
1516 1290 1937 1360 imperatorum

301 1402 367 1440 ac
401 1399 601 1454 regum
661 1380 927 1435 videmus
984 1377 1205 1447 templa
1287 1378 1550 1448 ipsorum
1623 1376 1941 1431 domestica

298 1490 439 1528 suos
468 1472 609 1525 item
644 1469 830 1524 cleros
860 1471 915 1523 et
943 1467 1397 1537 omnisordinis
1458 1466 1761 1520 ministros
1812 1466 1939 1535 jam

297 1562 438 1617 olim
469 1558 701 1614 habere.
736 1557 805 1612 Ut
852 1555 924 1609 de
976 1554 1106 1609 aliis
1164 1553 1391 1619 sileam,
1449 1552 1507 1607 id
1569 1553 1787 1624 prolixe
1838 1553 1938 1607 do-

297 1654 386 1703 cet
416 1647 670 1701 Historia
693 1646 919 1699 Sancta
951 1640 1237 1713 Cappella
1280 1644 1489 1697 domus
1547 1642 1705 1713 regis
1760 1642 1939 1695 Fran-

299 1737 398 1792 cia
429 1736 653 1790 dudum
688 1731 843 1787 edita
874 1747 1087 1802 magno
1118 1729 1435 1786 volumine.

2050 593 2225 641 morte
2281 587 2422 641 alios
2486 600 2557 639 ex
2612 583 2743 638 aliis
2790 599 2960 653 papas
3013 584 3154 653 ﬁeri.
3215 584 3351 638 Vere
3409 584 3517 640 hoc
3596 587 3688 641 di-

2049 678 2230 728 ctum.
2271 678 2415 727 Nam
2466 687 2567 742 per
2615 671 2735 725 hac
2787 675 3051 741 tempora
3103 664 3560 746 βραχυϐιώτεροι,
3624 679 3690 730 ut

2048 762 2131 817 sic
2162 761 2391 833 loquar,
2453 776 2632 831 quam
2685 761 2802 814 fere
2863 758 3007 813 alias
3066 759 3307 813 Romani
3382 762 3688 831 pontifices

2049 848 2227 916 fuere,
2264 848 2557 919 siquidem
2592 847 2910 902 Alexander
2940 850 3014 900 1V
3055 863 3155 901 sex
3208 853 3439 903 tantum
3501 866 3686 906 annos

2044 937 2201 1004 vixit,
2236 936 2506 991 Urbanus
2539 951 2668 990 vero
2702 936 2773 989 IV
2805 943 2941 999 tres,
2976 951 3079 989 nec
3131 935 3315 991 multo
3368 937 3497 1007 plus
3555 939 3685 993 Cle-

2050 1043 2216 1082 mens
2249 1027 2342 1091 IV,
2377 1025 2759 1097 GregoriusX
2789 1029 2904 1079 tres
2936 1041 3066 1079 cum
3100 1025 3368 1095 dimidio,
3397 1028 3684 1083 Innocen-

2048 1114 2488 1186 tiuquuatuor
2504 1114 2828 1177 mensibus,
2845 1113 3176 1169 Hadrianus
3192 1118 3347 1170 Vses
3370 1117 3469 1186 qui
3486 1134 3687 1174 mense

2047 1219 2162 1257 non
2193 1207 2335 1268 toto,
2368 1202 2624 1257 Joannes
2680 1201 2817 1255 XXI
2873 1218 3077 1255 novem
3134 1203 3458 1259 mensibus.
3518 1205 3685 1261 Nico-

2048 1291 2177 1345 laus
2200 1290 2274 1345 III
2309 1307 2421 1345 non
2456 1290 2595 1344 totis
2627 1289 2820 1342 tribus
2855 1289 3045 1342 annis.
3082 1290 3191 1343 Sed
3226 1295 3282 1344 et
3320 1290 3377 1344 in
3411 1291 3519 1346 hoc
3566 1300 3690 1348 erat

2047 1379 2270 1448 aliquid
2309 1394 2424 1447 quo
2484 1376 2663 1431 Graci
2719 1392 3034 1446 agnoscere
3093 1382 3332 1447 possent
3389 1379 3689 1435 meliorem

2049 1464 2321 1519 Ecclesia
2378 1463 2767 1518 conditionem
2829 1479 2894 1516 ac
2941 1467 3158 1517 statum
3220 1465 3375 1535 apud
3456 1468 3688 1523 Latinos

2052 1569 2228 1623 quam
2260 1553 2412 1623 apud
2448 1553 2624 1622 ipsos.
2687 1551 2910 1605 Etenim
2966 1567 3099 1605 cum
3148 1553 3344 1608 minus
3404 1554 3519 1609 fere
3562 1572 3690 1611 cre-

2050 1643 2187 1696 bras
2236 1640 2696 1711 patriarcharum
2752 1640 3107 1695 mutationes
3183 1642 3688 1715 Constantinopoli

2052 1729 2415 1799 contingeret
2455 1728 2576 1781 ﬁeri
2625 1743 2800 1797 quam
2860 1743 3145 1796 paparum
3206 1729 3421 1796 Roma,
3481 1732 3687 1787 discri-

374 1847 436 1897 P.
470 1841 592 1895 363.
630 1837 886 1909 Defuncti
914 1838 1155 1892 cadaver
1181 1852 1282 1907 pro
1308 1834 1504 1889 merito
1552 1836 1779 1903 animae,
1832 1838 1939 1890 etc.
1973 1839 2022 1904 B
2054 1834 2186 1873 men
2217 1825 2337 1909 {mil
2394 1820 2636 1909 ῐᾶῐηθῌχ
2668 1815 2824 1909 ψιρά
2869 1832 3030 1909 Bap“?
3084 1818 3288 1909 ωρτδίδ
3332 1820 3689 1909 flecessitate

302 1930 460 1985 Satis
492 1929 614 1983 hac
646 1932 1045 1982 consentanea
1078 1924 1146 1979 iis
1186 1941 1312 1994 qua
1363 1924 1565 1977 Franci
1628 1923 1943 1993 scriptores

303 2020 547 2075 tradunt
563 2019 631 2071 de
653 2019 837 2070 morte
854 2015 1007 2068 660
1020 2018 1075 2067 et
1097 2012 1297 2067 funere
1320 2012 1499 2066 sancti
1523 2012 1674 2082 regis
1695 2010 1947 2066 Ludovi—

304 2107 379 2173 ci,
414 2105 713 2175 exquibus
764 2101 1110 2172 compendio
1166 2100 1335 2154 referl
1385 2100 1736 2169 Spondanus
1789 2115 1943 2154 anno

304 2195 461 2257 1270,
496 2208 658 2246 num.
692 2192 725 2244 4
758 2206 770 2244 :
797 2189 964 2244 Sacra
993 2190 1110 2259 ejus
1141 2203 1269 2242 ossa
1295 2203 1457 2242 carne
1480 2187 1756 2241 denudata
1789 2188 1941 2241 lotio-

297 2300 366 2337 ne
394 2280 775 2347 mundissima,
808 2280 1006 2349 pannis
1054 2278 1242 2331 sericis
1298 2291 1421 2330 eum
1468 2276 1810 2330 aromatibus
1866 2274 1946 2329 in-

296 2369 587 2438 voluta,in
618 2367 801 2423 loculo
835 2369 1110 2422 reservata
1153 2365 1343 2433 fuisse,
1385 2363 1683 2432 deferenda
1734 2363 1803 2417 ad
1859 2378 1942 2417 ec-

298 2459 524 2515 clesiam
551 2457 605 2511 S.
642 2457 914 2526 Dionysii,
952 2459 1087 2517 etc.,
1127 2453 1361 2507 Carnem
1390 2466 1516 2505 vero
1558 2455 1612 2505 et
1652 2451 1939 2517 intestina,

298 2565 333 2602 a
362 2563 459 2602 suo
492 2549 677 2615 nepote
708 2543 972 2615 Philippo
1004 2559 1129 2612 rege
1157 2543 1467 2609 impetrata,
1511 2557 1543 2595 a
1584 2540 1773 2595 Carolo
1823 2540 1943 2610 ejus

300 2638 479 2706 fratre
538 2632 831 2701 honoriﬁce
892 2633 951 2685 in
1009 2629 1260 2685 Siciliam
1316 2628 1519 2697 delata,
1579 2632 1631 2682 et
1704 2630 1944 2697 reposita

306 2725 367 2777 in
413 2720 645 2777 ecclesia
692 2718 881 2775 Montis
933 2718 1178 2790 Regalis,
1234 2715 1561 2771 monasterii
1614 2715 1824 2771 ordinis
1883 2716 1939 2771 S.

310 2806 596 2863 Benedicti
641 2823 803 2877 prope
859 2812 1214 2861 Panormum.
1275 2808 1396 2857 Huc
1439 2805 1675 2875 respicit
1724 2802 1942 2857 mentio

309 2914 343 2951 a
379 2898 576 2950 nostro
629 2895 777 2949 facta
837 2894 1141 2950 (oculorum
1196 2896 1564 2963 pretiosorum
1623 2892 1682 2945 in
1728 2890 1939 2961 plurali

309 2998 555 3037 numero
582 2997 595 3034 :
628 2982 742 3035 duo
774 2981 928 3036 enim
951 2983 1206 3048 fuerunt,
1241 2996 1489 3051 quorum
1523 2978 1704 3033 altero
1735 2984 1790 3032 Β.
1831 2979 1941 3033 Lu-

309 3069 497 3124 dovici
528 3086 661 3123 ossa
690 3070 747 3123 in
794 3069 1039 3123 Galliam
1099 3073 1329 3140 portata
1384 3071 1545 3135 sunt,
1606 3066 1785 3122 altero
1852 3067 1940 3120 in-

304 3158 522 3213 testina
552 3162 608 3211 et
638 3173 841 3212 carnes
864 3156 924 3210 in
954 3155 1215 3211 Siciliam
1247 3155 1552 3211 translata.

380 3263 436 3315 P.
493 3262 616 3315 365.
676 3261 837 3315 Verti
889 3265 1196 3332 argentum
1255 3261 1450 3315 vivum
1500 3257 1729 3333 ἄργυρον
1783 3255 1945 3331 ὑγρὸν

304 3346 471 3422 χυτόν
505 3347 771 3402 imitatus
807 3348 1134 3402 Aristotelis
1157 3349 1524 3418 interpretes,
1576 3347 1614 3401 I.
1666 3349 1783 3401 iDe
1830 3347 1952 3401 ani-

306 3453 419 3502 ma,
454 3436 552 3506 qui
585 3435 668 3490 sic
698 3434 899 3489 Latine
931 3436 1182 3489 reddunt
1240 3430 1472 3509 ἄργυρον
1532 3432 1721 3506 χυτόν.
1781 3435 1942 3498 Quod

310 3531 368 3580 et
400 3522 557 3597 ὑγρόν
590 3532 746 3579 recte
778 3541 811 3577 a
836 3528 1031 3578 nostro
1063 3524 1278 3577 dicitur
1309 3540 1322 3580 :
1380 3528 1468 3577 est
1521 3524 1674 3577 enim
1735 3523 1949 3577 humor

311 3612 593 3681 liquidus,
626 3616 683 3667 et
721 3612 901 3682 liquor
944 3620 1203 3677 aternus,
1265 3616 1329 3664 ut
1388 3611 1606 3665 Plinius
1669 3612 1948 3682 loquitur,

313 3701 437 3755 Nat.
474 3702 607 3754 Hist.
643 3700 680 3753 l.
714 3717 913 3767 χχχιι,
945 3715 995 3754 c.
1026 3701 1060 3753 6
1096 3704 1151 3753 et
1208 3702 1261 3765 8,
1320 3701 1491 3768 guttis
1534 3700 1708 3754 dividi
1762 3700 1951 3771 facilis

312 3792 365 3843 et
396 3789 607 3842 lubrico
638 3787 863 3843 humore
890 3788 1187 3857 con/luens.
1226 3787 1597 3859 Hydrargyri,
1634 3790 1787 3858 quod
1823 3788 1949 3843 vul-

311 3892 450 3947 gare
478 3876 653 3945 hujus
686 3877 766 3931 rei
792 3892 1002 3931 nomen
1027 3876 1170 3944 scio,
1192 3875 1472 3930 vocabulo
1505 3876 1759 3930 abstinui
1822 3894 1951 3945 pro-

310 3969 508 4034 pterea
538 3965 691 4034 quod
715 3979 846 4018 cum
873 3963 1051 4034 hujus
1075 3963 1318 4034 liquoris
1342 3963 1553 4033 duplex
1575 3980 1758 4034 genus
1783 3964 1858 4019 sit
1884 3980 1952 4018 ex

306 4054 492 4108 Plinio
512 4054 757 4120 ibidem,
786 4053 1033 4108 alterum
1062 4052 1605 4121 naturale,alterum
1635 4055 1950 4121 factitium,

306 4144 649 4215 hydrargyri
686 4143 996 4215 appellatio
1028 4143 1245 4214 potius,
1280 4143 1582 4198 utibidem
1609 4144 1858 4198 traditc.
1895 4145 1950 4213 8,

305 4232 524 4288 factitio
549 4234 849 4289 tribuitur.
872 4233 950 4288 De
983 4234 1161 4303 priori
1191 4250 1323 4288 vero
1367 4234 1460 4288 hic
1516 4249 1686 4303 agere
1735 4233 1951 4304 Pachy-

308 4336 551 4391 merem,
585 4324 864 4376 suadetur
888 4339 954 4375 ex
985 4323 1193 4376 effectu
1229 4321 1593 4393 deprimendi
1626 4322 1792 4375 fundi
1828 4338 1951 4376 ma-

308 4412 414 4480 ris,
448 4429 620 4482 quem
655 4413 705 4467 ei
740 4412 943 4466 tribuit
975 4417 1372 4467 consentanee
1420 4411 1491 4466 iis
1554 4428 1680 4483 qua
1738 4413 1807 4466 de
1863 4428 1953 4467 eo-

307 4499 441 4553 dem
474 4500 651 4553 tradit
684 4498 904 4554 Plinius
932 4498 1197 4569 locojam
1230 4498 1490 4569 laudato,
1523 4516 1572 4554 c.
1600 4500 1653 4567 6,
1681 4499 1718 4553 l.
1751 4517 1946 4567 xxxm,

304 4588 406 4642 ubi
438 4587 521 4642 sic
553 4586 833 4642 scribitur
871 4603 884 4642 :
918 4590 1008 4642 Est
1039 4592 1090 4643 et
1123 4587 1264 4657 lapis
1292 4586 1354 4640 in
1384 4587 1470 4641 his
1522 4588 1671 4642 venis
1720 4588 1946 4659 (argen-

302 4676 394 4747 ti),
417 4676 574 4745 cujus
604 4678 815 4732 vomica
847 4677 1078 4748 liquoris
1118 4679 1322 4732 ἐριθνηί
1349 4686 1735 4744 argumentum
1766 4680 1951 4732 vivum

301 4766 635 4835 appellatur,
669 4782 943 4821 venenum
972 4781 1162 4819 rerum
1188 4764 1458 4820 omnium.
1492 4769 1655 4820 Exest
1712 4782 1775 4819 ac
1822 4782 1947 4836 per-

301 4854 515 4924 rumpit
536 4855 797 4909 universa
824 4870 1119 4925 permeans
1152 4855 1275 4909 tabe
1316 4855 1459 4909 dira.
1484 4854 1571 4909 Ita
1592 4853 1691 4909 ille
1720 4872 1734 4922 ;
1794 4856 1947 4910 unde

302 4941 469 4996 facile
502 4947 691 5013 potest
721 4942 966 5012 intelligi
1001 4959 1106 4997 cur
1127 4947 1326 5013 aptum
1351 4942 1681 5012 judicatum
1725 4941 1799 4997 sit
1850 4959 1942 4996 ex-

302 5030 526 5084 edendo
558 5031 1107 5102 perrumpendoque
1138 5036 1195 5084 et
1240 5029 1325 5084 sic
1385 5030 1560 5085 altius
1619 5031 1945 5085 excavando

304 5116 486 5170 fundo
511 5121 736 5187 portus,
760 5118 830 5172 de
859 5134 973 5188 quo
1006 5117 1101 5171 hic
1144 5116 1484 5184 historicus,
1547 5116 1648 5187 qui
1692 5118 1942 5188 gratiam

304 5204 957 5273 iniissetalectorihus,
992 5206 1041 5261 si
1093 5206 1427 5261 distinctius
1485 5207 1723 5261 modum
1773 5223 1939 5261 enar-

300 5296 509 5359 rasset,
541 5309 655 5364 quo
687 5297 809 5349 hac
857 5294 1154 5364 depressio
1213 5296 1377 5349 fundi
1435 5299 1640 5366 portus
1698 5311 1799 5366 per
1847 5312 1936 5350 ar-

300 5385 544 5452 gentum
578 5382 772 5437 vivum
806 5384 959 5438 facta
988 5386 1091 5438 est.
1124 5382 1406 5439 Credibile
1437 5382 1653 5454 quippe
1703 5388 1796 5439 est
1840 5400 1939 5454 pe-

292 5470 585 5526 culiarem
640 5474 959 5544 quamdam
1003 5475 1073 5528 ad
1123 5474 1182 5529 id
1234 5478 1415 5530 artem
1452 5479 1509 5529 et
1556 5479 1742 5529 certas
1798 5475 1942 5531 forte

296 5558 603 5616 machinas
636 5560 953 5632 adhibitae,
987 5577 1117 5632 qua
1144 5562 1356 5635 ignota
1389 5562 1560 5618 hodie
1612 5561 1754 5628 sint,
1803 5565 1938 5620 usui

297 5646 515 5704 futura
545 5647 595 5705 si
628 5649 941 5706 scirentur.

2054 1906 2457 1972 mutabantur,
2490 1902 2832 1975 patriarcha
2863 1902 3500 1976 Constantinopolitani
3540 1909 3692 1963 arbi-

2055 1994 2164 2047 trio
2203 1989 2573 2061 imperatoris
2631 1989 3053 2044 amovebantur
3102 1996 3159 2045 et
3217 1994 3693 2063 subrogabantur

2056 2081 2257 2151 Itaque
2286 2077 2489 2149 paucis
2522 2076 2699 2146 hujus
2754 2076 3121 2146 principatus
3180 2079 3353 2134 annis
3408 2082 3684 2137 Arsenias

2055 2186 2189 2224 mox
2212 2168 2320 2222 hoc
2354 2166 2605 2236 relegato
2661 2165 3011 2234 Germanus,
3068 2165 3177 2220 hoc
3233 2168 3471 2225 detruso
3522 2170 3685 2227 Jose-

2054 2258 2227 2329 phus,
2261 2260 2393 2326 post
2414 2255 2593 2308 istum
2628 2252 2956 2322 depositum
3010 2252 3229 2309 Veccus
3289 2256 3526 2313 fuerunt
3580 2275 3689 2329 pa-

2050 2342 2580 2399 triarcha.Uttere
2611 2357 2725 2394 non
2790 2340 2986 2395 minus
3043 2340 3310 2397 Michaeli
3365 2344 3685 2418 Palaologo

2050 2432 2375 2497 conveniat,
2411 2430 2564 2501 quod
2595 2429 2961 2500 Ephramius
3002 2430 3059 2484 in
3118 2432 3382 2504 catalogo
3439 2436 3684 2505 patriar-

2050 2521 2293 2576 charum
2324 2517 3022 2587 Constantinopolitarum
3065 2518 3135 2573 de
3190 2519 3407 2578 Isaacio
3465 2524 3685 2595 Angelo

2051 2610 2287 2680 scripsit
2318 2624 2332 2663 :

2120 2817 2450 2889 Ἐρεκλησίας
2481 2817 2560 2882 Eoi
2611 2840 2643 2872 α
2670 2823 3029 2895 καινουργῶν,
3064 2820 3272 2896 φύρων,

2120 2893 2212 2944 ‘Ov
2249 2893 2340 2944 μὲν
2371 2842 2625 2944 καθιεῖ-ες(
2657 2896 3011 2944 πατοιαογῶν
3044 2889 3097 2944 ἐς
3129 2892 3272 2944 θοόν(

2117 2893 2212 2965 ‘Ov
2248 2893 2343 2965 ρ.ὲῖ
2371 2889 2625 2965 καθιστὰς
2657 2889 3011 2965 πατριαρχῶν
3044 2889 3097 2953 ἐξ
3129 2889 3342 2965 θρόν-ον,

2120 2964 2219 3018 "Ov
2252 2960 2298 3017 δ’
2327 2961 2526 3034 ἐξάγων
2561 2960 2648 3032 αὖ,
2678 2960 2775 3016 καί
2803 2960 2939 3036 μόνῇ
2968 2960 3268 3038 πραιρξσει.

1975 3194 2018 3260 c
2058 3177 2118 3231 P.
2148 3177 2270 3231 368.
2336 3180 2547 3231 Verum
2578 3176 2697 3231 illis
2750 3179 2811 3232 ut
2863 3193 2975 3232 non
3023 3178 3283 3249 placebat
3335 3210 3402 3222 --
3429 3182 3689 3254 principi.

2060 3266 2186 3319 Hac
2218 3268 2273 3320 et
2295 3281 2419 3334 qua
2472 3281 2603 3318 mox
2661 3265 2898 3336 subjicit
2957 3267 3289 3337 superbam,
3365 3268 3690 3340 ingravam,

2058 3357 2462 3407 contumacem
2488 3354 2814 3408 Gracorum
2866 3354 3198 3409 antistitum
3256 3355 3315 3410 in
3374 3357 3692 3414 schismate

2059 3439 2433 3510 pertinaciam
2467 3440 2764 3496 declarant
2798 3461 2811 3509 ;
2847 3458 2993 3512 quos
3024 3450 3081 3498 et
3111 3460 3171 3498 se
3221 3460 3352 3499 cum
3412 3445 3531 3501 illis
3588 3464 3691 3518 pa-

2060 3528 2144 3581 ria
2170 3528 2431 3582 sentiens
2479 3529 2574 3585 hic
2621 3530 2936 3585 historicus
3020 3532 3295 3600 traducit,
3379 3534 3517 3589 dum
3591 3536 3697 3589 ob-

2059 3620 2258 3674 noxios
2308 3617 2555 3687 principi
2610 3618 2709 3671 vili
2767 3620 3181 3686 assentatione,
3255 3627 3457 3677 contra
3532 3639 3690 3678 men-

2058 3713 2175 3762 tem
2212 3711 2269 3760 et
2324 3721 2566 3760 sensum
2624 3706 2924 3773 intimum,
3011 3708 3375 3778 signiﬁcasse
3451 3710 3531 3766 ait
3580 3712 3691 3767 sibi

2060 3794 2143 3851 vel
2172 3793 2423 3848 maxime
2465 3793 2525 3864 (P
2577 3793 2701 3861 463)
2760 3792 2986 3864 placere
3025 3795 3081 3849 id
3113 3796 3306 3866 ipsum
3340 3814 3371 3851 a
3411 3815 3524 3869 quo
3578 3800 3696 3853 im-

2062 3889 2324 3957 potenter
2351 3882 2739 3937 abhorrebant
2770 3902 2784 3951 ;
2818 3885 2969 3953 quod
3005 3884 3259 3941 immane
3309 3892 3591 3957 quantum
3626 3890 3697 3943 ab

2059 3971 2388 4041 evangelica
2421 3970 2756 4025 sinceritate
2783 3980 2847 4024 ac
2871 3972 3260 4040 generositate
3292 3973 3544 4030 alienum
3582 3981 3693 4033 est.

2130 4060 2276 4114 Ibid.
2310 4060 2367 4113 In
2390 4059 2555 4113 semel
2585 4058 2740 4113 adita
2761 4060 3101 4128 possessione
3157 4063 3506 4117 auctoritatis
3564 4066 3693 4121 inde

2058 4148 2355 4218 pendentis,
2410 4152 2521 4202 etc.
2573 4151 2684 4201 Per
2739 4148 2957 4218 gradus
3005 4147 3075 4201 ad
3132 4148 3305 4203 istam
3351 4153 3692 4223 usurpatio-

2060 4253 2191 4290 nem
2216 4235 2578 4291 auctoritatis
2609 4236 3057 4306 independentis
3121 4238 3298 4292 Graci
3360 4243 3687 4297 Constanti-

2060 4324 2382 4394 nopolitani
2416 4329 2841 4393 processerunt.
2889 4324 3151 4379 Primum
3194 4327 3421 4396 pertasi
3479 4328 3693 4397 Bysan-

2059 4413 2193 4467 tina
2225 4410 2599 4477 humilitatis,
2632 4428 2748 4481 qua
2806 4409 2943 4465 olim
2980 4414 3037 4467 in
3097 4414 3476 4470 ecclesiarum
3537 4419 3689 4474 ordi-

2064 4517 2133 4555 ne
2160 4500 2360 4553 inﬁmo
2395 4498 2823 4569 metropolitam
2858 4500 3107 4554 Heracia
3133 4501 3391 4557 Thracia
3437 4506 3691 4576 superio-

2064 4606 2183 4643 rem
2207 4591 2581 4658 agnoverant,
2614 4592 2679 4640 ut
2719 4587 2841 4655 ipse
2892 4589 3032 4642 66]
3100 4587 3253 4644 ultra
3309 4591 3693 4665 Pachymeres

2061 4679 2291 4741 fatetur,
2319 4692 2371 4745 p.
2404 4675 2527 4740 305,
2564 4674 2731 4729 facile
2764 4674 3159 4745 impetrarunt
3202 4678 3474 4749 ﬂagranti
3533 4685 3689 4753 apud

2060 4763 2426 4819 Constantini
2477 4762 2669 4833 Magni
2733 4764 2941 4833 gratia,
2974 4770 3038 4819 ut
3084 4766 3142 4820 in
3202 4784 3445 4824 censum
3499 4774 3691 4841 majo-

2059 4868 2188 4907 rum
2240 4848 2636 4919 ecclesiarum,
2688 4867 2814 4921 qua
2861 4856 3060 4923 postea
3117 4854 3442 4927 frequetius
3500 4861 3682 4931 patri-

2054 4936 2319 4994 archales
2367 4939 2581 4990 vocata
2638 4941 2796 5005 sunt,
2859 4938 3234 4997 referrentur.
3298 4945 3477 5010 Quem
3527 4963 3688 5004 nemo

2052 5027 2197 5097 ipsis
2250 5025 2529 5079 honorem
2588 5024 2815 5095 invidit,
2869 5030 3057 5098 quoad
3116 5030 3226 5085 sibi
3320 5034 3688 5107 prascriptos

2053 5118 2110 5171 in
2158 5117 2287 5185 ejus
2341 5131 2448 5169 usu
2500 5113 2718 5169 limites
2770 5132 3148 5189 perrumpere
3208 5125 3309 5175 aut
3392 5124 3689 5182 transilire

2053 5220 2191 5260 sunt
2239 5204 2451 5259 conati.
2509 5207 2651 5257 Cum
2703 5205 2861 5260 enim
2915 5222 3079 5263 sacra
3130 5209 3364 5265 Nicaua
3429 5216 3689 5285 synodus

2051 5290 2409 5361 Iocumipsis
2440 5296 2712 5361 quartum
2772 5291 2924 5347 inter
2980 5295 3240 5367 quinque
3294 5300 3545 5368 majores
3593 5320 3687 5359 as-

2051 5383 2361 5454 signasset,
2396 5378 2505 5449 ipsi
2536 5395 2769 5450 aquum
2801 5388 3104 5438 censentes
3160 5401 3371 5442 novam
3433 5388 3677 5445 Romam

2050 5474 2139 5525 est
2170 5466 2396 5538 imperii
2432 5467 2628 5521 sedem
2661 5468 2903 5523 alteram
2957 5470 3130 5526 etiam
3174 5472 3231 5527 in
3289 5475 3685 5534 ecclesiastica

2048 5555 2329 5629 dignitate
2358 5552 2592 5624 ἀμέσως,
2625 5555 2916 5612 admoveri
2947 5558 3143 5616 Romae
3174 5563 3351 5618 veteri
3380 5564 3526 5619 nihil
3560 5583 3674 5623 non

2050 5645 2358 5702 moverunt
2406 5657 2520 5712 quo
2578 5648 3027 5715 assequerentur
3081 5652 3146 5706 ut
3198 5648 3586 5713 Alexandrino
3631 5662 3688 5717 et
