4122 6272
452 353 592 411 1123

1494 352 1555 404 Ρ.
1597 347 1868 405 m1
1906 344 2513 407 OBSERVATIONUM
2546 352 2677 408 LIB.
2722 356 2794 409 II.

3699 354 3848 412 1124

442 476 806 534 Antiocheno
828 473 1192 548 patriarchis,
1228 488 1479 545 quorum
1514 471 1610 528 ille
1644 470 1937 527 secundus
1976 469 2071 523 hic
2103 470 2158 538 Α
2196 472 2389 539 tumm,
2430 490 2531 529 nec
2585 476 2898 548 privilegiis
2956 479 3262 550 antiquitus
3302 446 3586 534 institutis
3633 487 3841 535 metro-

442 570 651 626 tertius
683 585 715 621 a
745 568 1003 621 Romano
1062 562 1391 637 patriarcha
1422 565 1491 618 ab
1551 564 1710 619 omni
1764 567 1917 618 retro
1968 577 2070 616 au-

443 658 714 730 tiquitate
778 654 1068 709 numerati
1131 655 1389 720 fuerunt,
1469 655 1962 723 praeponerentur,
2020 658 2076 703 et

444 745 769 803 secundum
804 743 1127 814 prolinusa
1184 758 1338 813 papa
1389 740 1754 795 auctoritatis
1804 737 2074 794 ecclesia-

446 837 601 891 sticas
628 833 872 906 gradum
914 832 1271 885 insisterent.
1334 833 1518 900 Atque
1562 831 1667 884 hoc
1725 830 1918 899 ipsum
1973 843 2075 897 pa—

444 924 559 979 lam
593 925 775 994 primo
810 927 1001 991 petere
1033 937 1147 973 non
1179 919 1328 985 ausi,
1381 922 1612 972 tantum
1645 918 2078 986 expugnarunt,

449 1029 623 1069 suum
655 1008 805 1063 nacti
848 1013 1077 1077 tempus
1137 1022 1250 1076 quo
1309 1012 1453 1060 erat.
1517 1001 2078 1073 Constantinopolim

447 1118 599 1158 anno
630 1098 841 1155 Christi
874 1097 967 1152 38l
1027 1096 1286 1167 synodus
1340 1099 1561 1163 coacta,
1613 1098 1676 1147 ut
1732 1094 1802 1148 ab
1854 1107 1921 1145 ea
1979 1092 2080 1143 de-

448 1192 826 1246 cernerentur
854 1184 977 1241 sedi
1008 1183 1659 1253 Constantinopolitanze
1711 1179 1777 1233 τὰ
1824 1172 2083 1253 πρεσϐεῖα

446 1284 545 1345 τῆς
573 1276 762 1346 τιμῆς.
814 1274 875 1327 Id
909 1271 1226 1327 universim
1278 1275 1334 1325 et
1364 1271 1638 1341 ambigue
1668 1270 1887 1323 dictum
1948 1282 2082 1321 cum

447 1366 621 1435 longo
653 1368 910 1430 tempore
941 1374 1111 1413 nemo
1142 1363 1405 1428 putasset
1462 1357 1750 1428 pertinere
1789 1357 1859 1410 ad
1916 1355 2083 1408 abro-

449 1453 742 1525 gationem
775 1446 989 1503 Niczeni
1021 1444 1282 1511 canonis,
1318 1461 1433 1515 quo
1483 1449 1624 1512 erat,
1687 1447 1751 1498 ut
1808 1442 2082 1509 diximus,

451 1547 745 1605 secundus
792 1549 848 1599 et
894 1543 1097 1597 tertius
1157 1558 1189 1596 a
1239 1542 1501 1596 Romana
1562 1541 1698 1595 sede
1781 1536 2087 1609 dignitatis

451 1638 613 1694 locus
668 1633 1060 1692 Alexandrino
1118 1637 1174 1686 et
1243 1631 1602 1685 Antiocheno
1677 1627 1904 1682 thronis
1980 1625 2086 1680 rite

450 1726 731 1787 sancitus,
790 1721 1025 1775 tandem
1085 1719 1144 1772 in
1198 1716 1616 1775 Calcedonensi
1679 1731 1894 1786 magna
1957 1730 2087 1783 syn-

446 1816 555 1872 odo
582 1810 878 1867 Anatolius
899 1805 1580 1877 Constantinopolitanus
1613 1803 1940 1875 patriarcha
1966 1819 2087 1857 ma-

453 1920 564 1975 gno
596 1900 822 1956 ambitu
854 1897 1128 1963 obtinuit,
1164 1896 1381 1949 frustra
1420 1893 1875 1948 reclamantibus
1932 1890 2089 1945 sedis

456 1988 785 2062 apostolica:
808 1984 1035 2056 legatis,
1068 1992 1127 2038 ut
1158 1986 1513 2038 statueretur
1555 1977 2088 2049 Constantinopoli-

450 2086 603 2135 tanae
638 2077 761 2132 sedi
820 2074 1076 2146 primum
1138 2075 1270 2143 post
1320 2071 1642 2124 Romanam
1712 2068 1904 2122 locum
1933 2068 2089 2137 ,esse

449 2166 850 2226 tribuendum.
881 2164 1004 2227 Qua
1036 2162 1106 2215 de
1140 2177 1199 2215 re
1225 2160 1410 2214 factus
1442 2159 1651 2212 certior
1682 2160 1921 2211 sanctus
1980 2160 2088 2209 Leo

455 2273 594 2322 tunc
627 2261 886 2334 pontifex
939 2258 1239 2312 Romanus
1296 2254 1767 2324 intempestivam
1824 2251 2093 2307 ambitio-

456 2370 589 2410 nem
623 2350 777 2406 haud
814 2345 1206 2419 perfunctorie
1237 2343 1473 2413 retudit,
1524 2342 1759 2413 scriptis
1816 2342 1884 2397 ad
1936 2342 2088 2394 Ana-

460 2443 665 2498 tolium
702 2436 932 2498 litteris,
962 2434 1179 2505 quibus
1238 2433 1322 2487 sic
1377 2432 1546 2486 illum
1601 2430 1908 2499 increpat:
1970 2430 2092 2483 Post

455 2531 560 2586 illa
590 2531 773 2598 itaque
798 2523 1173 2580 ordinationis
1220 2523 1332 2576 tua:
1385 2535 1495 2573 non.
1555 2518 1831 2587 inculpato
1888 2516 2089 2588 princi-

457 2624 573 2689 pia,
606 2624 723 2687 post
753 2612 1220 2668 consecrationem
1248 2607 1573 2663 Antiocheni
1613 2604 1871 2676 episcopi,
1930 2621 2096 2675 quam

456 2706 671 2762 tibimet
714 2711 906 2757 contra
951 2698 1273 2752 canonicam
1327 2695 1577 2765 regulam
1634 2695 1951 2759 vindicasti,
1999 2693 2093 2745 do-

464 2797 543 2849 leo
575 2793 739 2849 etiam
772 2792 833 2843 in
862 2790 960 2842 hoc
1009 2785 1359 2841 dilectionem
1406 2793 1558 2838 tuam
1624 2796 1733 2837 esse
1786 2782 2097 2852 prolapsam

457 2889 516 2939 ut
564 2879 968 2937 sacratissimas
1022 2876 1379 2930 Nicaznorum
1432 2887 1705 2926 canonum
1755 2869 2094 2924 constitutio-

459 2988 552 3027 nes
584 2966 860 3025 conareris
888 2964 1221 3034 infringere,
1244 2965 1507 3031 tanquam
1559 2968 1855 3029 opportune
1897 2974 1956 3011 se
1999 2956 2099 3010 tibi

466 3062 563 3115 hoc
588 3067 791 3127 tempus
821 3054 1085 3109 obtulerit
1136 3068 1242 3121 quo
1298 3050 1534 3105 secundi
1591 3047 1809 3102 honoris
1868 3047 2099 3112 privile-

463 3150 617 3216 gium
672 3144 817 3199 sedes
864 3139 1241 3196 Alexandrina
1305 3136 1603 3206 perdiderit
1658 3145 1708 3188 et
1756 3134 2098 3189 Antiorliena

461 3235 702 3293 Ecclesia
732 3232 1123 3302 proprietatem
1155 3229 1330 3279 tertiae
1374 3222 1661 3291 dignitatis
1709 3223 1980 3288 amisirit,
2041 3227 2099 3277 ut

466 3326 551 3379 his
584 3321 713 3377 locis
733 3320 855 3391 juri
882 3332 977 3371 suo
1007 3313 1241 3369 subditis
1280 3328 1461 3367 omnes
1514 3310 1927 3380 metropolitani
1982 3314 2097 3381 epi-

471 3413 622 3481 scopi
677 3408 898 3477 proprio
948 3405 1152 3459 honore
1201 3400 1508 3471 priventur.
1573 3399 1777 3467 Quibus
1824 3400 2100 3455 inauditis

464 3506 519 3557 et
560 3512 803 3568 unquam
834 3497 959 3548 ante
990 3490 1211 3547 tentatis
1252 3489 1333 3544 ita
1388 3490 1717 3558 praveniris
1770 3490 2101 3558 excessibus,

474 3601 534 3646 ut
556 3592 808 3643 sanctam
835 3583 1128 3654 synodum,
1162 3579 1233 3634 ad
1261 3578 1715 3648 exstinguendam
1764 3578 1945 3633 solum
1994 3578 2107 3635 hae-

481 3680 647 3733 resim
703 3679 753 3729 et
810 3674 893 3728 ad
950 3668 1396 3739 conﬁrmationm
1473 3667 1601 3737 ﬁdei
1650 3666 1935 3723 catholica:
1988 3674 2107 3722 stu-

478 3768 570 3822 dio
602 3759 1060 3819 Chirstianissimi
1079 3758 1347 3828 principis
1375 3760 1781 3826 congregatum,
1840 3756 1900 3809 in
1957 3772 2107 3811 oeca-

477 3870 687 3911 stonem
718 3851 956 3905 ambitus
1011 3846 1220 3909 trahas,
1259 3849 1313 3900 et
1369 3853 1429 3898 ut
1484 3844 1898 3898 conniventiam
1953 3861 2111 3899 suam

478 3944 583 3999 tibi
610 3942 694 3997 det
719 3938 996 4005 impellas,
1030 3940 1300 4004 tanquam
1329 3933 1570 4002 rafutari
1599 3941 1833 4001 nequeat
1863 3934 2011 4001 quod
2038 3932 2110 3985 il-

480 4034 627 4087 licite
684 4027 915 4083 voluerit
962 4024 1277 4087 multitudo,
1335 4029 1387 4075 et
1442 4022 1544 4073 illa
1601 4022 1960 4075 [Vicetinorum
2019 4037 2113 4073 ca—

480 4133 681 4173 nonum
727 4130 820 4182 per
874 4111 1144 4182 Spiritum
1204 4123 1328 4161 vere
1372 4115 1619 4160 sanctum
1675 4107 1928 4160 ordinata
1984 4122 2111 4161 con-

479 4207 616 4261 ditio
674 4205 734 4257 in
789 4200 980 4270 aliqua
1036 4212 1281 4266 unquam
1333 4197 1403 4248 sit
1458 4199 1612 4265 parte
1662 4194 1933 4261 solubilis,
2003 4200 2111 4264 etc,

482 4301 677 4371 Pergit
709 4297 862 4351 enim
908 4294 987 4348 ibi
1048 4293 1173 4346 fuse
1231 4292 1291 4345 S.
1352 4290 1610 4361 pontifex
1669 4290 1791 4361 pari
1831 4292 2115 4361 gravitate

484 4405 658 4461 prave
688 4387 1023 4440 attentatem
1050 4381 1336 4449 castigare
1366 4378 1698 4433 novitatem.
1726 4386 1805 4432 Ac
1838 4380 2112 4447 quoniam

483 4477 766 4532 Anatolus
824 4471 934 4526 sibi
994 4470 1278 4523 faventem
1331 4465 1951 4533 Constantinopolitani
2014 4485 2111 4522 su~

483 4583 588 4636 pra
635 4560 938 4617 memorati
985 4556 1226 4612 canonis
1285 4554 1820 4624 interpretationem
1873 4555 2113 4610 ambitio

482 4655 541 4708 in
574 4653 726 4707 66‘2
749 4666 867 4704 suae
900 4645 1314 4718 praetendebat,
1336 4643 1491 4696 hunc
1510 4647 1848 4712 praetextum
1874 4642 1956 4697 sic
1980 4661 2117 4714 pau-

482 4744 539 4798 lo
575 4746 702 4813 post
732 4740 1041 4794 submovet
1072 4752 1085 4789 :
1118 4731 1475 4789 Persuasioni
1503 4731 1654 4785 enim
1676 4746 1793 4787 suae
1848 4731 1908 4785 in
1963 4733 2116 4787 nullo

484 4832 701 4903 penitus
774 4828 1112 4897 suﬂragatur
1158 4820 1517 4892 quorumdam
1558 4819 1935 4891 episcoporum
2016 4838 2115 4875 an-

388 4930 391 4933 ’
485 4929 536 4975 te
565 4915 875 4984 sexaginta,
905 4921 965 4967 ut
990 4914 1182 4979 iactas,
1216 4924 1387 4963 annos
1414 4911 1562 4979 facta
1590 4908 1917 4977 subscriptio
1972 4926 2116 4964 nun-

487 5021 759 5078 quamque
789 5019 820 5055 a
854 4995 1341 5071 prmdecessoribus
1372 4996 1482 5051 tuis
1511 4994 1582 5049 ad
1610 4995 1924 5064 apostolicae
1974 4997 2120 5052 sedis

484 5094 818 5150 transmissa
846 5087 1102 5143 notitiam
1133 5084 1229 5156 qui
1262 5087 1331 5139 ab
1363 5084 1529 5138 initio
1564 5099 1675 5137 suae
1731 5082 1952 5139 caducae
2009 5086 2120 5139 du-

486 5184 720 5252 dumque
769 5177 1023 5247 collapsae
1077 5190 1201 5228 sera
1253 5187 1401 5226 nunc
1456 5175 1507 5225 et
1564 5171 1798 5225 inutilia
1854 5172 2122 5241 subjicere

486 5273 726 5342 [omenta
754 5263 992 5331 voluisti,
1018 5260 1285 5316 eliciendo
1313 5277 1347 5314 a
1383 5259 1654 5323 fratribus
1709 5257 1941 5327 speciem
1998 5276 2121 5315 con-

487 5356 781 5422 sensionis,
810 5370 973 5424 quam
1004 5349 1107 5405 tibi
1135 5349 1194 5403 in
1255 5364 1417 5403 suam
1468 5344 1737 5415 injuriam
1793 5351 2122 5406 verecundia

491 5447 729 5519 fatigata
755 5442 1036 5513 praeberet.
1069 5439 1208 5492 Post
1236 5452 1360 5506 qua:
1386 5433 1554 5505 quasi
1588 5436 1935 5490 sententiam
1982 5455 2121 5508 pro-

492 5542 774 5599 nuntians
805 5536 1073 5593 ultimam
1107 5539 1163 5589 et
1190 5533 1355 5588 litem
1390 5530 1709 5585 decretorie
1754 5531 1984 5601 ﬁniens,
2007 5535 2123 5591 haec

497 5630 659 5687 addit
690 5643 705 5683 :
739 5628 854 5683 non
884 5624 1276 5680 convellantur
1307 5620 1735 5692 provincialium
1753 5619 1888 5691 jura
1914 5622 2123 5693 prima-

2192 561 2433 627 politani
2483 565 2818 634 fraudentur
2878 568 3173 623 antistites.
3230 568 3384 624 Nihil
3444 568 3841 623 Alexandrinae

2192 648 2331 715 sedi,
2366 666 2531 720 quam
2556 668 2655 721 per
2677 659 2924 709 sanctam
2955 661 3210 711 Marcum
3250 656 3646 726 evangelistam
3696 657 3843 712 beati

2194 737 2346 790 Petri
2373 737 2705 810 discipulum
2733 745 2956 813 meruit,
2984 749 3173 814 pereat
3201 744 3512 814 dignitatis,
3538 760 3638 799 nec
3670 745 3835 799 Dios-

2193 842 2313 882 coro
2344 827 2649 899 impietatis
2676 848 2795 890 sum
2850 834 3162 904 pertinacia
3218 839 3522 901 corruente,
3579 836 3842 905 splendor

2197 920 2362 970 tantae
2386 919 2630 974 Ecclesiae
2662 922 2900 976 tenebris
2930 924 3249 978 obscuretur
3278 924 3499 977 alienis.
3548 923 3635 994 (P.
3706 925 3838 995 464)

2196 1005 2531 1060 Antiochena
2560 1024 2765 1078 quoque
2821 1011 3078 1077 Ecclesia,
3135 1012 3195 1065 in
3233 1028 3340 1081 qua
3376 1012 3621 1081 primum
3680 1028 3836 1083 prae-

2197 1091 2412 1148 dicante
2433 1094 2588 1151 beato
2643 1100 2879 1167 apostolo
2937 1101 3099 1154 Petro
3169 1099 3558 1154 Christianum
3634 1117 3836 1156 nomen

2199 1186 2449 1237 exortum
2480 1189 2579 1250 est,
2612 1187 2671 1239 in
2699 1195 2945 1256 paterncz
2982 1187 3394 1243 constitutionis
3447 1187 3654 1243 ordine
3711 1205 3847 1259 per-

2195 1280 2421 1337 severet,
2452 1276 2505 1325 et
2558 1272 2621 1326 in
2676 1275 2851 1343 gradu
2910 1275 3067 1330 tertio
3126 1276 3387 1330 collocata
3442 1292 3733 1346 nunquam
3789 1292 3848 1330 se

2199 1358 2297 1427 ﬁat
2326 1359 2572 1428 inferior.
2638 1361 2748 1416 Nec
2807 1366 3118 1419 contentus
3172 1368 3411 1418 sanctus
3472 1363 3583 1417 Leo
3643 1362 3844 1433 ipsum

2201 1456 2532 1511 Anatolium
2582 1460 2956 1529 redarguere,
3032 1460 3265 1532 scripsit
3324 1461 3394 1515 ad
3479 1460 3844 1515 Marcianum

2200 1542 2532 1613 Augustum
2563 1544 2850 1599 instanter
2870 1562 3043 1601 orans
3063 1551 3127 1601 ut
3149 1546 3553 1602 auctoritatem
3578 1562 3849 1617 operam-

2204 1645 2312 1698 que
2368 1647 2533 1685 suam
2592 1631 2989 1704 interponeret
3053 1635 3122 1690 ad
3186 1635 3572 1689 coercendum
3633 1638 3845 1688 Anato-

2202 1718 2347 1772 lium
2384 1735 2452 1773 ne
2512 1720 2596 1774 sic
2653 1722 2711 1775 in
2772 1721 2977 1777 illicita
3037 1722 3350 1794 prosiliret.
3411 1723 3489 1776 Ex
3549 1723 3660 1777 ista
3718 1724 3844 1793 epi-

2118 1826 2167 1891 B
2208 1806 2373 1873 stola,
2407 1823 2555 1876 quas
2580 1808 2739 1862 in'ad
2767 1809 2927 1865 Com.
2958 1810 3028 1862 57
3060 1815 3428 1876 numeratur,
3480 1826 3642 1880 quaeq
3658 1826 3729 1863 ue
3787 1810 3844 1863 in

2209 1895 2413 1966 synodi
2445 1894 2702 1951 Romana
2760 1898 2870 1952 sub
2917 1896 3212 1953 Bonifacio
3274 1897 3326 1953 II
3411 1897 3482 1952 ab
3544 1896 3849 1951 Holstenio

2205 1984 2361 2037 edita
2393 1999 2523 2054 pag.
2559 1985 2656 2037 107
2683 1989 2739 2039 et
2769 2002 2892 2056 seq.
2952 1985 3186 2057 legitur,
3266 1986 3390 2040 haec
3445 1989 3626 2041 sunt:
3693 1985 3853 2055 Apud

2208 2070 2582 2125 Christianum
2610 2076 2661 2125 et
2692 2088 2811 2127 vere
2839 2073 3153 2143 religiosum
3200 2088 3425 2143 vereque
3479 2070 3851 2127 orthodoxam

2204 2161 2508 2229 principem
2538 2160 2747 2230 loquor.
2783 2162 3023 2217 Multum
3052 2161 3343 2215 Anatolius
3386 2162 3673 2231 episcopus
3719 2176 3852 2229 pro-

2205 2246 2328 2317 prio
2350 2246 2589 2302 detrahit
2613 2250 2831 2313 merito,
2864 2250 2914 2303 si
2952 2248 3149 2303 illicito
3203 2264 3441 2304 crescere
3497 2251 3644 2318 optat
3712 2264 3847 2317 aug-

2209 2344 2413 2390 mento.
2446 2336 2665 2402 Habeat,
2719 2338 2859 2391 sicut
2906 2342 3184 2405 optamus,
3232 2335 3855 2405 Gonctantinopolitana

2210 2424 2401 2478 civitas
2444 2424 2681 2491 gloriam
2720 2441 2901 2491 suam,
2934 2441 2998 2479 ac
3051 2434 3365 2495 protegente
3437 2424 3670 2478 dextera
3754 2424 3856 2477 Dei

2211 2511 2474 2566 diuturno
2507 2512 2813 2568 clementia
2860 2517 3054 2569 vestraD
3116 2515 3348 2582 fruatur
3406 2514 3669 2579 imperio.
3726 2512 3853 2565 Atia

2213 2608 2392 2655 tamen
2423 2599 2567 2653 ratio
2593 2604 2667 2653 est
2698 2616 2884 2654 rerum
2906 2599 3285 2665 saecularium,
3335 2600 3453 2654 alia
3508 2599 3849 2667 divinarum,

2213 2712 2309 2750 nec
2335 2701 2543 2766 prater
2571 2696 2731 2751 illam
2760 2700 3012 2765 Petram,
3070 2713 3235 2767 quam
3292 2697 3557 2751 Dominus
3615 2697 3677 2750 in
3722 2697 3852 2765 fun-

2213 2784 2463 2839 damento
2488 2786 2694 2855 posuit,
2740 2786 2954 2840 stabilis
3000 2785 3107 2840 erit
3152 2787 3313 2840 nulla
3341 2785 3673 2841 constructio
3729 2800 3855 2854 pro-

2215 2873 2359 2944 pria.
2423 2874 2617 2928 Perdit
2666 2875 2762 2943 qui
2808 2873 3062 2928 indebita
3116 2876 3473 2944 concupiscit.
3561 2872 3707 2927 Satis
3784 2880 3859 2926 est

2214 2961 2359 3031 quod
2388 2961 2647 3031 prwdicto
2676 2970 2871 3018 vestra?
2899 2962 3127 3032 pietatis
3157 2964 3401 3029 auxilio,
3451 2967 3504 3017 et
3560 2964 3676 3015 mei
3733 2961 3851 3031 fare

2216 3052 2295 3103 ris
2326 3066 2571 3115 assensu,
2595 3050 2964 3120 episcopatum
3016 3054 3195 3106 tanta:
3255 3051 3405 3105 urbis
3451 3049 3712 3104 obtinuit.
3747 3050 3859 3103 Non

2217 3137 2543 3205 dedignetur
2564 3137 2776 3208 regiam
2806 3137 3103 3203 civitatem,
3135 3155 3301 3208 quam
3329 3138 3699 3205 apostolicum
3750 3154 3860 3191 non

2218 3232 2389 3295 potest
2417 3228 2599 3294 facere
2656 3224 2881 3280 sedem:
2921 3241 3022 3279 nec
3066 3226 3178 3280 ullo
3234 3232 3415 3295 speret
3474 3226 3654 3291 modo,
3714 3224 3862 3294 quod

2215 3329 2311 3384 per
2361 3314 2604 3367 aliorum
2656 3316 2829 3383 possit
2882 3314 3199 3383 offensiones
3244 3313 3462 3383 augeri.
3546 3314 3859 3379 Privitegia

2216 3401 2366 3455 enim
2400 3401 2763 3456 Ecclesiarum
2792 3405 3109 3455 sanctorum
3146 3404 3376 3455 Patrum
3405 3402 3710 3456 canonibus
3763 3401 3859 3452 in-

2220 3494 2410 3558 stitua,
2434 3499 2487 3543 et
2520 3488 2849 3543 venerabilis
2892 3488 3128 3544 Nicena;
3179 3489 3379 3560 synodi
3434 3491 3549 3559 fixa
3604 3488 3858 3554 decretis,

2221 3588 2379 3643 nulla
2411 3592 2633 3656 possunt
2690 3586 3046 3655 improbitate
3096 3588 3346 3656 convelli,
3392 3585 3564 3639 nulla
3620 3584 3866 3639 novitate

2224 3675 2452 3730 mutari.
2484 3676 2546 3728 In
2566 3689 2670 3743 quo
2725 3673 2905 3741 odere,
2964 3673 3274 3729 auxiliante
3327 3673 3560 3739 Christo,
3617 3673 3857 3741 ﬁdeliter

2226 3763 2583 3832 exsequendo,
2624 3776 2836 3815 necesse
2863 3768 2941 3814 est
2986 3777 3074 3815 me
3116 3767 3553 3832 perseverantem
3611 3762 3870 3816 exhibere

2225 3852 2581 3923 famulatum,
2629 3851 2894 3920 quoniam
2945 3849 3281 3920 dispensatio
3327 3851 3467 3903 mihi
3507 3849 3717 3904 credita
3764 3859 3860 3915 est,

2227 3950 2279 3996 et
2334 3939 2404 3993 ad
2451 3954 2538 3992 me
2593 3937 2770 3992 tendit
2826 3942 3059 4003 reatum,
3115 3940 3164 3992 si
3214 3942 3576 4009 paternarum
3654 3939 3868 4005 regula

2228 4026 2735 4097 sanctionum,quae
2762 4025 2822 4079 in
2858 4025 3065 4094 synodo
3113 4026 3356 4081 Nicaena
3411 4025 3483 4079 ad
3542 4027 3711 4079 totius
3768 4026 3865 4079 Ec-

2229 4115 2417 4172 clesiae
2446 4114 2691 4185 regimen
2734 4113 2942 4182 spiritu
2990 4112 3086 4168 Dei
3133 4115 3438 4168 instruente
3492 4118 3623 4167 sunt
3674 4113 3860 4167 condi-

2230 4210 2320 4271 tae,
2353 4218 2459 4267 me,
2493 4203 2641 4271 quod
2670 4202 2835 4264 absit,
2868 4204 3188 4257 connivente
3233 4203 3529 4265 violentur,
3580 4206 3635 4254 et
3695 4204 3869 4271 major

2229 4294 2279 4347 si
2314 4290 2468 4360 apud
2516 4305 2597 4344 me
2652 4289 2820 4344 unius
2861 4290 3059 4359 fratris
3106 4291 3362 4345 voluntas
3419 4306 3589 4360 quam
3645 4291 3867 4344 univer-

2230 4395 2304 4434 sae
2353 4379 2541 4433 domus
2598 4378 2817 4433 Domini
2895 4380 3199 4433 communis
3286 4377 3518 4433 utilitas.
3602 4380 3666 4433 Et
3753 4380 3867 4432 ideo

2230 4469 2401 4523 sciens
2430 4466 2727 4535 gloriosam
2781 4467 3129 4523 clementiam
3183 4474 3420 4522 vestram
3477 4465 3869 4522 ecclesiastica

2228 4560 2445 4611 studere
2475 4557 2626 4610 663
2658 4556 2982 4621 concordia,
3043 4561 3095 4610 et
3139 4555 3223 4611 his
3270 4572 3390 4627 qum
3441 4556 3695 4626 paciﬁca?
3743 4572 3867 4609 con-

2230 4648 2439 4713 gruunt
2522 4645 2727 4697 unitati
2791 4644 3107 4714 piissimum
3177 4652 3445 4714 prestare
3524 4659 3866 4707 consensum,

2229 4757 2419 4812 precor
2447 4744 2497 4795 et
2539 4740 2730 4795 sedula
2781 4742 3120 4811 suggestione
3178 4757 3265 4796 vos
3313 4741 3549 4805 obsecro,
3609 4744 3671 4794 ut
3710 4754 3871 4794 ausus

2234 4829 2528 4901 improbos,
2560 4828 2769 4883 unitati
2812 4831 3156 4886 Christiane
3181 4827 3413 4900 pacique
3440 4830 3779 4893 contrarios,
3808 4829 3872 4881 ab

2234 4919 2387 4975 omni
2419 4918 2639 4986 pietatis
2694 4928 2897 4973 vestrae
2950 4916 3221 4973 addicetis
3278 4932 3526 4982 assensu,
3575 4919 3627 4970 et
3681 4918 3875 4986 fratris

2236 5008 2346 5062 mei
2374 5005 2616 5061 Anatolii
2639 5007 2945 5060 nocituram
2991 5007 3114 5076 ipsi,
3168 5008 3216 5060 si
3267 5005 3593 5076 perstiterit,
3652 5004 3875 5074 cupidi-

2237 5099 2403 5150 tatem
2433 5094 2745 5159 salubriter,
2773 5093 3163 5164 comprimatis.
3196 5093 3488 5149 Annuisse
3509 5109 3682 5164 porro
3740 5108 3874 5147 san-

2236 5182 2313 5237 cti
2346 5181 2551 5235 Leonis
2599 5183 2888 5251 postulata
2945 5182 3299 5236 Marcianum
3358 5184 3693 5251 Augustum
3748 5179 3872 5250 ipse

2237 5275 2476 5324 sanctus
2514 5273 2625 5324 Leo
2658 5268 2970 5341 signiﬁcat,
3003 5270 3117 5324 alia
3148 5273 3277 5339 post
3307 5269 3379 5323 ad
3424 5267 3699 5322 eumdem
3754 5268 3872 5337 epi-

2237 5362 2391 5414 stota
2424 5356 2661 5427 scripta,
2694 5373 2822 5427 quae
2871 5357 3022 5412 inter
3071 5357 3280 5424 editas,
3343 5355 3593 5427 Opinior,
3642 5356 3714 5408 60
3759 5360 3868 5421 est,

2237 5451 2295 5502 et
2318 5445 2565 5500 refertur
2596 5445 2653 5498 in
2680 5445 3031 5500 Collectione
3080 5445 3343 5500 Romana
3392 5442 3677 5499 Holstenii
3738 5461 3773 5498 a
3819 5461 3873 5513 p.

2238 5535 2361 5590 427.
2391 5532 2648 5602 Incipit:
2692 5532 3024 5589 Litterarum
3080 5533 3386 5588 clementiae
3430 5540 3631 5588 vestrae
3685 5533 3875 5586 mutti-

2238 5622 2366 5694 plez
2385 5622 2565 5693 gratia
2611 5620 2794 5675 debita
2838 5639 2874 5676 a
2927 5637 3011 5675 me
3067 5622 3419 5677 veneratione
3466 5622 3721 5691 suscepta
3776 5628 3873 5685 est,
