4146 6288
267 369 432 425 1125

1863 363 2091 419 NOTB.

3529 358 3672 416 1126

256 501 325 550 et
356 491 702 564 gratulanter
752 490 955 561 agnovi
992 506 1159 562 quam
1200 491 1355 560 piam
1409 505 1603 546 curam
1633 486 1912 543 Christia-
1942 490 1995 554 Α
2027 484 2299 540 omnibus
2328 486 2497 540 Anna
2545 484 2860 549 Comnena,
2893 482 2933 536 l.
2962 485 2984 537 Ι
3014 482 3323 551 Atexiadis,
3358 499 3415 555 p.
3445 483 3507 539 2t
3573 485 3664 540 ed.

253 598 367 639 nae
419 581 734 650 religionis,
786 590 845 635 ut
903 579 1225 647 consuestis,
1278 579 1549 643 habeatis,
1595 592 1720 632 cum
1778 574 1925 631 inter

260 669 506 726 Domini
531 668 834 724 sacerdotes
888 684 1010 723 eam
1058 667 1228 723 vultis
1284 668 1509 737 ﬁrmare
1555 664 1920 730 concordiam,

268 773 410 828 quae
441 766 491 811 et
522 755 838 812 universali
880 757 1137 811 Ecclesiae
1165 762 1219 810 et
1278 755 1471 810 divino
1522 758 1651 824 apta
1706 755 1779 807 sit
1807 752 1924 805 cul-

262 848 384 900 tui.
440 844 614 899 Paulo
673 849 840 913 post:
896 845 1035 898 Nam
1080 848 1132 898 et
1189 853 1374 898 vestra
1429 840 1787 895 mansuetudo
1840 841 1924 893 in-

263 932 654 987 sinuationem
701 948 876 986 meam
908 940 1023 985 tam
1055 932 1285 986 libenter
1331 930 1557 1000 accepit,
1590 938 1653 983 ut
1704 933 1754 983 et
1781 943 1923 980 sem-

267 1037 389 1089 per
442 1019 679 1074 scribere
741 1019 1091 1086 dignaretur,
1143 1023 1192 1072 et
1269 1017 1385 1073 hch
1435 1020 1644 1087 ageret,
1692 1022 1752 1068 ut
1802 1026 1925 1084 qua?

263 1124 428 1163 nunc
483 1111 721 1163 correcta
767 1115 896 1161 sunt
925 1111 1125 1162 vestrae
1175 1107 1367 1174 gloriae
1417 1106 1740 1161 debeantur.
1784 1102 1916 1156 Gor-

274 1201 511 1252 rectum
544 1212 673 1250 esse
713 1196 838 1265 jam
878 1199 1150 1262 testatur,
1178 1198 1485 1265 coeperato
1544 1192 1599 1247 in
1636 1192 1692 1245 id
1722 1193 1926 1261 Augu-

280 1288 402 1353 sto,
438 1288 496 1339 et
529 1286 858 1338 revocatum
901 1282 1057 1352 quod
1118 1286 1334 1336 temere
1389 1280 1692 1335 Anatolius
1737 1284 1925 1333 atten-

274 1376 510 1428 taverat
542 1371 934 1441 perturbando
978 1369 1241 1425 ordinem
1291 1369 1518 1423 sedium
1551 1373 1607 1423 et
1634 1371 1925 1423 Constan-

270 1460 732 1530 tinopolitanam
765 1460 1084 1514 secundam
1126 1476 1160 1513 a
1217 1458 1478 1512 Romana
1537 1456 1922 1510 numerando.

271 1549 362 1603 Ex
420 1548 514 1603 his
566 1556 807 1619 apparet
863 1548 1217 1602 sententiam
1285 1545 1555 1616 rescripti
1620 1544 1922 1609 Marciani,

274 1638 442 1707 quod
476 1654 591 1690 non
643 1639 851 1701 exstat,
876 1651 1003 1690 eam
1044 1635 1224 1689 fuisse
1265 1633 1519 1703 qualem,
1554 1633 1653 1703 qui
1684 1632 1922 1700 viderat,

271 1732 569 1801 expressit
600 1731 867 1786 Gelasius
894 1747 907 1785 :
941 1729 1178 1785 Probari
1196 1731 1306 1784 sibi
1333 1729 1726 1783 observantiam
1748 1730 1928 1783 sancti

2036 574 2206 644 Reg.:
2240 570 2335 623 Καὶ
2370 568 2608 642 μάλιστα
2639 571 2671 638 ἡ
2706 569 2757 623 ἐν
2790 567 3101 640 Χαλκηδόνι
3152 567 3375 632 σύνοδος
3408 570 3484 632 εἷς
3514 590 3668 633 περι-

2034 660 2187 727 ωπήν
2253 658 2509 733 μεγίστην
2570 658 2657 711 καὶ
2718 658 3028 733 πρωτίστην
3085 658 3174 712 τὸν
3235 665 3669 713 Κωνσταντινου-

2030 746 2247 808 πόλεως
2300 747 2489 821 θρόνον
2545 741 3009 817 ἀναϐιϐασαμὲνη,
3065 748 3159 807 τὰς
3205 747 3304 801 ἀνὰ
3341 748 3438 815 τὴν
3487 748 3667 802 οἰκου-

2036 836 2200 906 μένην
2263 836 2467 887 ἅπασαν
2516 832 2813 904 διοικήσεις
2872 834 2974 888 ὑπὸ
3026 838 3213 888 τοῦτον
3274 834 3522 905 ἐποίησε.
3574 837 3668 893 Sic

2031 936 2192 987 Anna
2221 949 2289 986 ex
2320 932 2515 986 codice
2560 932 2824 1002 pleniori,
2856 934 3024 1002 cujus
3078 932 3223 986 mihi
3282 939 3413 1004 post
3460 935 3666 990 editio-

2031 1037 2164 1075 nem
2223 1020 2389 1090 COpia
2444 1020 2711 1090 contigit.
2746 1021 2949 1090 Itaque
2998 1020 3057 1074 in
3116 1024 3239 1075 tota
3283 1021 3396 1076 ista
3428 1039 3667 1093 prensa-

2034 1110 2189 1164 tione
2238 1107 2457 1161 summi
2506 1106 2744 1162 honoris
2776 1111 2950 1178 caput
2998 1108 3191 1178 ipsum
3225 1110 3347 1179 spei
3382 1126 3447 1165 ac
3506 1127 3667 1165 sum-

2036 1213 2132 1251 ma
2162 1195 2383 1249 ﬁduciae
2441 1195 3099 1266 Constantinopolitanis
3130 1197 3189 1251 in
3231 1214 3454 1254 canone
3501 1199 3669 1254 Chal-

2034 1284 2347 1340 cedonensi
2405 1284 2727 1355 repositum
2787 1285 2915 1338 fuit.
2949 1286 3437 1356 Desperatissima
3493 1288 3672 1358 igitur

2037 1389 2215 1429 causa
2243 1372 2505 1442 ipsorum
2534 1377 2623 1427 est
2654 1377 2711 1426 et
2741 1389 2985 1443 prorsus
3015 1373 3219 1428 insana
3278 1374 3500 1445 petitio,
3534 1391 3669 1430 cum

2036 1464 2171 1516 ante
2200 1461 2398 1516 omnia
2428 1461 2781 1531 dejprimalu
2832 1461 2890 1514 in
2953 1461 3285 1516 universum
3349 1464 3549 1517 orbem
3600 1480 3671 1519 ne

2035 1565 2137 1620 per
2168 1548 2462 1603 somnium
2496 1549 2730 1618 quidem
2783 1548 3270 1604 Chalcedonensis
3328 1566 3513 1605 canon
3573 1567 3672 1606 co-

2035 1637 2216 1707 gitet;
2248 1641 2370 1690 tum
2406 1638 2461 1690 id
2492 1636 2686 1706 ipsum
2721 1638 2874 1707 quod
2921 1653 3089 1707 agere
3142 1638 3344 1703 voluit,
3378 1644 3443 1693 ut
3474 1640 3670 1695 sedem

2034 1724 2738 1795 Constantinopolitanam
2776 1742 2842 1779 ex
2869 1731 3077 1796 quarto
3109 1726 3168 1781 in
3191 1729 3517 1782 secundum
3548 1745 3674 1799 pro-

271 1820 478 1875 Leonis
531 1819 595 1873 de
650 1818 893 1873 custodia
950 1833 1222 1872 canonum
1280 1824 1661 1887 paternorum,
1720 1820 1772 1870 et
1817 1815 1928 1871 sibi
1958 1845 2003 1909 Β
2036 1818 2318 1879 moveret;
2349 1814 2619 1883 gradum,
2670 1813 3025 1870 reclamante
3082 1816 3339 1870 Romano
3398 1816 3669 1886 pontiﬁce

269 1907 507 1979 placere
544 1912 607 1960 ut
646 1916 696 1961 et
740 1907 871 1975 ﬁdes
929 1906 1151 1960 Nicaena
1185 1922 1344 1959 suam
1385 1904 1625 1959 obtineat
1684 1906 1928 1972 ﬁrmita-

276 2004 394 2051 tem
432 2002 483 2049 et
510 1993 819 2065 privilegia
846 1994 1214 2048 Ecclesiarum
1241 1993 1470 2047 illibata
1518 1994 1926 2061 permanerent.

278 2085 496 2146 Quare
527 2081 835 2137 deterritus
874 2082 1179 2136 Anatolius
1238 2080 1533 2135 humiliter
1584 2084 1642 2134 et
1689 2080 1932 2134 obnoxie

282 2174 495 2226 sancto
532 2169 700 2223 Leoni
730 2170 967 2238 scripsit
994 2169 1333 2235 signiﬁcans
1357 2185 1417 2223 se
1440 2168 1719 2223 desistere
1751 2186 1783 2222 a
1808 2185 1934 2238 pro-

289 2258 513 2330 posito.
564 2261 764 2311 Exstat
811 2257 930 2311 haec
982 2256 1233 2327 epistola
1278 2256 1335 2310 in
1395 2256 1631 2311 Collect.
1684 2257 1850 2311 Rom.
1901 2274 1935 2311 a

290 2363 354 2417 p.
400 2347 520 2414 132,
568 2362 636 2400 ex
693 2362 808 2414 qua
855 2344 947 2399 hic
1006 2344 1327 2399 exscribam
1387 2361 1513 2415 quae
1572 2345 1643 2398 ad
1694 2346 1932 2399 demon-

291 2434 606 2489 strandum
640 2433 793 2503 quod
828 2431 944 2485 dixi
988 2432 1295 2503 pertinent.
1332 2432 1591 2486 Primum
1645 2432 1723 2485 ibi
1756 2434 1931 2503 proﬁ-

289 2526 453 2576 tetur
484 2520 802 2575 universim
863 2536 944 2586 se,
978 2536 1339 2591 quaecunque
1398 2522 1681 2590 imperata
1737 2520 1788 2574 ei
1845 2522 1935 2575 fo-

297 2614 431 2663 rent
463 2609 705 2663 Romani
738 2608 1030 2678 pontiﬁcis
1059 2608 1288 2674 litteris,
1321 2613 1589 2679 paratum
1637 2625 1764 2663 esse
1793 2610 1933 2663 obe—

294 2698 523 2753 dienter
579 2696 858 2767 exsequi;
893 2696 951 2750 in
1010 2712 1123 2766 quo
1181 2696 1333 2750 inest
1390 2696 1567 2751 tacita
1622 2697 1934 2753 declaratio

297 2784 553 2840 revocati
586 2784 796 2854 prioris
829 2785 922 2838 sui
972 2782 1198 2839 consilii
1233 2784 1387 2839 circa
1416 2784 1765 2840 desiderium
1800 2802 1929 2856 gra-

302 2874 415 2927 dus
448 2872 687 2927 secundi
728 2875 857 2942 post
887 2872 1206 2925 Romanam
1265 2872 1484 2937 sedem,
1518 2874 1673 2941 quod
1735 2873 1791 2926 id
1818 2872 1935 2927 cla-

301 2977 365 3015 re
397 2960 790 3029 improbatum
845 2960 902 3013 in
960 2959 1147 3013 sancti
1208 2960 1417 3013 Leonis
1463 2961 1699 3032 scriptis
1746 2962 1817 3015 ad
1876 2977 1939 3015 se

301 3058 514 3112 litteris
569 3057 805 3111 viderat.
842 3056 979 3125 Ejus
1026 3058 1149 3109 haec
1206 3057 1378 3110 verba
1434 3061 1573 3110 sunt
1610 3073 1622 3110 :
1657 3058 1793 3112 Nam
1841 3074 1936 3128 pe-

298 3149 453 3201 nitus
506 3145 646 3199 absit
702 3148 761 3198 ut
816 3160 909 3214 ego
960 3144 1060 3211 eis,
1122 3159 1455 3214 quaecunque
1511 3145 1659 3198 mihi
1704 3145 1939 3214 fuissent

301 3234 568 3288 mandata
613 3249 709 3303 per
758 3233 996 3299 litteras,
1054 3234 1405 3287 adversarer.
1450 3232 1673 3287 Deinde
1731 3233 1940 3287 distin-

307 3322 460 3377 ctius
507 3322 661 3376 circa
721 3321 959 3385 factum,
994 3321 1063 3374 de
1115 3336 1228 3389 quo
1282 3323 1584 3391 agebatur,
1615 3326 1857 3375 excusat
1886 3322 1942 3375 in

303 3410 462 3464 hunc
519 3410 794 3463 modum:
832 3410 901 3462 De
959 3408 1045 3461 his
1092 3412 1273 3461 autem
1312 3423 1435 3477 quae
1491 3409 1946 3477 Constantinopo-

304 3498 495 3551 litanae
537 3496 721 3562 gratia
761 3496 910 3550 sedis
964 3495 1184 3549 sancita
1231 3500 1360 3549 sunt
1418 3495 1478 3549 in
1533 3496 1944 3552 Chalcedonen-

303 3585 353 3636 si
380 3600 552 3652 nuper
585 3584 891 3637 universali
921 3583 1145 3654 synodo,
1196 3599 1293 3652 pro
1323 3588 1469 3636 certo
1519 3586 1804 3639 beatitudo
1854 3602 1947 3638 ve-

303 3681 422 3725 stra
452 3671 570 3726 haec
613 3672 829 3737 habeat,
878 3672 1093 3723 nullam
1124 3686 1240 3723 esse
1285 3674 1502 3741 culpam
1534 3673 1591 3725 in
1633 3690 1739 3739 me,
1772 3673 1944 3727 homi-

304 3777 374 3814 ne
397 3776 493 3830 qui
523 3775 733 3829 semper
787 3758 960 3812 otium
1017 3761 1066 3812 et
1122 3760 1380 3829 quietem,
1412 3760 1466 3811 in
1524 3760 1837 3815 humilitate
1865 3777 1951 3816 me

304 3859 610 3923 continens,
642 3857 709 3909 ab
740 3857 958 3910 ineunte
990 3871 1108 3908 mea
1135 3858 1297 3910 aetate
1326 3855 1653 3909 dilexerim:
1684 3857 1775 3910 sed
1807 3857 1948 3911 Con-

306 3944 817 4013 stantinopotilame
847 3943 910 4013 [P
939 3942 1064 4011 465]
1097 3941 1343 3995 Ecclesiae
1359 3945 1831 3997 reuerentissimus
1850 3946 1948 3999 cle-

310 4050 406 4087 rus
459 4036 557 4102 est,
584 4033 680 4102 qui
733 4031 830 4085 hoc
889 4031 1080 4085 habuit
1109 4031 1371 4094 studium,
1423 4035 1474 4084 et
1522 4031 1754 4085 istarum
1811 4050 1948 4101 par-

313 4122 457 4175 tium
515 4118 921 4187 religiosissimi
977 4119 1299 4183 sacerdotes,
1353 4120 1451 4187 qui
1506 4121 1565 4171 in
1635 4120 1731 4173 hoc
1793 4125 1951 4188 [uere

308 4208 593 4263 concordes
655 4216 709 4262 et
769 4207 877 4261 sibi
933 4209 1145 4276 pariter
1210 4206 1506 4275 adjutores.
1560 4206 1690 4259 Mox
1756 4212 1950 4261 autem

310 4297 704 4368 quodcunque
746 4299 1030 4349 tentatum
1089 4295 1148 4348 in
1199 4294 1307 4348 hoc
1337 4310 1546 4364 genere
1603 4296 1789 4349 fuerat
1817 4295 1952 4349 irri-

309 4390 434 4439 tum
494 4383 758 4455 agnoscit
814 4399 881 4438 ex
945 4399 1060 4453 quo
1121 4381 1267 4436 illud
1336 4383 1634 4437 Romanus
1694 4384 1953 4454 pontifex

309 4473 723 4542 improbasset.
756 4470 848 4525 Sic
880 4470 1034 4525 enim
1068 4470 1347 4523 continuo
1381 4470 1689 4540 subjungit
1714 4489 1726 4525 :
1750 4471 1886 4525 Cum
1903 4479 1953 4526 et

2039 1902 2269 1956 irritum
2303 1905 2359 1955 et
2388 1902 2595 1956 eﬁ‘ectu
2625 1918 2855 1957 cassum
2889 1904 3191 1957 manserit.
3222 1906 3302 1959 Ac
3332 1904 3467 1960 licet
3523 1910 3670 1960 tem-

2040 1991 2278 2060 poribus
2307 1989 2628 2044 Justiniani
2659 1992 2771 2045 seri
2825 2008 3190 2047 successores
3246 1994 3525 2060 Anatolii,
3555 2010 3669 2065 quo

2033 2079 2167 2147 jure
2224 2094 2405 2146 quave
2460 2078 2697 2147 injuria,
2755 2079 3140 2134 Alexandrino
3197 2081 3672 2152 Antiochenoque

2042 2164 2390 2236 patriarchis
2423 2167 2715 2236 praepositi
2773 2167 3042 2237 legantur
3094 2169 3153 2222 in
3207 2168 3455 2224 Novellis
3512 2170 3671 2225 illius

2041 2253 2433 2322 imperatoris,
2467 2258 2658 2308 tamen
2691 2255 2747 2308 id
2781 2255 2926 2310 citra
2955 2256 3361 2327 prsejudicium
3385 2258 3672 2328 primatus

2042 2351 2313 2405 Romana
2338 2352 2462 2406 sedi
2519 2354 2903 2423 competentis
2959 2355 3175 2409 factum
3236 2357 3540 2412 manifeste
3570 2358 3675 2411 de-

2043 2437 2226 2492 clarat
2283 2440 2407 2509 ipse
2463 2441 2840 2496 Justinianus
2910 2442 2969 2495 in
3027 2459 3133 2498 suo
3209 2444 3403 2498 codice
3454 2448 3516 2498 L.
3577 2445 3650 2499 Co

2042 2542 2319 2596 gnoscere,
2354 2527 2452 2581 ubi
2508 2529 2579 2581 de
2636 2529 2896 2584 Romano
2954 2531 3225 2601 pontiﬁce
3276 2530 3538 2602 loquitur
3587 2532 3675 2587 his

2042 2614 2234 2669 verbis
2259 2630 2272 2669 :
2299 2616 2406 2669 Nec
2434 2616 2582 2669 enim
2606 2617 2855 2686 patimur
2882 2621 2941 2672 ut
2964 2619 3270 2688 quidquam
3325 2636 3514 2674 eorum
3555 2636 3679 2691 qum

2043 2701 2113 2756 ad
2160 2702 2585 2757 ecclesiasticum
2633 2704 2910 2774 pertinent
2964 2714 3184 2775 statum,
3216 2724 3331 2762 non
3379 2708 3547 2763 etiam
3603 2709 3678 2763 ud

2043 2789 2289 2859 ejusdem
2319 2790 2599 2860 referatur
2649 2792 3063 2860 beatitudinem,
3096 2810 3221 2850 cum
3273 2811 3339 2850 ea
3393 2796 3468 2851 sit
3514 2801 3679 2867 caput

2045 2877 2293 2931 omnium
2346 2878 2830 2935 sanctissimorum
2883 2882 2979 2936 Dei
3010 2883 3366 2939 sacerdotum.
3424 2884 3552 2939 Haec
3610 2884 3679 2938 ile

2044 2962 2229 3030 le;ad
2264 2980 2392 3033 quae
2435 2965 2520 3019 sic
2580 2966 2839 3033 adnotat,
2872 2966 3092 3038 alioqui
3151 2985 3356 3039 expers
3408 2970 3685 3025 Romanae

2047 3051 2495 3121 communionis,
2518 3052 2683 3124 Hugo
2717 3054 2970 3121 Grotius,
3009 3056 3068 3109 in
3107 3056 3400 3127 Sparsione
3433 3058 3680 3128 Florum,

2051 3154 2104 3208 p.
2138 3139 2279 3192 3111:
2315 3144 2443 3194 Hac
2468 3145 2730 3210 perpetua
2758 3144 2873 3212 fuit
2931 3145 3155 3209 piorum
3209 3147 3531 3215 principum
3567 3162 3687 3201 sen-

2054 3230 2227 3281 tentia
2282 3230 2351 3284 ad
2416 3230 2673 3284 tuendam
2748 3231 3009 3287 Ecclesia?
3079 3235 3349 3289 unitatem
3421 3251 3688 3305 perquam

2052 3317 2381 3371 necessaria.
2414 3318 2560 3372 Idem
2616 3319 2806 3373 dicunt
2842 3320 3284 3375 Valentiniamus
3343 3330 3393 3377 et
3444 3322 3693 3393 placidia

2055 3404 2115 3456 in
2172 3408 2321 3459 Actis
2378 3412 2509 3461 ante
2558 3406 2855 3462 concilium
2914 3408 3364 3479 Chalcedonense,
3390 3410 3602 3480 judices
3657 3428 3692 3466 a

2054 3493 2320 3548 Martiano
2376 3494 2515 3563 dati,
2547 3501 2599 3549 et
2656 3495 2777 3565 ipsa
2830 3497 3064 3567 synodus
3121 3498 3569 3554 Chalcedonensis
3611 3516 3685 3569 ιν,

2055 3586 2160 3635 act.
2225 3582 2311 3635 16.
2373 3583 2516 3637 Adde
2570 3585 2851 3640 Novellum
2910 3586 3032 3640 131.
3086 3588 3270 3652 Quare
3346 3586 3519 3641 aliam
3570 3604 3688 3642 suae

2055 3671 2400 3726 auctoritatis
2432 3672 2848 3741 independentis
2876 3675 3497 3744 Constantinopolitani
3551 3692 3691 3730 con-

2057 3758 2440 3812 ﬁrmationem
2466 3762 2744 3827 quaerant.
2774 3760 2916 3814 Nam
2942 3760 3059 3813 hinc
3082 3760 3316 3830 quidem
3341 3778 3454 3832 qua
3481 3777 3542 3817 se
3581 3778 3691 3817 un-

2058 3845 2162 3899 nili
2196 3846 2471 3914 fatentur,
2497 3850 2553 3900 et
2583 3862 2802 3901 canone
2830 3847 3304 3915 Chalcedonensi,
3331 3849 3519 3919 palam
3542 3846 3690 3921 οἷ’χε-

2056 3952 2164 4000 ται,
2196 3950 2266 3987 ne
2298 3934 2442 4004 ipsis
2474 3935 2711 4005 quidem
2747 3937 2934 4003 (tanta
2965 3935 3050 3989 vis
3079 3936 3337 3990 veritatis
3364 3941 3491 4006 est),
3515 3938 3691 3992 etiam

2060 4033 2366 4098 postquam
2428 4030 2708 4085 Pbotiano
2782 4030 3101 4085 schismate
3170 4032 3415 4087 frontem
3476 4033 3690 4103 perfri-

2059 4122 2323 4183 cuerunt,
2374 4117 2746 4171 dissimulare
2802 4119 3093 4173 interdum
3153 4119 3506 4175 valentibus.
3542 4121 3690 4184 Quid

2061 4204 2213 4257 enim
2248 4202 2404 4257 aliud
2439 4204 2654 4258 indicat
2687 4206 2741 4259 id
2776 4208 2927 4275 quod
2975 4208 3246 4277 superius
3307 4208 3415 4262 hoc
3447 4209 3572 4277 ipso
3604 4211 3694 4263 est

2060 4292 2246 4361 capite
2277 4280 2597 4360 narratum,
2631 4300 3039 4364 congregatum
3086 4296 3195 4349 sub
3247 4295 3471 4350 Joanne
3531 4297 3692 4351 Ducu'

2058 4379 2406 4449 imperatore
2436 4380 2761 4435 Graecorum
2803 4383 3088 4451 synodum
3150 4383 3474 4437 decrevisse
3533 4385 3693 4455 lega-

2059 4468 2276 4521 tionem
2310 4469 2379 4521 ad
2415 4484 2644 4538 papam,
2676 4485 2791 4538 qua
2849 4470 3030 4523 functi
3091 4487 3151 4524 re
3207 4470 3337 4541 ipsa
3391 4472 3512 4525 sint
3566 4473 3695 4543 epi-

304 4561 386 4616 sic
415 4565 696 4632 gestorum
726 4559 810 4614 vis
838 4560 1015 4613 omnis
1041 4564 1093 4613 et
1126 4557 1468 4626 conﬁrmatio
1496 4560 1830 4613 auctoritati
1857 4575 1944 4613 ve-
1977 4557 2024 4620 D
2059 4556 2216 4626 scopi
2279 4556 2415 4624 duo,
2474 4556 2781 4610 Sardensis
2837 4556 3225 4623 Andronicus,
3267 4562 3322 4611 et
3379 4558 3690 4628 Cyzicenus

306 4653 438 4706 straz
495 4648 857 4704 beatitudinis
910 4648 1083 4717 fuerit
1142 4648 1296 4701 664
1352 4652 1647 4701 reservata.
1700 4650 1785 4702 Ita
1853 4649 1948 4703 ille

310 4739 455 4793 satis
499 4738 774 4805 judicans
834 4736 983 4791 nihil
1043 4740 1415 4790 consecutam
1467 4736 1598 4789 novi
1642 4737 1793 4804 juris
1851 4742 1950 4791 aut

311 4824 423 4878 loci
479 4823 1185 4894 Constantinopolitanam
1245 4824 1443 4877 sedem
1492 4839 1593 4892 per
1635 4823 1947 4879 Chalcedo-

315 4927 557 4965 nensem
590 4928 895 4976 canonem,
927 4910 1050 4981 qui,
1081 4917 1145 4964 ut
1175 4911 1289 4963 vim
1325 4909 1582 4978 haberet,
1617 4912 1948 4967 conﬁrmari

314 4998 580 5051 debuerit
635 5015 668 5050 a
722 4998 983 5052 Romano
1040 4996 1332 5068 pontiﬁce,
1368 5013 1501 5051 cum
1561 5015 1695 5053 eum
1752 5004 1946 5056 tamen

312 5093 412 5147 ille
446 5094 860 5162 reprobaverit.
900 5094 1009 5149 Ubi
1057 5099 1146 5148 est
1197 5110 1335 5163 ergo
1396 5093 1496 5148 illa
1546 5097 1836 5165 possessio
1862 5098 1949 5152 in-

309 5181 701 5252 dependentis
755 5182 1144 5248 auctoritatis,
1178 5186 1276 5236 aut
1309 5198 1424 5251 quo
1474 5183 1607 5252 jure
1665 5200 1729 5238 ac
1763 5202 1949 5255 quan-

314 5272 387 5325 do
422 5269 589 5335 inita,
623 5284 794 5340 quam
828 5285 890 5324 se
937 5269 1087 5323 tueri
1143 5274 1334 5323 certos
1386 5269 1480 5323 hic
1533 5270 1712 5325 Graeci
1763 5272 1949 5327 schis-

315 5357 1021 5414 maticiafﬁrmant?Sane
1047 5356 1126 5410 illi
1148 5357 1393 5411 fundum
1418 5360 1657 5413 unicum
1685 5364 1785 5413 aut
1808 5377 1949 5430 prae-

305 5448 549 5519 cipuum
582 5442 914 5516 αὐτονομέας
960 5444 1155 5512 istius,
1187 5449 1243 5500 et
1289 5445 1481 5500 libera:
1514 5445 1583 5500 ab
1644 5448 1799 5501 omni
1830 5449 1949 5503 Bo-

301 5551 486 5590 manse
544 5533 704 5589 sedis
757 5532 1171 5603 jurisdictione
1260 5532 1585 5604 potestatis,
1638 5535 1950 5592 Chalcedo-

299 5639 540 5680 nensem
573 5621 750 5677 istum
786 5638 1068 5679 canonem
1103 5622 1443 5694 praedicant.
1498 5623 1786 5679 Audiatur
1844 5642 1948 5696 pro

2058 4644 2357 4713 Georgius,
2386 4660 2487 4714 per
2512 4660 2683 4713 quam
2707 4644 3115 4713 proﬁterentur
3133 4661 3189 4699 se
3216 4652 3441 4713 paratos
3472 4646 3696 4717 obsequi

2053 4733 2303 4801 pontiﬁci
2360 4732 2599 4785 Romana
2654 4733 2875 4802 ejusque
2929 4732 2990 4786 in
3046 4749 3204 4787 sacra
3252 4734 3399 4790 665
3461 4735 3692 4805 liturgia

2057 4823 2384 4875 mulionem
2403 4822 2512 4875 rite
2538 4824 2732 4886 facere,
2757 4823 2806 4874 si
2828 4824 2873 4874 is
2889 4823 3201 4877 societatem
3213 4822 3558 4894 abrumperet
3571 4840 3693 4877 cum

2058 4912 2269 4964 Latinis
2336 4910 2526 4963 urbem
2594 4909 3115 4980 Constantinopolim
3188 4912 3512 4977 tenentibus,
3579 4916 3690 4966 etc.

2057 5007 2255 5076 Neque
2287 5006 2465 5063 enim.
2490 5006 2628 5059 dum
2662 5006 2771 5060 hoc
2799 5006 3246 5076 pollicebantur,
3270 5008 3603 5076 novumjus
3634 5023 3697 5061 se

2059 5094 2317 5149 conferre
2375 5098 2633 5148 Romano
2695 5095 2946 5148 antistiti
3006 5096 3310 5166 putabant,
3369 5096 3467 5149 sed
3528 5106 3696 5149 vetus

2059 5188 2115 5237 et
2173 5184 2243 5236 ab
2299 5181 2503 5236 ultima
2556 5182 2856 5237 ﬁrmatum
2933 5184 3284 5255 antiquitate
3358 5198 3689 5253 agnoscere.

2060 5271 2206 5335 Quid
2232 5270 2393 5325 aliud
2450 5271 2813 5325 demonstrat
2860 5273 3035 5342 quod,
3068 5289 3124 5342 p.
3157 5273 3281 5337 214,
3312 5269 3552 5325 Michael
3582 5274 3691 5324 Pa-

2059 5359 2335 5429 lmologus
2363 5361 2665 5427 Augustus
2689 5360 2757 5412 ad
2792 5361 3077 5430 synodum
3101 5358 3429 5413 Graecorum
3454 5357 3688 5411 antisti-

2061 5451 2190 5501 tum
2225 5463 2523 5517 perorans,
2581 5447 2680 5501 ubi
2742 5450 2894 5501 esset
2949 5450 3190 5516 questus
3248 5445 3317 5498 de
3350 5443 3565 5497 duritie
3595 5460 3687 5497 ca-

2058 5534 2317 5590 nonibus
2344 5535 2623 5590 damnata
2653 5533 2995 5606 patriarchas
3023 5533 3249 5588 Arsenii
3280 5529 3544 5603 negantis
3576 5531 3689 5586 sibi

2053 5622 2334 5695 penitenti
2387 5623 2942 5690 reconciliationem,
2976 5624 3260 5703 tanquam
3307 5635 3375 5675 ex
3427 5617 3693 5674 doctrina
