4146 6288
475 344 615 406 1127

1510 359 1573 411 P.
1611 356 1889 411 PCBSINI
1923 355 2534 413 OBSERVATIONUM
2568 360 2702 415 LIB.
2742 362 2814 417 II.

3722 365 3868 421 i128

472 492 602 547 quae
643 477 703 532 in
760 478 1025 534 confesso
1082 480 1236 551 apud
1294 496 1499 535 omnes
1552 486 1726 549 esset,
1761 480 1841 535 ait
1897 490 2109 551 tempus
2138 481 2191 547 Α
2221 480 2384 537 sibus
2416 482 2704 554 Eunomii,
2736 484 3055 541 Macedonii
3107 490 3165 543 et
3192 486 3438 544 aliorum
3496 490 3681 545 sancti
3724 492 3865 563 Spi-

471 579 587 619 esse
614 566 937 636 procidendi
988 568 1058 621 ad
1112 567 1270 638 pedes
1327 585 1483 639 papa:
1541 570 1719 624 Roma
1776 570 2033 638 sedentis,
2065 576 2117 623 et

471 654 540 708 ab
571 669 632 709 eo
659 655 984 726 suppliciter
1010 657 1229 726 petendi
1256 658 1497 712 salutare
1542 656 1754 727 peccati
1790 657 2113 722 remedium,

472 744 587 798 nisi
642 752 866 799 certum
922 751 980 800 et
1041 746 1259 801 nemini
1322 746 1646 801 dubitabile
1695 748 1795 815 jus
1850 762 1999 811 esse,
2062 744 2112 800 si

471 834 705 903 quando
736 833 1423 904 Constantinopolitanus
1478 835 1805 905 patriarcha
1853 851 1885 888 a
1916 832 2115 905 regula

472 920 792 990 disciplinis
825 922 1037 976 veteris
1060 922 1378 988 deﬂexerit,
1408 923 1756 993 provocandi
1816 922 1886 977 ad
1920 921 2112 992 ponti-

469 1010 637 1064 ﬁcem
671 1010 999 1064 Romanum
1036 1014 1091 1063 et
1131 1011 1202 1064 ab
1232 1025 1299 1064 eo
1355 1011 1463 1065 rite
1522 1011 1753 1081 petendi
1811 1011 2111 1065 sumendi-

472 1115 586 1169 que
608 1115 735 1169 quae
758 1098 975 1167 injuste
1004 1114 1035 1152 a
1066 1098 1713 1169 Constantinopolitano
1740 1098 1859 1153 sint
1880 1102 2107 1169 negata.

468 1191 593 1242 Non
630 1186 810 1256 igitur
841 1184 1103 1255 legitima
1128 1186 1420 1254 possessio
1442 1186 1564 1241 haec
1586 1186 1713 1252 fuit,
1735 1187 1834 1240 sed
1862 1186 2110 1256 iniquis-

467 1275 620 1330 sima
653 1274 955 1344 usurpatio
1006 1276 1348 1327 auctoritatis
1404 1274 1833 1342 independentis,
1868 1274 1950 1343 [P.
1986 1274 2109 1344 466]

465 1378 644 1433 quam
675 1378 736 1416 se
768 1366 984 1435 temere
1009 1362 1079 1414 ad
1107 1366 1432 1416 extremum
1459 1361 1605 1416 velle
1637 1362 1732 1415 hic
1754 1362 2110 1416 schismatici

466 1455 775 1506 testantur.
838 1449 947 1503 Sed
1009 1448 1112 1518 qui
1170 1464 1239 1503 ex
1294 1448 1439 1519 ipsis
1473 1455 1574 1503 aut
1603 1465 1804 1505 eorum
1864 1450 2110 1519 posteris

466 1544 668 1612 postea
722 1537 1116 1608 resipuerunt,
1145 1553 1271 1591 eam
1334 1537 1703 1603 abdicarunt,
1743 1541 1807 1590 ut
1861 1536 2107 1607 professi

467 1628 676 1683 deinde
707 1631 846 1680 sunt
875 1624 931 1677 in
965 1624 1209 1679 concilio
1239 1624 1593 1693 Florentino,
1624 1640 1770 1678 sese.
1803 1624 1893 1690 25,
1926 1641 1981 1694 p.
2004 1625 2111 1678 516

468 1717 558 1770 ed.
594 1716 729 1784 Reg.
755 1713 848 1767 his
874 1712 1103 1766 verbis:
1137 1710 1267 1783 Περὶ
1298 1717 1397 1779 τῆς
1423 1710 1603 1785 ἀρχῆς
1621 1714 1719 1764 τοῦ
1748 1711 1941 1763 πάππα
1972 1711 2108 1782 ὁμο-

469 1802 735 1877 λογοῦμεν
796 1799 953 1853 αὑτὸν
1007 1797 1168 1874 ἄκρον
1218 1798 1477 1873 ἀρχιερέα
1533 1799 1622 1852 καὶ
1677 1798 1968 1873 ἐπίτροπον
2017 1798 2107 1852 καὶ

463 1890 849 1962 τοποτηρητήν
898 1888 987 1941 καὶ
1044 1888 1287 1962 βικάριον
1331 1891 1426 1940 τοῦ
1472 1888 1726 1959 Χριστοῦ,
1774 1887 2007 1958 ποιμένα
2046 1905 2105 1939 τε

464 1981 557 2035 καὶ
615 1976 942 2032 διδάσκαλον
998 1978 1208 2031 πάντων
1264 1980 1620 2051 Χριστιανῶν,
1671 1975 1864 2029 ἰθύνειν
1911 1995 1969 2029 τε
2014 1974 2103 2029 καὶ

466 2063 726 2143 κυϐερνᾷν
755 2069 854 2136 τὴν
885 2065 1210 2134 Ἐκκλησίαν
1245 2068 1343 2119 τοῦ
1400 2068 1554 2119 Θεοῦ.
1584 2066 1656 2119 De
1711 2067 1957 2135 primatu
1999 2081 2102 2135 pa-

466 2175 549 2231 pae
579 2158 900 2227 confitemur
920 2157 1103 2226 ipsum
1122 2171 1399 2209 summum
1418 2153 1732 2224 pontiﬁcem
1744 2157 1794 2208 et
1822 2155 2103 2223 dispensa-

467 2256 661 2315 torem,
691 2254 741 2300 et
769 2246 947 2300 locum
977 2252 1244 2298 tenentem
1291 2258 1359 2297 ac
1413 2244 1689 2298 vicarium
1746 2241 1967 2307 Christi,
1999 2256 2099 2311 pa-

462 2341 775 2405 storemque
803 2337 855 2388 et
901 2332 1166 2386 doctorem
1215 2329 1468 2385 omnium
1524 2330 1987 2395 Christianorum,
2020 2344 2103 2382 re-

460 2439 694 2496 gereque
722 2439 786 2476 ac
828 2420 1137 2491 gubernare
1192 2418 1489 2472 Ecciesiam
1519 2417 1636 2471 Dei.
1670 2417 1813 2471 Cum
1862 2433 1977 2487 quo
2010 2415 2101 2485 ip-

460 2513 544 2568 sis
577 2512 931 2583 permissum
985 2514 1093 2570 est,
1125 2506 1538 2561 dissimulante
1590 2508 1826 2575 propter
1881 2505 2098 2559 bonum

459 2601 619 2674 pacis
644 2598 919 2665 Ecclesia,
948 2601 1012 2650 ut
1037 2612 1210 2650 suum
1242 2593 1954 2663 Constantinopolitanum
1999 2609 2098 2661 pa-

461 2688 776 2744 triarcham
807 2683 1198 2740 Alexandrino
1231 2686 1650 2753 praeponerent,
1678 2686 1850 2751 prout
1879 2680 2097 2735 ibidem

462 2776 659 2832 statim
695 2775 920 2829 addunt
946 2788 959 2828 :
994 2776 1149 2839 Σωζο
1184 2771 1358 2843 μένων
1387 2774 1496 2823 τῶν
1519 2768 1837 2842 προνομίων
1868 2767 1957 2821 καὶ
1988 2772 2093 2821 τῶν

459 2862 680 2918 δικαίων
723 2866 830 2915 τῶν
875 2863 1229 2934 πατριαρχῶν
1277 2865 1377 2926 τῆς
1419 2856 1739 2925 Ἀνατολῆς,
1790 2857 1882 2910 τὸν
1942 2857 2099 2911 Κωκ-

458 2949 956 3012 σταντινουπόλεως
1008 2946 1275 3020 δεύτερον,
1335 2948 1465 3001 εἶναι
1527 2946 1660 3018 μετᾶ
1697 2944 1790 2998 τὸν
1849 2946 2094 3011 πάππαν,

457 3040 568 3095 εἶτα
624 3040 715 3093 τὸν
772 3034 1209 3109 Ἀλεξανδρείας,
1274 3040 1387 3092 etc.
1440 3036 1620 3091 Salvis
1674 3033 1986 3103 privilegiis
2046 3037 2095 3088 et

440 3131 670 3201 juribus
696 3128 1145 3199 patriarcharum
1206 3124 1474 3187 Orientis,
1516 3126 1580 3175 ut
1634 3123 2092 3191 Constantinopo-

2225 567 2372 623 ritus
2403 568 2768 625 divinitatem
2799 573 3286 644 oppugnantium,
3314 576 3483 646 quasi
3512 591 3582 631 ex
3609 594 3676 632 eo
3704 580 3863 649 quod

2224 655 2293 710 de
2325 655 2465 711 Filio
2496 656 2619 712 solo
2652 658 2868 714 diserte
2899 662 3107 717 fuisset
3136 662 3192 716 in
3238 678 3448 734 magna
3500 667 3719 736 synodo
3752 667 3858 719 Ni-

2223 760 2381 798 casna
2410 745 2737 800 deﬁnitium
2770 748 3330 805 consubstantialem
3358 767 3488 807 eum
3520 754 3675 807 Patri
3708 770 3861 821 esse,

2224 832 2293 886 de
2369 832 2585 901 Spiritu
2666 839 2868 889 sancto
2953 840 3614 907 sequeretur,5minime
3690 842 3859 897 illum

2222 936 2256 974 a
2285 918 2455 975 Patre
2486 923 2811 991 procedere,
2842 923 3193 979 celebratum
3226 930 3315 981 est
3367 929 3856 1000 Constantinopo-

2223 1006 2261 1059 li
2336 1009 2645 1063 concilium
2723 1011 2992 1081 generale
3061 1015 3382 1069 secundum
3458 1016 3744 1072 indictum
3826 1037 3859 1073 ιι

2224 1099 2469 1150 Damaso
2502 1114 2670 1168 papa,
2721 1104 3097 1155 convocatum
3130 1105 3191 1166 Fa
3244 1102 3569 1159 Theodosio
3627 1107 3860 1162 seniore

2219 1184 2501 1251 Augusto,
2534 1185 2593 1239 in
2626 1188 2779 1255 quod
2825 1194 3220 1243 convenerunt
3277 1196 3506 1246 centum
3566 1194 3857 1263 quinqua-

2220 1271 2381 1342 ginta
2411 1274 2668 1343 episcopi
2698 1291 2849 1329 anno
2880 1276 3093 1331 Chriin
3116 1278 3239 1331 381.
3268 1278 3349 1333 Ibi
3369 1280 3645 1336 damnata
3676 1286 3863 1338 Pneu-

2222 1360 2723 1416 matomachorum
2783 1363 3169 1433 blasphemia,
3202 1366 3391 1421 visum
3440 1375 3525 1422 est
3584 1369 3858 1426 Patribus

2219 1449 2631 1518 apponendum
2659 1451 2881 1520 aliquid
2911 1451 3142 1507 Niceeno
3173 1455 3460 1525 symbolo,
3493 1458 3643 1526 quod
3679 1458 3857 1515 istam

2218 1536 2493 1607 deinceps
2554 1537 2818 1592 haeresim
2878 1540 3209 1610 perimeret.
3257 1547 3389 1597 Haec
3447 1543 3624 1614 igitur
3681 1548 3857 1601 verba

2217 1624 2267 1678 ei
2299 1625 2578 1693 adjuncta
2630 1630 2769 1679 tunc
2826 1630 2964 1680 sunt
2997 1643 3010 1680 :
3043 1628 3108 1681 Et
3165 1630 3225 1683 in
3279 1630 3552 1699 Spiritum
3603 1642 3858 1688 sanctum

2218 1715 2512 1767 Dominum
2543 1721 2592 1767 et
2620 1713 3023 1782 viviﬁcantem,
3047 1715 3145 1786 qui
3180 1732 3251 1771 ea:
3276 1719 3442 1772 Patre
3465 1721 3721 1788 procedit,
3756 1724 3857 1790 qui

2214 1815 2339 1852 cum
2371 1800 2537 1853 Patre
2562 1807 2615 1854 et
2645 1801 2786 1855 Filio
2812 1800 2983 1855 simul
3011 1802 3282 1857 adoratur
3312 1809 3366 1858 et
3392 1806 3858 1875 conglorificatur,

2217 1888 2313 1956 qui
2334 1888 2541 1941 locutus
2561 1893 2641 1941 est
2658 1904 2758 1957 per
2770 1888 3078 1958 praphelas.
3097 1890 3246 1945 Satis
3268 1890 3377 1946 hoc
3397 1892 3583 1948 visum
3610 1895 3677 1948 ad
3704 1912 3853 1964 prte-

2214 1980 2437 2029 sentem
2463 1991 2659 2029 usum.
2683 1975 2792 2029 Sed
2819 1992 2948 2030 cum
2976 1977 3233 2032 insanire
3254 1977 3634 2034 nihilominus
3659 1982 3827 2037 Euno

2214 2063 2397 2117 miani
2459 2067 2784 2134 pergerent,
2836 2064 3000 2135 sequi
3058 2080 3127 2118 ex
3184 2070 3401 2121 statuto
3456 2068 3726 2138 dogmate
3784 2072 3847 2123 fi-

2212 2152 2354 2206 lium
2390 2151 2516 2205 Filii
2544 2150 2826 2221 Spiritum
2852 2152 3000 2206 667
3028 2158 3296 2207 sanctum
3324 2170 3451 2210 esse
3469 2157 3842 2226 cavillantes;

2211 2251 2365 2319 quod
2426 2253 2620 2303 autem
2681 2249 2823 2303 satis
2881 2253 3175 2306 constaret
3234 2254 3468 2308 unicum
3523 2271 3651 2311 esse
3704 2271 3845 2311 con-

2211 2337 2653 2392 substantialem
2720 2338 2868 2391 Patri
2929 2337 3162 2408 Filium,
3209 2342 3494 2412 Spiritum
3548 2348 3841 2406 sanctum,

2210 2426 2309 2496 qui
2344 2424 2471 2480 Filii
2514 2425 2668 2479 ﬁlius
2724 2430 2899 2489 esset,
2932 2442 2965 2479 a
3020 2428 3346 2484 divinitatis
3405 2431 3841 2502 participatione

2209 2514 2625 2569 removendum
2659 2518 2715 2567 et
2744 2515 2814 2567 ad
2848 2520 3247 2571 creaturarum
3302 2518 3547 2573 classem
3602 2519 3837 2573 submo-

2208 2603 2457 2657 vendum
2516 2600 2753 2655 omnino
2782 2603 3206 2672 essezquidam
3266 2610 3331 2659 ut
3384 2604 3482 2660 isti
3540 2623 3837 2678 argumen-

2207 2688 2411 2743 tationi
2478 2693 2868 2754 occurrerent,
2929 2706 3137 2761 negare
3200 2698 3502 2762 coeperunt
3564 2694 3830 2766 Spiritum

2208 2794 2241 2831 a
2291 2776 2430 2831 Filio
2490 2777 2786 2847 procedre,
2816 2777 2899 2831 sic
2957 2782 3023 2832 ut
3079 2779 3224 2850 ipsis
3279 2781 3614 2848 videbatur,
3673 2781 3837 2853 plau-

2206 2864 2438 2918 sibilius
2469 2863 2737 2934 rejecturi
2795 2865 3220 2921 Eunemianum
3278 2868 3603 2939 sophima,
3637 2870 3837 2925 recita-

2204 2957 2329 3006 tum
2359 2969 2390 3006 a
2421 2956 2621 3007 sancto
2651 2951 2861 3007 Basilio
2893 2954 2951 3007 in
3005 2970 3177 3024 opere
3231 2961 3435 3011 contra
3489 2957 3829 3013 Eunomium

2205 3040 2297 3095 his
2353 3041 2582 3095 verbis:
2636 3038 2810 3094 Ἀλλᾶ
2867 3038 3059 3114 λὲγεις.
3123 3042 3191 3097 Ei
3248 3047 3382 3096 Θεοῦ
3443 3044 3538 3116 μὲν
3602 3044 3765 3100 εἰκὼν
3811 3048 3835 3100 ὁ

2203 3128 2344 3195 Υἱὸς,
2405 3128 2533 3180 Υἱοῦ
2591 3124 2647 3180 δὲ
2700 3126 2764 3181 τὸ
2822 3129 3062 3200 Πνεῦμα,
3118 3130 3209 3183 καὶ
3264 3130 3310 3184 εἰ
3362 3136 3496 3186 Θεοῦ
3537 3133 3633 3204 μὲν
3668 3134 3839 3207 Λόγος

451 3196 658 3273 titanus
686 3196 955 3272 secundus
967 3215 1040 3267 sit
1062 3230 1100 3266 a
1126 3214 1292 3282 papa,
1311 3210 1504 3265 deinde
1526 3209 1949 3276 Alexandrinus,
1974 3215 2082 3264 etc.

2201 3216 2226 3269 δ
2284 3216 2427 3284 Υἱὸς,
2488 3214 2639 3290 ῥῆμα
2695 3212 2752 3269 at
2808 3196 3055 3270 1105-167
3106 3221 3345 3290 Πνεῦμα,
3393 3218 3481 3274 διὰ
3527 3196 3580 3273 ἐι
3614 3222 3690 3293 μή
3722 3196 3839 3283 υἱὸς

522 3324 657 3393 Pag.
693 3324 815 3376 368.
852 3320 1169 3389 Cauponum
1195 3320 1246 3371 et
1273 3316 1740 3371 illiberalissortis
1770 3315 2088 3370 homuncio-

450 3428 606 3467 num.
642 3410 856 3464 Idiotas
885 3407 1123 3461 Latinos
1149 3410 1204 3460 et
1235 3422 1349 3475 pra:
1407 3420 1469 3458 se
1508 3402 1654 3457 viles
1707 3403 2086 3473 superficilio-

453 3499 673 3555 sissimi
705 3502 760 3553 et
792 3498 943 3551 fastu
1002 3495 1161 3549 inani
1218 3493 1435 3564 turgidi
1494 3491 1851 3547 schismatici
1912 3493 2088 3548 habe-

453 3588 612 3652 bant,
647 3587 892 3655 ideoque
925 3583 1042 3638 illis
1084 3584 1350 3655 quamvis
1409 3581 1717 3636 manifesto
1742 3580 1875 3648 jure
1931 3581 2087 3635 debi-

451 3680 568 3729 tam
593 3675 1011 3744 subjectionem
1036 3675 1267 3741 negant,
1292 3670 1546 3724 immane
1563 3674 1843 3740 quantum
1869 3687 1902 3723 a
1926 3669 2086 3724 Chri-

449 3764 641 3817 stiana
679 3760 1011 3816 humilitate
1058 3759 1459 3825 abhorrentes,
1491 3775 1621 3829 quae
1663 3758 1981 3828 piscatores
2011 3758 2082 3812 ab

448 3852 614 3905 initio
646 3849 1012 3921 philosophis
1045 3847 1324 3919 praetulit.
1355 3848 1462 3902 Sed
1519 3847 1690 3900 istam
1752 3845 2081 3915 superbiam

437 3942 600 4011 justa
621 3938 767 3993 ultio
787 3935 1034 4008 excepit,
1058 3941 1122 3990 ut
1144 3935 1243 4007 qui
1267 3934 1476 4003 subjici
1502 3933 1839 4004 apostolicis
1870 3932 2084 3987 Christi

445 4026 683 4081 vicariis
716 4024 1140 4080 contumaciter
1179 4022 1523 4094 spreverint,
1553 4021 1817 4092 tyrannis
1875 4021 2081 4075 barba-

445 4116 524 4169 ris
553 4114 881 4169 miserrime
914 4128 1069 4167 nunc
1102 4112 1378 4165 serviant.

518 4220 669 4276 666
700 4224 758 4274 P.
791 4219 915 4273 372.
949 4219 1241 4272 Attentatw
1272 4214 1571 4270 additionis
1625 4213 1698 4268 ad
1753 4214 2077 4285 symbolum.

445 4312 791 4379 Magnopere
822 4322 883 4361 se
923 4309 1218 4360 ostentant
1274 4304 1329 4357 in
1393 4303 1499 4356 hac
1559 4305 1777 4372 passim
1836 4302 2079 4358 historia

442 4394 801 4452 schismatici
836 4393 1015 4449 Graeci
1047 4409 1115 4447 ex
1145 4392 1252 4446 hoc
1277 4391 1429 4460 loco,
1463 4390 1629 4461 quasi
1683 4390 1964 4461 quidquid
2007 4392 2077 4446 de

441 4486 716 4556 dogmate
747 4481 1139 4553 processionis
1170 4478 1606 4550 Spiritusancti
1641 4493 1706 4531 ex
1737 4478 1897 4532 Patre
1931 4480 2077 4548 pari-

2197 3304 2324 3356 Υἱοῦ
2395 3303 2458 3357 τὸ
2515 3304 2736 3374 Πνεῦμα
2792 3299 3031 3376 εἷ¹ρηταις
3098 3305 3275 3377 τούτῳ
3332 3307 3429 3379 γὰρ
3492 3306 3835 3383 ἰσχυροτάτῳ

2196 3392 2331 3465 πρὸς
2403 3385 2645 3445 ἀσέϐειαν
2723 3390 2967 3464 ἐχρήσω.
3041 3393 3115 3449 Ἤ
3190 3393 3293 3468 γὰρ
3369 3396 3483 3449 υἱὸν
3541 3396 3576 3464 ἢ
3634 3397 3834 3469 κτίσμα

2194 3476 2431 3538 κελεύεις
2484 3483 2624 3532 νοεῖν
2658 3521 2672 3545 ,
2728 3480 2817 3531 καὶ
2876 3477 2958 3532 ὅτι
3020 3480 3095 3551 μή
3160 3481 3276 3541 υἱὸς
3334 3482 3683 3554 ὠνόμασται,
3741 3483 3832 3541 διὰ

2194 3571 2353 3620 ιοῦτο
2400 3564 2601 3637 κτίσμα
2658 3566 2789 3619 εἶναι
2853 3563 3218 3643 βλασφῆμεῖς.
3280 3573 3497 3627 Verum
3552 3574 3830 3629 adversus

2194 3664 2339 3719 hanc
2394 3663 2897 3732 imperitissimam
2931 3666 3371 3735 responsionem
3419 3667 3826 3739 reclamarunt,

2194 3752 2577 3824 praeservatim
2594 3751 2651 3806 in
2675 3752 3002 3819 Occidente,
3018 3753 3318 3820 Catholici,
3344 3761 3650 3828 utrumque
3661 3758 3829 3827 juxta

2193 3840 2576 3895 orthodoxum
2609 3856 2889 3895 canonem
2924 3856 2991 3895 ex
3021 3858 3186 3912 aequo
3248 3844 3639 3914 profitendum
3672 3848 3827 3901 affir-

2194 3934 2441 3997 mantes,
2472 3934 2528 3982 et
2558 3930 2869 3999 procedere
2899 3935 3167 3984 sanctum
3199 3931 3480 4002 Spiritum
3539 3951 3609 3989 ex
3664 3939 3824 3989 Patre

2191 4017 2368 4073 simul
2402 4021 2459 4071 et
2490 4016 2648 4083 Filio,
2683 4023 2741 4072 et
2768 4022 2962 4071 tamen
2993 4035 3127 4073 eum
3158 4035 3263 4073 nec
3317 4020 3507 4076 Patris
3564 4038 3669 4076 nec
3700 4022 3820 4077 Filii

2190 4106 2375 4160 tilium
2409 4121 2555 4160 esse.
2590 4108 2667 4159 Ac
2699 4105 3204 4175 perseverantibus
3234 4108 3447 4164 Graecis
3478 4111 3821 4181 quibusdam

2189 4194 2249 4247 in
2276 4194 2541 4265 negando
2592 4198 2860 4248 sanctum
2910 4194 3191 4265 Spiritum
3247 4196 3448 4252 aFilio
3498 4200 3816 4268 procedere,

2187 4294 2243 4344 et
2274 4290 2329 4343 in
2364 4290 2452 4344 sui
2482 4288 2691 4344 erroris
2740 4290 3241 4346 conﬁrmationem
3296 4292 3628 4364 symbolum
3676 4295 3814 4349 Con-

2186 4377 2769 4449 stantinopolitanum
2830 4378 3219 4449 rapientibus,
3250 4380 3310 4435 in
3363 4397 3477 4451 quo
3508 4382 3697 4438 solum
3726 4384 3811 4437 di-

2185 4474 2409 4520 ceretur
2465 4466 2747 4535 Spiritum
2801 4482 2869 4520 ex
2933 4466 3101 4521 Patre
3161 4468 3490 4536 procedere,
3562 4469 3807 4542 theologi

442 4547 552 4627 ter"
586 4589 650 4625 ac
708 4547 849 4624 Filio
910 4547 1226 4631 statuatur,
1283 4567 1485 4638 fugere
1547 4565 1726 4634 Latini
1788 4547 2076 4635 nequeant
2104 4547 2150 4611 D
2184 4554 2401 4626 passim
2433 4553 2756 4619 orthodoxi.
2790 4553 3109 4624 praesertim
3142 4554 3336 4610 Romae
3357 4572 3424 4611 ac
3457 4572 3561 4627 per
3588 4558 3800 4628 provin-

442 4659 581 4729 quin
616 4656 819 4713 saltem
850 4654 1195 4711 temeritatis
1227 4654 1548 4708 manifestae
1566 4657 1894 4722 teneantur,
1920 4656 2071 4724 quod

445 4745 719 4819 Symbolo
768 4741 1412 4813 Constantinopolitano
1443 4757 1636 4795 vocem
1669 4739 1921 4810 Filioque
1958 4760 2072 4797 non

443 4832 840 4891 dubitaverint
870 4832 1210 4901 adjungere.
1245 4829 1431 4893 Quare
1461 4829 1857 4884 necessarium
1881 4830 2074 4885 existi-

442 4944 537 4982 mo
570 4927 994 4988 demonstrare,
1028 4920 1183 4991 quod
1242 4919 1393 4973 clare
1435 4935 1526 4973 me
1558 4920 1845 4974 facturum
1881 4937 2070 4991 spero,

440 5012 662 5069 nullam
699 5011 756 5065 in
816 5010 926 5064 hoc
982 5007 1369 5063 temeritatem
1424 5005 1623 5061 fuisse.
1661 5007 1741 5073 id,
1776 5008 1836 5061 ni
1885 5008 2071 5079 fallor,

440 5118 719 5172 assequar
789 5098 1019 5153 duobus
1089 5094 1356 5166 captibus
1433 5093 1767 5162 tractandis,
1822 5111 2071 5164 quorum

441 5190 605 5261 prius
644 5187 929 5244 historiam
986 5189 1043 5239 et
1098 5186 1325 5253 factum,
1357 5181 1603 5236 alterum
1652 5181 1749 5251 jus
1773 5182 1937 5253 facti,
1971 5201 2071 5239 ra-

440 5281 628 5335 tiones
658 5277 881 5333 scilicet
911 5274 985 5329 ob
1034 5288 1177 5342 quas
1211 5270 1391 5326 Latini
1449 5269 1507 5323 id
1566 5270 1710 5324 citra
1768 5270 1949 5327 ullam
1978 5275 2070 5343 ju-

439 5376 592 5425 stam
625 5364 1134 5438 reprehensionem
1168 5376 1337 5432 agere
1368 5363 1699 5429 potuerunt,
1729 5360 1981 5417 dilucide
2004 5380 2071 5419 ac

439 5457 693 5513 breviter
720 5456 985 5522 exponet.

511 5546 596 5613 [P.
630 5542 752 5613 467]
790 5538 1039 5595 Historia
1096 5535 1222 5604 ejus
1282 5533 1595 5590 additionis
1649 5534 1733 5591 sic
1763 5552 1824 5591 se
1876 5536 2067 5592 habet.

441 5633 586 5691 Cum
644 5629 861 5688 exortis
919 5630 1050 5700 post
1096 5625 1309 5682 Ariana
1355 5626 1620 5694 tempora
1678 5624 1843 5682 novis
1886 5624 2071 5682 haere-

2183 4643 2303 4699 cias
2334 4641 2519 4696 Latini
2580 4642 2748 4707 ritus,
2777 4642 3260 4697 contestabantur
3303 4643 3386 4699 ita
3436 4644 3556 4700 dici
3588 4646 3639 4699 in
3670 4648 3794 4700 Con-

2184 4728 2705 4800 stantinopolitano
2735 4728 3006 4798 Symbolo
3032 4730 3310 4799 Spiritum
3341 4748 3374 4786 a
3404 4735 3575 4788 Patre
3623 4748 3795 4804 proce-

2154 4821 2336 4885 dere,
2367 4824 2433 4872 ut
2463 4834 2576 4872 non
2604 4817 2944 4873 excludatur
2999 4819 3358 4874 consortium
3401 4821 3555 4887 Filii,
3586 4821 3676 4877 cui
3704 4820 3801 4875 Pa-

2179 4913 2267 4962 ter
2295 4907 2493 4962 omnia
2527 4922 2631 4961 sua
2671 4905 3061 4961 communicet
3118 4911 3327 4977 praeter
3382 4922 3512 4964 esse
3564 4913 3807 4976 Patrem,

2181 5022 2247 5059 ac
2277 5006 2702 5073 consequenter
2730 5002 3107 5073 spirationem
3138 5019 3368 5074 quoque
3397 5005 3644 5059 activam
3679 5021 3811 5060 con-

2179 5096 2344 5160 ferat,
2378 5109 2493 5163 qua
2522 5091 2620 5146 ille
2674 5092 2774 5145 fiat
2812 5107 3009 5146 secum
3066 5108 3248 5146 unum
3330 5093 3581 5163 Spiritus
3633 5092 3811 5149 sancti

2180 5181 2529 5253 principium
2555 5200 2569 5248 ;
2604 5196 2781 5250 quare
2795 5196 2926 5234 cum
2939 5183 3180 5234 sanctus
3195 5179 3448 5251 Spiritus
3462 5198 3495 5235 a
3515 5181 3680 5236 Patre
3695 5197 3804 5235 non

2180 5272 2726 5342 quomodocunque,
2748 5270 2847 5323 sed
2882 5285 2983 5339 per
3005 5267 3233 5335 Filium,
3257 5276 3324 5324 ut
3343 5274 3545 5325 Patres
3571 5271 3804 5341 quidam

2181 5359 2360 5414 Graeci
2416 5357 2816 5428 loquerentur,
2854 5356 3146 5427 procedat,
3202 5372 3330 5412 vere
3372 5362 3428 5413 et
3480 5359 3549 5413 ad
3605 5365 3805 5414 aucto-

2180 5464 2308 5503 rum
2342 5463 2577 5502 sensum
2611 5446 2882 5517 explicari
2914 5445 3617 5517 Constantinopolitanum
3641 5451 3801 5517 Sym-

2176 5536 2398 5598 bolum,
2432 5552 2546 5605 quo
2576 5534 2700 5589 loco
2746 5534 2827 5587 ait
2881 5533 3165 5604 Spiritum
3224 5539 3493 5589 sanctum
3550 5552 3585 5589 a
3638 5535 3805 5590 Patre

2179 5624 2490 5698 procedere
2519 5622 2888 5694 adjungendo
2940 5638 3069 5677 eum
3107 5638 3142 5677 a
3183 5621 3324 5677 Filio
3380 5636 3614 5694 quoque
3669 5639 3800 5694 pro-
