4122 6272
275 334 411 387 1129

1850 336 2073 388 NOTAE.

3515 337 3653 392 1130

273 457 429 513 duci.
465 456 839 515 Ferventibus
864 456 1023 512 hisce
1045 457 1303 513 dissidiis
1323 475 1423 529 per
1452 458 1609 513 hunc
1641 458 1904 523 modum,
1935 460 1989 523 Α
2024 458 2347 512 secundum
2379 457 2667 526 synodum
2707 458 3037 528 generalem
3089 458 3399 529 septimam
3449 476 3648 518 revera

272 544 406 603 addi
460 542 633 614 cmpit
678 544 947 616 Symbolo
995 562 1029 600 a
1073 545 1294 601 Latinis
1342 548 1580 601 verbum
1636 546 1906 614 Filioque,

271 649 406 686 voce
438 636 669 685 tantum
702 636 895 697 tenus,
922 631 980 685 in
1015 633 1514 703 disputationibus
1541 635 1606 688 de
1634 634 1745 687 isto
1769 633 1906 702 dog-

275 724 447 775 mate.
495 724 688 791 quue
737 721 1026 792 pertinere
1074 723 1343 791 arbitror,
1404 724 1557 793 quod
1618 720 1909 791 Josepbus

275 811 587 880 episcopus
630 809 1030 866 Methonensis
1070 812 1128 865 in
1192 811 1339 867 libro
1410 820 1603 866 contra
1669 812 1910 864 Marcum

276 897 573 966 Ephesium
614 901 882 967 testatur,
933 902 1225 953 auctorem
1273 898 1518 954 laudans
1582 898 1903 953 Aristinum

271 986 640 1055 historicum,
675 1004 808 1041 mox
839 1005 872 1041 a
904 989 1160 1043 secunda
1200 987 1455 1059 generali
1504 988 1745 1059 synodo,
1779 987 1904 1056 jam

272 1080 403 1129 tum
435 1080 695 1146 tempore
718 1075 951 1129 Damasi
1002 1093 1184 1146 papae,
1236 1077 1703 1131 additamentum
1757 1073 1908 1127 vocis

277 1164 522 1235 Filioque
554 1181 665 1217 non
701 1164 872 1217 modo
904 1181 937 1218 a
968 1163 1191 1219 Latinis
1233 1165 1472 1229 factum,
1516 1164 1616 1218 sed
1670 1181 1701 1217 a
1754 1162 1908 1216 Grae-

271 1252 356 1305 cis
388 1267 617 1321 quoque
649 1250 986 1305 orthodoxis
1016 1251 1195 1306 fuisse
1217 1252 1657 1322 comprobatum
1688 1267 1701 1316 ;
1736 1250 1906 1320 quip-

274 1356 343 1411 pe
375 1339 623 1394 consciis
654 1355 780 1394 eam
833 1356 1027 1394 verum
1080 1340 1260 1394 fuisse
1305 1337 1903 1408 Constantinopolita-

270 1443 481 1481 norum
510 1428 741 1481 Patrum
773 1426 1033 1497 Symboli
1065 1431 1360 1482 auctorem
1394 1426 1770 1481 sententiam.

346 1550 457 1604 Res
504 1549 563 1603 in
631 1565 697 1604 eo
762 1552 916 1603 statu
952 1548 1238 1603 mansisse
1289 1549 1517 1603 videtur
1569 1564 1670 1619 per
1723 1565 1909 1603 annos

272 1638 389 1691 fere
420 1638 522 1691 400
554 1654 739 1707 usque
769 1638 837 1691 ad
872 1642 1135 1706 tempora
1166 1638 1436 1692 secundae
1480 1637 1721 1692 Nicaenae
1769 1654 1902 1709 syn«

267 1726 383 1795 odi,
418 1744 541 1796 quae
572 1726 679 1779 luit
705 1725 996 1796 generalis
1029 1726 1301 1794 septima,
1347 1742 1499 1780 anno
1547 1724 1762 1780 Christi
1800 1725 1906 1777 787

268 1813 572 1867 celebrata.
609 1815 772 1868 'l‘unc
803 1814 958 1868 enim
993 1812 1247 1884 primum
1281 1830 1348 1867 ex
1377 1814 1567 1868 verbis
1600 1813 1657 1866 in
1691 1813 1906 1883 scripta
1939 1817 1985 1879 Β

271 1906 537 1973 promota
566 1907 654 1956 est
685 1901 926 1967 additio,
952 1902 1242 1971 siquidem
1267 1902 1393 1971 ejus
1416 1902 1788 1956 mcumenicie
1820 1918 1908 1955 sa-

267 2007 377 2045 cra:
432 1991 636 2062 synodi
683 1992 907 2045 actione
952 1994 984 2044 7
1037 1990 1343 2045 recitatum
1392 1995 1579 2045 exstat
1621 1991 1905 2045 Constan-

274 2078 727 2148 tinopolitanum
749 2077 1089 2149 Symbolum
1121 2078 1215 2132 his
1246 2077 1416 2149 plaus
1456 2080 1646 2133 verbis
1681 2095 1694 2133 :
1743 2078 1907 2132 Credo

274 2168 331 2219 in
353 2166 622 2233 Spiritum
652 2170 903 2221 sanctum
936 2206 948 2220 .
998 2207 1010 2220 .
1053 2206 1066 2218 .
1102 2168 1198 2236 qui
1226 2182 1294 2220 ea:
1352 2170 1516 2221 Patre
1564 2171 1616 2221 et
1661 2183 1732 2220 ex
1770 2167 1908 2221 Filio

262 2256 523 2325 procedit.
561 2255 752 2309 Grazce
781 2251 832 2305 ἐν
864 2256 959 2305 τοῦ
993 2252 1198 2327 [ἰατρὸς
1238 2252 1326 2306 καὶ
1383 2250 1442 2306 ἐκ
1496 2257 1592 2306 τοῦ
1650 2253 1775 2306 Υἱοῦ
1830 2252 1911 2307 ἐκ·

268 2341 822 2414 πορευόμενον.668
855 2343 981 2396 Scio
1015 2343 1240 2397 Graecos
1291 2343 1347 2396 in
1398 2342 1729 2397 Florentino
1772 2360 1908 2398 con-

274 2432 407 2485 cilio
438 2448 584 2486 sese.
615 2433 651 2484 6
681 2436 880 2485 contra
910 2430 1017 2485 boo
1066 2430 1380 2499 excepisse,
1430 2432 1655 2485 codices
1707 2447 1910 2485 eorum

278 2522 553 2590 antiquos
583 2519 950 2574 continentes
982 2524 1109 2573 acta
1138 2519 1379 2572 Niczenae
1421 2521 1456 2571 2
1494 2518 1699 2589 synodi
1748 2524 1911 2590 Sym-

279 2607 476 2663 bolum
510 2608 633 2662 sine
664 2608 960 2661 additione
992 2606 1225 2661 illorum
1255 2607 1559 2661 verborum
1591 2605 1681 2659 καὶ
1713 2605 1771 2659 ἐκ
1815 2610 1911 2659 τοῦ

278 2696 408 2748 Υἱοῦ
453 2705 504 2751 et
555 2712 623 2749 ea:
661 2694 798 2750 Filio
846 2694 1093 2750 exibere.
1146 2696 1254 2749 Sed
1300 2694 1394 2762 iis,
1444 2700 1509 2748 ut
1557 2695 1772 2750 ibidem
1817 2712 1909 2750 re-

281 2783 484 2848 fertur,
517 2786 659 2837 tunc
691 2782 875 2837 Latini
907 2783 1332 2853 responderunt
1374 2782 1585 2836 habere
1643 2799 1705 2837 se
1762 2783 1911 2838 anti-

287 2886 469 2940 quum
508 2871 834 2925 Graecorum
854 2872 1110 2925 codicem
1157 2871 1216 2938 (P
1257 2872 1380 2940 1168)
1427 2870 1485 2924 in
1531 2888 1643 2941 quo
1693 2871 1913 2925 additio

287 2957 595 3012 manifeste
627 2964 1003 3029 compararet,
1035 2960 1188 3014 sicut
1219 2963 1275 3014 et
1324 2959 1379 3012 in
1424 2959 1916 3031 interpretationi-

285 3047 399 3101 bus
454 3047 670 3102 Latinis
699 3048 824 3117 jam
873 3047 1011 3102 olim
1063 3047 1235 3101 editis
1279 3048 1406 3117 ejus
1472 3064 1649 3102 sacrae
1711 3047 1916 3118 synodi

2015 544 2290 599 disertam
2327 545 2746 615 professionem
2789 546 3183 616 processionis
3233 547 3418 602 sancti
3467 549 3650 620 Spiri-

2014 636 2108 686 tus
2154 650 2219 688 ex
2263 634 2403 688 Filio
2454 634 3097 705 Constantinopolitano
3151 636 3416 707 symbolo
3481 637 3647 693 addi-

2015 720 2191 786 disse,
2228 726 2546 791 utcumque
2576 721 2757 777 Graeci
2786 724 3025 794 quidam
3057 725 3356 779 codicibus
3388 741 3649 780 corrum-

2016 811 2219 878 pendis
2250 814 2379 881 ejus
2422 812 2501 866 rei
2534 813 2750 867 tamam
2798 814 3041 868 obruere
3080 814 3199 868 sint
3241 814 3452 869 conati.
3496 814 3649 877 Qua-

2013 913 2074 951 re
2108 898 2296 952 Latini
2344 899 2615 969 deinceps
2659 902 2864 971 synodi
2915 901 3286 956 m'mmenicee
3332 902 3647 957 auctorita-

2014 990 2069 1039 te
2118 986 2265 1052 freti,
2314 1004 2425 1041 non
2478 987 2671 1042 solum
2740 994 2802 1042 ut
2868 994 3035 1044 antea
3090 1006 3227 1045 voce
3284 994 3474 1057 tenus,
3546 992 3647 1045 sed

2014 1073 2231 1144 scripto
2257 1076 2379 1142 jam
2416 1092 2649 1146 quoque
2682 1076 3026 1131 vocabulum
3072 1077 3332 1148 Filioque
3376 1078 3647 1150 Symbolo

2013 1162 2270 1217 inserere
2300 1168 2630 1233 potuerunt.
2654 1165 2924 1219 Nondum
2953 1171 3150 1220 tamen
3177 1167 3470 1221 audebant
3490 1184 3646 1238 sym-

2016 1249 2210 1304 bolum
2256 1268 2389 1305 cum
2441 1252 2549 1305 ista
2603 1252 2898 1307 additione
2949 1253 3099 1307 inter
3162 1270 3328 1307 sacra
3389 1270 3643 1321 canere;

2013 1347 2108 1414 qui
2142 1347 2542 1403 restabattum
2575 1349 2768 1403 adhuc
2820 1348 2880 1403 in
2922 1349 3096 1404 istius
3137 1349 3455 1404 additionis
3508 1367 3646 1421 pro-

2013 1449 2219 1504 gressu
2250 1436 2467 1505 gradus
2497 1436 2726 1491 tertius.
2755 1436 3003 1491 Romani
3054 1438 3360 1508 pontiﬁces
3403 1454 3538 1492 cum
3591 1440 3649 1492 et

2014 1527 2282 1577 constare
2314 1524 2383 1578 de
2414 1525 2683 1594 dogmate
2717 1524 3104 1595 processionis
3153 1525 3342 1580 sancti
3398 1526 3647 1595 Spiritus

2013 1628 2079 1665 ex
2113 1611 2252 1666 Filio
2297 1612 2576 1676 viderent,
2624 1618 2680 1666 et
2719 1614 3059 1683 Symbolum
3119 1614 3313 1684 ipsum
3369 1613 3649 1668 baberent

2013 1699 2226 1754 diserta
2246 1701 2374 1769 ejus
2408 1700 2485 1753 rei
2520 1701 2881 1770 professione
2912 1707 3173 1770 auctum,
3208 1701 3400 1772 palam
3439 1719 3644 1773 propo-

2015 1788 2191 1841 situm
2224 1806 2253 1839 a
2286 1787 2539 1857 generali
2572 1789 2813 1858 synodo,
2845 1788 3036 1843 minus
3056 1791 3447 1844 necessarium
3477 1798 3645 1860 puta-

2013 1875 2153 1928 bant
2174 1875 2230 1928 id
2256 1875 2387 1929 addi
2411 1880 2642 1929 cantato
2663 1875 2718 1928 in
2744 1876 3296 1947 eoclesiaSymbolo,
3320 1883 3473 1947 quod
3498 1878 3644 1932 satis

2013 1963 2247 2018 aliunde
2277 1964 2336 2018 in
2368 1981 2434 2019 eo
2465 1963 2708 2035 intelligi
2730 1965 3119 2020 confidebant.
3141 1967 3340 2021 Exstat
3357 1967 3526 2021 istius
3549 1984 3644 2021 eo-

2014 2069 2143 2106 rum
2193 2051 2295 2106 tali
2347 2053 2416 2106 de
2464 2068 2523 2106 re
2563 2052 2772 2121 judicii
2812 2058 3255 2109 monumentum
3309 2054 3535 2110 illustre
3583 2055 3643 2109 in

2016 2140 2239 2210 primis,
2275 2141 2425 2211 quod
2462 2140 2554 2194 bic
2585 2140 2813 2195 recitari
2847 2159 2877 2195 e
2908 2158 2967 2195 re
3008 2147 3166 2212 puto.
3215 2150 3381 2198 Anno
3430 2142 3648 2198 Christi

2013 2228 2117 2281 809
2156 2227 2447 2283 celebrata
2482 2233 2572 2282 est
2618 2229 2971 2300 Aquisgrani
3019 2236 3302 2300 praesente
3386 2230 3646 2302 impera-

2015 2321 2136 2370 tore
2186 2315 2384 2371 Carolo
2443 2316 2651 2386 Magno
2699 2318 2968 2388 frequens
3018 2319 3276 2389 synodus
3325 2318 3648 2374 Gallicano-

2017 2421 2145 2459 rum
2170 2405 2320 2459 669
2364 2405 2643 2473 Patrum;
2696 2405 2795 2476 qui
2844 2411 3111 2460 accurate
3162 2406 3461 2478 disputata
3500 2425 3642 2462 con-

2016 2498 2106 2547 tra
2146 2492 2373 2546 Graecos
2422 2492 2814 2547 controversia
2852 2493 2921 2547 de
2967 2495 3333 2563 processione
3401 2494 3650 2564 Spiritus

2017 2579 2224 2643 sancti,
2275 2595 2407 2633 cum
2459 2580 2528 2633 de
2570 2596 2629 2633 re
2680 2580 2807 2650 ipsa
2863 2585 2923 2633 ut
2965 2584 3223 2651 oportuit
3271 2583 3652 2650 deﬁnierunt,

2018 2674 2341 2728 certissime
2369 2675 2683 2728 tenendum
2720 2675 2958 2744 produci
2992 2676 3276 2745 Spiritum
3317 2681 3585 2731 sanctum
3621 2694 3654 2730 a

2018 2760 2158 2814 Filio
2208 2777 2460 2831 quoque,
2510 2766 2632 2815 tum
2685 2767 2748 2815 ut
2802 2764 3153 2818 contrarium
3206 2778 3457 2818 errorem
3525 2780 3653 2834 per-

2017 2848 2234 2903 tinacia
2266 2849 2596 2903 Graecorum
2634 2848 2745 2904 late
2789 2859 3158 2920 grassantem
3208 2850 3510 2918 eliderent,
3554 2868 3649 2921 pe-

2018 2937 2258 2991 tendum
2294 2954 2326 2990 a
2348 2935 2621 3007 pontifice
2653 2942 3012 2992 censuerunt
3043 2944 3109 2992 ut
3136 2939 3476 3010 Symbolum
3518 2956 3652 2995 cum

2019 3023 2313 3079 additione
2346 3025 2502 3078 vocis
2533 3024 2779 3095 Filioque
2808 3026 3033 3080 cantari
3088 3026 3145 3079 in
3192 3026 3438 3082 ecclesia
3473 3028 3651 3097 jube-

281 3135 469 3190 Verba
500 3114 761 3205 ipsorum
786 3136 1115 3191 Graecorum
1158 3135 1267 3189 hoc
1308 3114 1467 3206 quod
1517 3137 1645 3190 dico
1692 3114 1908 3190 testan-
1942 3156 1985 3221 ρ
2024 3114 3483 3221 E€t:‘-R‘ji‘:‘frjefu‘iﬁdj_L‘E?“f3119“}??anl‘fg‘f“
3519 3115 3655 3221 “110.0

278 3223 430 3278 tium
454 3222 575 3277 haec
597 3227 735 3277 sunt
756 3225 941 3279 sessﬁ
960 3223 1575 3278 concit.Florent.tom.
1604 3222 1817 3278 XXXII
1841 3224 1912 3277 ad

278 3311 419 3381 Reg.
456 3327 509 3380 p.
540 3311 631 3365 84.
664 3307 873 3365 Τούτου
920 3313 1015 3362 τυῦ
1046 3307 1175 3381 ὅρου
1208 3303 1448 3381 ἑϐδόμης
1507 3307 1733 3364 συνόδου
1790 3310 1915 3383 παρ’

279 3400 442 3469 ἡμῶν
495 3396 1023 3472 ἀναγινωωιομὲνου,
1073 3397 1447 3471 προεκομίσθη
1487 3397 1631 3470 παρὰ
1673 3397 1914 3452 Λατίνων

287 3482 505 3559 βιϐλίον
580 3483 760 3559 ἕτερον
836 3484 1068 3540 παλαιὸν
1141 3484 1536 3560 γεγραμμένον,
1591 3485 1680 3538 τὸν
1757 3484 1914 3539 αὐτὸν

285 3573 412 3645 ὅρον
466 3580 565 3642 τῆς
620 3571 847 3628 συνόδου
901 3573 1102 3643 ταύτης
1150 3572 1410 3647 περιέχον
1444 3618 1458 3644 ,
1515 3572 1565 3627 ἐν
1625 3574 1670 3645 ᾦ
1728 3573 1916 3648 εὑρέθη

285 3662 669 3736 προσκείμενον
726 3662 777 3716 ἐν
819 3666 886 3735 τῇ
935 3660 1194 3735 θεολογὶᾴ
1237 3665 1333 3715 τοῦ
1381 3660 1533 3734 ἁγίου
1582 3662 1918 3733 Πνεόματος,

286 3751 365 3813 εἷς
413 3751 474 3805 τὸ
523 3750 582 3805 ἐκ
622 3756 717 3805 τοῦ
766 3751 970 3824 Πατρὸε
1004 3750 1447 3825 ἐκπορευόμενον,
1477 3751 1539 3804 τὸ
1569 3752 1654 3804 καὶ
1715 3752 1772 3805 ἐκ
1824 3755 1921 3805 τοῦ

286 3843 525 3897 ΥἱοῦΈί
554 3844 715 3898 addit
744 3844 967 3899 Graecos
996 3843 1162 3897 illum
1222 3859 1342 3897 suae
1392 3841 1605 3913 linguis
1663 3844 1920 3898 codicem

288 3948 427 3986 cum
480 3931 862 3986 admiratione
908 3934 1225 4001 spectasse,
1290 3934 1347 3983 et
1407 3929 1654 4000 probum
1734 3930 1924 4000 specie

288 4034 619 4088 manusque
644 4018 1000 4089 perantiquus
1033 4016 1337 4088 reperisse.
1379 4016 1707 4086 Eademque
1752 4018 1822 4072 de
1866 4034 1926 4073 re

286 4124 347 4178 p.
381 4106 451 4162 86
498 4106 703 4161 deinde
746 4106 1082 4161 referuntur
1128 4103 1347 4158 Juliani
1392 4104 1707 4160 cardinalis
1755 4106 1927 4161 verba

287 4194 412 4249 haec
464 4195 532 4249 ad
584 4194 994 4266 imperatorem
1035 4193 1363 4248 Griecorum
1399 4188 1779 4260 ςΓαληνότατε
1828 4193 1928 4266 βα-

290 4279 465 4345 σιλεῦ,
541 4281 602 4334 τὸ
677 4280 1040 4355 προκομισθὲν
1120 4280 1247 4353 παρ’
1316 4281 1476 4350 ἡμῶν
1535 4274 1817 4351 σύμϐολον
1872 4278 1923 4333 ἐν

285 4372 358 4441 τῇ
418 4363 625 4442 ἑϐδόμῃ
682 4366 887 4439 συνόδῳ
959 4366 1097 4421 ἐστὶν
1157 4367 1209 4422 ἐν
1274 4363 1477 4443 βιϐλίῳ
1531 4366 1927 4439 παλαιοτάτῳ,

284 4455 377 4511 καὶ
439 4454 691 4509 ἀδύνατον
767 4457 1063 4524 ὑπονοῆσαι
1114 4454 1357 4528 γενέσθαι
1432 4455 1552 4508 τινὰ
1622 4452 1926 4528 ἐναλλαγὴν
1965 4495 2008 4558 D

289 4543 303 4558 ς
444 4543 457 4558 τ
508 4548 533 4557 η
627 4544 691 4558 ..η
934 4540 975 4558 ας
1038 4544 1051 4558 .
1259 4543 1272 4558 ι
1374 4543 1395 4556 ν
1439 4539 1463 4558 τι
1660 4541 1679 4558 η
1762 4542 1775 4558 ς
1915 4541 1929 4558 ς

284 4543 338 4597 ἐν
400 4543 567 4615 αὐτῷ.
627 4544 871 4618 Ἐχομεν
931 4540 988 4596 δὲ
1038 4543 1311 4615 ἱστορικὸν
1368 4539 1537 4615 ἄνδρα
1583 4541 1814 4596 παλαιὸν
1842 4541 1931 4597 καὶ

288 4632 480 4707 σοφὸν,
555 4632 865 4709 γεγραφότα
933 4631 1059 4704 περὶ
1120 4629 1344 4685 πολλῶν
1418 4628 1624 4697 ἄλλων,
1700 4630 1789 4684 καὶ
1864 4628 1932 4698 δὴ

296 4718 540 4792 καὶπερὶ
588 4719 788 4775 τούτου
848 4717 1173 4792 διειληφότα
1217 4717 1299 4773 ὅτι
1342 4718 1404 4773 τὸ
1455 4713 1732 4790 σύμϐολον
1762 4716 1933 4780 οὕτως

292 4808 507 4878 ἐξετέθη
557 4810 645 4862 καί
693 4808 1005 4881 ἀνεγνώσθὴ
1053 4807 1199 4882 παρᾶ
1253 4813 1352 4876 τῆς
1403 4800 1645 4879 ἑϐδόμης
1684 4803 1933 4860 συνόδου.

294 4897 659 4953 δθνεηίδδὺγε
687 4897 987 4968 imperator
1012 4899 1290 4968 prolatum
1330 4913 1364 4949 a
1412 4895 1565 4950 nobis
1614 4895 1937 4966 Symbolum

297 4988 359 5041 in
390 4987 621 5057 septima
648 4988 865 5057 synodo
894 4993 970 5040 est
994 4984 1055 5040 in
1085 4985 1229 5040 libro
1260 4983 1667 5057 antiquissimo,
1696 5000 1794 5039 nec
1838 5000 1937 5039 co-

297 5074 470 5146 gitari
500 5078 595 5129 aut
641 5073 829 5145 excipi
872 5089 996 5128 cum
1038 5072 1403 5145 fundamento
1439 5076 1610 5144 potest
1639 5071 1939 5127 alteratum

299 5166 405 5219 aut
452 5167 769 5233 corruptum
816 5162 873 5217 id
917 5162 1201 5233 exemplar
1243 5163 1436 5231 fuisse.
1500 5160 1765 5216 Habemus
1833 5177 1935 5214 au-

303 5255 410 5305 tem
461 5250 805 5318 historicum,
853 5251 1098 5318 priscum
1158 5249 1435 5304 hominem
1498 5252 1547 5303 et
1609 5249 1937 5319 sapientem,

302 5340 542 5408 quicum
571 5336 637 5390 de
657 5336 787 5391 aliis
814 5334 1078 5406 plurimis
1118 5336 1355 5406 scripsit,
1408 5339 1521 5390 tum
1570 5335 1636 5389 de
1680 5333 1777 5389 hoc
1820 5348 1942 5405 pro-

298 5428 423 5499 prie
448 5425 513 5480 de
542 5442 644 5497 quo
672 5440 820 5480 nunc
839 5423 1045 5495 agitur,
1070 5424 1377 5494 afﬁrmavit
1404 5424 1726 5496 Symbolum
1745 5422 1827 5477 sic
1851 5438 1943 5477 ea:-

298 5513 547 5586 positum
574 5516 627 5567 et
659 5513 855 5567 lectum
897 5513 1042 5583 apud
1089 5512 1375 5583 septimam
1418 5512 1591 5582 fuisse
1651 5510 1941 5582 synodum.

307 5603 393 5658 Ex
438 5601 530 5656 bis
572 5600 858 5656 habemus
897 5599 1042 5656 satis
1107 5603 1263 5655 certo
1324 5604 1589 5656 constare
1646 5598 1943 5657 Nicaanam

634 5720 893 5779 PATROL.
940 5719 1050 5778 Gs.
1095 5718 1350 5778 CXLIII.

2028 3199 2392 3270 postulantes
2430 3216 2462 3253 a
2514 3201 2733 3271 synodo
2782 3206 2838 3256 et
2886 3201 3235 3272 imperatore
3280 3202 3468 3259 missi.
3518 3203 3657 3266 Qui-

2028 3289 2135 3342 bus
2164 3291 2274 3343 Leo
2304 3287 2620 3357 respondit,
2657 3288 2812 3358 quod
2861 3290 2933 3343 ad
2986 3290 3198 3362 dogma
3247 3290 3481 3361 quidem
3529 3291 3660 3347 atti-

2031 3380 2228 3429 neret:
2279 3375 2369 3429 Ita
2414 3377 2613 3445 sentio,
2668 3377 2746 3430 ila
2778 3388 2957 3444 teneo,
2998 3379 3075 3433 ita
3119 3394 3243 3433 cum
3288 3378 3369 3434 his
3415 3380 3659 3435 auctori-

2033 3465 2129 3518 bus
2154 3468 2202 3517 et
2233 3478 2407 3518 sacrae
2445 3464 2749 3534 Scriptura?
2779 3466 3221 3522 auctoritatibus.
3254 3466 3315 3522 Si
3373 3470 3492 3539 quis
3544 3467 3664 3523 ali-

2032 3560 2113 3606 ter
2142 3551 2204 3606 de
2232 3552 2340 3605 hac
2360 3568 2418 3606 re
2444 3554 2651 3608 sentire
2678 3557 2729 3607 et
2760 3560 2946 3609 tenere
2987 3556 3242 3622 voluerit,
3294 3556 3566 3628 defendo;
3613 3564 3669 3611 et
3746 3558 3753 3565 '

2032 3638 2147 3693 nisi
2174 3654 2460 3693 comersus
2482 3641 2651 3708 fuerit
2701 3648 2753 3694 et
2794 3641 3093 3697 secundum
3126 3644 3270 3697 hunc
3314 3660 3533 3698 sensum
3579 3646 3665 3698 te-

2030 3742 2159 3782 nere
2188 3727 2441 3795 voluerit,
2482 3729 2769 3783 contraria.
2797 3732 3114 3784 sentientem
3144 3730 3401 3799 funditus
3438 3731 3666 3803 abjicio.

2035 3824 2192 3889 Quod
2242 3829 2436 3878 autem
2487 3824 2558 3879 de
2600 3825 2858 3893 jubendo
2904 3827 3125 3882 cantari
3183 3827 3427 3883 ecclesia
3493 3829 3665 3900 Sym-

2036 3911 2166 3966 bolo
2213 3928 2346 3966 cum
2406 3912 2700 3966 additione
2746 3913 2991 3984 Filioque
3030 3915 3364 3985 rogabatur,
3434 3916 3667 3987 negavit

2037 3998 2148 4053 sibi
2180 3998 2363 4053 videri
2409 3999 2868 4054 concedendum.
2918 4001 2983 4054 Et
3041 4002 3398 4057 instantibus
3457 4002 3668 4073 legatis

2037 4105 2139 4159 per
2170 4087 2288 4141 haec
2317 4087 2444 4157 ipsa
2475 4088 2648 4142 verba
2674 4104 2687 4141 :
2717 4088 2779 4143 Si
2802 4088 2971 4143 sciret
2997 4089 3306 4159 paternitas
3349 4095 3447 4145 tua
3492 4108 3668 4163 quan-

2038 4182 2093 4231 ta
2120 4181 2249 4230 sunt
2278 4176 2439 4231 hodie
2458 4177 2651 4232 millia
2681 4177 2737 4232 id
2768 4180 3038 4233 scentium
3076 4180 3207 4249 quia
3240 4184 3522 4247 cantatur,
3576 4180 3674 4252 qui

2036 4281 2317 4335 nunquam
2346 4265 2547 4319 scituri
2571 4274 2747 4321 essent
2776 4265 2892 4320 nisi
2921 4270 3262 4333 conteretur,
3299 4269 3535 4337 fortasse
3574 4286 3675 4324 no-

2040 4352 2249 4408 biscum
2280 4357 2518 4418 teneres,
2553 4358 2603 4408 ct
2644 4354 2698 4409 id
2724 4360 2816 4409 tuo
2846 4356 3013 4409 etiam
3060 4372 3327 4411 consensu
3362 4360 3420 4411 ut
3472 4367 3672 4413 canta-

2038 4450 2189 4496 retur
2218 4444 2587 4512 acquiesceres
2609 4460 2627 4496 :
2653 4444 2954 4512 respondit
2984 4444 3124 4499 Leo:
3151 4446 3383 4499 Interim
3414 4448 3675 4500 assentio.

2052 4538 2257 4594 Verum
2289 4540 2490 4607 tamen,
2520 4553 2724 4609 quaeso,
2756 4540 3017 4611 responde
3044 4541 3186 4595 mihi
3215 4557 3229 4595 :
3260 4558 3397 4595 num
3420 4544 3679 4597 universa

2044 4625 2360 4697 huiusmodi
2385 4626 2516 4697 ﬁdei
2550 4628 2785 4697 mystica
2835 4638 3210 4698 sacramenta,
3258 4644 3383 4701 quae
3425 4630 3678 4702 Symbolo

2042 4730 2153 4769 non
2183 4713 2553 4781 continentur,
2602 4716 2726 4769 sine
2775 4714 2973 4785 quibus
3017 4718 3266 4789 quisque,
3315 4717 3412 4787 qui
3464 4718 3540 4773 ad
3583 4719 3681 4773 hoc

2042 4804 2362 4874 pertingere
2383 4810 2575 4870 potest,
2607 4803 2907 4859 catholicus
2929 4821 3044 4861 esse
3079 4821 3189 4861 non
3229 4809 3424 4876 potest,
3460 4807 3679 4877 symbo-

2046 4892 2114 4945 lis
2144 4890 2455 4955 inserenda,
2485 4899 2535 4945 et
2581 4896 2807 4962 propter
2856 4894 3234 4965 compendium
3272 4897 3460 4951 minas
3506 4895 3679 4951 intel-

2050 4979 2367 5048 ligentiam,
2398 4982 2458 5034 ut
2511 4981 2710 5051 cuique
2751 4980 2996 5051 libuerit,
3047 4983 3292 5039 addenda
3342 4987 3525 5040 sunt?
3563 4982 3685 5039 Ali-

2049 5072 2267 5138 quanto
2300 5071 2431 5138 post
2465 5067 2641 5138 legati
2673 5068 2757 5123 sic
2790 5069 2955 5124 aiunt
2987 5087 3000 5126 :
3036 5073 3176 5139 Ergo
3204 5074 3263 5126 ut
3310 5072 3482 5140 video,
3537 5070 3688 5127 illud

2048 5174 2082 5209 a
2108 5159 2288 5210 vestra
2317 5156 2656 5224 paternitute
2701 5156 3032 5224 decernitur,
3091 5167 3151 5213 ut
3205 5159 3384 5228 primo
3440 5159 3582 5214 illud
3623 5159 3691 5214 de

2048 5259 2153 5318 quo
2193 5245 2420 5313 quaestio
2449 5243 2666 5313 agitur,
2722 5246 2789 5299 de
2844 5262 2987 5314 saepe
3040 5248 3153 5316 fato
3197 5247 3450 5318 Symbolo
3506 5246 3688 5318 (quod

2050 5348 2261 5402 nempe
2287 5331 2500 5405 legitur
2534 5332 2592 5387 in
2625 5332 2890 5406 ecclesia)
2921 5335 3173 5402 tolletur,
3205 5337 3290 5406 [P.
3337 5336 3460 5402 469]
3491 5340 3543 5390 et
3564 5345 3697 5391 tunc

2050 5421 2269 5475 demum
2297 5438 2329 5474 η
2360 5420 2597 5491 quolibet
2634 5420 2786 5477 licite
2812 5426 2862 5476 et
2894 5422 3086 5489 libere,
3117 5422 3232 5478 sive
3259 5422 3541 5479 cantando
3572 5426 3689 5480 sive

2052 5507 2314 5563 tradendo
2344 5508 2590 5563 discatur
2627 5517 2678 5565 et
2705 5509 2972 5566 doceatur
3000 5511 3186 5582 (extra
3216 5516 3454 5567 cantum
3486 5510 3693 5567 videli-

2054 5601 2142 5653 cet
2173 5595 2625 5665 ecclsiasticum,
2658 5598 2755 5669 qui
2790 5598 2945 5654 inter
2975 5615 3141 5655 sacra
3170 5600 3279 5672 fit).
3311 5601 3399 5655 Ad
3430 5616 3556 5672 qua:
3587 5617 3690 5673 pa-

3293 5722 3375 5779 36
