4122 6272
318 386 457 441 1133

1889 388 2114 445 ΝΟΤΕ.

3556 383 3695 438 1134

313 509 532 562 ditione
583 505 837 577 Filioque
877 506 935 559 in
982 506 1161 561 missa
1201 510 1503 562 cantatum
1537 548 1550 575 ,
1593 513 1694 564 aut
1744 510 1937 579 potius
1970 510 2024 583 Α
2056 509 2184 563 bolo
2216 506 3197 579 Constantinopolitanisecumenici
3224 505 3481 574 secundi,
3519 522 3694 575 quam

320 614 454 651 cum
495 597 551 648 id
592 599 762 649 antea
798 611 898 665 per
929 594 1177 648 Galliam
1218 600 1273 649 et
1314 597 1654 667 Hispaniam
1686 596 1952 651 volunta-

322 686 409 739 ria
435 683 811 739 ecclesiarum
843 687 900 735 et
934 683 1338 753 episcoporum
1373 685 1678 739 devotione
1712 702 1952 755 usurpa-

320 778 498 840 retur,
532 787 771 826 assensu
799 770 1049 841 denique
1081 771 1323 827 Romani
1353 772 1644 843 pontiﬁcis
1670 778 1726 828 et
1756 773 1954 828 ﬁrma-

317 867 468 917 tum.

385 967 665 1021 Dedimus
724 965 1008 1019 hactenus
1057 965 1367 1020 historiam
1427 966 1746 1022 additionis
1796 966 1952 1022 vocis

315 1056 566 1126 Filioque
598 1055 669 1108 ad
697 1054 1408 1122 Constantinopolitanum
1446 1055 1781 1127 Symbolum
1815 1100 1831 1123 ,
1861 1072 1953 1110 ar-

314 1145 511 1199 ticulis
546 1150 871 1214 temporum
904 1147 959 1197 et
982 1144 1410 1214 progressionis
1434 1145 1716 1214 gradibus
1750 1144 1953 1197 distin-

316 1238 466 1286 ctam
507 1249 619 1298 ;ex
650 1231 821 1299 cujus
869 1229 955 1284 vel
1007 1230 1259 1301 simplici
1313 1233 1675 1302 expositione
1725 1232 1952 1286 conﬁdo

317 1335 594 1390 apparere
639 1318 1032 1373 innocentiam
1064 1325 1119 1372 et
1150 1320 1486 1389 aequitatem
1519 1320 1648 1388 ejus
1696 1320 1853 1385 facti,
1889 1324 1953 1373 ut

314 1424 459 1478 pene
493 1406 781 1477 potuerim
816 1406 1154 1460 lucrifacere
1185 1423 1419 1477 operam
1452 1408 1693 1461 secundi
1728 1423 1795 1461 ex
1816 1424 1949 1477 pro-

316 1494 524 1566 positis
566 1493 806 1564 capituli
840 1494 1150 1563 tractandi,
1198 1512 1311 1565 quo
1345 1512 1473 1548 sum
1508 1494 1801 1564 pollicitus
1843 1496 1950 1549 de-

316 1587 778 1638 monstraturum
814 1597 901 1637 me
926 1582 1110 1650 justis
1141 1587 1197 1636 et
1223 1582 1448 1637 idoneis
1470 1583 1539 1637 de
1560 1583 1753 1637 causis
1777 1584 1947 1638 istam

316 1687 443 1725 esse
473 1687 505 1725 a
537 1670 761 1725 Latinis
817 1669 1174 1725 additionem
1220 1670 1448 1725 factam.
1498 1671 1642 1725 Nam
1696 1671 1949 1741 primum

321 1759 557 1830 quidem
619 1758 937 1813 additionis
986 1759 1225 1813 modum
1272 1763 1328 1813 et
1358 1760 1627 1827 gradum,
1678 1775 1793 1828 quo
1826 1776 1952 1814 ma-

2072 597 2183 668 ipsi
2203 595 2845 665 Constantinopolitano
2866 595 3122 648 secundo
3152 594 3338 647 fuerat
3368 592 3696 662 opponendi

2063 686 2232 739 verba
2264 686 2527 755 quaedam
2559 682 2833 755 Symbolo
2866 682 3030 752 prius
3060 682 3212 737 edito
3245 698 3277 734 a
3318 680 3548 735 Nicccna
3579 681 3696 750 pri-

2064 788 2157 825 ma
2187 771 2443 841 generali
2496 786 2708 841 magna
2756 768 3022 841 synodo?
3068 767 3350 839 Apposita
3394 784 3528 821 vero
3571 769 3693 837 jam

2061 860 2324 930 symbolo
2377 875 2478 928 per
2525 856 2850 929 generalem
2904 858 3188 927 synodum
3243 872 3372 910 voce
3421 854 3691 926 Filioque,

2062 948 2203 1017 quin
2259 946 2420 1000 illam
2453 950 2687 1000 cantare
2735 960 2966 1016 quoque
3012 945 3165 998 inter
3204 960 3369 997 sacra
3419 944 3692 997 continuo

2062 1034 2313 1106 potuerit
2344 1034 2486 1088 citra
2527 1033 3041 1104 reprehensionem
3077 1031 3258 1086 ullam
3293 1030 3546 1085 Ecclesia
3579 1032 3693 1084 Ro-

2062 1141 2255 1191 mana,
2290 1124 2557 1177 dubitare
2601 1138 2770 1177 nemo
2804 1121 3014 1193 poterit
3046 1120 3143 1190 qui
3195 1125 3422 1191 reputet
3469 1119 3691 1173 nullam

2061 1212 2197 1282 ﬁngi
2223 1211 2583 1282 probabilem
2610 1212 2891 1265 rationem
2914 1226 3103 1278 posse,
3137 1226 3266 1263 cum
3289 1208 3626 1278 Symbolum
3660 1225 3693 1261 a

2060 1298 2701 1368 Constantinopolitana
2741 1298 2998 1352 secunda
3038 1296 3293 1366 generali
3333 1295 3550 1350 editum
3594 1312 3689 1366 sy-

2062 1388 2212 1442 nodo
2232 1392 2385 1441 recte
2416 1388 2473 1440 in
2498 1390 2734 1440 cantum
2768 1384 3225 1439 ecclesiasticum
3250 1383 3326 1438 sit
3353 1387 3647 1452 receptum
3676 1398 3689 1437 :

2062 1484 2215 1538 idem
2262 1483 2601 1554 Symbolum
2652 1481 2897 1536 auctiori
2931 1485 2989 1533 et
3038 1479 3392 1550 explicatiori
3438 1480 3693 1534 editione

2057 1572 2360 1643 vulgatum
2394 1588 2426 1625 a
2458 1572 2689 1625 Nicaena
2718 1570 2975 1625 secunda
3003 1568 3254 1634 generali
3286 1568 3531 1636 septima
3552 1584 3689 1638 syn~

2060 1662 2195 1729 odo,
2225 1661 2386 1715 nefas
2426 1658 2601 1713 fuerit
2642 1657 3049 1713 ecclesiasticis
3092 1657 3279 1727 aptari
3320 1656 3594 1722 modulis,
3637 1660 3692 1711 et

2061 1750 2119 1802 in
2165 1749 2362 1812 choro,
2411 1749 2551 1800 dum
2599 1762 2763 1799 sacra
2805 1754 3184 1815 peraguntur,
3231 1744 3441 1798 audiri.
3488 1744 3691 1798 Dicent

316 1847 483 1917 gistri
515 1851 571 1901 et
594 1845 847 1915 theologi
879 1845 1146 1901 catholici
1178 1847 1491 1917 allegatum
1523 1847 1581 1902 in
1616 1848 1949 1917 praesidium

2065 1838 2304 1890 fortasse
2336 1852 2519 1903 genus
2554 1834 2841 1889 mendacii
2883 1834 3062 1888 fuisse
3091 1832 3430 1903 Symbolum
3462 1832 3626 1900 quasi
3658 1848 3689 1884 a

316 1934 528 1989 erroris
547 1951 579 1988 a
602 1935 950 2003 negantibus
972 1939 1239 1989 sanctum
1273 1935 1556 2005 Spiritum
1590 1954 1622 1989 υ.
1652 1935 1794 1989 Filio
1813 1951 1947 2005 pro-

316 2022 519 2076 cedere
552 2020 957 2076 testimonium
1001 2021 1626 2091 Conslantinopolitani
1670 2023 1949 2093 Symboli,

316 2112 503 2166 Patris
534 2111 718 2166 solius
746 2111 803 2164 in
842 2112 1220 2181 productione
1252 2113 1437 2166 sancti
1476 2112 1733 2182 Spiritus
1765 2113 1951 2166 diser-

314 2203 434 2252 tam
468 2199 823 2253 mentionem
850 2199 1135 2265 facientis,
1160 2200 1241 2253 sic
1263 2200 1629 2269 explicabant
1659 2200 1948 2255 utFilium

315 2304 449 2342 cum
483 2287 648 2342 Patre
680 2287 1112 2357 conspirantem
1144 2287 1390 2358 intelligi
1421 2293 1684 2359 oportere
1712 2293 1948 2344 conten-

316 2376 538 2445 derent,
572 2392 637 2429 ac
669 2375 751 2429 sic
774 2390 911 2430 voce
941 2379 1111 2429 tenus
1150 2392 1348 2430 vocem
1386 2377 1636 2447 Filioque
1675 2376 1948 2447 Symbolo

319 2463 622 2531 adderent,
664 2461 794 2531 quis
824 2464 957 2529 jure
990 2464 1175 2532 possit
1215 2464 1654 2534 reprehendere,
1711 2481 1843 2519 cum
1883 2480 1951 2519 ea

318 2567 433 2604 non
465 2555 583 2604 tam
616 2550 831 2603 additio
863 2566 1040 2619 quam
1071 2551 1354 2620 expositio
1388 2552 1581 2616 fuerit,
1618 2569 1735 2605 rem
1768 2551 1952 2622 profe-

317 2654 452 2691 rens
468 2637 581 2690 illic
598 2637 1019 2692 absconditam.
1037 2654 1150 2691 non
1168 2637 1474 2693 intrudens
1490 2640 1723 2693 aliunde
1742 2639 1953 2710 impor-

318 2730 502 2781 tatam
518 2727 786 2779 i’Andrese
802 2725 1055 2796 episcopi
1075 2726 1364 2783 Rhod167
1381 2729 1425 2783 2
1443 2728 1545 2782 bac
1568 2728 1696 2798 ipsa
1718 2729 1789 2783 de
1810 2745 1870 2782 re
1892 2729 1949 2782 in

323 2812 564 2865 concilio
586 2812 1080 2879 Florentino,sess.
1098 2814 1516 2884 6,disputantis
1534 2816 1809 2886 probatus
1823 2818 1949 2885 ejus

324 2916 500 2954 sacra:
522 2900 723 2970 synodi
742 2916 981 2955 assensu
996 2900 1372 2972 syllogismus
1397 2904 1503 2956 huc
1530 2900 1950 2973 Γοοίιεούὃεμία

320 2981 548 3052 ἔκΟεσις,
612 2985 894 3056 ἀνάπτυξις
953 2986 987 3054 ἢ
1050 2989 1313 3059 σαφήνειοὶ
1368 3010 1510 3052 τινος
1564 2989 1871 3059 ἐπιστήμης
1914 2988 1949 3056 ἢ

324 3076 649 3145 μαθήματος
702 3073 889 3148 ιίῖηΟείη
952 3073 1011 3128 ἂν
1076 3078 1382 3150 προσθήκη.
1438 3076 1613 3133 Ἀλλὰ
1658 3078 1721 3130 τὸ
1770 3077 1829 3131 ἐκ
1857 3082 1951 3130 τοῦ

318 3162 445 3214 Υἱοῦ
474 3159 763 3235 λεγόμενον
796 3160 848 3217 ἐν
879 3166 956 3233 τῷ
1007 3160 1272 3235 συμϐόλῳ
1320 3165 1700 3238 ἐμπεριέχεται
1732 3169 1800 3237 τῇ
1857 3164 1947 3219 καὶ
1979 3201 2021 3267 c

381 3253 407 3262 η’
470 3254 509 3267 Il
631 3247 643 3265 Ἰ
859 3256 885 3266 ~
966 3248 1008 3267 ’ἡ
1036 3252 1047 3267 Ι
1253 3253 1273 3267 Π
1411 3251 1423 3267 9
1501 3256 1525 3266 ~
1650 3252 1663 3267 \
1722 3251 1733 3267 ἢ
1803 3254 1809 3265 I

314 3253 411 3302 τοῦ
468 3247 677 3323 Πατρὸς
735 3256 910 3325 φωνῆ,
962 3248 1212 3324 ἐξήγησις
1253 3253 1310 3305 ’ὸν
1368 3251 1529 3306 αὐτοῦ
1578 3252 1665 3305 καὶ
1711 3251 1943 3307 ἀνάπτυ-

317 3338 414 3407 ξις.
449 3336 560 3393 Οὐκ
590 3336 692 3411 ἄρα
740 3337 848 3391 ἐστὶ
900 3341 1217 3409 «pose-qusi.
1250 3342 1414 3397 Nulla
1442 3342 1733 3414 expositio,
1768 3342 1947 3412 expli-

319 3427 460 3481 catio
491 3433 587 3481 aut
635 3429 930 3482 declaratio
959 3428 1225 3486 doctrinae
1270 3431 1579 3500 cujuspiam
1602 3439 1698 3487 aut
1724 3431 1946 3498 dogma-

324 3518 397 3568 tis
440 3519 579 3570 recte
622 3524 842 3570 vocetur
883 3516 1113 3573 additio.
1163 3518 1327 3588 Atqui
1371 3534 1476 3573 vox
1523 3541 1543 3567 α
1612 3519 1869 3590 Filioque
1919 3539 1947 3577 »

320 3603 479 3657 verbo
510 3608 667 3657 tenus
697 3603 954 3674 adjuncta
986 3604 1239 3674 Symbolo
1268 3607 1387 3673 iam
1415 3609 1572 3676 prius
1602 3610 1661 3661 in
1686 3624 1744 3664 eo
1774 3610 1948 3667 conti-

321 3690 572 3755 nebatur,
634 3691 808 3745 latens
854 3696 905 3745 et
958 3692 1335 3748 subintellecto
1392 3693 1453 3748 in
1508 3697 1627 3765 ipsa
1682 3698 1952 3750 mentione

318 3780 535 3843 Patris;
569 3778 726 3844 cuius
766 3779 1006 3834 abstrusi
1054 3796 1220 3834 sensu
1266 3781 1383 3836 hac
1413 3792 1624 3836 tantum
1671 3786 1953 3837 enarratio

320 3876 370 3921 et
399 3866 698 3936 explicatio
746 3876 843 3923 est.
875 3869 990 3921 Non
1022 3872 1099 3923 est
1147 3870 1321 3937 igitur
1351 3870 1584 3925 additio.
1636 3872 1765 3925 Scio
1798 3872 1957 3927 Grae-

325 3971 421 4008 cos
454 3953 859 4009 schismaticos
883 3960 1087 4010 contra
1117 3956 1400 4027 excipere,
1431 3959 1671 4013 vetitum
1698 3976 1824 4017 esse
1848 3978 1953 4014 no-

326 4041 595 4095 minatim
619 4058 911 4112 apponere
939 4044 1258 4113 quidquam
1279 4044 1551 4113 Symbolo
1583 4046 1758 4100 etiam
1784 4063 1844 4100 ex
1858 4062 1955 4116 po-

328 4128 556 4182 sitionis
600 4145 796 4184 causa.
839 4130 946 4184 Sed
999 4147 1097 4185 eos
1142 4132 1447 4186 submovet
1496 4132 1648 4186 idem
1700 4135 1959 4187 Andreas

329 4215 590 4270 Rhodius
623 4217 838 4271 diserte
873 4234 1090 4289 negans
1120 4219 1173 4274 id
1211 4237 1471 4290 unquam
1498 4221 1676 4275 fuisse
1700 4222 1960 4292 prohibi-

331 4310 481 4358 tum.
515 4303 702 4359 Verba
729 4306 855 4372 ejus
888 4306 1007 4361 haec
1040 4313 1177 4361 sunt
1208 4308 1412 4362 concil.
1446 4309 1697 4364 Florent.
1732 4325 1873 4364 scss.
1904 4312 1961 4373 7,

332 4408 389 4462 p.
426 4391 525 4444 107
555 4393 694 4445 tomi
724 4391 920 4448 XXXII
952 4394 1340 4450 Conciliorum
1374 4398 1465 4450 ed.
1524 4401 1699 4468 Reg:
1749 4398 1868 4472 Ἀφ’
1902 4394 1962 4450 οὗ

327 4478 511 4532 ἓπεται
560 4480 643 4532 δτι
686 4480 849 4546 ἡνίκα
907 4484 1252 4556 συμπερανθῇ
1301 4483 1363 4537 τὸ
1404 4480 1707 4555 σύμϐολον,
1738 4485 1826 4538 καὶ
1858 4506 1965 4539 κω-

2060 1923 2720 1993 Constantinopolitanis
2743 1922 3011 1975 secunda).
3044 1921 3246 1989 synodi
3268 1920 3535 1974 Patribus
3567 1920 3687 1973 edi-

2060 2019 2181 2068 tum
2212 2019 2464 2077 cantare,
2499 2028 2630 2066 cum
2664 2012 3060 2065 additamento
3092 2016 3252 2064 tanto
3283 2010 3573 2080 posterius
3605 2008 3688 2062 illi

2058 2119 2092 2155 a
2122 2101 2373 2171 septima
2393 2099 2649 2170 generali
2683 2100 2900 2170 synodo
2933 2098 3169 2162 inserto,
3192 2115 3259 2152 ex
3289 2115 3401 2167 quo
3434 2098 3686 2166 nonjam

2057 2189 2315 2261 amplius
2346 2188 2401 2241 id
2433 2188 2702 2242 secundae
2735 2186 2940 2257 synodi
2979 2186 3317 2254 Symbolum
3349 2191 3504 2240 esset
3536 2227 3551 2253 ,
3584 2186 3684 2240 sed

2058 2286 2215 2340 aliud
2265 2284 2548 2355 septimae.
2582 2284 2959 2354 Respondeo:
3007 2282 3053 2336 si
3090 2281 3271 2335 multa
3321 2284 3491 2336 verba
3516 2300 3549 2336 ιι
3593 2298 3685 2336 se-

2057 2375 2249 2428 cunda
2295 2371 2547 2443 generali
2596 2373 2817 2441 synodo
2872 2369 3139 2441 Symbolo
3194 2370 3432 2424 Nicaanas
3486 2371 3687 2439 primae

2056 2460 2345 2533 generalis
2374 2461 2573 2515 addita
2593 2476 2708 2514 non
2733 2459 3087 2512 obstiterunt
3107 2458 3424 2528 quominus
3442 2458 3495 2511 id
3522 2460 3687 2529 Sym-

2057 2552 2256 2606 bolum
2303 2551 2598 2605 Nicaanum
2649 2548 2840 2603 vocari
2891 2552 3307 2618 perseveraret,
3357 2565 3462 2602 cur
3510 2548 3685 2603 unius

2058 2638 2507 2710 quadrisyllabaa
2546 2638 2760 2692 voculae
2821 2637 3037 2690 additio
3095 2636 3373 2705 impediet
3428 2653 3498 2690 ne
3556 2653 3687 2691 vere

2058 2727 2207 2780 idem
2260 2726 2599 2796 Symbolum
2647 2724 3357 2794 Constantinopolitanum
3409 2731 3473 2778 ut
3518 2730 3683 2779 antea

2058 2816 2242 2885 possit
2292 2814 2453 2867 dici?
2497 2813 2726 2867 Nicseno
2758 2812 3026 2881 Symbolo
3072 2813 3222 2866 673
3275 2813 3685 2866 Constantino—

2058 2902 2299 2973 politani
2332 2906 2563 2956 centum
2592 2902 3020 2972 quinquaginta
3052 2906 3249 2954 Patres
3270 2902 3685 2968 adiunxerunt,

2060 2999 2185 3062 post
2235 2989 2335 3044 illa
2382 2991 2593 3043 verba:
2645 2990 2812 3043 Credo
2860 2990 2919 3042 in
2966 2988 3240 3055 Spiritum
3280 2994 3537 3042 sanctum
3568 2988 3687 3043 haec

2058 3081 2347 3134 Dominum
2378 3084 2428 3132 et
2461 3077 2849 3147 viviﬁcantem,
2882 3076 2977 3146 qui
3006 3092 3073 3130 ea:
3107 3085 3264 3146 patre
3293 3078 3564 3146 procedit,
3592 3080 3690 3146 qui

2059 3183 2183 3221 cum
2231 3172 2401 3221 Patre
2429 3169 2478 3221 et
2507 3167 2644 3221 Filio
2687 3166 2855 3220 simul
2897 3166 3165 3219 adorntur
3209 3174 3262 3219 et
3300 3165 3689 3236 congloriﬁca-

2061 3264 2168 3320 tur,
2203 3258 2298 3325 qui
2345 3257 2550 3308 locutus
2578 3262 2658 3309 est
2684 3269 2781 3323 per
2827 3253 3114 3323 pmpbeta.
3166 3254 3234 3308 Et
3284 3257 3478 3307 tamen
3526 3258 3690 3323 Sym-

2055 3343 2255 3396 bolum
2284 3343 2367 3398 sic
2398 3347 2635 3396 auctum
2667 3341 2963 3395 Nicaenum
2998 3341 3382 3395 nihilominus
3413 3341 3689 3410 deinceps

2057 3430 2324 3485 catholici
2374 3432 2666 3485 dixerunt.
2718 3431 3030 3485 Duraudus
3081 3430 3137 3484 in
3186 3430 3476 3485 Rationali
3509 3430 3689 3486 divin.

2057 3528 2209 3582 offic.
2243 3526 2280 3579 l.
2315 3544 2388 3592 ιν,
2426 3544 2474 3581 c.
2502 3528 2592 3593 25,
2618 3531 2926 3597 postquam
2954 3526 3336 3596 apostolicum
3362 3530 3419 3579 et
3441 3526 3694 3580 Athana-

2059 3617 2292 3671 sianum
2328 3613 2599 3685 Symbola
2630 3621 3029 3674 memorasset,
3063 3614 3372 3684 subjungit
3404 3630 3416 3667 :
3452 3614 3690 3668 Tertium

2058 3708 2138 3759 est
2156 3703 2459 3767 Nicaznum,
2476 3702 2614 3770 quod
2629 3703 2897 3755 Damasus
2907 3719 3049 3771 papa
3064 3719 3134 3755 ea:
3150 3704 3536 3757 constitutione
3555 3704 3689 3757 uni-

2057 3791 2287 3848 versalis
2313 3790 2510 3860 synodi
2536 3791 2680 3859 apud.
2723 3790 3245 3860 Constantinopolim
3281 3790 3569 3847 celebratae
3602 3794 3690 3845 in-

2060 3882 2255 3938 stituit.
2281 3878 2559 3933 Similiter
2582 3878 2856 3948 Magister
2875 3879 3328 3940 Sententiarum,
3362 3879 3400 3932 l.
3427 3896 3465 3946 ι,
3491 3880 3608 3933 dist
3634 3883 3689 3934 11

2063 3975 2119 4023 et
2145 3968 2466 4023 Alexander
2496 3966 2726 4019 Alensis
2762 3970 2908 4035 part.
2937 3982 3022 4031 III,
3061 3971 3264 4036 quazst.
3298 3968 3387 4032 69,
3432 3967 3693 4021 membro

2063 4059 2117 4121 5,
2150 4055 2487 4126 Symbolum
2522 4054 2674 4123 quod
2706 4054 2766 4106 in
2802 4054 2980 4108 missa
3014 4058 3282 4108 cantatur
3309 4055 3603 4109 Niccenum
3634 4072 3701 4109 ac

2064 4145 2426 4199 Niczenorum
2479 4147 2715 4196 Patrum
2757 4147 2981 4197 vocant.
3018 4143 3203 4211 Hujus
3250 4144 3395 4197 ratio
3427 4148 3513 4197 est
3546 4144 3702 4214 quod

2069 4231 2285 4285 additio
2335 4230 3108 4300 Constantinopolitanorum
3144 4231 3379 4284 Patrum
3422 4231 3565 4284 nihil
3602 4249 3704 4286 no-

2069 4338 2202 4375 vum
2236 4320 2434 4374 intulit
2463 4321 2693 4375 Nicasno
2728 4319 3023 4391 Symbolo,
3058 4321 3157 4374 sed
3194 4322 3453 4389 quaedam
3490 4338 3619 4391 qua:
3647 4322 3704 4375 in

2069 4426 2134 4464 eo
2166 4409 2428 4462 latebant
2458 4408 2800 4478 explicatius
2837 4408 3095 4477 protulit.
3130 4414 3249 4462 Hoc
3281 4409 3531 4462 afﬁrmat
3569 4427 3707 4463 san-

2073 4502 2199 4551 ctus
2230 4496 2542 4565 Gregorius
2572 4497 2989 4561 Nazianzenus,
3044 4513 3198 4549 unus
3229 4512 3258 4549 e
3291 4498 3393 4550 150
3421 4497 3705 4552 Constan-

332 4565 517 4619 Λύεται
570 4567 631 4620 τὸ
688 4570 1021 4642 προσθεῖναι,
1081 4576 1281 4625 νοεῖται
1330 4571 1453 4625 ὅσον
1505 4574 1640 4644 πρὸς
1695 4574 1785 4627 τὸν
1841 4578 1957 4628 νοῦν

2076 4559 2474 4656 tinopolitanis
2534 4585 2823 4653 Patribus,
2884 4559 3143 4638 scribens
3198 4586 3267 4638 ad
3318 4584 3708 4641 Cledonium:

331 4654 421 4709 καὶ
470 4655 605 4728 πρὸς
663 4656 844 4730 ὲτὲραν
900 4653 1157 4713 διάνοιαν
1218 4658 1339 4713 ὅσον
1395 4657 1451 4713 δὲ
1507 4661 1640 4733 πρὸς
1700 4659 1968 4737 διεισάφη-

334 4762 440 4809 σιν,
502 4740 760 4796 οὐδέποτε
812 4746 845 4811 ἡ
906 4743 1199 4814 Ε’κχλησία
1244 4751 1405 4803 τοῦτο
1464 4748 1760 4804 κεκώλυκε.
1826 4751 1970 4806 Unde

334 4832 586 4902 sequitur
640 4832 1067 4899 prohibitionem
1126 4836 1380 4905 addendi,
1429 4852 1553 4907 quae
1598 4848 1969 4893 consummato

334 4919 459 4988 jam
503 4922 772 4991 Symbolo
818 4930 897 4977 est
942 4925 1186 4995 apposita
1214 4967 1226 4991 ,
1285 4925 1707 4997 intelligendam
1751 4943 1863 4982 esse
1908 4927 1972 4983 de

340 5008 627 5066 additione
649 5013 779 5067 novi
805 5028 990 5068 sensus
1020 5015 1355 5085 diversaeque
1380 5016 1704 5082 sententiae;
1724 5034 1855 5073 nam
1873 5020 1972 5073 ad-

339 5096 603 5152 ditioncm
673 5114 797 5171 quae
853 5101 922 5156 ad
977 5118 1185 5156 meram
1238 5104 1667 5160 declarationem
1711 5108 1968 5177 pertinet,

338 5201 624 5256 nunquam
652 5188 906 5258 prohibet
934 5190 1199 5247 Ecclesia.

413 5292 717 5349 Secundus
759 5295 1075 5350 additionis
1110 5298 1347 5367 gradus,
1381 5298 1724 5353 auctoritate
1766 5303 1973 5372 synodi

342 5379 587 5435 Νἱοθεῃεε
622 5384 914 5447 secundis,
947 5384 1240 5454 generalis
1270 5387 1554 5458 septimae,
1588 5388 1799 5455 factus,
1834 5406 1974 5461 apo-

2075 4682 2264 4753 Ἠμεῖς
2310 4724 2324 4749 ,
2378 4682 2625 4751 inquit,
2683 4687 2781 4748 τῆς
2840 4678 2975 4734 κατᾶ
3031 4679 3254 4735 Νίκαιαν
3313 4680 3543 4742 πίστεως
3602 4686 3707 4735 τῶν

2077 4770 2240 4844 ἁγίων
2300 4769 2548 4842 Πατὲρων
2596 4772 2701 4822 τῶν
2762 4769 2933 4821 ἐκεῖσε
2980 4767 3341 4823 συνελθόντων
3388 4769 3475 4823 ἐπὶ
3526 4781 3713 4833 καθαι-

2079 4860 2217 4931 ρέσει
2262 4864 2360 4925 τῆς
2421 4859 2751 4927 Ἀρειανικῆς
2798 4858 3053 4931 αἱρέσεως
3104 4855 3259 4912 οὐδὲν
3319 4856 3441 4913 οὔτε
3490 4879 3711 4933 προετι-

2084 4948 2329 5019 μήσαμεν
2388 4966 2520 4999 ποτε
2574 4942 2697 4999 οὕτε
2742 4950 3013 5019 προτιμᾷν
3070 4943 3359 5019 δυνάμεθα,
3418 4946 3542 5002 ἀλλ’
3574 4947 3715 5001 ἐκεί-

2078 5055 2176 5103 νης
2236 5033 2392 5105 ἐσμὲν
2452 5034 2687 5094 πίστεως
2746 5034 2837 5086 σὺν
2877 5039 2992 5105 Θεῷ
3020 5035 3111 5087 καὶ
3150 5035 3400 5106 ἐσόμεθα.
3462 5026 3716 5091 Tantum

2083 5125 2244 5180 addit
2289 5140 2350 5177 se
2398 5140 2529 5179 cum
2582 5124 2705 5178 suis
2754 5124 2811 5177 in
2864 5123 2964 5177 illa
3015 5141 3181 5179 sacra
3209 5127 3436 5196 Synodo
3478 5126 3717 5197 collegis

2082 5210 2448 5267 arliculatius
2499 5211 2858 5282 exposuisse,
2891 5228 3016 5282 quas
3077 5211 3274 5267 minus
3330 5214 3716 5281 sufficienter,

2086 5301 2286 5355 habita
2334 5299 2559 5353 ratione
2606 5299 2817 5354 deinde
2867 5300 3240 5354 subortatum
3289 5300 3597 5369 haeresum,
3649 5303 3721 5357 de

2086 5392 2287 5443 sancto
2336 5387 2550 5457 Spiritu
2602 5386 2893 5442 declarata
2923 5404 2956 5441 a
2984 5388 3229 5442 Nicaenis
3262 5388 3512 5455 fuerant,
3544 5394 3723 5461 Προσ-

343 5467 499 5539 logia
525 5487 640 5525 non
683 5471 927 5541 indiget.
963 5476 1184 5537 Quotus
1216 5475 1371 5529 enim
1422 5475 1670 5546 quisque
1703 5493 1812 5530 non
1844 5494 1975 5533 sea-

346 5558 418 5611 tit
446 5558 528 5626 [P.
564 5559 686 5629 471]
737 5559 881 5614 nihil
913 5561 1111 5615 minus
1152 5563 1304 5631 juris
1341 5564 1696 5618 oecumenico
1738 5567 1977 5622 concilio

346 5646 578 5702 Nicaeno
609 5649 868 5705 secundo
899 5649 1079 5706 fuisse
1109 5652 1442 5707 declarandi
1470 5652 1692 5724 aliquid
1733 5653 1791 5709 in
1820 5656 1979 5728 Sym-

2087 5472 2465 5546 διαρθροῦντες
2514 5474 2574 5526 τὸ
2618 5473 2862 5535 ἐλλιπῶς
2902 5472 3187 5546 εἰρημένον
3238 5476 3361 5547 περὶ
3413 5480 3510 5529 τοῦ
3569 5476 3722 5549 ἁγίου

2090 5562 2423 5633 Πνεύματος.
2473 5564 2533 5617 1n
2587 5581 2713 5634 quae
2764 5562 3107 5618 Nazianzeni
3154 5564 3331 5619 verba
3378 5566 3726 5623 scholiastes

2089 5656 2216 5726 ejus
2245 5653 2403 5709 Elias
2448 5652 2533 5708 sic
2564 5658 2713 5709 recte
2743 5656 3213 5708 commentatur:
3245 5658 3331 5725 Τῷ
3385 5654 3479 5726 μὲν
3512 5656 3725 5728 σώματι
