4122 6272
421 334 559 389 1135

1455 329 1514 378 Ρ.
1555 323 1829 377 POSSlNI
1866 314 2473 372 OBSERVATIONUM
2510 314 2641 365 LIB.
2684 315 2754 365 ΙΙ.

3649 302 3796 354 1136

418 462 526 511 τῶν
555 454 751 524 λέξεων
783 450 1202 527 παρελέλειπτο,
1255 450 1323 520 τῇ
1356 444 1413 500 δὶ
1454 449 1607 519 ψυχῇ
1661 442 1827 519 (λέγω
1873 441 1939 510 δὴ
1986 442 2085 501 τᾶη

2196 436 2318 507 μιοᾶ
2355 435 2759 507 promiseram,
2785 436 2842 487 et
2864 431 3009 486 satis
3039 428 3277 485 evicisse
3300 426 3520 481 nullam
3561 426 3617 479 in
3642 426 3796 479 facto

422 551 528 600 τῶν
575 541 887 615 νοημάτων)
938 535 1212 609 οὐδαμῶς.
1270 536 1361 589 Διὸ
1405 536 1493 590 καὶ
1526 537 1553 588 ὁ
1586 536 1736 609 ἅγιος
1767 533 1826 586 οὐ
1857 530 1919 586 τὸ
1953 551 2055 585 πει-

428 629 874 708 ραλελειμμὲνον,
906 624 1051 681 ἀλλὰ
1097 625 1158 678 τὸ
1213 623 1457 685 ἐλλιπῶς
1490 622 1770 708 εἰρημένον
1802 625 1903 674 τοῦ
1952 625 2061 673 σώ-

434 705 599 794 ματος
642 718 783 791 λέγει
844 714 1127 790 διαρθροῦν
1161 711 1285 781 ἦτοι
1346 707 1656 783 ἐξακριϐοῦν
1711 708 1800 763 καὶ
1832 705 2058 781 διαμορ-

432 814 585 884 φοῦν.
624 814 749 863 Haec
780 807 916 873 ille;
950 805 1163 876 quibus
1195 802 1489 873 significat
1520 817 1633 854 non
1668 798 2063 853 sensibus-aut

434 883 603 970 quasi
641 897 849 951 anima:
882 893 1124 964 symboli
1158 891 1369 946 Nicmni
1416 888 1670 944 defuisse
1701 886 1943 956 aliquid,
1976 883 2061 937 di-

435 1002 560 1040 cere
583 982 924 1054 Gregorium
958 979 1342 1049 Theologum,
1367 979 1463 1032 sed
1497 993 1637 1031 sono
1670 977 1974 1029 verborum
2001 988 2066 1026 ac

434 1071 612 1124 veluti
639 1069 888 1138 corpori,
913 1073 1014 1120 etc.
1047 1066 1204 1118 Unde
1227 1065 1491 1132 sequitur
1521 1062 1876 1116 additioncm
1897 1060 2063 1113 iden-

438 1155 587 1209 titati
621 1172 733 1207 non
764 1154 1010 1206 obstare.
1041 1152 1192 1203 ldem
1248 1166 1398 1201 nunc
1453 1148 1570 1218 pari
1612 1148 1745 1216 jure
1794 1145 2065 1197 dicimus.

440 1245 624 1306 Quam
655 1241 915 1295 voculam
949 1239 1179 1292 Nicaeus
1204 1237 1458 1290 secunda
1482 1237 1761 1305 synodus,
1780 1232 2068 1305 generalis

440 1330 719 1401 septima,
751 1326 1023 1399 Symbolo
1056 1346 1085 1378 ιι
1130 1323 1772 1393 Constantinopolitana
1812 1320 2068 1392 generali

443 1419 699 1475 secunda
729 1417 882 1471 edito
910 1415 1152 1483 addidit,
1185 1429 1252 1467 ea
1282 1430 1413 1467 cum
1445 1417 1718 1465 extranea
1736 1428 1848 1465 non
1876 1409 2072 1475 fuerit,

444 1508 542 1563 sed
575 1524 642 1560 ex
672 1504 995 1559 visceribus
1025 1503 1207 1572 ipsius
1235 1498 1490 1569 Symboli
1523 1498 1797 1553 doctrinm
1830 1514 1894 1551 ac
1924 1498 2071 1552 Con-

446 1592 1099 1663 stantinopolitanorum
1134 1594 1371 1643 Patrum
1406 1587 1703 1642 sententiae
1736 1591 1922 1649 eruta,
1956 1602 2072 1639 non

445 1685 582 1739 facit
612 1688 677 1737 ut
726 1691 855 1751 post
894 1680 1067 1748 hujus
1116 1677 1478 1747 epenthesim
1528 1675 1865 1746 Symbolum
1916 1673 2071 1727 aliud

2165 525 2485 580 additionis
2517 525 2673 579 vocis
2716 523 2962 592 Filioque
2992 521 3061 574 ad
3093 516 3805 587 Constantinopolitanum

2165 613 2507 684 Symbolum
2563 611 2950 666 temeritatem
2998 609 3335 663 Latinorum
3374 620 3541 675 posse
3586 605 3807 665 notari,

2166 703 2266 757 sed
2300 717 2593 757 summam
2627 700 2823 770 potius
2854 703 2911 753 et
2941 695 3184 752 Romani
3217 694 3504 765 pontificis
3538 699 3594 746 et
3625 691 3809 745 cccle-

2168 791 2385 844 siarum
2417 789 2748 843 Occidentis
2791 802 3069 857 apparere
3101 800 3231 839 cum
3267 781 3678 836 fundatissima
3714 797 3809 833 ra-

2168 878 2326 931 tione
2360 876 2818 931 moderationem
2853 890 2917 928 ac
2950 872 3323 943 sapientiam,
3369 870 3424 922 in
3460 868 3813 922 necessitate

2170 965 2491 1018 obsistendi
2516 964 2806 1031 grassanti
2828 958 3518 1029 haeresi,temperantium
3535 962 3731 1011 tamen
3754 956 3809 1008 id

2171 1070 2203 1107 a
2234 1053 2445 1106 Grazcis
2470 1052 2716 1123 exigere,
2741 1068 2855 1121 quo
2880 1049 3010 1103 illos
3029 1047 3459 1117 exasperandos
3480 1051 3535 1099 et
3559 1046 3817 1113 quadam

2170 1141 2582 1210 exprobatione
2616 1138 2886 1209 praeteriti
2919 1137 3131 1191 erroris
3162 1135 3606 1191 conl'undendos
3641 1133 3818 1186 intel-

2170 1228 2620 1299 ligebantetista
2634 1227 2887 1297 benigna
2902 1222 3751 1279 accommodationestudcntiu
3767 1238 3821 1274 m

2169 1318 2348 1371 eosad
2368 1316 2705 1370 unanimam
2742 1313 3118 1369 ecclesiarum
3146 1311 3378 1365 allicere
3418 1310 3817 1364 concordiam.

2246 1420 2305 1469 Ρ.
2352 1414 2477 1466 390.
2512 1411 2589 1467 Τὸ
2619 1410 2756 1483 πρὸς
2802 1409 2894 1463 τὸν
2929 1404 3181 1481 Ἀϐραὰμ.
3219 1411 3314 1461 τοῦ
3367 1410 3523 1462 Θεοῦ.
3576 1408 3819 1478 Aliquid

2176 1502 2609 1573 quodammodo
2642 1499 2830 1554 simile
2862 1499 3084 1552 dictum
3119 1499 3402 1551 Abraamo
3433 1513 3465 1549 a
3496 1501 3611 1549 Deo
3654 1513 3824 1565 repe-

2180 1591 2326 1643 ritur
2354 1593 2560 1643 Genes.
2602 1604 2703 1656 xu,
2732 1588 2805 1640 2:
2850 1586 3172 1641 Benedicam
3212 1584 3651 1638 benedicenlibus
3691 1584 3827 1653 tibi,

2180 1682 2290 1732 etc.
2322 1682 2600 1731 Caeterum
2645 1676 2840 1743 verba,
2876 1680 2941 1728 ut
2971 1674 3063 1728 hic
3088 1674 3305 1741 jaceat,
3359 1673 3556 1743 potius
3588 1678 3830 1741 sumpta

446 1774 740 1827 diversum
772 1770 828 1824 id
862 1769 1067 1822 debeat
1117 1766 1359 1821 censeri.
1419 1763 1658 1819 Nullum
1716 1780 1851 1835 ergo
1900 1764 2072 1819 fuerit
2106 1784 2154 1847 B
2184 1766 2456 1819 videntur
2498 1780 2565 1817 ex
2595 1764 2799 1817 Genes.
2852 1779 3020 1825 xxvu,
3054 1762 3160 1813 29:
3191 1762 3298 1827 Qui
3327 1760 3667 1813 benedicerit
3696 1762 3830 1824 (ibi,

449 1858 843 1925 mendacium,
875 1858 930 1909 id
954 1852 1657 1923 Constantinopolitanum
1693 1857 1757 1906 ut
1780 1856 1950 1907 antea
1980 1869 2073 1906 vo-

447 1964 597 2003 care.
631 1946 790 2010 Quod
824 1961 953 1999 vero
986 1942 1247 1997 Ecclesiae
1280 1941 1478 1997 Galliae
1516 1945 1573 1996 et
1601 1941 1892 2011 Hispanias
1939 1957 2074 1995 can-

448 2040 572 2090 tare
601 2032 942 2106 Symbolum
970 2031 1026 2085 in
1052 2047 1215 2085 sacro
1238 2046 1368 2084 cum
1394 2028 1687 2084 additione
1709 2029 1960 2099 Filioque
1978 2044 2079 2098 per

451 2124 939 2186 seinstituerunt,
989 2120 1047 2173 id
1080 2119 1355 2173 nimirum
1386 2118 1501 2172 sibi
1550 2116 1719 2171 licere
1759 2117 2076 2185 credidere,

452 2218 763 2283 postquam
814 2209 930 2263 ista
978 2207 1196 2262 additio
1249 2222 1350 2275 per
1393 2205 1716 2276 generalem
1768 2204 2078 2275 septimam

453 2301 739 2373 synodum
774 2297 1149 2368 comprobata
1179 2300 1235 2349 et
1265 2299 1543 2364 usurpata
1571 2294 1775 2347 fuerat.
1810 2292 1993 2361 Unde,
2020 2302 2083 2347 ut

456 2388 730 2459 superius
774 2385 1049 2449 vidimus,
1084 2384 1193 2437 Leo
1224 2382 1431 2436 tertius
1472 2382 1725 2453 pontifex
1759 2381 1812 2434 id
1867 2382 2082 2435 factum

458 2494 571 2532 non
620 2480 685 2530 ut
717 2474 1000 2529 nefarium
1055 2471 1374 2537 damnavit,
1415 2471 1513 2525 sed
1547 2475 1771 2524 tantum
1821 2476 1886 2525 ut
1913 2472 1985 2524 ab
2018 2487 2082 2525 eo

458 2566 806 2619 desisterent
856 2562 1043 2614 suasit
1075 2564 1304 2629 prepter
1335 2576 1572 2613 causam
1605 2576 1778 2629 quam
1812 2559 1892 2612 ibi
1931 2575 2087 2614 com-

462 2657 762 2709 memorat.
805 2652 889 2721 (P.
923 2649 1049 2719 1:72)
1088 2649 1191 2702 Sed
1223 2647 1322 2701 illa
1354 2649 1596 2701 Romani
1631 2648 1918 2717 pontificis
1960 2665 2085 2703 mo-

461 2741 699 2806 deratio,
736 2745 801 2793 ut
822 2743 960 2793 tunc
984 2737 1091 2791 fuit
1120 2735 1450 2802 laudabilis,
1476 2736 1559 2790 sic
1583 2742 1783 2806 postea
1814 2753 1915 2808 per
1940 2737 2089 2792 Grae-

463 2846 660 2885 corum
695 2828 850 2881 674
892 2825 1151 2880 schisma
1190 2823 1394 2879 haeresi
1434 2824 1861 2879 cumulantium
1896 2827 2087 2894 pervi-

461 2917 676 2972 caciam
709 2915 890 2969 evasit
941 2912 1371 2984 intempestiva.
1414 2912 1635 2967 Etenim
1682 2911 1766 2965 illi
1798 2913 2088 2968 abstinere

462 3022 497 3060 a
524 3008 695 3059 cantu
728 3001 984 3074 Symboli
1033 3017 1163 3055 cum
1197 3000 1487 3054 additione
1514 3001 1758 3070 Filioque
1789 3017 1889 3070 pro
1921 3001 2087 3073 signo

2186 1854 2261 1907 sit
2288 1854 2405 1923 ipse
2436 1850 2776 1917 benedictus;
2824 1849 2920 1919 qui
2948 1848 3296 1903 maledixerit
3324 1847 3445 1913 tibi,
3478 1848 3828 1901 maledictio-

2189 1942 2347 1995 nibus
2375 1941 2673 2010 repleatur.
2706 1937 2814 1993 Sed
2850 1937 2969 1991 hazc
2997 1954 3107 1991 non
3142 1936 3419 1990 dicuntur
3439 1952 3470 1989 a
3501 1935 3616 1989 Deo
3640 1936 3829 1988 Abra-

2189 2045 2342 2098 amo,
2374 2029 2471 2082 sed
2507 2027 2578 2081 ab
2614 2027 2812 2080 Isaaco
2843 2025 3076 2093 Iacobo,
3110 2027 3173 2078 ut
3222 2023 3369 2078 forte
3417 2022 3524 2076 hoc
3564 2023 3646 2076 sit
3691 2042 3830 2092 μνη-

2192 2136 2291 2188 μον
2303 2114 2412 2167 ικὸν
2447 2112 2670 2188 σφάλμα
2693 2113 3086 2184 Pachymeris.

2261 2215 2396 2282 Cap.
2428 2212 2517 2264 20.
2569 2210 2810 2273 Quando
2854 2207 3165 2278 contigerit
3215 2208 3320 2262 hoc
3350 2207 3539 2278 capite
3596 2212 3839 2262 narrata

2191 2298 2576 2354 incomitiatio
2623 2296 2869 2351 rhetoris
2913 2294 3170 2350 ecclesiis
3224 2294 3510 2362 Holoboli,
3556 2297 3836 2349 ostende-

2194 2404 2328 2442 mus
2364 2388 2515 2440 infra
2538 2387 2597 2440 in
2627 2384 3059 2455 Chronologicis
3092 2384 3131 2439 l.
3166 2384 3459 2438 Iuliarum
3484 2384 3839 2438 observatio-

2194 2493 2357 2541 num,
2410 2491 2458 2529 c.
2490 2476 2546 2542 5,
2580 2491 2636 2528 ιι.
2668 2474 2735 2539 6;
2784 2488 2936 2527 nunc
2988 2472 3349 2527 occasionem
3402 2488 3515 2525 non
3562 2473 3835 2525 omittam

2194 2562 2632 2618 demonstrandi
2649 2561 2985 2617 Vaticanum
3005 2561 3445 2631 paraphrastem
3463 2576 3836 2631 nequaquam

2194 2652 2390 2722 ipsum
2423 2650 2573 2704 (δτῦ
2610 2648 2791 2702 fuisse
2842 2648 3275 2718 Pachymerem,
3308 2648 3410 2718 qui
3444 2647 3622 2701 aliam
3669 2648 3836 2717 quasi

2196 2738 2507 2795 editionem
2537 2740 2626 2792 sui
2660 2736 2851 2807 cperis
2882 2742 3251 2791 commutans
3283 2736 3538 2806 plurima
3568 2736 3833 2801 vulgave-

2199 2828 2273 2882 rit
2298 2826 2389 2893 ,id
2422 2826 2575 2896 quod
2608 2824 2795 2879 virum
2821 2824 3220 2878 doctissimum
3247 2824 3613 2893 suspicatum
3650 2825 3831 2878 video.

2196 2916 2251 2969 Si
2283 2914 2436 2967 enim
2471 2914 2520 2967 is
2558 2913 2683 2983 ipse
2714 2916 2889 2978 esset,
2924 2928 3039 2966 non
3077 2912 3158 2965 ita
3191 2911 3498 2965 manifeste
3528 2929 3561 2965 a
3592 2927 3658 2965 se
3712 2911 3823 2982 ipse

2198 3001 2600 3072 dissensisset,
2651 3005 2715 3054 ut
2759 2994 2852 3054 hic
2902 3000 3055 3053 facit.
3104 3003 3248 3055 Cum
3299 3000 3454 3053 enim
3506 2999 3566 3052 in
3617 3000 3836 3053 nostris

463 3091 861 3183 proﬁtentium
905 3106 1071 3183 suam
1101 3089 1183 3183 de
1210 3086 1858 3183 processione-Spiritus
1902 3090 2084 3145 sancti
2118 3117 2161 3183 α
2199 3090 2435 3161 optimis
2468 3094 2505 3141 Β
2552 3094 2610 3143 et
2636 3091 2673 3142 Α
2722 3089 2890 3143 codd.
2926 3086 3308 3159 Pachymeres
3336 3088 3441 3141 hoc
3467 3086 3593 3141 loco
3627 3088 3842 3141 habeat

462 3197 530 3235 ex
562 3184 727 3251 patre
756 3178 878 3233 solo
910 3177 1176 3231 haeresim
1210 3174 1522 3229 habebant.
1557 3175 1651 3230 Sic
1683 3176 1918 3233 Photius
1951 3182 2093 3235 Leo-

463 3284 599 3324 nem
632 3266 866 3322 tertium
913 3269 1192 3333 tanquam
1224 3261 1336 3316 sibi
1380 3264 1845 3321 consentientem
1892 3271 1951 3325 in
1983 3271 2097 3329 ista

466 3354 833 3425 blasphemia
882 3352 1101 3416 laudat,
1143 3350 1295 3421 quod
1340 3350 1617 3407 nimirum
1669 3353 1766 3409 ille
1814 3357 2099 3417 noluisset

468 3442 687 3500 cantari
766 3440 1107 3512 Symbolum
1184 3454 1317 3493 cum
1376 3440 1774 3499 additamenta
1830 3446 2093 3520 Filioque.

473 3531 669 3586 Coacti
714 3545 849 3600 ergo
877 3544 1011 3583 vere
1042 3531 1200 3595 sunt,
1254 3530 1319 3581 ut
1348 3525 1611 3597 loquitur
1648 3533 1911 3589 Andreas
1944 3536 2096 3591 Rho—

472 3618 605 3674 dius
653 3617 924 3687 superius
964 3614 1200 3686 relatus,
1244 3614 1486 3670 Romani
1529 3620 1830 3688 pontifices
1880 3624 2099 3679 cantari

461 3707 671 3777 jubere
720 3703 1061 3776 Symbolum
1124 3703 1227 3757 tali
1283 3704 1580 3760 additione
1636 3713 1894 3775 auctum,
1933 3712 2098 3779 justo

470 3799 629 3849 metu
664 3793 855 3864 gravis
889 3791 1172 3861 scandali,
1226 3796 1348 3846 tum
1384 3795 1537 3863 apud
1568 3794 1817 3861 Latinos,
1850 3815 2098 3867 quorum

466 3882 733 3938 Ecclesiae
786 3880 1060 3952 pleraque
1083 3881 1206 3950 jam
1252 3880 1404 3934 ultro
1435 3886 1671 3935 cantum
1720 3883 1884 3940 illum
1928 3903 2097 3941 usur-

466 3974 695 4042 parant,
732 3975 853 4025 tum
888 3971 1041 4041 apud
1070 3970 1317 4034 Graecos,
1343 3969 1440 4039 qui
1464 3971 1592 4039 ejus
1623 3971 1703 4026 rei
1726 3973 2097 4030 emissionem

466 4060 526 4112 in
572 4057 785 4113 erroris
835 4059 927 4112 sui
978 4057 1363 4127 patrocinium
1415 4059 1754 4129 trahebant,
1802 4068 1859 4117 et
1904 4067 2097 4117 tamen

464 4147 553 4201 vel
588 4147 671 4200 sic
703 4147 885 4201 coacti
911 4150 1314 4216 temperarunt
1336 4146 1561 4201 Graecos
1585 4146 1742 4218 ipsos
1773 4150 2002 4221 adigere
2026 4153 2097 4206 ad

466 4234 524 4288 id
559 4234 838 4306 Sybolum
873 4250 1003 4289 cum
1038 4233 1161 4303 pari
1194 4232 1491 4288 additione
1522 4236 1578 4289 in
1603 4235 1848 4292 ecclesia
1865 4244 2096 4293 cantan-

469 4323 632 4376 dum.
684 4322 839 4376 Licet
879 4337 993 4374 non
1027 4320 1300 4375 deessent
1330 4320 1690 4390 fervidiores,
1719 4324 1816 4394 qui
1847 4325 1904 4379 id
1950 4328 2100 4381 Gras-

467 4409 552 4463 cis
582 4409 807 4479 injungi
858 4408 1190 4463 suaderent.
1224 4410 1434 4463 Contra
1481 4427 1626 4479 quos
1665 4412 1893 4467 videtur
1920 4414 2097 4469 Joan-

2199 3177 2343 3244 πλὴν
2377 3176 2477 3230 οὐκ
2523 3174 2609 3229 ἐπὶ
2638 3175 2833 3229 τούτου
2860 3178 2955 3228 τοῦ
2984 3177 3176 3248 καιροῦ
3200 3174 3444 3248 γεγονὸς,
3495 3172 3646 3227 ἀλλὰ
3693 3173 3836 3247 πρό-

2199 3285 2375 3339 τερυν,
2410 3266 2825 3338 paraphrastes
2858 3265 2941 3319 sic
2969 3264 3127 3318 hunc
3161 3263 3351 3319 locum
3381 3264 3541 3318 effert
3571 3262 3838 3337 πρότερον

2207 3354 2299 3425 μὲν
2357 3348 2565 3425 συμϐὰν
2625 3353 2758 3425 μετᾶ
2807 3351 2870 3406 τὸ
2910 3350 3247 3423 ἐξορισθῆναι
3298 3352 3649 3425 πατριάρχην
3704 3353 3838 3425 Ἀρ-

2201 3444 2363 3496 νὲιον.
2420 3444 2507 3497 Ita
2556 3442 2676 3508 ille,
2723 3447 2782 3495 et
2813 3457 2943 3495 mox
2975 3445 3039 3494 ut
3069 3440 3178 3494 sibi
3214 3440 3513 3505 cohaereat,
3549 3440 3669 3508 ;ubi
3702 3456 3837 3494 con-

2202 3536 2413 3586 ventus
2438 3535 2525 3585 est
2554 3529 2771 3584 mentio
2796 3527 2981 3583 habiti
3003 3527 3367 3598 congregatis
3391 3528 3683 3598 episcopis
3706 3545 3836 3581 cum

2206 3618 2555 3691 patriarcha,
2607 3618 2952 3688 imperatore
2984 3622 3287 3685 praesente,
3338 3616 3419 3685 [P.
3453 3616 3576 3685 473]
3612 3615 3836 3669 Vatica-

2207 3724 2316 3762 nus
2366 3704 2757 3778 patriarcham
2810 3709 2949 3758 tunc
3000 3703 3179 3758 fuisse
3220 3706 3575 3757 Germanum
3623 3704 3838 3757 diserte

2205 3794 2381 3850 tradit
2412 3799 2611 3848 contra
2662 3792 3035 3847 manifestam
3071 3792 3437 3862 Pachymeris
3466 3792 3837 3861 sententiam,

2207 3883 2305 3955 qui
2336 3882 2479 3937 nihil
2513 3881 2750 3936 omnino
2781 3880 2850 3934 de
2882 3879 3309 3934 conciliationis
3332 3878 3719 3934 Ecclesiarum
3751 3895 3841 3933 ne-

2206 3972 2363 4045 gotio
2432 3974 2767 4033 tractatum,
2822 3967 3080 4039 quandiu
3132 3966 3591 4038 patriarchatum
3652 3967 3840 4022 tenuit

2206 4062 2552 4126 Germanus,
2599 4056 2795 4111 tradit.
2847 4056 2961 4111 Nec
2992 4059 3182 4126 potest
3230 4072 3360 4111 esse
3400 4056 3647 4110 dubium
3700 4055 3837 4126 quin

2208 4146 2534 4219 patriarcha
2578 4144 2697 4199 illic
2727 4143 2904 4199 tacito
2948 4143 3239 4197 indicatus
3286 4143 3523 4198 nomine
3550 4143 3838 4214 Josephus

2213 4239 2385 4295 fuerit
2412 4259 2425 4307 ;
2459 4238 2565 4293 sub
2598 4252 2713 4307 quo
2745 4236 2980 4290 demum
3007 4235 3277 4290 tractatio
3307 4236 3629 4289 concordiae
3662 4234 3841 4289 Eccle-

2210 4329 2428 4383 siarum
2464 4323 2678 4379 moveri
2712 4329 2900 4395 empta
2950 4326 3058 4378 est.
3089 4324 3154 4378 Et
3186 4324 3419 4393 quidem
3452 4324 3711 4394 Josepho
3742 4340 3839 4393 pa-

2206 4415 2591 4470 triarchatum
2631 4428 2828 4484 gerere
2861 4412 3173 4483 incipiente
3205 4412 3465 4465 nondum
3512 4412 3700 4466 fuisse
3748 4413 3841 4466 de-

468 4514 571 4553 nes
602 4474 929 4564 Parastron,
976 4497 1197 4551 missus
1227 4474 1791 4570 Constantinopolim
1822 4518 1855 4556 a
1884 4503 2097 4573 Grego-
2130 4474 2175 4537 D
2209 4504 2520 4559 formatum
2570 4474 2773 4554 infami
2809 4474 3093 4571 supplicio
3127 4498 3493 4565 Holobolum,
3536 4501 3841 4555 manifeste

468 4585 551 4639 rio
583 4586 654 4652 X,
706 4584 808 4639 illa
839 4585 1012 4639 verba
1043 4602 1075 4638 a
1106 4586 1453 4656 Pachymere
1487 4586 1595 4642 hoc
1628 4590 1813 4659 capite
1858 4591 2101 4646 recitata

466 4673 821 4745 protulisse;
856 4688 956 4743 per
987 4689 1112 4743 quas
1167 4675 1413 4729 suadere
1472 4678 1668 4731 studet
1724 4677 1884 4732 Italis
1932 4679 2101 4733 uldi-

466 4764 634 4817 misso
683 4770 968 4831 amotoque
1014 4760 1311 4817 additionis
1339 4762 1410 4817 ad
1442 4763 1762 4834 Symbolum
1800 4767 1859 4838 (a
1890 4767 2099 4823 Graecis

464 4850 736 4906 videlicet
785 4850 1102 4921 exigendae)
1153 4850 1429 4917 seandalo,
1460 4868 1582 4907 cum
1630 4854 1919 4922 fratribus,
1970 4872 2100 4927 quos

464 4938 713 4994 viderent
760 4939 946 5007 palam
986 4936 1186 4994 Graecis
1231 4942 1540 5009 conciliari,
1574 4956 1700 4996 vera
1747 4945 1830 4998 ita
1877 4946 2100 4999 demum

465 5028 739 5083 coalitum
774 5042 922 5097 pace,
958 5027 1173 5083 vellent.
1211 5029 1297 5085 Uti
1331 5034 1387 5083 et
1416 5028 1672 5084 vicissim
1705 5029 1935 5086 Graecos
1968 5050 2101 5088 mox

466 5117 625 5186 ipsos
654 5116 922 5171 hortatur
944 5117 1014 5170 ad
1046 5117 1111 5170 ad
1126 5117 1442 5171 mittendas
1471 5122 1527 5171 et
1559 5119 1704 5172 satis
1735 5118 2101 5190 accipiendas

462 5206 866 5259 excusationes
914 5222 1063 5276 quas
1106 5205 1296 5259 Latini
1345 5203 1662 5275 allegarent
1716 5224 1818 5277 pro
1876 5210 2100 5264 addita-

463 5298 660 5347 mento
693 5294 764 5348 ad
798 5293 1165 5365 Symbolum,
1192 5292 1298 5347 hoc
1327 5297 1415 5347 est
1446 5310 1548 5363 pro
1579 5310 1645 5349 eo
1676 5297 1830 5365 quod
1862 5297 2099 5365 Symbo-

460 5380 585 5435 lum
625 5398 762 5436 voce
793 5382 1040 5451 Filioque
1084 5390 1276 5435 actum
1311 5380 1368 5435 in
1422 5381 1545 5437 suis
1594 5382 1856 5438 ecclesiis
1898 5391 2101 5440 canta-

459 5474 609 5535 rent,
640 5469 1017 5539 proutjustis
1047 5474 1104 5523 et
1134 5468 1479 5524 necessariis
1512 5469 1583 5524 de
1619 5470 1816 5526 causis
1848 5473 2101 5542 majores

465 5554 727 5625 ipsorum
761 5555 818 5610 id
855 5555 1275 5612 instituissent.
1300 5556 1715 5614 Praestitissent
1746 5559 1889 5613 mihi
1910 5561 2105 5617 videor

2208 4596 2366 4661 patet
2395 4606 2463 4643 ex
2492 4606 2615 4659 cap.
2650 4588 2827 4657 hujus
2862 4585 2993 4640 libri
3028 4588 3113 4652 12,
3149 4604 3260 4656 quo
3296 4592 3569 4641 narratur
3601 4589 3843 4658 impera-

2207 4685 2389 4733 torem
2423 4678 2640 4732 ursisse
2673 4675 3061 4747 patriarcham
3091 4675 3434 4746 (Josephum
3467 4675 3755 4741 videlicet)
3792 4680 3841 4730 et

2208 4768 2493 4840 quosdam
2527 4781 2594 4820 ex
2624 4764 2775 4820 clero
2808 4764 2878 4820 ad
2909 4764 3344 4819 assentiendum
3379 4763 3705 4835 paciquam
3729 4770 3841 4818 tra-

2208 4854 2402 4909 ctabat
2448 4868 2581 4907 cum
2649 4850 2895 4906 ecclesia
2952 4850 3233 4918 Romana,
3268 4850 3733 4922 suifragantibus
3786 4851 3841 4904 in

2210 4942 2319 4997 hoc
2350 4940 2463 5012 ipsi
2494 4938 2903 4995 archidiacono
2940 4938 3326 5004 Meleteniola,
3357 4938 3608 5010 Georgio
3637 4938 3839 5011 Cyprio

2210 5028 2714 5102 protapostolario,
2764 5031 2821 5082 et
2852 5027 2958 5082 hoc
2989 5028 3114 5097 ipso
3161 5026 3467 5094 Holobolo,
3496 5044 3672 5098 quem
3712 5028 3843 5081 inde

2211 5123 2369 5191 patet
2400 5117 2660 5172 nondum
2695 5114 2845 5170 male
2871 5113 3182 5170 multatum
3216 5116 3286 5170 ab
3308 5114 3684 5185 imperatore,
3706 5114 3842 5186 quin

2210 5208 2386 5263 etiam
2419 5206 2475 5259 in
2509 5203 2697 5275 gratia
2724 5207 2866 5258 tunc
2891 5203 3044 5274 apud
3078 5218 3210 5257 eum
3255 5202 3458 5268 fuisse,
3493 5203 3676 5258 donec
3719 5219 3837 5257 eam

2207 5296 2307 5350 illo
2338 5295 2465 5365 ipso
2496 5294 2783 5347 conventu
2819 5290 3217 5361 imprudentia
3248 5308 3357 5345 sua
3388 5292 3663 5361 perdidit.
3694 5289 3840 5345 Alibi

2208 5385 2381 5441 etiam
2434 5379 2725 5437 observari
2769 5380 3111 5450 scriptorem
3169 5381 3319 5434 hunc
3371 5397 3405 5435 a
3453 5380 3838 5451 Pachymeris,

2211 5488 2385 5544 quem
2415 5467 2749 5540 interpolat,
2783 5472 2976 5522 mente
3007 5469 3296 5522 aberrare.
3332 5468 3443 5522 Sed
3478 5467 3586 5522 hoc
3618 5468 3675 5522 in
3710 5483 3838 5537 spe-

2210 5561 2400 5618 cimen
2432 5557 2635 5615 talium
2667 5556 2900 5612 abunde
2932 5555 3009 5611 sit
3038 5554 3132 5610 hic
3163 5570 3539 5611 memorasse.
