4146 6288
357 345 495 399 1137

1937 345 2160 400 NOTAE.

3608 322 3744 379 1138

427 474 485 522 P.
519 469 642 525 393.
674 468 953 524 Pcenitere
1000 486 1053 523 se
1093 470 1252 540 prius
1284 474 1553 524 actorum.
1588 468 1732 535 Quid
1771 469 1996 523 viderat
2026 470 2078 535 Α
2108 466 2478 537 Hellesponto
2503 464 2814 520 vehemens
2843 460 3105 531 spiraret.
3138 456 3321 511 Hodie
3352 454 3439 508 has
3481 450 3743 540 civitates

358 557 673 611 Ilolobolus
704 558 773 611 de
823 575 965 613 novo
1009 563 1071 611 ut
1116 561 1368 612 mutaret
1415 558 1787 621 sententiam,
1829 561 1881 610 et
1927 573 1994 610 ex

358 646 640 716 probante
674 644 981 699 consilium
1018 645 1575 700 reconciliandarum
1611 643 1993 698 Ecclesiarum

358 741 594 804 repente
625 732 682 786 in
716 735 842 802 ejus
876 733 1036 803 pacis
1070 734 1463 788 adversarium
1498 731 1866 787 mutaretur?
1893 731 1994 785 Ni-

359 821 441 875 hil
475 837 615 875 sane
649 820 761 875 nisi
793 837 854 874 se
896 820 1093 874 minus
1128 820 1443 875 honorifice
1473 836 1649 889 quam
1672 818 1840 874 vellet
1877 824 1995 873 tra-

362 914 579 963 ctatum
611 909 681 962 ab
708 913 988 979 Augusto;
1023 926 1197 979 quam
1232 908 1348 978 ille,
1384 913 1447 963 ut
1476 908 1739 980 putabat,
1789 911 1991 961 contu-

360 995 594 1051 meliam
628 997 1058 1066 perseverantia
1111 997 1170 1051 in
1203 996 1518 1051 schismate
1568 1000 1625 1050 et
1674 994 1993 1066 pervicacia

358 1083 557 1138 ulcisci
591 1085 831 1138 studuit.
850 1085 931 1138 En
947 1100 1061 1154 quo
1094 1084 1301 1155 spiritu
1324 1083 1993 1139 Graecischismaticifer—

356 1175 576 1226 rentur.
609 1176 734 1227 Non
765 1189 862 1227 eos
892 1171 1061 1236 ratio,
1086 1188 1201 1227 non
1234 1172 1571 1240 auctoritas,
1596 1187 1708 1225 non
1733 1170 1990 1225 veritatis

355 1276 512 1325 cura,
546 1259 647 1313 sed
680 1259 913 1314 ambitio
945 1263 1001 1313 et
1033 1260 1307 1329 superbia
1336 1259 1689 1329 privataeque
1734 1258 1990 1313 rationes

355 1347 821 1416 praecipitabant,
876 1347 1002 1417 ipso
1034 1348 1106 1402 iis
1152 1347 1381 1403 addicto
1429 1346 1708 1402 historico
1750 1346 1985 1401 fatente.

355 1436 477 1489 Non
504 1436 583 1490 ita
611 1437 853 1491 Joannis
883 1436 1052 1491 Vecci
1100 1453 1166 1491 ex
1212 1436 1546 1491 adversario
1592 1436 1651 1490 in
1701 1436 1985 1489 fautorem

358 1523 686 1579 Latinorum
715 1525 959 1579 mutatio
990 1525 1235 1595 contigit
1261 1523 1532 1595 superius
1560 1540 1610 1578 c.
1644 1524 1713 1576 25
1730 1526 1981 1589 narrata;

355 1609 453 1664 ille
496 1611 784 1681 siquidem
839 1612 1030 1682 quoad
1084 1612 1309 1683 putavit
1366 1627 1602 1665 causam
1655 1614 1983 1664 Graecorum

354 1700 595 1755 veritate
626 1699 753 1765 niti,
788 1701 1048 1754 modeste
1080 1699 1286 1753 restitit
1316 1698 1652 1769 imperatori
1684 1714 1872 1768 usque
1910 1697 1981 1751 ad

2102 572 2312 609 nomen
2339 556 2451 609 fere
2480 552 2783 622 antiquum
2820 550 2875 603 in
2909 548 3139 618 mappis
3181 540 3601 599 recentioribus
3633 537 3739 591 ob-

2099 645 2310 708 tinent,
2340 644 2579 713 signatas
2618 638 2917 694 vocabulis
2968 636 3166 692 Medon
3213 638 3268 688 ct
3318 632 3513 685 Coron.
3564 628 3734 681 Porro

2100 731 2199 802 qui
2230 731 2423 786 sinum
2454 730 2759 785 Modonem
2809 726 2964 780 inter
2992 729 3047 779 et
3092 726 3370 777 Coronem
3422 718 3599 772 situm
3643 715 3731 768 in-

2099 823 2234 884 trat,
2268 818 2318 873 is
2351 824 2413 872 ut
2443 817 2773 872 Methonem
2803 814 2886 869 sic
2906 818 2961 867 et
3000 813 3277 867 Coronem
3328 805 3587 861 tenuisse
3616 802 3732 857 dici

2099 910 2306 977 potest,
2342 912 2405 961 ut
2437 905 2579 960 nihil
2611 903 2901 975 glossator
2930 899 3153 955 auctori
3185 894 3540 953 contrarium
3590 890 3732 946 alle-

2097 994 2262 1051 verit.

2167 1119 2225 1173 P.
2259 1118 2380 1173 420.
2406 1116 2515 1171 Cui
2558 1114 2797 1170 Μαντιιέιί
2851 1128 3047 1167 nomen
3104 1113 3225 1165 erat
3278 1106 3565 1162 Zachariae
3611 1104 3731 1173 ﬁlio

2097 1207 2240 1261 Puta
2262 1206 2379 1259 haec
2401 1204 2682 1259 Mauuelis
2703 1208 2758 1258 et
2773 1201 3059 1256 Zachariae
3074 1194 3357 1252 vocabula
3374 1191 3732 1265 praenomina

2096 1296 2277 1349 fuisse
2329 1294 2630 1348 hominum
2688 1292 2903 1361 quibus
2953 1301 3263 1342 commune
3315 1284 3435 1337 fore
3484 1282 3731 1335 Cataneaz

2093 1382 2282 1452 gentis
2317 1396 2546 1435 nomen.
2579 1384 2697 1433 Hoc
2729 1378 2881 1432 enim
2907 1375 3218 1429 dicendum
3270 1368 3594 1425 necessario
3645 1366 3726 1419 vi-

2092 1471 2281 1532 detur,
2307 1474 2370 1522 ut
2400 1469 2779 1535 Pachymeres
2819 1481 2950 1519 cum
2985 1467 3239 1532 Gregora
3264 1474 3515 1528 cumque
3563 1456 3724 1510 Duca

2093 1556 2390 1612 Michaelis
2421 1560 2651 1627 nepote,
2693 1556 2863 1623 cujus
2898 1550 3201 1607 historiam
3236 1548 3322 1601 vir
3345 1544 3719 1602 doctissimus

2093 1644 2302 1699 Ismael
2335 1643 2637 1698 Bulialdus
2659 1646 2789 1696 ante
2807 1641 2912 1695 hos
2930 1654 3112 1692 annos
3134 1634 3464 1707 quindecim
3491 1631 3718 1703 primus

2088 1733 2289 1797 edidit,
2322 1733 2644 1799 conveniat,
2677 1728 2967 1799 siquidem
3015 1725 3098 1780 illi
3144 1724 3314 1778 ambo
3365 1723 3573 1776 docent
3617 1719 3717 1771 Mi-

354 1787 785 1888 Be"PBSSi?,‘?eF‘
819 1788 1127 1888 θξπθθπξῗλ,
1154 1788 1251 1841 Ubi
1273 1804 1422 1887 ,νωίο
1466 1804 1568 1857 per
1605 1787 1786 1888 OEH“?
1818 1785 1983 1840 lectis
2012 1814 2061 1878 B
2090 1785 2769 1888 chaelemiPalzeolo’gum
2815 1816 2973 1871 hunc
3032 1818 3298 1868 nostrum
3356 1808 3719 1864 concessisse

355 1876 588 1930 Patrum
620 1876 787 1931 libris
817 1874 967 1930 clare
992 1876 1138 1930 vidit
1168 1876 1472 1945 potiusjus
1492 1891 1621 1930 esse
1644 1875 1981 1929 Latinorum

352 1963 545 2019 statim
581 1964 837 2034 agnitam
869 1963 1167 2018 veritatem
1201 1969 1289 2018 est
1315 1965 1612 2034 professus
1634 1968 1690 2017 et
1721 1970 1984 2017 constan-

352 2051 579 2106 tissime
611 2050 892 2105 defendit.

423 2142 483 2193 P.
516 2138 640 2193 394.
672 2138 953 2192 Intestinis
980 2140 1165 2192 ovium
1188 2139 1305 2207 ipso
1351 2136 1533 2191 adhuc
1578 2135 1708 2205 ﬁmo
1764 2137 1985 2206 refertis

352 2227 617 2297 impliciti
644 2229 946 2296 onustique.
982 2227 1098 2280 Etsi
1124 2226 1272 2280 hanc
1302 2226 1513 2280 foedam
1556 2225 1979 2279 traductionem

354 2317 759 2371 damnatorum
794 2330 895 2384 per
926 2315 1124 2367 urbem
1156 2312 1339 2364 καινὸν
1373 2306 1636 2384 θρίαμϐον
1669 2313 1982 2383 Pachyme-

355 2421 445 2458 res
467 2408 651 2468 vocat,
688 2406 1102 2473 praecesserant
1140 2406 1335 2456 tamen
1367 2402 1495 2471 ejus
1527 2400 1790 2471 exempla
1836 2402 1982 2454 Con-

355 2490 753 2560 stantinOpoli.
786 2488 931 2542 Vide
960 2489 1191 2542 Annam
1225 2491 1598 2553 Comnenam,
1644 2485 1781 2556 quid
1830 2486 1984 2539 676

356 2580 484 2647 ipsa
513 2578 705 2631 simile
736 2576 968 2640 viderit,
999 2575 1363 2628 reiereutem.
1397 2574 1437 2628 Ι.
1469 2591 1550 2628 xu
1576 2573 1875 2639 Alemiadis,
1924 2589 1979 2643 p.

355 2668 458 2719 363
488 2668 578 2720 ed.
614 2670 775 2735 Reg,
809 2663 903 2717 ubi
939 2661 1305 2733 peculiariter
1336 2662 1392 2715 in
1426 2678 1542 2716 rem
1579 2666 1835 2716 nostram
1878 2678 1977 2715 no-

354 2758 439 2807 tat
469 2770 565 2807 eos
599 2751 699 2823 qui
733 2751 839 2805 hoc
873 2750 1041 2804 modo
1074 2750 1663 2805 circumducebantur
1710 2748 1984 2804 habuisse

354 2841 543 2910 capita
576 2839 871 2893 intestinis
902 2838 1074 2893 boum
1102 2837 1415 2908 oviumque
1446 2837 1613 2907 quasi
1646 2838 1716 2891 ad
1769 2836 1981 2891 ridicu-

351 2928 472 2982 lum
505 2932 777 2982 ornatum
826 2928 1051 2981 cincta:
1095 2925 1202 2984 Τὰς
1253 2920 1309 2977 δὲ
1348 2922 1608 2999 κεφαλὰς,
1657 2924 1867 2995 inquit,
1901 2921 1986 2977 ἐν-

349 3016 587 3078 τοσθίοις
646 3015 792 3088 βοῶν
848 3012 936 3068 καὶ
988 3007 1273 3086 προϐάτων
1313 3012 1520 3073 ταινίας
1571 3008 1724 3081 δίκην
1772 3012 1983 3082 κοσμή-

352 3123 550 3163 σαντες.
589 3105 652 3158 In
685 3104 904 3174 optimo
938 3119 1046 3156 ms.
1086 3101 1417 3171 Pugetiano,
1449 3117 1581 3155 cum
1616 3117 1730 3171 quo
1770 3101 1983 3156 editam

344 3192 469 3262 jam
501 3192 833 3247 Alexiadem
868 3190 1085 3246 contuli
1119 3194 1174 3244 et
1205 3189 1335 3260 plus
1391 3205 1565 3260 quam
1628 3188 1785 3243 mille
1842 3186 1984 3243 locis

350 3280 674 3345 emendavi,
704 3279 917 3350 legitur
952 3277 1480 3347 κατακοσμήσαντες.

424 3371 484 3422 Ρ.
534 3370 656 3422 397.
704 3366 843 3441 Πρὸς
895 3365 1152 3435 Μεθώνην
1210 3365 1468 3439 γίνονται.
1528 3365 1618 3420 Sic
1684 3369 1983 3420 contextus

354 3456 532 3511 trium
566 3456 740 3509 simul
775 3457 1061 3509 codicum:
1085 3456 1184 3509 sed
1221 3456 1274 3509 in
1322 3454 1634 3509 Barberino
1668 3470 1847 3524 supra
1873 3456 1979 3505 Me-

357 3541 533 3610 θώνην
565 3544 883 3613 ascriptum
930 3543 988 3597 in
1023 3542 1230 3613 glossre
1272 3544 1505 3597 modum
1543 3540 1803 3613 Κορώνην
1835 3540 1981 3611 legi-

358 3647 514 3685 mus.
560 3632 673 3684 lloc
702 3632 771 3684 ab
804 3630 1030 3685 erudito
1062 3630 1266 3685 lectore
1294 3630 1557 3685 additum
1592 3636 1865 3700 putamus
1909 3630 1981 3683 ad

355 3718 807 3789 przsvertendam
858 3718 1295 3785 ambiguitatem
1330 3760 1346 3785 ,
1388 3735 1513 3788 qua:
1557 3726 1750 3788 posset
1807 3718 1981 3787 objici

355 3809 551 3863 minus
583 3808 768 3862 cautis
801 3825 832 3861 a
861 3807 1138 3862 vocabulo
1189 3806 1473 3875 Μεθώνης.
1527 3810 1641 3862 Isto
1690 3808 1845 3861 enim
1880 3824 1979 3861 no-

354 3896 508 3950 mine
536 3900 622 3949 est
655 3897 793 3949 urbs
822 3896 1073 3949 Thraciae
1103 3896 1254 3963 apud
1288 3894 1525 3949 Suidam
1551 3899 1606 3948 et
1624 3895 1980 3964 Stephanum

350 3984 489 4037 item
525 3984 635 4036 alia
666 3983 1014 4037 Macedonia:
1047 3985 1103 4037 in
1138 3982 1450 4053 Magnesia,
1475 3983 1642 4050 cujus
1671 3981 1984 4035 meminere

350 4070 738 4139 Thucydides,
769 4070 995 4137 Strabo,
1034 4068 1384 4138 Stephanus,
1435 4068 1677 4133 Plinius,
1709 4073 1817 4121 etc.
1868 4072 1982 4121 Me-

353 4160 567 4212 thonen
603 4159 775 4211 etiam
811 4158 866 4211 in
900 4157 1196 4211 Thessalis
1238 4162 1518 4211 memorat
1552 4156 1887 4225 Hesychius,
1910 4154 1983 4208 il-

356 4246 470 4300 lam
506 4246 650 4300 forte
682 4246 750 4299 de
804 4262 918 4316 qua
966 4245 1180 4300 Seneca
1228 4245 1401 4299 choro
1453 4250 1617 4299 actus
1652 4244 1681 4297 4
1724 4243 1986 4298 Troadum

358 4335 448 4387 his
482 4334 779 4389 versibus:

602 4449 684 4502 An
724 4450 984 4518 frequens
1014 4450 1190 4503 rusei:
1228 4447 1434 4502 leuibus
1465 4448 1733 4512 Methone,

610 4509 744 4588 Quae
775 4509 873 4573 sub
904 4518 1099 4575 OEtwis
1132 4519 1401 4574 latebrosa
1429 4519 1606 4586 silvis,
1638 4509 1729 4572 etc
1974 4544 1975 4549 η
2013 4509 2060 4574 Ι)

359 4634 528 4689 Nulla
560 4651 728 4706 porro
763 4634 975 4690 harum
1026 4634 1084 4688 in
1119 4633 1273 4688 hunc
1323 4633 1514 4687 locum
1547 4633 1834 4702 quadrat:
1870 4648 1983 4686 non

358 4724 510 4776 cnim
537 4729 832 4793 provectos
862 4741 896 4777 a
925 4721 1108 4777 Malea
1140 4722 1399 4777 Laconia;
1431 4720 1822 4792 promontorio
1854 4720 1985 4775 Hel-

360 4809 676 4879 lcspontias
706 4814 914 4866 ventus
947 4809 1142 4880 ,plenis
1190 4809 1332 4864 velis
1383 4825 1484 4880 per
1528 4814 1707 4865 totam
1759 4813 1984 4863 noctem

361 4896 680 4964 impellant,
710 4898 862 4967 quod
895 4898 987 4953 hic
1018 4898 1249 4963 dicitur,
1287 4895 1573 4966 appellere
1605 4902 1754 4951 retro
1799 4897 1987 4967 potuit

364 4982 419 5034 in
454 4984 842 5038 Macedoniam
874 4991 976 5039 aut
1018 4985 1347 5040 Thraciam.
1384 4985 1486 5039 Est
1529 5001 1664 5055 ergo
1713 4985 1831 5039 haec
1875 4989 1985 5037 Με-

364 5068 505 5137 θώνη
543 5086 716 5139 quam
751 5073 1065 5127 Pausanias
1089 5071 1359 5139 Μοθώνην
1415 5072 1639 5139 scribit,
1692 5072 1988 5128 Messeniis

364 5160 503 5213 urbs
537 5158 823 5213 maritima
853 5159 907 5212 in
945 5161 1169 5215 modico
1217 5160 1632 5230 promontorio,
1667 5161 1759 5215 cui
1791 5162 1989 5215 adver-

362 5264 489 5300 sum
525 5246 679 5300 aliud
716 5253 961 5317 angusto
993 5247 1121 5301 siuu
1151 5249 1498 5316 diremptum
1519 5248 1987 5308 (Ioroneinsidet.

364 5335 473 5390 alia
506 5335 666 5403 urbe,
700 5335 782 5406 [P.
818 5335 945 5406 474]
973 5337 1140 5403 cujus
1173 5344 1473 5407 propterea
1504 5335 1857 5391 mentionem
1890 5352 1990 5406 Op-

365 5430 613 5491 portune
643 5425 904 5494 suggerit
933 5422 1225 5494 glossema
1256 5440 1366 5478 non
1398 5424 1603 5479 inutile
1629 5426 1699 5479 ad
1722 5426 1991 5479 determi-

364 5512 624 5565 naudum
656 5513 725 5566 de
758 5528 873 5582 qua
896 5510 1162 5567 Methone
1194 5511 1287 5565 hic
1316 5516 1560 5583 agatur:
1594 5528 1727 5566 nam
1752 5512 1811 5566 in
1843 5512 1991 5567 hanc

364 5619 477 5657 non
511 5602 908 5659 inverisimilis
939 5620 1146 5660 cursus
1177 5620 1211 5660 a
1238 5600 1422 5659 Malea
1452 5601 1562 5659 fuit
1587 5606 1760 5659 vento
1788 5604 1888 5675 qui
1919 5602 1991 5658 ab

2086 1909 2385 1964 Phocaeam
2417 1906 2704 1961 Gotaneis.
2739 1907 2816 1960 Ac
2856 1903 3139 1974 Gregoras
3193 1900 3425 1969 quidem
3469 1898 3578 1952 sub
3607 1895 3717 1950 ini-

2085 1997 2231 2050 tium
2268 1995 2398 2049 libri
2420 2011 2559 2064 xi,p.
2589 1994 2718 2060 239,
2745 2008 2920 2061 agens
2948 1992 3017 2044 de
3034 1990 3249 2044 Catane
3279 1987 3524 2043 Phocea:
3556 1985 3718 2056 prin-

2085 2084 2231 2154 cipe,
2256 2094 2309 2138 et
2335 2098 2469 2137 eum
2520 2080 2850 2153 Mitylenem
2898 2084 3038 2133 tunc
3093 2090 3407 2146 occupasse
3467 2075 3721 2129 referens

2087 2172 2145 2226 in
2168 2188 2415 2242 eamque
2437 2170 2826 2240 immigrasse,
2867 2166 3134 2238 prasidio
3155 2169 3350 2219 tamen
3371 2162 3559 2217 valido
3584 2160 3726 2216 Pho-

2087 2275 2212 2314 caste
2245 2260 2467 2325 relicto,
2519 2258 2718 2313 statim
2775 2254 3011 2311 subdit:
3060 2251 3276 2325 Κλῆρος
3332 2247 3377 2304 δ’
3432 2248 3579 2319 αὐτῷ
3627 2267 3725 2301 πε-

2086 2344 2319 2418 ριελθὼν
2366 2346 2431 2412 ἦν
2482 2344 2587 2399 ἀπὸ
2627 2344 2913 2417 προγόνων
2944 2346 2979 2412 ἡ
3013 2342 3237 2396 Φώκαια
3261 2340 3396 2412 πρὸς
3421 2341 3517 2391 τοῦ
3570 2337 3723 2411 βασι-

2086 2431 2225 2495 λέως
2274 2432 2362 2488 καὶ
2412 2434 2635 2487 πάππου
2680 2437 2777 2487 τοῦ
2830 2430 3097 2508 βασιλέως
3145 2430 3290 2508 σφίσι
3343 2427 3558 2492 δοθεῖσα
3603 2425 3723 2480 ἐπι-

2082 2527 2293 2596 τροπῆς
2339 2516 2489 2575 ἓνεκα
2538 2520 2628 2574 καὶ
2687 2520 2989 2595 χρημάτων
3036 2523 3183 2577 677
3232 2519 3376 2578 τινὸς
3420 2519 3718 2591 πορισμοῦ.

2087 2610 2178 2663 Διὸ
2207 2608 2297 2662 καὶ
2354 2608 2489 2662 κατά
2542 2608 2779 2683 χρόνους
2833 2607 3058 2668 τακτοὺς
3114 2609 3166 2661 οἱ
3220 2605 3421 2675 ταύτης
3473 2605 3716 2680 ἐφορείαν

2086 2695 2470 2770 διαδεχόμενοι
2532 2698 2817 2771 γράμματι
2887 2694 3191 2770 βασιλικοῖς
3245 2696 3586 2756 ἆνανεοῦντες
3638 2693 3717 2746 ἀεὶ

2087 2782 2361 2839 διετέλουν
2387 2786 2486 2852 τήν
2520 2781 2667 2838 δόσιν
2695 2789 2792 2838 τοῦ
2820 2782 3056 2858 κλήρου,
3074 2788 3184 2840 etc.
3209 2784 3466 2847 Quorum
3490 2798 3726 2838 summa

2087 2879 2196 2940 est,
2254 2874 2552 2940 Catanem,
2595 2874 2692 2944 qui
2728 2874 2836 2928 sub
2895 2871 3224 2928 Andronico
3282 2870 3515 2941 juniore
3563 2870 3725 2940 prin-

2087 2979 2223 3034 ceps
2264 2962 2512 3017 Phocaeae
2578 2966 2721 3031 erat,
2767 2977 2901 3016 eum
2962 2960 3350 3032 principatum
3400 2958 3725 3013 obtinuisse

2089 3049 2452 3105 hereditario
2481 3052 2615 3119 jure
2659 3050 3078 3104 transmissum
3110 3065 3143 3103 a
3196 3048 3322 3103 suis
3379 3046 3723 3116 majoribus,

2015 3160 2058 3227 ρ
2089 3139 2305 3209 quibus
2336 3137 2517 3227 illum
2548 3137 2866 3227 imperator
2908 3134 3722 3227 proavusAndroniciIunio-

2094 3227 2171 3282 ris
2204 3226 2339 3298 (fuit
2366 3226 2416 3280 is
2446 3224 2688 3281 Michael
2714 3224 3072 3295 Palmologus
3092 3224 3267 3294 prior)
3294 3222 3467 3277 certis
3498 3222 3724 3293 legibus

2090 3313 2149 3368 in
2225 3315 2486 3383 feudum,
2565 3318 2629 3367 ut
2693 3312 3018 3384 loquuntur
3080 3310 3478 3367 concessisset.
3538 3310 3724 3373 Quare

2091 3402 2321 3471 quoties
2352 3402 2410 3456 in
2444 3417 2511 3456 eo
2545 3401 2870 3473 principatu
2896 3400 2999 3455 ﬁlii
3030 3400 3295 3472 patribus
3325 3399 3724 3467 succederent,

2090 3488 2347 3560 diploma
2376 3490 2742 3561 imperatoris
2772 3490 3080 3560 impetrare
3109 3487 3241 3543 illos
3258 3488 3579 3558 oportebat,
3605 3501 3721 3557 quo

2088 3577 2148 3631 in
2179 3577 2353 3631 istius
2401 3577 2681 3647 dynastiaa
2713 3577 3030 3648 legitimam
3056 3575 3485 3647 possessionem
3527 3574 3720 3628 mitte-

2090 3669 2311 3720 rentur.
2346 3665 2428 3718 Ita
2458 3664 2537 3718 ibi
2567 3664 2868 3735 Gregoras.
2904 3667 3091 3720 Ducas
3123 3669 3315 3718 autem
3359 3680 3408 3717 c.
3438 3664 3507 3716 ‘20
3557 3663 3723 3730 Hist.,

2092 3771 2147 3825 p.
2175 3752 2245 3805 89
2274 3753 2363 3807 ed.
2404 3752 2541 3822 Reg.
2576 3751 2660 3806 sic
2689 3752 2900 3806 habet:
2934 3752 3019 3805 ’Ev
3051 3755 3170 3812 ταῖς
3223 3748 3457 3824 ἡμέραις
3515 3746 3570 3801 δὶ
3624 3751 3723 3802 τοῦ

2092 3838 2357 3914 βασιλέως
2417 3836 2646 3911 Μιχαὴλ
2700 3841 2796 3890 τοῦ
2853 3835 3233 3911 Παλαιολόγου
3268 3882 3282 3905 ,
3339 3841 3435 3890 τοῦ
3490 3840 3721 3908 πρῶτως

2092 3926 2507 4002 βασιλεύσαντος
2557 3924 2607 3979 ὲν
2656 3923 3081 3997 Παλαιολὸγοις,
3130 3923 3300 3992 ἦλθόν
3347 3944 3490 3984 τινες
3521 3921 3723 3978 Ἰταλοὶ

2088 4015 2360 4075 αἰτοῦντες
2388 4014 2449 4067 τὸ
2480 4010 2610 4086 ὅρος
2638 4015 2783 4084 (agit
2813 4016 2882 4069 de
2917 4019 3111 4069 monte
3160 4014 3453 4083 Phocidis)
3498 4010 3724 4078 δοθῆναι

2091 4103 2300 4161 αὐτοῖς.
2363 4101 2452 4155 καὶ
2512 4095 2806 4172 λαμϐάνειν
2864 4103 2979 4154 κατ’
3038 4099 3154 4162 ἔτος
3210 4101 3271 4154 τὸ
3329 4098 3719 4176 συμφωνηθέν.

2090 4194 2396 4260 Imperante
2436 4191 2700 4245 Michaele
2747 4190 3077 4261 Polaeologo,
3130 4206 3189 4245 eo
3245 4189 3342 4261 qui
3398 4190 3609 4260 primus
3666 4192 3726 4244 in

2090 4280 2315 4335 domum
2337 4280 2697 4349 PoLrologam
2729 4278 3024 4349 imperium
3053 4278 3265 4345 intulit,
3298 4282 3562 4333 venerunt
3602 4280 3723 4349 qui-

2090 4370 2214 4423 dam
2250 4368 2376 4423 Itali
2422 4372 2659 4439 petentes
2707 4371 2946 4421 montem
2993 4367 3241 4423 Phocaeae
3284 4367 3391 4421 sibi
3442 4366 3567 4421 dari
3621 4368 3723 4421 sub

2087 4455 2458 4527 pensitatione
2482 4455 2662 4510 annui
2706 4457 2920 4510 tributi.
2973 4460 3101 4509 Haec
3141 4456 3351 4523 Ducas,
3400 4456 3498 4526 qui
3539 4471 3723 4526 quan-

2094 4562 2266 4616 quam
2300 4545 2394 4598 hic
2427 4562 2537 4598 non
2572 4544 2838 4599 nominat
2868 4543 3011 4598 istos
3052 4543 3245 4611 Italos,
3280 4543 3451 4614 paulo
3482 4544 3727 4598 inferius

2095 4638 2290 4687 tamen
2344 4631 2564 4685 indicat
2619 4647 2717 4686 eos
2766 4648 2796 4685 e
2853 4638 3019 4699 gente
3049 4632 3299 4687 Catanea
3333 4632 3533 4697 fuisse,
3585 4632 3726 4685 dum

2095 4721 2331 4776 scribit:
2364 4720 2531 4773 Ἦσαν
2566 4714 2623 4771 δὲ
2670 4718 2721 4771 οἱ
2754 4716 3005 4791 ῥηθέντες
3034 4726 3131 4787 τῆς
3160 4717 3375 4780 πόλεως
3425 4719 3566 4790 (νέας
3599 4725 3725 4772 Φω-

2094 4806 2267 4879 καίας)
2326 4807 2587 4879 κτήτορες
2641 4804 2698 4860 ἐκ
2747 4810 2854 4861 τῶν
2911 4805 3194 4863 Κατανέων
3258 4812 3554 4875 Γενουῖται,
3598 4808 3725 4863 Ἀν-

2097 4892 2253 4969 δρὲας
2307 4895 2395 4947 καὶ
2451 4888 2748 4963 Ἰάκωϐος,
2807 4901 2915 4951 etc.
2976 4898 3146 4951 Erant
3202 4905 3380 4952 autem
3438 4899 3727 4952 memorati

2097 4984 2249 5039 urbis
2288 4998 2444 5039 novae
2492 4983 2736 5039 Phocaeae
2777 4984 2990 5039 domini
3034 5001 3063 5039 e
3118 4985 3377 5041 Cataneis
3427 4984 3725 5041 Cannenses

2096 5073 2335 5127 Andreas
2381 5076 2432 5127 et
2474 5073 2723 5136 Iacobus,
2784 5075 2991 5143 posteri
3044 5073 3310 5128 videlicet
3346 5072 3581 5127 illorum
3627 5075 3728 5126 aut

2098 5160 2257 5214 illius
2288 5160 2386 5229 qui
2412 5176 2543 5213 cum
2576 5159 2855 5214 Michaele
2899 5160 3212 5231 Palzeologo
3244 5161 3417 5231 priori
3459 5160 3527 5214 de
3561 5176 3728 5213 mon-

2098 5248 2173 5301 tis
2200 5248 2448 5301 Phocaeae
2481 5247 2737 5302 dominio
2766 5254 3140 5319 transegerat.
3175 5250 3334 5304 Unde
3382 5246 3731 5318 intelligitur

2100 5337 2255 5390 hunc
2303 5337 2474 5405 cujus
2523 5337 2793 5391 meminit
2840 5337 2947 5390 hoc
2995 5337 3116 5392 loco
3177 5337 3579 5407 Pachymeres,
3629 5335 3727 5403 qui

2100 5424 2326 5494 primus
2360 5430 2617 5478 montem
2660 5424 2925 5479 Phocidis
2946 5424 3226 5478 beneficio
3256 5424 3627 5493 imperatoris
3656 5425 3729 5477 ob

2100 5511 2299 5581 tinuit,
2324 5511 2651 5567 Manuelem
2677 5512 2982 5567 Cataneam
3008 5511 3188 5567 fuisse
3218 5516 3504 5570 vocatum,
3544 5510 3725 5566 tilium

2100 5598 2386 5656 Zacharias
2425 5599 2685 5657 Cataneaa
2714 5600 2835 5655 sive
2856 5599 3108 5655 Catanei.
3142 5597 3483 5669 Reperimus
3514 5602 3570 5654 et
3616 5599 3725 5654 Ca-
