4146 6288
475 346 615 402 1139

1516 352 1580 402 Ρ.
1621 349 1895 404 POSSINI
1932 347 2536 403 OBSERVATIONUM
2573 349 2706 401 LIB.
2747 352 2819 401 II.

3725 349 3870 404 1140

473 471 716 528 telusios
745 477 1018 527 vocatos:
1055 480 1190 526 nam
1219 472 1318 543 qui
1351 471 1518 527 multi
1552 473 1612 526 in
1655 471 1916 527 historiis
1966 471 2104 526 cite-

2218 474 2336 530 τοῖς
2420 467 2607 540 ἄκροις
2675 473 2783 523 τῶν
2855 467 3142 544 ὑποδόχων
3214 472 3438 548 ἀγγείων
3486 470 3870 545 πεπαγομένος

479 560 653 615 rioris
682 561 868 615 aetatis
897 551 1744 631 Catelusiorumappellatione
1776 576 2105 616 memoran-

473 648 590 714 tur,
615 664 683 702 ex
711 649 912 703 eadem
946 665 1078 702 cum
1114 647 1377 702 Cataneis
1404 664 1531 702 esse
1565 646 1784 702 familia
1813 652 1969 701 certo
1991 645 2108 701 col-

473 735 678 805 ligitur
707 752 774 789 ex
827 734 1134 790 collatione
1190 736 1481 790 variorum
1541 734 1800 790 locorum
1848 735 2105 800 Villanii,

476 823 706 878 Laonici
749 828 804 877 et
834 823 1079 878 aliorum
1114 823 1522 879 historicorum
1553 823 1653 892 qui
1701 840 1793 876 res
1824 823 2106 892 quingen-

474 916 667 966 torum
701 915 849 965 retro
880 928 1162 965 annorum
1198 911 1414 980 scripto
1446 910 1728 981 complexi
1788 915 1946 963 sunt.
1993 909 2107 963 Neo

477 1017 619 1054 nova
651 1015 742 1054 res
773 1004 859 1053 est
886 999 1099 1053 mutari
1130 998 1349 1069 aliquid
1383 999 1440 1052 in
1477 998 1814 1052 nominibus
1865 1005 2106 1067 magna-

477 1101 608 1142 rum
629 1088 1075 1154 domuum,cum
1094 1087 1232 1140 olim
1254 1087 1510 1141 sciamus
1527 1086 1798 1141 Cloantos
1817 1084 1876 1138 in
1900 1083 2105 1138 Cluen-

474 1176 608 1242 tios,
641 1176 849 1230 Lamos
879 1177 937 1228 in
975 1175 1221 1240 Lamias,
1255 1174 1498 1228 Clausus
1529 1174 1586 1228 in
1611 1173 1881 1228 Claudios
1903 1177 1959 1226 et
1979 1172 2104 1226 Clo-

474 1263 620 1328 dios,
656 1262 994 1317 Hortensios
1025 1263 1202 1316 etiam
1229 1263 1283 1314 in
1317 1261 1583 1316 Hortalos
1609 1261 1912 1326 transisse,
1950 1258 2106 1313 nullo

473 1349 532 1404 id
565 1349 624 1402 in
656 1355 1070 1419 argumentum
1109 1350 1370 1403 trahente
1421 1348 1651 1403 familiae
1707 1349 1983 1413 diversae;
2045 1351 2109 1401 ut

473 1438 741 1492 omittam
771 1437 992 1491 similia
1022 1436 1275 1507 plurima
1306 1437 1523 1507 passim
1554 1439 1856 1490 observata
1887 1435 1945 1489 in
1987 1451 2107 1489 me-

473 1526 659 1581 moria
689 1526 1072 1581 recentiorum
1106 1527 1364 1595 adeoque
1412 1524 1582 1579 hodie
1612 1524 1931 1594 vigentium
1964 1523 2105 1577 stir-

471 1614 657 1685 pium.
682 1614 803 1668 Non
827 1613 980 1668 enim
1002 1614 1091 1668 his
1112 1613 1409 1668 immorari
1436 1614 1596 1668 locus
1620 1618 1719 1666 aut
1759 1611 2106 1681 praescriptas

471 1701 770 1757 brevitatis
802 1701 942 1756 sinit
966 1703 1192 1767 modus,
1231 1717 1404 1771 quem
1436 1700 1671 1772 quidem
1723 1701 1850 1768 jam
1909 1715 2108 1754 exces-

2218 558 2245 610 ὁ
2295 559 2476 629 ζωμὸς
2533 558 2619 611 καὶ
2677 559 3044 632 ὑπεραυγίζων
3100 560 3309 632 ὁμοίως
3365 559 3712 635 κρυστάλλῳ,
3748 569 3864 616 etc.

2215 647 2333 702 Hoc
2387 652 2474 702 est
2531 663 2599 702 ex
2657 648 2919 703 versione
2968 649 3256 704 Bulialdi:
3316 652 3378 705 In
3429 651 3685 716 Phocide,
3739 666 3865 720 quae

2216 739 2391 792 Ioniee
2439 735 2670 806 adjacet,
2721 747 2874 791 mons
2921 745 3047 792 erat
3089 738 3304 792 metalli
3348 739 3619 792 aluminis
3661 739 3865 808 ferax;

2217 825 2502 893 cunctique
2546 824 2776 893 lapides,
2824 827 2920 894 qui
2956 827 3017 878 in
3064 827 3262 880 vertice
3304 828 3525 893 montis,
3559 828 3617 880 in
3674 828 3863 896 ignem

2191 912 2475 980 primum,
2531 910 2876 980 postmodum
2925 914 2983 966 in
3040 929 3242 982 aquam
3299 914 3459 968 missi
3511 914 3573 969 in
3629 930 3864 968 arenam

2215 1000 2654 1054 comminantur.
2711 1003 2849 1055 Haec
2889 1015 2960 1053 ea:
3012 1001 3129 1054 istis
3184 1001 3460 1071 lapidibus
3508 1003 3740 1057 collecta
3803 1003 3864 1054 in

2215 1086 2477 1140 cacabum
2508 1104 2647 1157 aqua
2677 1088 2847 1142 mista
2885 1087 3210 1154 demittitur,
3243 1105 3306 1143 ac
3344 1091 3443 1144 ubi
3481 1107 3682 1159 parum
3714 1106 3865 1159 aqua

2216 1175 2419 1242 injecta
2447 1174 2672 1243 ferbuit,
2701 1191 2878 1229 arena
2913 1175 3138 1246 lique/il.
3173 1177 3320 1244 Quod
3347 1177 3571 1232 densum
3613 1181 3695 1232 est
3715 1178 3862 1247 ejus,

2216 1262 2340 1332 ‘oﬂaz
2367 1263 2569 1328 simile,
2603 1261 2672 1315 ad
2726 1263 2946 1315 modum
2977 1263 3136 1317 lactis
3184 1265 3243 1316 in
3304 1280 3519 1318 caseum
3572 1263 3866 1334 coagulati

2215 1353 2496 1404 servatur:
2531 1353 2672 1419 quod
2708 1351 2908 1404 durum
2937 1358 2989 1405 et
3027 1356 3307 1419 terrestre,
3365 1355 3423 1406 ul
3457 1355 3653 1406 inutile
3711 1353 3862 1418 abii-

2216 1437 2378 1491 cilur.
2415 1437 2528 1508 Offa
2556 1451 2679 1491 vero
2707 1439 2807 1492 illa
2838 1441 2898 1492 in
2926 1456 3055 1493 vasa
3088 1438 3289 1508 diffusa
3329 1456 3431 1510 per
3479 1450 3718 1511 quatuor
3744 1441 3863 1496 dies

2217 1525 2278 1580 in
2306 1523 2383 1580 eis
2412 1527 2646 1579 subsidit
2673 1546 2692 1592 ;
2718 1531 3012 1598 posteaque
3050 1528 3197 1581 circa
3226 1543 3357 1582 oras
3399 1544 3641 1582 summas
3699 1545 3858 1584 vaso-

2216 1629 2342 1668 rum
2371 1624 2614 1668 concreta
2644 1613 3034 1685 splendensque
3061 1615 3131 1669 ad
3174 1615 3352 1670 instar
3404 1618 3656 1686 crystalli
3712 1632 3864 1685 repe-

2217 1701 2390 1769 ritur,
2422 1704 2530 1756 etc.
2561 1702 2713 1756 Satis
2763 1702 2916 1756 enim
2978 1702 3100 1758 haec
3158 1708 3296 1757 sunt
3345 1705 3414 1758 ad
3474 1703 3861 1760 indicandum

472 1789 621 1844 sisse
643 1805 736 1844 me
767 1789 1064 1859 paululum
1098 1789 1307 1853 sentio,
1370 1789 1592 1843 scilicet
1641 1787 1832 1842 ofﬁcio
1886 1786 2104 1842 elatum
2142 1799 2187 1879 Β
2219 1789 2389 1844 istius
2423 1790 2512 1844 hic
2561 1791 2863 1844 memorati
2920 1790 3134 1846 laboris
3194 1794 3450 1848 modum.
3503 1795 3856 1858 Quaestuosa

472 1878 621 1948 grati
654 1877 831 1932 animi
865 1894 1002 1948 erga
1026 1877 1304 1932 familiam
1351 1876 1740 1941 nobilissima,
1797 1875 1966 1944 cujus
2021 1891 2111 1928 vs-

478 1971 603 2020 tera
628 1965 1145 2036 illustrissimaque
1178 1971 1408 2020 exstant
1437 1981 1575 2036 erga
1616 1980 1804 2018 meam
1861 1962 2108 2033 patriam

481 2053 727 2110 Galliam
758 2054 891 2109 fidei
921 2054 1453 2124 benevolentiaque
1480 2069 1592 2107 non
1625 2051 1882 2122 vulgaris
1903 2067 2110 2105 monu-

482 2148 698 2198 menta.
736 2142 922 2196 Rufus
963 2141 1196 2212 quippe,
1257 2141 1388 2195 aliis
1455 2140 1744 2206 Rufﬁnus,
1798 2143 2108 2209 Cataneus,

479 2235 863 2301 cognomento
895 2230 979 2298 [P.
1032 2230 1156 2299 475]
1213 2231 1284 2283 de
1343 2229 1525 2296 Volta,
1569 2227 1818 2297 Philippi
1864 2226 2111 2296 Augusti

477 2319 672 2374 Galliae
702 2319 852 2390 regis
876 2318 1337 2374 archithalassus
1358 2318 1491 2382 fuit,
1522 2321 1578 2370 et
1609 2332 1741 2369 eum
1775 2321 1907 2384 post
1935 2329 2111 2384 expu-

473 2413 709 2477 gnatam
741 2409 1019 2461 Accone'm
1045 2405 1369 2474 deportavit
1398 2404 1456 2458 in
1487 2403 1777 2474 Apuliam,
1825 2406 1887 2454 ut
1911 2401 2108 2471 Rigor-

473 2496 582 2548 dus
614 2496 779 2548 docet
807 2494 866 2547 in
909 2493 1056 2548 libro
1113 2496 1184 2548 De
1240 2493 1400 2562 gestis
1456 2490 1705 2560 Philippi
1743 2490 1990 2559 Augusti,
2051 2505 2106 2558 p.

474 2583 594 2638 142.
628 2583 892 2638 Salvator
921 2583 1093 2637 etiam
1125 2582 1329 2636 Vitalis
1361 2583 1420 2634 in
1454 2581 1606 2636 678
1655 2578 1936 2634 Chronico
1977 2577 2111 2631 Cor-

474 2673 606 2727 sicae
638 2671 918 2736 tradit,in
969 2671 1329 2741 expeditione
1361 2671 1416 2724 S.
1480 2668 1753 2724 Ludovici
1803 2683 1920 2738 qua
1957 2665 2109 2736 cepit

473 2759 793 2825 Pelusium,
825 2773 1007 2813 unum
1039 2775 1107 2813 ex
1136 2760 1336 2813 eadem
1368 2758 1548 2827 stirpe
1591 2758 1975 2811 Cataneorum
2037 2753 2108 2807 ds

473 2847 638 2902 Volta
669 2847 818 2902 inter
848 2849 1025 2901 duces
1054 2846 1342 2901 exercitas
1367 2846 1568 2900 fuisse.
1593 2847 1758 2900 Anno
1785 2843 1922 2897 item
1949 2839 2107 2895 Chri-

475 2935 549 2990 sti
581 2936 737 3005 1396,
769 2951 903 2990 cum
935 2933 1259 2990 Genuensis
1292 2949 1383 2988 res
1415 2932 1649 3004 publica
1690 2932 1748 2986 in
1788 2929 1944 2998 gravi
2001 2942 2106 2981 suo

473 3024 731 3094 periculo
757 3022 1152 3077 necessarium
1175 3022 1499 3078 censuisset
1543 3020 1832 3088 subjicere
1886 3033 1948 3072 se
2003 3013 2107 3068 im-

470 3112 631 3182 perio
661 3110 844 3166 Caroli
867 3111 942 3165 VI
975 3111 1128 3181 regis
1159 3109 1380 3173 Galliae,
1418 3108 1636 3162 missus
1658 3107 1726 3158 ad
1753 3105 1918 3160 illum
1943 3119 2104 3159 com-

472 3200 638 3254 muni
667 3198 907 3252 consilio
935 3198 1252 3251 Damianus
1293 3196 1576 3250 Cataneus
1594 3210 1829 3249 summa
1851 3192 2097 3264 pruden-

468 3289 551 3342 tia
609 3287 851 3357 parique
906 3284 1179 3340 felicitate
1237 3283 1535 3354 negotium
1593 3281 1861 3349 confecit,
1921 3279 2100 3336 relato

469 3376 709 3429 domum
740 3389 808 3428 ex
838 3372 996 3443 regia
1025 3372 1215 3442 gratia
1244 3371 1415 3426 titulo
1447 3376 1620 3441 athe
1651 3371 1867 3424 honore
1913 3385 2100 3424 mare-

467 3461 673 3516 sohalli
704 3461 976 3514 Francius.
1011 3461 1522 3529 Perseveravitque
1552 3458 1796 3513 affectus
1827 3458 1884 3512 in
1910 3462 2100 3527 poste-

469 3549 550 3604 ris
581 3566 696 3603 non
727 3548 854 3602 sine
885 3554 1100 3602 mutuae
1128 3564 1369 3618 regnum
1394 3545 2013 3616 benevolentizejsignis
2039 3545 2103 3597 il-

467 3636 786 3704 lustribus;
817 3638 986 3706 quale
1020 3636 1128 3689 fuit
1160 3637 1315 3706 quod
1343 3634 1670 3690 Ludovicus
1702 3635 1824 3699 XlI,
1859 3631 2102 3688 solemni

470 3741 684 3796 pompa
712 3725 972 3779 Genuam
1007 3725 1287 3791 inVeetus,
1315 3723 1512 3778 villam
1538 3722 1836 3778 Laurentii
1866 3721 2103 3776 Catanei

470 3815 596 3882 ejus
627 3813 872 3867 invitatu
907 3813 1334 3866 humanissime
1358 3812 1514 3878 visit,
1541 3810 1890 3866 delectatum
1917 3826 1976 3864 se
1999 3809 2099 3864 bo-'

471 3899 644 3970 spitio
682 3899 1014 3970 gratissime
1064 3901 1391 3969 praeferens.
1444 3903 1632 3964 Quare
1685 3898 1743 3952 in
1801 3897 2102 3953 occasione

472 3989 828 4060 legationum
861 3989 933 4042 ad
958 4005 1121 4057 reges
1164 3987 1418 4042 Francaai
1447 3987 1684 4043 Catanei
1726 4003 1758 4040 a
1784 3985 2102 4041 Genuensi-

470 4077 581 4131 bus
613 4076 978 4147 plerumque,
1014 4081 1077 4130 ut
1123 4076 1201 4129 ibi
1254 4075 1519 4145 gratiosi,
1585 4074 1952 4145 legebantur.
2009 4075 2101 4129 Sis

471 4181 622 4220 anno
655 4165 791 4218 1499
816 4164 1291 4233 Christophorus,
1323 4180 1474 4218 anno
1506 4164 1636 4218 1511
1684 4163 1940 4218 Thomas
1997 4165 2100 4218 Ca-

471 4253 649 4318 tanei,
683 4269 834 4307 anno
868 4252 1004 4306 1513
1037 4252 1188 4306 alius
1210 4251 1347 4305 item
1372 4252 1676 4315 Cataneus,
1704 4251 1876 4323 legati
1903 4251 2102 4307 Genua

473 4341 532 4394 in
564 4340 808 4396 Galliam
840 4341 1067 4397 venisse
1107 4343 1497 4414 reperiuntur.

536 4467 665 4534 Pag.
699 4463 820 4530 420,
856 4466 1134 4520 Aluminis
1168 4467 1391 4536 fodinae.
1420 4465 1562 4530 Quis
1586 4465 1680 4519 hic
1735 4464 1900 4519 labor
1948 4463 2102 4520 esset

475 4557 530 4605 et
559 4555 842 4622 quantum
867 4570 933 4607 ex
964 4569 1028 4608 eo
1059 4552 1312 4622 lucrum,
1345 4553 1625 4608 discimus
1657 4569 1722 4608 ex
1770 4554 1947 4624 Duca,
2001 4555 2098 4624 qui

476 4639 836 4694 domicilium
871 4657 932 4695 se
954 4641 1230 4697 habuisse
1258 4643 1316 4696 in
1341 4643 1454 4697 ista
1485 4659 1630 4696 nova
1653 4643 1892 4696 Phocaea
1924 4643 2097 4707 Profi-

475 4731 622 4796 tens,
647 4744 775 4798 quae
806 4729 977 4783 refert
1005 4738 1296 4798 spectasse
1326 4730 1512 4784 oculis
1552 4731 1843 4785 creditur:
1885 4729 1969 4782 Ἐν
2029 4731 2096 4800 τῇ

474 4811 680 4867 Φωκίδι
712 4818 778 4887 τῇ
811 4816 943 4868 κατὰ
961 4815 1058 4882 τὴν
1093 4817 1294 4870 Ἰωνίαν
1329 4812 1456 4888 δρας
1486 4817 1550 4884 ἧν
1611 4815 1662 4870 ἐν
1723 4815 1767 4888 ᾦ
1827 4813 2096 4888 μέταλλον
2132 4832 2135 4835 ·

471 4901 800 4974 στυπτηρίας
861 4903 1116 4978 ὑπάρχει’
1173 4903 1262 4957 καὶ
1321 4903 1348 4956 ὁ
1406 4903 1559 4966 Λίθος
1591 4903 1727 4965 ἅπας
1774 4909 1871 4972 τῆς
1917 4905 2096 4977 ἀκρω-

469 4989 610 5061 ρείας
668 4992 795 5061 πυρί
853 4993 1292 5064 προσομιλήσας,
1349 4990 1460 5044 εἶτα
1516 4988 1688 5058 ὕδατι,
1748 4989 1822 5051 ὡς
1870 4993 2096 5063 ψάμμος

467 5077 687 5150 γίνεται.
724 5079 835 5145 Τὴν
871 5077 927 5132 δὲ
957 5079 1059 5132 ἀπὸ
1109 5084 1205 5133 τοῦ
1251 5076 1406 5133 λίθου
1435 5078 1727 5151 γενομένην
1760 5080 1984 5150 ψάμμον
2020 5079 2096 5141 εἷς

466 5159 672 5234 λέϐητα
723 5167 1020 5241 βάλλοντες
1052 5166 1143 5220 σὺν
1182 5164 1356 5232 ὕδατι,
1389 5168 1474 5220 καὶ
1509 5165 1882 5241 καχλάζοντος
1913 5167 1973 5221 οὗ
2003 5169 2096 5222 τό-

466 5274 578 5324 σον,
611 5255 644 5322 ἡ
679 5254 943 5328 βληθεῖσα
991 5256 1218 5328 ψάμμος
1250 5252 1546 5309 διαλύεται·
1597 5255 1684 5308 καῖ
1715 5255 1776 5308 τὸ
1822 5255 1914 5326 μὲν
1947 5253 2097 5330 παχὺ

465 5341 553 5394 καὶ
613 5341 870 5403 οὐσιῶδες
931 5343 1096 5412 αὐτῆς
1154 5341 1203 5396 ἐν
1254 5347 1333 5413 τῷ
1386 5347 1552 5414 ζωμῷ
1613 5345 1772 5414 μένον
1835 5343 1909 5407 ὡς
1957 5343 2100 5417 γάλα

465 5427 725 5502 τυρῶδες,
769 5431 830 5484 τὸ
879 5431 1038 5504 ξηρὸν
1084 5430 1171 5484 καὶ
1218 5427 1415 5506 γεῶδες
1472 5429 1638 5498 αὐτῆς
1679 5426 1779 5500 ἔξω
1824 5431 2100 5504 ῥίπτουσιν

471 5517 544 5578 ὡς
590 5515 887 5591 ἄχρηστον·
943 5520 1032 5572 τὸν
1085 5516 1141 5572 δὲ
1175 5521 1352 5590 ζωμὸν
1406 5519 1482 5579 είς
1533 5518 1733 5592 σκάφας
1775 5522 2101 5583 κενώσαντες

472 5603 631 5679 ἄχρις
681 5610 902 5680 ἡμερῶν
951 5607 1217 5682 τεσσάρων
1273 5605 1656 5683 παραδρομὴν,
1689 5609 1990 5684 εὑρίσκεται
2045 5595 2097 5666 ἓν

2228 1881 2392 1947 pcrro
2449 1877 2839 1934 distractionis
2896 1879 3071 1949 hujus
3129 1880 3338 1934 mercis
3385 1897 3618 1935 causam
3670 1881 3863 1936 Ducas

2227 1981 2358 2019 mox
2389 1971 2689 2035 memorat,
2723 1967 2877 2036 quod
2910 1966 3145 2021 alumen
3179 1967 3529 2022 tinctoribus
3587 1984 3863 2023 necessa-

2227 2054 2378 2107 rium
2409 2054 2520 2109 sit:
2570 2058 2721 2106 ’Ἐστι
2781 2050 2838 2106 δὲ
2895 2052 3180 2127 ἀναγκαῖον
3237 2060 3432 2129 χρῆμα
3491 2052 3859 2116 δευσοποιοῖς.

2223 2145 2355 2204 Quae
2388 2143 2740 2197 confirmant
2765 2143 2820 2196 id
2855 2144 3004 2213 qUod
3033 2147 3229 2198 noster
3251 2143 3419 2213 paulo
3444 2145 3691 2200 inferius
3723 2147 3866 2200 scri-

2224 2229 2345 2284 bit:
2379 2230 2506 2283 lnde
2533 2230 2800 2299 siquidem
2834 2230 2945 2284 vim
2996 2231 3212 2302 inferre
3261 2249 3519 2300 magnam
3579 2233 3672 2287 illi
3726 2233 3863 2303 (Ge-

2224 2319 2497 2387 nuenses)
2528 2323 2853 2372 consuerant
2883 2318 3046 2374 istius
3079 2319 3273 2374 mercis
3304 2320 3630 2392 (aluminis)
3658 2322 3861 2376 vendi-

2223 2404 2352 2458 bilis
2385 2407 2686 2474 inprimis,
2746 2409 3008 2477 quoniam
3061 2406 3335 2478 plurimus
3378 2413 3541 2479 prout
3599 2410 3862 2480 hodieque

2220 2492 2488 2559 cernitur,-
2507 2495 2621 2559 eius
2648 2507 2779 2548 usus
2807 2499 2884 2548 est
2915 2495 2974 2548 in
3001 2497 3204 2565 pannis
3231 2513 3260 2550 e
3317 2497 3447 2550 lana
3478 2505 3628 2552 texta
3685 2501 3861 2554 colore

2217 2579 2374 2634 vario
2402 2580 2553 2634 679
2573 2581 2834 2649 iucundis
2868 2583 2965 2636 His
2996 2584 3270 2638 omnibus
3293 2585 3441 2638 addo
3465 2585 3855 2640 Cataneorum

2217 2665 2680 2736 imperitantium
2712 2668 2961 2723 Phocaeae
2995 2671 3348 2725 mentionem
3393 2674 3568 2726 etiam
3629 2679 3856 2728 exstare

2218 2752 2371 2824 apud
2431 2754 2919 2821 CantaCuzenum,
2974 2756 3014 2810 Ι.
3043 2774 3106 2826 II,
3149 2774 3178 2812 c
3206 2759 3298 2825 29,
3345 2759 3533 2829 p.290
3553 2762 3647 2814 ed.
3691 2761 3854 2832 Reg,

2217 2841 2316 2895 ubi
2339 2842 2626 2910 eamdem,
2662 2847 2725 2896 ut
2755 2847 3011 2912 apparet,
3063 2855 3182 2898 rem
3234 2862 3480 2901 narrans
3511 2863 3695 2917 quam
3753 2865 3851 2903 su-

2217 2929 2412 2998 pbrius
2444 2928 2747 2983 retulimus
2779 2945 2808 2983 e
2831 2931 3106 3001 Gregdra,
3141 2931 3444 3004 Mitylenes
3460 2933 3737 2989 videlicet
3764 2951 3847 2989 oc-

2215 3015 2580 3086 cupationem
2616 3023 2717 3086 "per
2738 3018 3018 3073 cataneos
3046 3018 3292 3074 Phocaeae
3332 3020 3560 3090 regulos
3619 3022 3845 3089 factam,

2213 3101 2272 3157 in
2304 3119 2369 3158 eo
2402 3104 2631 3158 videtur
2661 3117 2694 3158 a
2737 3108 2989 3175 Gregora
3025 3106 3379 3177 discrepare,
3420 3109 3571 3178 quod
3632 3109 3851 3163 factum

2211 3189 2266 3246 id
2303 3191 2604 3247 Dominicu
2637 3194 2884 3248 Cataniaa
2917 3195 3114 3250 Adreaa
3172 3196 3286 3251 filis
3345 3196 3571 3263 tribuit,
3604 3213 3716 3252 non
3749 3215 3853 3252 au-

2203 3288 2317 3335 tem
2341 3279 2452 3351 ipsi
2485 3282 2722 3335 Andreae
2762 3283 2817 3336 et
2837 3281 3051 3337 Jacobo
3079 3284 3207 3352 ejus
3234 3285 3415 3338 fratri.
3459 3285 3650 3340 Verba
3698 3284 3851 3339 Can-

2201 3369 2463 3422 taeuzeni
2537 3368 2660 3423 haec
2717 3373 2893 3424 sunt:
2943 3357 3274 3443 Ἠγγὲλλετο
3333 3371 3407 3432 ὡς
3469 3363 3758 3443 Δομὲνικος
3817 3372 3847 3424 ὁ

2202 3451 2457 3526 Ἀνδρέου
2507 3459 2604 3508 τοῦ
2663 3455 2919 3526 Κατανία,
2978 3457 3038 3520 ὃς
3092 3465 3192 3526 τῆς
3240 3459 3362 3519 νέας
3417 3457 3671 3519 Φωκαίας
3700 3460 3846 3532 ἦρχε

2207 3539 2473 3615 βασιλέως
2525 3541 2856 3618 παραδόντος
2906 3547 3040 3598 κατᾶ
3070 3547 3254 3620 χάριν,
3303 3550 3399 3600 τοῦ
3444 3548 3647 3620 πατρὸς
3691 3547 3839 3616 αὐτῷ

2200 3631 2562 3691 ἀποθανόντος
2611 3631 2962 3705 κληρονόμος
2991 3640 3092 3702 τῆς
3134 3633 3318 3696 οὐσίας
3346 3638 3630 3704 καταστὰς,
3661 3633 3835 3689 πλού-

2202 3737 2316 3778 σιος
2359 3715 2416 3771 δὲ
2465 3719 2555 3786 ἦν,
2601 3724 2719 3779 τοῖς
2773 3722 3022 3792 χρήμασι
3077 3721 3333 3798 φυσηθεὶς
3382 3717 3581 3776 Λέσϐον
3623 3721 3836 3792 διανοη-

2204 3806 2319 3874 θείη
2392 3806 2674 3878 Ῥωμαίων
2729 3807 3065 3884 ἀφελόμενος
3121 3807 3258 3864 ἰδίαν
3324 3812 3496 3881 ἑαυτῷ
3548 3813 3836 3884 περιποιή-

2205 3905 2390 3957 σασθαι
2431 3895 2755 3968 ἠγεμονίαν,
2779 3903 2837 3952 et
2863 3904 3066 3953 caetera
3097 3908 3223 3970 quae
3255 3900 3335 3954 ibi
3363 3900 3551 3970 pergit
3581 3917 3835 3966 narrare,

2204 3983 2422 4053 quibus
2451 3988 2675 4056 egregie
2705 3989 3132 4044 conﬁrmantur
3161 4006 3287 4060 quae
3338 3991 3408 4044 de
3457 3989 3708 4046 Phocaea
3737 3991 3832 4045 do-

2208 4069 2382 4126 minis
2413 4071 2694 4129 beneficio
2720 4073 3133 4146 imperatorum
3167 4078 3620 4148 Palaeologorum
3673 4079 3830 4134 Cata-

2206 4159 2330 4212 neis
2361 4159 2640 4227 diximus,
2687 4165 3014 4218 necessario
3069 4166 3140 4219 ad
3199 4166 3586 4237 supplendam
3645 4168 3700 4222 in
3731 4167 3830 4222 hoc

2219 4244 2344 4300 loco
2376 4253 2586 4302 nOstt‘ze
2619 4249 2874 4304 hietorim
2907 4251 2968 4320 [ι’
3013 4253 3136 4323 476]
3175 4251 3554 4321 ἀποσιώπησιν
3620 4255 3828 4325 Pachy-

2210 4335 2406 4403 meris,
2442 4336 2672 4390 familiae
2716 4355 2924 4393 nomen
2973 4341 3299 4395 omittentis
3357 4343 3416 4395 in
3462 4343 3825 4398 memorando

2209 4421 2472 4478 Manuele
2492 4424 2778 4480 Zacharias
2822 4427 2962 4492 ﬁlio,-
3000 4428 3187 4498 primo
3226 4429 3474 4484 Phocaea:
3513 4446 3822 4501 possessore

2133 4501 2176 4574 Β
2208 4526 2276 4563 ex
2309 4511 2680 4568 concessions
2703 4513 3006 4570 Michaelis
3035 4515 3475 4587 Palaeologorum
3526 4519 3693 4590 primi
3722 4523 3814 4570 Au-

2209 4599 2390 4667 gusﬁ.

2277 4759 2338 4806 P.
2399 4757 2520 4810 421.
2583 4754 2790 4814 Vocem
2850 4758 3294 4832 ἐπισκευασάμενοι
3345 4782 3413 4820 ex
3463 4767 3711 4838 margine
3755 4764 3804 4818 in

2207 4849 2533 4899 contextum
2569 4847 2754 4914 intuli,
2796 4860 3082 4920 expuncto
3139 4849 3482 4922 νηϊσάμενοι,
3539 4857 3704 4910 verbo
3749 4853 3820 4907 ni-

2206 4930 2329 4986 hili.

2276 5097 2338 5145 P.
2371 5091 2494 5146 429.
2528 5096 2660 5158 Qua:
2696 5089 2800 5150 hoc
2859 5113 2987 5168 cap.
3048 5105 3362 5155 narrantur
3409 5099 3479 5157 de
3521 5103 3699 5156 Maria
3755 5117 3834 5155 re-

2205 5180 2342 5250 gina
2371 5180 2651 5251 Bulgaria:
2702 5183 2761 5236 in
2810 5186 3162 5242 avunculum
3226 5189 3659 5259 imperatorem,
3707 5189 3832 5244 odio

2205 5267 2365 5338 pacis
2399 5268 2782 5324 Ecclesiarum
2816 5275 2886 5327 ab
2919 5290 2983 5328 eo
3018 5283 3366 5344 procurata,
3400 5282 3688 5332 concitare
3715 5277 3833 5331 sul-

2205 5357 2600 5426 tanemSyriae
2658 5365 2923 5428 conante,
2985 5362 3178 5416 faciles
3235 5366 3549 5418 ostendunt
3598 5381 3833 5435 pravum

2209 5442 2715 5498 schismatieorum
2748 5446 3052 5502 animum:
3103 5448 3184 5502 uti
3234 5457 3291 5505 et
3335 5467 3458 5520 quae
3513 5453 3699 5522 capite
3746 5468 3836 5506 se-

2210 5533 2407 5600 quenti
2429 5536 2484 5587 et
2517 5534 2790 5603 deinceps
2823 5543 3157 5603 narrantur,
3190 5555 3363 5608 quam
3424 5540 3699 5610 crudelis,
3732 5541 3837 5594 im-

2209 5633 2322 5687 pia,
2377 5621 2700 5677 facinerosi!
2751 5624 2870 5677 hanc
2921 5625 3127 5680 mulier
3173 5625 3345 5681 fuerit
3396 5627 3837 5695 demonstrant;
