  <div class='ocr_page' id='page_1' title='image "/cluster/home/n/w/nwhite01/storage/ocr_20150623/143/mdp.39015078384784/578.png"; bbox 0 0 4146 6288; ppageno 0'>
   <div class='ocr_carea' id='block_1_1' title="bbox 338 316 471 373">
    <p class='ocr_par' dir='ltr' id='par_1_1' title="bbox 338 316 471 373">
     <span class='ocr_line' id='line_1_1' title="bbox 338 316 471 373; baseline 0.015 -2"><span class='ocrx_word' id='word_1_1' title='bbox 338 316 471 373; x_wconf 76' lang='grc'><strong>1141</strong></span> 
     </span>
    </p>
   </div>
   <div class='ocr_carea' id='block_1_2' title="bbox 1920 327 2149 384">
    <p class='ocr_par' dir='ltr' id='par_1_2' title="bbox 1920 327 2149 384">
     <span class='ocr_line' id='line_1_2' title="bbox 1920 327 2149 384; baseline -0.009 -4"><span class='ocrx_word' id='word_1_2' title='bbox 1920 327 2149 384; x_wconf 67' lang='lat' dir='ltr'><strong>NOTB.</strong></span> 
     </span>
    </p>
   </div>
   <div class='ocr_carea' id='block_1_3' title="bbox 3584 325 3725 380">
    <p class='ocr_par' dir='ltr' id='par_1_3' title="bbox 3584 325 3725 380">
     <span class='ocr_line' id='line_1_3' title="bbox 3584 325 3725 380; baseline 0.014 -2"><span class='ocrx_word' id='word_1_3' title='bbox 3584 325 3725 380; x_wconf 74' lang='grc'><strong>1142</strong></span> 
     </span>
    </p>
   </div>
   <div class='ocr_carea' id='block_1_4' title="bbox 334 442 3715 520">
    <p class='ocr_par' dir='ltr' id='par_1_4' title="bbox 334 442 3715 520">
     <span class='ocr_line' id='line_1_4' title="bbox 334 442 3715 520; baseline 0.002 -24"><span class='ocrx_word' id='word_1_4' title='bbox 334 458 515 512; x_wconf 90' lang='lat' dir='ltr'><strong>quare</strong></span> <span class='ocrx_word' id='word_1_5' title='bbox 546 442 647 497; x_wconf 89' lang='lat' dir='ltr'><strong>illa</strong></span> <span class='ocrx_word' id='word_1_6' title='bbox 673 443 1011 513; x_wconf 86' lang='lat' dir='ltr'><strong>protectrice</strong></span> <span class='ocrx_word' id='word_1_7' title='bbox 1042 445 1430 502; x_wconf 81' lang='lat' dir='ltr'><strong>schismastioi</strong></span> <span class='ocrx_word' id='word_1_8' title='bbox 1459 447 1703 504; x_wconf 87' lang='lat' dir='ltr'><strong>rebelles</strong></span> <span class='ocrx_word' id='word_1_9' title='bbox 1724 447 1971 520; x_wconf 83' lang='lat' dir='ltr'><strong>glorien-</strong></span> <span class='ocrx_word' id='word_1_10' title='bbox 2002 449 2056 514; x_wconf 74' lang='grc' dir='ltr'><strong>Α</strong></span> <span class='ocrx_word' id='word_1_11' title='bbox 2086 446 2217 500; x_wconf 74' lang='lat' dir='ltr'><strong>tinaa</strong></span> <span class='ocrx_word' id='word_1_12' title='bbox 2242 444 3038 515; x_wconf 86' lang='lat' dir='ltr'><strong>nihilprohibeatquominus</strong></span> <span class='ocrx_word' id='word_1_13' title='bbox 3053 444 3269 517; x_wconf 90' lang='lat' dir='ltr'><strong>aliquis</strong></span> <span class='ocrx_word' id='word_1_14' title='bbox 3285 447 3715 508; x_wconf 83' lang='lat' dir='ltr'><strong>ducatuxorem</strong></span> 
     </span>
    </p>
   </div>
   <div class='ocr_carea' id='block_1_5' title="bbox 334 530 1395 603">
    <p class='ocr_par' dir='ltr' id='par_1_5' title="bbox 334 530 1395 603">
     <span class='ocr_line' id='line_1_5' title="bbox 334 530 1395 603; baseline 0.005 -19"><span class='ocrx_word' id='word_1_15' title='bbox 334 535 429 585; x_wconf 88' lang='lat' dir='ltr'><strong>tur</strong></span> <span class='ocrx_word' id='word_1_16' title='bbox 459 530 617 596; x_wconf 87' lang='lat' dir='ltr'><strong>licet,</strong></span> <span class='ocrx_word' id='word_1_17' title='bbox 650 530 828 601; x_wconf 86' lang='lat' dir='ltr'><strong>digno</strong></span> <span class='ocrx_word' id='word_1_18' title='bbox 861 531 1071 593; x_wconf 78' lang='lat' dir='ltr'><strong>patella</strong></span> <span class='ocrx_word' id='word_1_19' title='bbox 1100 534 1395 603; x_wconf 85' lang='lat' dir='ltr'><strong>operculo.</strong></span> 
     </span>
    </p>
   </div>
   <div class='ocr_carea' id='block_1_6' title="bbox 402 626 1965 700">
    <p class='ocr_par' dir='ltr' id='par_1_6' title="bbox 402 626 1965 700">
     <span class='ocr_line' id='line_1_6' title="bbox 402 626 1965 700; baseline 0.006 -21"><span class='ocrx_word' id='word_1_20' title='bbox 402 626 462 679; x_wconf 90' lang='lat' dir='ltr'><strong>P.</strong></span> <span class='ocrx_word' id='word_1_21' title='bbox 495 627 617 680; x_wconf 83' lang='grc'><strong>436.</strong></span> <span class='ocrx_word' id='word_1_22' title='bbox 651 626 836 690; x_wconf 80' lang='lat' dir='ltr'><strong>Quare</strong></span> <span class='ocrx_word' id='word_1_23' title='bbox 868 627 960 681; x_wconf 92' lang='lat' dir='ltr'><strong>hic</strong></span> <span class='ocrx_word' id='word_1_24' title='bbox 992 634 1190 683; x_wconf 80' lang='lat' dir='ltr'><strong>narrat</strong></span> <span class='ocrx_word' id='word_1_25' title='bbox 1210 630 1608 700; x_wconf 83' lang='lat' dir='ltr'><strong>Paehymeres,</strong></span> <span class='ocrx_word' id='word_1_26' title='bbox 1641 650 1703 688; x_wconf 91' lang='lat' dir='ltr'><strong>se</strong></span> <span class='ocrx_word' id='word_1_27' title='bbox 1730 633 1965 688; x_wconf 58' lang='lat' dir='ltr'><strong>adbibi3</strong></span> 
     </span>
    </p>
   </div>
   <div class='ocr_carea' id='block_1_7' title="bbox 332 714 1965 792">
    <p class='ocr_par' dir='ltr' id='par_1_7' title="bbox 332 714 1965 792">
     <span class='ocr_line' id='line_1_7' title="bbox 332 714 1965 792; baseline 0.005 -24"><span class='ocrx_word' id='word_1_28' title='bbox 332 717 457 768; x_wconf 86' lang='lat' dir='ltr'><strong>tum</strong></span> <span class='ocrx_word' id='word_1_29' title='bbox 488 714 560 768; x_wconf 89' lang='lat' dir='ltr'><strong>ab</strong></span> <span class='ocrx_word' id='word_1_30' title='bbox 589 714 937 784; x_wconf 79' lang='lat' dir='ltr'><strong>imperatore</strong></span> <span class='ocrx_word' id='word_1_31' title='bbox 980 716 1049 770; x_wconf 88' lang='lat' dir='ltr'><strong>ad</strong></span> <span class='ocrx_word' id='word_1_32' title='bbox 1100 716 1250 771; x_wconf 90' lang='lat' dir='ltr'><strong>clam</strong></span> <span class='ocrx_word' id='word_1_33' title='bbox 1284 717 1704 789; x_wconf 79' lang='lat' dir='ltr'><strong>explorandum</strong></span> <span class='ocrx_word' id='word_1_34' title='bbox 1758 721 1965 792; x_wconf 83' lang='lat' dir='ltr'><strong>ecquid</strong></span> 
     </span>
    </p>
   </div>
   <div class='ocr_carea' id='block_1_8' title="bbox 330 802 1967 878">
    <p class='ocr_par' dir='ltr' id='par_1_8' title="bbox 330 802 1967 878">
     <span class='ocr_line' id='line_1_8' title="bbox 330 802 1967 878; baseline 0.006 -24"><span class='ocrx_word' id='word_1_35' title='bbox 330 802 689 856; x_wconf 87' lang='lat' dir='ltr'><strong>Theodosius</strong></span> <span class='ocrx_word' id='word_1_36' title='bbox 719 802 1062 870; x_wconf 82' lang='lat' dir='ltr'><strong>monachus,</strong></span> <span class='ocrx_word' id='word_1_37' title='bbox 1094 804 1142 858; x_wconf 90' lang='lat' dir='ltr'><strong>si</strong></span> <span class='ocrx_word' id='word_1_38' title='bbox 1190 805 1587 861; x_wconf 77' lang='lat' dir='ltr'><strong>Antiocheuus</strong></span> <span class='ocrx_word' id='word_1_39' title='bbox 1635 808 1967 878; x_wconf 70' lang='lat' dir='ltr'><strong>patriarcha</strong></span> 
     </span>
    </p>
   </div>
   <div class='ocr_carea' id='block_1_9' title="bbox 332 890 1963 963">
    <p class='ocr_par' dir='ltr' id='par_1_9' title="bbox 332 890 1963 963">
     <span class='ocr_line' id='line_1_9' title="bbox 332 890 1963 963; baseline 0.006 -20"><span class='ocrx_word' id='word_1_40' title='bbox 332 890 512 955; x_wconf 82' lang='lat' dir='ltr'><strong>ﬁeret,</strong></span> <span class='ocrx_word' id='word_1_41' title='bbox 545 890 870 945; x_wconf 88' lang='lat' dir='ltr'><strong>cbstiturus</strong></span> <span class='ocrx_word' id='word_1_42' title='bbox 901 897 1057 946; x_wconf 89' lang='lat' dir='ltr'><strong>esset</strong></span> <span class='ocrx_word' id='word_1_43' title='bbox 1096 892 1326 963; x_wconf 87' lang='lat' dir='ltr'><strong>negotio</strong></span> <span class='ocrx_word' id='word_1_44' title='bbox 1381 894 1808 951; x_wconf 78' lang='lat' dir='ltr'><strong>conciliationis</strong></span> <span class='ocrx_word' id='word_1_45' title='bbox 1856 897 1963 952; x_wconf 89' lang='lat' dir='ltr'><strong>Ec-</strong></span> 
     </span>
    </p>
   </div>
   <div class='ocr_carea' id='block_1_10' title="bbox 328 977 1962 1054">
    <p class='ocr_par' dir='ltr' id='par_1_10' title="bbox 328 977 1962 1054">
     <span class='ocr_line' id='line_1_10' title="bbox 328 977 1962 1054; baseline 0.005 -23"><span class='ocrx_word' id='word_1_46' title='bbox 328 977 656 1042; x_wconf 84' lang='lat' dir='ltr'><strong>clesiarum,</strong></span> <span class='ocrx_word' id='word_1_47' title='bbox 690 994 809 1033; x_wconf 90' lang='lat' dir='ltr'><strong>rem</strong></span> <span class='ocrx_word' id='word_1_48' title='bbox 863 978 1024 1035; x_wconf 84' lang='lat' dir='ltr'><strong>illam</strong></span> <span class='ocrx_word' id='word_1_49' title='bbox 1074 996 1143 1034; x_wconf 78' lang='lat' dir='ltr'><strong>ex</strong></span> <span class='ocrx_word' id='word_1_50' title='bbox 1188 981 1442 1051; x_wconf 77' lang='lat' dir='ltr'><strong>Augusti</strong></span> <span class='ocrx_word' id='word_1_51' title='bbox 1490 984 1785 1038; x_wconf 90' lang='lat' dir='ltr'><strong>sententia</strong></span> <span class='ocrx_word' id='word_1_52' title='bbox 1831 1000 1962 1054; x_wconf 85' lang='lat' dir='ltr'><strong>ges-</strong></span> 
     </span>
    </p>
   </div>
   <div class='ocr_carea' id='block_1_11' title="bbox 329 1064 1963 1141">
    <p class='ocr_par' dir='ltr' id='par_1_11' title="bbox 329 1064 1963 1141">
     <span class='ocr_line' id='line_1_11' title="bbox 329 1064 1963 1141; baseline 0.005 -22"><span class='ocrx_word' id='word_1_53' title='bbox 329 1064 495 1131; x_wconf 89' lang='lat' dir='ltr'><strong>sisse,</strong></span> <span class='ocrx_word' id='word_1_54' title='bbox 530 1066 847 1119; x_wconf 84' lang='lat' dir='ltr'><strong>ostendunt</strong></span> <span class='ocrx_word' id='word_1_55' title='bbox 876 1066 1031 1120; x_wconf 90' lang='lat' dir='ltr'><strong>hunc</strong></span> <span class='ocrx_word' id='word_1_56' title='bbox 1072 1073 1360 1137; x_wconf 90' lang='lat' dir='ltr'><strong>nostrum,</strong></span> <span class='ocrx_word' id='word_1_57' title='bbox 1392 1070 1501 1124; x_wconf 84' lang='lat' dir='ltr'><strong>etsi</strong></span> <span class='ocrx_word' id='word_1_58' title='bbox 1538 1073 1712 1127; x_wconf 87' lang='lat' dir='ltr'><strong>tacito</strong></span> <span class='ocrx_word' id='word_1_59' title='bbox 1736 1072 1963 1141; x_wconf 84' lang='lat' dir='ltr'><strong>judicio</strong></span> 
     </span>
    </p>
   </div>
   <div class='ocr_carea' id='block_1_12' title="bbox 327 1152 1962 1224">
    <p class='ocr_par' dir='ltr' id='par_1_12' title="bbox 327 1152 1962 1224">
     <span class='ocr_line' id='line_1_12' title="bbox 327 1152 1962 1224; baseline 0.006 -19"><span class='ocrx_word' id='word_1_60' title='bbox 327 1152 505 1205; x_wconf 89' lang='lat' dir='ltr'><strong>animi</strong></span> <span class='ocrx_word' id='word_1_61' title='bbox 540 1153 841 1208; x_wconf 87' lang='lat' dir='ltr'><strong>schismati</strong></span> <span class='ocrx_word' id='word_1_62' title='bbox 865 1154 1099 1224; x_wconf 88' lang='lat' dir='ltr'><strong>faveret,</strong></span> <span class='ocrx_word' id='word_1_63' title='bbox 1126 1161 1189 1210; x_wconf 80' lang='lat' dir='ltr'><strong>ut</strong></span> <span class='ocrx_word' id='word_1_64' title='bbox 1212 1156 1397 1211; x_wconf 88' lang='lat' dir='ltr'><strong>multa</strong></span> <span class='ocrx_word' id='word_1_65' title='bbox 1418 1158 1826 1213; x_wconf 76' lang='lat' dir='ltr'><strong>demonstrant</strong></span> <span class='ocrx_word' id='word_1_66' title='bbox 1853 1160 1962 1214; x_wconf 46' lang='lat' dir='ltr'><strong>hue</strong></span> 
     </span>
    </p>
   </div>
   <div class='ocr_carea' id='block_1_13' title="bbox 314 1239 1961 1315">
    <p class='ocr_par' dir='ltr' id='par_1_13' title="bbox 314 1239 1961 1315">
     <span class='ocr_line' id='line_1_13' title="bbox 314 1239 1961 1315; baseline 0.005 -22"><span class='ocrx_word' id='word_1_67' title='bbox 314 1239 417 1307; x_wconf 89' lang='lat' dir='ltr'><strong>jus</strong></span> <span class='ocrx_word' id='word_1_68' title='bbox 450 1239 698 1294; x_wconf 64' lang='lat' dir='ltr'><strong>historias</strong></span> <span class='ocrx_word' id='word_1_69' title='bbox 728 1240 874 1307; x_wconf 91' lang='lat' dir='ltr'><strong>loca,</strong></span> <span class='ocrx_word' id='word_1_70' title='bbox 907 1247 1103 1297; x_wconf 84' lang='lat' dir='ltr'><strong>tamen</strong></span> <span class='ocrx_word' id='word_1_71' title='bbox 1135 1244 1510 1314; x_wconf 82' lang='lat' dir='ltr'><strong>imperatoris</strong></span> <span class='ocrx_word' id='word_1_72' title='bbox 1543 1246 1805 1301; x_wconf 90' lang='lat' dir='ltr'><strong>consiliis</strong></span> <span class='ocrx_word' id='word_1_73' title='bbox 1831 1248 1961 1315; x_wconf 83' lang='lat' dir='ltr'><strong>ejus</strong></span> 
     </span>
    </p>
   </div>
   <div class='ocr_carea' id='block_1_14' title="bbox 324 1326 1959 1405">
    <p class='ocr_par' dir='ltr' id='par_1_14' title="bbox 324 1326 1959 1405">
     <span class='ocr_line' id='line_1_14' title="bbox 324 1326 1959 1405; baseline 0.006 -26"><span class='ocrx_word' id='word_1_74' title='bbox 324 1326 553 1396; x_wconf 85' lang='lat' dir='ltr'><strong>generis</strong></span> <span class='ocrx_word' id='word_1_75' title='bbox 610 1327 766 1381; x_wconf 86' lang='lat' dir='ltr'><strong>haud</strong></span> <span class='ocrx_word' id='word_1_76' title='bbox 806 1328 1000 1397; x_wconf 89' lang='lat' dir='ltr'><strong>palam</strong></span> <span class='ocrx_word' id='word_1_77' title='bbox 1052 1331 1443 1385; x_wconf 75' lang='lat' dir='ltr'><strong>adversatum.</strong></span> <span class='ocrx_word' id='word_1_78' title='bbox 1495 1334 1613 1388; x_wconf 92' lang='lat' dir='ltr'><strong>Imo</strong></span> <span class='ocrx_word' id='word_1_79' title='bbox 1677 1334 1959 1405; x_wconf 73' lang='lat' dir='ltr'><strong>suspicari</strong></span> 
     </span>
    </p>
   </div>
   <div class='ocr_carea' id='block_1_15' title="bbox 325 1415 1961 1488">
    <p class='ocr_par' dir='ltr' id='par_1_15' title="bbox 325 1415 1961 1488">
     <span class='ocr_line' id='line_1_15' title="bbox 325 1415 1961 1488; baseline 0.005 -20"><span class='ocrx_word' id='word_1_80' title='bbox 325 1415 470 1468; x_wconf 89' lang='lat' dir='ltr'><strong>forte</strong></span> <span class='ocrx_word' id='word_1_81' title='bbox 538 1431 649 1469; x_wconf 90' lang='lat' dir='ltr'><strong>non</strong></span> <span class='ocrx_word' id='word_1_82' title='bbox 702 1415 993 1471; x_wconf 87' lang='lat' dir='ltr'><strong>immerito</strong></span> <span class='ocrx_word' id='word_1_83' title='bbox 1042 1432 1352 1488; x_wconf 84' lang='lat' dir='ltr'><strong>possemus</strong></span> <span class='ocrx_word' id='word_1_84' title='bbox 1404 1436 1537 1475; x_wconf 88' lang='lat' dir='ltr'><strong>eum</strong></span> <span class='ocrx_word' id='word_1_85' title='bbox 1587 1421 1813 1476; x_wconf 82' lang='lat' dir='ltr'><strong>vivente</strong></span> <span class='ocrx_word' id='word_1_86' title='bbox 1866 1422 1961 1476; x_wconf 77' lang='lat' dir='ltr'><strong>lii-</strong></span> 
     </span>
    </p>
   </div>
   <div class='ocr_carea' id='block_1_16' title="bbox 323 1502 1956 1581">
    <p class='ocr_par' dir='ltr' id='par_1_16' title="bbox 323 1502 1956 1581">
     <span class='ocr_line' id='line_1_16' title="bbox 323 1502 1956 1581; baseline 0.004 -25"><span class='ocrx_word' id='word_1_87' title='bbox 323 1502 519 1557; x_wconf 86' lang='lat' dir='ltr'><strong>chaele</strong></span> <span class='ocrx_word' id='word_1_88' title='bbox 547 1519 679 1557; x_wconf 87' lang='lat' dir='ltr'><strong>vere</strong></span> <span class='ocrx_word' id='word_1_89' title='bbox 709 1507 765 1557; x_wconf 90' lang='lat' dir='ltr'><strong>et</strong></span> <span class='ocrx_word' id='word_1_90' title='bbox 793 1520 861 1557; x_wconf 82' lang='lat' dir='ltr'><strong>ex</strong></span> <span class='ocrx_word' id='word_1_91' title='bbox 893 1505 1072 1560; x_wconf 86' lang='lat' dir='ltr'><strong>animi</strong></span> <span class='ocrx_word' id='word_1_92' title='bbox 1106 1507 1195 1560; x_wconf 89' lang='lat' dir='ltr'><strong>sui</strong></span> <span class='ocrx_word' id='word_1_93' title='bbox 1230 1508 1521 1561; x_wconf 87' lang='lat' dir='ltr'><strong>sententia</strong></span> <span class='ocrx_word' id='word_1_94' title='bbox 1555 1510 1763 1564; x_wconf 82' lang='lat' dir='ltr'><strong>favisse</strong></span> <span class='ocrx_word' id='word_1_95' title='bbox 1810 1510 1956 1581; x_wconf 78' lang='lat' dir='ltr'><strong>paci,</strong></span> 
     </span>
    </p>
   </div>
   <div class='ocr_carea' id='block_1_17' title="bbox 318 1591 1954 1653">
    <p class='ocr_par' dir='ltr' id='par_1_17' title="bbox 318 1591 1954 1653">
     <span class='ocr_line' id='line_1_17' title="bbox 318 1591 1954 1653; baseline 0.006 -9"><span class='ocrx_word' id='word_1_96' title='bbox 318 1592 419 1644; x_wconf 90' lang='lat' dir='ltr'><strong>sed</strong></span> <span class='ocrx_word' id='word_1_97' title='bbox 468 1592 740 1645; x_wconf 89' lang='lat' dir='ltr'><strong>eumdem</strong></span> <span class='ocrx_word' id='word_1_98' title='bbox 795 1591 1103 1646; x_wconf 82' lang='lat' dir='ltr'><strong>historiam</strong></span> <span class='ocrx_word' id='word_1_99' title='bbox 1153 1594 1363 1648; x_wconf 87' lang='lat' dir='ltr'><strong>deinde</strong></span> <span class='ocrx_word' id='word_1_100' title='bbox 1422 1595 1572 1650; x_wconf 88' lang='lat' dir='ltr'><strong>hanc</strong></span> <span class='ocrx_word' id='word_1_101' title='bbox 1604 1597 1954 1653; x_wconf 80' lang='lat' dir='ltr'><strong>scribentem</strong></span> 
     </span>
    </p>
   </div>
   <div class='ocr_carea' id='block_1_18' title="bbox 319 1678 1958 1749">
    <p class='ocr_par' dir='ltr' id='par_1_18' title="bbox 319 1678 1958 1749">
     <span class='ocr_line' id='line_1_18' title="bbox 319 1678 1958 1749; baseline 0.007 -19"><span class='ocrx_word' id='word_1_102' title='bbox 319 1679 428 1731; x_wconf 90' lang='lat' dir='ltr'><strong>sub</strong></span> <span class='ocrx_word' id='word_1_103' title='bbox 460 1678 811 1742; x_wconf 88' lang='lat' dir='ltr'><strong>Andronico,</strong></span> <span class='ocrx_word' id='word_1_104' title='bbox 845 1679 944 1749; x_wconf 91' lang='lat' dir='ltr'><strong>qui</strong></span> <span class='ocrx_word' id='word_1_105' title='bbox 981 1696 1043 1733; x_wconf 89' lang='lat' dir='ltr'><strong>se</strong></span> <span class='ocrx_word' id='word_1_106' title='bbox 1073 1681 1280 1735; x_wconf 83' lang='lat' dir='ltr'><strong>iterum</strong></span> <span class='ocrx_word' id='word_1_107' title='bbox 1315 1700 1348 1736; x_wconf 91' lang='lat' dir='ltr'><strong>a</strong></span> <span class='ocrx_word' id='word_1_108' title='bbox 1396 1683 1658 1739; x_wconf 80' lang='lat' dir='ltr'><strong>Romana</strong></span> <span class='ocrx_word' id='word_1_109' title='bbox 1706 1684 1958 1741; x_wconf 82' lang='lat' dir='ltr'><strong>Ecclesia</strong></span> 
     </span>
    </p>
   </div>
   <div class='ocr_carea' id='block_1_19' title="bbox 2067 532 3718 605">
    <p class='ocr_par' dir='ltr' id='par_1_19' title="bbox 2067 532 3718 605">
     <span class='ocr_line' id='line_1_19' title="bbox 2067 532 3718 605; baseline 0.002 -16"><span class='ocrx_word' id='word_1_110' title='bbox 2067 550 2327 589; x_wconf 88' lang='lat' dir='ltr'><strong>sororem</strong></span> <span class='ocrx_word' id='word_1_111' title='bbox 2368 533 2567 587; x_wconf 83' lang='lat' dir='ltr'><strong>uxoris</strong></span> <span class='ocrx_word' id='word_1_112' title='bbox 2605 532 2799 588; x_wconf 82' lang='lat' dir='ltr'><strong>fratris</strong></span> <span class='ocrx_word' id='word_1_113' title='bbox 2844 533 2974 589; x_wconf 91' lang='lat' dir='ltr'><strong>sui:</strong></span> <span class='ocrx_word' id='word_1_114' title='bbox 3020 534 3202 590; x_wconf 89' lang='lat' dir='ltr'><strong>altera</strong></span> <span class='ocrx_word' id='word_1_115' title='bbox 3228 536 3382 605; x_wconf 89' lang='lat' dir='ltr'><strong>quod</strong></span> <span class='ocrx_word' id='word_1_116' title='bbox 3416 535 3475 590; x_wconf 90' lang='lat' dir='ltr'><strong>in</strong></span> <span class='ocrx_word' id='word_1_117' title='bbox 3506 554 3718 593; x_wconf 61' lang='lat' dir='ltr'><strong>nume-</strong></span> 
     </span>
    </p>
   </div>
   <div class='ocr_carea' id='block_1_20' title="bbox 2068 620 3713 694">
    <p class='ocr_par' dir='ltr' id='par_1_20' title="bbox 2068 620 3713 694">
     <span class='ocr_line' id='line_1_20' title="bbox 2068 620 3713 694; baseline 0.003 -17"><span class='ocrx_word' id='word_1_118' title='bbox 2068 623 2267 678; x_wconf 90' lang='lat' dir='ltr'><strong>randis</strong></span> <span class='ocrx_word' id='word_1_119' title='bbox 2298 620 2660 693; x_wconf 86' lang='lat' dir='ltr'><strong>cognationis</strong></span> <span class='ocrx_word' id='word_1_120' title='bbox 2688 625 2744 676; x_wconf 89' lang='lat' dir='ltr'><strong>ct</strong></span> <span class='ocrx_word' id='word_1_121' title='bbox 2784 621 3086 676; x_wconf 86' lang='lat' dir='ltr'><strong>affinitatis</strong></span> <span class='ocrx_word' id='word_1_122' title='bbox 3118 622 3397 691; x_wconf 84' lang='lat' dir='ltr'><strong>gradibus</strong></span> <span class='ocrx_word' id='word_1_123' title='bbox 3440 629 3713 694; x_wconf 88' lang='lat' dir='ltr'><strong>parentes</strong></span> 
     </span>
    </p>
   </div>
   <div class='ocr_carea' id='block_1_21' title="bbox 2067 709 3713 781">
    <p class='ocr_par' dir='ltr' id='par_1_21' title="bbox 2067 709 3713 781">
     <span class='ocr_line' id='line_1_21' title="bbox 2067 709 3713 781; baseline 0.001 -16"><span class='ocrx_word' id='word_1_124' title='bbox 2067 728 2223 765; x_wconf 88' lang='lat' dir='ltr'><strong>nunc</strong></span> <span class='ocrx_word' id='word_1_125' title='bbox 2253 726 2365 765; x_wconf 91' lang='lat' dir='ltr'><strong>non</strong></span> <span class='ocrx_word' id='word_1_126' title='bbox 2397 710 2785 778; x_wconf 90' lang='lat' dir='ltr'><strong>imputentur,</strong></span> <span class='ocrx_word' id='word_1_127' title='bbox 2819 710 2919 764; x_wconf 90' lang='lat' dir='ltr'><strong>sed</strong></span> <span class='ocrx_word' id='word_1_128' title='bbox 2950 709 3177 780; x_wconf 90' lang='lat' dir='ltr'><strong>primus</strong></span> <span class='ocrx_word' id='word_1_129' title='bbox 3219 712 3438 781; x_wconf 89' lang='lat' dir='ltr'><strong>gradus</strong></span> <span class='ocrx_word' id='word_1_130' title='bbox 3488 714 3713 768; x_wconf 88' lang='lat' dir='ltr'><strong>consti-</strong></span> 
     </span>
    </p>
   </div>
   <div class='ocr_carea' id='block_1_22' title="bbox 2065 798 3703 871">
    <p class='ocr_par' dir='ltr' id='par_1_22' title="bbox 2065 798 3703 871">
     <span class='ocr_line' id='line_1_22' title="bbox 2065 798 3703 871; baseline 0.001 -18"><span class='ocrx_word' id='word_1_131' title='bbox 2065 799 2336 853; x_wconf 86' lang='lat' dir='ltr'><strong>tuaturiu</strong></span> <span class='ocrx_word' id='word_1_132' title='bbox 2355 798 2891 865; x_wconf 86' lang='lat' dir='ltr'><strong>fratribus,cum,ut</strong></span> <span class='ocrx_word' id='word_1_133' title='bbox 2917 798 3304 853; x_wconf 85' lang='lat' dir='ltr'><strong>numerathoc</strong></span> <span class='ocrx_word' id='word_1_134' title='bbox 3336 798 3460 854; x_wconf 90' lang='lat' dir='ltr'><strong>loco</strong></span> <span class='ocrx_word' id='word_1_135' title='bbox 3485 806 3703 871; x_wconf 87' lang='lat' dir='ltr'><strong>noster,</strong></span> 
     </span>
    </p>
   </div>
   <div class='ocr_carea' id='block_1_23' title="bbox 2067 885 3707 957">
    <p class='ocr_par' dir='ltr' id='par_1_23' title="bbox 2067 885 3707 957">
     <span class='ocr_line' id='line_1_23' title="bbox 2067 885 3707 957; baseline 0.002 -17"><span class='ocrx_word' id='word_1_136' title='bbox 2067 901 2305 941; x_wconf 87' lang='lat' dir='ltr'><strong>necesse</strong></span> <span class='ocrx_word' id='word_1_137' title='bbox 2361 886 2436 939; x_wconf 89' lang='lat' dir='ltr'><strong>sit</strong></span> <span class='ocrx_word' id='word_1_138' title='bbox 2492 885 2750 955; x_wconf 90' lang='lat' dir='ltr'><strong>primum</strong></span> <span class='ocrx_word' id='word_1_139' title='bbox 2810 886 3056 955; x_wconf 89' lang='lat' dir='ltr'><strong>gradum</strong></span> <span class='ocrx_word' id='word_1_140' title='bbox 3105 890 3367 956; x_wconf 89' lang='lat' dir='ltr'><strong>respectu</strong></span> <span class='ocrx_word' id='word_1_141' title='bbox 3418 888 3600 957; x_wconf 91' lang='lat' dir='ltr'><strong>patris</strong></span> <span class='ocrx_word' id='word_1_142' title='bbox 3641 907 3707 944; x_wconf 89' lang='lat' dir='ltr'><strong>ac</strong></span> 
     </span>
    </p>
   </div>
   <div class='ocr_carea' id='block_1_24' title="bbox 2068 972 3702 1043">
    <p class='ocr_par' dir='ltr' id='par_1_24' title="bbox 2068 972 3702 1043">
     <span class='ocr_line' id='line_1_24' title="bbox 2068 972 3702 1043; baseline 0.002 -15"><span class='ocrx_word' id='word_1_143' title='bbox 2068 974 2274 1029; x_wconf 88' lang='lat' dir='ltr'><strong>matris</strong></span> <span class='ocrx_word' id='word_1_144' title='bbox 2320 972 2479 1043; x_wconf 89' lang='lat' dir='ltr'><strong>poni,</strong></span> <span class='ocrx_word' id='word_1_145' title='bbox 2565 973 2890 1027; x_wconf 86' lang='lat' dir='ltr'><strong>secundum</strong></span> <span class='ocrx_word' id='word_1_146' title='bbox 2979 978 3246 1043; x_wconf 89' lang='lat' dir='ltr'><strong>respectu</strong></span> <span class='ocrx_word' id='word_1_147' title='bbox 3316 974 3561 1030; x_wconf 80' lang='lat' dir='ltr'><strong>fratrum</strong></span> <span class='ocrx_word' id='word_1_148' title='bbox 3635 993 3702 1032; x_wconf 91' lang='lat' dir='ltr'><strong>ac</strong></span> 
     </span>
    </p>
   </div>
   <div class='ocr_carea' id='block_1_25' title="bbox 2066 1061 3700 1135">
    <p class='ocr_par' dir='ltr' id='par_1_25' title="bbox 2066 1061 3700 1135">
     <span class='ocr_line' id='line_1_25' title="bbox 2066 1061 3700 1135; baseline 0.001 -18"><span class='ocrx_word' id='word_1_149' title='bbox 2066 1078 2355 1118; x_wconf 90' lang='lat' dir='ltr'><strong>sororum.</strong></span> <span class='ocrx_word' id='word_1_150' title='bbox 2389 1061 2482 1115; x_wconf 91' lang='lat' dir='ltr'><strong>Sic</strong></span> <span class='ocrx_word' id='word_1_151' title='bbox 2512 1061 2667 1115; x_wconf 90' lang='lat' dir='ltr'><strong>enim</strong></span> <span class='ocrx_word' id='word_1_152' title='bbox 2700 1061 3291 1131; x_wconf 87' lang='lat' dir='ltr'><strong>tantumNicephorus</strong></span> <span class='ocrx_word' id='word_1_153' title='bbox 3316 1063 3700 1135; x_wconf 88' lang='lat' dir='ltr'><strong>despota,qui</strong></span> 
     </span>
    </p>
   </div>
   <div class='ocr_carea' id='block_1_26' title="bbox 2068 1150 3701 1223">
    <p class='ocr_par' dir='ltr' id='par_1_26' title="bbox 2068 1150 3701 1223">
     <span class='ocr_line' id='line_1_26' title="bbox 2068 1150 3701 1223; baseline 0.002 -18"><span class='ocrx_word' id='word_1_154' title='bbox 2068 1151 2246 1206; x_wconf 86' lang='lat' dir='ltr'><strong>filiam</strong></span> <span class='ocrx_word' id='word_1_155' title='bbox 2278 1150 2493 1205; x_wconf 86' lang='lat' dir='ltr'><strong>sororis</strong></span> <span class='ocrx_word' id='word_1_156' title='bbox 2535 1150 2901 1220; x_wconf 85' lang='lat' dir='ltr'><strong>imperatoris</strong></span> <span class='ocrx_word' id='word_1_157' title='bbox 2934 1152 2992 1205; x_wconf 89' lang='lat' dir='ltr'><strong>in</strong></span> <span class='ocrx_word' id='word_1_158' title='bbox 3026 1150 3399 1206; x_wconf 89' lang='lat' dir='ltr'><strong>matrimonio</strong></span> <span class='ocrx_word' id='word_1_159' title='bbox 3434 1153 3701 1223; x_wconf 88' lang='lat' dir='ltr'><strong>habebat,</strong></span> 
     </span>
    </p>
   </div>
   <div class='ocr_carea' id='block_1_27' title="bbox 2067 1237 3707 1312">
    <p class='ocr_par' dir='ltr' id='par_1_27' title="bbox 2067 1237 3707 1312">
     <span class='ocr_line' id='line_1_27' title="bbox 2067 1237 3707 1312; baseline 0.003 -19"><span class='ocrx_word' id='word_1_160' title='bbox 2067 1240 2137 1293; x_wconf 91' lang='lat' dir='ltr'><strong>ab</strong></span> <span class='ocrx_word' id='word_1_161' title='bbox 2168 1238 2358 1310; x_wconf 90' lang='lat' dir='ltr'><strong>ipsius</strong></span> <span class='ocrx_word' id='word_1_162' title='bbox 2394 1238 2763 1308; x_wconf 87' lang='lat' dir='ltr'><strong>imperatoris</strong></span> <span class='ocrx_word' id='word_1_163' title='bbox 2797 1237 2915 1291; x_wconf 87' lang='lat' dir='ltr'><strong>filia</strong></span> <span class='ocrx_word' id='word_1_164' title='bbox 2947 1242 3151 1308; x_wconf 88' lang='lat' dir='ltr'><strong>quarto</strong></span> <span class='ocrx_word' id='word_1_165' title='bbox 3184 1239 3491 1295; x_wconf 83' lang='lat' dir='ltr'><strong>affinitatis</strong></span> <span class='ocrx_word' id='word_1_166' title='bbox 3521 1242 3707 1312; x_wconf 88' lang='lat' dir='ltr'><strong>gradu</strong></span> 
     </span>
    </p>
   </div>
   <div class='ocr_carea' id='block_1_28' title="bbox 2065 1320 3154 1397">
    <p class='ocr_par' dir='ltr' id='par_1_28' title="bbox 2065 1320 3154 1397">
     <span class='ocr_line' id='line_1_28' title="bbox 2065 1320 3154 1397; baseline -0.002 -16"><span class='ocrx_word' id='word_1_167' title='bbox 2065 1328 2285 1381; x_wconf 88' lang='lat' dir='ltr'><strong>distare</strong></span> <span class='ocrx_word' id='word_1_168' title='bbox 2311 1331 2560 1397; x_wconf 89' lang='lat' dir='ltr'><strong>poterat,</strong></span> <span class='ocrx_word' id='word_1_169' title='bbox 2595 1330 2769 1396; x_wconf 90' lang='lat' dir='ltr'><strong>prout</strong></span> <span class='ocrx_word' id='word_1_170' title='bbox 2798 1320 2890 1379; x_wconf 88' lang='lat' dir='ltr'><strong>hic</strong></span> <span class='ocrx_word' id='word_1_171' title='bbox 2922 1325 3154 1379; x_wconf 90' lang='lat' dir='ltr'><strong>dicitur.</strong></span> 
     </span>
    </p>
   </div>
   <div class='ocr_carea' id='block_1_29' title="bbox 2136 1432 3686 1505">
    <p class='ocr_par' dir='ltr' id='par_1_29' title="bbox 2136 1432 3686 1505">
     <span class='ocr_line' id='line_1_29' title="bbox 2136 1432 3686 1505; baseline 0.003 -19"><span class='ocrx_word' id='word_1_172' title='bbox 2136 1436 2195 1487; x_wconf 89' lang='lat' dir='ltr'><strong>P.</strong></span> <span class='ocrx_word' id='word_1_173' title='bbox 2231 1434 2353 1487; x_wconf 77' lang='grc'><strong>448.</strong></span> <span class='ocrx_word' id='word_1_174' title='bbox 2407 1432 2631 1500; x_wconf 78' lang='lat' dir='ltr'><strong>Quando</strong></span> <span class='ocrx_word' id='word_1_175' title='bbox 2696 1434 2924 1488; x_wconf 78' lang='lat' dir='ltr'><strong>ducente</strong></span> <span class='ocrx_word' id='word_1_176' title='bbox 2971 1434 3173 1488; x_wconf 73' lang='lat' dir='ltr'><strong>[saucio</strong></span> <span class='ocrx_word' id='word_1_177' title='bbox 3236 1436 3503 1505; x_wconf 78' lang='lat' dir='ltr'><strong>Augusto,</strong></span> <span class='ocrx_word' id='word_1_178' title='bbox 3577 1442 3686 1491; x_wconf 90' lang='lat' dir='ltr'><strong>etc.</strong></span> 
     </span>
    </p>
   </div>
   <div class='ocr_carea' id='block_1_30' title="bbox 2062 1520 3696 1593">
    <p class='ocr_par' dir='ltr' id='par_1_30' title="bbox 2062 1520 3696 1593">
     <span class='ocr_line' id='line_1_30' title="bbox 2062 1520 3696 1593; baseline 0.002 -17"><span class='ocrx_word' id='word_1_179' title='bbox 2062 1523 2199 1576; x_wconf 81' lang='lat' dir='ltr'><strong>Rem</strong></span> <span class='ocrx_word' id='word_1_180' title='bbox 2251 1520 2345 1576; x_wconf 90' lang='lat' dir='ltr'><strong>hic</strong></span> <span class='ocrx_word' id='word_1_181' title='bbox 2394 1520 2708 1576; x_wconf 87' lang='lat' dir='ltr'><strong>indicatam</strong></span> <span class='ocrx_word' id='word_1_182' title='bbox 2760 1521 2885 1575; x_wconf 86' lang='lat' dir='ltr'><strong>fuse</strong></span> <span class='ocrx_word' id='word_1_183' title='bbox 2929 1538 3173 1576; x_wconf 87' lang='lat' dir='ltr'><strong>narrans</strong></span> <span class='ocrx_word' id='word_1_184' title='bbox 3208 1522 3491 1593; x_wconf 86' lang='lat' dir='ltr'><strong>Georgius</strong></span> <span class='ocrx_word' id='word_1_185' title='bbox 3524 1527 3696 1579; x_wconf 85' lang='lat' dir='ltr'><strong>Acro-</strong></span> 
     </span>
    </p>
   </div>
   <div class='ocr_carea' id='block_1_31' title="bbox 2064 1609 3696 1681">
    <p class='ocr_par' dir='ltr' id='par_1_31' title="bbox 2064 1609 3696 1681">
     <span class='ocr_line' id='line_1_31' title="bbox 2064 1609 3696 1681; baseline 0.003 -18"><span class='ocrx_word' id='word_1_186' title='bbox 2064 1609 2655 1680; x_wconf 72' lang='lat' dir='ltr'><strong>pciita)Historiaesure</strong></span> <span class='ocrx_word' id='word_1_187' title='bbox 2688 1625 2737 1663; x_wconf 88' lang='lat' dir='ltr'><strong>c.</strong></span> <span class='ocrx_word' id='word_1_188' title='bbox 2770 1611 2854 1675; x_wconf 83' lang='grc'><strong>11,</strong></span> <span class='ocrx_word' id='word_1_189' title='bbox 2877 1625 2931 1679; x_wconf 92' lang='lat' dir='ltr'><strong>p.</strong></span> <span class='ocrx_word' id='word_1_190' title='bbox 2967 1610 3151 1674; x_wconf 82' lang='lat' dir='ltr'><strong>10,ed.</strong></span> <span class='ocrx_word' id='word_1_191' title='bbox 3178 1610 3342 1681; x_wconf 84' lang='lat' dir='ltr'><strong>Reg.)</strong></span> <span class='ocrx_word' id='word_1_192' title='bbox 3375 1611 3432 1667; x_wconf 91' lang='lat' dir='ltr'><strong>in</strong></span> <span class='ocrx_word' id='word_1_193' title='bbox 3457 1629 3696 1669; x_wconf 89' lang='lat' dir='ltr'><strong>summa</strong></span> 
     </span>
    </p>
   </div>
   <div class='ocr_carea' id='block_1_32' title="bbox 2061 1696 3695 1771">
    <p class='ocr_par' dir='ltr' id='par_1_32' title="bbox 2061 1696 3695 1771">
     <span class='ocr_line' id='line_1_32' title="bbox 2061 1696 3695 1771; baseline 0.002 -18"><span class='ocrx_word' id='word_1_194' title='bbox 2061 1698 2229 1753; x_wconf 89' lang='lat' dir='ltr'><strong>docet</strong></span> <span class='ocrx_word' id='word_1_195' title='bbox 2278 1696 2567 1753; x_wconf 86' lang='lat' dir='ltr'><strong>lsaacium</strong></span> <span class='ocrx_word' id='word_1_196' title='bbox 2608 1701 2930 1767; x_wconf 84' lang='lat' dir='ltr'><strong>Augustum</strong></span> <span class='ocrx_word' id='word_1_197' title='bbox 2992 1697 3049 1751; x_wconf 90' lang='lat' dir='ltr'><strong>in</strong></span> <span class='ocrx_word' id='word_1_198' title='bbox 3096 1698 3397 1769; x_wconf 86' lang='lat' dir='ltr'><strong>Bulgaros,</strong></span> <span class='ocrx_word' id='word_1_199' title='bbox 3442 1702 3542 1771; x_wconf 89' lang='lat' dir='ltr'><strong>qui</strong></span> <span class='ocrx_word' id='word_1_200' title='bbox 3588 1718 3695 1756; x_wconf 88' lang='lat' dir='ltr'><strong>au-</strong></span> 
     </span>
    </p>
   </div>
   <div class='ocr_carea' id='block_1_33' title="bbox 317 1766 3696 1859">
    <p class='ocr_par' dir='ltr' id='par_1_33' title="bbox 317 1766 3696 1859">
     <span class='ocr_line' id='line_1_33' title="bbox 317 1766 3696 1859; baseline 0.007 -41"><span class='ocrx_word' id='word_1_201' title='bbox 317 1766 566 1820; x_wconf 89' lang='lat' dir='ltr'><strong>ahscidit</strong></span> <span class='ocrx_word' id='word_1_202' title='bbox 598 1766 865 1821; x_wconf 80' lang='lat' dir='ltr'><strong>rescissis</strong></span> <span class='ocrx_word' id='word_1_203' title='bbox 897 1771 1157 1837; x_wconf 83' lang='lat' dir='ltr'><strong>paternis</strong></span> <span class='ocrx_word' id='word_1_204' title='bbox 1189 1770 1354 1837; x_wconf 86' lang='lat' dir='ltr'><strong>actis,</strong></span> <span class='ocrx_word' id='word_1_205' title='bbox 1407 1772 1657 1828; x_wconf 79' lang='lat' dir='ltr'><strong>serviese</strong></span> <span class='ocrx_word' id='word_1_206' title='bbox 1707 1775 1953 1845; x_wconf 83' lang='lat' dir='ltr'><strong>temperi</strong></span> <span class='ocrx_word' id='word_1_207' title='bbox 1987 1784 2031 1859; x_wconf 70' lang='grc' dir='ltr'>Β</span> <span class='ocrx_word' id='word_1_208' title='bbox 2063 1790 2185 1841; x_wconf 74' lang='grc' dir='ltr'><strong>ιρι-θ</strong></span> <span class='ocrx_word' id='word_1_209' title='bbox 2232 1786 2563 1841; x_wconf 71' lang='lat' dir='ltr'><strong>rebellionis</strong></span> <span class='ocrx_word' id='word_1_210' title='bbox 2611 1766 2800 1840; x_wconf 73' lang='lat' dir='ltr'><strong>Asane</strong></span> <span class='ocrx_word' id='word_1_211' title='bbox 2836 1803 2869 1840; x_wconf 83' lang='lat' dir='ltr'><strong>a</strong></span> <span class='ocrx_word' id='word_1_212' title='bbox 2916 1803 2977 1840; x_wconf 84' lang='lat' dir='ltr'><strong>se</strong></span> <span class='ocrx_word' id='word_1_213' title='bbox 3045 1766 3394 1855; x_wconf 77' lang='lat' dir='ltr'><strong>defecerant,</strong></span> <span class='ocrx_word' id='word_1_214' title='bbox 3450 1766 3696 1858; x_wconf 76' lang='lat' dir='ltr'><strong>expedi-</strong></span> 
     </span>
    </p>
   </div>
   <div class='ocr_carea' id='block_1_34' title="bbox 318 1854 1364 1913">
    <p class='ocr_par' dir='ltr' id='par_1_34' title="bbox 318 1854 1364 1913">
     <span class='ocr_line' id='line_1_34' title="bbox 318 1854 1364 1913; baseline 0.003 -6"><span class='ocrx_word' id='word_1_215' title='bbox 318 1854 641 1908; x_wconf 87' lang='lat' dir='ltr'><strong>revolutum</strong></span> <span class='ocrx_word' id='word_1_216' title='bbox 676 1855 733 1908; x_wconf 89' lang='lat' dir='ltr'><strong>in</strong></span> <span class='ocrx_word' id='word_1_217' title='bbox 769 1854 1086 1911; x_wconf 80' lang='lat' dir='ltr'><strong>familiares</strong></span> <span class='ocrx_word' id='word_1_218' title='bbox 1117 1874 1364 1913; x_wconf 86' lang='lat' dir='ltr'><strong>errores.</strong></span> 
     </span>
    </p>
   </div>
   <div class='ocr_carea' id='block_1_35' title="bbox 390 1950 1955 2028">
    <p class='ocr_par' dir='ltr' id='par_1_35' title="bbox 390 1950 1955 2028">
     <span class='ocr_line' id='line_1_35' title="bbox 390 1950 1955 2028; baseline 0.006 -25"><span class='ocrx_word' id='word_1_219' title='bbox 390 1956 450 2005; x_wconf 92' lang='lat' dir='ltr'><strong>P.</strong></span> <span class='ocrx_word' id='word_1_220' title='bbox 477 1950 596 2003; x_wconf 74' lang='grc'><strong>440.</strong></span> <span class='ocrx_word' id='word_1_221' title='bbox 635 1952 724 2004; x_wconf 73' lang='lat' dir='ltr'><strong>Ea:</strong></span> <span class='ocrx_word' id='word_1_222' title='bbox 770 1952 1071 2006; x_wconf 75' lang='lat' dir='ltr'><strong>canonibu:</strong></span> <span class='ocrx_word' id='word_1_223' title='bbox 1102 1954 1374 2022; x_wconf 82' lang='lat' dir='ltr'><strong>quondam</strong></span> <span class='ocrx_word' id='word_1_224' title='bbox 1416 1970 1449 2009; x_wconf 88' lang='lat' dir='ltr'><strong>a</strong></span> <span class='ocrx_word' id='word_1_225' title='bbox 1479 1952 1657 2011; x_wconf 76' lang='lat' dir='ltr'><strong>Sistno</strong></span> <span class='ocrx_word' id='word_1_226' title='bbox 1702 1950 1955 2028; x_wconf 71' lang='lat' dir='ltr'><strong>perlatis.</strong></span> 
     </span>
    </p>
   </div>
   <div class='ocr_carea' id='block_1_36' title="bbox 318 2038 1953 2115">
    <p class='ocr_par' dir='ltr' id='par_1_36' title="bbox 318 2038 1953 2115">
     <span class='ocr_line' id='line_1_36' title="bbox 318 2038 1953 2115; baseline 0.003 -20"><span class='ocrx_word' id='word_1_227' title='bbox 318 2038 444 2095; x_wconf 90' lang='lat' dir='ltr'><strong>Non</strong></span> <span class='ocrx_word' id='word_1_228' title='bbox 485 2043 573 2093; x_wconf 89' lang='lat' dir='ltr'><strong>est</strong></span> <span class='ocrx_word' id='word_1_229' title='bbox 602 2038 693 2092; x_wconf 91' lang='lat' dir='ltr'><strong>hic</strong></span> <span class='ocrx_word' id='word_1_230' title='bbox 725 2039 975 2095; x_wconf 70' lang='lat' dir='ltr'><strong>Sicinius</strong></span> <span class='ocrx_word' id='word_1_231' title='bbox 1007 2040 1106 2093; x_wconf 87' lang='lat' dir='ltr'><strong>ille</strong></span> <span class='ocrx_word' id='word_1_232' title='bbox 1138 2042 1420 2111; x_wconf 64' lang='lat' dir='ltr'><strong>antiquius</strong></span> <span class='ocrx_word' id='word_1_233' title='bbox 1467 2044 1953 2115; x_wconf 52' lang='lat' dir='ltr'><strong>Constantinopcd</strong></span> 
     </span>
    </p>
   </div>
   <div class='ocr_carea' id='block_1_37' title="bbox 315 2126 1952 2198">
    <p class='ocr_par' dir='ltr' id='par_1_37' title="bbox 315 2126 1952 2198">
     <span class='ocr_line' id='line_1_37' title="bbox 315 2126 1952 2198; baseline 0.005 -20"><span class='ocrx_word' id='word_1_234' title='bbox 315 2126 532 2180; x_wconf 89' lang='lat' dir='ltr'><strong>litanus</strong></span> <span class='ocrx_word' id='word_1_235' title='bbox 595 2126 945 2193; x_wconf 87' lang='lat' dir='ltr'><strong>patriarcha,</strong></span> <span class='ocrx_word' id='word_1_236' title='bbox 1001 2130 1098 2198; x_wconf 86' lang='lat' dir='ltr'><strong>qui</strong></span> <span class='ocrx_word' id='word_1_237' title='bbox 1154 2146 1307 2183; x_wconf 84' lang='lat' dir='ltr'><strong>anno</strong></span> <span class='ocrx_word' id='word_1_238' title='bbox 1351 2130 1563 2185; x_wconf 75' lang='lat' dir='ltr'><strong>Christi</strong></span> <span class='ocrx_word' id='word_1_239' title='bbox 1614 2133 1716 2185; x_wconf 73' lang='grc'><strong>426</strong></span> <span class='ocrx_word' id='word_1_240' title='bbox 1763 2134 1952 2187; x_wconf 80' lang='lat' dir='ltr'><strong>Attico</strong></span> 
     </span>
    </p>
   </div>
   <div class='ocr_carea' id='block_1_38' title="bbox 314 2212 1950 2287">
    <p class='ocr_par' dir='ltr' id='par_1_38' title="bbox 314 2212 1950 2287">
     <span class='ocr_line' id='line_1_38' title="bbox 314 2212 1950 2287; baseline 0.005 -20"><span class='ocrx_word' id='word_1_241' title='bbox 314 2214 596 2268; x_wconf 87' lang='lat' dir='ltr'><strong>successit</strong></span> <span class='ocrx_word' id='word_1_242' title='bbox 629 2219 691 2268; x_wconf 91' lang='lat' dir='ltr'><strong>ut</strong></span> <span class='ocrx_word' id='word_1_243' title='bbox 720 2220 919 2268; x_wconf 87' lang='lat' dir='ltr'><strong>narrat</strong></span> <span class='ocrx_word' id='word_1_244' title='bbox 951 2216 1248 2287; x_wconf 75' lang='lat' dir='ltr'><strong>Socrates,</strong></span> <span class='ocrx_word' id='word_1_245' title='bbox 1278 2216 1315 2272; x_wconf 90' lang='lat' dir='ltr'><strong>i.</strong></span> <span class='ocrx_word' id='word_1_246' title='bbox 1349 2234 1447 2284; x_wconf 86' lang='lat' dir='ltr'><strong>vn,</strong></span> <span class='ocrx_word' id='word_1_247' title='bbox 1468 2234 1515 2272; x_wconf 81' lang='grc' dir='ltr'><strong>ο.</strong></span> <span class='ocrx_word' id='word_1_248' title='bbox 1541 2221 1631 2284; x_wconf 75' lang='grc'><strong>26,</strong></span> <span class='ocrx_word' id='word_1_249' title='bbox 1654 2212 1753 2275; x_wconf 79' lang='lat' dir='ltr'><strong>sed</strong></span> <span class='ocrx_word' id='word_1_250' title='bbox 1779 2222 1950 2287; x_wconf 74' lang='lat' dir='ltr'><strong>allus,</strong></span> 
     </span>
    </p>
   </div>
   <div class='ocr_carea' id='block_1_39' title="bbox 314 2301 1952 2375">
    <p class='ocr_par' dir='ltr' id='par_1_39' title="bbox 314 2301 1952 2375">
     <span class='ocr_line' id='line_1_39' title="bbox 314 2301 1952 2375; baseline 0.005 -20"><span class='ocrx_word' id='word_1_251' title='bbox 314 2308 380 2356; x_wconf 93' lang='lat' dir='ltr'><strong>ut</strong></span> <span class='ocrx_word' id='word_1_252' title='bbox 412 2306 674 2373; x_wconf 87' lang='lat' dir='ltr'><strong>apparet,</strong></span> <span class='ocrx_word' id='word_1_253' title='bbox 724 2301 891 2370; x_wconf 83' lang='lat' dir='ltr'><strong>longe</strong></span> <span class='ocrx_word' id='word_1_254' title='bbox 924 2304 1222 2372; x_wconf 82' lang='lat' dir='ltr'><strong>posterior,</strong></span> <span class='ocrx_word' id='word_1_255' title='bbox 1255 2306 1355 2375; x_wconf 92' lang='lat' dir='ltr'><strong>qui</strong></span> <span class='ocrx_word' id='word_1_256' title='bbox 1389 2324 1541 2361; x_wconf 89' lang='lat' dir='ltr'><strong>anno</strong></span> <span class='ocrx_word' id='word_1_257' title='bbox 1590 2308 1791 2362; x_wconf 86' lang='lat' dir='ltr'><strong>christi</strong></span> <span class='ocrx_word' id='word_1_258' title='bbox 1846 2311 1952 2363; x_wconf 77' lang='lat'><strong>995</strong></span> 
     </span>
    </p>
   </div>
   <div class='ocr_carea' id='block_1_40' title="bbox 314 2389 1948 2459">
    <p class='ocr_par' dir='ltr' id='par_1_40' title="bbox 314 2389 1948 2459">
     <span class='ocr_line' id='line_1_40' title="bbox 314 2389 1948 2459; baseline 0.006 -16"><span class='ocrx_word' id='word_1_259' title='bbox 314 2391 550 2444; x_wconf 88' lang='lat' dir='ltr'><strong>Nicolao</strong></span> <span class='ocrx_word' id='word_1_260' title='bbox 582 2389 965 2459; x_wconf 78' lang='lat' dir='ltr'><strong>Ghryscbergi</strong></span> <span class='ocrx_word' id='word_1_261' title='bbox 992 2392 1272 2446; x_wconf 75' lang='lat' dir='ltr'><strong>suffectus</strong></span> <span class='ocrx_word' id='word_1_262' title='bbox 1302 2392 1559 2449; x_wconf 84' lang='lat' dir='ltr'><strong>est.Nam</strong></span> <span class='ocrx_word' id='word_1_263' title='bbox 1594 2393 1751 2450; x_wconf 87' lang='lat' dir='ltr'><strong>hunc</strong></span> <span class='ocrx_word' id='word_1_264' title='bbox 1775 2392 1948 2452; x_wconf 74' lang='lat' dir='ltr'><strong>Icen-</strong></span> 
     </span>
    </p>
   </div>
   <div class='ocr_carea' id='block_1_41' title="bbox 317 2475 1950 2547">
    <p class='ocr_par' dir='ltr' id='par_1_41' title="bbox 317 2475 1950 2547">
     <span class='ocr_line' id='line_1_41' title="bbox 317 2475 1950 2547; baseline 0.005 -16"><span class='ocrx_word' id='word_1_265' title='bbox 317 2486 420 2531; x_wconf 89' lang='lat' dir='ltr'><strong>nes</strong></span> <span class='ocrx_word' id='word_1_266' title='bbox 450 2476 827 2547; x_wconf 88' lang='lat' dir='ltr'><strong>Curcpolates</strong></span> <span class='ocrx_word' id='word_1_267' title='bbox 859 2475 1019 2533; x_wconf 73' lang='lat'><strong>680</strong></span> <span class='ocrx_word' id='word_1_268' title='bbox 1052 2476 1109 2532; x_wconf 88' lang='lat' dir='ltr'><strong>in</strong></span> <span class='ocrx_word' id='word_1_269' title='bbox 1135 2479 1282 2547; x_wconf 84' lang='lat' dir='ltr'><strong>Hist,</strong></span> <span class='ocrx_word' id='word_1_270' title='bbox 1312 2482 1381 2535; x_wconf 90' lang='lat' dir='ltr'><strong>ad</strong></span> <span class='ocrx_word' id='word_1_271' title='bbox 1413 2496 1546 2536; x_wconf 81' lang='lat' dir='ltr'><strong>anu.</strong></span> <span class='ocrx_word' id='word_1_272' title='bbox 1579 2476 1780 2538; x_wconf 85' lang='lat' dir='ltr'><strong>mundi</strong></span> <span class='ocrx_word' id='word_1_273' title='bbox 1810 2479 1950 2539; x_wconf 80' lang='lat'><strong>6503</strong></span> 
     </span>
    </p>
   </div>
   <div class='ocr_carea' id='block_1_42' title="bbox 313 2566 1680 2625">
    <p class='ocr_par' dir='ltr' id='par_1_42' title="bbox 313 2566 1680 2625">
     <span class='ocr_line' id='line_1_42' title="bbox 313 2566 1680 2625; baseline 0.004 -5"><span class='ocrx_word' id='word_1_274' title='bbox 313 2572 561 2620; x_wconf 85' lang='lat' dir='ltr'><strong>testatur</strong></span> <span class='ocrx_word' id='word_1_275' title='bbox 591 2582 844 2619; x_wconf 86' lang='lat' dir='ltr'><strong>canones</strong></span> <span class='ocrx_word' id='word_1_276' title='bbox 875 2566 945 2620; x_wconf 92' lang='lat' dir='ltr'><strong>de</strong></span> <span class='ocrx_word' id='word_1_277' title='bbox 980 2568 1368 2623; x_wconf 81' lang='lat' dir='ltr'><strong>matrimoniis</strong></span> <span class='ocrx_word' id='word_1_278' title='bbox 1399 2571 1680 2625; x_wconf 73' lang='lat' dir='ltr'><strong>sanxisse.</strong></span> 
     </span>
    </p>
   </div>
   <div class='ocr_carea' id='block_1_43' title="bbox 386 2669 1946 2739">
    <p class='ocr_par' dir='ltr' id='par_1_43' title="bbox 386 2669 1946 2739">
     <span class='ocr_line' id='line_1_43' title="bbox 386 2669 1946 2739; baseline 0.006 -16"><span class='ocrx_word' id='word_1_279' title='bbox 386 2671 531 2724; x_wconf 91' lang='lat' dir='ltr'><strong>Ibid.</strong></span> <span class='ocrx_word' id='word_1_280' title='bbox 563 2669 771 2725; x_wconf 74' lang='lat' dir='ltr'><strong>Gradu:</strong></span> <span class='ocrx_word' id='word_1_281' title='bbox 797 2671 1110 2739; x_wconf 74' lang='lat' dir='ltr'><strong>afﬁnitatis.</strong></span> <span class='ocrx_word' id='word_1_282' title='bbox 1144 2671 1312 2727; x_wconf 78' lang='lat' dir='ltr'><strong>Anna</strong></span> <span class='ocrx_word' id='word_1_283' title='bbox 1342 2673 1459 2728; x_wconf 85' lang='lat' dir='ltr'><strong>filia</strong></span> <span class='ocrx_word' id='word_1_284' title='bbox 1493 2674 1793 2731; x_wconf 84' lang='lat' dir='ltr'><strong>Michaelis</strong></span> <span class='ocrx_word' id='word_1_285' title='bbox 1825 2683 1946 2733; x_wconf 80' lang='lat' dir='ltr'><strong>Au-</strong></span> 
     </span>
    </p>
   </div>
   <div class='ocr_carea' id='block_1_44' title="bbox 315 2758 1947 2835">
    <p class='ocr_par' dir='ltr' id='par_1_44' title="bbox 315 2758 1947 2835">
     <span class='ocr_line' id='line_1_44' title="bbox 315 2758 1947 2835; baseline 0.006 -24"><span class='ocrx_word' id='word_1_286' title='bbox 315 2759 492 2829; x_wconf 84' lang='lat' dir='ltr'><strong>gusti,</strong></span> <span class='ocrx_word' id='word_1_287' title='bbox 521 2773 738 2827; x_wconf 88' lang='lat' dir='ltr'><strong>sponsa</strong></span> <span class='ocrx_word' id='word_1_288' title='bbox 770 2758 1062 2813; x_wconf 90' lang='lat' dir='ltr'><strong>destinata</strong></span> <span class='ocrx_word' id='word_1_289' title='bbox 1103 2760 1363 2815; x_wconf 84' lang='lat' dir='ltr'><strong>Michaeli</strong></span> <span class='ocrx_word' id='word_1_290' title='bbox 1414 2762 1688 2834; x_wconf 69' lang='lat' dir='ltr'><strong>despotic,</strong></span> <span class='ocrx_word' id='word_1_291' title='bbox 1740 2770 1947 2835; x_wconf 89' lang='lat' dir='ltr'><strong>quarto</strong></span> 
     </span>
    </p>
   </div>
   <div class='ocr_carea' id='block_1_45' title="bbox 320 2846 1947 2919">
    <p class='ocr_par' dir='ltr' id='par_1_45' title="bbox 320 2846 1947 2919">
     <span class='ocr_line' id='line_1_45' title="bbox 320 2846 1947 2919; baseline 0.007 -21"><span class='ocrx_word' id='word_1_292' title='bbox 320 2846 846 2915; x_wconf 84' lang='lat' dir='ltr'><strong>consanguinitatis</strong></span> <span class='ocrx_word' id='word_1_293' title='bbox 878 2846 1061 2916; x_wconf 85' lang='lat' dir='ltr'><strong>gradu</strong></span> <span class='ocrx_word' id='word_1_294' title='bbox 1119 2850 1494 2919; x_wconf 80' lang='lat' dir='ltr'><strong>contingebat</strong></span> <span class='ocrx_word' id='word_1_295' title='bbox 1531 2853 1755 2907; x_wconf 84' lang='lat' dir='ltr'><strong>Annam</strong></span> <span class='ocrx_word' id='word_1_296' title='bbox 1808 2853 1947 2910; x_wconf 86' lang='lat' dir='ltr'><strong>alte-</strong></span> 
     </span>
    </p>
   </div>
   <div class='ocr_carea' id='block_1_46' title="bbox 324 2932 1946 3011">
    <p class='ocr_par' dir='ltr' id='par_1_46' title="bbox 324 2932 1946 3011">
     <span class='ocr_line' id='line_1_46' title="bbox 324 2932 1946 3011; baseline 0.006 -25"><span class='ocrx_word' id='word_1_297' title='bbox 324 2950 469 2999; x_wconf 90' lang='lat' dir='ltr'><strong>ram,</strong></span> <span class='ocrx_word' id='word_1_298' title='bbox 505 2933 681 2987; x_wconf 86' lang='lat' dir='ltr'><strong>filiam</strong></span> <span class='ocrx_word' id='word_1_299' title='bbox 717 2934 932 2988; x_wconf 86' lang='lat' dir='ltr'><strong>sororis</strong></span> <span class='ocrx_word' id='word_1_300' title='bbox 956 2935 1135 3004; x_wconf 88' lang='lat' dir='ltr'><strong>patris</strong></span> <span class='ocrx_word' id='word_1_301' title='bbox 1166 2936 1278 3001; x_wconf 79' lang='lat' dir='ltr'><strong>sui,</strong></span> <span class='ocrx_word' id='word_1_302' title='bbox 1322 2942 1563 3007; x_wconf 82' lang='lat' dir='ltr'><strong>nuptam</strong></span> <span class='ocrx_word' id='word_1_303' title='bbox 1622 2932 1946 3011; x_wconf 78' lang='lat' dir='ltr'><strong>Nicephoro</strong></span> 
     </span>
    </p>
   </div>
   <div class='ocr_carea' id='block_1_47' title="bbox 313 3020 1945 3099">
    <p class='ocr_par' dir='ltr' id='par_1_47' title="bbox 313 3020 1945 3099">
     <span class='ocr_line' id='line_1_47' title="bbox 313 3020 1945 3099; baseline 0.004 -25"><span class='ocrx_word' id='word_1_304' title='bbox 313 3025 589 3091; x_wconf 69' lang='lat' dir='ltr'><strong>despotic,</strong></span> <span class='ocrx_word' id='word_1_305' title='bbox 642 3020 942 3075; x_wconf 87' lang='lat' dir='ltr'><strong>Michaelis</strong></span> <span class='ocrx_word' id='word_1_306' title='bbox 996 3023 1247 3092; x_wconf 74' lang='lat' dir='ltr'><strong>despctaa</strong></span> <span class='ocrx_word' id='word_1_307' title='bbox 1325 3028 1649 3094; x_wconf 74' lang='lat' dir='ltr'><strong>germano;</strong></span> <span class='ocrx_word' id='word_1_308' title='bbox 1698 3028 1755 3082; x_wconf 86' lang='lat' dir='ltr'><strong>et</strong></span> <span class='ocrx_word' id='word_1_309' title='bbox 1804 3030 1945 3099; x_wconf 82' lang='lat' dir='ltr'><strong>quia</strong></span> 
     </span>
    </p>
   </div>
   <div class='ocr_carea' id='block_1_48' title="bbox 2061 1874 3690 1944">
    <p class='ocr_par' dir='ltr' id='par_1_48' title="bbox 2061 1874 3690 1944">
     <span class='ocr_line' id='line_1_48' title="bbox 2061 1874 3690 1944; baseline 0.002 -14"><span class='ocrx_word' id='word_1_310' title='bbox 2061 1876 2218 1930; x_wconf 88' lang='lat' dir='ltr'><strong>tione</strong></span> <span class='ocrx_word' id='word_1_311' title='bbox 2246 1878 2507 1944; x_wconf 89' lang='lat' dir='ltr'><strong>sucepta,</strong></span> <span class='ocrx_word' id='word_1_312' title='bbox 2546 1876 2795 1929; x_wconf 84' lang='lat' dir='ltr'><strong>Asauem</strong></span> <span class='ocrx_word' id='word_1_313' title='bbox 2845 1888 2979 1928; x_wconf 90' lang='lat' dir='ltr'><strong>cum</strong></span> <span class='ocrx_word' id='word_1_314' title='bbox 3022 1874 3307 1944; x_wconf 70' lang='lat' dir='ltr'><strong>praesidiis</strong></span> <span class='ocrx_word' id='word_1_315' title='bbox 3356 1880 3481 1931; x_wconf 88' lang='lat' dir='ltr'><strong>arta</strong></span> <span class='ocrx_word' id='word_1_316' title='bbox 3530 1878 3690 1933; x_wconf 86' lang='lat' dir='ltr'><strong>obsi-</strong></span> 
     </span>
    </p>
   </div>
   <div class='ocr_carea' id='block_1_49' title="bbox 2062 1962 3694 2037">
    <p class='ocr_par' dir='ltr' id='par_1_49' title="bbox 2062 1962 3694 2037">
     <span class='ocr_line' id='line_1_49' title="bbox 2062 1962 3694 2037; baseline 0.003 -21"><span class='ocrx_word' id='word_1_317' title='bbox 2062 1964 2232 2017; x_wconf 87' lang='lat' dir='ltr'><strong>dione</strong></span> <span class='ocrx_word' id='word_1_318' title='bbox 2254 1963 2505 2017; x_wconf 76' lang='lat' dir='ltr'><strong>cinxisse</strong></span> <span class='ocrx_word' id='word_1_319' title='bbox 2528 1962 2681 2016; x_wconf 88' lang='lat' dir='ltr'><strong>intra</strong></span> <span class='ocrx_word' id='word_1_320' title='bbox 2711 1962 3054 2033; x_wconf 86' lang='lat' dir='ltr'><strong>oppidulum</strong></span> <span class='ocrx_word' id='word_1_321' title='bbox 3088 1963 3428 2019; x_wconf 89' lang='lat' dir='ltr'><strong>Strincbum</strong></span> <span class='ocrx_word' id='word_1_322' title='bbox 3449 1966 3694 2037; x_wconf 76' lang='lat' dir='ltr'><strong>dictum,</strong></span> 
     </span>
    </p>
   </div>
   <div class='ocr_carea' id='block_1_50' title="bbox 2059 2046 3694 2123">
    <p class='ocr_par' dir='ltr' id='par_1_50' title="bbox 2059 2046 3694 2123">
     <span class='ocr_line' id='line_1_50' title="bbox 2059 2046 3694 2123; baseline 0.002 -19"><span class='ocrx_word' id='word_1_323' title='bbox 2059 2049 2207 2110; x_wconf 67' lang='grc' dir='ltr'><strong>ἰντὸς</strong></span> <span class='ocrx_word' id='word_1_324' title='bbox 2266 2052 2361 2103; x_wconf 79' lang='grc' dir='ltr'><strong>τοῦ</strong></span> <span class='ocrx_word' id='word_1_325' title='bbox 2422 2046 2716 2122; x_wconf 79' lang='grc' dir='ltr'>πολιχνίου</span> <span class='ocrx_word' id='word_1_326' title='bbox 2776 2050 2838 2102; x_wconf 84' lang='grc' dir='ltr'>οὗ</span> <span class='ocrx_word' id='word_1_327' title='bbox 2896 2047 2961 2117; x_wconf 77' lang='grc' dir='ltr'><strong>δὴ</strong></span> <span class='ocrx_word' id='word_1_328' title='bbox 3020 2051 3082 2103; x_wconf 86' lang='grc' dir='ltr'><strong>τὸ</strong></span> <span class='ocrx_word' id='word_1_329' title='bbox 3138 2046 3312 2121; x_wconf 74' lang='grc' dir='ltr'>ὄνομα</span> <span class='ocrx_word' id='word_1_330' title='bbox 3378 2048 3694 2123; x_wconf 68' lang='grc' dir='ltr'><strong>Στρίνοϐοςδ</strong></span> 
     </span>
    </p>
   </div>
   <div class='ocr_carea' id='block_1_51' title="bbox 2061 2138 3693 2209">
    <p class='ocr_par' dir='ltr' id='par_1_51' title="bbox 2061 2138 3693 2209">
     <span class='ocr_line' id='line_1_51' title="bbox 2061 2138 3693 2209; baseline 0.006 -18"><span class='ocrx_word' id='word_1_331' title='bbox 2061 2139 2305 2193; x_wconf 88' lang='lat' dir='ltr'><strong>Videtur</strong></span> <span class='ocrx_word' id='word_1_332' title='bbox 2352 2138 2708 2209; x_wconf 84' lang='lat' dir='ltr'><strong>amplificata</strong></span> <span class='ocrx_word' id='word_1_333' title='bbox 2784 2139 2995 2193; x_wconf 88' lang='lat' dir='ltr'><strong>deinde</strong></span> <span class='ocrx_word' id='word_1_334' title='bbox 3052 2140 3123 2193; x_wconf 86' lang='lat' dir='ltr'><strong>ab</strong></span> <span class='ocrx_word' id='word_1_335' title='bbox 3209 2143 3395 2196; x_wconf 80' lang='lat' dir='ltr'><strong>Asane</strong></span> <span class='ocrx_word' id='word_1_336' title='bbox 3472 2142 3693 2200; x_wconf 86' lang='lat' dir='ltr'><strong>victore</strong></span> 
     </span>
    </p>
   </div>
   <div class='ocr_carea' id='block_1_52' title="bbox 2060 2227 3694 2297">
    <p class='ocr_par' dir='ltr' id='par_1_52' title="bbox 2060 2227 3694 2297">
     <span class='ocr_line' id='line_1_52' title="bbox 2060 2227 3694 2297; baseline 0.004 -15"><span class='ocrx_word' id='word_1_337' title='bbox 2060 2228 2181 2282; x_wconf 83' lang='lat' dir='ltr'><strong>haec</strong></span> <span class='ocrx_word' id='word_1_338' title='bbox 2236 2227 2458 2295; x_wconf 87' lang='lat' dir='ltr'><strong>civitas,</strong></span> <span class='ocrx_word' id='word_1_339' title='bbox 2534 2228 2748 2297; x_wconf 84' lang='lat' dir='ltr'><strong>quippe</strong></span> <span class='ocrx_word' id='word_1_340' title='bbox 2824 2244 2999 2297; x_wconf 90' lang='lat' dir='ltr'><strong>quam</strong></span> <span class='ocrx_word' id='word_1_341' title='bbox 3084 2234 3280 2284; x_wconf 87' lang='lat' dir='ltr'><strong>noster</strong></span> <span class='ocrx_word' id='word_1_342' title='bbox 3362 2231 3694 2289; x_wconf 85' lang='lat' dir='ltr'><strong>Terncbum</strong></span> 
     </span>
    </p>
   </div>
   <div class='ocr_carea' id='block_1_53' title="bbox 2057 2315 3690 2386">
    <p class='ocr_par' dir='ltr' id='par_1_53' title="bbox 2057 2315 3690 2386">
     <span class='ocr_line' id='line_1_53' title="bbox 2057 2315 3690 2386; baseline 0.004 -16"><span class='ocrx_word' id='word_1_343' title='bbox 2057 2332 2290 2385; x_wconf 74' lang='lat' dir='ltr'><strong>vocans,</strong></span> <span class='ocrx_word' id='word_1_344' title='bbox 2367 2315 2586 2386; x_wconf 82' lang='lat' dir='ltr'><strong>regiam</strong></span> <span class='ocrx_word' id='word_1_345' title='bbox 2674 2315 2954 2385; x_wconf 63' lang='lat' dir='ltr'><strong>Bulgaria;</strong></span> <span class='ocrx_word' id='word_1_346' title='bbox 3036 2318 3235 2373; x_wconf 88' lang='lat' dir='ltr'><strong>urbem</strong></span> <span class='ocrx_word' id='word_1_347' title='bbox 3309 2319 3492 2375; x_wconf 89' lang='lat' dir='ltr'><strong>fuisse</strong></span> <span class='ocrx_word' id='word_1_348' title='bbox 3577 2338 3690 2377; x_wconf 89' lang='lat' dir='ltr'><strong>non</strong></span> 
     </span>
    </p>
   </div>
   <div class='ocr_carea' id='block_1_54' title="bbox 2058 2402 3689 2475">
    <p class='ocr_par' dir='ltr' id='par_1_54' title="bbox 2058 2402 3689 2475">
     <span class='ocr_line' id='line_1_54' title="bbox 2058 2402 3689 2475; baseline 0.004 -18"><span class='ocrx_word' id='word_1_349' title='bbox 2058 2402 2236 2458; x_wconf 89' lang='lat' dir='ltr'><strong>semel</strong></span> <span class='ocrx_word' id='word_1_350' title='bbox 2310 2403 2549 2459; x_wconf 87' lang='lat' dir='ltr'><strong>iudicat.</strong></span> <span class='ocrx_word' id='word_1_351' title='bbox 2637 2404 2823 2475; x_wconf 80' lang='lat' dir='ltr'><strong>Pergit</strong></span> <span class='ocrx_word' id='word_1_352' title='bbox 2893 2405 3225 2474; x_wconf 80' lang='lat' dir='ltr'><strong>Acropolita</strong></span> <span class='ocrx_word' id='word_1_353' title='bbox 3281 2406 3496 2473; x_wconf 89' lang='lat' dir='ltr'><strong>dicere,</strong></span> <span class='ocrx_word' id='word_1_354' title='bbox 3554 2426 3689 2465; x_wconf 91' lang='lat' dir='ltr'><strong>cum</strong></span> 
     </span>
    </p>
   </div>
   <div class='ocr_carea' id='block_1_55' title="bbox 2056 2490 3687 2567">
    <p class='ocr_par' dir='ltr' id='par_1_55' title="bbox 2056 2490 3687 2567">
     <span class='ocr_line' id='line_1_55' title="bbox 2056 2490 3687 2567; baseline 0.004 -22"><span class='ocrx_word' id='word_1_355' title='bbox 2056 2492 2209 2545; x_wconf 76' lang='lat'><strong>680</strong></span> <span class='ocrx_word' id='word_1_356' title='bbox 2242 2490 2299 2545; x_wconf 88' lang='lat' dir='ltr'><strong>in</strong></span> <span class='ocrx_word' id='word_1_357' title='bbox 2330 2497 2585 2545; x_wconf 78' lang='lat' dir='ltr'><strong>extremo</strong></span> <span class='ocrx_word' id='word_1_358' title='bbox 2616 2491 2955 2546; x_wconf 89' lang='lat' dir='ltr'><strong>discrimine</strong></span> <span class='ocrx_word' id='word_1_359' title='bbox 2985 2508 3076 2546; x_wconf 88' lang='lat' dir='ltr'><strong>res</strong></span> <span class='ocrx_word' id='word_1_360' title='bbox 3090 2493 3293 2548; x_wconf 82' lang='lat' dir='ltr'><strong>Asunis</strong></span> <span class='ocrx_word' id='word_1_361' title='bbox 3326 2498 3379 2548; x_wconf 91' lang='lat' dir='ltr'><strong>et</strong></span> <span class='ocrx_word' id='word_1_362' title='bbox 3411 2496 3687 2567; x_wconf 49' lang='lat' dir='ltr'><strong>Bulgaro‘</strong></span> 
     </span>
    </p>
   </div>
   <div class='ocr_carea' id='block_1_56' title="bbox 2054 2579 3684 2652">
    <p class='ocr_par' dir='ltr' id='par_1_56' title="bbox 2054 2579 3684 2652">
     <span class='ocr_line' id='line_1_56' title="bbox 2054 2579 3684 2652; baseline 0.004 -16"><span class='ocrx_word' id='word_1_363' title='bbox 2054 2596 2182 2637; x_wconf 90' lang='lat' dir='ltr'><strong>rum</strong></span> <span class='ocrx_word' id='word_1_364' title='bbox 2214 2584 2431 2645; x_wconf 81' lang='lat' dir='ltr'><strong>essent,</strong></span> <span class='ocrx_word' id='word_1_365' title='bbox 2455 2595 2597 2646; x_wconf 84' lang='lat' dir='ltr'><strong>quos</strong></span> <span class='ocrx_word' id='word_1_366' title='bbox 2624 2595 2694 2633; x_wconf 89' lang='lat' dir='ltr'><strong>ne</strong></span> <span class='ocrx_word' id='word_1_367' title='bbox 2722 2579 2782 2634; x_wconf 91' lang='lat' dir='ltr'><strong>in</strong></span> <span class='ocrx_word' id='word_1_368' title='bbox 2815 2579 3015 2635; x_wconf 89' lang='lat' dir='ltr'><strong>Isaacii</strong></span> <span class='ocrx_word' id='word_1_369' title='bbox 3054 2582 3293 2650; x_wconf 78' lang='lat' dir='ltr'><strong>Augusti</strong></span> <span class='ocrx_word' id='word_1_370' title='bbox 3335 2587 3684 2652; x_wconf 88' lang='lat' dir='ltr'><strong>potestatem</strong></span> 
     </span>
    </p>
   </div>
   <div class='ocr_carea' id='block_1_57' title="bbox 2055 2666 3683 2743">
    <p class='ocr_par' dir='ltr' id='par_1_57' title="bbox 2055 2666 3683 2743">
     <span class='ocr_line' id='line_1_57' title="bbox 2055 2666 3683 2743; baseline 0.005 -22"><span class='ocrx_word' id='word_1_371' title='bbox 2055 2684 2187 2722; x_wconf 90' lang='lat' dir='ltr'><strong>mox</strong></span> <span class='ocrx_word' id='word_1_372' title='bbox 2218 2669 2479 2722; x_wconf 87' lang='lat' dir='ltr'><strong>venirent</strong></span> <span class='ocrx_word' id='word_1_373' title='bbox 2506 2666 2669 2721; x_wconf 83' lang='lat' dir='ltr'><strong>nulla</strong></span> <span class='ocrx_word' id='word_1_374' title='bbox 2699 2684 2790 2721; x_wconf 82' lang='lat' dir='ltr'><strong>res</strong></span> <span class='ocrx_word' id='word_1_375' title='bbox 2815 2667 3117 2738; x_wconf 90' lang='lat' dir='ltr'><strong>prohibere</strong></span> <span class='ocrx_word' id='word_1_376' title='bbox 3147 2669 3491 2727; x_wconf 89' lang='lat' dir='ltr'><strong>humanitus</strong></span> <span class='ocrx_word' id='word_1_377' title='bbox 3524 2679 3683 2743; x_wconf 87' lang='lat' dir='ltr'><strong>pote-</strong></span> 
     </span>
    </p>
   </div>
   <div class='ocr_carea' id='block_1_58' title="bbox 2053 2756 3685 2832">
    <p class='ocr_par' dir='ltr' id='par_1_58' title="bbox 2053 2756 3685 2832">
     <span class='ocr_line' id='line_1_58' title="bbox 2053 2756 3685 2832; baseline 0.005 -22"><span class='ocrx_word' id='word_1_378' title='bbox 2053 2761 2162 2821; x_wconf 87' lang='lat' dir='ltr'><strong>rat,</strong></span> <span class='ocrx_word' id='word_1_379' title='bbox 2222 2758 2431 2811; x_wconf 77' lang='lat' dir='ltr'><strong>exiisse</strong></span> <span class='ocrx_word' id='word_1_380' title='bbox 2496 2756 2569 2810; x_wconf 88' lang='lat' dir='ltr'><strong>ab</strong></span> <span class='ocrx_word' id='word_1_381' title='bbox 2594 2758 2734 2811; x_wconf 90' lang='lat' dir='ltr'><strong>urbe</strong></span> <span class='ocrx_word' id='word_1_382' title='bbox 2783 2758 3019 2812; x_wconf 86' lang='lat' dir='ltr'><strong>chressa</strong></span> <span class='ocrx_word' id='word_1_383' title='bbox 3097 2760 3413 2828; x_wconf 88' lang='lat' dir='ltr'><strong>quemdam</strong></span> <span class='ocrx_word' id='word_1_384' title='bbox 3490 2764 3685 2832; x_wconf 86' lang='lat' dir='ltr'><strong>specie</strong></span> 
     </span>
    </p>
   </div>
   <div class='ocr_carea' id='block_1_59' title="bbox 2052 2845 3687 2916">
    <p class='ocr_par' dir='ltr' id='par_1_59' title="bbox 2052 2845 3687 2916">
     <span class='ocr_line' id='line_1_59' title="bbox 2052 2845 3687 2916; baseline 0.004 -17"><span class='ocrx_word' id='word_1_385' title='bbox 2052 2846 2434 2915; x_wconf 82' lang='lat' dir='ltr'><strong>transfugam,</strong></span> <span class='ocrx_word' id='word_1_386' title='bbox 2476 2845 2574 2915; x_wconf 88' lang='lat' dir='ltr'><strong>qui</strong></span> <span class='ocrx_word' id='word_1_387' title='bbox 2606 2845 2826 2915; x_wconf 79' lang='lat' dir='ltr'><strong>trepide</strong></span> <span class='ocrx_word' id='word_1_388' title='bbox 2853 2845 3191 2916; x_wconf 89' lang='lat' dir='ltr'><strong>imperatori</strong></span> <span class='ocrx_word' id='word_1_389' title='bbox 3224 2848 3525 2904; x_wconf 88' lang='lat' dir='ltr'><strong>nuntiaret</strong></span> <span class='ocrx_word' id='word_1_390' title='bbox 3554 2867 3687 2907; x_wconf 81' lang='lat' dir='ltr'><strong>mox</strong></span> 
     </span>
    </p>
   </div>
   <div class='ocr_carea' id='block_1_60' title="bbox 2050 2932 3678 3009">
    <p class='ocr_par' dir='ltr' id='par_1_60' title="bbox 2050 2932 3678 3009">
     <span class='ocr_line' id='line_1_60' title="bbox 2050 2932 3678 3009; baseline 0.006 -23"><span class='ocrx_word' id='word_1_391' title='bbox 2050 2932 2380 3003; x_wconf 86' lang='lat' dir='ltr'><strong>irrupturos</strong></span> <span class='ocrx_word' id='word_1_392' title='bbox 2401 2933 2459 2986; x_wconf 92' lang='lat' dir='ltr'><strong>in</strong></span> <span class='ocrx_word' id='word_1_393' title='bbox 2479 2933 2607 3001; x_wconf 84' lang='lat' dir='ltr'><strong>ejus</strong></span> <span class='ocrx_word' id='word_1_394' title='bbox 2628 2938 2818 2991; x_wconf 87' lang='lat' dir='ltr'><strong>castra</strong></span> <span class='ocrx_word' id='word_1_395' title='bbox 2841 2934 3096 2989; x_wconf 85' lang='lat' dir='ltr'><strong>maxime</strong></span> <span class='ocrx_word' id='word_1_396' title='bbox 3128 2950 3370 2991; x_wconf 91' lang='lat' dir='ltr'><strong>numero</strong></span> <span class='ocrx_word' id='word_1_397' title='bbox 3392 2938 3637 3009; x_wconf 81' lang='lat' dir='ltr'><strong>Scythas</strong></span> <span class='ocrx_word' id='word_1_398' title='bbox 3664 2957 3678 2996; x_wconf 83' lang='lat'><strong>:</strong></span> 
     </span>
    </p>
   </div>
   <div class='ocr_carea' id='block_1_61' title="bbox 2051 3017 3681 3091">
    <p class='ocr_par' dir='ltr' id='par_1_61' title="bbox 2051 3017 3681 3091">
     <span class='ocr_line' id='line_1_61' title="bbox 2051 3017 3681 3091; baseline 0.005 -18"><span class='ocrx_word' id='word_1_399' title='bbox 2051 3035 2165 3089; x_wconf 88' lang='lat' dir='ltr'><strong>quo</strong></span> <span class='ocrx_word' id='word_1_400' title='bbox 2189 3017 2285 3073; x_wconf 90' lang='lat' dir='ltr'><strong>ille</strong></span> <span class='ocrx_word' id='word_1_401' title='bbox 2315 3018 2528 3073; x_wconf 88' lang='lat' dir='ltr'><strong>indicio</strong></span> <span class='ocrx_word' id='word_1_402' title='bbox 2549 3018 2851 3088; x_wconf 88' lang='lat' dir='ltr'><strong>perculsus</strong></span> <span class='ocrx_word' id='word_1_403' title='bbox 2874 3024 3041 3074; x_wconf 87' lang='lat' dir='ltr'><strong>nocte</strong></span> <span class='ocrx_word' id='word_1_404' title='bbox 3063 3026 3297 3091; x_wconf 86' lang='lat' dir='ltr'><strong>repente</strong></span> <span class='ocrx_word' id='word_1_405' title='bbox 3315 3023 3681 3081; x_wconf 86' lang='lat' dir='ltr'><strong>obsidionem</strong></span> 
     </span>
    </p>
   </div>
   <div class='ocr_carea' id='block_1_62' title="bbox 309 3105 1947 3201">
    <p class='ocr_par' dir='ltr' id='par_1_62' title="bbox 309 3108 1942 3201">
     <span class='ocr_line' id='line_1_62' title="bbox 309 3108 1942 3201; baseline 0.005 -36"><span class='ocrx_word' id='word_1_406' title='bbox 309 3110 668 3181; x_wconf 88' lang='lat' dir='ltr'><strong>Nicephorus</strong></span> <span class='ocrx_word' id='word_1_407' title='bbox 698 3115 756 3165; x_wconf 91' lang='lat' dir='ltr'><strong>et</strong></span> <span class='ocrx_word' id='word_1_408' title='bbox 785 3111 945 3164; x_wconf 77' lang='lat' dir='ltr'><strong>Anna</strong></span> <span class='ocrx_word' id='word_1_409' title='bbox 975 3108 1269 3201; x_wconf 81' lang='lat' dir='ltr'><strong>conjuncti</strong></span> <span class='ocrx_word' id='word_1_410' title='bbox 1295 3114 1666 3170; x_wconf 87' lang='lat' dir='ltr'><strong>matrimonio</strong></span> <span class='ocrx_word' id='word_1_411' title='bbox 1698 3123 1799 3187; x_wconf 83' lang='lat' dir='ltr'><strong>pro</strong></span> <span class='ocrx_word' id='word_1_412' title='bbox 1828 3126 1942 3173; x_wconf 87' lang='lat' dir='ltr'><strong>uno</strong></span> 
     </span>
    </p>
   </div>
   <div class='ocr_carea' id='block_1_63' title="bbox 2057 3105 3683 3201">
    <p class='ocr_par' dir='ltr' id='par_1_63' title="bbox 2057 3105 3683 3183">
     <span class='ocr_line' id='line_1_63' title="bbox 2057 3105 3683 3183; baseline 0.004 -20"><span class='ocrx_word' id='word_1_413' title='bbox 2057 3105 2285 3163; x_wconf 85' lang='lat' dir='ltr'><strong>solvens</strong></span> <span class='ocrx_word' id='word_1_414' title='bbox 2309 3106 2457 3177; x_wconf 82' lang='lat' dir='ltr'><strong>fugit</strong></span> <span class='ocrx_word' id='word_1_415' title='bbox 2486 3106 2557 3163; x_wconf 91' lang='lat' dir='ltr'><strong>ab</strong></span> <span class='ocrx_word' id='word_1_416' title='bbox 2588 3106 2800 3178; x_wconf 90' lang='lat' dir='ltr'><strong>oppido</strong></span> <span class='ocrx_word' id='word_1_417' title='bbox 2831 3108 3108 3175; x_wconf 83' lang='lat' dir='ltr'><strong>pestridie</strong></span> <span class='ocrx_word' id='word_1_418' title='bbox 3128 3110 3487 3178; x_wconf 87' lang='lat' dir='ltr'><strong>dedendo,et</strong></span> <span class='ocrx_word' id='word_1_419' title='bbox 3521 3114 3683 3183; x_wconf 83' lang='lat' dir='ltr'><strong>ejus-</strong></span> 
     </span>
    </p>
   </div>
   <div class='ocr_carea' id='block_1_64' title="bbox 310 3194 1941 3274">
    <p class='ocr_par' dir='ltr' id='par_1_64' title="bbox 310 3194 1941 3274">
     <span class='ocr_line' id='line_1_64' title="bbox 310 3194 1941 3274; baseline 0.004 -21"><span class='ocrx_word' id='word_1_420' title='bbox 310 3199 719 3263; x_wconf 88' lang='lat' dir='ltr'><strong>censebantur,</strong></span> <span class='ocrx_word' id='word_1_421' title='bbox 777 3198 953 3252; x_wconf 84' lang='lat' dir='ltr'><strong>etiam</strong></span> <span class='ocrx_word' id='word_1_422' title='bbox 1024 3194 1350 3270; x_wconf 81' lang='lat' dir='ltr'><strong>Nicephoro</strong></span> <span class='ocrx_word' id='word_1_423' title='bbox 1408 3207 1464 3257; x_wconf 90' lang='lat' dir='ltr'><strong>et</strong></span> <span class='ocrx_word' id='word_1_424' title='bbox 1514 3210 1941 3274; x_wconf 70' lang='lat' dir='ltr'><strong>Consequenter</strong></span> 
     </span>
    </p>
   </div>
   <div class='ocr_carea' id='block_1_65' title="bbox 304 3284 1940 3362">
    <p class='ocr_par' dir='ltr' id='par_1_65' title="bbox 304 3284 1940 3362">
     <span class='ocr_line' id='line_1_65' title="bbox 304 3284 1940 3362; baseline 0.006 -23"><span class='ocrx_word' id='word_1_425' title='bbox 304 3286 569 3340; x_wconf 86' lang='lat' dir='ltr'><strong>Michaeli</strong></span> <span class='ocrx_word' id='word_1_426' title='bbox 627 3286 757 3355; x_wconf 85' lang='lat' dir='ltr'><strong>ejus</strong></span> <span class='ocrx_word' id='word_1_427' title='bbox 789 3286 954 3340; x_wconf 86' lang='lat' dir='ltr'><strong>fratri</strong></span> <span class='ocrx_word' id='word_1_428' title='bbox 1015 3286 1253 3342; x_wconf 88' lang='lat' dir='ltr'><strong>totidem</strong></span> <span class='ocrx_word' id='word_1_429' title='bbox 1311 3284 1612 3345; x_wconf 82' lang='lat' dir='ltr'><strong>affinitatis</strong></span> <span class='ocrx_word' id='word_1_430' title='bbox 1662 3294 1940 3362; x_wconf 78' lang='lat' dir='ltr'><strong>gradibus</strong></span> 
     </span>
    </p>
   </div>
   <div class='ocr_carea' id='block_1_66' title="bbox 304 3370 1938 3436">
    <p class='ocr_par' dir='ltr' id='par_1_66' title="bbox 304 3370 1938 3436">
     <span class='ocr_line' id='line_1_66' title="bbox 304 3370 1938 3436; baseline 0.005 -9"><span class='ocrx_word' id='word_1_431' title='bbox 304 3374 747 3427; x_wconf 87' lang='lat' dir='ltr'><strong>admovebatur.</strong></span> <span class='ocrx_word' id='word_1_432' title='bbox 783 3378 959 3428; x_wconf 89' lang='lat' dir='ltr'><strong>Porro</strong></span> <span class='ocrx_word' id='word_1_433' title='bbox 993 3375 1242 3430; x_wconf 80' lang='lat' dir='ltr'><strong>Michael</strong></span> <span class='ocrx_word' id='word_1_434' title='bbox 1273 3378 1450 3431; x_wconf 68' lang='lat' dir='ltr'><strong>Annae</strong></span> <span class='ocrx_word' id='word_1_435' title='bbox 1482 3372 1646 3433; x_wconf 83' lang='lat' dir='ltr'><strong>uxori</strong></span> <span class='ocrx_word' id='word_1_436' title='bbox 1689 3370 1781 3434; x_wconf 85' lang='lat' dir='ltr'><strong>sui</strong></span> <span class='ocrx_word' id='word_1_437' title='bbox 1818 3379 1938 3436; x_wconf 83' lang='lat' dir='ltr'><strong>fra-</strong></span> 
     </span>
    </p>
   </div>
   <div class='ocr_carea' id='block_1_67' title="bbox 302 3461 1939 3538">
    <p class='ocr_par' dir='ltr' id='par_1_67' title="bbox 302 3461 1939 3538">
     <span class='ocr_line' id='line_1_67' title="bbox 302 3461 1939 3538; baseline 0.007 -24"><span class='ocrx_word' id='word_1_438' title='bbox 302 3461 409 3515; x_wconf 90' lang='lat' dir='ltr'><strong>tris</strong></span> <span class='ocrx_word' id='word_1_439' title='bbox 441 3461 745 3515; x_wconf 79' lang='lat' dir='ltr'><strong>affinitatis</strong></span> <span class='ocrx_word' id='word_1_440' title='bbox 767 3462 951 3531; x_wconf 87' lang='lat' dir='ltr'><strong>gradu</strong></span> <span class='ocrx_word' id='word_1_441' title='bbox 972 3464 1657 3535; x_wconf 85' lang='lat' dir='ltr'><strong>secundojungebautur,</strong></span> <span class='ocrx_word' id='word_1_442' title='bbox 1673 3468 1811 3538; x_wconf 86' lang='lat' dir='ltr'><strong>quia</strong></span> <span class='ocrx_word' id='word_1_443' title='bbox 1832 3486 1939 3525; x_wconf 91' lang='lat' dir='ltr'><strong>suo</strong></span> 
     </span>
    </p>
   </div>
   <div class='ocr_carea' id='block_1_68' title="bbox 307 3550 1939 3626">
    <p class='ocr_par' dir='ltr' id='par_1_68' title="bbox 307 3550 1939 3626">
     <span class='ocr_line' id='line_1_68' title="bbox 307 3550 1939 3626; baseline 0.006 -24"><span class='ocrx_word' id='word_1_444' title='bbox 307 3565 585 3619; x_wconf 90' lang='lat' dir='ltr'><strong>germano</strong></span> <span class='ocrx_word' id='word_1_445' title='bbox 607 3550 734 3618; x_wconf 89' lang='lat' dir='ltr'><strong>ejus</strong></span> <span class='ocrx_word' id='word_1_446' title='bbox 756 3550 877 3603; x_wconf 91' lang='lat' dir='ltr'><strong>viro</strong></span> <span class='ocrx_word' id='word_1_447' title='bbox 909 3553 1165 3606; x_wconf 89' lang='lat' dir='ltr'><strong>secundo</strong></span> <span class='ocrx_word' id='word_1_448' title='bbox 1197 3554 1724 3623; x_wconf 85' lang='lat' dir='ltr'><strong>consanguinitatis</strong></span> <span class='ocrx_word' id='word_1_449' title='bbox 1754 3558 1939 3626; x_wconf 82' lang='lat' dir='ltr'><strong>gradu</strong></span> 
     </span>
    </p>
   </div>
   <div class='ocr_carea' id='block_1_69' title="bbox 302 3637 1939 3713">
    <p class='ocr_par' dir='ltr' id='par_1_69' title="bbox 302 3637 1939 3713">
     <span class='ocr_line' id='line_1_69' title="bbox 302 3637 1939 3713; baseline 0.005 -22"><span class='ocrx_word' id='word_1_450' title='bbox 302 3639 548 3707; x_wconf 88' lang='lat' dir='ltr'><strong>junctus</strong></span> <span class='ocrx_word' id='word_1_451' title='bbox 580 3637 1043 3692; x_wconf 82' lang='lat' dir='ltr'><strong>erat.Affinitatis</strong></span> <span class='ocrx_word' id='word_1_452' title='bbox 1073 3639 1291 3710; x_wconf 88' lang='lat' dir='ltr'><strong>quippe</strong></span> <span class='ocrx_word' id='word_1_453' title='bbox 1320 3646 1559 3710; x_wconf 86' lang='lat' dir='ltr'><strong>gradus,</strong></span> <span class='ocrx_word' id='word_1_454' title='bbox 1595 3648 1658 3697; x_wconf 81' lang='lat' dir='ltr'><strong>ut</strong></span> <span class='ocrx_word' id='word_1_455' title='bbox 1686 3643 1939 3713; x_wconf 86' lang='lat' dir='ltr'><strong>theologi</strong></span> 
     </span>
    </p>
   </div>
   <div class='ocr_carea' id='block_1_70' title="bbox 312 3723 1937 3800">
    <p class='ocr_par' dir='ltr' id='par_1_70' title="bbox 312 3723 1937 3800">
     <span class='ocr_line' id='line_1_70' title="bbox 312 3723 1937 3800; baseline 0.006 -23"><span class='ocrx_word' id='word_1_456' title='bbox 312 3723 543 3792; x_wconf 88' lang='lat' dir='ltr'><strong>etjuris</strong></span> <span class='ocrx_word' id='word_1_457' title='bbox 574 3724 838 3778; x_wconf 89' lang='lat' dir='ltr'><strong>canonici</strong></span> <span class='ocrx_word' id='word_1_458' title='bbox 887 3725 1135 3778; x_wconf 90' lang='lat' dir='ltr'><strong>consulti</strong></span> <span class='ocrx_word' id='word_1_459' title='bbox 1171 3726 1289 3779; x_wconf 66' lang='lat' dir='ltr'><strong>haec</strong></span> <span class='ocrx_word' id='word_1_460' title='bbox 1339 3732 1656 3784; x_wconf 77' lang='lat' dir='ltr'><strong>tractantes</strong></span> <span class='ocrx_word' id='word_1_461' title='bbox 1710 3731 1937 3800; x_wconf 87' lang='lat' dir='ltr'><strong>docent,</strong></span> 
     </span>
    </p>
   </div>
   <div class='ocr_carea' id='block_1_71' title="bbox 313 3814 1941 3889">
    <p class='ocr_par' dir='ltr' id='par_1_71' title="bbox 313 3814 1941 3889">
     <span class='ocr_line' id='line_1_71' title="bbox 313 3814 1941 3889; baseline 0.006 -23"><span class='ocrx_word' id='word_1_462' title='bbox 313 3814 436 3884; x_wconf 89' lang='lat' dir='ltr'><strong>pari</strong></span> <span class='ocrx_word' id='word_1_463' title='bbox 471 3830 645 3883; x_wconf 89' lang='lat' dir='ltr'><strong>passu</strong></span> <span class='ocrx_word' id='word_1_464' title='bbox 679 3818 1009 3883; x_wconf 90' lang='lat' dir='ltr'><strong>sequuntur</strong></span> <span class='ocrx_word' id='word_1_465' title='bbox 1035 3816 1252 3885; x_wconf 87' lang='lat' dir='ltr'><strong>gradus</strong></span> <span class='ocrx_word' id='word_1_466' title='bbox 1283 3819 1831 3889; x_wconf 74' lang='lat' dir='ltr'><strong>consanguinitatis.</strong></span> <span class='ocrx_word' id='word_1_467' title='bbox 1866 3824 1941 3877; x_wconf 88' lang='lat' dir='ltr'><strong>Ut</strong></span> 
     </span>
    </p>
   </div>
   <div class='ocr_carea' id='block_1_72' title="bbox 309 3901 1939 3979">
    <p class='ocr_par' dir='ltr' id='par_1_72' title="bbox 309 3901 1939 3979">
     <span class='ocr_line' id='line_1_72' title="bbox 309 3901 1939 3979; baseline 0.004 -23"><span class='ocrx_word' id='word_1_468' title='bbox 309 3918 441 3971; x_wconf 79' lang='lat' dir='ltr'><strong>ergo</strong></span> <span class='ocrx_word' id='word_1_469' title='bbox 483 3901 1006 3969; x_wconf 85' lang='lat' dir='ltr'><strong>consanguinitatis</strong></span> <span class='ocrx_word' id='word_1_470' title='bbox 1054 3905 1281 3973; x_wconf 89' lang='lat' dir='ltr'><strong>primus</strong></span> <span class='ocrx_word' id='word_1_471' title='bbox 1332 3906 1549 3974; x_wconf 87' lang='lat' dir='ltr'><strong>gradus</strong></span> <span class='ocrx_word' id='word_1_472' title='bbox 1587 3909 1800 3977; x_wconf 85' lang='lat' dir='ltr'><strong>estqui</strong></span> <span class='ocrx_word' id='word_1_473' title='bbox 1835 3926 1939 3979; x_wconf 89' lang='lat' dir='ltr'><strong>pa-</strong></span> 
     </span>
    </p>
   </div>
   <div class='ocr_carea' id='block_1_73' title="bbox 309 3990 1940 4062">
    <p class='ocr_par' dir='ltr' id='par_1_73' title="bbox 309 3990 1940 4062">
     <span class='ocr_line' id='line_1_73' title="bbox 309 3990 1940 4062; baseline 0.005 -19"><span class='ocrx_word' id='word_1_474' title='bbox 309 3994 502 4044; x_wconf 85' lang='lat' dir='ltr'><strong>rentes</strong></span> <span class='ocrx_word' id='word_1_475' title='bbox 563 3991 715 4043; x_wconf 88' lang='lat' dir='ltr'><strong>inter</strong></span> <span class='ocrx_word' id='word_1_476' title='bbox 761 3994 817 4043; x_wconf 90' lang='lat' dir='ltr'><strong>et</strong></span> <span class='ocrx_word' id='word_1_477' title='bbox 867 3990 1077 4045; x_wconf 90' lang='lat' dir='ltr'><strong>liberos</strong></span> <span class='ocrx_word' id='word_1_478' title='bbox 1128 3991 1457 4062; x_wconf 86' lang='lat' dir='ltr'><strong>intercedit,</strong></span> <span class='ocrx_word' id='word_1_479' title='bbox 1499 3996 1791 4050; x_wconf 85' lang='lat' dir='ltr'><strong>secundus</strong></span> <span class='ocrx_word' id='word_1_480' title='bbox 1824 3997 1940 4052; x_wconf 58' lang='lat' dir='ltr'><strong>fras</strong></span> 
     </span>
    </p>
   </div>
   <div class='ocr_carea' id='block_1_74' title="bbox 314 4078 1940 4144">
    <p class='ocr_par' dir='ltr' id='par_1_74' title="bbox 314 4078 1940 4144">
     <span class='ocr_line' id='line_1_74' title="bbox 314 4078 1940 4144; baseline 0.005 -13"><span class='ocrx_word' id='word_1_481' title='bbox 314 4082 470 4132; x_wconf 89' lang='lat' dir='ltr'><strong>trum</strong></span> <span class='ocrx_word' id='word_1_482' title='bbox 502 4078 570 4131; x_wconf 89' lang='lat' dir='ltr'><strong>ad</strong></span> <span class='ocrx_word' id='word_1_483' title='bbox 605 4078 836 4144; x_wconf 87' lang='lat' dir='ltr'><strong>fratres,</strong></span> <span class='ocrx_word' id='word_1_484' title='bbox 868 4079 1079 4133; x_wconf 87' lang='lat' dir='ltr'><strong>tertius</strong></span> <span class='ocrx_word' id='word_1_485' title='bbox 1111 4080 1306 4136; x_wconf 83' lang='lat' dir='ltr'><strong>fratris</strong></span> <span class='ocrx_word' id='word_1_486' title='bbox 1356 4081 1642 4137; x_wconf 85' lang='lat' dir='ltr'><strong>sororisve</strong></span> <span class='ocrx_word' id='word_1_487' title='bbox 1689 4082 1940 4139; x_wconf 88' lang='lat' dir='ltr'><strong>filiorum</strong></span> 
     </span>
    </p>
   </div>
   <div class='ocr_carea' id='block_1_75' title="bbox 310 4165 1940 4241">
    <p class='ocr_par' dir='ltr' id='par_1_75' title="bbox 310 4165 1940 4241">
     <span class='ocr_line' id='line_1_75' title="bbox 310 4165 1940 4241; baseline 0.004 -22"><span class='ocrx_word' id='word_1_488' title='bbox 310 4166 379 4219; x_wconf 87' lang='lat' dir='ltr'><strong>ad</strong></span> <span class='ocrx_word' id='word_1_489' title='bbox 414 4171 672 4236; x_wconf 86' lang='lat' dir='ltr'><strong>patruos,</strong></span> <span class='ocrx_word' id='word_1_490' title='bbox 706 4165 1263 4232; x_wconf 86' lang='lat' dir='ltr'><strong>avuncuios,amitas</strong></span> <span class='ocrx_word' id='word_1_491' title='bbox 1293 4173 1349 4223; x_wconf 85' lang='lat' dir='ltr'><strong>et</strong></span> <span class='ocrx_word' id='word_1_492' title='bbox 1375 4174 1739 4240; x_wconf 77' lang='lat' dir='ltr'><strong>materteras,</strong></span> <span class='ocrx_word' id='word_1_493' title='bbox 1769 4186 1940 4241; x_wconf 82' lang='lat' dir='ltr'><strong>quar-</strong></span> 
     </span>
    </p>
   </div>
   <div class='ocr_carea' id='block_1_76' title="bbox 314 4254 1939 4321">
    <p class='ocr_par' dir='ltr' id='par_1_76' title="bbox 314 4254 1939 4321">
     <span class='ocr_line' id='line_1_76' title="bbox 314 4254 1939 4321; baseline 0.006 -15"><span class='ocrx_word' id='word_1_494' title='bbox 314 4258 406 4308; x_wconf 92' lang='lat' dir='ltr'><strong>tus</strong></span> <span class='ocrx_word' id='word_1_495' title='bbox 438 4254 920 4309; x_wconf 79' lang='lat' dir='ltr'><strong>consobrinorum</strong></span> <span class='ocrx_word' id='word_1_496' title='bbox 953 4256 1023 4309; x_wconf 92' lang='lat' dir='ltr'><strong>ad</strong></span> <span class='ocrx_word' id='word_1_497' title='bbox 1057 4256 1544 4321; x_wconf 82' lang='lat' dir='ltr'><strong>consobrinos,ita</strong></span> <span class='ocrx_word' id='word_1_498' title='bbox 1565 4259 1939 4315; x_wconf 83' lang='lat' dir='ltr'><strong>etafﬁnitatis</strong></span> 
     </span>
    </p>
   </div>
   <div class='ocr_carea' id='block_1_77' title="bbox 307 4343 1941 4413">
    <p class='ocr_par' dir='ltr' id='par_1_77' title="bbox 307 4343 1941 4413">
     <span class='ocr_line' id='line_1_77' title="bbox 307 4343 1941 4413; baseline 0.005 -20"><span class='ocrx_word' id='word_1_499' title='bbox 307 4346 692 4397; x_wconf 88' lang='lat' dir='ltr'><strong>numerantur</strong></span> <span class='ocrx_word' id='word_1_500' title='bbox 740 4343 1026 4410; x_wconf 87' lang='lat' dir='ltr'><strong>totidem;</strong></span> <span class='ocrx_word' id='word_1_501' title='bbox 1076 4344 1279 4413; x_wconf 90' lang='lat' dir='ltr'><strong>quales</strong></span> <span class='ocrx_word' id='word_1_502' title='bbox 1333 4360 1527 4399; x_wconf 87' lang='lat' dir='ltr'><strong>revera</strong></span> <span class='ocrx_word' id='word_1_503' title='bbox 1578 4345 1636 4401; x_wconf 92' lang='lat' dir='ltr'><strong>in</strong></span> <span class='ocrx_word' id='word_1_504' title='bbox 1682 4346 1790 4401; x_wconf 89' lang='lat' dir='ltr'><strong>hac</strong></span> <span class='ocrx_word' id='word_1_505' title='bbox 1822 4347 1941 4403; x_wconf 84' lang='lat' dir='ltr'><strong>tilia</strong></span> 
     </span>
    </p>
   </div>
   <div class='ocr_carea' id='block_1_78' title="bbox 310 4429 1939 4501">
    <p class='ocr_par' dir='ltr' id='par_1_78' title="bbox 310 4429 1939 4501">
     <span class='ocr_line' id='line_1_78' title="bbox 310 4429 1939 4501; baseline 0.006 -19"><span class='ocrx_word' id='word_1_506' title='bbox 310 4429 615 4484; x_wconf 90' lang='lat' dir='ltr'><strong>Michaelis</strong></span> <span class='ocrx_word' id='word_1_507' title='bbox 647 4431 886 4499; x_wconf 76' lang='lat' dir='ltr'><strong>Augusti</strong></span> <span class='ocrx_word' id='word_1_508' title='bbox 915 4438 1178 4501; x_wconf 88' lang='lat' dir='ltr'><strong>respectu</strong></span> <span class='ocrx_word' id='word_1_509' title='bbox 1226 4432 1424 4500; x_wconf 88' lang='lat' dir='ltr'><strong>sponsi</strong></span> <span class='ocrx_word' id='word_1_510' title='bbox 1456 4431 1506 4488; x_wconf 87' lang='lat' dir='ltr'><strong>ei</strong></span> <span class='ocrx_word' id='word_1_511' title='bbox 1530 4434 1800 4488; x_wconf 88' lang='lat' dir='ltr'><strong>destinati</strong></span> <span class='ocrx_word' id='word_1_512' title='bbox 1835 4436 1939 4491; x_wconf 88' lang='lat' dir='ltr'><strong>Mi-</strong></span> 
     </span>
    </p>
   </div>
   <div class='ocr_carea' id='block_1_79' title="bbox 308 4519 1947 4593">
    <p class='ocr_par' dir='ltr' id='par_1_79' title="bbox 308 4519 1947 4593">
     <span class='ocr_line' id='line_1_79' title="bbox 308 4519 1947 4593; baseline 0.003 -19"><span class='ocrx_word' id='word_1_513' title='bbox 308 4519 527 4574; x_wconf 88' lang='lat' dir='ltr'><strong>chaelis</strong></span> <span class='ocrx_word' id='word_1_514' title='bbox 557 4520 811 4589; x_wconf 70' lang='lat' dir='ltr'><strong>despotaa</strong></span> <span class='ocrx_word' id='word_1_515' title='bbox 845 4522 1498 4577; x_wconf 84' lang='lat' dir='ltr'><strong>numerabantur.Uude</strong></span> <span class='ocrx_word' id='word_1_516' title='bbox 1527 4540 1593 4578; x_wconf 77' lang='lat' dir='ltr'><strong>ex</strong></span> <span class='ocrx_word' id='word_1_517' title='bbox 1628 4524 1732 4579; x_wconf 86' lang='lat' dir='ltr'><strong>hac</strong></span> <span class='ocrx_word' id='word_1_518' title='bbox 1764 4531 1947 4593; x_wconf 86' lang='lat' dir='ltr'><strong>parte,</strong></span> 
     </span>
    </p>
   </div>
   <div class='ocr_carea' id='block_1_80' title="bbox 310 4609 1946 4681">
    <p class='ocr_par' dir='ltr' id='par_1_80' title="bbox 310 4609 1946 4681">
     <span class='ocr_line' id='line_1_80' title="bbox 310 4609 1946 4681; baseline 0.004 -20"><span class='ocrx_word' id='word_1_519' title='bbox 310 4613 373 4661; x_wconf 90' lang='lat' dir='ltr'><strong>ut</strong></span> <span class='ocrx_word' id='word_1_520' title='bbox 429 4609 507 4661; x_wconf 87' lang='lat' dir='ltr'><strong>ait</strong></span> <span class='ocrx_word' id='word_1_521' title='bbox 579 4609 917 4675; x_wconf 86' lang='lat' dir='ltr'><strong>historicus,</strong></span> <span class='ocrx_word' id='word_1_522' title='bbox 980 4616 1233 4681; x_wconf 90' lang='lat' dir='ltr'><strong>quatuor</strong></span> <span class='ocrx_word' id='word_1_523' title='bbox 1261 4616 1427 4665; x_wconf 87' lang='lat' dir='ltr'><strong>erant</strong></span> <span class='ocrx_word' id='word_1_524' title='bbox 1464 4610 1796 4665; x_wconf 77' lang='grc' dir='ltr'>συνοικεσίου</span> <span class='ocrx_word' id='word_1_525' title='bbox 1826 4614 1946 4668; x_wconf 88' lang='lat' dir='ltr'><strong>sive</strong></span> 
     </span>
    </p>
   </div>
   <div class='ocr_carea' id='block_1_81' title="bbox 312 4696 1944 4770">
    <p class='ocr_par' dir='ltr' id='par_1_81' title="bbox 312 4696 1944 4770">
     <span class='ocr_line' id='line_1_81' title="bbox 312 4696 1944 4770; baseline 0.005 -21"><span class='ocrx_word' id='word_1_526' title='bbox 312 4696 617 4749; x_wconf 80' lang='lat' dir='ltr'><strong>afﬁnitatis</strong></span> <span class='ocrx_word' id='word_1_527' title='bbox 675 4697 915 4766; x_wconf 83' lang='lat' dir='ltr'><strong>gradus,</strong></span> <span class='ocrx_word' id='word_1_528' title='bbox 964 4714 1030 4752; x_wconf 83' lang='lat' dir='ltr'><strong>ex</strong></span> <span class='ocrx_word' id='word_1_529' title='bbox 1084 4702 1245 4767; x_wconf 84' lang='lat' dir='ltr'><strong>parte</strong></span> <span class='ocrx_word' id='word_1_530' title='bbox 1292 4714 1426 4753; x_wconf 89' lang='lat' dir='ltr'><strong>vero</strong></span> <span class='ocrx_word' id='word_1_531' title='bbox 1491 4700 1687 4768; x_wconf 83' lang='lat' dir='ltr'><strong>sponsi</strong></span> <span class='ocrx_word' id='word_1_532' title='bbox 1759 4701 1944 4770; x_wconf 89' lang='lat' dir='ltr'><strong>ipsius</strong></span> 
     </span>
    </p>
   </div>
   <div class='ocr_carea' id='block_1_82' title="bbox 309 4780 1940 4858">
    <p class='ocr_par' dir='ltr' id='par_1_82' title="bbox 309 4780 1940 4858">
     <span class='ocr_line' id='line_1_82' title="bbox 309 4780 1940 4858; baseline 0.006 -24"><span class='ocrx_word' id='word_1_533' title='bbox 309 4780 606 4835; x_wconf 84' lang='lat' dir='ltr'><strong>Michaelis</strong></span> <span class='ocrx_word' id='word_1_534' title='bbox 639 4784 893 4853; x_wconf 58' lang='lat' dir='ltr'><strong>despota’.</strong></span> <span class='ocrx_word' id='word_1_535' title='bbox 918 4790 1186 4854; x_wconf 91' lang='lat' dir='ltr'><strong>respectu</strong></span> <span class='ocrx_word' id='word_1_536' title='bbox 1218 4786 1413 4840; x_wconf 86' lang='lat' dir='ltr'><strong>fratris</strong></span> <span class='ocrx_word' id='word_1_537' title='bbox 1455 4787 1584 4855; x_wconf 82' lang='lat' dir='ltr'><strong>ejus</strong></span> <span class='ocrx_word' id='word_1_538' title='bbox 1635 4786 1940 4858; x_wconf 82' lang='lat' dir='ltr'><strong>Nicephori</strong></span> 
     </span>
    </p>
   </div>
   <div class='ocr_carea' id='block_1_83' title="bbox 310 4868 1941 4941">
    <p class='ocr_par' dir='ltr' id='par_1_83' title="bbox 310 4868 1941 4941">
     <span class='ocr_line' id='line_1_83' title="bbox 310 4868 1941 4941; baseline 0.007 -22"><span class='ocrx_word' id='word_1_539' title='bbox 310 4873 366 4920; x_wconf 92' lang='lat' dir='ltr'><strong>et</strong></span> <span class='ocrx_word' id='word_1_540' title='bbox 412 4868 540 4935; x_wconf 85' lang='lat' dir='ltr'><strong>ejus</strong></span> <span class='ocrx_word' id='word_1_541' title='bbox 598 4871 863 4941; x_wconf 81' lang='lat' dir='ltr'><strong>conjugis</strong></span> <span class='ocrx_word' id='word_1_542' title='bbox 910 4875 1087 4926; x_wconf 72' lang='lat' dir='ltr'><strong>Annua</strong></span> <span class='ocrx_word' id='word_1_543' title='bbox 1140 4878 1286 4927; x_wconf 72' lang='lat' dir='ltr'><strong>natae</strong></span> <span class='ocrx_word' id='word_1_544' title='bbox 1318 4890 1387 4927; x_wconf 78' lang='lat' dir='ltr'><strong>ex</strong></span> <span class='ocrx_word' id='word_1_545' title='bbox 1415 4886 1610 4928; x_wconf 88' lang='lat' dir='ltr'><strong>sorore</strong></span> <span class='ocrx_word' id='word_1_546' title='bbox 1643 4876 1941 4931; x_wconf 76' lang='lat' dir='ltr'><strong>Michaelis</strong></span> 
     </span>
    </p>
   </div>
   <div class='ocr_carea' id='block_1_84' title="bbox 310 4956 1941 5033">
    <p class='ocr_par' dir='ltr' id='par_1_84' title="bbox 310 4956 1941 5033">
     <span class='ocr_line' id='line_1_84' title="bbox 310 4956 1941 5033; baseline 0.007 -26"><span class='ocrx_word' id='word_1_547' title='bbox 310 4956 581 5023; x_wconf 84' lang='lat' dir='ltr'><strong>Augusti,</strong></span> <span class='ocrx_word' id='word_1_548' title='bbox 640 4957 791 5025; x_wconf 91' lang='lat' dir='ltr'><strong>duo;</strong></span> <span class='ocrx_word' id='word_1_549' title='bbox 845 4960 984 5027; x_wconf 86' lang='lat' dir='ltr'><strong>quia</strong></span> <span class='ocrx_word' id='word_1_550' title='bbox 1033 4964 1097 5013; x_wconf 90' lang='lat' dir='ltr'><strong>ut</strong></span> <span class='ocrx_word' id='word_1_551' title='bbox 1140 4961 1203 5029; x_wconf 88' lang='lat' dir='ltr'><strong>(P</strong></span> <span class='ocrx_word' id='word_1_552' title='bbox 1234 4962 1361 5030; x_wconf 82' lang='grc'><strong>477)</strong></span> <span class='ocrx_word' id='word_1_553' title='bbox 1411 4964 1941 5033; x_wconf 85' lang='lat' dir='ltr'><strong>consanguinitatis</strong></span> 
     </span>
    </p>
   </div>
   <div class='ocr_carea' id='block_1_85' title="bbox 308 5044 1936 5117">
    <p class='ocr_par' dir='ltr' id='par_1_85' title="bbox 308 5044 1936 5117">
     <span class='ocr_line' id='line_1_85' title="bbox 308 5044 1936 5117; baseline 0.009 -23"><span class='ocrx_word' id='word_1_554' title='bbox 308 5044 492 5112; x_wconf 81' lang='lat' dir='ltr'><strong>gradu</strong></span> <span class='ocrx_word' id='word_1_555' title='bbox 524 5045 781 5097; x_wconf 85' lang='lat' dir='ltr'><strong>secundo</strong></span> <span class='ocrx_word' id='word_1_556' title='bbox 813 5048 1266 5102; x_wconf 87' lang='lat' dir='ltr'><strong>connectebatur</strong></span> <span class='ocrx_word' id='word_1_557' title='bbox 1297 5050 1475 5102; x_wconf 87' lang='lat' dir='ltr'><strong>frater</strong></span> <span class='ocrx_word' id='word_1_558' title='bbox 1507 5050 1689 5117; x_wconf 87' lang='lat' dir='ltr'><strong>fratri,</strong></span> <span class='ocrx_word' id='word_1_559' title='bbox 1736 5052 1812 5106; x_wconf 87' lang='lat' dir='ltr'><strong>ita</strong></span> <span class='ocrx_word' id='word_1_560' title='bbox 1844 5070 1936 5108; x_wconf 69' lang='lat' dir='ltr'><strong>se~</strong></span> 
     </span>
    </p>
   </div>
   <div class='ocr_carea' id='block_1_86' title="bbox 311 5131 1942 5210">
    <p class='ocr_par' dir='ltr' id='par_1_86' title="bbox 311 5131 1942 5210">
     <span class='ocr_line' id='line_1_86' title="bbox 311 5131 1942 5210; baseline 0.007 -26"><span class='ocrx_word' id='word_1_561' title='bbox 311 5131 500 5184; x_wconf 91' lang='lat' dir='ltr'><strong>cundo</strong></span> <span class='ocrx_word' id='word_1_562' title='bbox 551 5133 763 5199; x_wconf 88' lang='lat' dir='ltr'><strong>pariter</strong></span> <span class='ocrx_word' id='word_1_563' title='bbox 816 5135 1119 5190; x_wconf 86' lang='lat' dir='ltr'><strong>affinitatis</strong></span> <span class='ocrx_word' id='word_1_564' title='bbox 1185 5139 1364 5206; x_wconf 87' lang='lat' dir='ltr'><strong>gradu</strong></span> <span class='ocrx_word' id='word_1_565' title='bbox 1433 5140 1942 5210; x_wconf 87' lang='lat' dir='ltr'><strong>conjungebantur</strong></span> 
     </span>
    </p>
   </div>
   <div class='ocr_carea' id='block_1_87' title="bbox 310 5220 1941 5297">
    <p class='ocr_par' dir='ltr' id='par_1_87' title="bbox 310 5220 1941 5297">
     <span class='ocr_line' id='line_1_87' title="bbox 310 5220 1941 5297; baseline 0.007 -24"><span class='ocrx_word' id='word_1_566' title='bbox 310 5220 452 5273; x_wconf 86' lang='lat' dir='ltr'><strong>levir</strong></span> <span class='ocrx_word' id='word_1_567' title='bbox 499 5225 555 5273; x_wconf 91' lang='lat' dir='ltr'><strong>et</strong></span> <span class='ocrx_word' id='word_1_568' title='bbox 622 5220 844 5277; x_wconf 86' lang='lat' dir='ltr'><strong>fratria.</strong></span> <span class='ocrx_word' id='word_1_569' title='bbox 883 5226 1008 5278; x_wconf 76' lang='lat' dir='ltr'><strong>iizec</strong></span> <span class='ocrx_word' id='word_1_570' title='bbox 1040 5239 1205 5279; x_wconf 84' lang='lat' dir='ltr'><strong>mens</strong></span> <span class='ocrx_word' id='word_1_571' title='bbox 1237 5226 1412 5294; x_wconf 87' lang='lat' dir='ltr'><strong>hujus</strong></span> <span class='ocrx_word' id='word_1_572' title='bbox 1462 5225 1566 5281; x_wconf 92' lang='lat' dir='ltr'><strong>loci</strong></span> <span class='ocrx_word' id='word_1_573' title='bbox 1627 5234 1755 5297; x_wconf 75' lang='lat' dir='ltr'><strong>est;</strong></span> <span class='ocrx_word' id='word_1_574' title='bbox 1789 5233 1941 5285; x_wconf 88' lang='lat' dir='ltr'><strong>circa</strong></span> 
     </span>
    </p>
   </div>
   <div class='ocr_carea' id='block_1_88' title="bbox 307 5312 1932 5380">
    <p class='ocr_par' dir='ltr' id='par_1_88' title="bbox 307 5312 1932 5380">
     <span class='ocr_line' id='line_1_88' title="bbox 307 5312 1932 5380; baseline 0.008 -20"><span class='ocrx_word' id='word_1_575' title='bbox 307 5323 481 5377; x_wconf 85' lang='lat' dir='ltr'><strong>quem</strong></span> <span class='ocrx_word' id='word_1_576' title='bbox 538 5313 792 5364; x_wconf 80' lang='lat' dir='ltr'><strong>notanda</strong></span> <span class='ocrx_word' id='word_1_577' title='bbox 818 5312 972 5366; x_wconf 89' lang='lat' dir='ltr'><strong>venit</strong></span> <span class='ocrx_word' id='word_1_578' title='bbox 1002 5312 1213 5380; x_wconf 85' lang='lat' dir='ltr'><strong>duplex</strong></span> <span class='ocrx_word' id='word_1_579' title='bbox 1245 5314 1574 5370; x_wconf 64' lang='lat' dir='ltr'><strong>Graecorum</strong></span> <span class='ocrx_word' id='word_1_580' title='bbox 1600 5316 1759 5371; x_wconf 89' lang='lat' dir='ltr'><strong>illius</strong></span> <span class='ocrx_word' id='word_1_581' title='bbox 1792 5323 1932 5373; x_wconf 85' lang='lat' dir='ltr'><strong>tem-</strong></span> 
     </span>
    </p>
   </div>
   <div class='ocr_carea' id='block_1_89' title="bbox 305 5403 1937 5479">
    <p class='ocr_par' dir='ltr' id='par_1_89' title="bbox 305 5403 1937 5479">
     <span class='ocr_line' id='line_1_89' title="bbox 305 5403 1937 5479; baseline 0.007 -23"><span class='ocrx_word' id='word_1_582' title='bbox 305 5403 462 5473; x_wconf 90' lang='lat' dir='ltr'><strong>poris</strong></span> <span class='ocrx_word' id='word_1_583' title='bbox 494 5421 525 5458; x_wconf 91' lang='lat' dir='ltr'><strong>a</strong></span> <span class='ocrx_word' id='word_1_584' title='bbox 559 5404 775 5461; x_wconf 85' lang='lat' dir='ltr'><strong>Latinis</strong></span> <span class='ocrx_word' id='word_1_585' title='bbox 823 5409 1122 5463; x_wconf 83' lang='lat' dir='ltr'><strong>hodiernis</strong></span> <span class='ocrx_word' id='word_1_586' title='bbox 1175 5409 1585 5479; x_wconf 87' lang='lat' dir='ltr'><strong>discrepantia.</strong></span> <span class='ocrx_word' id='word_1_587' title='bbox 1639 5413 1801 5467; x_wconf 87' lang='lat' dir='ltr'><strong>Prior</strong></span> <span class='ocrx_word' id='word_1_588' title='bbox 1848 5418 1937 5468; x_wconf 89' lang='lat' dir='ltr'><strong>est</strong></span> 
     </span>
    </p>
   </div>
   <div class='ocr_carea' id='block_1_90' title="bbox 304 5494 1936 5568">
    <p class='ocr_par' dir='ltr' id='par_1_90' title="bbox 304 5494 1936 5568">
     <span class='ocr_line' id='line_1_90' title="bbox 304 5494 1936 5568; baseline 0.007 -23"><span class='ocrx_word' id='word_1_589' title='bbox 304 5494 482 5563; x_wconf 87' lang='lat' dir='ltr'><strong>quod,</strong></span> <span class='ocrx_word' id='word_1_590' title='bbox 506 5499 568 5548; x_wconf 90' lang='lat' dir='ltr'><strong>ut</strong></span> <span class='ocrx_word' id='word_1_591' title='bbox 601 5496 737 5550; x_wconf 88' lang='lat' dir='ltr'><strong>hinc</strong></span> <span class='ocrx_word' id='word_1_592' title='bbox 762 5499 1190 5568; x_wconf 85' lang='lat' dir='ltr'><strong>apparet,apud</strong></span> <span class='ocrx_word' id='word_1_593' title='bbox 1226 5499 1452 5554; x_wconf 62' lang='lat' dir='ltr'><strong>Graecos</strong></span> <span class='ocrx_word' id='word_1_594' title='bbox 1497 5502 1635 5555; x_wconf 90' lang='lat' dir='ltr'><strong>tunc</strong></span> <span class='ocrx_word' id='word_1_595' title='bbox 1684 5502 1936 5557; x_wconf 76' lang='lat' dir='ltr'><strong>affinitas</strong></span> 
     </span>
    </p>
   </div>
   <div class='ocr_carea' id='block_1_91' title="bbox 304 5582 1937 5656">
    <p class='ocr_par' dir='ltr' id='par_1_91' title="bbox 304 5582 1937 5656">
     <span class='ocr_line' id='line_1_91' title="bbox 304 5582 1937 5656; baseline 0.006 -20"><span class='ocrx_word' id='word_1_596' title='bbox 304 5582 647 5637; x_wconf 83' lang='lat' dir='ltr'><strong>affinitatem</strong></span> <span class='ocrx_word' id='word_1_597' title='bbox 678 5586 958 5655; x_wconf 84' lang='lat' dir='ltr'><strong>pariebat,</strong></span> <span class='ocrx_word' id='word_1_598' title='bbox 994 5594 1126 5641; x_wconf 84' lang='lat' dir='ltr'><strong>cum</strong></span> <span class='ocrx_word' id='word_1_599' title='bbox 1152 5587 1217 5641; x_wconf 88' lang='lat' dir='ltr'><strong>.in</strong></span> <span class='ocrx_word' id='word_1_600' title='bbox 1251 5587 1500 5656; x_wconf 78' lang='lat' dir='ltr'><strong>uelljam</strong></span> <span class='ocrx_word' id='word_1_601' title='bbox 1531 5589 1796 5644; x_wconf 63' lang='lat' dir='ltr'><strong>Ecclesia;</strong></span> <span class='ocrx_word' id='word_1_602' title='bbox 1832 5592 1937 5646; x_wconf 92' lang='lat' dir='ltr'><strong>La-</strong></span> 
     </span>
    </p>
   </div>
   <div class='ocr_carea' id='block_1_92' title="bbox 2057 3194 3686 3265">
    <p class='ocr_par' dir='ltr' id='par_1_92' title="bbox 2057 3194 3686 3265">
     <span class='ocr_line' id='line_1_92' title="bbox 2057 3194 3686 3265; baseline 0.005 -16"><span class='ocrx_word' id='word_1_603' title='bbox 2057 3196 2187 3249; x_wconf 86' lang='lat' dir='ltr'><strong>dem</strong></span> <span class='ocrx_word' id='word_1_604' title='bbox 2222 3194 2535 3265; x_wconf 89' lang='lat' dir='ltr'><strong>proditoris</strong></span> <span class='ocrx_word' id='word_1_605' title='bbox 2558 3196 2731 3249; x_wconf 89' lang='lat' dir='ltr'><strong>etiam</strong></span> <span class='ocrx_word' id='word_1_606' title='bbox 2753 3194 2812 3250; x_wconf 91' lang='lat' dir='ltr'><strong>in</strong></span> <span class='ocrx_word' id='word_1_607' title='bbox 2838 3196 2983 3265; x_wconf 75' lang='lat' dir='ltr'><strong>fllng</strong></span> <span class='ocrx_word' id='word_1_608' title='bbox 3006 3197 3099 3251; x_wconf 89' lang='lat' dir='ltr'><strong>via</strong></span> <span class='ocrx_word' id='word_1_609' title='bbox 3118 3198 3428 3254; x_wconf 88' lang='lat' dir='ltr'><strong>consilium</strong></span> <span class='ocrx_word' id='word_1_610' title='bbox 3456 3201 3686 3258; x_wconf 87' lang='lat' dir='ltr'><strong>fraudu-</strong></span> 
     </span>
    </p>
   </div>
   <div class='ocr_carea' id='block_1_93' title="bbox 2048 3281 3677 3359">
    <p class='ocr_par' dir='ltr' id='par_1_93' title="bbox 2048 3281 3677 3359">
     <span class='ocr_line' id='line_1_93' title="bbox 2048 3281 3677 3359; baseline 0.002 -18"><span class='ocrx_word' id='word_1_611' title='bbox 2048 3281 2268 3341; x_wconf 82' lang='lat' dir='ltr'><strong>lentum</strong></span> <span class='ocrx_word' id='word_1_612' title='bbox 2302 3296 2554 3353; x_wconf 87' lang='lat' dir='ltr'><strong>sequens</strong></span> <span class='ocrx_word' id='word_1_613' title='bbox 2587 3300 2648 3338; x_wconf 88' lang='lat' dir='ltr'><strong>se</strong></span> <span class='ocrx_word' id='word_1_614' title='bbox 2678 3300 2933 3353; x_wconf 88' lang='lat' dir='ltr'><strong>suosque</strong></span> <span class='ocrx_word' id='word_1_615' title='bbox 2965 3285 3213 3353; x_wconf 87' lang='lat' dir='ltr'><strong>conjecit</strong></span> <span class='ocrx_word' id='word_1_616' title='bbox 3242 3286 3300 3340; x_wconf 91' lang='lat' dir='ltr'><strong>in</strong></span> <span class='ocrx_word' id='word_1_617' title='bbox 3351 3290 3677 3359; x_wconf 85' lang='lat' dir='ltr'><strong>angustias,</strong></span> 
     </span>
    </p>
   </div>
   <div class='ocr_carea' id='block_1_94' title="bbox 2050 3370 3681 3444">
    <p class='ocr_par' dir='ltr' id='par_1_94' title="bbox 2050 3370 3681 3444">
     <span class='ocr_line' id='line_1_94' title="bbox 2050 3370 3681 3444; baseline 0.005 -19"><span class='ocrx_word' id='word_1_618' title='bbox 2050 3370 2146 3425; x_wconf 86' lang='lat' dir='ltr'><strong>ubi</strong></span> <span class='ocrx_word' id='word_1_619' title='bbox 2210 3376 2341 3425; x_wconf 78' lang='lat' dir='ltr'><strong>mox</strong></span> <span class='ocrx_word' id='word_1_620' title='bbox 2388 3370 2621 3441; x_wconf 87' lang='lat' dir='ltr'><strong>plurimi</strong></span> <span class='ocrx_word' id='word_1_621' title='bbox 2679 3388 2712 3425; x_wconf 91' lang='lat' dir='ltr'><strong>a</strong></span> <span class='ocrx_word' id='word_1_622' title='bbox 2757 3372 2958 3441; x_wconf 90' lang='lat' dir='ltr'><strong>paucis</strong></span> <span class='ocrx_word' id='word_1_623' title='bbox 3008 3373 3218 3428; x_wconf 89' lang='lat' dir='ltr'><strong>misere</strong></span> <span class='ocrx_word' id='word_1_624' title='bbox 3266 3376 3489 3444; x_wconf 88' lang='lat' dir='ltr'><strong>opressi</strong></span> <span class='ocrx_word' id='word_1_625' title='bbox 3542 3382 3681 3433; x_wconf 87' lang='lat' dir='ltr'><strong>sunt</strong></span> 
     </span>
    </p>
   </div>
   <div class='ocr_carea' id='block_1_95' title="bbox 2050 3457 3678 3530">
    <p class='ocr_par' dir='ltr' id='par_1_95' title="bbox 2050 3457 3678 3530">
     <span class='ocr_line' id='line_1_95' title="bbox 2050 3457 3678 3530; baseline 0.006 -19"><span class='ocrx_word' id='word_1_626' title='bbox 2050 3457 2444 3529; x_wconf 87' lang='lat' dir='ltr'><strong>Bulgaris,qui</strong></span> <span class='ocrx_word' id='word_1_627' title='bbox 2468 3476 2534 3514; x_wconf 75' lang='lat' dir='ltr'><strong>ex</strong></span> <span class='ocrx_word' id='word_1_628' title='bbox 2565 3461 2885 3530; x_wconf 87' lang='lat' dir='ltr'><strong>composito</strong></span> <span class='ocrx_word' id='word_1_629' title='bbox 2916 3460 2971 3513; x_wconf 90' lang='lat' dir='ltr'><strong>in</strong></span> <span class='ocrx_word' id='word_1_630' title='bbox 2996 3460 3422 3518; x_wconf 89' lang='lat' dir='ltr'><strong>circumventos</strong></span> <span class='ocrx_word' id='word_1_631' title='bbox 3453 3464 3678 3522; x_wconf 85' lang='lat' dir='ltr'><strong>irruen-</strong></span> 
     </span>
    </p>
   </div>
   <div class='ocr_carea' id='block_1_96' title="bbox 2050 3548 3677 3618">
    <p class='ocr_par' dir='ltr' id='par_1_96' title="bbox 2050 3548 3677 3618">
     <span class='ocr_line' id='line_1_96' title="bbox 2050 3548 3677 3618; baseline 0.004 -17"><span class='ocrx_word' id='word_1_632' title='bbox 2050 3550 2139 3601; x_wconf 87' lang='lat' dir='ltr'><strong>tes</strong></span> <span class='ocrx_word' id='word_1_633' title='bbox 2176 3549 2467 3601; x_wconf 85' lang='lat' dir='ltr'><strong>Romanos</strong></span> <span class='ocrx_word' id='word_1_634' title='bbox 2518 3548 2826 3618; x_wconf 88' lang='lat' dir='ltr'><strong>plerosque</strong></span> <span class='ocrx_word' id='word_1_635' title='bbox 2871 3549 3121 3614; x_wconf 72' lang='lat' dir='ltr'><strong>caedunt,</strong></span> <span class='ocrx_word' id='word_1_636' title='bbox 3165 3549 3513 3618; x_wconf 89' lang='lat' dir='ltr'><strong>imperatore</strong></span> <span class='ocrx_word' id='word_1_637' title='bbox 3542 3570 3677 3609; x_wconf 88' lang='lat' dir='ltr'><strong>cum</strong></span> 
     </span>
    </p>
   </div>
   <div class='ocr_carea' id='block_1_97' title="bbox 2051 3634 3681 3710">
    <p class='ocr_par' dir='ltr' id='par_1_97' title="bbox 2051 3634 3681 3710">
     <span class='ocr_line' id='line_1_97' title="bbox 2051 3634 3681 3710; baseline 0.002 -20"><span class='ocrx_word' id='word_1_638' title='bbox 2051 3642 2164 3690; x_wconf 80' lang='lat' dir='ltr'><strong>non</strong></span> <span class='ocrx_word' id='word_1_639' title='bbox 2200 3634 2397 3688; x_wconf 79' lang='lat' dir='ltr'><strong>multis</strong></span> <span class='ocrx_word' id='word_1_640' title='bbox 2426 3649 2573 3704; x_wconf 78' lang='lat' dir='ltr'><strong>zegre</strong></span> <span class='ocrx_word' id='word_1_641' title='bbox 2604 3650 2665 3689; x_wconf 91' lang='lat' dir='ltr'><strong>se</strong></span> <span class='ocrx_word' id='word_1_642' title='bbox 2696 3636 2752 3689; x_wconf 86' lang='lat' dir='ltr'><strong>in</strong></span> <span class='ocrx_word' id='word_1_643' title='bbox 2786 3640 2978 3690; x_wconf 86' lang='lat' dir='ltr'><strong>tutum</strong></span> <span class='ocrx_word' id='word_1_644' title='bbox 3011 3636 3342 3708; x_wconf 88' lang='lat' dir='ltr'><strong>recipiente,</strong></span> <span class='ocrx_word' id='word_1_645' title='bbox 3376 3639 3534 3694; x_wconf 89' lang='lat' dir='ltr'><strong>omni</strong></span> <span class='ocrx_word' id='word_1_646' title='bbox 3584 3655 3681 3710; x_wconf 90' lang='lat' dir='ltr'><strong>ap-</strong></span> 
     </span>
    </p>
   </div>
   <div class='ocr_carea' id='block_1_98' title="bbox 2052 3719 3675 3791">
    <p class='ocr_par' dir='ltr' id='par_1_98' title="bbox 2052 3719 3675 3791">
     <span class='ocr_line' id='line_1_98' title="bbox 2052 3719 3675 3791; baseline 0.004 -18"><span class='ocrx_word' id='word_1_647' title='bbox 2052 3725 2257 3791; x_wconf 87' lang='lat' dir='ltr'><strong>paratu</strong></span> <span class='ocrx_word' id='word_1_648' title='bbox 2289 3726 2346 3775; x_wconf 90' lang='lat' dir='ltr'><strong>et</strong></span> <span class='ocrx_word' id='word_1_649' title='bbox 2377 3719 2750 3789; x_wconf 87' lang='lat' dir='ltr'><strong>imperatoria</strong></span> <span class='ocrx_word' id='word_1_650' title='bbox 2781 3720 3129 3789; x_wconf 88' lang='lat' dir='ltr'><strong>supellectili</strong></span> <span class='ocrx_word' id='word_1_651' title='bbox 3162 3722 3428 3778; x_wconf 87' lang='lat' dir='ltr'><strong>hostibus</strong></span> <span class='ocrx_word' id='word_1_652' title='bbox 3457 3724 3675 3781; x_wconf 91' lang='lat' dir='ltr'><strong>relicta.</strong></span> 
     </span>
    </p>
   </div>
   <div class='ocr_carea' id='block_1_99' title="bbox 2051 3804 3685 3883">
    <p class='ocr_par' dir='ltr' id='par_1_99' title="bbox 2051 3804 3685 3883">
     <span class='ocr_line' id='line_1_99' title="bbox 2051 3804 3685 3883; baseline 0.001 -20"><span class='ocrx_word' id='word_1_653' title='bbox 2051 3808 2119 3863; x_wconf 78' lang='grc' dir='ltr'><strong>Οἱ</strong></span> <span class='ocrx_word' id='word_1_654' title='bbox 2149 3804 2225 3877; x_wconf 71' lang='grc' dir='ltr'><strong>δὶ,</strong></span> <span class='ocrx_word' id='word_1_655' title='bbox 2258 3809 2341 3863; x_wconf 75' lang='lat' dir='ltr'><strong>ait</strong></span> <span class='ocrx_word' id='word_1_656' title='bbox 2395 3807 2746 3878; x_wconf 82' lang='lat' dir='ltr'><strong>Acropoiita,</strong></span> <span class='ocrx_word' id='word_1_657' title='bbox 2781 3804 3127 3872; x_wconf 66' lang='grc' dir='ltr'><strong>διασωθέντες</strong></span> <span class='ocrx_word' id='word_1_658' title='bbox 3187 3810 3320 3879; x_wconf 80' lang='grc' dir='ltr'><strong>μετὰ</strong></span> <span class='ocrx_word' id='word_1_659' title='bbox 3370 3814 3466 3864; x_wconf 83' lang='grc' dir='ltr'>τοῦ</span> <span class='ocrx_word' id='word_1_660' title='bbox 3528 3812 3685 3883; x_wconf 68' lang='grc' dir='ltr'>βασι-</span> 
     </span>
    </p>
   </div>
   <div class='ocr_carea' id='block_1_100' title="bbox 2051 3892 3681 3968">
    <p class='ocr_par' dir='ltr' id='par_1_100' title="bbox 2051 3892 3681 3968">
     <span class='ocr_line' id='line_1_100' title="bbox 2051 3892 3681 3968; baseline 0.004 -21"><span class='ocrx_word' id='word_1_661' title='bbox 2051 3892 2190 3955; x_wconf 72' lang='grc' dir='ltr'><strong>λὲως</strong></span> <span class='ocrx_word' id='word_1_662' title='bbox 2242 3894 2441 3967; x_wconf 84' lang='grc' dir='ltr'>γυμνοί</span> <span class='ocrx_word' id='word_1_663' title='bbox 2495 3914 2553 3948; x_wconf 78' lang='grc' dir='ltr'><strong>τε</strong></span> <span class='ocrx_word' id='word_1_664' title='bbox 2606 3895 2739 3962; x_wconf 82' lang='grc' dir='ltr'>ἦσαν</span> <span class='ocrx_word' id='word_1_665' title='bbox 2794 3895 2883 3947; x_wconf 82' lang='grc' dir='ltr'><strong>καὶ</strong></span> <span class='ocrx_word' id='word_1_666' title='bbox 2936 3894 3113 3968; x_wconf 80' lang='grc' dir='ltr'><strong>ὀλίγοι</strong></span> <span class='ocrx_word' id='word_1_667' title='bbox 3173 3898 3348 3953; x_wconf 84' lang='grc' dir='ltr'>πάνυ.</span> <span class='ocrx_word' id='word_1_668' title='bbox 3410 3898 3681 3961; x_wconf 80' lang='grc' dir='ltr'>Ἐντεῦθεν</span> 
     </span>
    </p>
   </div>
   <div class='ocr_carea' id='block_1_101' title="bbox 2052 3980 3686 4059">
    <p class='ocr_par' dir='ltr' id='par_1_101' title="bbox 2052 3980 3686 4059">
     <span class='ocr_line' id='line_1_101' title="bbox 2052 3980 3686 4059; baseline 0.002 -23"><span class='ocrx_word' id='word_1_669' title='bbox 2052 3981 2326 4058; x_wconf 69' lang='grc' dir='ltr'>ἐφυσιώθη</span> <span class='ocrx_word' id='word_1_670' title='bbox 2382 3982 2444 4035; x_wconf 84' lang='grc' dir='ltr'><strong>τὸ</strong></span> <span class='ocrx_word' id='word_1_671' title='bbox 2472 3986 2576 4034; x_wconf 80' lang='grc' dir='ltr'>τῶν</span> <span class='ocrx_word' id='word_1_672' title='bbox 2610 3980 2939 4054; x_wconf 81' lang='grc' dir='ltr'>Βουλγάρων</span> <span class='ocrx_word' id='word_1_673' title='bbox 2985 3982 3154 4059; x_wconf 81' lang='grc' dir='ltr'>φῦλον</span> <span class='ocrx_word' id='word_1_674' title='bbox 3188 3982 3333 4038; x_wconf 79' lang='grc' dir='ltr'>λείαν</span> <span class='ocrx_word' id='word_1_675' title='bbox 3366 3984 3584 4053; x_wconf 75' lang='grc' dir='ltr'>πολλὴν</span> <span class='ocrx_word' id='word_1_676' title='bbox 3628 3984 3686 4040; x_wconf 81' lang='grc' dir='ltr'>ἒκ</span> 
     </span>
    </p>
   </div>
   <div class='ocr_carea' id='block_1_102' title="bbox 2050 4067 3683 4147">
    <p class='ocr_par' dir='ltr' id='par_1_102' title="bbox 2050 4067 3683 4147">
     <span class='ocr_line' id='line_1_102' title="bbox 2050 4067 3683 4147; baseline 0.001 -22"><span class='ocrx_word' id='word_1_677' title='bbox 2050 4075 2157 4125; x_wconf 78' lang='grc' dir='ltr'><strong>τῶν</strong></span> <span class='ocrx_word' id='word_1_678' title='bbox 2208 4068 2488 4140; x_wconf 72' lang='grc' dir='ltr'><strong>Ῥωμαίων</strong></span> <span class='ocrx_word' id='word_1_679' title='bbox 2530 4067 2813 4143; x_wconf 73' lang='grc' dir='ltr'>κερδῆσαν*</span> <span class='ocrx_word' id='word_1_680' title='bbox 2848 4068 2992 4124; x_wconf 80' lang='grc' dir='ltr'>ἀλλὰ</span> <span class='ocrx_word' id='word_1_681' title='bbox 3022 4068 3088 4139; x_wconf 81' lang='grc' dir='ltr'><strong>δὴ</strong></span> <span class='ocrx_word' id='word_1_682' title='bbox 3137 4072 3223 4125; x_wconf 84' lang='grc' dir='ltr'>καὶ</span> <span class='ocrx_word' id='word_1_683' title='bbox 3276 4071 3335 4125; x_wconf 83' lang='grc' dir='ltr'><strong>ἐκ</strong></span> <span class='ocrx_word' id='word_1_684' title='bbox 3372 4076 3476 4126; x_wconf 80' lang='grc' dir='ltr'><strong>τῶν</strong></span> <span class='ocrx_word' id='word_1_685' title='bbox 3533 4074 3683 4147; x_wconf 80' lang='grc' dir='ltr'>βασι-</span> 
     </span>
    </p>
   </div>
   <div class='ocr_carea' id='block_1_103' title="bbox 2054 4158 3682 4235">
    <p class='ocr_par' dir='ltr' id='par_1_103' title="bbox 2054 4158 3682 4235">
     <span class='ocr_line' id='line_1_103' title="bbox 2054 4158 3682 4235; baseline 0.001 -21"><span class='ocrx_word' id='word_1_686' title='bbox 2054 4158 2222 4215; x_wconf 76' lang='grc' dir='ltr'>λικῶν</span> <span class='ocrx_word' id='word_1_687' title='bbox 2281 4160 2618 4231; x_wconf 79' lang='grc' dir='ltr'><strong>παρασήμων</strong></span> <span class='ocrx_word' id='word_1_688' title='bbox 2669 4159 2735 4211; x_wconf 81' lang='grc' dir='ltr'><strong>τὰ</strong></span> <span class='ocrx_word' id='word_1_689' title='bbox 2787 4159 3115 4231; x_wconf 81' lang='grc' dir='ltr'><strong>τιμιώτερα’</strong></span> <span class='ocrx_word' id='word_1_690' title='bbox 3173 4160 3267 4221; x_wconf 84' lang='grc' dir='ltr'><strong>τάς</strong></span> <span class='ocrx_word' id='word_1_691' title='bbox 3322 4181 3381 4214; x_wconf 78' lang='grc' dir='ltr'>τε</span> <span class='ocrx_word' id='word_1_692' title='bbox 3436 4162 3538 4235; x_wconf 86' lang='grc' dir='ltr'><strong>γὰρ</strong></span> <span class='ocrx_word' id='word_1_693' title='bbox 3586 4166 3682 4215; x_wconf 81' lang='grc' dir='ltr'><strong>τοῦ</strong></span> 
     </span>
    </p>
   </div>
   <div class='ocr_carea' id='block_1_104' title="bbox 2058 4241 3683 4324">
    <p class='ocr_par' dir='ltr' id='par_1_104' title="bbox 2058 4241 3683 4324">
     <span class='ocr_line' id='line_1_104' title="bbox 2058 4241 3683 4324; baseline 0.001 -23"><span class='ocrx_word' id='word_1_694' title='bbox 2058 4246 2325 4321; x_wconf 75' lang='grc' dir='ltr'><strong>βασιλὲως</strong></span> <span class='ocrx_word' id='word_1_695' title='bbox 2394 4244 2701 4321; x_wconf 78' lang='grc' dir='ltr'>πυραμίδας</span> <span class='ocrx_word' id='word_1_696' title='bbox 2767 4241 3093 4300; x_wconf 77' lang='grc' dir='ltr'>ἀνελάϐοντθ</span> <span class='ocrx_word' id='word_1_697' title='bbox 3168 4247 3257 4300; x_wconf 81' lang='grc' dir='ltr'>καί</span> <span class='ocrx_word' id='word_1_698' title='bbox 3323 4247 3520 4324; x_wconf 72' lang='grc' dir='ltr'>φιάλας</span> <span class='ocrx_word' id='word_1_699' title='bbox 3576 4254 3683 4303; x_wconf 83' lang='grc' dir='ltr'><strong>τῶν</strong></span> 
     </span>
    </p>
   </div>
   <div class='ocr_carea' id='block_1_105' title="bbox 2053 4334 3680 4409">
    <p class='ocr_par' dir='ltr' id='par_1_105' title="bbox 2053 4334 3680 4409">
     <span class='ocr_line' id='line_1_105' title="bbox 2053 4334 3680 4409; baseline 0 -18"><span class='ocrx_word' id='word_1_700' title='bbox 2053 4336 2337 4407; x_wconf 70' lang='grc' dir='ltr'><strong>ἐπισήμων</strong></span> <span class='ocrx_word' id='word_1_701' title='bbox 2395 4340 2483 4389; x_wconf 81' lang='grc' dir='ltr'>καὶ</span> <span class='ocrx_word' id='word_1_702' title='bbox 2543 4338 2737 4409; x_wconf 79' lang='grc' dir='ltr'><strong>χρῆμα.</strong></span> <span class='ocrx_word' id='word_1_703' title='bbox 2792 4335 2866 4395; x_wconf 83' lang='grc' dir='ltr'>εἰς</span> <span class='ocrx_word' id='word_1_704' title='bbox 2924 4334 3136 4403; x_wconf 78' lang='grc' dir='ltr'>πλῆθος</span> <span class='ocrx_word' id='word_1_705' title='bbox 3184 4336 3271 4389; x_wconf 79' lang='grc' dir='ltr'><strong>καὶ</strong></span> <span class='ocrx_word' id='word_1_706' title='bbox 3302 4336 3459 4390; x_wconf 82' lang='grc' dir='ltr'>αὐτὸν</span> <span class='ocrx_word' id='word_1_707' title='bbox 3493 4335 3559 4404; x_wconf 76' lang='grc' dir='ltr'><strong>δὴ</strong></span> <span class='ocrx_word' id='word_1_708' title='bbox 3589 4339 3680 4392; x_wconf 87' lang='grc' dir='ltr'>τὸν</span> 
     </span>
    </p>
   </div>
   <div class='ocr_carea' id='block_1_106' title="bbox 2058 4424 3683 4500">
    <p class='ocr_par' dir='ltr' id='par_1_106' title="bbox 2058 4424 3683 4500">
     <span class='ocr_line' id='line_1_106' title="bbox 2058 4424 3683 4500; baseline 0.002 -21"><span class='ocrx_word' id='word_1_709' title='bbox 2058 4424 2336 4500; x_wconf 75' lang='grc' dir='ltr'>βασιλικὸν</span> <span class='ocrx_word' id='word_1_710' title='bbox 2366 4424 2615 4497; x_wconf 78' lang='grc' dir='ltr'><strong>σταυρόν,</strong></span> <span class='ocrx_word' id='word_1_711' title='bbox 2646 4432 2755 4479; x_wconf 87' lang='lat' dir='ltr'><strong>etc.</strong></span> <span class='ocrx_word' id='word_1_712' title='bbox 2790 4426 2918 4479; x_wconf 61' lang='lat' dir='ltr'><strong>Huic</strong></span> <span class='ocrx_word' id='word_1_713' title='bbox 2967 4431 3107 4480; x_wconf 87' lang='lat' dir='ltr'><strong>sunt</strong></span> <span class='ocrx_word' id='word_1_714' title='bbox 3161 4442 3289 4495; x_wconf 65' lang='lat' dir='ltr'><strong>qua)</strong></span> <span class='ocrx_word' id='word_1_715' title='bbox 3348 4432 3546 4482; x_wconf 89' lang='lat' dir='ltr'><strong>noster</strong></span> <span class='ocrx_word' id='word_1_716' title='bbox 3591 4428 3683 4482; x_wconf 89' lang='lat' dir='ltr'><strong>hic</strong></span> 
     </span>
    </p>
   </div>
   <div class='ocr_carea' id='block_1_107' title="bbox 2056 4512 3681 4586">
    <p class='ocr_par' dir='ltr' id='par_1_107' title="bbox 2056 4512 3681 4586">
     <span class='ocr_line' id='line_1_107' title="bbox 2056 4512 3681 4586; baseline -0.002 -17"><span class='ocrx_word' id='word_1_717' title='bbox 2056 4520 2221 4569; x_wconf 88' lang='lat' dir='ltr'><strong>vocat</strong></span> <span class='ocrx_word' id='word_1_718' title='bbox 2242 4513 2489 4582; x_wconf 79' lang='lat' dir='ltr'><strong>insignia</strong></span> <span class='ocrx_word' id='word_1_719' title='bbox 2513 4512 2753 4583; x_wconf 75' lang='lat' dir='ltr'><strong>imperii.</strong></span> <span class='ocrx_word' id='word_1_720' title='bbox 2794 4514 2854 4565; x_wconf 89' lang='lat' dir='ltr'><strong>In</strong></span> <span class='ocrx_word' id='word_1_721' title='bbox 2887 4512 3102 4581; x_wconf 86' lang='lat' dir='ltr'><strong>quibus</strong></span> <span class='ocrx_word' id='word_1_722' title='bbox 3124 4514 3277 4583; x_wconf 87' lang='lat' dir='ltr'><strong>quod</strong></span> <span class='ocrx_word' id='word_1_723' title='bbox 3308 4513 3401 4574; x_wconf 78' lang='grc' dir='ltr'><strong>τὰς</strong></span> <span class='ocrx_word' id='word_1_724' title='bbox 3433 4517 3529 4567; x_wconf 79' lang='grc' dir='ltr'><strong>τοῦ</strong></span> <span class='ocrx_word' id='word_1_725' title='bbox 3582 4514 3681 4586; x_wconf 76' lang='grc' dir='ltr'><strong>βεκ-</strong></span> 
     </span>
    </p>
   </div>
   <div class='ocr_carea' id='block_1_108' title="bbox 2055 4598 3683 4675">
    <p class='ocr_par' dir='ltr' id='par_1_108' title="bbox 2055 4598 3683 4675">
     <span class='ocr_line' id='line_1_108' title="bbox 2055 4598 3683 4675; baseline 0.001 -20"><span class='ocrx_word' id='word_1_726' title='bbox 2055 4599 2250 4662; x_wconf 75' lang='grc' dir='ltr'>σιλὲως</span> <span class='ocrx_word' id='word_1_727' title='bbox 2279 4598 2587 4675; x_wconf 76' lang='grc' dir='ltr'><strong>πυραμίδας</strong></span> <span class='ocrx_word' id='word_1_728' title='bbox 2622 4600 2974 4671; x_wconf 76' lang='lat' dir='ltr'><strong>imperatoris</strong></span> <span class='ocrx_word' id='word_1_729' title='bbox 3000 4602 3315 4670; x_wconf 72' lang='lat' dir='ltr'><strong>pyramides</strong></span> <span class='ocrx_word' id='word_1_730' title='bbox 3356 4603 3683 4673; x_wconf 86' lang='lat' dir='ltr'><strong>Acropolita</strong></span> 
     </span>
    </p>
   </div>
   <div class='ocr_carea' id='block_1_109' title="bbox 2055 4690 3678 4761">
    <p class='ocr_par' dir='ltr' id='par_1_109' title="bbox 2055 4690 3678 4761">
     <span class='ocr_line' id='line_1_109' title="bbox 2055 4690 3678 4761; baseline 0 -16"><span class='ocrx_word' id='word_1_731' title='bbox 2055 4697 2342 4757; x_wconf 80' lang='lat' dir='ltr'><strong>numerat,</strong></span> <span class='ocrx_word' id='word_1_732' title='bbox 2378 4691 2571 4745; x_wconf 90' lang='lat' dir='ltr'><strong>iumen</strong></span> <span class='ocrx_word' id='word_1_733' title='bbox 2602 4690 2813 4760; x_wconf 90' lang='lat' dir='ltr'><strong>accipit</strong></span> <span class='ocrx_word' id='word_1_734' title='bbox 2842 4706 2910 4744; x_wconf 83' lang='lat' dir='ltr'><strong>ex</strong></span> <span class='ocrx_word' id='word_1_735' title='bbox 2940 4690 3051 4744; x_wconf 89' lang='lat' dir='ltr'><strong>alio</strong></span> <span class='ocrx_word' id='word_1_736' title='bbox 3083 4691 3210 4761; x_wconf 86' lang='lat' dir='ltr'><strong>ejus</strong></span> <span class='ocrx_word' id='word_1_737' title='bbox 3241 4690 3388 4758; x_wconf 90' lang='lat' dir='ltr'><strong>loco,</strong></span> <span class='ocrx_word' id='word_1_738' title='bbox 3440 4693 3574 4745; x_wconf 71' lang='lat' dir='ltr'><strong>Hist.</strong></span> <span class='ocrx_word' id='word_1_739' title='bbox 3628 4709 3678 4746; x_wconf 84' lang='grc' dir='ltr'><strong>ο.</strong></span> 
     </span>
    </p>
   </div>
   <div class='ocr_carea' id='block_1_110' title="bbox 2052 4770 3681 4849">
    <p class='ocr_par' dir='ltr' id='par_1_110' title="bbox 2052 4770 3681 4849">
     <span class='ocr_line' id='line_1_110' title="bbox 2052 4770 3681 4849; baseline 0.001 -17"><span class='ocrx_word' id='word_1_740' title='bbox 2052 4780 2140 4846; x_wconf 85' lang='grc'><strong>40,</strong></span> <span class='ocrx_word' id='word_1_741' title='bbox 2168 4796 2222 4849; x_wconf 86' lang='grc' dir='ltr'><strong>ρ.</strong></span> <span class='ocrx_word' id='word_1_742' title='bbox 2255 4779 2345 4842; x_wconf 87' lang='lat'><strong>36,</strong></span> <span class='ocrx_word' id='word_1_743' title='bbox 2378 4778 2475 4831; x_wconf 91' lang='lat' dir='ltr'><strong>ubi</strong></span> <span class='ocrx_word' id='word_1_744' title='bbox 2504 4778 2573 4831; x_wconf 93' lang='lat' dir='ltr'><strong>de</strong></span> <span class='ocrx_word' id='word_1_745' title='bbox 2604 4777 2900 4832; x_wconf 87' lang='lat' dir='ltr'><strong>Theodoro</strong></span> <span class='ocrx_word' id='word_1_746' title='bbox 2926 4770 3138 4848; x_wconf 80' lang='lat' dir='ltr'><strong>Angeio</strong></span> <span class='ocrx_word' id='word_1_747' title='bbox 3170 4778 3399 4847; x_wconf 89' lang='lat' dir='ltr'><strong>imperii</strong></span> <span class='ocrx_word' id='word_1_748' title='bbox 3428 4778 3681 4847; x_wconf 79' lang='lat' dir='ltr'><strong>insignia</strong></span> 
     </span>
    </p>
   </div>
   <div class='ocr_carea' id='block_1_111' title="bbox 2052 4856 3681 4938">
    <p class='ocr_par' dir='ltr' id='par_1_111' title="bbox 2052 4856 3681 4938">
     <span class='ocr_line' id='line_1_111' title="bbox 2052 4856 3681 4938; baseline -0.001 -18"><span class='ocrx_word' id='word_1_749' title='bbox 2052 4867 2374 4937; x_wconf 88' lang='lat' dir='ltr'><strong>deponente</strong></span> <span class='ocrx_word' id='word_1_750' title='bbox 2403 4866 2486 4919; x_wconf 91' lang='lat' dir='ltr'><strong>sic</strong></span> <span class='ocrx_word' id='word_1_751' title='bbox 2540 4866 2780 4920; x_wconf 86' lang='lat' dir='ltr'><strong>scribit:</strong></span> <span class='ocrx_word' id='word_1_752' title='bbox 2822 4865 2894 4915; x_wconf 82' lang='grc' dir='ltr'><strong>Τὰ</strong></span> <span class='ocrx_word' id='word_1_753' title='bbox 2927 4864 3020 4934; x_wconf 74' lang='grc' dir='ltr'>μὲν</span> <span class='ocrx_word' id='word_1_754' title='bbox 3079 4863 3179 4938; x_wconf 70' lang='grc' dir='ltr'><strong>γὰρ</strong></span> <span class='ocrx_word' id='word_1_755' title='bbox 3237 4856 3431 4938; x_wconf 77' lang='grc' dir='ltr'><strong>ἐρυθρᾶ</strong></span> <span class='ocrx_word' id='word_1_756' title='bbox 3483 4861 3681 4918; x_wconf 73' lang='grc' dir='ltr'>πέδιλα</span> 
     </span>
    </p>
   </div>
   <div class='ocr_carea' id='block_1_112' title="bbox 2049 4948 3673 5027">
    <p class='ocr_par' dir='ltr' id='par_1_112' title="bbox 2049 4948 3673 5027">
     <span class='ocr_line' id='line_1_112' title="bbox 2049 4948 3673 5027; baseline 0 -21"><span class='ocrx_word' id='word_1_757' title='bbox 2049 4948 2390 5007; x_wconf 72' lang='grc' dir='ltr'>ἀπεϐάλλετο</span> <span class='ocrx_word' id='word_1_758' title='bbox 2420 4953 2510 5006; x_wconf 84' lang='grc' dir='ltr'><strong>καὶ</strong></span> <span class='ocrx_word' id='word_1_759' title='bbox 2548 4954 2647 5020; x_wconf 73' lang='grc' dir='ltr'><strong>τὴν</strong></span> <span class='ocrx_word' id='word_1_760' title='bbox 2697 4951 3102 5027; x_wconf 76' lang='grc' dir='ltr'><strong>περὶμαργαρον</strong></span> <span class='ocrx_word' id='word_1_761' title='bbox 3155 4951 3453 5025; x_wconf 75' lang='grc' dir='ltr'><strong>πυραμίδα,</strong></span> <span class='ocrx_word' id='word_1_762' title='bbox 3504 4953 3577 5013; x_wconf 62' lang='grc' dir='ltr'><strong>εἴς</strong></span> <span class='ocrx_word' id='word_1_763' title='bbox 3611 4955 3673 5021; x_wconf 80' lang='grc' dir='ltr'><strong>ἣν</strong></span> 
     </span>
    </p>
   </div>
   <div class='ocr_carea' id='block_1_113' title="bbox 2050 5040 3681 5115">
    <p class='ocr_par' dir='ltr' id='par_1_113' title="bbox 2050 5040 3681 5115">
     <span class='ocr_line' id='line_1_113' title="bbox 2050 5040 3681 5115; baseline 0 -22"><span class='ocrx_word' id='word_1_764' title='bbox 2050 5042 2138 5094; x_wconf 59' lang='grc' dir='ltr'>καὶ</span> <span class='ocrx_word' id='word_1_765' title='bbox 2198 5040 2348 5102; x_wconf 78' lang='grc' dir='ltr'>λίθος</span> <span class='ocrx_word' id='word_1_766' title='bbox 2437 5041 2797 5113; x_wconf 68' lang='grc' dir='ltr'>ὑπερκάθηνται</span> <span class='ocrx_word' id='word_1_767' title='bbox 2868 5040 3142 5106; x_wconf 81' lang='grc' dir='ltr'>κόκκινος,</span> <span class='ocrx_word' id='word_1_768' title='bbox 3205 5040 3462 5115; x_wconf 84' lang='grc' dir='ltr'>βασιλικὰ</span> <span class='ocrx_word' id='word_1_769' title='bbox 3514 5044 3681 5093; x_wconf 73' lang='grc' dir='ltr'>ταῦτα</span> 
     </span>
    </p>
   </div>
   <div class='ocr_carea' id='block_1_114' title="bbox 2052 5125 3675 5201">
    <p class='ocr_par' dir='ltr' id='par_1_114' title="bbox 2052 5125 3675 5201">
     <span class='ocr_line' id='line_1_114' title="bbox 2052 5125 3675 5201; baseline 0 -19"><span class='ocrx_word' id='word_1_770' title='bbox 2052 5125 2448 5201; x_wconf 70' lang='grc' dir='ltr'>σύμϐολαῊοο</span> <span class='ocrx_word' id='word_1_771' title='bbox 2478 5136 2654 5186; x_wconf 80' lang='lat' dir='ltr'><strong>estex</strong></span> <span class='ocrx_word' id='word_1_772' title='bbox 2687 5130 2945 5186; x_wconf 91' lang='lat' dir='ltr'><strong>versione</strong></span> <span class='ocrx_word' id='word_1_773' title='bbox 2970 5132 3291 5186; x_wconf 86' lang='lat' dir='ltr'><strong>doctissimi</strong></span> <span class='ocrx_word' id='word_1_774' title='bbox 3311 5130 3675 5200; x_wconf 81' lang='lat' dir='ltr'><strong>interpretis:</strong></span> 
     </span>
    </p>
   </div>
   <div class='ocr_carea' id='block_1_115' title="bbox 2051 5219 3680 5290">
    <p class='ocr_par' dir='ltr' id='par_1_115' title="bbox 2051 5219 3680 5290">
     <span class='ocr_line' id='line_1_115' title="bbox 2051 5219 3680 5290; baseline -0.003 -15"><span class='ocrx_word' id='word_1_775' title='bbox 2051 5222 2291 5290; x_wconf 82' lang='lat' dir='ltr'><strong>Namque</strong></span> <span class='ocrx_word' id='word_1_776' title='bbox 2322 5221 2478 5273; x_wconf 82' lang='lat' dir='ltr'><strong>rubri</strong></span> <span class='ocrx_word' id='word_1_777' title='bbox 2498 5222 2669 5274; x_wconf 79' lang='lat' dir='ltr'><strong>calcei</strong></span> <span class='ocrx_word' id='word_1_778' title='bbox 2697 5219 2930 5285; x_wconf 72' lang='lat' dir='ltr'><strong>dimissi,</strong></span> <span class='ocrx_word' id='word_1_779' title='bbox 2964 5230 3014 5274; x_wconf 79' lang='lat' dir='ltr'><strong>et</strong></span> <span class='ocrx_word' id='word_1_780' title='bbox 3044 5219 3341 5273; x_wconf 83' lang='lat' dir='ltr'><strong>unionibus</strong></span> <span class='ocrx_word' id='word_1_781' title='bbox 3371 5220 3680 5271; x_wconf 76' lang='lat' dir='ltr'><strong>interstinc-</strong></span> 
     </span>
    </p>
   </div>
   <div class='ocr_carea' id='block_1_116' title="bbox 2049 5307 3679 5379">
    <p class='ocr_par' dir='ltr' id='par_1_116' title="bbox 2049 5307 3679 5379">
     <span class='ocr_line' id='line_1_116' title="bbox 2049 5307 3679 5379; baseline -0.003 -14"><span class='ocrx_word' id='word_1_782' title='bbox 2049 5319 2105 5365; x_wconf 78' lang='lat' dir='ltr'><strong>ta</strong></span> <span class='ocrx_word' id='word_1_783' title='bbox 2134 5308 2401 5379; x_wconf 71' lang='lat' dir='ltr'><strong>pyramis,</strong></span> <span class='ocrx_word' id='word_1_784' title='bbox 2434 5325 2594 5379; x_wconf 80' lang='lat' dir='ltr'><strong>super</strong></span> <span class='ocrx_word' id='word_1_785' title='bbox 2624 5326 2784 5378; x_wconf 83' lang='lat' dir='ltr'><strong>quam</strong></span> <span class='ocrx_word' id='word_1_786' title='bbox 2818 5309 2957 5378; x_wconf 80' lang='lat' dir='ltr'><strong>lupis</strong></span> <span class='ocrx_word' id='word_1_787' title='bbox 2986 5309 3187 5361; x_wconf 64' lang='lat' dir='ltr'><strong>rubi-ns</strong></span> <span class='ocrx_word' id='word_1_788' title='bbox 3215 5307 3511 5369; x_wconf 72' lang='lat' dir='ltr'><strong>emicabat,</strong></span> <span class='ocrx_word' id='word_1_789' title='bbox 3557 5320 3679 5374; x_wconf 64' lang='lat' dir='ltr'><strong>quia</strong></span> 
     </span>
    </p>
   </div>
   <div class='ocr_carea' id='block_1_117' title="bbox 2048 5398 2882 5467">
    <p class='ocr_par' dir='ltr' id='par_1_117' title="bbox 2048 5398 2882 5467">
     <span class='ocr_line' id='line_1_117' title="bbox 2048 5398 2882 5467; baseline -0.001 -17"><span class='ocrx_word' id='word_1_790' title='bbox 2048 5399 2435 5467; x_wconf 74' lang='lat' dir='ltr'><strong>imperatorum</strong></span> <span class='ocrx_word' id='word_1_791' title='bbox 2458 5398 2709 5464; x_wconf 66' lang='lat' dir='ltr'><strong>insignes</strong></span> <span class='ocrx_word' id='word_1_792' title='bbox 2737 5405 2882 5449; x_wconf 79' lang='lat' dir='ltr'><strong>sunt.</strong></span> 
     </span>
    </p>
   </div>
   <div class='ocr_carea' id='block_1_118' title="bbox 2120 5496 3677 5571">
    <p class='ocr_par' dir='ltr' id='par_1_118' title="bbox 2120 5496 3677 5571">
     <span class='ocr_line' id='line_1_118' title="bbox 2120 5496 3677 5571; baseline -0.003 -16"><span class='ocrx_word' id='word_1_793' title='bbox 2120 5503 2293 5571; x_wconf 88' lang='lat' dir='ltr'><strong>Capp.</strong></span> <span class='ocrx_word' id='word_1_794' title='bbox 2348 5502 2412 5555; x_wconf 86' lang='lat' dir='ltr'><strong>iO</strong></span> <span class='ocrx_word' id='word_1_795' title='bbox 2444 5506 2499 5555; x_wconf 85' lang='lat' dir='ltr'><strong>et</strong></span> <span class='ocrx_word' id='word_1_796' title='bbox 2530 5504 2615 5556; x_wconf 86' lang='grc'><strong>11.</strong></span> <span class='ocrx_word' id='word_1_797' title='bbox 2679 5504 2811 5565; x_wconf 70' lang='lat' dir='ltr'><strong>Quas</strong></span> <span class='ocrx_word' id='word_1_798' title='bbox 2870 5500 2963 5554; x_wconf 87' lang='lat' dir='ltr'><strong>hic</strong></span> <span class='ocrx_word' id='word_1_799' title='bbox 3014 5503 3327 5552; x_wconf 88' lang='lat' dir='ltr'><strong>narrantur</strong></span> <span class='ocrx_word' id='word_1_800' title='bbox 3374 5498 3445 5549; x_wconf 88' lang='lat' dir='ltr'><strong>de</strong></span> <span class='ocrx_word' id='word_1_801' title='bbox 3492 5496 3677 5551; x_wconf 76' lang='lat' dir='ltr'><strong>Vrcco</strong></span> 
     </span>
    </p>
   </div>
   <div class='ocr_carea' id='block_1_119' title="bbox 2048 5585 3676 5658">
    <p class='ocr_par' dir='ltr' id='par_1_119' title="bbox 2048 5585 3676 5658">
     <span class='ocr_line' id='line_1_119' title="bbox 2048 5585 3676 5658; baseline -0.005 -15"><span class='ocrx_word' id='word_1_802' title='bbox 2048 5589 2230 5644; x_wconf 78' lang='lat' dir='ltr'><strong>libera</strong></span> <span class='ocrx_word' id='word_1_803' title='bbox 2300 5605 2541 5643; x_wconf 85' lang='lat' dir='ltr'><strong>causam</strong></span> <span class='ocrx_word' id='word_1_804' title='bbox 2616 5594 2937 5658; x_wconf 85' lang='lat' dir='ltr'><strong>pauperum</strong></span> <span class='ocrx_word' id='word_1_805' title='bbox 3023 5585 3240 5653; x_wconf 87' lang='lat' dir='ltr'><strong>injuste</strong></span> <span class='ocrx_word' id='word_1_806' title='bbox 3306 5599 3676 5653; x_wconf 85' lang='lat' dir='ltr'><strong>opressorum</strong></span> 
     </span>
    </p>
   </div>
  </div>
