4122 6272
472 300 611 355 1143

1508 307 1565 357 Ρ.
1610 303 1881 358 POSSINI
1922 301 2537 356 OBSERVATIONUM
2574 303 2707 356 LIB.
2747 305 2817 357 ΙΙ.

3732 303 3869 357 1144

479 426 689 493 agente
709 439 841 478 cum
874 428 1161 495 Augusto,
1195 440 1229 478 a
1258 440 1373 495 quo
1399 440 1467 479 ea
1512 423 1815 478 occasione
1854 421 2106 492 pessime
2138 423 2191 488 Α
2222 420 2332 486 nis,
2392 437 2565 491 quam
2626 423 2900 478 Arsenius
2940 422 3188 478 libenter
3217 423 3412 489 dabat,
3444 423 3870 492 exprimeretur

476 512 1065 582 tractabatur,palam
1099 513 1420 568 ostendunt
1449 527 1624 582 quam
1654 510 1750 565 ille
1774 511 1858 564 vir
1879 509 2103 563 alienus

2211 507 2514 579 indignum
2542 527 2675 564 eum
2710 512 3031 565 sacerdotio
3078 511 3279 578 fuisse,
3314 508 3524 577 ἀνάξιον
3568 516 3669 577 τῆς
3700 510 3866 583 ἱερω-

479 601 551 654 ab
583 599 745 653 omni
777 600 1114 654 adulatione
1149 600 1342 666 fuerit,
1368 604 1423 653 et
1449 616 1625 670 quam
1660 603 1880 653 certum
1916 596 2013 661 sit,
2040 612 2107 650 ea

2248 592 2395 663 ύνης,
2429 597 2605 666 idque
2627 596 2702 659 ei;
2728 596 2790 650 τὸ
2818 604 2917 665 τῆς
2960 599 3341 672 παραιτήσεως
3372 594 3620 667 εὔλογον,
3659 604 3721 652 ut
3762 599 3859 653 υἰ-

477 702 604 757 ῳιω
638 703 737 756 pro
769 687 1023 741 ecclesia
1052 692 1253 742 contra
1272 687 1499 741 Graecos
1532 685 1941 741 schismaticos
1967 684 2104 754 egit,

478 775 644 844 dixit,
677 775 934 845 scripsit,
970 781 1215 847 purgata
1249 776 1429 830 videri
1457 775 1667 829 debere
1699 792 1732 829 ιι
1778 773 2110 843 suspicione

478 863 594 917 fuci
646 880 711 917 ac
768 864 1007 917 fraudis.
1043 864 1123 917 De
1162 863 1551 933 stauropegiis
1587 863 1733 931 ,fuse
1781 861 2010 931 agimus
2050 860 2108 914 in

479 950 796 1019 Glossario,
828 952 925 1005 ubi
958 955 1014 1005 et
1045 952 1173 1006 vide
1203 953 1273 1005 de
1299 952 1527 1021 Colybis
1559 950 1768 1020 capitis
1798 950 1886 1004 12.

553 1057 639 1126 [P.
697 1056 821 1128 478]
871 1058 928 1111 P.
980 1057 1101 1111 458.
1135 1056 1213 1111 Me
1264 1056 1584 1126 neutiquam
1634 1072 1931 1126 passurum
1986 1055 2116 1111 addi

480 1144 885 1214 Symbolo,etc.
914 1145 1227 1215 Nunquam
1258 1150 1578 1215 exegerunt
1610 1144 1790 1197 Latini
1828 1162 1861 1198 a
1902 1145 2116 1199 Graecis

487 1239 551 1287 ut
582 1233 928 1303 particulam
963 1238 1020 1287 et
1051 1233 1162 1304 ipsi
1194 1234 1446 1303 Filioque
1476 1231 1990 1304 SymboloNicazno
2022 1234 2117 1287 ad-

487 1321 707 1387 derent,
743 1322 914 1375 modo
942 1322 1111 1375 fidem
1148 1322 1332 1392 ipsam
1365 1321 1755 1391 processionis
1782 1320 1966 1374 sancti
1990 1320 2117 1392 Spi-

487 1408 636 1462 ritus
664 1424 732 1462 ex
764 1413 924 1478 patre
955 1414 1011 1463 et
1036 1409 1177 1463 Filio
1208 1412 1493 1473 tenerent,
1521 1414 1575 1462 et
1598 1408 2118 1463 RomanamEccle-

489 1496 634 1549 siam
664 1496 987 1550 faterentur
1015 1513 1129 1551 non
1162 1512 1430 1568 peccasse
1461 1512 1593 1551 cum
1619 1497 1686 1550 ad
1709 1496 2122 1551 declarandum

492 1583 824 1652 expressius
855 1584 1066 1653 dogma
1086 1583 1326 1637 verbum
1361 1582 1505 1636 illud
1555 1582 1804 1651 Filioque
1850 1582 2124 1654 Symbolo

493 1670 738 1724 addidit.
801 1670 927 1725 Haec
976 1670 1090 1723 duo
1143 1669 1191 1724 si
1244 1674 1537 1740 praestent,
1586 1670 1683 1739 qui
1736 1686 1766 1723 e
1814 1670 2127 1725 schismate

494 1758 823 1813 Graecorum
851 1759 1112 1824 redeunt,
1147 1758 1470 1812 nibilaliud
1506 1758 1576 1811 ab
1603 1757 1675 1811 iis
1707 1758 2125 1828 requirendum
2156 1773 2202 1837 Β

492 1846 683 1900 sanxit
699 1847 1145 1901 etiamClemens
1167 1846 1314 1910 νηί,
1348 1847 1518 1915 cujus
1550 1862 1617 1899 ca
1646 1847 1715 1899 de
1740 1863 1799 1900 re
1826 1847 2122 1901 decretum

496 1934 734 1988 memini
760 1950 852 1988 me
882 1934 1069 2005 legere
1100 1936 1254 2005 apud
1290 1933 1665 1988 Possevinum
1708 1933 1767 1987 in
1807 1936 2123 2005 Apparetu.

494 2023 638 2077 Vide
660 2040 787 2094 quae
818 2023 1087 2094 superius
1120 2023 1529 2077 adnotavimus
1551 2022 1619 2075 ad
1645 2039 1692 2076 c.
1719 2024 1772 2075 11
1791 2066 1804 2090 ,
1826 2022 1864 2077 l.
1890 2040 1942 2076 v.
1968 2024 2125 2078 Nihil

495 2127 630 2182 ergo
666 2112 876 2165 mirum
911 2112 960 2165 si
996 2112 1233 2165 Michael
1260 2112 1576 2181 imperator
1596 2127 1813 2179 gnarus
1836 2112 1974 2181 quid
2000 2128 2129 2166 vere

496 2199 682 2254 Latini
718 2204 997 2270 peterent,
1030 2205 1086 2252 et
1115 2200 1317 2253 videns
1338 2198 1533 2269 spargi
1562 2216 1596 2253 a
1635 2199 2021 2253 schismaticis
2070 2199 2126 2253 in

496 2287 777 2360 populum
811 2304 988 2341 vanos
1020 2291 1233 2352 metus,
1257 2286 1424 2356 quasi
1446 2287 1728 2355 jussurus
1752 2288 1948 2341 statim
1983 2303 2131 2357 papa

496 2376 643 2430 foret
667 2381 729 2429 ut
754 2376 811 2428 in
844 2375 995 2429 682
1027 2374 1303 2428 omnibus
1335 2374 1547 2429 Graecis
1591 2375 1853 2429 ecclesiis
1882 2376 2125 2445 Symbo-

496 2462 619 2517 lum
653 2462 926 2533 deinceps
956 2478 1088 2516 cum
1113 2462 1404 2516 additione
1427 2478 1631 2516 vocum
1653 2463 1934 2516 vocabulo
1962 2462 2129 2517 Filio-

496 2568 599 2623 que
630 2550 1101 2620 equivalentium
1135 2554 1485 2617 cantaretur,
1536 2550 1847 2620 pramunit
1878 2551 2127 2619 animos,

498 2640 779 2709 proﬁtens
809 2654 871 2692 se
898 2640 1240 2703 neutiquam
1284 2638 1341 2691 id
1376 2654 1709 2708 passurum.
1732 2639 2132 2694 Consentanee

502 2728 591 2781 his
622 2732 677 2780 et
697 2727 878 2784 Graeci
911 2725 1234 2796 loquuntur
1262 2725 1320 2780 in
1354 2725 1597 2780 concilio
1624 2726 1951 2781 Florentino
1982 2744 2127 2782 sese.

498 2818 587 2881 25,
625 2834 679 2885 p.
711 2816 811 2870 008
841 2816 929 2869 ed.
966 2816 1120 2885 Reg:
1152 2814 1222 2866 Τὸ
1251 2820 1351 2882 τῆς
1394 2814 1732 2887 προσθήκης,
1755 2816 1917 2885 ἡμεῖς
1951 2813 2011 2867 οὐ
2044 2811 2127 2867 δε-

501 2903 701 2974 ξόμεθα
747 2902 967 2955 πώποτε
1012 2901 1236 2971 ταύτην,
1274 2900 1401 2956 ἀλλ’
1436 2900 1789 2975 ἐκχωροῦμεν
1825 2902 1950 2971 ὑμῖν
1983 2897 2128 2974 ἔχειν

499 2992 699 3059 ταύτην
735 2989 784 3043 ἐν
835 2996 950 3051 ταῖς
993 2990 1143 3061 ὑμῶν
1194 2988 1533 3059 ἐκκλησίαις,
1569 2989 1630 3042 οὐ
1666 2988 1771 3059 μὴν
1804 2987 1854 3041 ἐν
1886 2995 2004 3052 ταῖς
2032 2996 2130 3058 τῆς

502 3078 792 3143 ἀνατολῆς.
844 3079 943 3133 Καὶ
998 3077 1226 3153 λὲγομεν
1286 3076 1369 3131 ὅτι
1424 3077 1659 3151 ἀνάγκης
1708 3077 2129 3151 κατεπειγούσης

502 3169 823 3238 ἀνεπτύξατε
876 3167 939 3220 τὸ
996 3162 1310 3237 Σύμϐολον·
1369 3164 1457 3217 καὶ
1534 3165 1599 3218 οὐ
1632 3162 1858 3238 λέγομεν
1918 3167 2014 3233 τὴν
2074 3165 2132 3219 ἐκ

503 3260 600 3310 τοῦ
658 3256 785 3307 Υἱοῦ
834 3255 1016 3331 φωνὴν
1063 3256 1097 3321 ἢ
1160 3253 1341 3327 ἐτὲραν
1373 3254 1553 3306 πίστιν
1583 3252 1618 3320 ἢ
1651 3255 1970 3325 προσθήκην
1998 3254 2136 3322 τινὰ,

506 3341 632 3397 ἀλλ’
663 3338 880 3411 εὐσεϐῆ,
923 3341 1009 3395 καὶ
1059 3342 1349 3417 σαφήνειαν
1387 3345 1483 3395 τοῦ
1522 3340 1793 3415 ἡμετέρου
1832 3336 2135 3413 συμϐόλου.

508 3430 608 3486 Καὶ
669 3430 771 3484 εἰσὶ
822 3430 888 3483 τὰ
938 3425 1203 3501 Σύμϐολα
1254 3429 1533 3506 ἀμφότερα
1591 3426 1808 3500 εὐσεϐῆ,
1852 3430 1942 3483 καὶ
1983 3431 2136 3502 ὡμο-

506 3519 747 3589 νοημὲνα
804 3517 1045 3593 λέγεσθαι
1101 3518 1152 3569 ἐν
1208 3516 1277 3591 τῇ
1329 3522 1436 3571 τῶν
1486 3517 1772 3589 Ῥωμαίων
1823 3517 2137 3589 Ἐκκλησία,

504 3608 683 3667 καθὼς
746 3608 900 3678 ὑμεῖς
958 3603 1163 3681 λέγετε,
1217 3605 1306 3658 καὶ
1363 3604 1416 3659 ἐν
1473 3609 1540 3678 τῇ
1594 3604 1912 3677 ἀνατολικῇ,
1958 3606 2140 3667 καθὼς

508 3695 662 3749 αὖτοῖ
715 3698 880 3765 ἡμεῖς
939 3693 1167 3768 λὲγομεν
1204 3737 1217 3750 .
1279 3695 1380 3749 Καὶ
1441 3694 1581 3748 οὕτω
1629 3696 1860 3769 γενέσθω
1912 3696 1946 3762 ἢ
2001 3691 2137 3747 ’ἑνω-

510 3805 614 3844 σις.
645 3787 720 3839 De
749 3785 1029 3839 additione
1054 3802 1073 3839 :
1097 3800 1190 3839 nos
1220 3785 1377 3838 illam
1428 3800 1715 3853 nunquam
1761 3784 2139 3852 admittamus,

510 3874 601 3929 sed
629 3890 749 3928 eam
778 3873 929 3928 vobis
975 3874 1033 3927 in
1084 3872 1275 3927 vestris
1321 3872 1562 3927 ecclesiis
1608 3873 1806 3926 habere
1860 3872 2139 3944 permitti-

510 3977 653 4029 mus,
688 3975 797 4013 non
828 3964 1008 4013 autem
1038 3960 1095 4012 in
1126 3958 1523 4025 Orientalibus;
1558 3958 1901 4029 dicimusque
1919 3959 2140 4028 Symbo-

514 4053 629 4105 lum
658 4069 690 4105 a
722 4050 866 4105 vobis
896 4048 1234 4117 explicatum
1256 4047 1572 4103 necessitate
1592 4054 1848 4119 congente
1858 4064 1879 4111 ;
1898 4058 1950 4104 et
1965 4066 2143 4105 vocem

512 4141 673 4194 illam
703 4161 730 4187 ‹‹
765 4154 834 4192 ex
861 4136 1001 4190 Filio
1023 4159 1049 4183 »
1073 4152 1179 4190 non
1224 4152 1336 4190 esse
1364 4137 1536 4189 aliam
1569 4137 1727 4191 ﬁdem
1783 4141 1877 4191 aut
1924 4138 2145 4209 aliquod

515 4228 978 4290 additamentum,
1012 4223 1107 4277 sed
1134 4225 1283 4294 piam
1313 4231 1363 4277 et
1387 4227 1570 4278 nostri
1601 4224 1850 4293 Symboli
1879 4227 2146 4296 explana-

519 4316 719 4371 tionem
744 4315 829 4380 ;et
860 4326 974 4365 esse
1020 4315 1320 4379 utrumque
1375 4309 1694 4380 Symbolum
1724 4314 1887 4381 pium
1916 4319 1969 4367 et
1999 4315 2144 4381 eius-

516 4406 638 4458 dem
661 4400 965 4465 sententiae,
998 4406 1057 4451 ut
1083 4400 1141 4452 in
1177 4397 1424 4452 [Ecclesia
1456 4400 1692 4452 Romana
1724 4401 1983 4453 recitetur
2008 4400 2148 4455 sicut

2212 683 2433 739 deretur
2486 684 2681 740 idonea
2728 686 2987 741 cessionis
3036 703 3232 753 causa,
3295 696 3463 757 prout
3522 692 3797 740 narratur
3829 705 3863 743 a

2217 777 2437 837 nostro,
2473 789 2526 843 p.
2561 774 2684 827 115.

2288 860 2349 913 Ρ.
2384 861 2507 914 461.
2545 864 2597 915 Is
2652 868 2775 916 erat
2825 866 2955 916 tunc
2990 863 3258 919 Urbanus.
3318 862 3864 918 Demonstrabimus

2220 947 2487 1014 inferius,
2522 948 2558 1002 Ι.
2596 966 2753 1018 1n,c.
2787 951 2853 1004 10
2885 950 2939 1003 in
2965 949 3277 1018 Gbronico,
3318 951 3389 1003 ad
3441 966 3658 1005 annum
3704 953 3863 1015 1279,

2221 1051 2335 1089 non
2384 1035 2677 1091 Urbanum
2736 1041 2875 1091 tunc
2947 1038 3128 1092 fuisse
3204 1054 3439 1107 papam,
3518 1039 3619 1091 sed
3696 1038 3866 1093 Nico-

2222 1121 2381 1176 laum
2441 1122 2543 1188 III,
2596 1129 2659 1178 ut
2719 1124 3011 1179 memorias
3068 1128 3168 1178 aut
3224 1124 3435 1179 calami
3503 1125 3711 1195 lapsus
3768 1127 3864 1181 hic

2224 1212 2631 1281 agnoscendus
2664 1212 2758 1279 sit,
2792 1228 2986 1267 errore
3015 1218 3210 1267 tamen
3242 1211 3301 1265 in
3335 1213 3535 1267 omnia
3569 1214 3867 1285 exempla-

2225 1299 2311 1352 ria
2339 1298 2570 1353 diffuso.

2300 1386 2355 1442 P.
2411 1387 2534 1441 467.
2566 1386 2757 1458 Δῶρόα
2820 1386 2916 1458 μὶτ
2961 1384 3137 1443 δὲκνο.
3186 1394 3437 1459 Sumpta
3486 1389 3606 1443 haec
3658 1395 3750 1445 est
3804 1405 3875 1444 ex

2228 1475 2473 1529 Homero
2537 1475 2699 1529 Iliad.
2758 1474 2822 1548 β’,
2880 1493 2932 1530 ν.
2993 1476 3127 1531 42οε
3162 1473 3315 1531 Ἀλλ’
3345 1474 3436 1550 ὅγε
3466 1473 3723 1547 δέκτομέν
3756 1476 3871 1550 ἱρὰ,

2228 1558 2420 1614 πόντον
2454 1557 2500 1613 δ’
2532 1561 2834 1635 ἀμέγαρτον
2881 1558 3129 1638 ὄφελλεν.
3183 1566 3348 1619 Unde
3395 1570 3453 1619 et
3509 1566 3873 1620 correximus

2232 1649 2381 1717 quod
2415 1649 2471 1701 in
2509 1666 2620 1703 ms.
2651 1650 2853 1704 vitiose
2882 1649 3184 1720 legebatur
3224 1648 3491 1726 ὥφελλεν.

2305 1736 2385 1806 [Ρ.
2420 1737 2545 1807 479]
2591 1742 2651 1791 P.
2703 1738 2822 1791 469.
2874 1738 3173 1792 Oraculum
3226 1740 3561 1809 insculptum
3623 1756 3874 1793 marmo-

2231 1822 2304 1890 ri,
2363 1832 2469 1877 etc.
2540 1824 2657 1879 Hoc
2733 1825 3032 1880 oraculum
3089 1827 3371 1897 Gregoras
3416 1828 3695 1882 describit
3744 1828 3785 1881 l.
3821 1845 3875 1894 v,

2231 1927 2286 1981 p.
2314 1911 2409 1966 67.
2450 1915 2564 1966 Nos
2596 1912 2690 1966 hic
2721 1912 2864 1967 illud
2890 1930 2959 1967 ex
2993 1914 3251 1984 margine
3304 1915 3520 1970 codicis
3570 1916 3879 1970 Barberini

2230 2005 2718 2069 repraesentamus
2760 2017 2892 2055 cum
2944 2002 3177 2057 nomine
3236 2004 3491 2058 auctoris
3539 2021 3575 2057 a
3620 2004 3881 2075 Gregora

2230 2089 2416 2154 taciti,
2477 2090 2649 2143 etiam
2698 2089 2871 2159 paulo
2921 2091 3170 2145 auctius.
3204 2092 3345 2145 Nam
3406 2093 3527 2148 haec
3587 2094 3765 2148 verba
3791 2092 3881 2146 καὶ

2230 2174 2292 2228 τὸ
2323 2177 2449 2249 παρ’
2478 2174 2807 2248 Ἡρακλείου
2839 2174 3133 2252 πολίχνιον
3166 2181 3320 2250 apud
3378 2185 3697 2253 Gregoram
3762 2200 3877 2238 non

2234 2270 2593 2333 comparent.

2357 2352 2509 2407 683
2549 2352 2718 2413 Οὗτος
2757 2354 2784 2406 ὁ
2826 2354 3079 2427 χρησμὸς
3120 2356 3418 2409 Παυσανίου
3457 2354 3752 2431 προέδρου.

2234 2441 2348 2505 Τῆς
2407 2436 2463 2491 δὲ
2517 2438 2729 2500 πόλεως
2758 2439 3054 2513 Τράλλεων
3084 2443 3145 2496 τὸ
3174 2440 3381 2504 κάλλος
3413 2444 3639 2518 ’χρόνοις
3678 2446 3874 2501 ἐσεῖται

2232 2522 2607 2598 σϐεννύμενον.
2654 2528 2731 2583 Τὸ
2790 2526 2847 2582 δὲ
2903 2526 3213 2584 πολλοστὸν
3266 2530 3468 2601 ταύτης
3523 2534 3877 2611 καταλειςιθὲν

2232 2611 2283 2666 ἐν
2347 2613 2594 2673 ὑστάτοις
2652 2612 3094 2689 ἐμφοϐηθήσεται
3142 2620 3450 2691 (Gregoras
3507 2623 3653 2693 legit
3683 2621 3877 2692 ἐκϐοη-

2233 2702 2453 2770 θήσεται
2500 2696 2637 2756 ἔθνει
2684 2704 2925 2778 ἀνάρχῳ,
2978 2705 3319 2775 ἀλωοήσεται
3372 2710 3683 2782 (Gregoras
3731 2712 3876 2766 ἀλώ-

2237 2792 2404 2861 σεται)
2462 2786 2517 2844 δὲ
2582 2787 2834 2861 οὐδαμῶς
2872 2835 2883 2847 .
2964 2794 3090 2848 Εἶτα
3167 2794 3676 2867 ἀνακαινισθήσεται
3738 2802 3875 2875 napi

2237 2876 2464 2931 δυνατοῦ
2541 2878 2884 2950 Νικωνύμου,
2950 2880 3007 2941 ὃς
3083 2882 3359 2952 ὀκταπλῆν
3434 2884 3656 2957 ἀγλαῶς
3726 2886 3867 2940 ἓνάδα

2237 2968 2547 3039 (Grcgoras
2602 2964 2788 3020 ἐννάδα
2844 2974 2900 3023 et
2958 2970 3015 3023 in
3072 2972 3331 3041 margine
3388 2969 3630 3043 ἐννεάδα)
3700 2975 3869 3047 ﬁniuit

2238 3050 2457 3119 δίσκων,
2528 3052 2615 3106 καὶ
2692 3054 2809 3125 τρὶς
2885 3054 3016 3107 ἑπτὰ
3087 3055 3304 3109 κύκλων
3379 3058 3539 3111 πόλιν
3614 3060 3880 3115 Ἀττάλου

2243 3140 2580 3213 λαμπρυνεῖ,
2637 3140 2725 3193 καὶ
2782 3143 2843 3195 τὸ
2900 3145 3031 3217 παρ’
3083 3144 3403 3217 Ἡρακλείου
3461 3144 3782 3219 πολίχνιον·
3840 3151 3881 3219 ᾦ

2242 3228 2332 3280 καὶ
2411 3226 2600 3289 πόλεις
2684 3229 2922 3303 ὲσπέριαι
3013 3232 3371 3304 ὑποκύψουσι,
3448 3233 3535 3285 καὶ
3607 3235 3882 3309 ἀγέρωχοι

2246 3314 2703 3385 ὑποκλιθήσονται
2736 3314 3028 3379 παιδικῶς.

2480 3435 2588 3488 Ηοσ
2616 3438 2689 3488 est
2722 3437 3005 3489 oraculum
3036 3437 3327 3492 Pausaniae
3355 3440 3637 3508 prasidzs.

2248 3529 2406 3585 Urbis
2450 3546 2580 3584 vero
2616 3531 2879 3584 Trallium
2909 3531 3069 3586 decus
3117 3534 3446 3604 temporibus
3494 3536 3595 3589 erit
3638 3538 3880 3591 exstinc-

2243 3622 2380 3671 tum.
2410 3619 2608 3672 Tenues
2637 3625 2819 3673 tamen
2848 3621 2965 3685 eius
2995 3622 3245 3691 reliquiae
3282 3624 3341 3676 in
3385 3623 3598 3677 ultimis
3638 3629 3884 3679 exterre-

2246 3708 2455 3760 buntur
2482 3724 2511 3760 a
2542 3716 2703 3778 gente
2728 3708 2850 3763 sine
2898 3709 3218 3779 principatu
3249 3727 3262 3763 :
3294 3715 3350 3765 at
3378 3728 3723 3783 nequaquam
3782 3732 3889 3768 ca-

2244 3797 2466 3866 pientur
2498 3838 2510 3850 .
2546 3799 2921 3853 Renovabitur
2947 3805 3128 3855 autem
3152 3819 3191 3855 α
3220 3808 3439 3867 potente
3466 3806 3559 3856 cui
3586 3822 3624 3857 a
3655 3805 3893 3861 victoria

2244 3900 2458 3939 nomen.
2497 3885 2602 3953 Qui
2627 3890 2884 3957 octuptex
2907 3888 3189 3958 splendide
3216 3893 3581 3944 novenarium
3615 3894 3754 3946 vivet
3800 3894 3889 3946 di-

2245 3973 2480 4037 8corum,
2513 3979 2567 4028 et
2596 3984 2678 4029 ter
2705 3984 2910 4046 septem
2961 3978 3175 4032 orbium
3211 3980 3486 4033 civitatem
3533 3982 3707 4034 Attali
3755 3984 3890 4035 illu-

2246 4062 2469 4130 strabit,
2502 4065 2551 4114 et
2581 4062 2719 4133 quod
2745 4063 2812 4115 ab
2844 4065 3103 4118 Heraclio
3133 4065 3455 4135 Oppidulum
3482 4084 3495 4131 ;
3521 4070 3613 4121 cui
3644 4072 3695 4121 et
3729 4071 3891 4123 urbes

2250 4147 2512 4205 Occiduae
2553 4150 2925 4218 subjacebunt,
2986 4155 3039 4206 et
3086 4154 3293 4221 feroces
3347 4154 3712 4225 subjicientur
3758 4174 3891 4227 pue-

2249 4236 2455 4292 riliter.

2322 4325 2527 4392 Vertit,
2560 4332 2623 4381 ut
2655 4326 2713 4381 in
2745 4327 2995 4382 oraculis
3027 4329 3147 4383 fieri
3179 4330 3368 4394 debet,
3416 4330 3555 4384 κατὰ
3597 4330 3761 4399 πόδα,
3813 4336 3879 4389 ad

2257 4415 2495 4469 verbum
2538 4414 2803 4485 singulos
2854 4417 3182 4487 exprimens
3217 4420 3431 4489 apices.
3484 4420 3786 4476 Judicium
3825 4425 3891 4478 de

518 4507 609 4547 vos
639 4488 850 4580 dicitis,
882 4492 935 4542 et
989 4486 1263 4580 Orientali
1291 4492 1351 4540 ut
1402 4502 1499 4541 nos
1548 4486 1655 4557 ipsi
1707 4489 1964 4556 dicimus,
1995 4495 2160 4559 atque
2188 4484 2231 4547 D
2263 4503 2391 4573 ipso
2440 4503 2736 4568 vaticinia,
2790 4484 3068 4559 νοτυὶῃηθ
3113 4507 3190 4561 δὴ
3238 4484 3308 4561 in
3344 4508 3571 4574 fictum,
3602 4513 3759 4580 quod
3796 4529 3892 4567 ευ-

518 4582 601 4635 ita
631 4576 945 4646 faciendum
974 4578 1252 4629 unionem.

595 4689 653 4740 Ρ.
712 4684 837 4737 467.
896 4679 973 4736 Οό
1049 4676 1347 4753 προΐσχετο
1404 4679 1549 4742 ὅλως
1634 4678 1768 4749 αὕτη
1824 4684 1930 4734 τῶν
1985 4682 2145 4754 ἰερῶν

518 4768 847 4846 πραγμάτων
916 4767 1147 4838 ἀνάξιον.
1236 4769 1382 4823 Hinc
1465 4775 1705 4842 apparet
1785 4770 2148 4826 existimasse

520 4863 749 4917 Graecos
806 4860 863 4912 in
930 4855 1183 4910 formula
1214 4856 1598 4913 abdicationis
1630 4864 1729 4913 aut
1768 4858 2147 4929 depositionis

521 4949 771 5017 alicujus
805 4962 872 5001 ex
902 4943 1218 5015 episcopali
1247 4943 1532 5015 dignitate
1564 4948 1914 5014 necessario,
1946 4952 2010 5001 ut
2047 4964 2146 5001 va-

522 5038 639 5092 lida
663 5035 1017 5096 conseretur,
1059 5031 1302 5101 exprimi
1324 5032 1555 5097 debere,
1587 5050 1720 5087 eum
1753 5033 1851 5102 qui
1903 5034 2146 5104 deponi-

524 5133 618 5180 tur
646 5123 950 5192 indignum
973 5136 1037 5174 eo
1068 5118 1191 5173 loco
1222 5124 1279 5173 et
1308 5119 1571 5190 ineptum
1603 5120 1792 5174 ofﬁcio
1824 5137 1970 5175 esse.
2013 5122 2147 5184 Quae

521 5230 699 5270 causa
730 5210 841 5265 fuit
866 5208 1073 5262 Nicetes
1097 5206 1733 5277 episcopoHeracleensi
1757 5208 1936 5263 misso
1967 5226 2000 5262 a
2020 5226 2149 5280 syn—

521 5307 625 5358 odo
686 5299 757 5353 ad
816 5296 1127 5350 Arsenium
1184 5295 1590 5364 patriarcbam,
1653 5300 1956 5367 postquam
1984 5297 2033 5351 is
2075 5297 2145 5351 ab

520 5388 765 5446 ecclesia
797 5385 1026 5455 fugiens
1056 5383 1114 5435 in
1148 5382 1567 5436 monasterium
1600 5388 1939 5451 recesserat,
1984 5389 2048 5438 ut
2076 5384 2148 5438 ab

518 5496 585 5534 eo
632 5473 951 5531 cessionem
1010 5469 1442 5540 patriarchatus
1488 5472 1759 5541 exigeret,
1811 5488 2008 5541 causa,
2058 5474 2145 5526 in-

521 5580 717 5635 quam,
750 5561 871 5615 haec
921 5559 972 5612 ei
1022 5557 1275 5612 instandi
1326 5562 1392 5612 ut
1421 5557 1479 5612 in
1534 5558 1783 5615 formula
1826 5560 2145 5617 abdicatio-

2255 4588 2507 4658 spicatoe
2528 4594 2584 4643 et
2608 4589 3015 4659 Pachymerem
3037 4596 3095 4646 et
3124 4592 3434 4663 Gregoram
3470 4596 3661 4660 video,
3694 4604 3813 4653 tum
3848 4598 3890 4651 si

2255 4693 2477 4745 verum,
2530 4694 2645 4747 quo
2693 4679 2819 4746 ejus
2859 4672 3125 4738 ἀπόϐασις
3171 4681 3479 4750 pertineat,
3547 4683 3753 4740 lectori
3810 4703 3887 4741 re—

2254 4763 2455 4834 linquo
2482 4765 2796 4835 integrum.

2327 4856 2390 4905 P.
2425 4853 2546 4907 470.
2598 4855 2656 4907 In
2715 4853 2848 4921 fatis
2902 4858 3039 4909 erat.
3102 4855 3239 4911 Vide
3295 4873 3421 4927 quas
3453 4862 3794 4915 notavimus
3824 4863 3888 4916 ad

2258 4959 2311 5012 p.
2346 4942 2447 4995 104
2469 4948 2527 4996 et
2555 4943 2676 5011 139,
2713 4943 2849 4997 item
2882 4945 2951 4998 ad
2987 4960 3042 5014 p.
3092 4946 3239 5013 229;
3292 4948 3506 5016 quibus
3557 4950 3891 5005 hmreticam

2255 5031 2581 5086 doctrinam
2633 5031 2825 5085 fatalia
2886 5033 3249 5088 necessitatis
3287 5035 3537 5091 liberum
3584 5040 3890 5093 arbitrium

2256 5119 2596 5189 perimentis
2637 5120 2968 5188 rejecimus,
3016 5121 3063 5176 si
3116 5122 3259 5177 forte
3301 5122 3393 5177 hic
3444 5124 3601 5179 illum
3647 5129 3895 5195 scriptor

2255 5207 2663 5262 schismaticus
2695 5208 3009 5262 indicatam
3034 5208 3221 5268 vellet.

2325 5302 2385 5350 P.
2422 5295 2757 5351 478.Edicti
2811 5298 3102 5353 sententia.
3165 5298 3407 5353 Videtur
3464 5301 3571 5355 hoc
3629 5303 3881 5357 edictum

2253 5387 2570 5456 imperator
2599 5385 2903 5439 inchoasse
2932 5385 3003 5439 ab
3033 5384 3153 5440 illis
3182 5387 3236 5440 S.
3258 5388 3512 5457 Gregorii
3542 5389 3881 5445 Nazianzeni

2254 5472 2445 5529 verbis
2470 5488 2597 5543 quas
2628 5472 2709 5526 sic
2741 5472 2799 5526 in
2831 5472 3087 5527 oratione
3115 5478 3315 5528 contra
3362 5477 3761 5531 Eunomianos
3801 5477 3882 5532 le-

2254 5564 2470 5631 guntur
2499 5576 2555 5631 p.
2588 5560 2692 5615 195
2712 5564 2770 5615 et
2798 5561 2899 5615 106
2928 5561 3019 5616 ed.
3065 5560 3241 5617 Graec.
3292 5562 3581 5618 Basileens
3608 5581 3621 5617 :
3651 5564 3879 5634 Μνημο·
