4146 6288
307 377 449 432 1145

1885 376 2112 431 ΝΟΤΒ.

3549 375 3684 430 1146

306 502 514 556 νευτὲον
573 502 674 575 γὰρ
733 505 864 555 Θεοῦ
936 499 1148 574 μᾶλλον
1198 501 1233 569 ἢ
1317 501 1724 558 ἀναπνευστὲον.
1783 475 1943 567 Quod

2068 497 2151 554 hic
2178 499 2385 571 positis
2416 505 2607 574 potest
2654 504 2857 559 astrui.
2893 503 3059 559 Prius
3100 507 3189 560 est
3234 499 3679 559 Constantinum

310 592 586 663 deinceps
606 591 699 646 hic
718 591 1034 646 historicus
1064 591 1260 663 culpat
1280 594 1667 647 orthodoxam
1693 591 1942 662 patriar-

315 681 484 736 cham
515 681 782 746 Veccum,
817 679 955 751 quia
997 680 1047 734 is
1079 681 1311 750 scriptis
1353 681 1612 736 refellere
1650 679 1939 735 schisma-

317 769 463 823 ticos
515 767 591 822 sit
632 783 967 838 aggressus,
1017 768 1403 823 schismaticae
1442 768 1697 838 loliginis
1735 783 1944 822 succus

316 860 421 917 est,
478 855 638 910 nullo
681 856 824 911 satis
881 861 1141 927 specioso
1185 857 1424 912 tectorio
1473 857 1703 912 lividam
1770 855 1944 910 mali-

316 944 605 1015 gnitatem
634 944 853 1000 velans.
896 945 1098 1015 Itaque
1145 944 1361 1001 oblitus
1410 962 1587 1016 quam
1639 944 1947 1016 magniﬁce

316 1036 488 1086 antea
519 1033 911 1103 praedicaverit
932 1031 1185 1088 nobilem
1219 1037 1275 1087 et
1302 1032 1547 1088 liberam
1576 1033 1747 1088 Vecci
1781 1033 1948 1087 indo-

315 1121 429 1175 lem
465 1121 535 1176 ab
565 1120 725 1176 omni
755 1120 1034 1175 adulandi
1083 1120 1363 1176 servitute
1393 1121 1945 1190 disjunctissimam,

319 1224 496 1275 nunc,
530 1208 579 1262 si
620 1209 849 1279 superis
889 1207 1078 1279 placet
1124 1226 1254 1264 eum
1290 1209 1524 1265 exhibet
1552 1214 1721 1264 Persa
1742 1209 1947 1279 quovis

318 1295 691 1365 abjectiorem
748 1298 802 1350 in
849 1298 1219 1365 assentendo,
1268 1298 1576 1368 prodigum
1615 1296 1945 1365 titulorum,

316 1389 372 1438 et
406 1383 550 1438 nihil
582 1384 694 1439 sibi
726 1384 1033 1439 facientem
1062 1384 1269 1457 reliqui
1314 1384 1373 1440 in
1407 1385 1734 1454 extollendo
1766 1386 1949 1441 hono-

316 1469 479 1525 ribus
531 1471 805 1527 indebitis
854 1472 1232 1543 Ephesinum,
1281 1474 1450 1544 cujus
1508 1490 1683 1545 opera
1736 1482 1948 1546 egeret,

314 1558 661 1626 antistitem,
704 1576 816 1631 quo
867 1560 946 1615 ita
984 1561 1096 1616 sibi
1149 1577 1284 1616 eum
1334 1562 1678 1619 devinciret.
1719 1562 1947 1630 Scribit,

316 1646 506 1717 inquit
540 1648 745 1719 p.479,
796 1648 863 1702 ad
912 1648 1265 1719 Ephesinum,
1314 1666 1559 1720 eumque,
1604 1661 1664 1706 ut
1703 1653 1821 1721 ipsa
1856 1651 1951 1705 in-

319 1734 619 1805 scriptione
665 1735 1059 1805 demereretur,
1106 1755 1216 1793 non
1256 1738 1582 1810 simpliciter
1637 1738 1951 1813 ἱερώτατον,

2065 587 2213 642 hunc
2236 606 2501 645 aversum
2530 607 2590 645 se
2612 609 2644 645 a
2668 608 2805 663 pace
2838 591 3219 647 Erclesiarum
3244 590 3436 662 palam
3477 588 3684 643 tulisse

2060 678 2213 747 quod
2248 695 2359 732 non
2391 684 2479 733 est
2509 680 2826 735 verisimile
2882 682 3172 735 facturum
3225 696 3380 748 eum,
3412 677 3460 732 si
3520 681 3684 747 pater

2059 767 2207 834 ejus,
2268 767 2427 836 pacis
2473 769 2600 837 ejus
2650 770 2817 839 quasi
2867 772 3069 824 auctor
3124 775 3180 823 et
3243 767 3682 836 studiossimus,

2057 854 2295 909 viveret.
2342 854 2626 923 Alterum,
2673 856 3082 928 imperatorem
3131 856 3503 911 Constantino
3554 870 3684 908 suc-

2059 946 2392 997 censentem
2424 959 2490 998 eo
2514 944 2748 998 nomine
2771 948 2906 1012 jrem
2935 944 3006 998 ad
3059 951 3277 1015 patrem
3308 942 3537 1012 juvenis
3570 958 3683 996 non

2060 1027 2339 1084 detulisse
2367 1033 2424 1084 et
2442 1030 2492 1085 ei
2518 1030 2701 1085 ﬁlium
2725 1030 3132 1102 castigandum
3159 1048 3268 1086 non
3295 1029 3679 1086 commisisse.

2057 1116 2168 1171 Sed
2201 1119 2270 1171 ad
2301 1117 2556 1188 primum
2589 1119 2838 1173 dicimus
2869 1122 3082 1173 mirum
3108 1136 3219 1174 non
3245 1135 3372 1174 esse
3403 1118 3685 1172 Constan-

2060 1205 2246 1260 tinum
2280 1222 2313 1259 a
2361 1211 2522 1276 patre
2569 1206 2941 1274 dissensisse,
2974 1224 3106 1262 cum
3155 1207 3424 1276 superius
3470 1205 3684 1277 Pachy-

2060 1310 2249 1348 meres
2272 1294 2533 1350 docuerit
2556 1295 2612 1348 in
2637 1295 2885 1365 singulis
2904 1296 3084 1350 ferme
3100 1299 3240 1350 tunc
3266 1293 3502 1349 familiis
3525 1294 3685 1363 paria

2060 1381 2392 1452 contigisse.
2426 1382 2590 1436 Certe
2622 1382 2679 1437 in
2714 1383 2841 1455 ipsa
2870 1382 3244 1454 imperatoria
3272 1382 3539 1437 videmus
3573 1385 3683 1434 Eu-

2059 1469 2274 1540 logiam
2306 1469 2603 1525 Michaelis
2627 1472 2872 1541 Augusti
2901 1488 3240 1543 germanam
3272 1469 3681 1526 charissimam

2062 1556 2254 1629 palam
2288 1559 2344 1612 in
2377 1557 2570 1628 ipsum
2601 1560 2674 1614 ob
2708 1576 2907 1630 pacem
2937 1561 3149 1615 factam
3192 1558 3603 1624 insurrexisse,
3631 1560 3687 1612 et

2064 1645 2208 1701 alios
2224 1647 2689 1717 consanguineos
2710 1647 2885 1702 etiam
2914 1664 3100 1719 usque
3130 1649 3198 1702 ad
3225 1662 3690 1712 carceres,excae-

2064 1734 2319 1789 rationes
2349 1739 2404 1789 et
2435 1751 2631 1789 necem
2659 1734 2847 1806 ipsam
2903 1736 3230 1807 pertinaces
3283 1737 3340 1789 in
3373 1734 3695 1789 schismate

308 1826 418 1893 ‘qz'u
448 1823 581 1878 solet
623 1823 820 1879 titulus
863 1825 1127 1896 episcOpi:
1184 1828 1378 1896 tribui,
1422 1828 1515 1883 sed
1552 1827 1949 1901 πανιερώτατον
1993 1850 2036 1915 Β
2068 1823 2267 1877 fuisse.
2329 1824 2411 1877 Ad
2480 1825 2800 1878 secundum
2861 1825 3180 1895 respondeo
3240 1824 3382 1878 forte
3439 1821 3694 1877 abfuisse

323 1914 389 1966 in
417 1916 598 1983 fronte
629 1913 944 1969 litterarum
965 1924 1261 1986 nuncupat.
1294 1919 1379 1971 Ita
1410 1918 1791 1987 Pachymeres
1816 1936 1831 1985 ;
1854 1919 1954 1988 qui

319 2002 547 2057 videtur
577 2003 696 2057 haec
729 2003 995 2059 scribens
1036 2020 1336 2074 nunquam
1386 2004 1599 2076 legisse
1647 2006 1863 2061 librum
1895 2007 1954 2062 in

326 2090 541 2145 Graecia
573 2092 1298 2164 notissimum,Liturgiam
1317 2094 1730 2165 Chrysostomi.
1758 2096 1817 2149 In
1842 2112 1958 2166 qua

329 2180 604 2234 sacerdos
661 2180 960 2235 celebrans
1003 2196 1140 2235 voce
1188 2180 1422 2236 sublata
1477 2181 1619 2236 dicit
1664 2183 1954 2253 μνήσθητι,

326 2263 506 2338 Κύριε,
564 2263 969 2340 πανιερωτᾶτου
1011 2264 1425 2341 μητροπολίτου
1457 2270 1610 2325 684
1639 2270 1822 2340 ἡμῶν,
1862 2274 1958 2324 τοῦ

328 2346 541 2414 δεῖνοςε
572 2358 860 2423 Memento,
911 2355 1156 2414 Domine.
1190 2356 1592 2429 πανιερωτάτου
1638 2359 1955 2429 metropoli-

326 2448 400 2499 ιω
449 2443 626 2498 nostri
662 2444 724 2497 Ν.
784 2444 853 2497 Et
899 2442 1113 2498 iterum
1164 2460 1296 2498 mox
1344 2446 1440 2497 τοῦ
1469 2441 1640 2505 δεῖνος
1688 2466 1957 2521 πανιερω-

325 2528 489 2583 τάτου
549 2527 961 2603 μητροπολίτου
1019 2529 1053 2598 ἢ
1111 2529 1409 2584 ἐπισκόπου
1467 2530 1615 2595 ὅστις
1672 2530 1731 2587 ἂν
1789 2536 1848 2605 ᾗ,
1888 2537 1955 2592 Ν.

330 2621 704 2689 panhierotati
730 2620 1091 2690 metropolitze
1119 2628 1219 2674 aut
1247 2620 1502 2691 episcOpi,
1530 2624 1839 2694 quicunque
1865 2625 1957 2679 sit.

331 2708 491 2771 Quod
526 2706 575 2760 si
607 2708 964 2762 sacerdotem
991 2708 1294 2762 facientem
1336 2710 1404 2762 ad
1431 2715 1676 2776 aram,et
1704 2711 1762 2766 in
1798 2729 1957 2768 sacro

329 2800 536 2848 ornatu
567 2795 785 2850 Christi
818 2812 1121 2865 personam
1156 2800 1689 2866 repraesentantem,
1710 2816 1822 2855 non
1854 2801 1957 2856 de-

331 2880 496 2935 decet
542 2883 948 2955 πανιερωτάτου
991 2883 1216 2937 deferre
1265 2883 1498 2938 titulum
1553 2884 1790 2941 cuilibet
1833 2889 1956 2958 epi-

336 2987 532 3040 scopo,
565 2972 697 3039 quis
730 2971 1072 3041 patriarchae
1121 2970 1373 3041 privatas
1416 2973 1637 3029 litteras
1668 2976 1737 3029 ad
1774 2976 1957 3046 Ephe-

334 3059 910 3127 sinzeantiquissimae
942 3063 997 3113 et
1028 3058 1491 3115 honoratissimts
1545 3063 1701 3118 sedis
1733 3064 1960 3118 antisti-

332 3149 445 3199 tem
471 3146 628 3199 danti
659 3149 824 3215 putet
853 3148 990 3200 vitio
1032 3149 1369 3202 vertendum
1411 3150 1458 3203 si
1492 3148 1591 3203 tali
1624 3168 1755 3206 eum
1789 3151 1959 3208 titulo

331 3232 413 3301 [P.
446 3234 569 3303 480]
594 3234 1071 3302 compellaverit?
1095 3236 1241 3305 Ergo
1266 3235 1380 3290 alia
1416 3238 1648 3306 quidem
1674 3238 1955 3294 schisma-

328 3320 427 3375 tici
474 3321 752 3389 objicient
796 3321 1002 3387 Vecco,
1036 3324 1086 3377 si
1135 3324 1387 3378 habent:
1438 3322 1570 3393 αὕτη
1622 3324 1721 3399 γὰρ
1771 3328 1804 3393 ἠ
1851 3328 1956 3396 μή·

333 3418 512 3478 ρινθος
543 3404 694 3459 οὐδὲν
718 3403 931 3463 ἔσπασε.

400 3499 462 3549 P.
509 3496 630 3549 482.
683 3499 983 3552 Enimvero
1032 3498 1434 3566 mandatorum,
1491 3506 1597 3556 etc.
1649 3504 1797 3560 Satis
1855 3526 1962 3563 au—

331 3582 547 3646 dacter,
584 3600 653 3637 ne
693 3584 878 3639 dicam
922 3585 1293 3654 impudenter
1322 3592 1379 3641 et
1430 3588 1605 3660 impie
1629 3592 1962 3650 schismati-

332 3684 436 3723 cus
453 3669 542 3723 hic
567 3670 815 3740 scriptor
832 3677 1063 3725 sanctos
1081 3671 1343 3727 Ecclesiae
1359 3680 1553 3731 Patres
1574 3679 1963 3737 scamlalorum

334 3773 661 3826 magnorum
689 3775 896 3813 causas
926 3759 1156 3815 dedisse
1181 3761 1281 3827 ait,
1316 3764 1455 3817 dum
1489 3781 1719 3821 sacrum
1751 3769 1964 3841 dogma

332 3847 403 3900 de
438 3846 803 3915 processione
827 3846 1078 3917 Spiritus
1096 3848 1281 3903 sancti
1304 3865 1373 3904 ex
1410 3855 1575 3907 Patre
1608 3870 1705 3923 per
1730 3856 1959 3928 Filium,

331 3932 440 3988 hoc
470 3937 557 3987 est
588 3932 765 3987 simul
814 3935 988 3989 etiam
1038 3952 1102 3989 ex
1152 3936 1317 4003 Filio,
1361 3943 1511 3993 recte
1560 3945 1617 3994 et
1649 3944 1963 4002 orthodoxe

329 4018 877 4089 explicant.Quanto
920 4020 1244 4090 sapientius
1285 4022 1569 4091 faceret,si
1597 4042 1729 4081 cum
1755 4032 1961 4099 Vecco,

328 4123 498 4177 quem
536 4107 627 4160 hic
661 4108 956 4163 immerito
1008 4109 1593 4179 culpat,exserentem
1644 4132 1705 4170 se
1753 4119 1964 4174 verita-

326 4199 466 4251 tem.
503 4212 680 4265 quam
725 4195 888 4263 prius
919 4196 1309 4264 ignoraverat.
1356 4200 1709 4272 admitteret,
1741 4209 1797 4259 et
1827 4222 1959 4262 cum

326 4281 543 4336 Latinis
575 4282 942 4352 profiteretur
986 4300 1103 4339 rem
1135 4302 1169 4338 a
1196 4286 1322 4341 suis
1366 4286 1511 4358 ipsis
1535 4291 1746 4346 Graecis
1776 4294 1960 4348 Patri-

328 4369 459 4439 bus,
495 4375 558 4424 ut
588 4370 804 4425 fatetur
841 4371 965 4441 ipse
1013 4388 1269 4444 quoque,
1324 4376 1632 4432 manifeste
1661 4380 1958 4437 traditam.

397 4458 457 4513 P.
484 4460 606 4513 484.
661 4458 760 4514 Illi
803 4476 932 4531 ergo
979 4461 1139 4516 ambo
1176 4462 1280 4517 soli
1332 4464 1595 4532 gloriam,
1650 4472 1756 4524 etc.
1799 4469 1957 4532 Quod

328 4546 422 4601 hic
454 4547 860 4604 videslaudari
892 4548 1215 4619 pertinaces
1236 4549 1295 4605 in
1326 4531 1643 4609 schismate
1674 4531 1857 4626 usque
1886 4561 1957 4614 ad
1992 4531 2036 4594 D

331 4635 765 4706 perpetiendam
807 4636 1177 4693 etl'ossionem
1212 4639 1540 4708 oculorum,
1569 4642 1796 4715 imputa
1824 4646 1962 4705 vitio

331 4722 586 4777 historici
614 4723 826 4795 palam,
860 4729 924 4779 ut
970 4726 1189 4782 dictum
1222 4731 1331 4791 est,
1384 4729 1688 4786 schismati
1721 4733 1960 4790 addicti.

332 4811 397 4864 Et
430 4814 718 4881 pertinere
748 4814 862 4870 huc
914 4820 1053 4887 puta
1095 4816 1330 4888 sapiens
1378 4820 1614 4875 effatum
1645 4823 1832 4878 sancti
1859 4828 1963 4897 Cy-

332 4897 540 4967 priani,
572 4901 892 4971 haereticos,
944 4904 1045 4973 qui
1094 4922 1196 4975 pro
1227 4906 1317 4961 sui
1365 4908 1576 4962 erroris
1626 4910 1962 4968 defensione

333 4986 459 5040 dira
494 4993 811 5044 mortemve
859 4997 1217 5063 paterentur,
1270 5011 1382 5049 non
1416 4994 1660 5066 gloriam
1696 5002 1958 5072 martyrii

333 5074 561 5141 mereri,
597 5076 693 5129 sed
729 5093 957 5146 poenam
992 5080 1151 5134 luere
1181 5082 1453 5151 perﬁdiae.

399 5160 458 5215 P.
491 5161 612 5215 495.
656 5162 1107 5221 Constantinum
1156 5170 1544 5239 Acropolitam
1592 5189 1628 5226 a
1656 5183 1816 5243 patre
1837 5193 1958 5231 ma-

322 5264 426 5315 gno
487 5250 755 5319 togotheta
813 5256 1115 5321 acceptum.
1183 5254 1375 5311 Videri
1428 5259 1641 5329 poterit
1698 5262 1955 5333 cuipiam

324 5338 635 5407 Georgium
694 5340 1080 5410 Acropolitam
1132 5360 1410 5415 magnum
1447 5347 1798 5418 logothetam
1850 5351 1955 5407 hoc

321 5427 582 5496 tempore
606 5428 729 5496 jam
766 5427 946 5484 fuisse
978 5437 1293 5488 mortuum.
1328 5434 1391 5489 Id
1437 5436 1593 5492 enim
1627 5454 1695 5497 ex
1725 5439 1956 5503 duobus

390 5638 468 5708 (1)
502 5639 587 5693 Cf.
617 5639 756 5694 Obs.
790 5640 859 5694 ad
898 5641 1204 5699 Andronis.
1239 5644 1277 5700 l.
1310 5663 1373 5715 II,
1407 5663 1455 5703 c.
1490 5650 1541 5704 1.

2067 1915 2205 1965 tunc
2232 1910 2303 1964 ab
2334 1910 2465 1965 aula
2496 1911 2805 1982 Georgium
2829 1928 3107 1982 magnum
3131 1912 3509 1982 logothetam,
3534 1909 3690 1981 lega-

2066 1999 2223 2053 tione
2254 1998 2453 2069 aliqua
2491 1998 2577 2053 vel
2636 1998 2972 2069 provinciali
3022 2000 3364 2070 przefectura
3417 1999 3555 2053 alibi
3589 2016 3692 2052 us-

2068 2086 2221 2158 piam
2243 2086 2561 2142 detentum.
2587 2087 2982 2157 Supervixisse
3015 2104 3182 2158 porro
3206 2087 3368 2149 illum
3402 2085 3691 2152 Michaeli,

2067 2180 2124 2229 et
2151 2176 2222 2229 ab
2254 2175 2587 2230 Andronico
2619 2181 2856 2246 propter
2885 2176 3236 2247 legationem
3286 2176 3356 2229 ad
3398 2191 3608 2246 papam
3640 2179 3696 2229 et

2069 2263 2139 2316 ad
2171 2262 2481 2317 concilium
2525 2263 2915 2333 Lugdunense
2959 2264 3107 2320 685
3168 2280 3268 2335 pro
3318 2280 3493 2318 causa
3536 2264 3693 2333 pacis

2067 2350 2287 2405 obitam
2320 2350 2377 2404 in
2409 2366 2697 2405 carcerem
2724 2352 3070 2420 conjectum,
3102 2350 3488 2406 disertissime
3519 2351 3698 2405 tradit

2069 2439 2312 2493 idoneus
2343 2444 2547 2492 auctor
2576 2438 2903 2493 Demetrius
2931 2439 3142 2495 Raules
3164 2440 3411 2493 Cabaces
3460 2456 3526 2493 ex
3575 2439 3694 2493 Plc-

2069 2526 2242 2582 lhone
2266 2527 2541 2594 Gemisto,
2593 2529 2693 2597 qui
2747 2528 2937 2582 videre
2987 2528 3177 2598 potuit
3206 2544 3331 2598 qua:
3364 2527 3523 2596 dicit,
3557 2544 3691 2582 cum

2066 2615 2566 2685 Constantinopoli
2614 2615 2724 2670 sub
2773 2615 3050 2671 Michaele
3100 2621 3157 2671 et
3208 2625 3338 2687 post
3380 2615 3535 2669 hunc
3584 2615 3693 2670 sub

2068 2704 2395 2759 Andronico
2429 2704 2648 2768 viverit,
2683 2704 2856 2759 etiam
2882 2722 2913 2758 a
2945 2704 3292 2776 Pacbymere
3315 2708 3692 2759 memoratus.

2065 2793 2208 2849 Vide
2242 2809 2365 2863 quas
2398 2791 2726 2847 notavimus
2756 2794 2826 2847 ad
2886 2810 2942 2863 p.
2965 2794 3090 2847 314.

2138 2887 2198 2935 P.
2234 2882 2354 2935 496.
2399 2883 2459 2935 In
2507 2880 2817 2951 Acropolita
2865 2883 3093 2952 quidem
3120 2882 3427 2937 ulciscendo
3459 2883 3602 2936 iram
3632 2883 3694 2936 in

2064 2974 2331 3041 potestate
2359 2969 2570 3024 habuit.
2612 2969 2741 3023 Scio
2767 2969 2953 3025 visum
2978 2970 3047 3024 iri
3079 2970 3331 3041 cuiqiam
3357 2970 3552 3025 Graeca
3573 2969 3695 3033 illa,

2066 3057 2155 3110 καὶ
2192 3055 2448 3128 κρείττων
2499 3059 2606 3109 τῶν
2663 3058 2777 3111 κατ’
2829 3056 3029 3110 ἐκεῖνον
3058 3058 3148 3111 τὸν
3200 3057 3369 3129 θυμὸν
3426 3055 3543 3129 ἦγε,
3579 3075 3693 3112 non

2071 3147 2127 3200 id
2160 3147 2313 3216 quod
2359 3150 2528 3200 sonat
2574 3147 2780 3213 vcrsio,
2824 3148 2919 3201 sed
2981 3147 3144 3217 quasi
3194 3146 3547 3201 contrarium
3601 3162 3693 3200 so-

2072 3253 2229 3291 nare.
2262 3236 2474 3289 Verum
2508 3236 2866 3290 adversativa
2915 3254 3043 3307 quae
3075 3253 3205 3290 mox
3230 3236 3494 3306 sequitur
3520 3238 3601 3304 τῷ
3636 3230 3692 3287 δὲ

2065 3320 2389 3390 Μουζάλωνι
2420 3322 2507 3376 καὶ
2548 3322 2669 3376 λίαν
2720 3320 3081 3397 χολούμενος,
3131 3325 3238 3377 hoc
3270 3323 3687 3393 intelligiquod

2066 3412 2459 3481 expressimus
2487 3412 2542 3465 in
2563 3412 2855 3483 prioribus
2885 3412 3073 3466 verbis
3106 3412 3344 3481 indicat,
3378 3416 3690 3482 quantum~

2067 3501 2153 3552 vis
2185 3499 2307 3565 illa,
2340 3500 2450 3553 huc
2483 3500 2662 3553 invita
2705 3500 3133 3570 perlrahantnr,
3186 3499 3355 3571 plane
3402 3499 3690 3569 siquidem

2068 3587 2395 3657 signiﬁcare
2412 3587 2533 3640 vult
2555 3589 2993 3643 auctordiverso
3010 3605 3072 3641 ac
3089 3588 3204 3642 fere
3222 3586 3506 3641 contrario
3523 3586 3693 3640 modo

2067 3692 2129 3729 se
2162 3674 2417 3746 gessisse
2469 3677 2788 3744 Augustum
2838 3693 2966 3729 cum
3028 3675 3256 3730 duobus
3310 3675 3486 3739 hisce,
3547 3674 3696 3728 Con—

2067 3763 2325 3818 stantino
2358 3761 2687 3831 Acropolita
2717 3768 2770 3815 et
2800 3763 3101 3817 Theodoro
3147 3763 3441 3816 Muzalone
3471 3780 3482 3827 ;
3516 3778 3696 3831 quare

2068 3850 2281 3905 diserte
2318 3848 2619 3904 afﬁrmans
2649 3851 2893 3904 effusam
2948 3850 3005 3904 in
3059 3852 3211 3905 hunc
3261 3851 3332 3904 ab
3391 3865 3455 3903 eo
3510 3854 3693 3903 totam

2068 3938 2443 3993 acerbitatem
2479 3939 2598 4003 iraa,
2632 3937 2737 3991 hoc
2770 3937 2895 4008 ipso
2946 3939 3348 3992 necessitatem
3386 3938 3551 3991 nobis
3584 3938 3693 3991 im-

2067 4028 2230 4098 ponit
2255 4024 2616 4096 intelligendi
2649 4025 2853 4081 mitius
2901 4025 3091 4096 egisse
3142 4042 3273 4079 cum
3317 4025 3518 4093 altero,
3551 4033 3602 4078 el
3634 4024 3691 4079 in

2066 4129 2133 4169 eo
2167 4113 2467 4168 multando
2498 4113 2811 4168 iracundiae
2843 4114 3083 4167 fraanum
3116 4113 3444 4181 attraxisse,
3480 4116 3692 4165 utcun-

2067 4220 2180 4274 que
2210 4203 2267 4257 id
2304 4220 2413 4256 non
2447 4201 2601 4257 clare
2628 4203 2939 4273 archetypa
2969 4202 3314 4273 exprimant.
3347 4204 3691 4270 Quanquam

2068 4291 2118 4346 si
2148 4291 2279 4363 quis
2317 4290 2570 4361 penitius
2615 4290 3002 4361 introspiciat,
3044 4291 3272 4345 conﬁdo
3299 4288 3692 4360 deprehensu-

2068 4397 2197 4434 rum
2255 4379 2430 4435 etiam
2480 4381 2550 4433 ad
2638 4394 2967 4448 expressem
3027 4396 3060 4432 a
3125 4379 3292 4432 nobis
3349 4377 3695 4431 sententiam

2068 4470 2265 4525 Graeca
2293 4470 2436 4524 satis
2468 4485 2636 4540 posse
2656 4468 3084 4524 accommodari
3102 4469 3200 4539 (1).

2139 4559 2224 4629 [P.
2259 4558 2382 4628 481]
2438 4558 2493 4612 P.
2552 4558 2674 4612 408.
2709 4558 2785 4611 Ad
2822 4558 3053 4611 Montem
3106 4559 3365 4624 Nigrum.
3428 4554 3696 4625 Supplevi

2075 4648 2144 4702 ad
2178 4646 2276 4700 illa
2297 4647 2493 4701 Grmca
2519 4642 2657 4715 πρὸς
2698 4643 2760 4697 τὸ
2796 4641 2962 4715 μέλαν
3004 4643 3350 4699 vocabulum
3385 4637 3509 4714 ὅρος
3538 4660 3696 4695 mon-

2071 4743 2200 4791 tem.
2233 4735 2409 4789 Erant
2439 4733 2496 4788 in
2527 4736 2714 4788 Monte
2752 4732 2916 4804 nigro
2949 4732 3217 4787 monachi
3250 4730 3506 4802 plurimi,
3540 4736 3595 4783 et
3625 4730 3696 4782 ad

2072 4822 2489 4893 capessendam
2524 4820 2899 4875 monasticam
2926 4820 3342 4890 professionem
3377 4832 3699 4871 accommo-

2070 4912 2244 4965 datus
2310 4909 2407 4964 ille
2463 4908 2647 4963 locus.
2712 4910 2909 4978 Itaque
2979 4906 3096 4960 illic
3169 4905 3488 4959 monachus
3558 4903 3696 4957 olim

2067 5000 2287 5053 vixerat
2342 5000 2666 5052 Germanus
2720 5000 2919 5065 postea
2974 4992 3324 5064 patriarcha,
3384 4996 3445 5045 ut
3505 4995 3702 5043 noster

2068 5086 2257 5153 docet,
2284 5102 2338 5155 p.
2371 5085 2510 5151 280;
2570 5081 2933 5138 Theodosius
2981 5081 3120 5135 item
3166 5080 3456 5151 princeps,
3490 5077 3699 5131 deinde

2066 5173 2399 5245 patriarcha
2456 5170 2875 5237 Antiochenus,
2931 5175 2996 5223 ut
3057 5166 3363 5223 habeturl.
3422 5182 3476 5233 v,
3510 5182 3559 5219 c.
3604 5165 3693 5217 24.

2069 5264 2295 5317 Poterat
2316 5266 2373 5316 et
2395 5262 2464 5315 ad
2487 5259 2549 5312 τὸ
2585 5256 2754 5330 μέλαν
2777 5256 3133 5326 subintelligi
3173 5255 3382 5326 σχῆμα,
3418 5253 3569 5322 quod
3604 5268 3694 5305 ve—

2066 5351 2174 5405 stis
2194 5349 2612 5404 monachorum
2637 5364 2737 5418 per
2759 5347 3051 5401 Orientem
3081 5344 3245 5410 nigra
3260 5345 3431 5395 esset:
3455 5342 3551 5393 sed
3571 5355 3693 5392 ver-

2065 5439 2207 5497 bum
2256 5440 2576 5513 καταφυγεῖν
2637 5434 3005 5490 commodius
3072 5431 3317 5483 rcfcrtur
3373 5428 3443 5480 ad
3503 5426 3691 5479 locum
