4146 6288
506 285 644 341 1147

1355 305 1418 356 Ρ.
1459 306 1735 363 POSSINI
1772 309 2385 364 OBSERVATIONUM
2421 309 2553 361 LIB.
2595 310 2668 359 II.
2702 332 2770 344 -ι
2797 304 3022 359 ΝΟΤΕ.

3801 294 3926 350 1148

508 428 685 480 quam
719 416 789 470 ad
820 422 1055 478 vestem.
1088 428 1203 480 Nec
1232 425 1419 482 obstat
1454 432 1799 501 conjecturas
1850 434 2003 504 quod
2045 433 2139 489 hic
2170 436 2222 500 Α
2253 433 2397 487 ravit
2423 447 2524 502 per
2571 429 2765 500 plures
2812 430 3015 493 annos,
3067 424 3388 495 repudiata
3433 421 3731 476 libertate
3762 423 3818 473 et
3844 437 3921 473 rc-

510 502 743 573 dicitur,
776 512 1041 563 exactum
1090 528 1123 565 a
1170 513 1464 571 Cotanitza
1500 519 1676 587 (haud
1709 502 1883 576 dubie
1912 522 1983 576 ab
2017 527 2136 576 Au-

510 593 701 662 gusto)
732 600 792 648 ut
818 597 1011 651 slalim
1041 608 1256 656 vestem
1280 620 1502 660 sacram
1530 607 1967 663 indueret.Nam
2000 609 2140 665 hinc

508 680 696 747 potius
720 696 949 751 apparet
980 687 1218 756 petitam
1252 693 1484 749 nomine
1513 695 1823 752 Gotanitzaa
1850 697 1920 751 ab
1952 697 2140 767 impe-

508 772 697 823 ratore
741 770 1067 830 facultatem
1120 779 1296 834 eundi
1327 782 1397 836 ad
1432 782 1681 839 Montem
1726 786 2000 855 Nigrum:
2036 786 2136 840 sed

511 856 666 912 hunc
697 861 939 917 veritum
971 880 1042 919 ne
1068 866 1117 921 is
1155 867 1236 922 sic
1282 871 1559 927 dimissus
1606 874 1717 930 alio
1775 876 1978 942 abiret,
2009 892 2139 931 exse

512 946 666 1015 gisse
697 955 757 1001 ut
790 950 983 1005 statim
1018 969 1079 1007 se
1112 956 1375 1026 alligaret
1406 962 1728 1018 monastica
1758 964 2138 1034 professione,

514 1050 675 1090 sacro
704 1035 902 1093 habitu
942 1041 1163 1097 induto.
1198 1046 1359 1108 Quod
1408 1047 1506 1103 ille
1563 1050 1643 1104 nil
1677 1067 1953 1107 recusans
1985 1050 2137 1107 fecit.

583 1141 640 1196 P.
687 1143 810 1199 505.
870 1147 931 1201 Ut
978 1148 1284 1218 imperator
1329 1168 1458 1209 cum
1499 1158 1729 1213 suis.....
1792 1154 2142 1213 anathemati

511 1228 937 1297 subjicerentur.
974 1234 1268 1292 Recltatur
1295 1240 1364 1294 ab
1414 1242 1657 1298 Odorico
1699 1240 1989 1316 Raynaido
2022 1247 2141 1301 haec

514 1320 1127 1380 excommunicationis
1155 1328 1210 1380 in
1230 1330 1559 1386 Michaelem
1587 1333 1969 1406 Palseologum
2008 1353 2141 1391 sen-

515 1406 693 1495 tentia
737 1409 805 1461 ad
851 1426 1067 1466 annum
1109 1416 1265 1471 1281.
1326 1419 1432 1473 Ubi
1479 1437 1813 1492 quanquam
1872 1424 2143 1495 eulpatur

514 1494 865 1567 Palaeologus
911 1502 1060 1568 quod
1110 1509 1275 1571 pacta
1306 1522 1374 1560 ex
1420 1508 1533 1562 fide
1572 1510 1723 1564 circa
1771 1494 2141 1567 conuordiam

516 1582 897 1639 Ecclesiarum
934 1603 1045 1642 non
1089 1590 1392 1663 explesset,
1444 1595 1591 1650 haud
1626 1602 1819 1653 tamen
1852 1600 2016 1655 facile
2045 1600 2143 1655 ad-

516 1671 693 1726 ducor
735 1676 797 1726 ut
843 1675 1090 1745 credam,
1138 1681 1288 1747 quod
1324 1680 1442 1737 illic
1489 1683 1576 1737 vir
1622 1684 1719 1739 illc
1769 1687 2143 1742 doctissimus

515 1761 741 1817 videtur
771 1764 1020 1832 opinari,
1054 1768 1283 1839 culpam
1334 1771 1701 1842 imperatoris
1743 1775 1798 1829 in
1850 1792 1915 1831 eo
1947 1778 2140 1847 sitam,

519 1851 689 1918 quod,
743 1852 896 1906 sicut
953 1857 1310 1925 promiserat,
1379 1875 1492 1915 non
1552 1858 1836 1919 effecisset
1893 1865 2045 1921 080
2085 1864 2147 1921 ut

522 1938 701 1993 Graeci
725 1941 1071 2009 particulam
1117 1945 1363 2018 Filioque
1393 1950 1662 2020 Symbolo
1693 1952 1990 2008 adderent.
2024 1953 2147 2009 Non

520 2023 675 2078 enim
709 2026 1027 2094 reperimus
1058 2028 1114 2082 id
1149 2031 1222 2084 ab
1252 2047 1317 2086 eo
1350 2040 1613 2089 exactum
1645 2041 1744 2090 aut
1772 2037 1962 2106 ipsum
1994 2054 2147 2093 recc.

518 2111 710 2181 pisse;
761 2114 1287 2189 adnotavimusque
1334 2124 1606 2193 superius
1653 2126 1724 2179 ad
1775 2142 1824 2180 c.
1878 2122 1944 2181 15
1972 2126 2149 2197 hujus

518 2200 673 2269 libri,
698 2200 1012 2258 Ecclesiam
1047 2206 1305 2263 Latinam
1347 2211 1489 2265 satis
1538 2211 1836 2281 habuisse,
1888 2214 1937 2268 si
1967 2214 2147 2269 Graeci

519 2290 731 2362 dogma
776 2291 968 2361 ipsum
1019 2298 1407 2363 processionis
1457 2301 1705 2370 Spiritus
1753 2304 1937 2357 sancti
1969 2302 2145 2358 etiam

519 2396 587 2434 ex
649 2379 787 2435 Filio
862 2382 1291 2453 proﬁterentur,
1350 2395 1402 2442 et
1474 2388 1710 2445 Latinos
1771 2397 2151 2460 agnoscerent

512 2468 676 2539 justa
704 2484 771 2524 ex
815 2486 995 2526 causa
1043 2473 1443 2530 declaratiouis
1489 2478 1870 2548 expressioris
1908 2481 2146 2535 verbum

517 2556 662 2611 illud
696 2558 966 2626 Symbolo
995 2561 1222 2617 Nicieno
1254 2564 1566 2631 addidisse,
1617 2582 1730 2619 non
1765 2567 2149 2637 praecipiendo

520 2650 580 2696 ut
610 2642 722 2713 ipsi
775 2644 993 2714 pariter
1036 2645 1178 2700 illud
1238 2649 1534 2705 adderent.
1577 2655 1750 2708 Fuere
1798 2658 1988 2708 autem
2038 2654 2148 2708 alia

520 2731 730 2799 quibus
763 2733 962 2788 merito
1003 2740 1310 2805 suspectus
1352 2743 1452 2792 aut
1498 2740 1670 2795 etiam
1726 2743 2027 2797 convictus
2058 2742 2154 2798 iic-

520 2818 694 2874 tionis
734 2820 912 2885 videri
958 2823 1151 2893 potuit
1202 2824 1598 2899 Halaaologus:
1634 2836 1771 2899 puta
1818 2833 2152 2885 vexationes

521 2907 690 2963 Vecci
748 2909 1049 2965 orthodoxi
1100 2914 1463 2983 patriarchas,
1517 2933 1643 2987 quae
1691 2917 1857 2971 illum
1899 2919 1968 2971 ad
2004 2917 2154 2973 ultro

525 2995 905 3052 abdicandam
947 2998 1291 3069 dignitatem
1340 2988 1674 3074 coegerunt,
1719 3011 1946 3060 narrate
1976 3023 2009 3060 a
2046 3006 2153 3060 Pa-

522 3083 789 3154 chymere
821 3085 929 3140 hoc
982 3086 1130 3141 libro
1159 3105 1193 3142 a
1223 3106 1272 3144 c.
1309 3092 1375 3144 1O
1404 3092 1475 3145 ad
1528 3091 1614 3156 14,
1647 3095 1705 3145 et
1738 3093 1889 3160 quod
1923 3099 2021 3147 aut
2052 3109 2149 3149 ne-

527 3170 689 3225 scivit
719 3179 816 3225 aut
846 3172 1238 3229 dissimulavit
1267 3180 1811 3248 noster,conjuratio
1844 3181 2151 3250 imperato-

526 3259 607 3313 ris
637 3258 937 3314 Michaelis
964 3276 1097 3315 cum
1139 3262 1350 3318 Siculis
1381 3281 1411 3320 e
1440 3266 1604 3320 Petro
1651 3280 1782 3338 rege
1819 3275 2152 3339 Aragonum

528 3351 731 3401 contra
768 3346 1030 3402 Carolum
1078 3350 1302 3420 Apuliae
1347 3358 1403 3407 et
1458 3352 1665 3409 Siciliae
1710 3372 1900 3427 regem
1946 3374 1980 3412 a
2019 3359 2155 3413 sede

528 3434 845 3503 apostolica
892 3436 1223 3506 probatum,
1262 3442 1431 3510 cujus
1482 3441 1763 3512 Gregoras
1807 3446 2069 3501 meminit
2098 3450 2156 3501 et

530 3521 627 3576 alii
658 3526 985 3594 temporqu
1019 3525 1251 3582 illorum
1289 3530 1600 3600 scriptores
1638 3531 1797 3587 relati
1830 3534 1889 3587 in
1922 3535 2156 3589 Annali-

531 3611 640 3665 bus
672 3611 1080 3667 ecclesiasticis
1106 3615 1177 3668 ab
1211 3617 1521 3686 Spondano
1538 3624 1596 3674 et
1616 3621 1911 3692 Raynaldo
1961 3624 2031 3677 ad
2054 3639 2156 3677 an.

530 3714 670 3753 num
708 3700 844 3753 1280
871 3705 929 3754 et
957 3712 1313 3773 sequentem.
1355 3708 1476 3771 Quo
1524 3710 1772 3779 pertinet
1801 3711 1954 3781 quod
1985 3711 2157 3765 istum

529 3786 588 3840 in
614 3786 955 3843 Michaelem
993 3793 1608 3851 excommunicationis
1658 3797 2007 3851 sententiam
2032 3813 2157 3867 per-

530 3874 705 3929 latam
740 3876 998 3932 instante
1022 3878 1222 3935 Carolo
1252 3896 1386 3953 rege
1407 3882 1667 3938 historici
1700 3896 1889 3939 rerum
1923 3884 2158 3942 illarum

532 3969 874 4035 memorant,
935 3971 999 4020 ut
1041 3967 1118 4021 ibi
1167 3969 1300 4023 licet
1342 3970 1552 4025 videre.
1607 3968 1907 4043 Cogitasse
1964 3978 2158 4029 autem

532 4051 915 4123 Palaeologum
958 4054 1067 4110 hoc
1108 4072 1230 4111 sum
1268 4059 1660 4115 damnationis
1698 4062 1903 4116 nuntio
1944 4063 2164 4131 percul-

534 4156 663 4195 sum
696 4145 906 4196 cuncta
952 4159 1074 4212 quae
1108 4161 1210 4213 pro
1260 4148 1565 4201 concordia
1604 4148 1990 4204 Ecclesiarum
2025 4149 2162 4205 hace

533 4234 705 4284 tenus
734 4235 928 4301 egerat
956 4232 1298 4300 rescindere,
1340 4237 1489 4304 quod
1524 4235 1619 4291 hic
1655 4243 1851 4291 noster
1888 4239 2160 4305 afﬁrmat,

536 4335 650 4374 non
683 4324 770 4373 est
800 4336 1039 4389 prorsus
1069 4320 1444 4376 inverisimile
1498 4325 1553 4377 in
1588 4324 1822 4379 homine
1862 4342 2031 4395 quem
2065 4344 2163 4395 ap-

2244 520 2547 575 stitutione
2579 518 2636 572 in
2690 516 2984 586 integrum
3014 512 3208 568 oblata
3243 511 3301 566 ei
3341 510 3427 564 ab
3482 508 3841 579 imperatore
3872 510 3912 562 si

2244 610 2537 680 deﬁcere(
2571 607 2632 662 P.
2682 606 2808 676 482)
2841 623 2874 659 a
2920 602 3346 659 communione
3400 600 3695 653 Romana
3745 598 3915 664 vellet,

2248 698 2304 752 in
2336 713 2450 767 qua
2480 695 2735 765 denique
2766 693 2917 747 diem
2958 689 3104 746 obiit
3132 690 3458 745 confectus
3503 686 3799 741 aerumnis
3826 686 3913 741 Dei

2246 797 2423 842 causa
2446 783 2731 838 toleratis.
2782 781 2928 835 Vide
2974 796 3101 849 qua
3142 777 3435 848 superius
3480 774 3826 830 notavimus
3855 775 3912 828 ad

2246 890 2297 929 c.
2328 874 2420 941 28,
2454 871 2491 926 1.
2527 888 2598 927 ιν.

2320 999 2380 1050 Ρ.
2428 987 2555 1049 531.
2607 992 2722 1059 Τὴν
2778 991 2961 1063 ψυχὴν
3024 986 3269 1064 ἀφίησιν.
3349 978 3510 1041 Post
3576 984 3704 1039 haec
3744 983 3908 1038 Vatic.

2249 1086 2373 1140 cod.
2423 1072 2543 1137 hzec
2576 1081 2921 1152 subjungit:
2954 1078 3016 1133 Ὀ
3066 1074 3231 1149 μηδὲν
3263 1074 3337 1128 τὸ
3403 1072 3682 1147 παράπαν
3712 1071 3909 1125 πώποτε

2244 1171 2585 1240 τεθνήξεσθαι
2660 1164 3081 1242 προσδοκήσας,
3164 1154 3247 1217 διὸ
3329 1161 3436 1216 καὶ
3522 1162 3727 1233 ὅρκους
3806 1157 3911 1219 τοῦς

2248 1256 2417 1331 ὄνομα
2473 1252 2604 1312 Θεοῦ
2661 1256 2917 1333 φέροντας
2976 1250 3050 1313 εἰς
3110 1248 3260 1305 οὐδὲν
3324 1247 3657 1321 ἐλογίζετο,
3690 1246 3775 1300 καὶ
3808 1243 3908 1300 ἀδι-

2247 1346 2366 1402 κίαν
2425 1347 2514 1399 καὶ
2571 1344 2768 1420 φόνους
2820 1342 2906 1396 καὶ
2963 1338 3230 1413 τιμωρίας
3264 1338 3350 1401 ὡς
3398 1335 3689 1408 κώνωπος
3739 1337 3904 1408 πρᾶξιν

2248 1437 2455 1509 ἠγεῖτο*
2516 1428 2669 1502 ὅμως
2725 1427 2896 1485 ἔκειτο
2952 1427 3159 1503 νεκρὸς,
3214 1425 3311 1480 καὶ
3380 1424 3627 1497 δάκρυσι
3677 1428 3780 1477 τῶν
3834 1422 3906 1476 οἴ-

2250 1520 2408 1578 κείων
2438 1516 2716 1594 ἐϐρέχετο.
2768 1518 2874 1588 Qui
2901 1526 3184 1588 nunquam
3221 1526 3278 1571 se
3343 1517 3709 1570 moriturum
3748 1510 3905 1567 credi-

2252 1608 2429 1677 derat,
2462 1611 2686 1681 ichQue
2714 1599 3027 1678 iurantenta
3064 1602 3160 1661 Dei
3204 1612 3424 1660 uomen
3475 1603 3731 1673 ferentia
3755 1601 3904 1655 m‘hz’li

2253 1700 2513 1767 duxerat,
2564 1696 2801 1768 injurias
2838 1711 2986 1760 vero,
3030 1694 3203 1750 caedes
3283 1700 3340 1748 et
3401 1690 3693 1762 supplicia
3746 1700 3897 1753 sava,

2177 1782 2220 1845 Β
2250 1782 2410 1860 quasi
2428 1800 2537 1843 non
2563 1782 2635 1841 iis
2657 1785 2903 1841 homines
2924 1770 3017 1838 sed
3038 1770 3234 1837 culices
3260 1781 3646 1847 txdermuur,
3676 1792 3900 1833 exercue-

2251 1872 2509 1933 ra2687
2556 1874 2809 1930 [stamen
2841 1865 3049 1943 iacebat
3098 1866 3355 1925 Mortuus
3419 1864 3475 1924 et
3530 1867 3785 1938 tucrymis
3813 1862 3897 1919 do-

2252 1965 2603 2021 rnesticorum
2627 1960 2943 2031 rz'gabdtur.
2970 1956 3098 2014 Haec
3130 1970 3264 2013 eum
3302 1957 3365 2013 id
3396 1961 3619 2011 neutro
3652 1954 3892 2009 codicum

2254 2050 2605 2124 optimurum
2641 2048 3021 2121 reperiantur.
3047 2054 3159 2101 non
3191 2051 3492 2117 putamus
3535 2056 3667 2097 esse
3698 2036 3890 2107 Pachy-

2256 2143 2455 2209 meris,
2516 2138 2611 2194 Sed
2659 2124 3094 2207 interpolatoris
3133 2137 3191 2189 et
3254 2131 3700 2204 paraphrastae,
3743 2143 3887 2198 quem

2255 2226 2475 2283 scimus
2509 2224 2565 2282 et
2595 2226 2709 2280 alla
2740 2229 2953 2296 praeter
2975 2216 3231 2278 auctoris
3256 2216 3533 2275 mentem
3568 2214 3878 2273 inseruisse.

2255 2316 2599 2374 Mederatior
2628 2308 2715 2368 est
2744 2312 2899 2367 enim
2929 2316 3125 2365 uoster
3155 2302 3494 2363 historicus
3529 2310 3707 2381 quam
3737 2309 3795 2357 ut
3820 2302 3883 2355 sic

2257 2405 2529 2461 atrociter
2560 2396 2874 2457 msultasse
2910 2399 3203 2471 putandus
3235 2396 3317 2452 sit
3370 2400 3610 2451 mortuo
3643 2389 3877 2475 principi,

2256 2495 2424 2563 cujus
2449 2494 2599 2546 bona
2630 2486 2900 2558 malaque
2929 2484 3128 2551 libere,
3158 2486 3258 2539 sed
3294 2478 3453 2540 citra
3484 2475 3876 2552 malignitatem

2256 2582 2312 2635 in
2347 2581 2465 2634 haec
2497 2574 2740 2633 historia
2787 2574 3091 2644 expressit.
3132 2570 3348 2642 Magna
3401 2576 3465 2626 et
3504 2581 3641 2625 vera
3670 2567 3787 2622 laus
3811 2568 3874 2619 est

2257 2666 2558 2725 Michaelis
2580 2658 2884 2735 Palaaolog‘i
2918 2662 3071 2716 inter
3102 2660 3309 2730 multa,
3337 2672 3471 2732 quas
3505 2674 3611 2714 nec
3643 2656 3873 2710 dissimu-

2259 2758 2362 2813 lari
2390 2768 2492 2810 nec
2524 2753 2754 2827 probari
2791 2750 3058 2822 possunt,
3092 2765 3407 2820 perperam
3437 2749 3610 2816 facta,
3633 2758 3808 2816 pacem
3833 2738 3872 2794 et

2258 2843 2631 2901 concordiam
2678 2840 3068 2895 Ecclesiarum
3108 2828 3414 2892 indefesso
3466 2834 3541 2891 ad
3587 2838 3868 2889 extremam

2261 2934 2453 2988 istule
2509 2929 2749 2985 ursisse.
2808 2932 2874 2981 Et
2902 2929 3111 2981 merito
3163 2936 3302 2979 eum
3367 2922 3481 2979 hac
3541 2920 3810 2993 praecipue
3834 2916 3864 2969 te

2258 3016 2467 3076 Joanni
2523 3016 2770 3073 Batatzae
2814 3012 3205 3087 praecelluisse
3254 3004 3556 3085 Georgius
3586 3003 3867 3076 ,Metocbita

2182 3128 2226 3195 ο
2262 3104 2517 3163 afﬁrmat
2571 3105 2831 3161 oratione
2892 3102 3091 3195 prima
3126 3102 3437 3195 historica.
3488 3090 3583 3154 Ait
3636 3095 3709 3150 ibi
3762 3104 3862 3195 enni

2265 3208 2479 3267 magna
2519 3204 2621 3265 'spe
2671 3207 2964 3264 generosae
2997 3189 3233 3257 indolis,
3281 3204 3421 3244 cum
3455 3203 3597 3243 cura
3629 3168 3859 3256 peculiari

2260 3284 2329 3340 ad
2364 3298 2593 3339 summa
2618 3294 2863 3351 quaeque
2891 3279 3195 3334 edacatum
3229 3279 3343 3332 sub
3392 3272 3621 3332 Joanne
3652 3272 3857 3351 Batatza,

2261 3389 2376 3427 non
2434 3387 2608 3442 parvo
2634 3348 2835 3423 etiam
2889 3367 3075 3437 ipsius
3133 3358 3427 3437 principis
3471 3358 3677 3425 favore,
3704 3359 3789 3442 πᾶγ
3812 3348 3852 3402 ἓν

2261 3428 2699 3529 ἀριστοϐουλίαις
2778 3453 2867 3507 καὶ
2915 3428 3399 3527 ’ἄριστοπραξῐαις
3474 3428 3853 3522 κατωρθωμένων

2264 3545 2427 3616 αὐτῷ,
2460 3555 2652 3600 cuncta
2685 3546 2799 3616 ejus
2820 3544 3135 3627 rectissime
3159 3540 3426 3596 consulta
3455 3540 3739 3627 Optimaque
3757 3531 3853 3627 acia

2263 3634 2533 3691 imitando
2580 3634 2927 3703 expressisse,
2968 3628 3056 3683 καὶ
3125 3620 3423 3702 ἐκμαγεῖον
3472 3620 3850 3716 γεγονέναιιτῶν

2261 3723 2459 3777 δτοῦτου
2488 3718 3009 3791 πλεονεκτημάτων,
3041 3727 3089 3774 et
3117 3719 3185 3773 ad
3214 3719 3407 3774 vivum
3431 3720 3852 3787 expressam/na-

2264 3813 2448 3884 gtnem
2473 3812 2707 3865 evasisse
2752 3798 3004 3865 decorum
3046 3802 3224 3862 illius.
3268 3800 3407 3863 Mox
3438 3800 3591 3861 addit
3627 3795 3849 3889 eumdem

2266 3900 2551 3957 Joannem
2582 3898 2752 3969 longe
2782 3914 2814 3952 a
2845 3892 3123 3952 Michaele
3160 3901 3529 3979 superatum,
3566 3885 3845 3979 praesertim?

2267 4004 2334 4043 eo
2365 3986 2543 4058 quod,
2570 3998 2746 4056 quam
2774 3980 2870 4039 ille
2903 3984 3090 4039 solum
3138 3978 3499 4054 cogitaverat
3527 3978 3581 4034 et
3608 3972 3845 4029 mentione

2268 4079 2551 4131 duntaxat
2583 4072 2771 4145 prima
2799 4073 3212 4127 informaverat
3252 4064 3638 4126 Ecclesiarum
3665 4067 3842 4151 pacem,

2268 4140 2641 4231 hicconsiiio,
2674 4165 2907 4228 conatu,
2932 4161 3364 4231 perseverantia
3385 4156 3626 4225 denique
3650 4140 3839 4219 peregit:

2270 4256 2326 4307 et
2374 4248 2609 4317 factam,
2660 4249 2849 4320 quoad
2883 4249 2941 4302 in
2984 4248 3101 4302 vita
3145 4240 3426 4316 perstitit,
3475 4238 3670 4297 tenuit.
3698 4233 3839 4322 Qui.”

2269 4340 2408 4395 totis
2458 4318 2700 4394 habenis
2752 4333 2915 4391 albas
2964 4336 3119 4390 idem
3179 4332 3499 4389 Metochita
3552 4318 3834 4393 eloquentia

537 4412 701 4476 paret
730 4407 980 4477 politicis
1013 4410 1260 4464 maxime
1283 4412 1607 4466 rationibus
1646 4421 1698 4466 et
1738 4418 1890 4467 metu
1923 4414 2163 4469 infensas
2196 4470 2236 4498 ἢ
2271 4429 2583 4498 quadrigas
2617 4427 2672 4480 in
2716 4420 2843 4495 ejus
2874 4420 3077 4478 ιειηάθε
3113 4416 3269 4479 Velut
3320 4416 3381 4476 in
3416 4426 3669 4488 campum
3690 4403 3835 4498 rbelo'

536 4494 642 4549 sibi
679 4497 941 4564 potentias
992 4497 1175 4552 Caroli
1226 4500 1379 4569 regis
1419 4501 1487 4553 ad
1538 4500 1710 4555 istam
1759 4502 2161 4557 tractationem
2195 4478 2238 4540 Β
2876 4506 3155 4576 admittit,
3179 4504 3373 4580 Οὗτος,
3406 4478 3663 4573 inquiens
3689 4484 3827 4580 611a:

538 4583 875 4637 adductum.
904 4586 1117 4639 Tamen
1150 4587 1206 4640 id
1238 4602 1370 4641 eum
1403 4602 1515 4643 non
1545 4589 1751 4643 fecisse
1795 4586 2040 4643 testatur
2070 4590 2164 4644 hic

538 4675 751 4724 noster.
786 4676 842 4726 et
889 4674 998 4743 ipsi
1048 4674 1227 4728 Graeci
1275 4676 1627 4730 schismatici
1679 4690 2012 4747 persuasum
2059 4678 2162 4733 ba»

540 4760 792 4813 buerunt
835 4760 1030 4830 ipsum
1082 4779 1268 4832 usque
1299 4765 1367 4817 ad
1423 4770 1666 4819 mortem
1699 4769 1757 4819 in
1790 4767 1901 4820 fide
1923 4783 2162 4822 concor~

542 4847 648 4899 dias
678 4848 1042 4916 perstitisse;
1076 4864 1198 4918 quas
1246 4867 1423 4905 causa
1451 4852 1591 4921 ipsis
1640 4854 1751 4907 fuit
1783 4870 1916 4909 eum
1949 4856 2164 4910 honore

540 4934 853 5003 sepultura:
876 4936 1206 4991 fraudandi.

613 5040 672 5093 P.
705 5042 827 5095 5‘21.
864 5044 1185 5112 Acmpolita
1209 5062 1441 5113 magnus
1474 5040 1749 5118 logotheta
1780 5048 1909 5102 dum
1941 5050 2161 5103 viveret.

543 5127 673 5183 Hac
704 5130 964 5185 indicant
1009 5133 1281 5202 scripisse
1314 5136 1425 5188 ista
1468 5132 1877 5205 Pachymerem
1913 5138 2020 5190 sub
2056 5139 2164 5190 An-

544 5217 801 5284 dronico,
836 5224 890 5271 et
920 5219 1151 5289 quidem
1188 5220 1381 5275 multis
1413 5228 1580 5277 armis
1611 5230 1740 5293 post
1786 5235 2020 5279 mortem
2054 5224 2166 5278 Mi-

545 5305 757 5359 chaelis
789 5308 1055 5377 Augusti.
1089 5308 1231 5362 Nam
1254 5308 1533 5380 Georgius
1560 5311 1884 5380 AcrOpolita
1903 5320 2168 5368 mortuus

547 5396 721 5449 estin
765 5411 1012 5462 carcere,
1063 5398 1123 5450 in
1174 5414 1347 5468 quem
1392 5400 1684 5467 conjectus
1736 5398 1918 5454 fuerat
1950 5402 2019 5456 ab
2051 5406 2167 5455 An-

548 5484 784 5538 dronico
807 5485 915 5538 sub
974 5486 1206 5540 initium
1237 5487 1363 5553 ejus
1409 5486 1660 5557 imperii,
1695 5490 1847 5558 quod
1881 5490 2168 5544 schisma-

546 5572 679 5625 ticis
712 5573 978 5627 assentiri
1026 5573 1223 5640 nollet,
1273 5575 1331 5628 in
1362 5591 1541 5645 eoque
1586 5582 1859 5632 constans
1905 5594 2169 5648 perseve-

2267 4602 2360 4666 νὸς
2390 4602 2441 4657 ἐν
2473 4598 2861 4695 αὗτλοκράτορσιι
2910 4592 3165 4672 Μιχάῆλ,
3187 4687 3205 4695 _
3228 4598 3288 4651 τὸ
3336 4595 3506 4695 ξέγαμ
3520 4582 3819 4695 τῆς

2272 4692 2519 4769 ἑσπερίου
2566 4684 2774 4761 λήξεως
2823 4686 3015 4761 ὄνομα,
3071 4687 3283 4760 μᾶλλον
3334 4678 3391 4741 δὲ
3440 4684 3534 4750 τῆς
3578 4678 3818 4769 ,οἴίχουμειιξ

2262 4782 2371 4850 ’κῆς
2402 4762 2841 4857 ’τετραμερείαω
2898 4778 2961 4831 τὸ
3018 4766 3249 4851 φοϐερὸν
3296 4772 3383 4859 καὶ
3442 4762 3687 4863 ἀγακλεὲς

2273 4852 2597 4943 θρύλλημα,
2650 4852 2805 4951 δτὴν
2852 4861 3117 4921 εὐσέὅειαν
3170 4856 3430 4951 ἂρραγῆς,
3462 4861 3488 4913 ὁ
3544 4852 3715 4951 ρερμόῗ
3738 4852 3829 4951 :71:

2273 4885 2590 4943 θρῡΛΛημα,
2650 4885 2677 4922 o
2707 4885 2805 4936 την
2852 4885 3117 4921 ευσεοειαν
3170 4885 3430 5007 αὲραγης,
3462 4885 3488 4913 ο
3544 4885 3713 4951 mw»:

2272 4958 2406 5031 πρὸς
2460 4959 2590 5012 Θεὸν
2647 4948 2967 5025 πεποίθησιν
3024 4955 3113 5007 καὶ
3166 4953 3197 5006 ἀ
3238 4948 3501 5014 ἷστακτος,
3538 4938 3564 4997 ὂ
3607 4953 3697 5031 παρ
3735 4924 3757 5031 ξ
3789 4938 3830 5031 οῗ

2274 5026 2438 5101 uino?)
2492 5047 2553 5099 τὸ
2616 5046 2881 5118 βιώσιμον
2941 5038 3239 5118 πρόϐλημα
3285 5041 3381 5107 τὴν
3422 5026 3830 5127 εἷλικρινῆῗπῖξίῖ

2273 5133 2601 5206 ποιούμενος
2651 5132 2738 5187 καὶ
2775 5132 2872 5186 δσα
2900 5134 2996 5199 τῆς
3044 5132 3350 5202 ἀμωμήτου
3380 5124 3592 5180 πίστεως
3635 5108 3832 5211 συξλῖξξα

2443 5190 2453 5206 ι
2590 5190 2599 5195 '
2956 5190 2992 5199 "
3083 5190 3091 5202 ι
3176 5190 3185 5201 ι
3239 5190 3247 5199 ι
3695 5194 3704 5211 ἢ
3814 5210 3830 5221 α

2274 5222 2379 5295 πρὸ
2410 5223 2607 5283 παντὸς
2661 5215 2840 5296 ἔργου,
2881 5218 2986 5293 πρὸ
3012 5217 3208 5278 παντὸς
3260 5215 3605 5282 διανοήματος
3632 5190 3827 5296 utﬁt:

2276 5309 2547 5383 λεῦματος
2594 5302 2643 5362 ἓν
2688 5309 2845 5362 παντὶ
2884 5307 3071 5380 τρόπῳ
3100 5327 3157 5359 τε
3187 5306 3275 5359 καὶ
3307 5304 3491 5373 καιρῷ,
3524 5294 3570 5393 ἐν
3598 5288 3831 5393 ἴαυτξξῖξῗ

2276 5402 2597 5466 καθεσθῆναι
2644 5396 2731 5451 καὶ
2780 5396 3067 5464 ἀναστῆναι
3118 5398 3205 5447 καί
3256 5390 3444 5465 μέχρις
3488 5378 3631 5483 αὲτου
3655 5383 3734 5490 τθηῗ

2337 5486 2346 5490 -
2643 5487 2652 5490 -
2890 5485 2912 5490 --
2982 5484 3004 5490 Α
3053 5479 3100 5490 κ.
3383 5479 3395 5490 ι
3448 5473 3461 5490 9
3555 5476 3674 5490 .--σιμ
3734 5466 3784 5490 ’ri

2276 5486 2474 5561 χόντος
2499 5465 2504 5466 ⁷
2529 5487 2831 5557 κινήματος
2883 5485 2915 5551 ἢ
2979 5479 3329 5557 βαδίσματος,
3373 5479 3405 5543 ἡ
3438 5465 3830 5591 ἀκξματείςαῖξςέξ

2289 5576 2301 5591 ε
2488 5570 2507 5591 Χ
2538 5573 2550 5591 Ι
2734 5571 2760 5591 ν
2793 5574 2818 5591 Λ
3064 5568 3152 5591 μ.ρδ
3207 5567 3441 5591 Αλραζμί--
3578 5571 3607 5591 ΙΙ

2282 5546 2680 5648 ἓμεγαλόνοος
2726 5546 3009 5646 ἅνθρωῆος
3064 5546 3153 5623 xui
3202 5546 3458 5641 οὐράνιος,
3509 5557 3534 5609 δ
3578 5546 3800 5620 μεγαλουρ
