4122 6272
298 354 437 410 1149

1480 348 1611 409 LIB.
1651 357 1751 408 III.
1788 385 1853 396 —
1881 340 2497 420 CFlRONOLOGICUS.

3545 352 3684 407 1150

293 478 385 552 γὸς
417 476 505 531 καὶ
560 469 1034 550 μεγαλεπήϐολος,
1084 474 1111 529 ὅ
1159 472 1560 552 Κομνηνοφυὴς
1617 476 1929 535 ΙῙαλαιολό-

2040 504 2256 575 gnando
2320 513 2695 563 consueverat.
2757 506 2946 561 Codex
3011 500 3365 558 Barborinus
3432 488 3678 552 formam

295 588 402 642 γων
460 564 715 640 βλιστὸς,
760 562 847 617 καὶ
906 562 1120 635 σύμπαν
1180 564 1625 638 ἁξιοθαύμαστος.
1685 570 1930 641 lnclylus

298 659 357 711 in
390 655 810 725 imperatoribus
856 655 1113 722 Michael,
1163 668 1424 725 magnum
1472 658 1848 713 Orientalium
1880 663 1930 714 et

300 743 661 798 Occiduorum
716 746 988 796 tractuum
1036 758 1257 811 nomen,
1316 751 1411 798 aut
1467 745 1645 811 potius
1698 750 1931 819 quatuor

298 829 491 883 mundi
518 828 807 883 cardinum
836 832 1012 883 terror
1040 833 1093 883 et
1122 831 1321 899 gloria,
1350 833 1559 902 pietate
1604 839 1929 891 constantis-
2032 846 2039 847 ’

296 918 457 983 sima,
500 917 709 988 ﬁducia
755 917 817 971 in
866 919 1032 972 Deum
1078 919 1312 974 ardente
1346 922 1563 990 pariter
1593 922 1642 978 et
1672 925 1929 980 immuta-

300 1006 435 1073 bili;
465 1008 560 1077 qui
586 1021 683 1076 per
712 1008 877 1060 totam
900 1008 1071 1061 vitam
1103 1022 1259 1077 scopo
1288 1008 1500 1065 illustri
1518 1011 1629 1065 sibi
1655 1014 1931 1084 proposito

295 1094 425 1163 ﬁdei
470 1096 719 1158 sincerae,
751 1101 946 1147 cuncta
978 1110 1097 1164 qum
1126 1097 1203 1149 ad
1232 1094 1373 1150 hanc
1401 1098 1776 1169 conducerent,
1813 1120 1931 1173 qum

300 1183 461 1235 illam
490 1181 973 1252 quomodocunque
1003 1180 1291 1251 referrent,
1311 1198 1431 1254 pra?
1454 1186 1605 1241 omni
1633 1198 1810 1258 opere,
1839 1205 1932 1244 σοι»

297 1272 574 1341 gitatione,
603 1270 853 1335 consitio,
895 1270 1053 1325 omni
1100 1275 1256 1326 modo
1303 1275 1354 1327 et
1393 1276 1648 1345 tempore,
1682 1278 1930 1341 sedendo,

296 1359 563 1427 surgentia
595 1360 652 1413 in
681 1362 834 1414 omni
861 1363 1007 1414 motu
1039 1375 1103 1413 ac
1132 1376 1293 1429 passu
1321 1367 1577 1433 spectavit
1607 1366 1930 1437 amplexus-

297 1462 401 1518 que
429 1456 526 1501 est.
556 1447 843 1518 Inde/essu
897 1456 1071 1515 mens,
1105 1465 1425 1519 magnorum
1457 1452 1621 1506 homo
1650 1466 1928 1519 sensuum,

300 1536 550 1606 ccelestis,
577 1553 777 1605 magna
827 1538 1100 1603 operatus,
1148 1538 1409 1609 ingentia
1451 1545 1720 1604 conatus;
1770 1544 1931 1600 Com-

299 1643 441 1680 nena
494 1626 688 1679 mistus
738 1626 910 1697 stirpe
956 1628 1398 1694 Palaeologorum
1452 1631 1725 1698 surculus,
1770 1635 1933 1703 plane

299 1714 675 1770 admiratione
701 1715 914 1784 dignus.
948 1719 1080 1769 Haec
1128 1714 1207 1769 ibi
1256 1717 1537 1788 Georgius
1582 1720 1928 1792 Metochita;

2040 592 2264 664 efﬁngit
2294 592 2468 664 hujus
2498 594 2848 651 characteris
2880 594 2937 649 in
2970 584 3124 649 hunc
3157 591 3414 645 modum.

2046 1718 2256 1783 Praeter
2297 1744 2421 1783 eam
2473 1736 2643 1800 porro
2705 1734 2880 1801 quam
2942 1720 3107 1784 affert
3154 1720 3248 1783 hic
3296 1727 3680 1798 Pachymeres

303 1820 430 1891 quae
479 1819 584 1891 nos
631 1801 896 1891 encomia
941 1800 1093 1891 688
1140 1801 1360 1859 laudati
1408 1808 1681 1875 auctoris,
1733 1811 1933 1867 ortho-
2043 1817 2220 1887 hujus
2252 1819 2322 1869 Πῖ
2356 1817 2631 1889 triplicati
2664 1800 2968 1887 rationem,
2999 1834 3063 1874 ex
3097 1818 3291 1872 divina
3331 1814 3681 1888 praenotione

300 1889 433 1943 doxi
463 1888 677 1959 quippe
708 1889 1078 1955 confessoris,
1103 1892 1201 1960 qui
1234 1896 1445 1947 tetrum
1477 1912 1510 1948 a
1541 1894 1933 1954 schis‘maticis

302 1993 591 2032 carcerem
626 1993 728 2047 pro
760 1977 870 2032 fide
900 1977 1218 2048 apostolica
1248 1983 1507 2035 Romana
1531 1974 1731 2040 multis
1765 1984 1935 2043 ann’is

306 2083 489 2138 usque
542 2068 609 2121 ad
672 2073 917 2122 mortem
974 2066 1190 2123 invicta
1243 2072 1571 2127 Constantia
1627 2064 1930 2145 sostinult,

300 2160 526 2210 mortuo
566 2150 898 2225 imperatori
934 2163 1130 2211 nostro
1179 2175 1278 2228 pro
1326 2160 1553 2215 funebri
1604 2161 1932 2219 laudatione

299 2242 720 2314 impendimus,
780 2245 864 2299 sic
922 2251 1093 2316 prout
1150 2264 1466 2318 possumus
1522 2247 1933 2319 ἀντισηκοῦντὲς

298 2336 708 2401 compensantes
767 2332 1156 2387 conviciorum
1209 2333 1489 2405 plaustra,
1539 2354 1665 2408 quae
1709 2341 1931 2409 passim

295 2419 355 2473 in
388 2435 519 2473 eum
553 2420 863 2473 effundunt
892 2420 1069 2475 Graeci
1104 2421 1460 2478 schismatici
1493 2430 1548 2479 et
1576 2416 1756 2480 Latini
1818 2415 1931 2481 bai-

301 2506 482 2577 retici,
562 2509 865 2578 perfectam
927 2510 998 2563 ab
1056 2516 1121 2563 eo
1179 2510 1565 2567 Ecclesiarum
1620 2514 1929 2572 Orientalis

298 2612 427 2650 cum
459 2596 711 2650 Occidua
740 2597 1202 2653 conciliationem
1254 2597 1430 2656 livore
1477 2601 1745 2658 Satanico
1778 2605 1929 2659 indl-

299 2688 566 2755 gnantes.

376 2770 462 2841 [P.
496 2771 621 2842 1183]
672 2772 732 2827 P.
780 2773 901 2829 532.
952 2774 1217 2846 Sigillum
1272 2768 1411 2849 quod
1466 2774 1727 2835 adhibere
1781 2768 1924 2837 obsi-

2042 1904 2230 1960 exitus
2289 1894 2586 1960 Michaelis
2642 1894 2950 1975 Palaaologi
3000 1896 3262 1975 petitam,
3297 1902 3475 1958 fuisse
3507 1902 3679 1958 aliam

2042 1922 2230 1960 exuus
2289 1922 2586 1960 tmenaens
2642 1922 2887 1959 Panemo
2934 1922 2950 1959 1
3000 1922 3262 1975 petitam,
3297 1922 3475 1958 IlllSSO
3507 1922 3679 1958 aliam

2042 1991 2299 2062 oportuit
2330 1992 2386 2046 in
2423 1998 2613 2047 mente
2645 1992 2755 2063 ipsi
2786 1922 3070 2062 Miciaeli,
3098 1994 3299 2062 utique
3330 1992 3532 2063 ignaro
3565 1991 3679 2045 diei

2042 2086 2107 2134 ac
2140 2079 2247 2134 loci
2279 2084 2398 2135 Suae
2433 2079 2655 2147 mortis,
2680 2097 2812 2135 cum
2837 2090 2962 2135 eam
2989 2080 3137 2134 ultro
3161 2097 3225 2134 ac
3248 2072 3434 2157 libens
3457 2096 3682 2133 assum-

2043 2158 2177 2253 psit.
2206 2156 2459 2253 Putarim
2494 2169 2755 2239 equidem
2791 2185 2919 2251 eum
2954 2184 3055 2238 per
3082 2167 3239 2222 istud
3268 2168 3436 2221 tertio
3470 2164 3677 2239 repeti-

2040 2244 2168 2311 tum
2199 2254 2267 2309 Πῖ
2297 2244 2545 2312 voluisse
2577 2257 2833 2312 indicare
2863 2246 2919 2310 id
2954 2255 3106 2327 quod
3142 2255 3306 2311 initio
3333 2255 3513 2324 hujus
3544 2254 3679 2310 libri

2041 2346 2535 2413 monuimus,esse
2558 2362 2618 2400 se
2642 2344 3023 2416 Palzeologum
3048 2360 3164 2398 non
3187 2358 3254 2397 ex
3279 2346 3440 2415 patre
3463 2344 3680 2411 solum,

2024 2432 2140 2503 'sed
2185 2433 2359 2490 etiam
2410 2452 2478 2489 ex
2528 2438 2732 2503 matre,
2767 2450 2833 2489 ac
2865 2436 3169 2505 propterea
3224 2424 3427 2502 majori
3487 2431 3680 2488 littera

2040 2508 2111 2572 lli
2140 2510 2197 2574 in
2232 2520 2420 2574 medio
2470 2520 2658 2590 posita
2697 2538 2758 2575 se
2800 2520 2995 2591 ipsum
3048 2522 3513 2589 repraesentasse,
3545 2518 3677 2574 aliis

2041 2602 2271 2663 duabus
2311 2627 2342 2663 a
2382 2611 2575 2663 dextra
2626 2614 2682 2663 et
2728 2608 2968 2663 sinistra
3012 2612 3311 2678 parentem
3363 2611 3680 2677 utrumque

2040 2694 2530 2771 significantibus.
2564 2697 2707 2752 Nam
2760 2696 3143 2768 Palaaologum
3193 2696 3525 2767 signiﬁcare
3567 2697 3681 2752 ista

2038 2774 2131 2850 lli,
2165 2784 2383 2839 indicat
2412 2783 2602 2839 littera
2631 2798 2672 2859 Α
2705 2784 2762 2838 in
2796 2785 2995 2839 ventre
3026 2782 3200 2837 medii
3237 2782 3448 2854 posita.

1142 3202 1641 3334 PETRI
1730 3208 2392 3338 POSSINI
2487 3218 2609 3341 Β.
2701 3210 2815 3342 J.

815 3484 1850 3583 OBSERVATIONUM
1916 3480 3148 3588 PACHYMERIANARUM

1378 3707 1811 3808 LIBER
1903 3707 2591 3846 TERTIUS,

1650 3916 2323 3988 CHRONOLUGICUS.

726 4288 876 4343 689
910 4290 991 4357 [p.
1027 4291 1148 4363 485]
1181 4291 1413 4348 CAPUT
1447 4295 1490 4347 Ι.

295 4410 370 4464 De
401 4411 711 4465 nominibus
744 4415 1013 4468 mensium
1042 4432 1076 4469 a
1105 4412 1440 4487 Pachymere
1464 4419 1762 4489 usurpatis.

370 4541 733 4615 Quae‘noster
761 4553 1099 4624 historicus,
1128 4564 1332 4628 praeter
1370 4574 1588 4614 morem
1639 4572 1926 4628 usumque

299 4645 660 4710 caeterorum,
686 4642 741 4696 in
776 4645 1076 4699 mensibus
1102 4646 1463 4715 appellandis
1497 4652 1689 4714 noVat,
1722 4662 1787 4699 ea
1818 4645 1925 4700 etsi

298 4730 478 4784 videri
503 4733 766 4800 poterant
781 4735 847 4787 ad
864 4734 1292 4803 grammaticam
1325 4730 1607 4805 pertinere
1620 4734 1925 4803 rationem,

300 4816 393 4871 hic
428 4823 616 4872 tamen
666 4822 1007 4890 exponenda
1052 4821 1241 4892 potius
1298 4840 1468 4892 quam
1524 4824 1581 4877 in
1635 4823 1927 4878 Glossario

300 4906 520 4974 putavi,
580 4906 715 4977 quia
770 4922 1018 4962 errorem
1076 4910 1135 4962 in
1193 4910 1568 4981 chronologia
1620 4912 1929 4967 obtrudere

299 4994 495 5048 lectori
548 4996 814 5064 poterant
862 4996 971 5050 nisi
1028 4998 1098 5051 de
1145 4998 1215 5051 iis
1266 5006 1735 5068 praemoneretur.
1784 5000 1927 5054 Cum

294 5081 451 5135 enim
488 5082 620 5151 quis
650 5084 892 5154 exempli
920 5086 1105 5155 gratia
1133 5085 1348 5157 legeret
1372 5088 1780 5156 inauguratum
1817 5089 1926 5141 im-

295 5180 616 5239 peratorem
676 5172 1007 5226 Michaelem
1069 5175 1363 5229 neomenia
1419 5175 1927 5253 llecatombasonis,

296 5259 389 5311 vix
438 5264 653 5327 posset,
686 5262 835 5315 veris
867 5277 931 5314 ac
962 5261 1208 5332 vulgatis
1260 5270 1694 5334 praeoccupatus
1746 5266 1932 5318 notio-

1960 4294 2002 4360 C
2042 4298 2269 4349 seratur
2299 4282 2391 4349 hic
2419 4282 2598 4364 igitur
2628 4293 2685 4349 in
2718 4281 2917 4349 limine
2947 4284 3399 4363 Pachymeriana
3432 4308 3671 4346 nomen-

2033 4381 2205 4437 clatio
2237 4384 2553 4452 mensium,
2573 4399 2644 4437 ne
2664 4399 2775 4453 qua
2794 4382 3048 4452 euipiam
3073 4380 3131 4434 in
3165 4374 3273 4435 hoc
3299 4396 3508 4452 genere
3538 4379 3669 4433 hal-

2034 4458 2312 4525 lucinatio
2344 4472 2605 4551 obrepat.

2106 4546 2622 4621 ΕΚΑΤΟΜΒΑΙΩΝ,
2673 4575 2729 4629 p.
2779 4552 2869 4627 96,
2930 4551 3403 4627 Ἑκατομϐαιῶνος
3458 4574 3669 4624 νοομη-

2031 4641 2133 4696 via.
2171 4644 2233 4698 In
2287 4644 2547 4714 margine
2598 4646 2901 4717 utriusque
2956 4643 3173 4699 codicis
3203 4645 3242 4698 B
3269 4648 3325 4697 et
3358 4648 3397 4695 A
3435 4647 3670 4697 notatur

2035 4730 2389 4806 Ἰανουαρίου,
2413 4734 2566 4802 quod
2595 4732 2783 4787 solum
2819 4732 2876 4788 in
2928 4736 3193 4787 contextu
3226 4731 3543 4785 Vaticanus
3570 4746 3668 4784 ex-

2034 4820 2255 4890 primit.
2289 4822 2566 4891 Idemque
2595 4826 2928 4876 constanter
2956 4820 3297 4875 observatur
3338 4818 3669 4887 ubicunque

2032 4907 2178 4962 alias
2207 4902 2679 4978 Ἐκατομϐαιῶνος
2713 4924 2921 4963 nomen
2972 4908 3226 4980 ponitur.
3259 4899 3665 4975 Ἑκατομϐαιὼν

2035 4996 2382 5051 vocabulum
2438 4997 2747 5067 antiquum
2800 5002 2887 5051 est
2936 4996 3105 5068 primi
3164 4994 3382 5049 mensis
3423 4992 3479 5045 in
3513 5008 3666 5045 anno

2037 5084 2237 5147 Attico,
2262 5086 2333 5139 ab
2355 5084 2710 5138 hecatombis
2734 5085 2851 5137 sive
2874 5082 3175 5137 sacrificiis
3207 5085 3439 5135 centum
3463 5080 3664 5147 boum,

2036 5189 2161 5241 qua
2193 5172 2567 5242 auspicandis
2611 5172 2746 5226 anni
2799 5172 2924 5226 novi
2966 5170 3242 5225 Kalendis
3270 5168 3514 5222 solemni
3548 5166 3665 5221 ritu

2036 5260 2269 5327 ﬁebant,
2295 5260 2626 5313 deductum.
2673 5258 2847 5313 Verus
2882 5260 2936 5312 in
2971 5258 3093 5312 coeli
3128 5257 3342 5311 ratione
3374 5256 3522 5309 situs
3554 5255 3665 5308 hu-

301 5348 499 5412 nibus,
550 5346 703 5400 aliud
735 5349 926 5404 animo
958 5351 1243 5419 subjicere
1269 5369 1443 5422 quam
1475 5352 1631 5407 Junii
1665 5358 1764 5406 aut
1792 5352 1930 5408 Julii
2029 5351 2128 5419 jus
2146 5348 2453 5416 meusis,ut
2476 5348 2602 5403 fuse
2621 5347 3369 5403 demonstratdoctissimus
3394 5345 3661 5398 Petavius

302 5435 521 5487 mensis
560 5435 614 5487 id
667 5436 938 5491 Kalendis
987 5438 1221 5493 factum.
1249 5441 1421 5510 Atqui
1455 5447 1670 5493 erraret
1700 5441 1778 5495 ita
1808 5457 1931 5494 cre-

306 5524 452 5576 dens
482 5526 601 5576 toto
631 5523 792 5588 coelo,
817 5532 874 5578 et
914 5526 1179 5581 brumam
1212 5527 1270 5581 in
1303 5528 1617 5583 solstitium
1650 5528 1930 5595 aastivum,

306 5610 655 5666 Januarium
687 5611 745 5665 in
776 5613 1088 5676 Quintilem
1121 5621 1337 5671 temere
1378 5618 1735 5671 transferret.
1770 5618 1929 5671 Edis-

2037 5444 2155 5491 tota
2184 5437 2569 5507 descriptione
2601 5439 2736 5493 anni
2766 5439 2959 5507 Attici,
3002 5434 3317 5507 praesertim
3349 5452 3398 5489 c.
3428 5428 3512 5501 ti,
3547 5432 3583 5485 l.
3622 5450 3662 5487 ι.

2038 5528 2109 5582 De
2151 5527 2399 5582 doctrina
2446 5532 2765 5598 temporum,
2815 5528 2925 5582 fuit
2969 5528 3121 5581 circa
3173 5524 3375 5595 τροπὰς
3427 5522 3661 5593 θερινὰς,

2034 5615 2328 5671 solstitium
2353 5616 2622 5672 aestivum.
2658 5608 2819 5670 Unde
2867 5610 3045 5669 Graeci
3096 5617 3361 5668 auctores
3406 5598 3661 5677 classici,
