4146 6288
510 345 643 401 1151

1542 361 1603 411 Ρ.
1645 359 1916 412 POSSINl
1951 355 2559 410 OBS‘EBVATIONUM
2596 356 2729 410 LIB.
2770 358 2866 408 III.

3771 350 3928 403 1152

509 472 611 543 qui
643 488 734 528 res
765 476 1057 532 Romanas
1089 482 1432 547 tractarunt,
1455 481 1989 537 Hecatombeonem
2013 494 2146 533 cum
2176 480 2228 546 Α
2259 479 2473 533 festum
2502 480 2758 549 agerent,
2783 477 3007 548 putavit
3036 477 3261 532 erudite
3291 491 3354 531 se
3385 476 3680 531 facturum
3717 476 3771 530 ei
3809 492 3927 529 an-

508 576 708 616 mense
729 563 948 619 Juliani
982 568 1115 621 anni
1147 568 1323 623 Junio
1360 570 1474 624 fere
1504 566 2144 640 comparant,Januario

508 653 703 704 autem
751 652 983 708 Juliano
1016 656 1209 725 potius
1241 656 1637 713 Gamelionem
1687 660 2007 728 opponunt.
2042 656 2143 709 Re-

507 740 793 795 centiores
840 745 1034 797 autem
1070 745 1223 799 690
1253 746 1581 815 expeditius
1613 746 1875 800 Romana
1907 744 2145 797 nomina

506 825 722 882 Graecis
778 827 988 885 litteris
1044 832 1399 902 exprimunt,
1454 830 1807 904 Ἰανουάριάν,
1867 826 2144 902 Φεϐρουά-

507 932 647 987 ριον,
682 914 945 988 Μάρτιον,
974 921 1031 973 et
1078 919 1162 974 sic
1212 921 1284 975 de
1332 922 1552 976 caeteris
1603 922 1971 977 scribentes:
2006 934 2140 972 nam

507 1001 723 1073 alioqui
754 1002 932 1061 Graeci
986 1022 1217 1062 menses
1266 1007 1502 1064 lunares
1549 1013 1745 1064 exacte
1795 1006 2143 1078 respondere

502 1089 755 1146 Julianis
778 1092 1019 1149 minime
1041 1094 1348 1151 lunaribus
1380 1101 1694 1168 nequeunt.
1715 1095 1924 1151 Nostro
1945 1099 2139 1149 tamen

506 1178 846 1250 Pachymeri
884 1183 1072 1237 visum
1098 1188 1188 1238 est
1218 1184 1363 1238 nulli
1403 1184 1601 1239 tritam
1631 1188 1884 1239 veterum
1919 1186 2019 1237 aut
2039 1182 2138 1249 ju-

508 1265 738 1321 niorum
759 1268 909 1323 viam
933 1270 1221 1325 insistere.
1247 1273 1323 1326 Ac
1352 1288 1486 1327 cum
1512 1273 1627 1326 fere
1648 1271 1837 1327 caeteri
1868 1271 2139 1339 Ἐκατομς

507 1347 741 1415 ϐαιῶνος
772 1372 910 1411 voce
952 1358 1189 1413 Junium
1243 1364 1343 1414 aut
1385 1359 1608 1414 Julium
1665 1360 1994 1430 designent,
2026 1356 2138 1427 ipsi

504 1440 673 1496 libuit
714 1442 771 1497 id
823 1460 1033 1499 nomen
1083 1446 1363 1504 Januario
1410 1447 1685 1503 tribuere.
1720 1448 1784 1501 In
1834 1463 1946 1517 quo
1995 1444 2138 1499 satis

504 1534 747 1601 apparet
794 1547 969 1602 quam
1020 1534 1307 1591 rationem
1363 1536 1440 1591 sit
1488 1540 1741 1589 secutus.
1792 1534 1937 1600 Quia
1982 1531 2136 1587 enim

503 1616 760 1687 primum
803 1619 938 1673 anni
973 1620 1140 1675 Attici
1193 1636 1452 1675 mensem
1501 1613 1945 1689 Ἑκατομϐαιῶνα
1991 1616 2141 1673 scie-

503 1707 604 1760 bat
628 1706 691 1777 [P
712 1706 837 1776 486]
868 1708 1111 1772 dictum,
1143 1708 1255 1763 isto
1289 1724 1519 1779 quoque
1568 1706 1846 1763 vocabulo
1891 1707 1977 1761 fas
2026 1704 2136 1759 sibi

2250 584 2374 622 sam
2406 584 2473 622 ex
2501 584 2566 622 eo
2598 568 2882 637 arriperet
2930 566 3169 621 secundi
3223 566 3617 620 Romanorum
3673 564 3921 617 mensis

2248 657 2451 710 eodem
2503 655 2797 710 Leuceonis
2836 654 3116 710 vocabulo
3149 653 3443 724 signandi.
3473 653 3603 706 Haec
3638 651 3917 722 scripse-

2250 761 2374 799 ram
2423 760 2557 799 cum
2609 743 2782 799 incidi
2819 744 2875 796 in
2907 743 3098 797 locum
3149 742 3645 812 Harpocrationis,
3680 740 3791 794 ubi
3846 740 3913 793 in

2250 832 2675 901 Diagrammate
2706 829 2996 885 mensium
3014 829 3339 885 Atticorum
3374 828 3914 897 Romanorumque

2249 918 2499 987 Ληναιὼν
2528 919 2555 971 ὁ
2585 916 2673 972 καὶ
2704 914 3003 971 Ποσειδεὼν
3045 918 3187 972 691
3226 933 3257 971 e
3288 916 3521 986 regione
3572 915 3912 986 opponitur

2249 1001 2626 1080 Φεϐρουαρίῳ.
2663 1007 2721 1061 ld
2756 1010 3023 1061 secutum
3072 1005 3179 1060 hoc
3216 1004 3342 1059 loco
3390 1008 3658 1059 nostrum
3705 1003 3911 1058 credi-

2249 1096 2423 1151 bilius
2456 1101 2544 1150 cst
2574 1094 2663 1166 (‘).

2319 1182 2640 1238 ΚΡΟΝΙΟΣ.
2672 1182 3019 1236 Constanter
3062 1180 3169 1234 hoc
3219 1178 3457 1234 nomine
3508 1178 3909 1234 Pachvmeres

2248 1271 2520 1326 Martium
2573 1285 2830 1324 mensem
2880 1268 3170 1338 indigitat.
3212 1267 3355 1322 Nam
3409 1285 3462 1337 p.
3494 1268 3621 1332 244,
3655 1266 3761 1322 ubi
3819 1267 3909 1320 sic

2248 1359 2530 1428 scriptum
2551 1363 2640 1412 est
2665 1375 2677 1411 :
2698 1357 2809 1410 Τοῦ
2841 1352 2888 1407 δ’
2918 1358 3078 1408 αντοῦ
3110 1351 3262 1414 ἔτους
3295 1353 3460 1424 μηνὸς
3490 1352 3749 1425 Κρονίου,
3794 1356 3909 1404 τῶν

2248 1443 2405 1508 θείων
2468 1446 2689 1516 ἡμερῶν
2754 1445 2856 1510 τῆς
2914 1440 3163 1511 νηστείας
3220 1439 3586 1512 τελουμένων,
3645 1448 3907 1510 uterque

2247 1535 2427 1589 codex
2457 1535 2493 1588 Β
2524 1542 2577 1588 et
2609 1539 2648 1588 A
2684 1548 2713 1586 e
2747 1532 2978 1603 regione
3020 1532 3177 1585 vocis
3235 1528 3466 1603 Κρονίου
3512 1529 3572 1584 in
3624 1530 3906 1599 margine

2246 1626 2487 1677 annotat
2515 1618 2791 1693 Μαρτίου;
2838 1624 2897 1675 et
2937 1618 3151 1689 jejunii
3183 1617 3634 1690 quadragenarii
3669 1618 3905 1671 mentio

2246 1711 2304 1764 in
2338 1726 2471 1764 eum
2505 1724 2766 1763 mensem
2816 1706 3170 1761 incurrentia
3220 1705 3391 1776 plane
3438 1705 3628 1761 Martii
3680 1705 3903 1759 chara-

503 1793 729 1863 putavit
760 1794 1015 1864 primum
1047 1796 1184 1851 item
1217 1796 1462 1851 Romani
1494 1796 1631 1851 anni
1665 1812 1921 1850 mensem
1955 1791 2140 1863 appel-
2169 1818 2213 1880 Β
2245 1804 2458 1853 cterem
2506 1796 2698 1851 habet.
2742 1795 3022 1874 Praeterea
3049 1812 3105 1866 ρ.
3141 1795 3263 1861 355,
3299 1795 3365 1848 ad
3413 1811 3479 1848 ea
3519 1794 3695 1848 verba
3748 1794 3906 1865 Κρο-

501 1880 642 1949 lare,
667 1898 873 1952 parum
904 1888 1104 1939 curato
1134 1884 1476 1939 discrimine
1508 1883 2037 1955 tempestatum.Ac
2058 1880 2137 1935 si-

2249 1883 2357 1938 νίου
2414 1882 2581 1955 μηνὸς
2640 1881 2942 1950 ἐνστάντος,
2994 1889 3237 1953 uterque
3288 1883 3465 1937 codex
3495 1882 3567 1935 ad
3598 1897 3766 1935 oram
3826 1880 3904 1935 li-

504 1968 703 2024 milem
736 1969 794 2024 in
826 1970 1074 2026 aliorum
1126 1972 1304 2027 etiam
1355 1971 1799 2027 nomenclatura
1848 1969 2138 2025 mensium
2243 1974 2333 2029 bri
2364 1971 2600 2046 Μάρτιον
2634 1971 2788 2027 clare
2820 1971 3106 2027 nominat.
3138 1970 3323 2025 Vatic.
3359 1986 3587 2039 quoque
3618 1969 3692 2023 de
3724 1985 3897 2023 more

499 2056 793 2113 licentiam
826 2075 1120 2130 usurpans
1151 2059 1520 2131 implicuerat
1540 2060 1783 2115 lectores
1805 2075 1943 2113 suos
1962 2056 2144 2111 ambi-
2246 2059 2489 2134 Μαρτίου
2539 2077 2640 2131 pro
2691 2056 2915 2131 Κρονίου
2964 2059 3022 2114 in
3072 2062 3341 2115 contextu
3401 2057 3666 2112 collocat.
3719 2058 3892 2122 Quod

499 2146 719 2217 guitate
750 2146 1239 2216 perincommoda,
1266 2148 1376 2202 nisi
1408 2150 1535 2217 ejus
1562 2146 1785 2201 librarii
1817 2143 2140 2201 succurris-

501 2237 630 2288 seut
662 2234 916 2288 notando
947 2233 1063 2290 fere
1098 2236 1314 2305 ubique
1346 2236 1402 2289 in
1435 2251 1536 2290 ora
1568 2233 1849 2305 marginis
1878 2248 2011 2287 vero
2043 2246 2141 2286 no-

2244 2151 2382 2204 item
2418 2148 2555 2202 facit
2584 2166 2639 2219 p.
2668 2148 2794 2216 396,
2828 2146 2924 2202 ubi
2959 2147 3079 2201 haec
3111 2145 3359 2201 aliorum
3409 2146 3677 2200 codicum
3710 2145 3896 2198 verba

2242 2234 2477 2310 Κρονίου
2520 2233 2833 2308 ἀρχομένου
2869 2234 3064 2306 μηνὸς,
3098 2234 3219 2302 ipse
3268 2233 3459 2288 reddit
3507 2231 3762 2305 Μαρτίου
3796 2231 3898 2304 ἆρ-

500 2322 656 2377 mine
691 2323 910 2377 mensis
945 2323 1197 2378 indicati.

2249 2323 2484 2399 χομὲνου
2548 2322 2738 2393 μηνός.
2772 2322 2846 2378 Ut
2875 2323 3181 2378 dubitandi
3240 2322 3403 2377 locus
3451 2337 3566 2375 non
3628 2320 3893 2390 supersit

569 2408 902 2479 ΛΗΝΑΙΩΝ,
934 2426 992 2479 p.
1024 2410 1145 2463 306.
1198 2409 1261 2462 Ἥ
1314 2408 1487 2479 μηνὸς
1529 2411 1839 2477 Ληναιῶνος
1899 2403 2137 2476 δευτέρα.

2249 2413 2383 2486 quin
2431 2412 2673 2466 Martius
2724 2412 2945 2466 mensis
2976 2411 3034 2465 in
3068 2410 3175 2465 hac
3212 2410 3460 2465 historia
3488 2409 3720 2463 dicatur
3750 2403 3885 2479 Κρό-

499 2500 564 2549 In
597 2497 860 2568 margine
892 2497 1196 2552 amborum
1227 2497 1576 2569 optimorum
1602 2497 1767 2552 codd.
1796 2500 1834 2549 Β
1858 2500 1915 2550 et
1937 2498 1974 2550 Α
2002 2494 2137 2550 etin
2238 2520 2375 2561 νιος.
2408 2500 2519 2555 Sed
2566 2516 2743 2570 quam
2786 2498 3167 2553 manifestum
3202 2498 3444 2563 factum,
3475 2501 3597 2550 tam
3632 2497 3885 2551 obscura

494 2588 767 2640 contextu
802 2584 845 2636 V
877 2578 1248 2659 Φεϐρουαρίου
1289 2585 1586 2640 scribitur.
1621 2590 1699 2639 Ac
1741 2601 1829 2639 res
1880 2585 2009 2655 ipsa
2055 2582 2140 2638 lo-
2239 2588 2373 2644 facti
2404 2604 2581 2643 causa
2612 2592 2720 2641 est.
2753 2587 2899 2652 Quid
2932 2586 3088 2641 enim
3124 2584 3434 2640 verisimile
3465 2584 3879 2639 comminisca—

495 2674 699 2743 quitur
741 2673 1115 2728 Februarium
1152 2673 1244 2728 hic
1275 2672 1517 2744 signari,
1550 2674 1718 2743 cujus
1755 2673 1846 2727 die
1880 2672 2137 2727 secunda
2239 2693 2373 2730 mur
2393 2692 2498 2730 cur
2528 2675 2756 2745 primus
2780 2678 2836 2728 et
2863 2690 3015 2728 unus
3053 2673 3435 2743 Pachymeres
3482 2688 3683 2726 vocem
3736 2669 3874 2743 Κρό-

2235 2782 2349 2822 νιος
2405 2761 2464 2816 in
2525 2760 2896 2833 ignotissima
2956 2760 3159 2831 priscis
3204 2761 3375 2829 juxta
3432 2759 3879 2828 recentibusque

492 2866 640 2920 pare
694 2849 874 2904 Latini
935 2849 1208 2917 dicimus,
1260 2849 1537 2905 celebrari
1600 2850 1975 2904 manifestum
2025 2850 2133 2902 est.
2239 2850 2472 2905 notione
2493 2847 2901 2919 usurpaverit?
2925 2853 3073 2902 Dum
3108 2847 3264 2902 aliud
3289 2846 3682 2917 opportunius
3708 2862 3876 2916 sagax

493 2938 571 2993 De
602 2938 708 2992 hoc
754 2943 949 2992 autem
1011 2938 1155 2993 festo
1205 2938 1297 2993 hic
1350 2943 1546 2994 uoster
1594 2938 1713 3008 agit
1763 2935 2132 2991 nominatim.
2234 2937 2415 2992 lector
2443 2936 2707 3008 expediet
2734 2952 2839 3008 ego
2863 2936 3207 3006 suspicabar
3238 2942 3525 3000 nostrum,
3561 2950 3699 2989 cum
3736 2934 3869 2989 forte

492 3026 655 3081 Unde
699 3031 890 3080 autem
925 3025 982 3081 in
1017 3031 1269 3082 mentem
1323 3027 1435 3098 ipsi
1485 3026 1705 3081 venerit
1752 3024 2130 3078 Februarium
2234 3024 2477 3080 vidisset
2505 3025 2562 3078 in
2594 3023 3062 3094 llarpocrationis
3094 3022 3528 3093 Diagrammate
3582 3022 3859 3075 mensium

493 3117 778 3183 Ληναιῶνα
827 3131 1049 3179 vocare,
1082 3116 1339 3169 difﬁcilis
1396 3115 1729 3182 conjectura
1775 3116 1905 3166 est:
1941 3127 2128 3181 neque
2158 3150 2199 3183 ρ
2240 3111 2511 3182 superius
2576 3110 2813 3166 laudato
2878 3110 3336 3165 llecatombeeoni
3397 3127 3498 3181 pro
3552 3125 3872 3179 synonymo

490 3203 647 3257 enim
698 3201 852 3256 ullus
901 3203 1223 3256 Atticorum
1257 3200 1430 3270 vulgo
1474 3204 1926 3254 memoratorum
1959 3214 2025 3253 ac
2057 3215 2128 3253 ne
2159 3196 2201 3215 ν
2238 3198 2505 3255 Cronium
2556 3197 2790 3270 apponi,
2823 3203 2879 3253 et
2908 3198 3145 3253 aliunde
3189 3199 3364 3252 sciret
3408 3196 3684 3251 Martium
3734 3197 3873 3251 olim

488 3289 989 3343 Macedonicorum
1007 3286 2126 3359 quidem,Bitbynicorum,Pythicorum
2232 3288 2410 3343 fuisse
2444 3287 2697 3357 primum
2734 3288 2869 3341 anni
2902 3286 3140 3342 Romani
3194 3302 3452 3340 mensem
3488 3286 3669 3355 (juxta
3724 3284 3869 3337 illud

490 3382 590 3432 aut
620 3377 858 3431 omnino
892 3374 1069 3429 ullius
1099 3374 1291 3429 Graece
1340 3374 1544 3429 locutae
1592 3374 1785 3444 gentis
1837 3373 2124 3427 mensium
2229 3374 2607 3429 tritissimum
2641 3373 2856 3427 'l‘ibulli
2888 3390 2901 3428 :

490 3464 598 3519 hoc
648 3479 881 3527 nomen,
915 3464 1069 3533 quod
1118 3463 1319 3533 sciam,
1353 3463 1482 3517 fuit.
1515 3461 1726 3516 Scribit
1755 3462 1989 3532 quidem
2022 3462 2128 3517 Pe-

2321 3481 2384 3550 [P
2414 3479 2540 3547 487]
2575 3480 2769 3534 Martis
2800 3479 3030 3550 Romani
3057 3482 3208 3547 [estw
3239 3494 3438 3532 venere
3469 3477 3724 3532 Kalendae
3755 3496 3773 3529 :

491 3553 702 3617 tavius,
752 3551 794 3605 Ι.
844 3568 864 3605 I
911 3552 984 3605 De
1033 3552 1178 3605 Doct.
1219 3555 1405 3621 temp.,
1439 3568 1489 3604 c.
1520 3551 1609 3615 34,
1641 3547 1929 3602 Βουκάτιον
1966 3551 2126 3603 Βωο·

2322 3547 2339 3550 “
2477 3551 2753 3603 Exoriens
2784 3549 2984 3603 nostris
3015 3549 3103 3603 hic
3131 3552 3241 3619 fuit
3270 3566 3446 3603 annus
3475 3550 3629 3617 avis),

490 3645 683 3695 torum
719 3639 968 3710 primum
1011 3655 1267 3693 mensem
1302 3641 1593 3704 Ληναιῶνα
1623 3638 1816 3693 vocari
1848 3639 1918 3692 ab
1950 3642 2129 3708 Ilesy-
2231 3637 2329 3691 sed
2374 3642 2575 3707 postea
2605 3636 2816 3691 additis
2861 3636 3191 3690 deciinestri
3237 3653 3389 3690 anno
3433 3637 3651 3689 duobus
3705 3652 3869 3689 men-

493 3728 642 3782 chio.
676 3728 911 3793 Verum,
947 3728 1099 3797 quod
1148 3727 1251 3780 viri
1316 3727 1532 3782 summi
1583 3743 1722 3797 pace
1772 3724 2037 3793 dixerim,
2069 3726 2129 3780 id
2232 3727 2395 3780 sibus
2420 3727 2699 3781 honorem
2720 3726 2967 3780 ducendi
3000 3742 3217 3781 annum
3248 3725 3528 3779 Januario
3559 3726 3868 3789 tributum,

494 3816 647 3887 apud
681 3816 1033 3883 Hesychium
1068 3832 1182 3870 non
1216 3815 1365 3885 lego,
1388 3815 1514 3871 loco
1547 3831 1720 3885 quem
1757 3815 1879 3884 ipse
1909 3813 2125 3879 citavit,

492 3905 665 3959 verbo
697 3904 921 3959 scilicet
944 3903 1218 3971 Ληναιὼν,
1245 3905 1344 3959 ubi
1375 3909 1577 3959 contra
1607 3902 1690 3957 sic
1722 3901 2002 3972 scriptum
2037 3919 2131 3956 ex-

496 3996 674 4047 stat:
726 3991 973 4060 Ληναιὼν
1032 3992 1161 4062 μήν,
1221 3988 1428 4047 Οὐδένα
1478 3993 1585 4042 τῶν
1649 3992 1832 4061 μηνῶν
1893 3987 2129 4042 Βοιωτοὶ

496 4076 639 4132 οὕτω
685 4076 964 4133 καλοῦσιν.
1015 4077 1231 4146 Εἷκάζει
1264 4076 1321 4132 δὲ
1352 4080 1379 4131 6
1429 4076 1787 4150 Πλούταρχος
1816 4075 2129 4132 Βουκάτιοψ

497 4166 585 4220 καὶ
642 4166 743 4241 γὰρ
802 4166 1013 4241 ψυχρός
1070 4165 1232 4220 ἐστιν.
1291 4169 1464 4221 Ἔνιοι
1525 4162 1581 4219 δὲ
1636 4167 1725 4218 τὸν
1757 4165 2039 4239 Ἐρμαῖον,
2071 4165 2131 4227 ’ὀς

502 4254 635 4323 μετᾶ
693 4255 986 4310 Βουκάτιόν
1046 4254 1207 4308 ἐστιν·
1267 4253 1355 4308 καὶ
1415 4254 1512 4326 γὰρ
1570 4255 1851 4322 Ἀθηναῖοι
1896 4254 2130 4320 τὴντῶν

499 4341 747 4409 Ληναίων
799 4342 989 4412 ἑορτὴν
1023 4341 1072 4395 ἐν
1106 4343 1252 4412 αὐτῷ
1301 4339 1545 4415 ἄγουσιν.
1586 4342 1703 4396 Hoc
1730 4347 1817 4398 est
1851 4358 1864 4396 :
1900 4343 2135 4398 Lenaeon

496 4435 721 4487 mensis.
744 4433 967 4486 Nullum
996 4431 1269 4487 mensium
1298 4433 1468 4486 Baaoli
1495 4433 1573 4485 sic
1600 4431 1896 4500 appellant.
1925 4430 2134 4485 Iudicat

496 2760 1091 2832 icstum'l‘mnavzﬁc,
1125 2763 1276 2832 quod
1313 2762 1782 2816 Puriﬁcationem
1817 2762 1993 2816 beatae
2017 2759 2137 2814 Dei-

2234 3815 2661 3887 Pachymerem,
2712 3815 2980 3885 inquam,
3024 3814 3134 3868 hoc
3184 3829 3245 3868 se
3295 3830 3467 3867 nosse
3524 3813 3865 3883 gestientem

2232 3908 2546 3969 ostentare,
2578 3902 2809 3956 duobus
2848 3902 3148 3956 mensibus
3180 3901 3349 3972 quasi
3373 3902 3443 3954 de
3466 3901 3713 3971 primatu
3745 3917 3868 3953 cer-

2234 3992 2492 4046 tantibus
2536 3989 2594 4043 in
2648 3989 2909 4045 Romano
2940 4006 3114 4055 anno,
3147 3988 3426 4043 vocabula
3454 3990 3567 4042 duo
3595 3988 3865 4041 divisisse

2235 4096 2362 4149 quae
2411 4078 2582 4132 Attici
2635 4077 2771 4131 anni
2824 4077 3011 4148 primo
3063 4077 3249 4131 mensi
3310 4077 3704 4130 convenirent.
3739 4076 3867 4130 Dia-

2236 4182 2503 4238 gramma
2555 4164 2700 4219 illud
2746 4165 2926 4219 semel
2977 4166 3070 4219 hic
3120 4165 3447 4219 describere
3501 4164 3645 4217 tanti
3677 4164 3862 4217 visum

2236 4259 2345 4309 est.

2517 4339 2791 4411 Ὀνόματα
2842 4344 3025 4412 μηνῶν
3074 4339 3208 4394 κατᾶ
3247 4337 3587 4407 Ἀθηναίους.

2307 4422 2713 4499 Ἑκατομϐαιὼν
2746 4428 2775 4482 6
2806 4429 2891 4482 καὶ
2929 4428 3064 4503 Κρό-
3140 4429 3168 4503 6
3212 4422 3581 4503 Z_Eﬂté_&6ptoc

496 4524 679 4574 autem
726 4522 1052 4575 Plutarchus
1098 4522 1389 4575 Bucatium
1423 4537 1441 4573 :
1471 4536 1602 4573 nam
1636 4489 1695 4573 ’ἐι
1734 4518 1979 4590 frigidus
2028 4523 2127 4573 est.

2309 4520 2424 4590 νιος
2505 4489 2515 4499 ’
2682 4569 2693 4589 ι
2972 4489 2981 4503 ’
3138 4501 3171 4588 6
3210 4489 3547 4590 :OXI‘EU'J‘FP'LOC

496 4564 679 4574 mm..-
726 4564 743 4573 -
776 4564 1049 4575 ...-...-....-
1098 4564 1389 4575 “ww...”
1423 4564 1434 4573 .
1647 4564 1690 4573 ν-
1734 4564 1976 4590 ,ηυηηη
2028 4564 2127 4573 ν--.

495 4609 680 4677 Aliqui
700 4623 824 4663 vero
854 4610 1183 4676 Hermaeum,
1203 4608 1299 4679 qui
1326 4617 1443 4679 post
1474 4606 1765 4662 Bucatium
1788 4611 1867 4661 est
1890 4623 1907 4661 :
1930 4608 2130 4661 etenim

2313 4569 2705 4641 Μεταγειτνειώ
3131 4572 3159 4623 6
3199 4564 3529 4641 Δεκέμϐριος

2307 4640 2617 4711 Πυανεψιών
2690 4710 2700 4714 _
3132 4640 3526 4714 ὁἸανουάριος

496 4696 836 4750 Athenienses
865 4697 1178 4750 Lenaeorum
1209 4698 1409 4767 festum
1460 4697 1516 4750 in
1569 4698 1687 4767 ipso
1737 4700 1929 4762 agunt.
1964 4698 2129 4749 Hunc

2308 4696 2738 4786 Μαιμοξιτηριών
2929 4779 2948 4786 Α
3009 4782 3018 4786 _
3132 4713 3159 4766 6
3199 4696 3569 4786 ξιξεϐρουὶίριος

2307 4779 2562 4855 Ληναιὼν
2588 4779 2617 4834 6
2643 4783 2729 4836 καὶ
2761 4779 3057 4836 Ποσειδεὼν
3135 4786 3162 4838 6
3203 4779 3446 4855 Μάρτιος

497 4782 690 4837 locum
740 4783 1009 4853 Hesychii
1060 4783 1363 4854 descripsi,
1414 4784 1554 4854 quia
1602 4800 1669 4839 ex
1717 4783 1815 4838 illo
1865 4781 2166 4852 suspicor,

2305 4851 2603 4925 Γαμηλιών
2652 4924 2660 4925 7
3136 4857 3163 4908 6
3204 4851 3530 4925 Ἀτέρίλλιος

498 4872 751 4925 oblatam
802 4873 1162 4927 occasionem
1205 4872 1538 4943 Pachymeri
1574 4872 1852 4927 Lenmona
1882 4872 2129 4926 Februa-

494 4959 648 5013 rium
672 4959 934 5013 vocandi.
959 4958 1245 5013 Nimirum
1280 4976 1409 5013 cum
1446 4960 1580 5013 inde
1610 4966 1803 5014 noster
1833 4959 2132 5013 didicisset

2310 4924 2701 4996 ’Δνθεστηριών
3129 4927 3157 4979 6
3196 4924 3371 4984 Μάϊὸς

2310 4990 2729 5051 Ἐλαφηϐολίών
3122 4999 3149 5050 6
3191 4996 3371 5050 Ἰούνιε

495 5046 818 5100 secundum
850 5046 1228 5100 Thebanorum
1256 5062 1515 5102 mensem
1543 5046 1639 5116 qui
1665 5046 1960 5100 Bucatium
1995 5046 2129 5099 anni

2310 5014 2729 5068 ’ωΛαφηοοΛιων
3122 5014 3149 5050 ο
3192 5014 3417 5055 ἰουνιος

2311 5065 2636 5127 Μουνυγιών
3123 5068 3149 5120 ὁ
3192 5065 3323 5121 Ἰού)
3345 5086 3421 5127 ιος

495 5087 818 5100 πωπω..
861 5087 1228 5100 “Humum...
1258 5087 1515 5102 ...υηυνιη
1543 5087 1639 5116 ιν..
1669 5087 1960 5100 υιηωω...

494 5136 755 5190 Thebani
779 5142 953 5207 caput
975 5137 1173 5190 statim
1207 5138 1472 5208 sequitur
1492 5143 1548 5191 et
1567 5135 1825 5208 Ἑρμαῖος
1856 5137 2133 5191 Hennaeas

2312 5087 2517 5122 Μουνυη
2546 5087 2636 5118 ιων
3123 5087 3149 5120 ο
3209 5087 3421 5127 ιουιιος

2312 5087 2635 5211 Θαργηέιών
3116 5139 3143 5191 6
3186 5134 3523 5210 Αὕγουστους

495 5240 705 5278 nomen
758 5225 951 5285 habet,
985 5223 1278 5294 aliquibus
1326 5224 1505 5279 videri
1554 5224 1853 5278 Lenceouis
1904 5240 2133 5294 quoque

491 5314 669 5367 verbo
699 5314 1097 5385 designatum,
1129 5313 1343 5368 idcirco
1393 5314 1543 5384 quod
1593 5313 1746 5368 circa
1776 5318 2008 5383 tempus
2038 5329 2131 5366 se-

496 5401 672 5455 cundi
720 5401 937 5456 mensis
988 5401 1317 5456 Bceotorum
1368 5400 1750 5456 Atheuienses
1800 5401 2131 5456 Lenmorum

2313 5224 2719 5300 Σκιρροφοριών

2312 5315 2463 5369 692
2495 5313 2949 5368 ΒΟΗΔΡΟΜΙΩΝ.
2986 5330 3041 5383 p.
3076 5313 3180 5367 257
3230 5309 3659 5386 Βοηδρομιῶνος
3716 5309 3871 5360 ἰστα-

2246 5399 2427 5470 μένου.
2493 5400 2743 5471 Uterque
2799 5403 2925 5457 cod.
2962 5402 3001 5455 Β
3031 5406 3087 5455 et
3121 5401 3248 5456 Ain
3298 5418 3398 5455 ora
3449 5399 3578 5453 libri
3639 5394 3876 5469 Ἀπριλ-

563 5605 630 5675 (')
660 5604 744 5661 Cf.
778 5604 1037 5661 Glossar.
1069 5603 1319 5660 alterum
1348 5620 1400 5657 v.
1435 5602 1710 5671 Ληναιών.
