4146 6288
297 378 431 431 1153

1674 379 2293 437 CHRONOLOGICUS.

3538 390 3673 445 1154

296 495 439 562 λίου,
469 496 653 551 Vatis.
683 496 806 549 τότε
833 494 1007 549 τοίνυν
1051 495 1381 569 Ἀπριλλίου
1411 497 1741 573 ἀρχομένου,
1788 502 1923 556 Boe-

2036 500 2217 575 t'uisse
2249 502 2667 575 Gamelionem,
2699 521 2871 577 quem
2904 511 3060 563 certo
3103 507 3360 565 vidimus
3405 511 3668 582 Septem-

297 586 657 639 dromionem
683 584 923 639 tertium
957 586 1138 641 fuisse
1172 603 1434 642 mensem
1465 588 1523 642 in
1558 606 1709 644 anno
1742 591 1934 644 Attico

295 673 660 728 demonstrat
688 673 983 739 Petavius,
1016 674 1059 743 Ι,
1095 693 1112 729 1
1145 676 1217 730 De
1251 681 1400 731 Doct.
1436 685 1599 746 temp.
1633 694 1680 732 c.
1718 680 1805 745 11,
1852 684 1931 733 te-

294 761 595 818 stimniuis
621 761 966 831 Aristotelis,
984 763 1365 835 TheOphrasti
1381 769 1437 819 et
1457 766 1647 821 Plinii.
1671 767 1776 821 Sed
1797 784 1930 822 cum

295 849 532 903 tertium
565 848 756 903 locum
783 851 906 919 jam
939 856 1282 922 occupasset
1310 852 1679 924 Pachymeris
1707 856 1930 923 judicio

295 937 564 1003 Cronius,
600 942 882 1005 ’quartum
934 938 1018 992 illi
1067 940 1405 1011 assignavit,
1457 946 1559 996 aut
1610 942 1766 997 aliud
1843 950 1933 998 est

294 1032 529 1080 secutus
578 1025 731 1095 quod
769 1043 880 1080 non
925 1026 1084 1081 latet.
1146 1028 1225 1082 De
1264 1045 1323 1083 re
1368 1029 1496 1093 ipsa
1538 1037 1787 1098 constat,
1836 1033 1931 1088 hic

292 1112 513 1166 Juliani
547 1114 685 1166 anni
710 1113 964 1183 Aprilem
1000 1114 1269 1186 intelligi,
1299 1133 1431 1170 cum
1462 1119 1824 1174 describatur
1856 1122 1932 1177 fe-

292 1204 450 1253 stum
521 1198 811 1251 ἀκὰθιστον
845 1201 1088 1266 dictum,
1135 1203 1356 1273 jejunio
1417 1221 1593 1261 verno
1651 1209 1928 1265 celebrari

296 1287 557 1353 solitum,
612 1288 862 1342 Sabbato
922 1289 1189 1344 videlicet
1246 1292 1463 1361 quintae
1535 1293 1927 1351 hebdomadas

294 1373 773 1443 Quadragesimae,
811 1380 872 1428 ut
902 1378 1265 1432 ostendimus
1308 1378 1367 1433 in
1419 1381 1715 1439 Glossario
1756 1387 1928 1441 verbo

292 1458 595 1520 ἀκάθιστος.
629 1462 749 1523 Quo
781 1462 873 1516 die
899 1463 1115 1519 Pascha
1144 1465 1242 1521 illo
1274 1484 1426 1524 anno
1460 1471 1651 1540 fuerit,
1692 1478 1749 1527 et
1798 1491 1930 1529 con-

294 1558 604 1617 sequenter
632 1549 687 1602 in
722 1566 894 1619 quem
928 1551 1145 1620 Aprilis
1178 1570 1269 1608 res
1301 1554 1394 1611 hic
1427 1564 1665 1615 narrata
1704 1561 1926 1617 incide-

293 1636 391 1702 rit,
426 1636 686 1689 dicemus
714 1635 890 1703 infra,
916 1638 1012 1691 ubi
1050 1641 1119 1695 de
1150 1640 1927 1718 characteribus:chronolo-

291 1722 437 1793 gicis
473 1723 649 1792 hujus
681 1724 938 1780 historiae
959 1732 1186 1796 agetur.

2042 590 2203 645 brem
2233 606 2383 648 esse.

2109 680 2711 754 MO)‘N1‘XIQN,pag.
2792 684 2895 738 318
2980 684 3168 754 Μηνὸς
3251 688 3667 761 Μουνυχιῶνος.

2040 762 2215 820 Codd.
2251 767 2292 821 B
2324 771 2380 822 et
2408 775 2455 822 A
2483 773 2861 843 Μουνιχιῶνος
2892 774 3185 843 glossema
3215 776 3455 831 solitum
3489 778 3671 832 ascri-

2040 852 2209 919 bunt,
2260 854 2587 913 Romanum
2641 862 2862 916 mensis
2924 862 3051 931 ejus
3102 864 3447 920 vocabulum
3491 867 3676 935 expri-

2039 956 2218 1007 mens,
2270 937 2585 1017 Νοιμϐρίου
2638 948 2971 1004 Novembris.
3021 952 3180 1015 Quod
3243 970 3375 1008 vero
3440 954 3670 1007 initium

2040 1028 2097 1081 id
2131 1029 2311 1085 fuisse
2355 1033 2493 1087 anni
2541 1035 2717 1088 verba
2764 1035 2862 1091 illa
2912 1034 3160 1099 ἐπιόντος
3210 1036 3361 1103 ἔτους
3409 1042 3670 1096 indicant

2040 1119 2406 1172 relerendum
2450 1122 2518 1174 ad
2563 1122 2962 1192 indictiouem,
3013 1142 3135 1196 qua:
3185 1128 3472 1198 peculiare
3537 1130 3674 1185 anni

2039 1203 2391 1274 principium
2449 1208 2698 1263 ducebat
2750 1228 2783 1264 a
2841 1212 3187 1282 Septembri,
3255 1233 3386 1271 cum
3454 1218 3674 1288 alioqui

2038 1291 2222 1346 civilis
2253 1294 2391 1347 anni
2422 1300 2597 1366 caput
2629 1297 2683 1350 in
2719 1297 2839 1353 Kal.
2864 1301 3156 1357 Januariis
3181 1304 3358 1357 fixum
3392 1312 3563 1361 esset.

2115 1380 2642 1438 ΣΧΙΡΡΟΦΟΡΞΩΝ.
2678 1384 2896 1440 Nomen
2932 1386 3040 1444 hoc
3075 1391 3227 1460 apud
3262 1391 3675 1463 Pachymerem

2041 1464 2235 1521 ultimi
2268 1470 2485 1527 mensis
2542 1476 2632 1525 est
2689 1475 3043 1545 Decembris,
3094 1483 3160 1532 ut
3213 1478 3564 1551 intelligitur
3607 1499 3675 1537 ex

2036 1554 2233 1609 verbis
2265 1572 2398 1627 pag.
2430 1557 2582 1614 305:
2642 1560 2703 1614 Ὀ
2757 1559 3012 1633 βασιλεὺς
3060 1568 3250 1618 τοῦτον
3301 1562 3673 1638 προϐάλλεται

2040 1640 2211 1711 μηνὸς
2260 1642 2740 1718 Σκιρροφοριῶνος
2786 1647 3001 1723 εἰκοστῇ
3063 1649 3245 1727 ὀγδόῃ.
3319 1658 3402 1710 Ad
3464 1658 3677 1729 margi-

2039 1744 2173 1783 nem
2212 1746 2242 1784 e
2274 1733 2506 1801 regione
2536 1735 2592 1788 in
2628 1737 2754 1791 cod.
2788 1737 2829 1791 Β
2860 1740 3137 1795 scribitur
3182 1737 3539 1817 Δεκεμϐρίου,
3592 1746 3674 1800 uti

397 1811 817 1878 ΠΥΑΝΕΨΙΩΝ,
880 1830 937 1884 p.
999 1816 1120 1883 403,
1180 1815 1396 1882 εἰκοστῆ
1485 1821 1577 1891 μὶν
1642 1824 1730 1879 καὶ
1799 1825 1923 1905 ἕκτῃ

2042 1821 2099 1871 et
2124 1834 2253 1888 pag.
2284 1820 2408 1889 532,
2443 1821 2541 1879 ubi
2594 1822 2665 1879 de
2724 1824 3067 1895 imperatore
3121 1811 3403 1887 scribitur
3457 1834 3675 1901 θνήσκει

294 1900 697 1967 Πυανεψιῶνος.
732 1900 773 1953 E
823 1902 1055 1971 regione
1112 1905 1267 1959 vocis
1323 1910 1703 1981 Ιῐναυεψπῶνος
1759 1900 1929 1976 codd'.

295 1987 745 2041 BetAhabent
776 1988 976 2058 Μαίου,
1030 1993 1185 2060 quod
1241 1996 1287 2047 ν
1343 1996 1414 2049 de
1471 2015 1629 2056 more
1684 2003 1741 2059 in
1793 2024 1927 2064 con-

294 2076 519 2128 textum
552 2076 776 2145 recipit.
816 2076 932 2131 Nec
975 2078 1220 2134 dubium
1282 2082 1627 2155 relinquitur
1678 2108 1746 2147 ex
1793 2097 1929 2151 cha-

294 2166 517 2216 ractere
551 2178 681 2217 mox
711 2181 981 2234 expresso
1026 2166 1159 2221 festi
1208 2168 1481 2228 instantis
1539 2180 1926 2253 Pentecostes,

296 2257 360 2303 ut
390 2250 633 2306 inferius
666 2253 1222 2321 demonstrabimus,
1260 2261 1397 2328 quin
1425 2267 1608 2321 Metus
1642 2269 1733 2325 hic
1766 2288 1928 2329 men-

296 2337 379 2392 sis
406 2338 704 2394 indicitur.
738 2340 900 2396 Unde
931 2344 1337 2415 corrigendum
1371 2351 1599 2408 videtur
1654 2361 1807 2429 quod
1869 2379 1925 2433 p.

292 2427 398 2478 2'70
431 2427 704 2481 scribitur
731 2432 1103 2499 πυαντιῶνος;
1137 2438 1223 2487 est
1250 2435 1401 2491 enim
1437 2438 1514 2493 ibi
1562 2442 1621 2497 in
1668 2427 1928 2519 margine

294 2528 398 2566 vox
429 2510 625 2579 Μαΐου,
661 2517 901 2586 antiqua
933 2534 1130 2586 manu,
1182 2522 1274 2574 cui
1332 2524 1611 2593 glossema
1656 2538 1930 2591 recentio-

292 2599 369 2653 ris
400 2617 611 2655 manus
644 2603 1026 2673 subjungitur
1058 2616 1556 2679 μεταγειτεινιῶνος
1596 2618 1705 2675 Res
1756 2640 1925 2693 porro

289 2685 416 2756 ipsa
447 2692 505 2741 et
537 2689 646 2743 loci
692 2692 1001 2759 sententia,
1039 2698 1101 2746 ut
1126 2693 1162 2747 l.
1192 2696 1225 2750 3
1272 2700 1731 2762 Observationum
1756 2685 1835 2766 ὀ
1868 2714 1924 2778 5,

293 2773 448 2827 clare
470 2776 965 2846 demonstramus,
994 2781 1230 2838 omnino
1264 2785 1477 2844 Maium
1510 2795 1703 2865 exigit.

380 2880 935 2953 ΜΑΙΜΑΚΤΗΡΙΩΝ,
999 2902 1055 2956 p.
1110 2888 1230 2942 430.
1282 2893 1511 2968 Δευτὲρᾳ
1568 2894 1625 2951 δὲ
1708 2902 1925 2974 Μαιμα-

292 2969 616 3038 κτηριῶνος.
668 2971 729 3023 In
764 2972 1022 3042 margine
1053 2974 1167 3029 duo
1198 2979 1368 3036 codd.
1400 2981 1657 3042 Ἰούλιον.
1700 2969 1925 3046 Tertius

292 3058 356 3108 ut
386 3055 529 3109 solet
563 3055 619 3110 id
668 3072 877 3113 nomen
930 3065 1227 3118 contextui
1287 3067 1490 3125 inserit
1549 3091 1651 3130 nec
1708 3078 1921 3134 festum

288 3145 657 3198 Pentecostes
688 3145 746 3199 in
781 3149 1104 3204 secundum
1138 3151 1238 3208 illo
1268 3172 1419 3212 anno
1450 3160 1604 3216 Junii
1634 3163 1924 3237 incidens,
1955 3186 2000 3251 ο

290 3231 635 3251 --ιη-.-η
689 3235 703 3251 ι
822 3236 872 3251 ..
1084 3239 1099 3251 .
1153 3241 1205 3251 ..
1412 3246 1447 3251 --
1582 3250 1587 3251 ,

290 3233 353 3283 ut
383 3247 488 3286 suo
520 3231 644 3287 loco
673 3235 1037 3308 docebimus,
1067 3239 1313 3298 dubium
1347 3246 1622 3319 relinquit
1658 3255 1799 3323 quin
1828 3231 1926 3310 Ju;

290 3316 421 3372 nius
455 3319 1277 3399 ΡαοὴγωοιυὶΜαιμακτῃριών.
1311 3332 1408 3389 sit.
1428 3334 1497 3387 Τὸ
1514 3316 1921 3398 cute-nemus:

286 3403 349 3456 τὸ
380 3400 543 3473 διότι,
577 3412 641 3462 ut
670 3409 728 3462 in
756 3412 1000 3481 caateris,
1032 3420 1432 3484 quaerendum.
1466 3424 1604 3480 Davi
1636 3428 1790 3485 enim
1822 3449 1920 3486 su-

288 3506 443 3558 mus,
478 3510 593 3548 non
626 3497 825 3567 OEdipi
855 3499 942 3569 (·).

361 3579 450 3648 [Ρ.
486 3582 609 3652 488]
643 3586 1144 3660 ΑΝΘΕΣΤΗΡΙΩΝ,
1167 3597 1246 3664 (p.
1278 3596 1404 3666 286,
1453 3599 1480 3651 ὁ
1510 3600 1921 3679 Ἀνθεστηριών.

287 3668 326 3717 E
360 3666 592 3738 regione
625 3673 681 3726 in
741 3677 1004 3747 margine
1058 3679 1310 3746 Ἰούλιος.
1388 3687 1436 3740 ν
1496 3690 1554 3745 id
1616 3666 1807 3752 solum
1865 3698 1924 3753 in

286 3760 555 3811 contextu
578 3758 773 3818 habet.
805 3765 1008 3829 Antea,
1043 3784 1097 3837 p.
1163 3771 1283 3839 149,
1347 3776 1525 3848 Εορτῇ
1573 3786 1675 3849 τῆς
1723 3784 1925 3855 Θεομή-

284 3861 446 3915 τορος
477 3845 877 3941 ’Λννηςλμημνὸς
907 3852 1390 3930 Ἀνθεστηριῶνος.
1425 3845 1676 3924 ili-ursus
1708 3888 1764 3941 p.

289 3928 425 3985 Τότε
450 3931 632 3987 τοίνυν
688 3932 964 4012 δωδεκάτῃ
995 3928 1446 4019 Ἀνθεστηριῶνος
1509 3928 1726 4023 μηνός.⁸
1763 3959 1924 4016 Utro.

284 4018 461 4090 hique
493 4024 659 4077 codd.
695 4026 765 4080 de
796 4043 955 4083 more
1001 4018 1259 4090 Ἰουνίου,
1314 4018 1615 4097 adnatant.
1674 4048 1921 4118 Augusti

283 4108 503 4162 mensis
539 4109 1053 4183 Pachymerianum
1104 4137 1314 4178 nomen
1364 4125 1421 4181 in
1481 4128 1589 4185 hac
1648 4131 1920 4205 historia,

280 4196 435 4263 quod
470 4199 861 4267 meminerim,
887 4220 1000 4260 non
1032 4212 1222 4265 exstat
1253 4213 1362 4283 (").

349 4301 741 4373 ΓΑΜΗΛΙΩΝ,
776 4324 832 4378 p.
884 4310 1007 4377 395,
1055 4313 1437 4385 Γαμηλιῶνος.
1494 4322 1688 4393 μηνός.
1733 4327 1913 4404 Codd.

350 4388 383 4440 Β
415 4394 470 4443 et
499 4393 544 4445 A
564 4408 593 4447 e
624 4394 856 4465 regione
879 4400 1224 4459 adscribunt
1263 4388 1661 4484 Σεπτεμϐρίου,
1707 4391 1915 4475 silente

274 4481 483 4544 praeter
509 4496 729 4536 morem
762 4483 829 4554 V,
864 4487 961 4556 qui
993 4488 1100 4545 hoc
1131 4508 1360 4551 comma
1405 4481 1682 4557 transilit.
1731 4508 1913 4563 Antea

274 4580 328 4656 p.
362 4566 487 4621 299.
536 4570 644 4637 μὴν
707 4567 765 4623 δὲ
821 4571 1122 4649 ἐφειστήκει
1163 4581 1259 4635 τότ
1290 4583 1590 4656 Γαμηλιὼε
1644 4610 1670 4642 ν

275 4646 332 4703 δὲ
382 4654 415 4720 ἡ
472 4659 569 4707 τοῦ
614 4657 803 4729 τιμίου
860 4646 1105 4738 ’σταυροῦ
1157 4646 1613 4744 ἑορτή,.1ὀ81ι]ω
1680 4646 1914 4739 ,οκυὶίυζ

271 4738 449 4795 tionis
478 4748 533 4799 Β.
591 4746 791 4803 Crucis
842 4751 907 4804 14
970 4738 1333 4824 Septembris
1392 4762 1566 4820 etiam
1626 4784 1659 4821 a
1700 4769 1913 4827 Graecis

272 4827 654 4889 celebratum.
677 4838 972 4893 Consueta
1002 4846 1059 4896 ct
1091 4842 1171 4898 ibi
1214 4847 1382 4902 codd.
1443 4853 1774 4925 admonent,
1808 4860 1907 4914 sed

271 4914 417 4969 satis
447 4932 514 4970 ex
546 4919 676 4975 festi
709 4927 1001 4982 mentione
1033 4930 1382 5004 intelligitur
1407 4938 1761 5009 September.

348 5020 499 5123 65,3
532 5023 1060 5123 ΕΛΑξῐδΗΒΟᾹΙΩΝ.
1104 5053 1237 5110 pag.
1297 5042 1421 5096 394.
1484 5043 1906 5123 Ἐλαφηϐολιῶ-

270 5123 365 5200 voc:
394 5103 518 5181 ἕκτῃ
553 5112 748 5181 μηνός.
784 5103 1136 5193 Suggerunt,
1171 5103 1235 5181 ut
1271 5128 1479 5200 solent,
1526 5103 1695 5193 cod‘d'.

272 5194 317 5246 A
346 5193 407 5250 in
441 5201 703 5271 margine
735 5204 1009 5263 Latinum
1042 5214 1261 5270 mensis
1305 5234 1515 5276 nomen
1546 5220 1900 5301 Ὀκτώϐριον,

272 5281 594 5352 Octobrem,
629 5304 801 5359 quem
836 5298 891 5347 et
912 5294 1037 5366 ipse
1066 5297 1229 5356 locus
1255 5320 1359 5374 per
1397 5323 1457 5362 se
1492 5308 1729 5383 indicat,
1761 5281 1897 5372 cuni

272 5368 330 5422 in
369 5387 435 5426 eo
490 5374 817 5435 afﬁrmatur
873 5386 1288 5453 prmcedentem
1348 5392 1566 5465 ἀμέσως
1638 5418 1896 5460 mensem

331 5529 524 5628 interi:-
548 5535 804 5628 Ψρδδδδ
830 5541 989 5628 alii?"
1022 5562 1061 5600 ν
1118 5547 1575 5628 Μαξμακτῃριὼν.

328 5602 424 5671 (“)
453 5605 536 5662 Cf.
567 5608 826 5669 Glossar.
858 5614 1108 5674 alterum
1132 5602 1186 5676 ν.
1212 5602 1540 5685 aestate?

2049 1900 2105 1956 δὲ
2154 1904 2629 1982 Σκιρροφοριῶνος
2689 1907 2968 1986 ἑνδεκάτῃ,
3024 1915 3083 1971 in
3143 1920 3404 1989 margine
3470 1900 3675 1993 Δεκεμ-

2046 1986 2221 2065 ϐρίου.
2257 1995 2415 2058 Quod
2450 1998 2759 2070 utrobique
2789 2001 2837 2054 V
2868 2006 2925 2057 in
2958 1986 3298 2060 contextum
3324 2008 3546 2079 recipit.

2712 2157 3001 2215 CAPUTII

2045 2239 2282 2322 Initium
2315 2240 2543 2322 imperii
2585 2245 2847 2322 Theqdori
2908 2250 3159 2306 Lasﬁnrz’s
3204 2252 3471 2322 Iunior-is,
3531 2257 3673 2311 unde

2111 2309 2229 2398 haec
2258 2309 2497 2398 latuerit:
2518 2317 2776 2398 procedit,
2821 2322 3131 2376 rationibus
3178 2309 3598 2398 chronolojicisi
3620 2336 3671 2383 et

2112 2381 2316 2434 calcati
2343 2383 2652 2440 charactere
2679 2388 3100 2449 demonstratur.

2112 2501 2155 2554 Ι.
2189 2501 2310 2556 Non
2345 2520 2662 2573 possumus
2693 2526 2760 2565 ex
2790 2516 3187 2583 Opportuniori
3221 2520 3440 2589 epocha
3488 2522 3668 2591 hujus

2037 2585 2293 2643 historias
2324 2598 2499 2663 caput
2530 2595 2740 2653 ducere
2771 2615 2944 2669 quam
2978 2616 3045 2657 ex
3090 2585 3271 2660 initio—
3305 2609 3668 2680 principatus

2035 2675 2313 2733 Theodori
2346 2680 2610 2737 Lascaris
2640 2701 2706 2739 eo
2738 2689 2971 2745 nomine
2998 2695 3263 2759 scaundi,
3299 2675 3399 2750 lilii
3431 2703 3489 2754 et
3540 2717 3671 2755 suc-

2037 2765 2287 2819 cessoris
2321 2765 2380 2821 in
2413 2767 2655 2839 imperio
2686 2773 2931 2831 Joannis
2962 2778 3153 2847 Ducaa,
3177 2782 3421 2839 Batatzze
3453 2803 3668 2859 cogno—

2036 2850 2264 2907 minati.
2300 2854 2626 2925 lnsigniora
2653 2863 2808 2916 enim
2842 2880 3086 2937 quasque
3132 2870 3201 2924 de
3235 2850 3670 2932 MichaelevPa-

2033 2936 2271 3010 laeologo
2320 2942 2510 2999 adhuc
2541 2948 2764 3017 privato
2807 2951 2901 3007 hic
2942 2961 3174 3011 narrata
3223 2958 3329 3014 hoc
3376 2961 3672 3020 Theodoro

2032 3023 2359 3096 imperante
2380 3033 2775 3105 contigerunt,
2802 3041 2972 3111 cujus
2997 3051 3413 3113 praematurum
3442 3051 3668 3108 obitum

2037 3204 2281 3274 excepit.
2325 3207 2455 3263 Scio
2512 3211 2620 3266 sub
2667 3212 2890 3271 Joanne
2940 3204 3488 3290 quoqueinonnihll
3540 3228 3669 3298 ejus

2034 3294 2290 3364 generis,
2319 3310 2447 3367 cap.
2479 3298 2537 3365 6,
2567 3298 2668 3354 lib.
2702 3320 2720 3357 ι
2754 3308 3101 3363 memorari:
3138 3327 3338 3367 verum
3370 3318 3426 3368 et
3456 3315 3513 3369 id
3548 3317 3667 3371 obi-

2037 3382 2123 3434 ter
2150 3380 2513 3439 insinuatum
2546 3388 3021 3463 duntaxatquasi
3064 3400 3401 3466 praetexitur
3456 3406 3616 3475 Operi
3650 3422 3664 3461 :

2036 3469 2090 3520 et
2120 3466 2261 3523 illud
2294 3471 2487 3542 ipsum
2509 3475 2642 3545 jure
2673 3477 2951 3550 imputari
2981 3483 3280 3542 Theodoro
3304 3466 3511 3559 potuit.
3544 3496 3671 3547 tan-

2036 3557 2158 3609 tum
2193 3572 2307 3611 non
2340 3559 2649 3631 imperanti
2683 3571 2741 3619 et
2770 3570 2920 3638 apud
2955 3578 3253 3641 parentem
3288 3578 3574 3634 seniorem
3601 3597 3667 3635 eo

2030 3644 2227 3713 gratiae
2260 3662 2325 3699 ac
2358 3650 2631 3715 potentiae
2660 3656 2841 3724 gradu
2879 3657 3110 3729 nitenti,
3145 3662 3378 3733 qualem
3414 3684 3514 3736 per
3543 3674 3669 3723 erat

2033 3732 2330 3802 unigenito
2344 3736 2529 3792 virilis
2543 3739 2752 3810 adepto
2771 3732 3196 3812 plenitudinem
3218 3732 3431 3823 astatis;
3446 3756 3666 3828 (R489)

2028 3818 2183 3876 haud
2218 3824 2395 3879 dubio
2428 3829 2753 3883 successori
2787 3832 3079 3891 declarato
3123 3842 3178 3892 et
3210 3856 3322 3894 1am
3359 3859 3516 3899 nunc
3550 3846 3668 3900 fere

2027 3908 2261 3980 colleges
2293 3912 2493 3970 tribui.
2556 3918 2730 3972 Recte
2783 3919 2963 3991 igitur
3019 3931 3221 3980 noster
3271 3929 3437 3984 initio
3489 3934 3661 3989 modo

2027 3993 2243 4051 laudati
2276 4001 2482 4069 capitis
2503 4002 2555 4071 7,
2598 4003 2751 4060 velut
2796 4007 3100 4065 historiam
3151 4012 3284 4069 inde
3340 4034 3506 4073 suam
3564 4038 3669 4076 au-

2025 4083 2261 4154 spicans
2294 4087 2522 4154 scribit,
2550 4091 2873 4164 imperante
2900 4097 3208 4155 Theodoro
3255 4104 3479 4160 Lascari
3533 4114 3667 4179 post

2023 4176 2267 4241 patrem,
2300 4175 2635 4233 Michaelem
2666 4181 3042 4257 Palzeologum
3069 4204 3301 4261 semper
3348 4175 3662 4252 obnoxium

2021 4259 2268 4315 affectati
2303 4265 2463 4334 regni
2493 4268 2932 4339 suspicionibus
2964 4274 3168 4343 fuisse,
3200 4259 3324 4349 “quo
3382 4297 3449 4337 ex
3504 4284 3662 4340 fonte

2021 4347 2301 4404 malorum
2341 4354 2626 4422 omnium,
2674 4374 2799 4429 quae
2858 4365 2996 4417 tunc
3052 4369 3141 4418 est
3200 4384 3436 4438 passus,
3469 4389 3661 4429 causa

1944 4543 1989 4608 υ
2020 4522 2116 4577 riae
2141 4541 2315 4596 quam
2349 4528 2705 4587 illustratum
2742 4537 2917 4605 imus,
2953 4522 3086 4595 ante
3118 4544 3317 4599 omnia
3348 4545 3660 4604 elaboran-

1680 4635 1694 4662 ,
1746 4589 1913 4667 ἤγετο
1944 4589 1988 4608 υ
2022 4610 2161 4666 dum
2194 4614 2363 4670 nobis
2392 4622 2482 4671 est
2512 4619 2569 4674 in
2624 4624 3030 4682 constituendo
3090 4630 3328 4699 praecise
3369 4638 3656 4708 tempore,

1701 4682 1880 4708 -_-IL-
2298 4703 2308 4708 -
2369 4705 2430 4708 —-

2019 4714 2133 4769 quo
2165 4703 2338 4773 coepit
2368 4705 2708 4764 Theodorus
2742 4710 3005 4768 Lascaris
3041 4715 3249 4772 Junior
3270 4703 3531 4779 habenas
3552 4703 3656 4779 im;

2017 4788 2162 4857 perii
2186 4794 2452 4847 tractare.
2488 4794 2929 4867 Negligentibus
2962 4802 3021 4856 in
3080 4803 3189 4859 hoc
3236 4807 3569 4867 definiendo
3600 4818 3658 4869 et

2018 4877 2184 4946 quasi
2218 4879 2289 4933 de
2318 4896 2424 4936 suo
2457 4884 2693 4940 nomine
2721 4888 3271 4965 παραχυμερέστερον
3300 4898 3454 4954 694
3485 4901 3650 4956 vide-

2014 4967 2113 5017 tur
2143 4970 2340 5022 noster
2354 4967 2670 5028 historicus
2691 4975 3019 5033 defunctus.
3046 4980 3157 5036 Sed
3179 4982 3468 5043 habemus
3494 5006 3642 5060 quos

2014 5052 2397 5110 adhibeamus
2454 5059 2718 5117 subsidio
2776 5062 3094 5136 locupletes
3150 5076 3416 5129 auctores
3468 5052 3641 5145 duos,

2011 5140 2322 5213 Georgium
2355 5146 2745 5217 Acropolitam
2778 5156 2834 5206 et
2862 5152 3251 5223 Nicephorum
3285 5160 3599 5232 Gregoram

2012 5244 2258 5299 quorum
2293 5231 2449 5302 prior
2470 5237 2946 5295 accuratissimus
2969 5246 3024 5296 et
3047 5260 3300 5313 prtesens
3323 5246 3637 5321 inspector,

2008 5333 2156 5389 quas
2188 5323 2405 5386 narrat,
2441 5337 2631 5377 rerum
2659 5341 2707 5378 c.
2740 5327 2810 5380 52
2849 5330 2983 5383 llist.
3021 5332 3234 5399 prioris
3278 5351 3409 5405 pag.
3452 5338 3522 5390 56
3554 5341 3649 5393 ed.

2008 5404 2147 5475 Reg.
2199 5405 2284 5461 sic
2345 5407 2606 5467 scribit:
2665 5412 2970 5483 Ἐτεθνήκει
3056 5415 3307 5489 βασιλεὺς
3368 5404 3650 5494 ῨἺωάννης
