4146 6288
501 337 639 392 1155

1518 343 1582 394 Ρ.
1620 341 1897 395 POSSINI
1932 338 2545 401 OBSERVATIONUH
2581 340 2714 392 LIB.
2756 339 2856 389 III.

3748 341 3887 396 1156

497 464 578 531 τῷ
607 460 710 531 υἱῷ
740 458 903 513 αὐτοῦ
950 455 1217 532 Θεοδώρῳ
1245 458 1344 525 τὴν
1395 457 1674 532 βασιλείαν
1722 458 2118 515 καταλελοιπὼς

2249 476 2400 521 anno
2431 458 2642 523 Christi
2680 459 2834 527 1203,
2880 458 3220 521 duodecima
3266 460 3496 530 Aprilis.
3544 462 3703 518 Duos
3749 464 3885 518 inde

498 549 789 622 τριάκοντα
844 546 933 601 καὶ
989 548 1113 621 τρία
1167 543 1257 614 ἔτη
1319 545 1589 600 διανῦοντι
1623 590 1637 603 .
1709 550 1982 608 Τοσοῦτος
2035 548 2137 621 γὰρ

502 636 531 689 ὁ
606 635 812 709 χρόνος
887 635 1033 706 αὐτῷ
1093 636 1293 695 ὁπόσος
1365 641 1465 703 τῆς
1524 642 1796 710 πατρικῆς
1864 634 2139 709 βασιλείας

498 722 758 798 ἐτύγχανε
790 744 802 758 ·
862 721 1057 797 σχεδὸν
1117 723 1219 797 γὰρ
1284 724 1354 793 τῇ
1409 726 1645 799 πατρικῇ
1700 720 1991 798 ἀναῤῥήσει
2048 721 2138 779 καὶ

496 813 531 881 ἡ
587 813 841 885 γέννησις
908 811 1108 865 ἐκείνου
1182 809 1532 884 ξυνέδραμεν.
1580 814 1695 867 Hoc
1739 818 1866 869 est:
1917 812 2139 871 Οὸὶϐναι

494 903 734 956 Joannes
769 905 1069 970 Augustus,
1100 903 1219 970 [uio
1247 917 1346 956 suo
1400 900 1667 956 Theodoro
1715 898 2013 972 imperium
2050 915 2137 957 re-

499 990 750 1060 linquens
780 1006 989 1046 annum
1009 993 1197 1060 agenti
1219 990 1447 1043 tertium
1467 999 1519 1043 et
1548 988 1891 1044 tricesimum
1933 989 2133 1045 aetatis.

500 1078 635 1135 Vitae
662 1088 810 1133 entm
838 1080 957 1150 ejus
988 1086 1233 1149 tempora
1271 1079 1619 1148 principatus
1637 1076 1869 1145 paterni
1896 1078 2137 1145 spatium

494 1168 804 1237 aequabant,
831 1166 970 1237 quod
998 1168 1170 1235 ferme
1196 1182 1318 1220 cum
1348 1165 1527 1235 patris
1561 1164 1954 1219 acclamatione
1985 1171 2132 1221 ortus

493 1257 670 1324 ipsius
703 1253 1089 1310 concurrisset.
1124 1253 1255 1307 Haec
1293 1253 1412 1320 ille,
1467 1270 1591 1323 quae
1642 1253 1883 1307 totidem
1935 1251 2131 1310 verbis

493 1344 701 1414 repetit
740 1342 799 1398 in
842 1344 1101 1397 secundo
1147 1356 1340 1411 Opere,
1400 1341 1493 1395 cui
1528 1340 1845 1396 Chronicon
1875 1355 2128 1409 compen-

488 1430 953 1507 diarumtitulus
1002 1434 1113 1497 est,
1166 1446 1410 1484 numero
1467 1428 1607 1484 item
1668 1429 1739 1482 52
1783 1445 1837 1499 p.
1886 1427 1988 1481 13‘!
2031 1429 2124 1483 ed.

489 1519 629 1590 Reg.
691 1518 1051 1589 Nicephorus
1101 1518 1407 1589 Gregoras,
1456 1517 1557 1571 lib.
1620 1533 1707 1580 xu,
1772 1533 1829 1586 p.
1887 1517 1979 1581 24,
2036 1516 2126 1573 ed.

488 1607 659 1663 Basil.
683 1608 752 1661 de
800 1607 1046 1661 Joannis
1095 1610 1283 1662 morte
1329 1610 1387 1659 et
1431 1604 1717 1660 Theodori
1757 1603 2127 1665 successione

485 1695 570 1751 sic
615 1695 835 1751 habet:
891 1694 1055 1747 ’Ήνυε
1109 1689 1167 1744 δὲ
1213 1689 1350 1757 ἔτος,
1375 1690 1540 1745 ὁπότε
1595 1689 1865 1757 ἐτελεύτα,
1934 1689 2124 1760 ἐξηκο-

2246 550 2363 604 i'ere
2394 564 2581 603 annos
2611 545 2842 620 ἀναρχία
2884 552 2941 603 et
2989 563 3183 604 rerum
3236 550 3499 605 confusio
3553 552 3883 607 miserrima

2245 636 2394 691 inter
2425 637 2653 695 Graecos
2685 637 2814 690 fuit.
2849 637 3070 701 Quibus
3097 638 3313 693 exactis
3363 638 3719 695 acclamatur
3767 641 3879 693 im.

2245 729 2477 795 perator
2504 725 2842 780 Theodorus
2877 726 3176 782 Lascarios
3210 742 3386 797 gener
3417 728 3619 783 Isaacii
3651 730 3882 809 Angeli,

2244 818 2301 871 et
2332 830 2365 877 β.
2396 813 2675 867 Michaele
2695 813 3035 868 Auctoriano
3056 814 3386 885 patriarcha
3408 816 3515 870 rite
3536 823 3873 875 coronatur.

2243 901 2525 971 Georgius
2554 900 2899 971 Acropolita,
2933 918 2983 956 c.
3034 903 3115 956 6:
3166 900 3267 955 Δύο
3317 906 3449 975 γοῦν
3496 901 3880 978 παραδραμόν-

2240 1006 2347 1042 των
2410 985 2686 1053 ἐνιαυτῶν,
2742 985 2832 1041 καὶ
2890 988 2963 1048 ὡς
3010 984 3271 1043 δεσπότου
3325 990 3472 1063 παρᾶ
3524 992 3739 1045 πάντων
3775 1014 3879 1065 9r,-

2245 1073 2546 1146 μιζομὲνου
2595 1074 2691 1129 τοῦ
2752 1076 3100 1149 Λασκάριος,
3162 1076 3274 1131 ἐπεὶ
3352 1076 3629 1151 συνδρομὴ
3695 1080 3885 1153 γέγονε

2238 1162 2374 1219 κατὰ
2429 1163 2654 1219 Νίκαιαν
2717 1163 2822 1219 ἀπὸ
2878 1168 3184 1239 περιφανῶν
3237 1162 3450 1238 ἀνδρῶο
3496 1166 3585 1220 καὶ
3642 1171 3748 1223 τῶν
3786 1167 3882 1221 λο-

2238 1248 2415 1324 γάδων
2465 1256 2565 1318 τῆς
2608 1248 2955 1319 Ἐκκλησίας,
2997 1252 3181 1323 σκέψις
3212 1251 3416 1307 τούτων
3451 1253 3681 1327 ἐγένετο,
3730 1257 3881 1317 ὅπως

2241 1335 2492 1411 βασιλεὺς
2536 1336 2834 1411 φημισθείη
2887 1341 2967 1410 [Ρ.
3020 1342 3143 1413 490]
3196 1341 3223 1394 ὁ
3264 1337 3530 1409 δεσπότης
3574 1340 3882 1415 Θεόδωρος.

2236 1427 2416 1483 Paulo
2447 1432 2623 1497 post:
2666 1425 2973 1499 Ψηφίζε-ἀι
3033 1425 3124 1481 οὖν
3179 1429 3525 1503 πατριάρχης
3580 1431 3821 1504 Μιχαὴλ
3856 1432 3881 1485 ὀ

2233 1512 2669 1585 Αὐτωριανὸς....
2728 1514 2787 1575 ὃς
2842 1514 2931 1571 καὶ
2984 1514 3077 1571 τὸν
3135 1512 3399 1585 δεσπότην
3467 1516 3743 1591 Θεόδωρον
3800 1524 3880 1589 τῷ

2239 1601 2509 1674 βασιλικῷ
2557 1599 2856 1674 διαδήματι
2909 1601 3236 1659 ἐταινίωσεν.
3314 1606 3444 1661 Hec
3514 1608 3614 1662 ibi.
3681 1609 3879 1663 Conti-

2234 1691 2392 1759 gisse
2422 1697 2651 1763 oportet
2699 1693 3038 1748 electionem
3086 1699 3143 1748 et
3188 1695 3542 1750 evectionem
3585 1696 3877 1750 Theodori

484 1783 627 1853 στὸν,
684 1780 848 1836 ὁπότε
901 1777 947 1834 δ’
999 1780 1157 1841 αὐτὸς
1202 1780 1268 1833 τὰ
1322 1786 1422 1848 τῆς
1478 1778 1901 1854 αὐτοκρατορίας
1949 1776 2118 1833 ἐνεκε-

2236 1796 2387 1835 anno
2419 1779 2633 1839 Christi
2667 1782 2827 1849 1205,
2883 1781 3037 1837 circa
3088 1798 3343 1837 mensem
3390 1783 3661 1854 Aprilem.
3712 1786 3859 1839 Inde

481 1871 727 1945 χείριστο
785 1869 1052 1943 σκῆπτρα,
1110 1862 1349 1940 ἕϐδομον
1401 1865 1509 1936 ἤδη
1569 1866 1658 1921 καὶ
1719 1866 1983 1934 εἰκοστὸν,
2044 1865 2120 1927 ὡς

485 1960 623 2030 μόνα
688 1959 754 2013 τὰ
824 1965 926 2027 τῆς
1003 1957 1429 2030 αὖτοκρατοριας
1498 1955 1662 2008 αὐτοῦ
1719 1953 1955 2028 γίνεσθαι
2023 1948 2115 2022 ἔτη

478 2045 603 2119 τρία
652 2045 741 2100 καὶ
802 2045 1112 2121 τριάκοντα,
1169 2039 1342 2097 ὁπόσα
1400 2040 1466 2110 δὴ
1524 2042 1613 2096 καὶ
1661 2042 1775 2102 υἱὸς
1830 2042 1996 2095 αὐτοῦ
2026 2041 2118 2094 καὶ

480 2141 577 2203 τῆς
634 2132 911 2208 βασιλείας
973 2129 1233 2206 διάδοχος
1290 2128 1421 2200 ἤνυε
1476 2128 1803 2203 Θεόδωρος·
1866 2130 2007 2200 ὁμοῦ
2060 2148 2118 2182 τε

478 2224 578 2298 γὰρ
635 2222 792 2283 αὐτὸς
848 2221 899 2292 ἐξ
958 2218 1169 2275 ὠδίνων
1218 2218 1293 2279 εἲς
1335 2224 1449 2295 φῶς
1494 2220 1766 2294 προήγετο
1819 2219 2115 2291 μητρικῶν,

478 2310 741 2381 καὶὸμοῦ
795 2309 861 2362 τὰ
912 2314 1011 2376 τῆς
1067 2303 1490 2381 αὐτοκρατορίας
1548 2310 1793 2381 σκῆπτρα
1852 2304 1879 2356 ὁ
1936 2302 2115 2373 πατὴρ

478 2398 597 2473 ἄρτι
641 2394 903 2451 ἐδὲδεκτο.
963 2398 1166 2465 Agebat
1220 2382 1403 2449 autem
1468 2410 1697 2463 annum,
1768 2390 1984 2467 quando
2038 2398 2117 2445 est

479 2492 727 2541 mortuus
797 2484 1095 2557 (Joannes)
1150 2485 1555 2553 sexagesimum
1627 2482 1825 2545 astatis,
1903 2478 2116 2549 quando

478 2591 603 2630 vero
631 2577 843 2644 sceptra
882 2571 1114 2643 imperii
1159 2574 1220 2624 in
1260 2586 1461 2625 manus
1506 2572 1760 2640 sumpsit,
1818 2569 2115 2635 septimum

471 2664 591 2733 jam
623 2667 672 2717 et
701 2661 1044 2725 vicesimum,
1075 2663 1139 2713 ut
1165 2659 1271 2713 soli
1306 2660 1421 2724 eius
1470 2657 1698 2729 imperii
1755 2658 2115 2710 numerentur

478 2753 615 2806 anni
644 2759 752 2805 tres
794 2751 848 2804 ei
888 2750 1140 2817 triginta,
1186 2754 1314 2818 quot
1360 2752 1492 2801 tunc
1539 2746 1666 2801 vitae
1714 2744 1862 2813 ﬁlias
1899 2744 2016 2813 ejus
2060 2750 2115 2797 et

480 2853 758 2894 successor
785 2840 843 2892 in
874 2836 1200 2909 principatu
1248 2835 1500 2904 explebat
1552 2830 1898 2889 Theodorus:
1944 2829 2113 2886 simul

478 2928 626 2982 enim
668 2927 757 2981 hic
785 2935 1040 2980 materno
1094 2923 1371 2995 partu.in
1435 2922 1611 2977 lucem
1654 2920 1951 2992 productus
2012 2926 2109 2981 est,

476 3016 643 3069 simul
671 3018 828 3085 pater
855 3014 1031 3085 ipsius
1077 3012 1305 3083 imperii
1341 3023 1533 3067 recens
1587 3008 1793 3079 accepti
1829 3004 2112 3061 moderari

475 3107 687 3175 sceptra
716 3108 964 3174 coeperat.
1006 3103 1090 3155 ηδ
1136 3101 1467 3171 Gregoras;
1508 3096 1610 3167 qui
1663 3108 1797 3150 mox
1840 3093 2109 3164 adjungit

2230 1871 2438 1924 ineunt
2467 1871 2596 1940 ejus
2639 1871 2869 1942 imperii
2926 1872 3086 1933 anni.
3142 1888 3290 1941 quos
3332 1873 3485 1927 idem
3536 1873 3873 1944 AcrOpolita

2227 1958 2546 2012 octodecim
2581 1965 2873 2017 numerat,
2906 1976 2961 2030 p.
2998 1962 3064 2014 17
3093 1960 3178 2017 sic
3226 1960 3490 2023 scribens
3530 2001 3543 2014 .
3568 1961 3665 2015 Ἦν
3728 1958 3789 2013 δὲ
3848 1962 3874 2021 ὁ

2230 2040 2483 2116 βασιλεὺς
2516 2042 2794 2121 θεάδωρος
2826 2046 2853 2099 ὁ
2887 2046 3173 2120 Λάσκαρις,
3220 2047 3384 2105 ὁπότε
3429 2048 3493 2101 τὸ
3538 2046 3695 2101 τέλος
3741 2044 3870 2123 ἔσχε

2222 2136 2318 2193 τοῦ
2369 2132 2515 2206 βίου,
2559 2136 2668 2191 τῶν
2722 2134 2817 2204 μὲν
2865 2134 3259 2207 τεσσαράκοντα
3310 2135 3466 2189 πὲντε
3521 2135 3653 2190 ἐτῶν
3708 2135 3872 2209 ὑπερψ

2220 2216 2395 2281 ἐκεινα
2446 2217 2682 2279 ἐλάττων
2737 2217 2795 2274 δὲ
2841 2225 2946 2275 τῶν
3004 2224 3352 2291 πεντήκοντα,
3415 2222 3739 2295 βασιλεύσας
3798 2222 3856 2276 ἐκ

2218 2305 2423 2361 τούτων
2484 2302 2576 2375 ἔτη
2643 2315 2730 2377 ιη’.
2781 2310 2899 2366 Ηοο
2948 2316 3083 2366 est:
3136 2316 3269 2373 Erat
3314 2317 3501 2367 autem
3548 2316 3856 2385 imperator

2222 2394 2535 2452 Theodorus
2589 2397 2863 2465 Lascaris,
2917 2398 3132 2469 quando
3197 2400 3414 2461 vivendi
3475 2400 3645 2469 ﬁnem
3705 2400 3855 2469 fecit,

2218 2486 2407 2543 aetatis
2428 2484 2646 2555 quidem
2674 2501 2946 2543 cunarum
2975 2503 3142 2555 supra
3176 2488 3557 2558 quadraginta
3596 2490 3855 2559 quinque,

2218 2573 2403 2627 minor
2434 2577 2612 2630 tamen
2643 2574 3136 2645 quinquagenaria.
3171 2577 3252 2639 Eo:
3298 2578 3383 2632 his
3428 2592 3609 2639 annos
3650 2576 3856 2630 octodee

2218 2660 2325 2723 cim
2357 2661 2678 2731 imperando
2705 2667 2983 2732 exegerat.
3020 2663 3101 2717 Ita
3133 2663 3235 2718 ibi.
3267 2664 3412 2718 Nam
3446 2664 3494 2718 si
3539 2662 3701 2718 mille
3748 2665 3855 2719 du-

2217 2747 2401 2801 centis
2430 2748 2684 2822 quinque
2714 2766 2835 2804 sane
2876 2749 3219 2813 Christianae
3267 2753 3437 2807 annis
3496 2751 3644 2805 alios
3705 2756 3851 2805 octo—

2217 2835 2405 2890 decim
2466 2838 2865 2917 adjungimus,
2931 2838 3255 2903 efﬁciemus
3339 2855 3559 2895 annum
3647 2839 3852 2893 Christi

2216 2922 2375 2989 1223,
2411 2940 2526 2995 quo
2557 2930 2823 2981 currente
2853 2926 3162 2998 contigerit
3201 2943 3357 2992 mors
3394 2927 3691 2981 Theodori
3754 2928 3845 2981 La-

2216 3013 2397 3067 scaris
2428 3018 2484 3067 et
2513 3014 2710 3084 generi
2743 3015 2871 3091 ejus
2900 3002 3139 3077 Joannis
3158 3014 3325 3070 Ducas
3351 3016 3597 3077 Batatzae
3620 3032 3835 3071 succes-

2214 3100 2300 3155 sio
2328 3102 2386 3155 in
2420 3102 2547 3170 ejus
2579 3099 2796 3170 locum,
2829 3103 2909 3157 ita
2940 3106 3002 3157 ut
3031 3102 3184 3163 idem
3218 3120 3406 3161 annus
3430 3104 3667 3173 utrique
3693 3121 3847 3165 com-

475 3168 813 3247 Theodorus
846 3191 997 3244 haud
1031 3168 1403 3256 assumptum
1433 3185 1494 3238 in
1525 3184 1887 3239 consortium
1928 3183 2108 3253 impe-
2140 3168 2183 3234 (Σ
2224 3189 2419 3244 munis
2449 3168 2642 3245 fuerit,

476 3279 548 3333 rii
579 3297 612 3333 a
642 3283 803 3349 patre
833 3278 1024 3332 adhuc
1052 3275 1279 3329 vivente
1306 3275 1377 3327 ob
1410 3288 1619 3327 causas
1668 3287 1815 3342 quas
1858 3270 1937 3325 ibi
1990 3286 2115 3325 mea

478 3372 688 3434 morat,
722 3380 1011 3420 concensu
1043 3378 1343 3433 procerum
1377 3366 1433 3416 et
1457 3360 1781 3415 excercitus
1805 3361 2117 3429 imperato-

477 3471 596 3510 rem
632 3454 813 3509 fulsse
845 3452 1191 3507 salutatum.

546 3578 620 3631 II.
674 3577 885 3639 Neuter
925 3574 1135 3629 horum
1182 3571 1420 3649 praecise
1475 3587 1692 3639 annum
1727 3567 2013 3640 expressit
2051 3566 2108 3622 in

473 3682 588 3725 aera
616 3664 829 3720 Graecis
869 3662 1117 3739 vulgari,
1173 3678 1288 3737 quo
1338 3676 1496 3714 mors
1541 3658 1784 3721 Joannis
1832 3661 1889 3711 et
1927 3656 2110 3710 Theo-

473 3755 599 3809 dori
637 3753 931 3815 successio
962 3752 1229 3823 contigit.
1262 3750 1475 3805 Verum
1519 3748 1798 3819 Georgius
1856 3751 2108 3816 Acropo-

470 3843 575 3909 lita
599 3860 732 3898 cum
757 3842 922 3897 initio
964 3857 1084 3898 suae
1130 3839 1388 3899 historia:
1431 3836 1918 3907 expugnationem
1965 3833 2110 3888 Con-

466 3932 928 4004 stantinopoleos
963 3949 996 3993 a
1039 3931 1261 3985 Latinis
1302 3927 1638 3999 insignierit
1695 3943 1847 3981 anno
1906 3922 2110 3985 mundi

463 4025 598 4080 6711
634 4028 691 4078 et
711 4028 973 4092 tempora
1009 4021 1146 4076 inde
1180 4020 1495 4092 diligenter
1550 4017 1967 4083 numeraverit,
2025 4014 2109 4069 fa-

470 4112 745 4166 cultatem
790 4110 959 4165 olfert
1008 4114 1164 4175 certo
1210 4105 1600 4176 investigandi
1651 4120 1867 4158 annum
1932 4118 2107 4173 quem

469 4198 811 4273 quaerimus,
845 4199 1005 4252 obitu
1038 4195 1306 4271 Joannis,
1342 4192 1786 4263 inauguratione
1825 4188 2108 4245 Theodori

469 4287 807 4350 notabilem.
840 4285 1053 4339 Scribit
1083 4284 1152 4338 is.
1185 4300 1233 4341 ο.
1262 4283 1295 4335 4
1326 4299 1443 4337 suae
1478 4283 1622 4335 Hist.
1660 4296 1715 4350 p.
1743 4280 1769 4330 4
1799 4278 1917 4333 edit
1969 4282 2106 4349 Reg.

469 4376 530 4437 in
577 4375 732 4430 hunc
791 4373 1078 4429 modum:
1130 4368 1309 4424 Ἑάλω
1366 4369 1512 4442 παρὰ
1563 4364 1769 4420 τούτων
1826 4364 2106 4437 (Λατίνων)

470 4464 506 4531 ἡ
583 4459 1012 4527 Κωνσταντίνου,
1085 4455 1239 4521 ἔτους
1306 4458 1399 4531 μὲν
1467 4451 1621 4517 ὄντος
1690 4453 1795 4507 ἀπὸ
1850 4453 2109 4527 γενέσεως

2295 3313 2388 3369 Ill.
2427 3314 2502 3368 De
2531 3313 2776 3370 Joannis
2808 3330 2977 3384 porro
3010 3315 3176 3379 Duae
3226 3314 3589 3385 principatus
3627 3319 3686 3369 el:
3727 3314 3853 3368 vita

2221 3400 2409 3471 spatio
2458 3401 2543 3455 sic
2600 3402 2777 3457 refert
2824 3402 2977 3457 idem
3038 3402 3524 3474 diligentissimus
3596 3403 3847 3472 scriptor

2220 3489 2570 3559 Acropolita,
2611 3491 2759 3545 Hist.
2812 3507 2870 3560 p.
2930 3492 3046 3546 56:
3109 3484 3524 3561 Καταλαμόἀνει
3566 3490 3628 3543 τὸ
3696 3489 3851 3559 Νόμν

2218 3596 2397 3650 φαιον,
2427 3577 2517 3630 καὶ
2548 3574 2600 3629 ἐν
2636 3576 2729 3647 μὲν
2757 3581 2871 3637 τοῖς
2922 3575 3228 3651 βασιλικοῖς
3261 3578 3359 3631 οὐκ
3406 3576 3645 3645 ἀπῆλθεν
3700 3577 3854 3644 οἰκή-

2219 3684 2403 3735 μασιν,
2460 3661 2513 3721 ἆν
2575 3660 2632 3718 δὲ
2686 3668 2804 3725 τοῖς
2849 3662 3006 3736 ἐγγύς
3066 3685 3170 3719 που
3200 3671 3300 3735 τῆς
3329 3663 3516 3738 χώρας
3553 3664 3851 3737 βασιλείοις

2215 3752 2416 3820 κήποις
2468 3750 2563 3811 τὰς
2619 3751 2973 3823 ἂνακτορικᾶς
3028 3751 3226 3821 σκηνὰς
3293 3750 3626 3826 ἐνιδρύσατο.
3691 3753 3856 3807 Ἐνθα

2215 3839 2305 3897 καὶ
2341 3838 2404 3892 τὸ
2459 3839 2637 3912 χρεὼν
2695 3838 3082 3913 ἆλειτούργησε
3127 3840 3283 3913 τρίτῃ
3314 3838 3610 3896 Καλάνόων
3667 3842 3853 3911 Νοεμ-

2217 3922 2392 4003 ϐρίου,
2440 3927 2700 3997 ἐξήκοντα
2740 3927 2830 3982 καὶ
2874 3925 2993 3993 δύο,
3041 3928 3113 3989 ὠς
3165 3930 3216 3990 οἱ
3263 3929 3329 3982 τὰ
3355 3929 3477 4003 περὶ
3508 3928 3671 3982 αὐτοῦ
3701 3929 3850 4001 ἄχρι·

2216 4010 2463 4090 ὄέστερον
2510 4012 2712 4078 εἰδότες
2761 4012 3017 4091 ἔφασκον,
3046 4013 3138 4085 ἔτη
3191 4016 3415 4090 βιώσας,
3470 4014 3519 4085 ἐξ
3579 4017 3653 4069 ὧν
3706 4014 3853 4089 τριά-

2213 4123 2377 4162 κοντα
2443 4104 2529 4159 καὶ
2602 4102 2727 4177 τρία
2799 4098 3145 4177 βεϐασλευκε.
3208 4107 3325 4159 Hoc
3398 4111 3528 4159 est:
3595 4105 3850 4160 Pervenit

2214 4192 2588 4263 Nymphwam,
2616 4208 2714 4246 nec
2743 4193 2825 4247 ibi
2851 4196 3030 4247 tamen
3064 4195 3123 4247 in
3147 4193 3299 4249 'aedes
3338 4195 3733 4264 imperatorias
3760 4195 3851 4247 di-

2212 4283 2393 4350 vertit,
2424 4279 2516 4334 sed
2546 4279 2606 4337 in
2634 4281 2967 4335 suburbanis
2984 4282 3151 4350 regiis
3170 4280 3365 4341 hortiis
3381 4282 3676 4351 Augustate
3706 4283 3849 4350 ﬁxit.

2216 4366 2316 4443 Ubi
2372 4376 2421 4431 et
2472 4369 2692 4423 naturae
2740 4367 2982 4423 debitum
3036 4369 3290 4438 exsolvit,
3346 4371 3505 4429 tertio
3583 4368 3851 4429 Kalendas

2213 4455 2546 4525 Novembris,
2586 4472 2708 4511 cum
2739 4457 2967 4515 vixisset
2990 4472 3182 4522 annos,
3218 4460 3278 4517 ut
3314 4456 3605 4526 peritiores
3660 4472 3844 4511 rerum

469 4520 680 4622 δέόσμου
738 4550 895 4625 ,ςψιτί
928 4520 1320 4624 ιβίἈπριλίοό
1375 4544 1623 4617 ἄγοντος.
1671 4548 1758 4617 Τῳ
1788 4520 1889 4615 γὰρ
1926 4541 1955 4592 ι’
2003 4537 2107 4625 ἔτει

2226 4547 2337 4619 ejus
2364 4520 2614 4615 tradunt,
2644 4546 2936 4614 sexaginta
2965 4544 3120 4614 duos,
3255 4520 3454 4615 quibus
3482 4550 3595 4600 tres
3648 4554 3705 4599 et
3752 4547 3843 4596 tri-

470 4636 650 4693 Μαΐου
702 4623 858 4697 ὄντος
903 4623 972 4709 τῇ
1023 4634 1181 4690 πόλει
1235 4632 1661 4707 προσώρμησαν·
1712 4627 1764 4691 ἐν
1822 4624 2009 4681 ἕνδεκα
2052 4623 2111 4679 δὲ

477 4730 615 4803 μησὶ
647 4723 842 4799 συνέϐη
900 4724 1141 4801 γενέσθαι
1194 4725 1294 4791 τήν
1354 4722 1638 4794 πόρθησιν.
1684 4720 1855 4790 Capta
1906 4720 1972 4773 ab
2034 4720 2109 4781 iis

468 4819 737 4887 (Latinis)
770 4815 1269 4888 Constantinoliotis
1298 4822 1372 4868 est
1420 4827 1564 4866 anno
1607 4809 1674 4864 ab
1722 4808 1847 4871 orbe
1892 4806 2141 4862 condita

470 4908 633 4975 67H,
682 4906 771 4961 die
824 4906 889 4959 12
936 4904 1142 4974 Aprilis
1182 4903 1335 4963 Anno
1373 4901 1570 4970 quippe
1616 4897 1680 4951 10
1744 4912 1926 4950 mense
1974 4893 2111 4957 Maio

470 4995 828 5051 admoverunt
859 5008 916 5048 se
952 4991 1186 5057 civitati,
1217 4989 1466 5043 undecim
1494 5001 1616 5043 vero
1661 4993 1784 5054 post
1830 4982 2112 5038 mensibus

466 5085 835 5159 direptionem
864 5082 1012 5155 fierit
1040 5078 1285 5150 contigit.
1316 5076 1466 5133 Anni
1499 5090 1621 5129 serae
1652 5072 2004 5140 Graecorum,
2047 5076 2113 5139 ut

469 5175 622 5229 inter
652 5172 799 5228 695
838 5170 1054 5242 peritos
1086 5166 1377 5233 convenit,
1412 5164 1773 5220 reducuntur
1805 5159 1874 5215 ad
1928 5178 2114 5217 annos

474 5278 598 5315 aera:
624 5259 839 5316 Christi
867 5255 1127 5329 vulgaris
1156 5251 1557 5317 subtractione
1589 5264 1878 5303 annorum
1923 5247 2063 5302 5508
2092 5265 2109 5327 ,ε

471 5354 559 5404 tot
587 5348 744 5403 enim
778 5344 1147 5417 praecessisse
1178 5341 1383 5397 mundi
1415 5353 1603 5397 annos
1634 5333 1892 5407 expletos
1933 5334 2115 5390 Graeci

474 5440 683 5509 putant
716 5440 848 5489 ante
880 5432 1168 5488 Kalendas
1212 5427 1527 5485 Januarias
1572 5423 1833 5495 proxime
1886 5427 2117 5478 secutas

469 5526 688 5582 Christi
738 5521 969 5578 Domini
1009 5518 1263 5575 natalem
1316 5516 1492 5569 diem.
1540 5516 1619 5566 Ex
1666 5512 1773 5566 hac
1845 5510 2117 5566 methodo

468 5613 783 5669 conﬁcitur
812 5611 1205 5681 expugnatam
1230 5622 1264 5661 a
1294 5602 1524 5661 Latinis
1554 5598 2117 5670 Constantinopolim

2214 4634 2376 4702 ginta
2406 4631 2463 4685 in
2504 4633 2733 4707 imperio
2766 4634 3048 4702 transegit.
3083 4632 3175 4687 Sic
3218 4632 3319 4687 ibi.
3362 4634 3676 4687 Addantur
3717 4647 3831 4699 ergo

2219 4735 2370 4781 anno
2396 4718 2611 4779 Christi
2648 4719 2800 4786 1223;
2832 4718 2930 4774 illo
2954 4720 3080 4790 ipso
3120 4724 3505 4783 annumerato
3554 4721 3625 4773 33
3672 4720 3823 4786 impa-

2218 4807 2289 4862 rii
2319 4806 2564 4869 Joannis
2598 4806 2944 4861 :conﬁcitur
2975 4824 3166 4863 annus
3196 4808 3410 4864 Christi
3462 4808 3623 4875 1255,
3687 4805 3837 4875 cujus

2220 4893 2332 4948 sub
2364 4894 2539 4965 ﬁnem
2571 4893 2837 4948 Octobris
2896 4894 3051 4953 idem
3106 4895 3363 4951 Joannes
3421 4896 3576 4951 diem
3620 4893 3845 4949 abierit.

2220 4987 2300 5037 De
2339 4982 2712 5037 successione
2741 4998 2912 5053 porro
2962 4983 3249 5038 Theodori
3297 4988 3561 5045 materno
3620 4982 3853 5038 nomine

2221 5067 2362 5124 dicti
2393 5068 2658 5123 Lascaris
2688 5068 2745 5122 in
2781 5070 2963 5140 patris
2983 5069 3228 5126 Joannis
3262 5076 3427 5127 Duces
3462 5072 3707 5125 Batatzze
3746 5069 3855 5121 im-

2224 5156 2472 5228 perium,
2507 5172 2575 5211 ex
2603 5155 2858 5229 Gregora
2889 5158 3155 5231 itemque
3189 5157 3519 5230 Acropolita
3548 5159 3701 5212 696
3750 5156 3853 5210 ha-

2229 5244 2456 5310 bemus,
2490 5243 2876 5299 acclamatum
2909 5262 3042 5303 eum
3075 5247 3309 5318 quidem
3357 5264 3389 5301 a
3431 5244 3769 5318 proceribus
3800 5247 3857 5297 et

2224 5332 2481 5387 exercitu
2512 5333 2921 5403 imperatorem
2956 5335 3155 5397 statim
3186 5340 3321 5407 post
3365 5336 3548 5406 patris
3602 5334 3852 5398 obitum,

2225 5421 2637 5491 inauguratum
2660 5425 2853 5477 tamen
2887 5423 2944 5476 in
2972 5423 3213 5478 ecclesia
3243 5423 3486 5478 solemni
3519 5422 3629 5476 ritu
3666 5421 3857 5475 serius

2227 5510 2428 5578 fuisse,
2474 5513 2782 5581 propterea
2826 5511 2975 5587 quod
3022 5512 3350 5581 patriarcha
3418 5511 3517 5582 qui
3579 5526 3857 5565 caeremo-

2227 5598 2387 5653 niam
2420 5602 2723 5669 perageret
2755 5597 2956 5659 nullus
2985 5604 3113 5656 tum
3143 5604 3288 5660 erat.
3310 5600 3559 5664 Etenim,
3588 5602 3657 5653 ut
3680 5600 3860 5661 Acro-
