4122 6272
272 353 409 411 1157

1658 344 2277 402 CHRONOLOGICUS.

3519 344 3655 399 1158

268 478 449 551 polita
478 474 701 539 scribit,
734 490 790 544 p.
831 474 936 528 57:
982 470 1251 547 Πὲφοακεν
1317 469 1344 522 ὁ
1402 468 1747 543 πατριάρχης
1787 467 1954 532 Μαι-λ

2064 484 2090 521 o
2122 466 2247 538 ipso
2280 466 2429 534 quod
2465 464 2979 537 przesignificatam
3004 466 3103 520 illa
3142 466 3342 538 eclipsi
3374 469 3659 525 Theodori

275 563 452 633 νουήλ
515 561 709 635 μικρόν
767 582 817 614 τι
872 564 966 613 τοῦ
1024 556 1571 634 βασιλέωςἽωάννου
1618 571 1916 628 προτεΛευ-

274 662 458 724 τῆσκι·
511 652 735 710 Manuet
775 649 1093 721 patriarcha
1148 647 1319 719 paulo
1368 656 1492 701 ante
1535 646 1760 703 Joannis
1810 646 1921 699 Au-

288 744 439 812 gusti
466 750 694 796 mortem
726 739 1044 793 decesserat.
1079 742 1460 791 Accesserunt
1490 731 1921 789 deliberationis

284 831 343 883 in
379 826 688 899 quaerendo
719 825 897 895 digno
950 838 1144 889 morae,
1175 826 1233 877 et
1281 828 1412 893 post
1458 821 1918 892 designationem

283 915 588 987 Nicephori
644 913 978 967 Blemmidaa
1023 911 1202 980 hujus
1253 910 1560 976 recusatio,
1613 906 1721 963 sub
1774 907 1921 960 hanc

288 1003 641 1059 consultatio
673 1017 857 1057 nOVa!
892 1004 948 1054 et
980 1002 1111 1071 post
1142 998 1357 1052 multos
1388 996 1686 1067 sigillatim
1718 1011 1922 1065 expen-

286 1110 407 1157 sos,
452 1092 549 1162 qui
599 1089 778 1144 variis
822 1090 885 1143 de
954 1087 1148 1142 causis
1214 1102 1328 1140 non
1397 1084 1739 1155 placuerunt
1780 1098 1922 1135 novo

286 1178 557 1251 principi,
589 1178 792 1232 electio
852 1174 1117 1231 monachi
1152 1173 1381 1228 Arsenii
1439 1171 1810 1241 evocatioque
1855 1182 1921 1224 ex

286 1266 639 1323 monasterio
664 1265 771 1319 silo
796 1265 865 1319 ad
902 1261 1300 1333 Apolloniadis
1339 1261 1551 1324 laeum,
1575 1260 1708 1314 inde
1749 1259 1925 1325 huius

289 1370 585 1411 sacrorum
617 1353 885 1407 ordinum
918 1351 1170 1420 expertis
1232 1348 1484 1404 initiatio
1518 1365 1619 1419 per
1650 1348 1863 1417 gradus
1896 1362 1927 1399 a

287 1445 591 1498 diaconatu
625 1442 697 1495 ad
747 1439 1203 1510 patriarchatum
1257 1453 1372 1490 una
1422 1436 1783 1491 hebdomade
1823 1435 1927 1488 de-

292 1534 618 1603 properata.
645 1532 773 1582 Haec
824 1526 991 1581 facile
1020 1530 1204 1579 totum
1253 1525 1633 1579 Novambrem
1668 1528 1927 1593 partem-

294 1636 408 1689 que
434 1617 761 1674 decembris
785 1614 1198 1683 tenuerunt,ita
1226 1619 1290 1668 ut
1330 1613 1625 1668 coronatio
1648 1609 1927 1666 solemnis

296 1708 427 1761 novi
480 1706 727 1776 Augusti
776 1720 878 1775 per
934 1719 1144 1757 novum
1206 1701 1597 1772 patriarcham
1650 1699 1759 1753 rite
1799 1714 1926 1769 per-

2025 558 2268 609 mortem
2320 554 2568 621 asserit;
2602 557 2668 608 ad
2721 556 2874 625 quod
2931 571 3165 610 necesse
3223 558 3332 612 fuit
3362 558 3657 629 ecclipsim

2027 648 2209 699 morte
2242 643 2419 698 fuisse
2471 643 2745 712 priorem.
2806 644 3047 699 Errandi
3098 645 3464 701 occasionem
3521 648 3658 703 viris

2026 731 2185 786 hisce
2219 732 2446 803 magnis
2471 735 2849 804 Pachymeres
2884 735 3132 804 praebuit
3182 736 3571 805 perfunctorie
3594 753 3656 790 ac

2028 819 2296 890 perplexe
2352 820 2671 891 deliquium
2723 822 2879 876 istud
2941 822 3081 877 solis
3132 840 3485 889 memorans,
3533 825 3659 879 sine

2030 913 2187 961 certa
2218 908 2377 974 anni,
2414 910 2655 979 mensis,
2690 910 2826 976 dici,
2860 914 2925 963 ut
2958 912 3013 963 in
3046 910 3140 965 his
3167 910 3401 977 assolet,
3442 912 3661 967 indica-

2029 995 2207 1058 tione,
2254 996 2390 1064 quin
2440 996 2617 1051 etiam
2670 996 2858 1051 alieno
2904 998 2958 1051 id
3005 998 3127 1052 loco
3164 1000 3439 1069 referens,
3481 1006 3535 1054 et
3566 1000 3660 1070 ju-

2031 1087 2180 1137 stam
2206 1082 2486 1152 objiciens
2518 1082 2725 1150 legenti
2754 1102 2986 1139 causam
3031 1086 3309 1157 opinandi
3344 1087 3484 1140 illud
3520 1104 3663 1158 pau-

2032 1171 2114 1224 cis
2141 1171 2345 1225 diebus
2377 1176 2689 1242 antequam
2723 1174 3061 1227 Theodorus
3096 1180 3420 1228 moreretur
3450 1176 3662 1242 visum,

2033 1273 2163 1313 cum
2196 1257 2432 1313 aliunde
2463 1266 2827 1330 compertum
2860 1261 2933 1315 sit
2965 1260 3189 1315 nullam
3236 1266 3355 1316 toto
3384 1262 3481 1318 illo
3512 1279 3664 1317 anno

2032 1347 2190 1409 1259,
2219 1363 2329 1415 quo
2360 1352 2514 1401 certo
2556 1352 2783 1402 constat
2830 1348 3042 1403 obiisse
3096 1351 3488 1419 Theodorum,
3523 1349 3666 1405 solis

2030 1432 2294 1504 eclipsim
2326 1434 2528 1489 Nicaea:
2560 1435 2825 1491 autlocis
2860 1437 3127 1492 ﬁnitimis
3174 1439 3351 1493 videri
3386 1438 3665 1511 potuisse.

2034 1523 2219 1585 Quare
2253 1539 2364 1577 non
2394 1524 2687 1579 immerito
2737 1526 2946 1580 Setbus
2993 1525 3277 1582 Calvisius
3316 1528 3374 1581 in
3406 1528 3667 1582 Chrono-

2034 1609 2188 1682 logia
2217 1610 2508 1665 \Volﬁana
2556 1628 2709 1667 anno
2735 1610 2945 1667 Christi
2999 1615 3135 1668 1255
3166 1615 3538 1686 Pachymeris
3570 1632 3669 1670 ex-

2034 1704 2231 1768 cerpta
2263 1699 2387 1753 falsi
2421 1699 2633 1771 arguit,
2667 1717 2792 1771 quae
2832 1700 3205 1772 reprehensio
3236 1704 3368 1771 etsi,
3403 1709 3466 1758 ut
3498 1705 3668 1759 modo

296 1795 510 1866 petrari
555 1794 645 1847 vix
693 1791 948 1863 potuerit
994 1795 1127 1844 ante
1170 1790 1317 1843 festa
1364 1787 1657 1850 Natalitia,
1708 1792 1765 1886 et
1802 1802 1927 1885 cre-
1961 1817 2010 1883 Β
2038 1786 2261 1886 fatebar
2289 1786 2483 1886 ipsum
2516 1789 2890 1858 amplectitur
2918 1790 3354 1859 Pachymerem,
3383 1800 3572 1847 tamen
3600 1809 3672 1848 ne

297 1882 474 1937 dibile
500 1885 590 1936 est
618 1880 747 1952 ipso
797 1878 1012 1935 Christi
1055 1877 1262 1943 Natali,
1315 1893 1429 1946 quo
1459 1876 1551 1930 die
1581 1874 1932 1946 auspicatior

299 1969 541 2042 reperiri
573 1969 725 2024 alius
756 1966 1048 2038 nequiret,
1079 1980 1296 2020 sacram
1330 1965 1499 2018 istam
1532 1963 1932 2020 caaremoniam

302 2063 620 2131 peractam.

372 2181 459 2237 IV.
496 2180 596 2235 His
643 2179 721 2237 ita
770 2178 994 2255 positis,
1036 2194 1162 2248 quae
1213 2175 1425 2246 partim
1477 2175 1800 2232 certissima
1850 2174 1939 2229 di-

313 2276 470 2327 serta
524 2268 935 2324 testiﬁcatione
992 2265 1333 2337 AcrOpolitm
1407 2269 1545 2319 tunc
1595 2264 1838 2327 viventis
1885 2267 1942 2319 et

310 2356 613 2430 praesentis
667 2372 731 2413 ac
786 2358 1048 2424 Gregoraa
1105 2352 1569 2429 compertissima
1616 2368 1682 2406 ex
1722 2351 1939 2406 recenti

316 2445 597 2501 memoria
626 2440 960 2513 scribentis,
997 2441 1230 2510 partim,
1283 2440 1437 2512 quod
1489 2440 1695 2495 attinet
1729 2441 1793 2493 ad
1830 2441 1941 2495 cir-

308 2531 718 2593 cumstantiam
777 2530 890 2585 diei
957 2527 1172 2587 Christi
1234 2527 1447 2584 Natalis
1521 2529 1589 2581 ad
1661 2528 1942 2584 Theodori

310 2623 744 2679 coronationem
812 2620 1002 2685 electi,
1033 2619 1092 2675 in
1169 2616 1402 2673 silentio
1463 2619 1815 2691 scriptorum
1874 2634 1941 2675 ex

313 2712 461 2767 serie
512 2709 763 2765 naturali
818 2725 1011 2764 rerum
1069 2706 1494 2762 verisimillima
1560 2711 1718 2781 sunt,
1779 2708 1947 2763 oii‘ert

317 2798 486 2851 nobis
526 2797 764 2866 quidam
815 2796 1028 2867 alioqui
1073 2794 1487 2866 perintricatus
1545 2798 1601 2848 et
1658 2792 1946 2855 obscurus

322 2882 688 2955 Pachymeris
714 2883 897 2937 nostri
936 2879 1097 2937 locus
1130 2881 1490 2937 occasionem
1516 2879 1755 2936 minime
1787 2897 1946 2953 sper-

319 2972 573 3028 nendam
623 2969 973 3042 insigniendi
1013 2969 1309 3026 luculento
1360 2967 1576 3024 caelesti
1616 2969 1949 3024 charactere

323 3061 571 3123 frontem
604 3058 751 3113 hanc
785 3060 971 3130 ipsam
1019 3064 1075 3113 et
1106 3058 1273 3128 quasi
1331 3056 1634 3127 capitalem
1669 3057 1945 3129 epocham

2044 1874 2245 1943 injusti
2280 1876 2490 1941 simus,
2524 1880 2745 1947 partem
2793 1879 2920 1949 ejus
2952 1878 3063 1948 ipsi
3114 1896 3343 1951 quoque
3377 1898 3542 1935 suam
3574 1883 3670 1937 de-

2043 1963 2248 2018 bemus
2284 1964 2486 2021 Woltio
2539 1983 2865 2038 aspergere,
2917 1969 3015 2042 qui
3045 1970 3144 2025 sub
3172 1970 3375 2025 obitum
3401 1972 3675 2028 Theodori

2044 2052 2322 2108 defecisse
2371 2053 2550 2109 solem
2583 2056 2653 2110 de
2686 2073 2789 2109 suo
2822 2058 3054 2127 adjecit,
3090 2075 3221 2112 eum
3259 2060 3315 2113 id
3357 2060 3676 2132 Pachyme-

2046 2155 2137 2194 res
2171 2158 2283 2196 non
2325 2142 2646 2213 scripserit.
2681 2144 2823 2198 Nam
2858 2145 3011 2215 quod
3051 2163 3119 2200 ex
3150 2148 3452 2202 occasione
3482 2148 3675 2204 obitus

2046 2228 2331 2284 Theodori
2380 2231 2714 2285 meminerit
2759 2233 3090 2289 istiusmodi
3135 2234 3392 2308 eclipsis,
3436 2237 3676 2307 quinon

2045 2318 2201 2371 videt
2249 2334 2424 2390 quam
2475 2319 2776 2374 inﬁrmum
2829 2331 3237 2393 argumentum
3279 2327 3355 2378 sit
3401 2324 3679 2396 opinandi

2049 2421 2173 2461 eam
2207 2410 2344 2465 tunc
2374 2406 2555 2462 visam
2577 2407 2604 2462 ?

2120 2530 2187 2585 V.
2215 2532 2331 2601 Ego
2364 2547 2493 2586 vero
2524 2532 2659 2591 dum
2688 2539 2955 2589 caeterum
2988 2534 3239 2595 indolem
3281 2536 3548 2608 lucifugae
3578 2555 3678 2593 cu-

2046 2619 2306 2689 jusdam,
2360 2619 2707 2689 ambagiosa
2757 2638 2821 2676 ac
2882 2618 3576 2698 σκοτοδασυπυκνότριχος,
3619 2633 3683 2681 ut

2051 2707 2313 2769 Gallieno
2345 2712 2401 2771 et.
2434 2708 2849 2779 AristOphaneo
2877 2711 3068 2769 verbis
3102 2718 3247 2769 utar.
3283 2714 3683 2785 Pacbymeria-

2054 2812 2140 2851 naa
2170 2795 2442 2859 dictionis
2476 2798 2686 2868 cogito,
2723 2800 2981 2870 dumque
3034 2807 3310 2872 prieterea
3341 2808 3533 2858 mente
3559 2820 3686 2859 am-

2057 2883 2258 2955 plexus
2289 2884 2465 2947 simul
2498 2891 2706 2943 cuncta
2736 2903 2866 2958 quae
2891 2888 2984 2945 hic
3024 2890 3355 2947 referuntur
3384 2891 3686 2961 eigillatim

2055 2987 2307 3042 expensa
2334 2970 2567 3043 colligo,
2617 2974 2761 3029 mihi
2807 2975 3006 3031 videor
3051 2978 3504 3035 animadvertere
3536 2978 3688 3033 indi-

2058 3058 2162 3121 ciis
2191 3058 2347 3121 haud
2372 3060 2533 3123 vanis
2580 3061 2836 3118 voluisse
2880 3068 3147 3120 nostrum
3204 3066 3535 3121 historicum
3572 3066 3689 3121 sal-

316 3150 494 3217 hujus
529 3163 704 3219 quam
745 3147 975 3201 edimus
1006 3146 1268 3202 historia.
1304 3145 1471 3209 Ponit
1500 3150 1703 3199 auctor
1732 3150 1946 3215 noster,
1979 3163 2022 3230 C
2060 3150 2178 3202 tem
2210 3148 2455 3209 obscure
2503 3148 2766 3218 innuero,
2799 3151 2847 3206 si
2909 3152 3105 3209 minus
3158 3152 3306 3208 clare
3356 3155 3688 3225 praedicare,

314 3236 355 3293 l.
387 3252 425 3302 ι,
459 3250 508 3289 c.
542 3235 628 3303 13,
659 3233 779 3289 haec
810 3233 936 3304 ipsa
962 3233 1132 3305 plane
1153 3234 1327 3289 verba
1356 3235 1428 3289 de
1471 3234 1725 3305 quodam
1751 3233 1949 3304 eclipsi

319 3324 464 3379 solis
511 3340 639 3393 quas
688 3323 973 3376 Theodori
1017 3326 1428 3392 praematurum
1474 3322 1696 3376 obitum
1743 3337 1960 3393 praesa-

327 3411 534 3482 gierit:
568 3409 634 3465 Ὃ
693 3405 759 3476 δὴ
817 3408 903 3462 καὶ
964 3408 1307 3481 προεσήμανὲ
1356 3426 1408 3462 τι
1467 3413 1738 3480 σημεῖον’
1796 3406 1958 3475 ἥλιος

326 3499 428 3571 γὰρ
486 3496 794 3551 ἐκλελοίπει
851 3494 932 3573 ἐφ’
982 3496 1122 3570 ὥραν
1177 3497 1365 3571 τρίτην
1396 3502 1495 3565 τῆς
1544 3493 1705 3569 ἕκτης
1732 3495 1960 3570 ἡμέρας,

332 3582 420 3639 καί
468 3585 597 3657 βαθὺ
630 3584 817 3645 σκότος
845 3584 907 3638 τὸ
933 3589 1035 3638 πᾶν
1082 3583 1424 3661 κατειλήφει,
1485 3583 1622 3638 ὥστε
1676 3586 1763 3638 καὶ
1798 3581 1965 3660 ἄστρα

335 3678 561 3749 φανῆναι
613 3674 730 3727 κατ’
785 3671 1032 3745 οὔρανόν.
1086 3671 1190 3727 Καὶ
1251 3670 1317 3741 δὴ
1375 3672 1666 3743 ἀρπάζεται
1721 3672 1812 3726 καὶ
1863 3672 1967 3745 πρὸ

334 3761 479 3833 ὥρας
538 3760 671 3833 ἀνὴρ
735 3760 1032 3836 βασιλικῶς
1094 3760 1185 3832 μὲν
1240 3758 1330 3814 καὶ
1387 3758 1662 3834 γεννηθεὶς
1708 3761 1793 3814 καὶ
1839 3779 1969 3831 τρα-

336 3848 476 3925 φείς,
510 3856 619 3904 etc.
654 3849 783 3905 Haec
816 3851 884 3904 ad
918 3851 1154 3905 verbum
1198 3848 1715 3920 scrupulosissima
1745 3850 1859 3903 ﬁde
1890 3850 1971 3904 sic

339 3938 541 3993 Latine
590 3944 839 3993 sonant:
888 3936 972 4009 (Ρ.
1032 3938 1156 4009 491)
1214 3938 1363 4005 Quod
1418 3946 1468 3991 et
1523 3937 1973 4007 praesigniﬁcavit

2064 3233 2388 3305 deliquium
2424 3238 2633 3307 solare,
2668 3239 2821 3309 quod
2854 3239 2963 3297 hoc
3016 3240 3140 3297 loco
3181 3246 3486 3308 memorat,
3520 3241 3692 3314 longe

2067 3329 2200 3377 ante
2227 3324 2335 3377 hoc
2392 3330 2645 3395 tempus,
2679 3327 2735 3380 in
2771 3344 2886 3399 quo
2928 3330 3217 3389 narrando
3266 3335 3549 3399 versatur,
3593 3346 3697 3402 pa-

2066 3416 2286 3466 tratum
2318 3416 2373 3467 et
2402 3418 2724 3484 spectatum
2759 3417 2959 3473 fuisse.
2992 3421 3419 3490 Argumentum
3451 3420 3535 3475 sic
3564 3434 3700 3473 sen-

2068 3498 2247 3552 tiendi
2275 3498 2524 3569 primum
2545 3517 2714 3557 sumo
2735 3519 2800 3558 ex
2825 3504 3397 3575 plusquamperfecto
3444 3510 3706 3576 tempore

2071 3586 2221 3659 quod
2253 3585 2311 3639 in
2341 3588 2513 3647 verbo
2546 3587 2635 3643 his
2656 3590 3039 3659 aﬂ'ectat,non
3087 3593 3350 3649 scribens
3390 3590 3708 3647 ἐκλέλοιπεν

2073 3669 2255 3745 ἥλιοςς
2284 3674 2383 3731 sed
2408 3669 2736 3744 ἐκλελοίπει,
2770 3682 2826 3732 et
2854 3680 3053 3735 statim
3088 3686 3239 3750 post,
3290 3678 3480 3740 σκότος
3509 3679 3570 3735 τὸ
3601 3682 3704 3732 πᾶν

2074 3759 2391 3838 κατείληφε,
2434 3764 2534 3817 sed
2572 3762 2914 3839 κατειλήφει.
2964 3769 3267 3837 Defecerat,
3330 3768 3545 3839 inquit,
3605 3768 3705 3836 sol,

2079 3866 2193 3903 non
2217 3856 2416 3904 autum
2450 3862 2579 3906 tunc
2609 3852 2842 3922 defecit;
2876 3862 2929 3907 et
2958 3856 3207 3909 tenebrae
3240 3857 3512 3910 universa
3548 3855 3710 3910 obdu-

2077 3946 2297 4007 xerant,
2348 3938 2530 3994 multo
2580 3939 2801 3994 scilicet
2848 3941 3030 4011 prius,
3074 3959 3186 3997 non
3216 3936 3408 3997 autem
3454 3951 3581 3997 tunc
3619 3944 3712 3997 0b-

339 4031 559 4097 signum
608 4027 894 4097 quoddam.
947 4026 1036 4081 Sol
1102 4025 1252 4082 enim
1327 4025 1600 4095 defecerat
1656 4024 1725 4079 ad
1782 4024 1976 4080 horam
2081 4027 2374 4080 duxerunt.
2408 4027 2568 4090 Quod
2594 4028 2640 4082 si
2675 4028 2808 4099 quis
2836 4033 3054 4099 quaerat
3076 4030 3277 4099 quanti
3310 4030 3589 4099 temporis
3620 4029 3716 4093 in-

338 4115 564 4170 tertiam
605 4118 761 4170 sexta
808 4115 947 4182 diei,
1007 4123 1058 4168 et
1108 4113 1292 4169 densae
1341 4114 1573 4177 tenebrae
1611 4122 1803 4167 cuncta
1831 4129 1974 4168 com-

340 4203 763 4273 prehenderent,
794 4202 925 4257 adeo
954 4210 1012 4257 ut
1054 4206 1383 4273 apparerent
1428 4201 1605 4257 sleltw
1627 4217 1724 4271 per
1759 4202 1975 4257 aetum.

341 4292 529 4363 Itaque
551 4290 885 4363 praeripimr
922 4293 1122 4345 acerba
1166 4299 1336 4345 morte
1371 4291 1459 4344 vir
1502 4292 1653 4359 regie
1682 4288 1901 4360 quidem
1931 4292 1981 4344 et

349 4383 511 4434 natus
538 4384 589 4435 et
635 4381 1028 4447 educatus,etc.
1078 4380 1208 4434 Haec
1255 4379 1312 4434 in
1360 4382 1595 4450 exerpta
1620 4394 1723 4433 sua
1762 4375 1981 4450 Pachy-

2084 4113 2393 4169 tervallum
2427 4114 2546 4170 haec
2577 4116 2750 4170 verbo
2791 4116 3049 4173 indicata
3097 4117 3405 4189 prazcessio
3438 4117 3713 4189 postulet,

2087 4207 2317 4273 reputet
2342 4220 2607 4273 quaenam
2627 4209 2829 4259 eventa
2847 4206 3197 4275 praesignata
3229 4206 3409 4259 fuisse
3440 4205 3550 4259 isto
3583 4222 3717 4277 por-

2086 4294 2247 4345 tento
2271 4294 2472 4347 auctor
2518 4298 2769 4347 censeat.
2806 4294 2955 4363 Satis
3008 4295 3133 4349 fuse
3182 4311 3247 4349 ac
3279 4294 3550 4349 distincte
3580 4280 3719 4365 pier-

2092 4384 2327 4433 secutus
2361 4379 2512 4434 mala
2544 4396 2668 4459 quae
2718 4381 2998 4436 Theodori
3052 4382 3444 4453 principatum
3476 4381 3721 4435 infesta-

351 4468 615 4523 meriana
645 4480 965 4540 conger-ens
990 4467 1238 4523 Wolﬁus
1270 4467 1354 4523 sic
1394 4468 1597 4523 eﬂ‘ert:
1631 4466 1738 4521 Sub
1777 4467 1986 4531 obitum
2018 4514 2060 4541 η
2093 4475 2227 4521 runt
2258 4468 2522 4523 morbum
2558 4484 2736 4541 prope
2766 4470 3134 4537 continuum,
3176 4469 3538 4540 suspiciones
3564 4485 3725 4524 acres

349 4556 610 4610 Theodori
635 4557 887 4612 Lascarz's
915 4558 1066 4611 sexto
1104 4556 1196 4610 die
1224 4556 1304 4611 sol
1333 4571 1430 4625 per
1449 4555 1635 4610 horam
1665 4556 1987 4609 obscuratus

347 4647 445 4712 est,
479 4646 818 4717 tenebraeque
846 4652 1180 4714 aperuerunt
1211 4644 1418 4707 omnia,
1459 4642 1589 4697 adeo
1618 4651 1679 4696 ut
1708 4640 1891 4697 stellas
1918 4643 1976 4696 in

344 4732 475 4785 caelo
505 4736 833 4803 apparerent
872 4732 1155 4789 Henricus
1184 4732 1534 4804 Spondanus
1574 4729 1635 4786 in
1687 4731 1984 4785 continua-

346 4822 506 4876 tione
535 4822 844 4876 Annalium
892 4821 1121 4877 Baronii
1153 4821 1221 4875 ad
1280 4837 1416 4875 ann.
1472 4819 1626 4885 1259,
1683 4834 1842 4874 num.
1894 4818 1983 4885 15,

350 4909 555 4963 scribit
582 4910 691 4965 sub
718 4910 943 4965 obitum
976 4908 1266 4965 Theodori
1305 4907 1570 4963 Lascaris
1613 4906 1876 4961 Junioris
1906 4922 1988 4961 so-

352 4998 457 5052 lem
486 5015 585 5069 per
623 5000 817 5054 horam
860 5001 1207 5055 obscuratum
1260 5014 1394 5066 esse,
1440 4998 1524 5051 ita
1578 5000 1638 5051 ut
1665 4997 1842 5053 stetlaz
1878 5013 1986 5067 ap-

349 5096 632 5157 parerent.
664 5089 926 5159 Sumpsit
953 5088 1011 5143 id
1045 5086 1322 5143 nimirum
1362 5101 1430 5140 ex
1459 5084 1676 5140 Wilfio.
1708 5084 1988 5140 Odoricus

356 5174 672 5233 Rainaldus
716 5193 876 5231 num.
918 5176 988 5232 54
1034 5193 1170 5231 ann.
1220 5173 1375 5243 1259,
1427 5177 1671 5228 mortem
1703 5173 1989 5229 Theodori

359 5262 635 5331 referens,
684 5265 947 5334 ejusdem
997 5262 1263 5319 meminit
1304 5259 1560 5331 eclipsis,
1620 5276 1797 5330 quam
1830 5264 1990 5317 sexto

358 5352 432 5404 ab
482 5352 608 5420 ejus
654 5353 813 5406 obitu
865 5352 957 5406 die
1007 5351 1327 5421 contigisse
1371 5348 1518 5402 697
1565 5347 1667 5413 ait,
1699 5353 1992 5404 auctorem

357 5436 603 5492 laudans
636 5438 1067 5509 Pacbymerem.
1103 5440 1170 5492 At
1199 5436 1313 5506 hic,
1364 5434 1499 5489 licet
1529 5433 1642 5489 dici
1670 5441 1835 5488 sesta':
1871 5452 1992 5490 me-

357 5525 615 5594 minerit,
663 5527 819 5581 haud
866 5531 1060 5581 tamen
1092 5542 1219 5581 eam
1271 5523 1696 5579 numerandum
1746 5522 1892 5577 dixit
1922 5525 1993 5580 ab

358 5612 521 5669 obitu
570 5614 878 5685 Theodori,
928 5615 1027 5670 sed
1062 5614 1258 5686 potius
1300 5609 1580 5669 indicavit
1608 5612 1991 5686 contrarium,

2017 4514 2061 4577 D

2096 4562 2152 4610 et
2182 4556 2448 4623 miseras,
2482 4557 2841 4612 eversionem
2876 4557 3203 4629 principum
3250 4558 3320 4611 ab
3351 4557 3502 4630 ipso,
3532 4556 3726 4611 brevi-

2096 4647 2272 4698 tatem
2297 4644 2465 4714 spatii
2496 4644 2795 4699 educendo
2828 4645 2886 4709 in
2911 4646 3207 4701 robustam
3242 4650 3471 4701 aetatem
3512 4644 3728 4699 haeredi

2093 4728 2287 4785 locum
2320 4737 2653 4801 negantem,
2681 4738 2886 4805 praeter
2915 4738 3154 4788 caeteros
3186 4733 3579 4788 tumultuosos
3603 4749 3729 4787 mo-

2095 4824 2191 4874 tus
2219 4818 2599 4877 rebellionem
2657 4827 2713 4875 et
2770 4820 3058 4877 bellorum
3107 4826 3226 4876 toto
3258 4820 3353 4876 illo
3415 4838 3517 4875 nec
3560 4819 3728 4893 pleno

2096 4907 2479 4975 quadriennio
2526 4924 2755 4979 semper
2812 4910 3074 4980 undique
3105 4910 3510 4980 coorientium,
3541 4914 3731 4963 totum

2096 4994 2156 5049 id
2188 4994 2639 5050 infortuniorum
2664 5000 2886 5051 textum
2907 4997 3143 5052 relativo
3174 4995 3203 5049 ὅ
3232 4997 3734 5069 indignitavitPa-

2098 5082 2422 5154 chymeres,
2444 5084 2584 5138 dum
2617 5084 2821 5143 scribit
2849 5082 2877 5136 ’ὀ
2902 5080 2967 5149 δὴ
2999 5082 3091 5136 καὶ
3120 5085 3490 5158 προεσήμανε,
3516 5083 3659 5154 quod
3688 5090 3743 5138 et

2097 5172 2572 5243 praesigniﬁcavit.
2594 5174 2735 5237 Cum
2760 5188 2893 5227 vero
2924 5172 3003 5227 sit
3025 5173 3403 5228 manifestum
3437 5171 3740 5242 praesigni-

2101 5258 2433 5314 ﬁcationem
2459 5260 2784 5315 necessario
2806 5260 3157 5315 anteriorem
3188 5276 3317 5315 esse
3347 5276 3407 5315 re
3438 5258 3742 5331 praesigni-

2105 5348 2296 5415 flcata,
2332 5346 2464 5417 quis
2491 5364 2606 5402 non
2630 5348 2907 5420 intelligit
2938 5349 3267 5419 oportuisse
3316 5348 3551 5419 signum
3582 5347 3739 5401 istud

2104 5436 2257 5490 circa
2288 5435 2415 5505 ipsa
2446 5434 2651 5506 imperi
2683 5437 2969 5491 Theodori
3003 5437 3151 5491 698
3186 5436 3471 5507 principia
3501 5450 3746 5503 conspe-

2105 5528 2262 5579 ctum
2286 5522 2313 5577 ?
2336 5523 2482 5588 Quid
2519 5523 2616 5578 illa
2645 5530 2817 5580 sextae
2850 5524 2963 5579 dici
2998 5526 3214 5579 mentio
3237 5524 3263 5578 ‘2
3295 5524 3495 5579 Nonne
3517 5522 3746 5578 eviden-

2108 5615 2197 5667 ter
2224 5611 2402 5683 exigit
2421 5611 2710 5684 insignem
2740 5613 2998 5683 aliquam
3050 5613 3206 5669 unde
3236 5615 3578 5669 numeretur
3606 5628 3744 5685 epo-
