4122 6272
481 323 615 377 1159

1504 327 1565 377 Ρ.
1608 325 1878 380 POSSINI
1914 325 2523 385 OBSERVATIONUM
2559 333 2690 386 LIB.
2733 336 2829 386 IlI.

3717 334 3849 387 1160

479 448 645 502 cham
670 447 696 501 ?
720 447 797 500 Ea
827 463 966 517 poro
999 462 1131 500 cum
1163 445 1448 501 Theodori
1481 462 1637 502 mors
1670 464 1795 502 esse
1827 464 1940 503 non
1974 463 2109 518 pos-
2138 453 2187 514 Α
2222 448 2423 505 herum
2475 454 2709 508 errandi
2752 453 2945 509 locum
2995 453 3130 509 facit
3158 470 3334 526 quam
3388 456 3656 511 docendas
3704 457 3851 511 veri.

482 535 578 603 sit,
603 536 817 605 quippe
847 551 972 605 qua:
998 532 1433 604 przesigniﬁcari
1457 534 1623 605 signo
1648 536 1937 606 posterius
1955 535 2109 589 edito

481 623 823 694 nequiverit,
858 626 1035 676 restat
1066 626 1129 676 ut
1166 622 1425 691 ejusdem
1478 622 1757 677 solemnis
1790 623 2109 693 inaugura-

479 711 563 766 tio
595 710 968 782 intelligenda
993 711 1088 779 sit,
1121 709 1329 774 Natali,
1368 714 1431 763 ut
1470 709 1746 776 diximus,
1779 708 2017 777 Christi,
2040 710 2111 762 25

478 797 808 854 Decembris
861 798 955 852 die
1005 797 1144 852 anni
1191 797 1326 851 1253
1384 796 1694 851 celebrata.
1740 798 1806 851 Et
1850 814 2109 852 commo-

481 888 621 941 dum
654 889 722 942 ad
752 887 865 941 ista
897 887 1022 957 ipsa
1052 887 1145 940 die
1191 902 1320 957 quze
1360 889 1523 940 sexta
1571 884 1781 953 illuxit,
1814 886 2110 939 tricesima

480 974 811 1029 Decembris
858 974 955 1029 illo
1009 976 1211 1029 eodem
1278 991 1432 1030 anno
1494 974 1628 1027 1254
1686 979 1741 1027 et
1798 973 1942 1027 feria
2002 972 2111 1026 fuit

481 1065 707 1133 quinta,
738 1080 869 1117 cum
903 1062 1002 1118 illo
1033 1064 1233 1118 eodem
1268 1080 1418 1117 anno
1452 1061 1675 1133 periodi
1700 1062 1947 1116 Julianas
1968 1062 2109 1115 5968

479 1151 672 1222 cyclus
700 1151 841 1205 solis
865 1152 1010 1220 4,(Ρ.
1046 1152 1168 1221 492)
1201 1152 1399 1205 ltttera
1428 1149 1805 1204 Dominicalis
1836 1149 2108 1219 C.fuerit,

479 1240 591 1306 die,
626 1239 885 1308 inquam,
917 1240 985 1292 30
1006 1238 1365 1305 Decembris,
1395 1238 1428 1292 6
1456 1256 1488 1293 a
1527 1235 1897 1293 coron‘atione
1925 1238 2106 1292 Theo-

478 1326 602 1380 dori
654 1343 831 1380 manu
882 1327 1106 1381 Arsenii
1158 1326 1495 1397 patriarchae
1542 1326 1598 1379 in
1640 1325 1882 1381 ecclesia
1930 1326 2106 1396 facta,

474 1430 627 1468 anno
660 1414 816 1480 1255,
858 1414 1090 1485 eclipsis
1139 1416 1282 1470 solis
1334 1415 1457 1470 visa
1503 1414 1703 1469 Nicaea
1753 1416 1960 1486 ingens
1993 1420 2103 1483 est,

472 1504 672 1557 eadem
707 1502 849 1558 hora
882 1521 1053 1575 quam
1088 1504 1304 1558 notavit
1337 1504 1721 1574 Paehymeres
1768 1508 1898 1574 post
1930 1503 2106 1558 meri-

477 1591 631 1645 diem
684 1593 871 1659 tertia,
919 1609 1050 1646 cum
1104 1592 1357 1647 tenebris
1406 1592 1773 1646 densissimis
1804 1596 1921 1647 toto
1953 1608 2104 1661 aere,

475 1685 530 1733 et
563 1680 926 1751 apparitione
975 1680 1271 1734 stellarum
1303 1680 1359 1733 in
1410 1679 1568 1741 caelo,
1608 1685 1671 1733 ut
1711 1684 1862 1749 patet
1892 1696 1957 1733 ex
1979 1680 2105 1749 ejus

2220 538 2323 592 tati
2356 538 2508 595 viam
2541 540 2821 597 occludit.

2290 636 2359 692 Il.
2406 637 2820 707 Quamobrem,
2868 645 2932 695 ut
2977 640 3037 694 in
3086 639 3178 694 his
3226 640 3485 696 tenebris
3524 640 3623 695 lux
3652 641 3847 712 aliqua

2218 725 2499 793 veritatis,
2558 726 2609 781 si
2657 743 2786 797 quas
2832 727 2995 797 insit,
3046 732 3418 799 agnoscatur,
3468 733 3602 784 ante
3650 729 3847 784 omnia

2219 813 2694 869 constituendum
2730 832 2844 886 quo
2876 833 3028 871 anno
3060 820 3115 870 et
3161 832 3275 886 quo
3307 816 3445 871 anni
3475 822 3735 887 tempore
3766 819 3844 871 vi-

2216 901 2385 955 vendi
2419 900 2592 957 ﬁnem
2626 904 2825 957 fecerit
2854 904 3169 975 imperator
3200 904 3249 958 is
3281 904 3351 958 de
3396 920 3509 973 quo
3541 904 3845 976 Pachyme-

2220 1003 2312 1042 res
2340 988 2434 1043 hic
2459 990 2599 1061 agit.
2651 991 2856 1046 Facem
2895 992 3124 1063 praefert
3162 990 3300 1046 huic
3351 991 3600 1045 historia
3629 992 3843 1046 obscu-

2219 1075 2373 1131 ritati
2407 1078 2691 1149 Georgius
2721 1080 3043 1150 AcrOpolita
3072 1096 3121 1134 ο.
3161 1080 3252 1147 52,
3305 1084 3509 1134 auctor
3538 1096 3676 1134 aecu
3690 1085 3846 1135 ratus

2216 1170 2274 1220 et
2305 1166 2536 1231 nobilis,
2568 1168 2666 1237 qui
2700 1183 2931 1222 summa
2971 1166 3273 1238 diligentia
3306 1184 3398 1221 res
3446 1168 3537 1221 sui
3565 1170 3846 1238 temporis

2218 1254 2392 1308 certis
2424 1254 2577 1309 notis
2609 1255 2779 1325 quasi
2807 1256 2959 1311 veris
2981 1255 3273 1311 coloribus
3304 1255 3427 1326 pari
3462 1255 3757 1327 elegantia
3787 1273 3847 1311 ac

2216 1342 2328 1396 fide
2362 1341 2642 1413 depinxit-

2290 1441 2343 1494 Is
2374 1455 2509 1510 ergo
2541 1443 2785 1495 mortem
2836 1441 3085 1495 duorum
3133 1440 3553 1511 imperatorum
3603 1441 3849 1495 Joannis

2217 1527 2387 1582 Ducis
2418 1532 2476 1583 et
2504 1527 2789 1582 Theodori
2822 1527 3083 1583 Lascaris
3125 1527 3226 1581 filii
3276 1529 3403 1598 ejus
3437 1529 3517 1583 ita
3546 1528 3848 1592 describit,

2217 1620 2283 1670 ut
2312 1631 2533 1670 annum
2566 1620 2624 1670 et
2679 1616 2818 1671 anni
2878 1632 3136 1671 mensem
3188 1615 3340 1671 clare
3406 1617 3715 1687 exprimat.
3756 1616 3851 1671 Ait

2216 1703 2370 1757 enim
2404 1704 2474 1758 de
2502 1703 2748 1769 Joanne,
2780 1703 2994 1758 obiisse
3035 1703 3200 1758 illum
3246 1704 3398 1759 diem
3428 1710 3753 1758 extremum
3786 1721 3847 1757 ιιι

478 1768 725 1863 ἀθῘί-(ᾆυίί-
750 1768 1142 1863 δ’δί-δοίίδείξηίβ
1182 1767 1442 1863 “lenus:
1496 1784 1651 1863 (ΙίῖοεδΔ
1674 1769 1939 1837 sequenti
1975 1785 2105 1863 φρκ
2134 1798 2181 1863 Β
2216 1790 2336 1844 Kal.
2369 1791 2634 1846 Octobris
2667 1767 2853 1845 annos
2886 1796 3087 1845 natum
3138 1793 3287 1847 duos
3312 1798 3370 1845 et
3398 1794 3748 1863 sextaginta,
3783 1809 3850 1846 ex

476 1855 661 1925 capite
697 1855 988 1909 dabimus.
1022 1856 1227 1909 Totam
1263 1855 1407 1908 hanc
1437 1855 1831 1923 conjecturam
1854 1871 1919 1909 ac
1938 1855 2106 1909 ratio-

471 1943 822 1998 cinationem
854 1960 920 1997 eo
972 1942 1154 2013 pluris
1198 1944 1344 1998 facio
1377 1944 1531 2013 quod
1584 1942 1695 1996 mei
1736 1942 1952 2013 ingenii
1988 1960 2101 1997 non

470 2038 577 2089 est.
611 2033 753 2087 Cum
786 2034 940 2087 enim
980 2033 1212 2088 diffisus
1262 2031 1518 2087 facultati
1569 2047 1706 2086 meae
1754 2030 1909 2087 viros
1956 2032 2104 2087 duos

471 2122 616 2177 mihi
650 2122 1039 2177 amicissimos
1078 2129 1131 2175 et
1180 2120 1547 2176 astronomiae
1596 2120 1983 2191 peritissimos
2033 2122 2104 2175 de

469 2210 575 2265 hac
608 2210 803 2279 eclipsi
832 2210 1280 2278 consuluissem,
1309 2213 1590 2264 Joannem
1624 2208 1941 2279 Baptistam
1973 2209 2104 2263 Ric-

469 2299 682 2353 ciolum
706 2303 761 2353 et
788 2300 1064 2353 Iacobum
1090 2298 1590 2362 Grantami,ambo
1616 2302 2007 2352 convenerunt
2042 2297 2099 2350 in

469 2388 810 2441 affirmando
830 2386 1048 2441 nullam
1069 2403 1219 2441 anno
1246 2386 1459 2440 Christi
1491 2386 1648 2453 1259,
1672 2401 1786 2455 quo
1808 2390 1897 2440 est
1915 2384 2101 2439 Theo-

469 2476 646 2530 dorus
676 2476 883 2530 Junior
910 2475 1172 2530 Lascaris
1205 2473 1637 2539 mortuus,solis
1660 2473 2100 2544 eclipsim,qua-

465 2563 578 2619 lem
604 2563 985 2635 pachymeres
1008 2562 1558 2633 describit,spectari
1596 2561 1793 2615 Nicaeae
1816 2561 2095 2633 potuisse.

464 2653 627 2706 Alter
653 2669 788 2706 vero
821 2652 1079 2717 illorum,
1106 2652 1361 2706 Jacobus
1390 2649 1713 2717 Grantami,
1746 2648 2097 2720 benignissi-

465 2757 558 2795 mo
605 2740 747 2794 mihi
793 2738 1157 2811 gratiﬁcandi
1198 2739 1392 2793 studio
1431 2742 1607 2792 totam
1667 2736 2097 2792 intricatissimi

462 2830 640 2899 hujus
670 2828 779 2884 loci
810 2828 1244 2899 perplexitatem
1277 2826 1518 2898 insigni,
1541 2842 1670 2882 mea
1700 2842 1875 2881 causa
1894 2825 2096 2880 elucu-

462 2918 649 2985 brato,
696 2915 1113 2971 commentario
1162 2915 1455 2985 explicuit,
1487 2915 1543 2969 id
1594 2915 1787 2985 ipsum
1821 2915 1969 2985 quod
1998 2912 2094 2967 hic

464 3008 806 3077 compendio
830 3006 1102 3078 proposui
1128 3005 1363 3060 uberius
1382 3004 1777 3060 etaccuratius
1799 3007 2089 3057 astruens.

464 3096 523 3149 Id
559 3094 897 3166 praeclarum
946 3095 1051 3149 viri
1083 3093 1253 3164 longe
1301 3091 1642 3154 doctissimi,
1674 3095 1730 3145 et
1767 3091 1838 3145 de
1869 3106 1962 3145 me
1992 3106 2090 3145 su-

463 3199 570 3254 pra
602 3199 779 3253 quam
821 3182 1133 3253 praedicare
1183 3180 1405 3249 possim
1453 3177 1670 3248 optime
1701 3176 1916 3247 meriti,
1948 3194 2095 3247 opus

464 3269 635 3340 quale
665 3270 857 3339 accepi
889 3269 1118 3323 erudita
1148 3267 1338 3339 ipsius
1367 3270 1667 3322 exaratum
1720 3283 1893 3322 manu
1926 3267 2094 3322 dein-

462 3374 599 3428 ceps
629 3358 722 3413 hic
754 3357 1105 3412 adscribam.

1097 3531 1326 3588 CAPUT
1369 3532 1462 3585 Ill.

461 3640 637 3698 Jucoli
661 3642 957 3695 Grantami
983 3655 1011 3694 θ
1030 3641 1281 3694 societate
1324 3643 1456 3695 Iesu
1485 3638 1798 3693 dissertatio
1828 3639 1891 3693 de
1922 3639 2093 3709 eclip-

532 3711 737 3766 sisolis
792 3728 826 3764 ιι
884 3710 1222 3781 Pachymere
1266 3714 1485 3781 notata.
1546 3710 1625 3765 Ad
1680 3712 1906 3765 Petrum
1960 3711 2090 3765 Pos-

532 3786 716 3837 sinum
745 3782 989 3853 ejusdem
1017 3780 1320 3837 societatis.

536 3927 578 3981 I.
614 3923 860 3995 Eclipsis
910 3922 1050 3979 solis
1097 3939 1272 3995 supra
1304 3939 1371 3977 ex
1416 3921 1764 3993 Pachymere
1804 3920 2094 3992 descripta

464 4030 576 4066 non
604 4012 861 4067 minores
892 4012 950 4066 in
972 4011 1216 4067 historia
1236 4015 1565 4082 temporum
1608 4014 1664 4064 et
1683 4009 2092 4065 astronomicis

463 4101 689 4170 legibus
738 4101 1011 4156 tenebras
1065 4100 1234 4171 parit,
1280 4116 1456 4170 quam
1492 4098 1701 4154 dicitur
1727 4100 1786 4153 in
1818 4115 1947 4154 aere
1985 4099 2093 4153 ob-

463 4191 801 4244 scuritatem
839 4188 1059 4243 fudisse
1088 4192 1145 4242 et
1174 4188 1373 4242 lumen
1406 4186 1576 4258 plane
1606 4191 1791 4241 totum
1826 4186 1965 4241 solis
1996 4203 2090 4241 ex-

468 4278 784 4343 s‘énxisse;
816 4293 913 4331 aer
960 4277 1113 4330 enim
1171 4280 1316 4330 tecto
1347 4293 1380 4329 a
1426 4274 1567 4329 luna
1604 4274 1724 4330 sole
1754 4276 1952 4346 aliqua
1981 4274 2093 4329 sal-

463 4366 579 4417 tem
609 4363 910 4417 stellarum
946 4362 1073 4416 luce
1106 4361 1446 4432 fulgebat,et
1475 4378 1598 4431 quas
1638 4360 1697 4414 in
1742 4365 1897 4416 terra
1928 4376 2092 4432 gere-

464 4451 675 4505 bantur
706 4468 818 4504 non
853 4449 1102 4514 omnino,
1135 4448 1446 4503 invisibilia
1473 4453 1529 4503 et
1567 4448 1961 4503 intractabilis
1993 4450 2092 4504 fie-

464 4540 637 4594 bant:
672 4538 983 4608 descriptio
1017 4542 1211 4591 autem
1253 4535 1351 4591 illa
1389 4536 1700 4591 obscurare
1746 4536 1975 4591 videtur
2004 4537 2094 4591 hi-

462 4628 797 4695 storiam,ul
819 4626 1040 4681 nullam
1067 4626 1114 4680 ei
1142 4626 1375 4695 penitus
1410 4625 1542 4679 ﬁdei
1561 4623 1748 4681 lucem
1772 4631 1872 4679 aut
1894 4642 2093 4695 aspec-

461 4721 585 4769 tum
618 4715 875 4770 veritatis
909 4713 1216 4784 relinquat.
1253 4714 1401 4789 Mors
1448 4712 1810 4784 imperatoris
1857 4713 2095 4784 ponitur

461 4820 613 4858 anno
645 4803 702 4856 in
751 4808 1098 4857 autumnum
1147 4800 1571 4872 vergentezToﬁ
1603 4796 1649 4853 δ’
1678 4798 1841 4853 αὐτοῦ
1888 4798 2094 4874 χρόνου

456 4890 594 4964 πρὸς
621 4890 682 4943 τὸ
714 4888 1111 4965 φθινοπωρινὸν
1138 4886 1529 4951 ἀποκλίνοντος
1554 4886 1909 4961 μεταλλάττει
1930 4886 1992 4942 τὸ
2010 4889 2093 4963 βι-

460 4983 551 5032 οὖν
582 4979 609 5032 ὁ
640 4982 870 5052 κρατῶν.
907 4978 1232 5034 Praenuntia
1261 4977 1515 5048 afﬁgitur
1537 4977 1673 5033 solis
1696 4978 1938 5034 defectio
1971 4982 2097 5034 tan-

460 5073 521 5123 ta
548 5072 612 5123 ut
633 5068 934 5139 profundae
965 5066 1220 5121 tenebrae
1248 5066 1446 5121 omnia
1467 5069 1727 5136 tegerent
1749 5069 1806 5120 et
1832 5066 2009 5121 stellae
2032 5066 2092 5122 in

460 5156 602 5211 cmlo
634 5155 895 5211 lucentes
928 5158 1277 5226 apparerent
1315 5154 1401 5209 :"O
1431 5149 1498 5220 δὴ
1546 5151 1635 5205 καὶ
1664 5153 2015 5225 προεσήμηνέ
2041 5170 2095 5208 τι

460 5248 706 5313 σημεῖον.
741 5240 937 5303 Ἥλιος
998 5239 1124 5315 γάρ,
1157 5246 1265 5311 etc,
1298 5245 1363 5295 ut
1410 5241 1561 5295 699
1612 5257 1810 5311 supra.
1842 5242 2096 5314 Tempus

458 5333 612 5403 quod
646 5332 984 5403 assignatur
1006 5332 1117 5385 sub
1149 5330 1353 5385 horam
1387 5327 1616 5382 tertiam
1659 5329 1776 5383 diei
1799 5335 1991 5397 sextae,
2018 5328 2098 5405 ἐφ’

458 5421 600 5495 ὥραν
656 5417 843 5493 τρίτην
897 5422 995 5486 τῆς
1048 5416 1209 5485 ἕκτης
1268 5414 1499 5487 ἡμέρας,
1580 5418 1851 5473 tenebras
1911 5421 2098 5491 magis

460 5526 635 5578 quam
670 5508 856 5563 lucem
888 5507 1158 5572 oli'undit,
1189 5510 1245 5561 et
1288 5505 1429 5558 dum
1470 5504 1745 5561 terminos
1778 5522 1964 5577 neque
1995 5507 2102 5564 ini-

459 5596 676 5650 tiorum
702 5611 891 5665 neque
928 5594 1133 5649 ﬁnium
1192 5591 1521 5664 praescribit
1549 5593 1827 5663 narratio,
1869 5600 1987 5651 tam
2032 5596 2100 5650 li-

2121 4498 2171 4563 D

2212 1879 2429 1949 quibus
2463 1879 2699 1949 triginta
2750 1888 2863 1933 tres
2907 1885 3267 1951 regnaverat.
3318 1879 3505 1945 Ἔνθα,
3546 1880 3761 1949 inquit,
3790 1882 3847 1934 id

2208 1969 2296 2020 est
2325 1967 2392 2020 ad
2419 1966 2799 2036 Nymphaeum
2827 1967 2925 2021 ubi
2949 1967 3205 2022 Joannes
3231 1968 3409 2022 vitam
3436 1967 3644 2033 ﬁnivit,
3668 1967 3759 2019 καὶ
3790 1968 3850 2019 τὸ

2211 2052 2387 2125 χρεὼν
2460 2050 2842 2126 ὲλειτούργησε
2909 2053 3064 2128 τρίτῃ
3137 2050 3433 2108 Καλανδῶν
3505 2049 3849 2127 Νοεμϐρέου,

2208 2139 2465 2211 ἐξήκοντα
2520 2140 2609 2194 καὶ
2668 2137 2791 2208 δύο,
2847 2140 2923 2203 ὡς
2980 2142 3033 2195 o't
3087 2142 3153 2195 τὰ
3178 2142 3301 2215 περὶ
3346 2140 3508 2195 αὐτοῦ
3540 2137 3854 2214 ἀκριϐέστε-

2207 2248 2298 2302 ρον
2359 2224 2557 2288 εἰδότες
2618 2226 2868 2304 ἔφασκον,
2928 2227 3017 2299 ἔτη
3082 2230 3306 2304 βιώσας,
3363 2229 3415 2299 ἐξ
3461 2230 3535 2283 ὠν
3565 2229 3857 2303 τριάκοντα

2204 2315 2292 2369 καὶ
2340 2315 2462 2390 τρία
2514 2311 2883 2390 βεϐασίλευκε.
2935 2319 3210 2390 Idemque
3262 2319 3433 2389 paulo
3477 2324 3612 2390 post
3643 2322 3854 2390 repetit

2204 2406 2276 2461 de
2306 2422 2457 2459 anno
2490 2407 2649 2476 regni
2676 2407 2770 2471 33,
2805 2424 2937 2462 cum
2982 2406 3063 2462 ait
3092 2404 3363 2475 ἐτεθνήκει
3401 2405 3493 2477 μὲν
3527 2406 3555 2458 ὁ
3590 2405 3851 2478 βασιλεὺς

2205 2491 2459 2560 Ἰωάννης
2506 2496 2586 2563 τῷ
2634 2492 2735 2563 υἱῷ
2784 2491 2948 2546 αὐτοῦ
2978 2489 3244 2567 Θεοδώρῳ
3280 2494 3377 2561 τὴν
3418 2489 3702 2567 βασιλείαν
3754 2514 3848 2546 κα-

2200 2577 2542 2641 ταλελοιπὼς
2569 2579 2857 2655 τριάκοντα
2886 2582 2975 2634 καὶ
3004 2581 3125 2651 τρία
3155 2579 3245 2651 ἔτη
3283 2578 3579 2635 διανύοντι.
3611 2582 3692 2653 [Ρ.
3728 2583 3849 2654 493]

2200 2670 2473 2728 Τοσοῦτος
2502 2666 2605 2741 γὰρ
2660 2669 2688 2721 ὁ
2737 2667 2944 2742 χρόνος
2990 2669 3136 2739 αὖτῷ
3186 2667 3383 2729 ὁπόσος
3434 2667 3526 2721 καὶ
3580 2676 3847 2741 πατρικῆς

2203 2753 2484 2830 βασιλείας
2515 2754 2792 2830 ἐτύγχανε.

2271 2858 2365 2913 ΙΙΙ.
2391 2857 2493 2911 Hic
2523 2857 2774 2928 porr054
2804 2855 3035 2926 imperii
3069 2859 3124 2910 et
3148 2856 3351 2911 mortis
3372 2855 3625 2919 Joannis
3654 2873 3838 2912 annus

2198 2948 2321 3000 erat
2365 2944 2579 3000 Christi
2632 2945 2791 3011 1255,
2844 2949 2980 2999 ante
3028 2948 3321 3015 receptam
3354 2961 3387 2998 a
3431 2943 3653 3000 Graecis
3697 2960 3832 2998 anno

2200 3034 2331 3087 1261
2353 3031 2921 3103 Constantinopolim
2951 3037 3166 3099 sextus,
3201 3038 3334 3087 ante
3378 3037 3631 3088 mortem
3663 3033 3830 3087 Theo-

2126 3151 2168 3218 C
2209 3120 2610 3218 dori‘Joannis
2642 3120 3047 3218 filii-quartus,
3080 3124 3144 3175 ut
3188 3124 3413 3175 constat
3436 3137 3512 3218 ex
3542 3120 3713 3218 Dura
3747 3121 3847 3175 hli-

2206 3209 2420 3264 chaelis
2452 3214 2682 3280 nepote,
2714 3208 2853 3264 Hist.
2885 3225 2933 3265 c.
2965 3209 3024 3279 2,
3053 3212 3113 3263 et
3142 3224 3209 3263 ex
3240 3224 3372 3263 mox
3420 3208 3691 3264 dicendis
3727 3225 3851 3263 ma-

2203 3298 2294 3369 gis
2325 3296 2515 3353 adhuc
2539 3296 2777 3367 patebit.

2276 3394 2352 3448 De
2401 3392 2702 3448 Theodoro
2754 3406 2888 3447 vero
2936 3390 3093 3447 idem
3136 3391 3469 3463 Acropolila
3516 3390 3640 3445 haec
3672 3392 3851 3447 habet

2201 3481 2281 3536 ib.
2331 3496 2381 3535 c.
2430 3481 2542 3534 74ε
2602 3479 2842 3539 Ἐκεῖνος
2905 3478 2998 3550 μὲν
3061 3476 3203 3532 οὕτω
3262 3479 3463 3551 βιώσας
3523 3479 3614 3533 καὶ
3672 3479 3841 3549 μήπω

2202 3564 2365 3626 ὅλους
2428 3565 2688 3638 τέσσαρας
2762 3563 3037 3626 ἐνιαυτοὺς
3115 3564 3629 3639 αὖτοκρατορήσας,
3709 3567 3846 3619 κατὰ

2200 3648 2503 3729 Νοὲμϐριον
2555 3652 2654 3728 γὰρ
2714 3649 2874 3728 ἄρξας
2933 3652 2983 3707 ἐν
3037 3652 3336 3728 Αὐγούστῳ
3389 3652 3519 3725 μηνῖ
3561 3654 3627 3707 τὸ
3678 3652 3843 3715 τέλος

2199 3737 2402 3815 ἔσχηκε
2429 3747 2531 3810 τῆς
2564 3745 2729 3809 ζωῆς.
2776 3741 2880 3798 Ubi
2928 3742 3237 3798 manifeste
3283 3747 3339 3797 et
3368 3748 3615 3813 quartrs
3648 3760 3847 3799 annus

2198 3830 2431 3902 imperii
2480 3831 2743 3885 nondum
2796 3829 3017 3898 finitus,
3051 3834 3107 3886 et
3155 3830 3387 3885 initium
3420 3831 3585 3901 regni
3619 3832 3845 3886 mensis

2200 3918 2564 3985 Novembris,
2596 3923 2653 3973 et
2708 3918 2844 3973 ﬁnis
2901 3917 3028 3973 vita:
3086 3919 3337 3989 Augusti
3395 3918 3846 3990 exprimuntur;

2199 4022 2381 4077 eaque
2429 4006 2672 4062 totidem
2721 4006 2914 4062 verbis
2964 4006 3118 4061 idem
3178 4012 3381 4061 auctor
3438 4008 3501 4062 in
3560 4008 3849 4063 Chronico

2198 4094 2632 4166 compendiario
2686 4095 2929 4166 repetit;
2968 4095 3182 4164 quibus
3232 4094 3601 4166 Nieephorus
3632 4097 3853 4169 Grego-

2200 4200 2315 4254 ras,
2349 4183 2389 4238 1.
2422 4201 2459 4238 ιι
2493 4184 2553 4239 in
2575 4183 2710 4253 ﬁne,
2738 4183 2977 4238 omnino
3001 4183 3293 4239 consentit
3314 4183 3371 4238 in
3405 4185 3579 4240 annis
3604 4185 3855 4257 triginta

2198 4271 2389 4328 tribus
2419 4277 2546 4327 tum
2577 4270 2810 4342 imperii
2854 4272 3058 4342 patris,
3092 4276 3219 4326 tum
3266 4272 3398 4326 vitae
3429 4272 3537 4327 filii
3573 4291 3711 4329 eum
3744 4276 3852 4329 im-

2200 4361 2426 4432 perium
2477 4378 2510 4416 a
2549 4364 2712 4431 patre
2756 4361 3038 4431 suscepit,
3087 4365 3214 4415 tum
3266 4360 3444 4415 etiam
3500 4361 3561 4416 in
3596 4368 3855 4433 quatuor

2202 4450 2373 4507 annis
2403 4449 2634 4521 imperii
2680 4449 2968 4505 Theodori
3003 4466 3118 4505 non
3160 4450 3427 4522 integris,
3464 4467 3604 4507 cum
3640 4454 3855 4509 asserit

2202 4554 2333 4593 eum
2363 4537 2401 4591 1.
2453 4547 2537 4605 tu,
2593 4553 2726 4592 cum
2767 4536 3130 4593 tricesimum
3189 4543 3414 4593 sextum
3460 4540 3594 4594 vita
3627 4558 3853 4596 annum

2201 4631 2416 4697 ageret,
2486 4626 2867 4681 defunctum:
2938 4627 3134 4681 Ἕκτον
3187 4625 3279 4678 καὶ
3350 4624 3683 4699 τριακοστδν
3750 4629 3852 4683 ἀπδ

2197 4713 2455 4789 γενέσεως
2537 4711 2739 4787 χρόνον
2818 4708 3096 4785 ἀμείϐοντι
3166 4714 3325 4775 νόσος
3402 4714 3697 4785 ἐνσκήπτει
3778 4722 3853 4787 τῷ

2205 4799 2423 4879 βασιλεῖ
2476 4798 2697 4877 χαλεπὴ
2747 4800 2837 4855 καὶ
2876 4802 3085 4878 βαρεῖα,
3126 4800 3215 4855 καὶ
3246 4800 3393 4856 ὅπλα
3422 4802 3585 4880 φάναι
3619 4807 3856 4868 θανάτου

2203 4894 2467 4968 φοροῦσα.

2273 4980 2361 5035 IV.
2390 4981 2492 5035 Est
2508 4995 2645 5051 ergo
2669 4983 2937 5035 mortuus
2958 4979 3217 5035 Joannes
3241 4978 3430 5036 Ducas
3457 4999 3617 5038 anno
3640 4984 3858 5039 Christi

2204 5071 2362 5135 1255,
2393 5070 2452 5124 in
2486 5070 2601 5125 ﬁne
2625 5068 2912 5141 Octobris,
2950 5074 3006 5124 et
3032 5069 3373 5125 Theodorus
3415 5073 3685 5128 Lasearis
3725 5073 3858 5143 ejus

2202 5158 2359 5213 filius
2392 5173 2542 5212 anno
2584 5157 2745 5224 4259,
2778 5172 2976 5213 mense
3020 5160 3301 5228 Augusto.
3335 5159 3471 5223 Quae
3527 5166 3669 5214 nota
3698 5166 3856 5215 tem-

2205 5248 2364 5320 poris
2395 5250 2548 5301 recte
2576 5246 2849 5301 convenit
2891 5260 3021 5301 eum
3055 5262 3123 5301 ea
3170 5262 3350 5315 quam
3382 5248 3661 5319 exprimit
3700 5250 3855 5303 τοο

2214 5335 2601 5406 Pachymeres
2631 5332 2895 5389 scribens
2924 5332 3291 5389 Theodorum
3326 5334 3744 5405 imperatorem
3762 5337 3847 5389 vi-

2203 5429 2325 5479 tam
2357 5437 2490 5477 cum
2525 5426 2709 5477 morte
2738 5425 3132 5477 commutasse
3164 5438 3315 5477 anno
3348 5424 3434 5479 ad
3482 5429 3848 5480 autumnum

2200 5510 2550 5566 inclinante.

2277 5598 2387 5654 Sed
2418 5598 2490 5653 de
2535 5596 2736 5669 eclipsi
2770 5596 2936 5668 solis,
2976 5601 3033 5653 et
3064 5600 3226 5653 tanta
3263 5603 3485 5669 quanta
3538 5618 3573 5656 a
3620 5601 3847 5671 Pachy-
