4122 6272
250 276 387 333 1161

1672 276 2287 339 CHBONOLOGICUS.

3508 288 3646 344 1162

251 414 409 454 mere
438 396 793 453 describitur
819 397 911 451 vel
942 413 1007 451 eo
1041 413 1192 452 anno
1220 396 1310 451 vel
1353 397 1410 451 in
1472 400 1657 451 morte
1709 397 1893 452 Theo-
1926 401 1979 466 Α
2012 402 2211 473 eclipsi
2251 423 2578 463 sermonem
2613 408 2843 474 inferat,
2877 407 3021 462 nihil
3080 410 3149 463 de
3195 409 3361 464 initio
3419 411 3651 480 imperii

254 480 381 541 dori
412 486 498 539 vel
535 486 589 538 in
649 489 930 539 autumno
995 486 1165 553 facta,
1227 496 1424 540 auctor
1490 485 1641 540 alius
1700 486 1898 540 nullus

260 573 547 641 meminit,
581 579 637 627 et
658 573 779 626 ﬁeri
819 573 997 627 ullam
1033 574 1463 644 potuisseleges
1498 574 1900 628 astronomicae

257 678 373 716 non
405 661 775 731 permittunt.
833 660 1143 715 Novilunia
1202 661 1357 715 enim
1421 660 1555 715 anni
1616 662 1749 714 1259
1804 666 1903 716 aut

262 748 545 820 eciyptica
575 748 737 802 nulla
764 749 941 815 fuere,
975 754 1075 803 aut
1114 766 1226 803 non
1278 750 1778 819 Constantinopoli
1837 765 1903 805 ac

264 837 409 891 locis
438 835 665 903 vicinis,
697 840 755 890 et
782 842 1050 891 auctores
1097 838 1436 907 chronologi
1497 843 1553 891 et
1605 838 1902 891 annalium

266 926 601 996 scriptores,
630 925 730 995 qui
764 925 903 979 solis
936 924 1200 995 eclipsim
1263 942 1408 995 pene
1467 924 1702 979 totalem
1759 926 1903 979 refe-

267 1018 404 1069 runt
432 1015 503 1068 ad
535 1029 753 1067 annum
787 1013 999 1067 Christi
1048 1014 1176 1066 5259
1221 1014 1277 1067 in
1348 1020 1529 1068 morte
1590 1013 1901 1082 Theodori,

266 1118 381 1157 non
412 1100 643 1155 tabulas
673 1100 1040 1168 astromicas,
1088 1102 1183 1153 sed
1246 1108 1537 1154 auctorem
1595 1102 1902 1169 Pachyme-

264 1205 387 1244 rem
408 1195 747 1259 sequuntur.
777 1188 863 1240 Ita
901 1189 1059 1240 enim
1104 1188 1387 1241 Odoricus
1440 1187 1772 1249 Raynaldus
1831 1188 1898 1241 ad

266 1293 487 1332 annum
518 1275 731 1330 Christi
766 1276 922 1342 1259,
956 1282 1192 1329 narrata
1242 1277 1530 1329 Theodori
1582 1281 1769 1329 morte
1842 1277 1901 1329 in

266 1383 466 1421 mense
495 1372 785 1437 Augusto,
818 1368 899 1420 ait
930 1365 1295 1435 paragrapho
1328 1366 1393 1417 54
1421 1383 1438 1418 :
1464 1366 1629 1419 Sexta
1677 1367 1743 1419 ab
1785 1367 1903 1432 ejus

266 1456 421 1511 obitu
451 1454 541 1509 die
567 1454 740 1509 tradit
770 1453 1137 1523 Pachymercs
1169 1453 1438 1523 insignem
1486 1455 1615 1507 solis
1642 1454 1902 1523 defectio-

265 1560 392 1598 nem
425 1544 616 1613 fuisse,
649 1542 783 1596 adeo
829 1551 885 1596 ut
916 1542 1081 1595 unius
1139 1542 1282 1595 hora!
1339 1544 1511 1611 spatio
1558 1543 1905 1598 densissime

266 1634 557 1686 horrerent
587 1632 835 1685 fenebrm
863 1630 1148 1699 stellaeque
1174 1633 1228 1682 in
1257 1631 1386 1684 caelo
1417 1639 1768 1701 apparerent.
1826 1633 1907 1685 Ita

2007 491 2371 564 signiﬁcans,
2395 498 2617 566 justam
2644 502 2796 551 certe
2826 513 2942 550 non
2993 496 3151 551 aliud
3205 498 3647 553 attendentibus

2006 583 2216 635 erroris
2240 600 2477 638 causam
2509 584 2685 638 dedit.
2712 590 2783 639 At
2814 586 2861 639 si
2897 586 3029 655 quis
3061 602 3179 639 rem
3214 591 3429 640 attente
3452 588 3650 642 consi-

2009 669 2291 723 deraverit
2313 678 2368 724 et
2390 688 2519 725 cum
2546 672 2791 726 historia
2822 672 2979 727 illius
3012 674 3291 743 temporis
3312 674 3642 742 contulerit,

2008 756 2065 808 in
2097 756 2164 811 iis
2196 760 2448 813 tenebris
2492 760 2674 814 lucem
2699 760 2970 815 inveniet.
3008 762 3097 814 Sic
3136 768 3329 816 autem
3362 779 3488 817 eam
3549 780 3643 817 ex-

2010 846 2181 912 plico.

2081 934 2411 989 Theodorus
2441 937 2667 990 vivendi
2702 938 2873 991 finem
2908 939 3046 991 fecit
3066 955 3220 992 anno
3243 939 3455 994 Christi
3478 941 3634 1003 1259,

2013 1037 2211 1076 mense
2240 1025 2519 1091 Augusto.
2552 1026 2818 1078 Historia:
2854 1027 3027 1080 totius
3059 1026 3178 1081 haec
3209 1028 3352 1081 ﬁdes
3399 1033 3507 1094 est,
3569 1031 3641 1082 de

2012 1125 2125 1177 qua
2157 1111 2421 1164 dubitare
2457 1129 2565 1166 non
2603 1112 2751 1166 licet.
2778 1112 3155 1184 Pachymeres
3179 1114 3480 1183 idasserit,
3506 1133 3638 1170 cum

2011 1197 2091 1250 ait
2127 1198 2340 1252 factum
2382 1205 2650 1271 vergente
2692 1200 2748 1254 in
2800 1207 3142 1255 autumnum
3206 1220 3376 1267 anno,
3434 1221 3643 1274 nempe

2012 1284 2419 1340 intersolstitiu
2435 1306 2484 1340 m
2503 1292 2763 1342 :estivum
2780 1290 3258 1359 etmquinoctium
3281 1291 3642 1345 autumnale.

2010 1374 2343 1429 Theodorus
2368 1377 2598 1431 initium
2621 1378 2898 1447 regnandi
2930 1378 3061 1433 fecit
3082 1396 3233 1433 anno
3250 1379 3458 1433 Christi
3486 1381 3645 1443 I255;

2014 1466 2175 1531 patre
2205 1470 2431 1517 mortuo
2464 1466 2572 1518 sub
2606 1466 2777 1519 ﬁnem
2827 1467 3114 1531 Octobris,
3176 1485 3287 1521 non
3350 1466 3641 1521 declarato

2013 1549 2131 1604 tilio
2160 1568 2515 1621 successore,
2550 1554 2644 1622 qui
2672 1554 2798 1607 ideo
2830 1554 3052 1608 tardius
3086 1555 3323 1619 electus,
3385 1554 3641 1609 elevatus

2012 1637 2069 1691 in
2102 1638 2317 1710 clypeo,
2354 1647 2561 1695 unctus
2594 1648 2650 1695 et
2690 1648 3002 1696 coronatus
3058 1648 3166 1707 est,
3227 1649 3350 1695 tum
3411 1648 3644 1713 pr0pter

270 1721 548 1776 Henricus
581 1721 931 1789 Spondanus
963 1721 1032 1773 ad
1064 1721 1335 1773 eumdem
1370 1737 1611 1787 annum;
1634 1722 1714 1775 ita
1779 1720 1897 1787 alii,
1929 1738 1976 1801 B
2012 1727 2237 1781 diversa
2268 1730 2462 1798 populi
2498 1730 2709 1799 studia,
2744 1736 2866 1783 tum
2903 1731 2973 1784 ob
3006 1730 3287 1785 Manuelis
3327 1732 3638 1801 patiarchee

266 1808 914 1880 quihujusdetectionis
934 1808 1269 1873 meminere,
1306 1808 1673 1879 Pachymeris
1700 1813 1899 1863 aucto-

267 1897 438 1951 ritate
470 1912 531 1951 se
561 1900 745 1950 tectos
785 1902 997 1966 putant
1030 1896 1155 1950 sine
1195 1897 1308 1949 alio
1366 1897 1652 1962 examine,
1698 1903 1753 1950 et
1809 1913 1898 1950 er-

268 1989 420 2053 rant,
452 1988 509 2039 et
538 1982 684 2039 alios
724 1983 783 2037 in
814 1999 1067 2038 errorem
1102 1984 1405 2038 inducunt.

341 2080 579 2135 Acutior
608 2079 740 2135 aliis
759 2078 974 2134 Sethus
1003 2079 1295 2134 Clovisius
1326 2080 1387 2135 in
1417 2079 1631 2136 Chron.
1666 2097 1737 2134 an
1766 2082 1903 2135 1255

268 2167 639 2238 Pachymeris
669 2168 999 2238 fragmenta
1029 2167 1242 2222 erroris
1282 2168 1493 2238 arguit,
1547 2170 1701 2238 quod
1774 2186 1898 2224 eam

269 2258 411 2313 solis
440 2256 705 2326 eclipsim
735 2256 793 2310 in
826 2256 989 2309 obitu
1030 2256 1319 2311 Theodori
1352 2256 1752 2321 indicaverint,
1790 2275 1902 2326 quo

270 2362 425 2400 anno
471 2349 527 2399 et
552 2343 938 2415 sequentibus
960 2342 1121 2397 nulla
1151 2344 1285 2398 talis
1315 2344 1666 2411 inveniatur,
1698 2350 1753 2398 et
1774 2362 1899 2400 eam

271 2437 439 2504 putat
479 2432 761 2487 accidisse
790 2432 849 2484 in
882 2434 1066 2485 morte
1087 2430 1330 2486 Joannis
1359 2432 1550 2499 Ducas,
1594 2438 1725 2502 post
1776 2435 1903 2502 ejus

276 2522 502 2577 obitum
526 2520 617 2575 die
644 2520 702 2587 6,
740 2519 810 2573 3O
840 2519 1196 2575 Decembris.

341 2619 434 2675 Sic
466 2616 771 2683 Calvisius,
805 2632 873 2670 ex
911 2621 1073 2687 parte
1107 2617 1342 2688 quidem
1374 2634 1528 2687 vere,
1558 2622 1623 2671 ut
1674 2619 1743 2673 ab
1803 2636 1902 2672 au-

274 2711 436 2762 ctore
459 2706 518 2759 in
553 2705 727 2759 rebus
758 2705 1164 2760 astronomicis
1191 2707 1335 2760 bene
1360 2714 1607 2774 versato,
1672 2708 1771 2761 sed
1840 2724 1908 2761 ex

278 2798 443 2863 parte
475 2796 677 2847 contra
698 2792 951 2847 historiae
974 2793 1276 2847 veritatem
1301 2793 1611 2848 manifeste
1642 2810 1903 2865 pugnan-

279 2881 380 2935 tia.
407 2881 639 2935 Certum
673 2879 829 2933 enim
862 2884 949 2935 est
973 2882 1093 2950 jam
1128 2880 1301 2952 paulo
1326 2886 1457 2935 ante
1482 2881 1767 2951 prolatum
1798 2887 1903 2935 Pa—

278 2969 613 3039 chymerem
648 2968 804 3038 loqui
834 2970 902 3022 de
929 2970 1085 3023 obitu
1117 2970 1402 3024 Theodori
1442 2968 1502 3023 in
1534 2986 1735 3023 mense
1789 2976 1905 3022 Au-

273 3064 472 3129 gusto,
505 3073 676 3123 anno,
708 3063 771 3110 ut
803 3058 922 3126 ipse
952 3058 1049 3123 ait,
1077 3059 1146 3111 ad
1181 3062 1527 3111 autumnum
1556 3056 1903 3125 inclinante;

275 3162 390 3217 quo
424 3162 535 3198 non
561 3145 807 3215 quadrat
843 3162 998 3199 mors
1028 3145 1293 3211 Joannis,
1327 3162 1452 3215 quae
1504 3146 1561 3199 in
1618 3147 1686 3198 30
1733 3145 1909 3199 Octo-

274 3235 398 3289 bris
432 3234 697 3299 incurrit,
734 3238 795 3285 ut
827 3233 1001 3286 etiam
1062 3234 1230 3303 paulo
1281 3233 1547 3304 superius
1579 3234 1908 3288 docuimus.

281 3321 493 3376 Deinde
529 3321 672 3389 quid
706 3324 992 3388 spectaret
1022 3322 1089 3374 ad
1126 3331 1367 3374 mortem
1402 3321 1711 3388 Theodori,
1735 3337 1909 3391 quam

281 3409 560 3463 describit
588 3414 782 3478 aperte
816 3409 1211 3479 Pachymeres,
1254 3409 1510 3462 narratio
1570 3421 1682 3463 tam
1740 3427 1913 3464 accu-

285 3502 413 3571 rata
450 3496 679 3566 eclipsis
702 3495 844 3550 solis
877 3497 1037 3550 facta;
1086 3497 1143 3550 in
1206 3504 1387 3551 morte
1442 3498 1623 3567 patris
1669 3504 1916 3567 quatuor

288 3586 406 3639 fere
438 3590 567 3637 ante
599 3584 972 3649 annos,nulla
1001 3585 1114 3637 alia
1147 3585 1326 3654 patris
1375 3585 1666 3640 mentione
1719 3586 1918 3641 habita

288 3679 390 3728 aut
420 3673 476 3725 id
509 3672 767 3740 exigente
786 3689 963 3725 causa
995 3672 1373 3726 rationabili?
1430 3675 1727 3737 Quomodo
1753 3675 1912 3728 deni-

287 3778 402 3832 que
423 3760 675 3830 eclipsis,
711 3778 836 3831 qua:
869 3761 1111 3830 contigit
1138 3762 1206 3814 30
1237 3762 1328 3814 die
1386 3761 1744 3827 Decembris,
1802 3762 1914 3815 dici

284 3849 779 3921 potestaccidisse
810 3854 969 3902 sexto
1015 3849 1107 3902 die
1167 3855 1297 3918 post
1357 3855 1595 3902 mortem
1649 3851 1915 3913 Joannis,

286 3938 388 4008 qui
420 3938 545 3991 vita:
575 3937 726 3990 diem
756 3941 1077 3990 extremum
1113 3935 1316 3989 habuit
1345 3937 1412 3988 30
1442 3936 1706 3992 Octobris
1739 3941 1760 3990 i’

363 4036 486 4088 llaec
515 4033 693 4104 igitur
718 4032 948 4088 Calvnsii
993 4032 1417 4087 animadversio
1453 4050 1563 4087 non
1615 4034 1762 4088 tollit
1818 4041 1919 4090 aut

287 4122 505 4178 minuit
536 4121 872 4193 quaestionis
900 4120 1330 4186 difﬁcultatem,
1362 4122 1463 4176 sed
1496 4128 1669 4193 auget
1726 4126 1918 4192 potius

286 4219 345 4267 et
376 4212 457 4265 ita
486 4210 747 4279 implicat
786 4216 851 4262 ut
881 4209 1253 4263 insolubilem
1288 4211 1472 4263 facere
1506 4210 1783 4266 videatur.

360 4310 453 4363 Sic
500 4307 676 4379 igitur
724 4307 1132 4377 Pachymerem
1169 4307 1607 4375 intelligendum
1650 4308 1919 4369 arbitror,

291 4402 356 4453 ut
386 4412 583 4451 revera
613 4400 863 4449 mortem
904 4394 1195 4448 Theodori
1229 4395 1542 4461 describat,
1594 4397 1923 4465 factamque

287 4501 424 4540 vere
473 4489 698 4538 asserat
729 4482 1048 4537 inclinante
1088 4484 1158 4537 ad
1187 4488 1535 4537 autumnum
1597 4501 1767 4548 anno,
1827 4486 1925 4538 sed

289 4572 557 4642 eclipsim
584 4572 724 4627 solis
755 4571 1021 4641 designet
1050 4587 1161 4624 non
1194 4588 1319 4642 quis
1346 4573 1397 4624 in
1442 4572 1602 4625 obitu
1661 4573 1925 4641 ejusdem

290 4661 580 4717 Theodori
610 4661 693 4731 [P.
739 4660 861 4730 494]
897 4661 1049 4713 facta
1088 4659 1162 4712 sit
1215 4660 1297 4724 (id
1357 4659 1510 4713 enim
1566 4666 1759 4715 textus
1814 4678 1929 4715 non

292 4749 475 4816 dicit;
509 4754 562 4803 et
592 4754 791 4819 inepta
820 4765 887 4802 ea
917 4752 1072 4802 esset
1102 4749 1172 4801 ad
1207 4747 1832 4817 praesigniﬁcationem,
1864 4750 1935 4804 de

295 4854 415 4908 qua
444 4836 503 4891 in
535 4853 601 4892 eo
634 4835 851 4891 mentio
884 4836 1016 4903 est),
1045 4836 1144 4890 sed
1179 4852 1305 4906 quae
1335 4835 1503 4890 initio
1528 4836 1756 4906 imperii
1780 4839 1934 4906 ejus-

297 4927 425 4981 dem
452 4925 756 4992 Theodori,
789 4924 957 4994 quasi
994 4924 1319 4993 prenuntia
1349 4923 1540 4978 brevis
1574 4929 1628 4977 et
1688 4924 1937 4979 infelicis

298 5014 427 5081 ejus
457 5013 640 5084 regni.
674 5013 827 5083 quod
863 5028 976 5066 non
1010 5012 1196 5066 multo
1239 5011 1371 5081 plus
1397 5011 1648 5065 triennio
1678 5012 1857 5079 stetit,
1882 5018 1940 5067 et

300 5102 359 5156 in
392 5101 687 5156 continuis
724 5101 864 5154 701
900 5099 1035 5153 belli
1087 5100 1342 5153 motibus
1395 5104 1453 5153 et
1511 5099 1694 5152 morbi
1760 5102 1937 5154 mole-

295 5189 551 5245 stissimi
584 5205 735 5258 saepe
782 5186 1042 5255 repetitis
1100 5186 1463 5256 gravissimis
1520 5187 1939 5244 tentationibus

298 5282 494 5332 actum
526 5292 659 5330 cum
683 5275 798 5329 vita
828 5275 1061 5328 ﬁnitum
1086 5279 1171 5327 est
1201 5274 1555 5329 annoaetatis
1578 5274 1647 5327 36
1679 5278 1939 5331 nondum

302 5366 619 5433 completo.

381 5456 518 5517 Quae
533 5458 724 5507 tamen
752 5469 884 5506 cum
905 5468 1017 5505 non
1043 5452 1186 5507 satis
1208 5452 1943 5523 distinguatPachymeres,

307 5546 371 5598 et
391 5541 589 5597 statim
626 5547 756 5611 post
782 5540 1130 5610 descriptam
1166 5546 1411 5595 mortem
1441 5540 1727 5595 Theodori
1758 5544 1828 5599 de
1849 5546 1948 5601 illa

592 5659 861 5717 Ριτιιοι.
909 5657 1020 5716 Gn.
1058 5656 1318 5718 CXLIII.

2009 1813 2179 1883 paulo
2210 1821 2343 1869 ante
2377 1818 2586 1871 mortui
2615 1818 2992 1873 desiderium.
3044 1819 3350 1889 Nicephori
3400 1820 3455 1873 in
3512 1821 3639 1889 ejus

2007 1902 2197 1957 locum
2227 1905 2389 1958 electi
2416 1908 2760 1960 modestiam
2792 1907 2848 1961 in
2885 1909 3205 1961 recusanda
3236 1909 3537 1979 dignitate,
3575 1924 3640 1961 ac

2004 1992 2227 2045 Arsenii
2264 1994 2497 2047 tandem
2532 1996 2713 2049 vocati
2747 1996 2817 2048 ad
2851 2006 3186 2065 ungendum
3245 2002 3301 2050 et
3357 2012 3642 2051 coronan-

2007 2080 2147 2133 dli-nl
2182 2080 2586 2151 imperatorem
2631 2083 2949 2151 longiorem
3009 2101 3387 2154 moram,quaa
3444 2085 3641 2139 omnia.

2009 2169 2131 2222 fuse
2162 2170 2500 2224 describunt
2530 2172 2891 2241 Nicephorus
2923 2173 3206 2241 Gregoras
3239 2173 3403 2227 initio
3437 2174 3559 2239 1.11,
3587 2176 3643 2226 et

2010 2256 2288 2327 Georgius
2321 2258 2650 2329 Acropolita
2680 2275 2727 2311 c.
2752 2261 2841 2313 53.
2871 2260 3211 2314 Theodorus
3258 2262 3453 2315 statim
3480 2261 3646 2315 initio

2014 2347 2172 2415 regni
2205 2345 2431 2400 infestis
2463 2348 2629 2401 bellis
2661 2353 2859 2402 contra
2890 2349 3172 2417 Bulgaros
3230 2355 3285 2403 et
3334 2349 3645 2405 Thessalos

2012 2450 2197 2502 usque
2228 2436 2300 2487 ad
2341 2435 2468 2487 vitae
2519 2434 2731 2489 exitum
2786 2436 3095 2490 infeliciter
3142 2443 3461 2508 occupatus
3506 2444 3592 2491 est
3630 2456 3643 2492 :

2009 2521 2375 2575 difﬁcillimis
2407 2523 2677 2592 negotiis.
2713 2524 3072 2594 implicatus.
3098 2525 3535 2595 suspicionibus
3588 2532 3646 2581 et

2011 2609 2253 2663 humore
2286 2609 2705 2665 melancholico
2724 2613 2791 2665 ad
2816 2615 3080 2680 quaedam
3101 2632 3205 2667 sua
3233 2614 3536 2679 majestate
3561 2616 3644 2667 in-

2011 2698 2187 2767 digna
2208 2698 2380 2751 etiam
2414 2700 2691 2753 adversus
2716 2701 2936 2754 aulicos
2968 2704 3247 2769 dignitate
3287 2709 3335 2754 et
3377 2704 3483 2754 title
3508 2719 3645 2771 erga

2011 2802 2142 2839 cum
2177 2790 2512 2854 praestantes
2549 2790 2928 2856 perpetranvla
2963 2791 3270 2857 adductus,
3296 2790 3437 2843 vixit
3471 2791 3645 2844 mise-

2012 2873 2289 2927 rabiliter.
2323 2874 2663 2928 Theodorus
2696 2876 2867 2945 longa
2908 2879 3140 2930 tandem
3204 2879 3386 2931 morie
3452 2880 3643 2933 confe-

2012 2966 2161 3027 ctus,
2198 2966 2312 3015 toto
2341 2977 2574 3031 corpore
2607 2964 2904 3031 exsangui,
2936 2966 3148 3018 frustra
3186 2967 3423 3020 tentatis
3463 2970 3648 3020 omni-

2017 3050 2127 3103 bus
2162 3049 2435 3103 humanis
2464 3051 2757 3116 remediis,
2791 3068 2950 3106 ex1ra
2970 3053 3210 3124 regiam,
3230 3056 3288 3107 in
3309 3056 3462 3122 gravi
3489 3055 3651 3111 luctu

2026 3137 2373 3208 pmnitentiaz
2404 3144 2459 3191 et
2492 3140 2693 3193 habitu
2728 3138 3018 3211 religioso,
3052 3142 3255 3197 dolens
3290 3144 3443 3212 quod
3486 3143 3649 3198 Chri-

2022 3230 2175 3279 stum
2211 3226 2587 3293 deseruisset,
2617 3245 2792 3299 reguo
2818 3229 2993 3283 simul
3027 3235 3083 3284 et
3114 3230 3229 3285 vita
3273 3232 3533 3302 privatur
3591 3233 3647 3285 in

2021 3314 2206 3367 astatis
2238 3313 2397 3377 ﬁere,
2424 3331 2573 3369 anno
2602 3321 2824 3370 tantum
2860 3325 3019 3372 sexto
3048 3336 3225 3389 supra
3263 3320 3651 3385 tricesimum,

2021 3402 2248 3470 imperii
2282 3408 2507 3471 quarto.
2539 3404 2899 3472 Theodorus,
2933 3408 3303 3463 vehementer
3333 3410 3542 3464 anxius
3586 3411 3653 3464 de

2021 3488 2133 3543 ﬁde
2162 3495 2219 3544 et
2248 3490 2505 3544 amicitia
2532 3492 2829 3548 Michaelis
2861 3495 3190 3566 Palaeologi,
3224 3497 3401 3550 ﬁliolo
3433 3498 3501 3551 ad
3547 3498 3656 3550 im-

2019 3576 2164 3647 perii
2194 3577 2590 3647 gubernacula
2616 3581 2830 3651 inepto,
2865 3584 2973 3637 sub
3008 3584 3263 3638 hominis
3303 3586 3536 3639 obscuri
3594 3590 3652 3640 et

2021 3664 2130 3717 sub
2164 3663 2501 3734 patriarcha:
2535 3667 2735 3732 tutela,
2767 3670 2837 3721 ad
2868 3669 3143 3725 inv1diam
3179 3671 3499 3741 dignitatis,
3532 3689 3649 3741 qua

2021 3751 2175 3821 brevi
2209 3751 2467 3821 dejeetus
2497 3756 2603 3820 est,
2637 3754 2857 3823 relicto,
2916 3762 3327 3813 testamentum
3390 3760 3653 3815 condidit

2019 3839 2078 3891 in
2106 3839 2353 3909 gratiam
2372 3841 2582 3895 tutoris
2606 3841 2766 3896 illius
2788 3844 3127 3915 Muzalonis,
3164 3864 3333 3917 quem
3357 3848 3645 3902 Romana-

2020 3944 2151 3981 rum
2182 3944 2375 3981 rerum
2408 3929 2706 3984 dominum
2741 3933 3146 3997 constituebat,
3172 3937 3359 4002 quoad
3394 3936 3549 3991 ﬁlius
3578 3937 3651 3991 ad

2023 4016 2331 4085 perfectam
2356 4017 2609 4071 venisset
2639 4023 2889 4085 aetatem,
2924 4038 3052 4075 cum
3085 4024 3434 4092 gravissima
3463 4042 3659 4095 proce-

2024 4120 2154 4157 rum
2188 4102 2523 4172 offensione,
2554 4124 2726 4175 quam
2763 4113 2962 4163 secuta
3002 4115 3090 4164 est
3148 4110 3377 4181 imperii
3433 4119 3662 4183 pertur-

2026 4192 2181 4244 batio
2213 4196 2270 4245 et
2302 4192 2357 4244 in
2391 4192 2692 4248 Michaelis
2736 4196 3014 4251 familiam
3075 4200 3322 4253 transito
3380 4201 3658 4255 crudelis-

2027 4280 2195 4333 sima.
2233 4280 2355 4333 Fuit
2394 4280 2485 4334 hic
2522 4284 2891 4339 miserrimus
2920 4286 3202 4341 Theodori
3237 4288 3398 4357 regni
3447 4296 3503 4343 et
3532 4291 3661 4344 vita;

2034 4372 2225 4423 status
2265 4368 2565 4423 eluctuosa
2618 4374 2822 4427 mortis
2875 4375 3149 4443 conditio,
3204 4392 3379 4445 quam
3429 4378 3663 4433 brevius

1958 4434 2005 4495 D
2036 4456 2418 4525 Nicephorus,
2454 4459 2641 4513 fusius
2671 4462 3001 4529 Acropolita
3031 4434 3328 4527 describit,
3372 4470 3472 4534 qui
3532 4484 3665 4521 cum

2036 4544 2265 4615 imperii
2296 4544 2590 4615 logotheta
2645 4548 2934 4614 existeret,
2996 4552 3271 4622 frequens
3330 4551 3669 4624 imperatori

2039 4634 2259 4687 ratione
2290 4633 2463 4687 ofﬁcii
2496 4635 2715 4705 aderat,
2736 4642 2794 4691 et
2821 4654 2947 4707 qua:
2971 4656 3226 4709 praesens
3278 4642 3402 4695 fieri
3440 4643 3674 4698 videbat

2042 4737 2255 4790 magna
2284 4721 2396 4775 ﬁde
2426 4726 2481 4776 et
2513 4723 2817 4795 diligentia
2848 4734 3066 4783 narrat.

2116 4828 2201 4879 VI.
2238 4826 2364 4881 Haec
2396 4827 2575 4897 igitur
2603 4831 2785 4887 voluit
2809 4833 3107 4890 insinuare
3131 4838 3673 4910 Pachymeres,cum

2044 4913 2276 4984 scripsit
2307 4915 2555 4972 infelicis
2591 4920 2749 4989 regni
2780 4926 2833 4975 et
2866 4921 3115 4978 luctuosi
3150 4926 3342 4981 obitus
3391 4926 3683 4982 Theodori

2048 5003 2433 5073 praenuntiam
2456 5007 3145 5067 exstitissedefectionem
3163 5014 3301 5068 solis
3318 5015 3653 5069 horribilem
3667 5057 3680 5081 ,

2048 5106 2176 5161 quae
2206 5092 2313 5143 sub
2347 5092 2577 5148 initium
2616 5096 2777 5166 regni
2808 5100 2937 5165 ejus
2969 5100 3118 5154 facta
3168 5107 3276 5169 est,
3339 5104 3487 5157 702
3538 5102 3685 5157 hora

2050 5180 2223 5233 tertia
2256 5187 2384 5248 post
2415 5184 2739 5247 meridiem,
2765 5192 2926 5240 sexto
2957 5188 3070 5252 die,
3104 5188 3372 5244 videlicet
3404 5195 3537 5260 post
3557 5191 3687 5258 ejus

2049 5268 2481 5323 coronationem
2517 5276 2573 5324 et
2604 5272 2937 5329 unctionem
2967 5276 3309 5331 solemnem.

2124 5374 2371 5443 Etenim,
2404 5376 2454 5429 si
2486 5379 2834 5449 conjecturae
2867 5398 2982 5435 non
3014 5382 3386 5453 improbabili
3407 5384 3566 5439 locus
3590 5386 3691 5439 da-

2054 5467 2168 5530 tur,
2206 5462 2433 5518 videtur
2460 5465 2603 5520 facta
2637 5469 2937 5524 eoronatio
2966 5470 3247 5527 Theodori
3282 5474 3410 5545 ipsa
3441 5473 3693 5528 solemni

2056 5550 2365 5605 festivitate
2402 5553 2729 5611 Nativitatis
2758 5557 2973 5613 Christi
3018 5559 3273 5627 Domini,
3334 5563 3453 5615 sive
3513 5568 3569 5614 ut
3628 5578 3699 5616 ex

3344 5681 3414 5738 3'7
