4122 6272
461 290 599 344 1163

1482 295 1543 346 P.
1585 292 1857 347 POSSINI
1893 292 2507 353 OBSERVATIONUM
2544 300 2678 353 LIB.
2722 302 2819 356 III.

3708 309 3851 366 1164

460 414 587 469 lucc
614 414 723 467 diei
751 413 1138 467 celeberrimae
1170 414 1361 467 aditus
1395 415 1460 468 ad
1521 413 1832 485 imperium
1884 413 2093 468 clarior
2122 415 2177 481 Α
2209 414 2357 485 sitis,
2380 435 2509 473 cum
2544 421 2653 477 hac
2683 423 3063 495 inscriptione
3095 442 3109 481 :
3143 428 3301 482 'Inter
3352 429 3579 501 eclipse:
3604 436 3847 490 exorior.

463 504 784 566 exsisteret,
818 502 938 556 sive
965 507 1024 554 ut
1046 502 1179 555 inde
1212 501 1495 556 fclicitatis
1528 508 1839 571 augurium
1897 519 2088 556 sume-

466 597 553 645 ret
584 592 916 661 imperator,
950 591 1100 660 quod
1124 590 1403 660 regnandi
1446 591 1797 661 principium
1857 592 2096 644 duceret

466 682 537 735 ab
566 696 630 734 eo
652 684 907 749 tempore
941 695 1054 749 quo
1085 678 1348 732 Christus
1382 678 1613 732 initium
1648 680 1874 733 vivendi
1928 679 2096 734 fecis-

466 774 553 823 set
586 786 597 832 ;
633 785 745 838 quo
774 785 912 821 sane
944 768 1112 822 modo
1146 776 1196 821 et
1230 768 1449 821 ratione
1480 778 1677 837 gentes
1721 772 1778 821 et
1829 768 2095 823 Ecclesiae

466 858 842 912 nobilissimae
867 857 1003 911 anni
1035 857 1336 911 exordium
1370 874 1402 911 a
1424 857 1636 911 Christi
1664 856 1964 911 Natalibus
1997 875 2100 913 au-

469 947 789 1016 spicantur.

535 1042 675 1096 Utut
704 1043 779 1095 sit
808 1043 879 1095 de
914 1042 1039 1112 ipsa
1073 1053 1262 1096 mente
1322 1042 1713 1113 imperatoris,
1759 1048 1912 1097 certe
1970 1044 2101 1113 eius

468 1130 713 1185 consilia
744 1146 857 1185 non
889 1130 1256 1184 mediocriter
1286 1131 1520 1185 turbare
1552 1130 1670 1184 visa
1717 1136 1805 1184 est
1859 1131 2101 1185 defectio

470 1219 611 1274 solis
633 1224 749 1272 tam
784 1218 1065 1287 insolens,
1090 1223 1210 1272 tam
1230 1218 1343 1272 cito
1372 1222 1503 1288 post
1520 1233 1643 1287 ειυς
1671 1219 2102 1274 coronationem

469 1308 638 1360 facta.
670 1306 810 1360 Visa
831 1311 918 1360 est
946 1306 1103 1359 enim
1127 1307 1297 1375 juxta
1314 1305 1550 1360 tabulas
1567 1307 1989 1361 astronomicas
2013 1307 2105 1362 die

470 1396 539 1447 30
568 1394 917 1449 Decembris.
951 1394 1089 1448 Visa
1119 1410 1322 1449 sereno
1355 1393 1518 1457 coelo,
1544 1399 1715 1464 prout
1741 1395 2009 1449 innuitur
2038 1412 2107 1450 ex

474 1487 675 1537 notata
696 1482 767 1535 ab
792 1482 1067 1536 historico
1090 1482 1454 1552 apparitione
1476 1482 1946 1538 stellarum.Visa
1966 1484 2108 1538 hora

475 1577 607 1644 post
637 1571 933 1626 meridiem
967 1571 1249 1641 tertia,[P.
1283 1572 1406 1641 495]
1451 1575 1584 1625 ante
1645 1572 1785 1627 solis
1834 1589 2106 1627 occasum

477 1662 594 1716 fere
624 1663 848 1733 integra
878 1661 1004 1715 luce
1035 1661 1353 1729 deﬁciente,
1388 1661 1570 1716 stellis
1594 1662 1649 1715 in
1683 1661 1823 1716 ccelo
1855 1660 2011 1715 velut
2049 1661 2109 1716 in

477 1752 764 1820 profunda
798 1755 961 1805 nocte
982 1754 1101 1804 toto
1134 1750 1460 1819 crepusculi
1485 1756 1742 1821 tempore
1800 1751 1858 1804 in
1917 1750 2113 1805 densis
2140 1771 2187 1834 B

479 1845 644 1894 terrae
666 1838 919 1893 tenebris
951 1839 1532 1908 apparentibusNisa
1562 1839 1805 1909 insuper
1836 1842 1921 1892 est
1952 1842 2114 1892 sexta

477 1930 569 1982 die
604 1933 733 1997 post
762 1927 1131 1997 imperatoris
1165 1928 1619 1991 coronationem,
1648 1944 1762 1997 quo
1822 1927 2113 1997 priscique

476 2021 734 2087 tempore
767 2017 835 2069 de
867 2031 932 2069 eo
964 2014 1206 2069 consilia
1263 2021 1319 2068 et
1366 2015 1560 2068 omina
1612 2015 1787 2068 futuri
1848 2020 2109 2081 eventus,

476 2122 589 2159 non
622 2105 749 2159 sine
780 2103 962 2158 multo
991 2104 1047 2157 in
1080 2120 1311 2158 omnem
1345 2109 1567 2175 partem
1602 2118 1886 2168 sermone,
1923 2104 2110 2173 agita-

476 2194 712 2247 bantur.

546 2280 663 2337 VlI.
696 2282 766 2336 Et
799 2280 931 2336 hinc
962 2284 1122 2351 patet
1144 2281 1522 2352 quamobrem
1562 2280 1941 2352 Pachymeres
1982 2296 2109 2335 eam

476 2370 738 2441 eclipsim
775 2375 841 2423 ut
874 2370 1168 2423 funestum
1216 2369 1443 2439 imperii
1499 2374 1830 2439 portentum
1888 2369 1945 2422 in
1984 2369 2111 2438 ipso

478 2458 661 2525 aditu,
692 2458 746 2511 id
778 2462 865 2512 est
895 2464 1054 2512 sexta
1076 2458 1167 2511 die
1192 2462 1318 2528 pest
1339 2458 1624 2512 Theodori
1655 2456 2111 2525 coronationem,

480 2546 964 2601 considerandam
997 2546 1238 2615 dederit,
1276 2551 1339 2599 ut
1368 2546 1536 2615 quasi
1585 2562 1652 2600 ex
1702 2546 1940 2599 funerea
1988 2546 2112 2599 face

481 2639 770 2702 praeeunte
796 2650 909 2687 non
933 2634 1194 2687 diuturni
1213 2634 1440 2703 imperii
1469 2636 1617 2687 male
1640 2634 1905 2687 ominosa
1926 2632 2109 2703 signi-

480 2723 670 2777 ficatio
693 2726 998 2792 caperetur
1024 2738 1036 2788 ;
1062 2721 1252 2790 qualis
1276 2720 1675 2791 augurationis
1699 2726 1755 2775 et
1778 2720 2110 2791 exemplum

479 2812 537 2865 in
571 2810 982 2865 vetustioribus
1015 2810 1308 2864 historicis
1339 2810 1721 2879 Pachymcres
1761 2826 1876 2864 non
1927 2825 2109 2863 unum

478 2899 706 2967 habuit,
741 2904 795 2953 et
825 2899 1174 2953 recentiores
1206 2914 1431 2967 quoque
1452 2898 1604 2952 idem
1628 2899 1894 2952 videmus
1918 2898 2109 2951 imita-

478 2988 635 3042 tione
655 2988 1000 3053 celebrasse,
1023 2986 1227 3041 saltem
1248 2988 1384 3041 dum
1400 3004 1466 3041 ex
1479 2988 1669 3042 officio
1686 2986 2108 3055 rei‘eruntjudi-

477 3076 567 3130 cia
628 3075 785 3145 vulgi
849 3075 1152 3129 hominum
1207 3075 1265 3129 in
1315 3075 1459 3129 tales
1504 3075 1620 3128 fere
1675 3075 2110 3143 przesagitiones

478 3164 667 3233 proni,
692 3162 920 3233 quoties
952 3164 1124 3217 istius
1156 3163 1383 3232 generis
1417 3162 1670 3216 ccelestia
1700 3167 1967 3232 portenta
2000 3162 2109 3215 sub

484 3252 876 3322 principatum
902 3251 1165 3320 auspicia
1195 3251 1525 3304 incurrunt.

553 3350 630 3403 Ex
661 3348 767 3403 hoc
799 3352 936 3402 sunt
977 3364 1183 3417 genere
1234 3364 1359 3418 qua:
1411 3348 1561 3418 apud
1613 3346 1836 3402 Julium
1882 3346 2113 3417 Capito-

480 3439 624 3493 lium
658 3438 715 3492 in
741 3437 1032 3492 Gordiano
1066 3435 1234 3489 tertio
1266 3436 1553 3507 leguntur.
1602 3436 1705 3490 Ubi
1740 3437 1894 3490 enim
1956 3436 2110 3489 hunc

483 3526 722 3598 cmpisse
754 3526 1039 3595 imperare
1072 3522 1271 3578 retulit
1301 3523 1631 3590 historicus,
1669 3528 1864 3578 statim
1900 3525 2108 3594 adjun-

480 3621 595 3691 git:
621 3617 721 3672 Sed
752 3617 1020 3670 indicium
1051 3630 1164 3668 non
1193 3612 1289 3666 diu
1320 3612 1657 3679 imperaturi
1706 3612 1968 3667 Gordiani
2015 3615 2111 3669 hoc

478 3708 607 3779 fuit,
640 3705 781 3778 quod
809 3704 1029 3774 eclipsis
1049 3704 1181 3757 solis
1205 3704 1354 3771 facta
1384 3706 1482 3770 est,
1514 3711 1573 3755 ut
1598 3717 1726 3755 mox
1772 3702 2109 3771 crederetur,

475 3813 649 3867 neque
669 3798 787 3850 sine
818 3793 1122 3848 luminibus
1146 3790 1387 3845 accensis
1416 3791 1713 3861 quidquam
1761 3792 1859 3860 agi
1904 3801 2105 3860 posset.

476 3888 563 3941 Ita
593 3886 707 3951 ille,
742 3883 882 3939 solis
916 3880 1297 3935 defectionem
1333 3880 1585 3933 innuens
1608 3895 1731 3948 quae
1766 3896 1917 3933 anno
1950 3879 2106 3934 Chri-

474 3976 547 4030 sti
578 3975 705 4043 237,
738 3973 806 4027 12
830 3970 1066 4042 Aprilis,
1100 3970 1293 4023 Romae
1324 3968 1445 4022 viso
1479 3967 1766 4037 hodieque
1792 3984 1855 4021 ex
1891 3968 2108 4023 tabulis

471 4060 949 4133 deprehenditur.
982 4062 1187 4111 Sextus
1219 4056 1357 4110 item
1393 4055 1662 4110 Aurelius
1702 4055 1901 4109 Victor
1955 4073 2107 4112 anno

470 4152 538 4208 U.
567 4152 627 4207 C.
663 4150 821 4215 1062,
854 4164 986 4201 cum
1013 4150 1309 4199 narrasset
1358 4160 1560 4213 pacem
1611 4144 1761 4197 inter
1808 4147 2105 4214 Augustos

469 4237 916 4296 Constantinum
939 4239 994 4288 et
1026 4233 1312 4287 Licinium
1348 4233 1578 4300 factam,
1612 4232 1810 4287 ascitis
1862 4234 1918 4287 in
1970 4251 2104 4289 con-

471 4330 716 4387 sortium
746 4324 974 4395 imperii
1000 4326 1289 4375 Caesarum
1312 4319 1543 4374 nomine
1578 4324 1884 4391 utriusque
1906 4322 2104 4378 liberis

471 4419 673 4488 Crispo
705 4420 762 4470 et
791 4411 1190 4475 Constantino,
1227 4409 1361 4465 ﬁliis
1406 4410 1791 4473 Constantini,
1842 4416 1897 4465 et
1950 4412 2099 4466 Lici-

470 4509 644 4563 niano
690 4505 811 4559 filio
856 4502 1081 4564 Licinii,
1130 4500 1434 4571 adjungit:
1475 4501 1624 4567 Quod
1690 4500 1942 4572 equidem
2008 4505 2101 4557 vim

466 4600 793 4654 diuturnum
822 4608 995 4663 neque
1042 4593 1126 4645 his
1174 4591 1269 4660 qui
1316 4592 1735 4645 assumebanlur
1775 4591 1917 4661 felix
1961 4594 2097 4663 fore,

464 4690 677 4757 defectu
706 4684 835 4739 solis
858 4681 1061 4745 fredato
1091 4680 1287 4734 iisdem
1318 4682 1596 4735 mensibus
1619 4680 1708 4733 die
1734 4683 2096 4750 patefactum.

464 4776 716 4845 Contigit
737 4790 802 4828 ea
822 4771 1052 4841 eclipsis
1070 4786 1221 4824 anno
1241 4769 1633 4824 veteriChristi
1652 4770 1850 4833 317,20
1872 4770 2099 4825 Decem-

468 4864 611 4920 bris.
648 4865 731 4918 lta
761 4862 926 4916 etiam
985 4876 1099 4913 non
1157 4859 1239 4913 ita
1287 4855 1465 4913 veteri
1498 4865 1729 4930 patrum
1764 4865 2097 4915 nostrorum

470 4954 755 5010 memoria
796 4953 1107 5006 observant
1149 4948 1437 5004 historicas
1496 4949 1727 5003 Gallicae
1788 4952 2099 5021 scriptores

468 5061 621 5099 anno
652 5041 862 5098 Christi
900 5040 1053 5104 1544,
1088 5055 1200 5109 quo
1234 5048 1403 5092 natus
1455 5043 1544 5091 est
1601 5039 1941 5093 Franciscus
1997 5045 2097 5095 Se-

464 5135 687 5192 cundus
708 5129 998 5193 Valesius,
1032 5132 1236 5197 quarto
1262 5128 1409 5181 703
1455 5131 1584 5195 post
1643 5127 1769 5195 ejus
1828 5129 2099 5182 nativita-

464 5232 580 5279 tem
615 5222 706 5275 die
737 5216 1073 5272 horribilem
1111 5216 1252 5270 solis
1300 5215 1561 5285 eclipsim
1617 5214 1948 5285 contigisse,
2010 5233 2098 5270 eo-

464 5316 714 5381 demque
746 5324 898 5362 anno
935 5313 1049 5359 tres
1072 5305 1222 5357 lunae
1255 5305 1513 5373 insignes
1543 5304 1894 5357 defectiones
1922 5304 2093 5373 visas,

464 5416 647 5471 eaque
679 5395 943 5468 prodigia
976 5409 1250 5461 magnum
1302 5390 1532 5445 dedisse
1579 5392 1883 5460 astrologis
1933 5393 2093 5461 judi-

464 5488 636 5545 candi
685 5489 740 5540 et
796 5482 1089 5538 scribendi
1142 5484 1574 5551 argumentum.
1658 5480 1817 5534 Unde
1893 5487 2094 5535 natum

464 5576 726 5646 ejusdem
758 5570 1035 5645 principis
1067 5568 1376 5635 emblema,
1409 5568 1594 5624 tribus
1623 5568 1727 5622 lilii
1788 5568 2027 5625 ﬂoribus
2066 5586 2096 5625 θ

465 5671 619 5720 terra
647 5659 1101 5731 emergentibus,
1147 5658 1266 5715 sole
1317 5658 1565 5729 desuper
1607 5662 1662 5713 et
1718 5658 1857 5714 luna
1912 5674 2096 5730 oppo-

2272 505 2383 559 Sed
2420 507 2544 574 jam
2600 517 2833 581 tempus
2882 522 2968 568 est
3026 514 3454 572 demonstrandi
3507 521 3717 589 positis
3778 538 3848 576 ex

2204 597 2325 647 arte
2355 598 2745 653 astronomica
2773 600 3013 657 calculis
3052 619 3227 672 quam
3269 609 3400 675 apte
3458 609 3525 661 ad
3568 608 3623 661 id
3681 612 3844 680 quod

2204 680 2592 739 indicavimus
2648 691 2877 759 tempus
2948 690 3172 746 accidat
3226 691 3383 748 istud
3437 694 3762 752 indicatum
3816 716 3849 753 a

2206 766 2559 840 Pachymere
2589 775 2912 846 deliquium
2938 777 3145 835 solare.

2205 865 2353 920 VIII.
2418 870 3155 951 Epilogismui#defectioni
3226 879 3358 951 solis
3434 895 3553 950 quae
3620 882 3849 951 contigit

2277 941 2669 1019 quoad/tristi
2716 945 2992 1019 4255,20
3035 948 3367 1017 Decembris,
3404 941 3576 1019 juxta
3629 941 3848 1008 tabuias

2278 1010 2655 1089 {ludolphiuos
2695 1010 3061 1089 subsidiarias
3108 1020 3330 1089 Kepleri
3353 1010 3438 1077 ad
3482 1024 3850 1080 meridianum

2278 1079 2563 1136 Nicxenum
2594 1084 2652 1138 in
2685 1086 2944 1155 Bithynia
2976 1079 3271 1145 revocatus.

2728 1172 3065 1224 Novilunium
3094 1178 3334 1227 medium.

2432 1293 2730 1357 Decembris
3231 1304 3292 1351 29
3423 1307 3477 1352 15
3608 1306 3665 1353 18
3788 1309 3846 1357 45

2322 1412 2355 1421 η
2502 1354 2736 1419 Tempus
2764 1359 3023 1420 proximas
3052 1363 3388 1425 apogseitatis
3416 1364 3561 1415 solis.

2210 1412 2358 1484 Junii
2426 1477 2456 1484 __
2633 1412 2652 1419 '
2764 1412 2791 1484 ᾖ
2881 1480 2890 1484 _
3084 1412 3103 1423 ‘
3155 1412 3185 1425 υ
3238 1429 3293 1474 13
3328 1412 3335 1413 “
3374 1412 3382 1414 ἡ
3422 1412 3559 1476 li“
3605 1432 3664 1477 58
3793 1434 3852 1480 26

2212 1477 2553 1526 intervallum
2590 1492 2622 1527 a
2651 1480 2929 1530 novilunio
2959 1484 3137 1533 medio
3201 1487 3291 1537 165
3420 1492 3479 1537 23
3604 1492 3665 1539 97
3791 1477 3846 1542 ιῖἱ

3233 1548 3284 1597 S.
3423 1552 3477 1598 G.

2214 1600 2697 1666 motusiutervallo
2728 1606 3059 1665 respondens
3267 1614 3294 1659 5
3421 1615 3477 1661 13
3634 1614 3665 1661 Ο
3792 1618 3853 1666 32

2217 1662 2486 1729 tollendus
2518 1678 2549 1711 a
2578 1662 2933 1729 locohapo‘gaei
2966 1670 3091 1718 solis
3266 1679 3293 1721 2
3420 1677 3477 1722 29
3606 1678 3664 1724 50
3794 1662 3849 1726 ἦ

2219 1725 2599 1790 primuslocus
2628 1725 2778 1790 solis
2838 1725 2862 1729 ⁷
3267 1738 3296 1783 9
3426 1739 3480 1785 16
3607 1740 3667 1785 49
3794 1725 3850 1790 15

2216 1782 2437 1854 [9196]
2470 1788 2634 1854 prima
2678 1788 2932 1839 distantia
2974 1792 3203 1843 lumina-

2281 1849 2416 1894 rium
2450 1849 2559 1914 so_l_e
2592 1849 2800 1911 longius
2833 1866 3109 1914 progresso
3268 1861 3293 1905 0
3454 1861 3480 1905 5
3605 1864 3666 1909 32
3794 1865 3851 1911 20

2501 1910 2732 1972 Tempus
2762 1910 3018 1973 proximae
3044 1918 3377 1979 apogseitatis
3407 1919 3564 1968 luuze.

2217 2044 2247 2099 ξι
2277 2031 2554 2099 primadie
2583 2034 2845 2099 Januarii,
2883 2041 2981 2085 etc.
3205 2043 3294 2090 385
3425 2046 3479 2090 18
3608 2048 3666 2093 20
3831 2051 3857 2097 4

2218 2094 2549 2162 intervallum
2579 2111 2608 2143 a
2637 2094 2922 2162 novilunio
2953 2100 3128 2150 medio
3266 2107 3292 2153 4
3450 2110 3477 2154 4
3606 2111 3668 2157 34
3799 2094 3859 2159 δὲ

2219 2160 2395 2222 motus
2411 2158 2703 2222 _intervallo
2734 2162 3066 2222 respondens
3249 2165 3301 2213 S.
3430 2170 3485 2214 G.

2217 2217 2493 2281 addendus
2824 2217 2838 2222 ’
3268 2231 3294 2275 li
3420 2229 3478 2277 21
3612 2233 3669 2278 15
3801 2235 3859 2281 39

2217 2278 2363 2342 locus
2394 2281 2596 2342 apogaei
2629 2282 2769 2330 lunae
3268 2293 3293 2336 7
3423 2293 3478 2339 20
3645 2296 3667 2340 1
3803 2278 3859 2342 id

2216 2341 2420 2401 primus
2452 2341 2597 2390 locus
2631 2344 2770 2392 lunas
3269 2354 3296 2398 9
3426 2355 3471 2399 11
3614 2356 3668 2401 17
3802 2341 3859 2404 25

2219 2409 2427 2513 templ:
2451 2404 3017 2517 pitistha‘p‘hmrestécum
3036 2410 3341 2461 addendum
3364 2414 3640 2464 novilunio
3662 2417 3858 2473 medio,

2756 2563 3089 2614 Novilunium
3122 2583 3316 2618 verum.

2464 2685 2769 2734 Decembris
3234 2696 3291 2742 30
3452 2697 3478 2742 3
3640 2702 3665 2747 0
3788 2701 3851 2749 «10

2891 2751 3182 2802 Correctio.

3246 2815 3299 2864 S.
3429 2818 3490 2866 G.

2217 2867 2484 2932 secundus
2501 2869 2666 2932 locus
2696 2872 2820 2920 solis
3266 2881 3295 2928 9
3424 2884 3481 2928 16
3614 2885 3673 2931 52
3799 2887 3853 2932 43

2219 2930 2453 2993 secunda
2485 2930 2735 2980 distantia
2768 2934 3113 2985 luminarium
3617 2944 3674 2991 31
3799 2930 3847 2993 is:

2218 2993 2347 3038 luna
2373 2992 2582 3055 longius
2618 3008 2897 3055 progressa

2224 3056 2356 3100 104
2390 3054 2571 3102 tertius
2602 3054 2752 3104 locus
2784 3057 2912 3106 solis
3275 3066 3301 3111 9
3431 3068 3485 3113 16
3617 3070 3675 3115 19
3796 3072 3847 3117 55

2142 3108 2183 3173 C
2224 3116 2488 3163 secundus
2516 3117 2663 3164 locus
2692 3119 2833 3167 lunae
3269 3108 3296 3173 il
3429 3108 3482 3173 ἦ
3799 3108 3850 3179 ﬁt

2222 3179 2514 3244 sec_undum
2535 3184 2753 3244 tempus
2785 3181 3206 3244 prosthaphtere-
3424 3189 3488 3235 H.

2282 3241 2442 3287 ticum
2476 3241 2798 3290 tollendum’
3009 3241 3021 3244 “
3456 3255 3477 3298 1
3642 3255 3669 3301 3
3799 3258 3863 3302 50

2217 3305 2406 3349 tertius
2434 3303 2580 3350 locus
2610 3303 2750 3352 lunae
3268 3312 3296 3357 9
3424 3315 3480 3360 16
3614 3317 3670 3363 19
3802 3319 3861 3365 55

2218 3366 2476 3412 correctio
2514 3366 2650 3413 tollit
2679 3382 2709 3414 a
2738 3364 3014 3415 novilunio
3045 3381 3173 3417 vero
3458 3377 3475 3420 1
3642 3377 3667 3422 3
3799 3364 3861 3425 56

2219 3427 2449 3488 zequatio
2479 3441 2604 3475 vero
2635 3432 2735 3476 tem
2747 3429 2889 3489 poris
3640 3440 3669 3486 Ἰ
3799 3443 3863 3488 52

2288 3523 2621 3573 Novilunium
2653 3539 2824 3573 verum
2855 3530 3151 3586 correctum,
3179 3534 3227 3577 et
3252 3534 3476 3593 perfecte
3502 3537 3783 3595 aquatum.

3235 3603 3295 3649 D.
3422 3604 3484 3650 H.

2462 3657 2764 3705 Decembris
3422 3638 3438 3650 Α
3610 3670 3666 3714 48
3797 3674 3860 3719 58

2338 3721 2566 3780 Tempus
2596 3734 2737 3769 veras
2766 3721 2955 3783 synodi
2985 3722 3038 3769 in
3074 3725 3369 3773 meridiano
3405 3727 3728 3777 tabularum.

2216 3841 2517 3913 Decembris
2547 3843 2631 3891 die
2680 3906 2742 3913 ___
3134 3787 3197 3897 ut.
3292 3852 3351 3899 48
3444 3850 3505 3898 58
3524 3854 3860 3913 postmerid.

2216 3907 2281 3954 ad
2305 3905 2659 3953 meridianum
2680 3906 2955 3957 Nicaanum

2277 3967 2446 4029 magis
2474 3967 2786 4016 Orientalem
3174 3975 3192 4019 1
3296 3974 3353 4021 5i
3480 3973 3512 4021 0

2212 4104 2334 4140 vera
2358 4030 2800 4154 syggdigsl‘licaeaa
2990 4096 3047 4142 30
3176 4097 3202 4144 3
3298 4098 3358 4145 22
3453 4099 3510 4145 58

2399 4153 2706 4202 Decembris
2741 4154 2826 4201 die

2755 4250 2913 4298 Locus
2940 4265 3070 4299 verse
3097 4255 3302 4315 synodi.

3240 4316 3293 4365 S.
3418 4318 3476 4364 G.

3263 4382 3290 4427 9
3419 4378 3475 4426 16
3604 4382 3665 4429 39
3797 4386 3857 4432 55

3354 4440 3511 4490 Grad.

2455 4497 2570 4559 ejus
2603 4496 2843 4546 ascensio
2871 4502 3012 4547 recta
3387 4504 3476 4549 228
3610 4508 3668 4553 16
3827 4510 3855 4555 0

2210 4621 2398 4671 Nicaeae
2431 4625 2552 4684 post
2582 4620 2856 4670 meridiem
3602 4628 3666 4677 22
3794 4629 3855 4678 58

2208 4745 2723 4807 quibus_re3pondet
2748 4745 2802 4793 in
2833 4746 3137 4807 aequatione
3602 4753 3663 4799 43
3824 4752 3854 4801 0

2206 4807 2378 4869 iisque
2408 4805 2485 4869 [P.
2509 4805 2619 4871 497]
2641 4807 2846 4871 additis
2863 4805 2927 4855 ad
2959 4822 3138 4855 ascen-

2271 4870 2476 4918 sionem
2506 4869 2702 4918 rectam
2731 4869 2888 4918 modo
2912 4872 3138 4930 positam

2271 4946 2363 4994 pro
2383 4932 2498 4979 loco
2515 4945 2655 4979 verte
2673 4931 2945 4994 synodiﬁt
2960 4946 3141 4981 ascen-

2268 4994 2346 5042 sio
2378 4999 2521 5041 recta
2550 4996 2731 5054 puncti
2763 4993 3108 5042 culminantis
3410 4999 3467 5045 G.

2269 5055 2521 5117 ecliptictB
2544 5070 2634 5103 seu
2658 5054 2915 5103 meridiaai
2940 5054 3128 5105 Nicaea“:
3378 5059 3468 5108 338
3596 5064 3655 5111 59
3819 5066 3849 5113 0

2206 5118 2367 5179 hujus
2398 5117 2726 5165 ascensionis
2750 5123 3000 5177 punctum
3024 5119 3130 5165 cul-

2268 5182 2477 5228 minaus
2499 5180 2608 5227 sive
2640 5179 2891 5228 meridies
2921 5181 2974 5228 in
3006 5181 3132 5229 ecli-
3229 5182 3280 5230 S.
3407 5184 3466 5229 G.

2268 5243 2409 5302 plicn
3224 5248 3271 5291 11
3437 5247 3461 5290 1
3598 5250 3651 5293 ιδ
3784 5250 3847 5297 56

2205 5304 2364 5365 hujus
2386 5304 2567 5364 puncti
2589 5303 2873 5365 declinatio
2896 5304 3140 5365 australis
3441 5309 3468 5353 8
3595 5308 3657 5355 53
3817 5314 3846 5358 0

2205 5364 2385 5413 addita
2414 5364 2694 5411 elevatiuni
2729 5364 2835 5424 poli
2868 5364 3055 5413 Nicaem
3413 5373 3460 5416 11
3595 5374 3655 5418 26
3817 5376 3848 5421 0

2206 5428 2294 5474 dat
2311 5430 2612 5474 distantiam
2638 5426 3129 5487 puncticulminan-

2268 5492 2332 5537 tis
2363 5490 2614 5550 eclipticaa
2644 5486 2675 5535 a
2704 5486 2902 5536 vertice
2968 5549 2972 5550 ν
3408 5494 3463 5539 50
3600 5495 3653 5541 19
3816 5498 3845 5543 0

2205 5551 2431 5608 angulus
2462 5549 2708 5611 eclipticze
2736 5553 2787 5598 et
2815 5549 3000 5598 merid.
3407 5552 3465 5604 68
3624 5559 3651 5602 7
3812 5556 3847 5607 O

2206 5612 2459 5675 distantia
2528 5613 2711 5675 puncti
2785 5611 3130 5675 culminantis
3224 5614 3277 5663 S.

2267 5674 2537 5739 eclipticae'
2561 5689 2591 5724 a
2618 5688 2748 5724 vera
2776 5674 2981 5737 synodo
3251 5679 3272 5725 1
3402 5676 3459 5727 20
3586 5680 3647 5728 25
3780 5682 3839 5730 lt
