  <div class='ocr_page' id='page_1' title='image "/cluster/home/n/w/nwhite01/storage/ocr_20150623/143/mdp.39015078384784/593.png"; bbox 0 0 4146 6288; ppageno 0'>
   <div class='ocr_carea' id='block_1_1' title="bbox 442 300 576 358">
    <p class='ocr_par' dir='ltr' id='par_1_1' title="bbox 442 300 576 358">
     <span class='ocr_line' id='line_1_1' title="bbox 442 300 576 358; baseline 0.022 -3"><span class='ocrx_word' id='word_1_1' title='bbox 442 300 576 358; x_wconf 88' lang='grc'><strong>1171</strong></span> 
     </span>
    </p>
   </div>
   <div class='ocr_carea' id='block_1_2' title="bbox 1475 311 2801 377">
    <p class='ocr_par' dir='ltr' id='par_1_2' title="bbox 1475 311 2801 377">
     <span class='ocr_line' id='line_1_2' title="bbox 1475 311 2801 377; baseline 0.009 -14"><span class='ocrx_word' id='word_1_2' title='bbox 1475 315 1537 364; x_wconf 89' lang='grc' dir='ltr'>Ρ.</span> <span class='ocrx_word' id='word_1_3' title='bbox 1578 311 1851 367; x_wconf 80' lang='lat' dir='ltr'>POSSINI</span> <span class='ocrx_word' id='word_1_4' title='bbox 1890 311 2496 375; x_wconf 78' lang='lat' dir='ltr'>OBSERVATIONUM</span> <span class='ocrx_word' id='word_1_5' title='bbox 2532 322 2661 376; x_wconf 81' lang='lat' dir='ltr'>LIB.</span> <span class='ocrx_word' id='word_1_6' title='bbox 2704 325 2801 377; x_wconf 76' lang='lat' dir='ltr'>III.</span> 
     </span>
    </p>
   </div>
   <div class='ocr_carea' id='block_1_3' title="bbox 3682 323 3833 377">
    <p class='ocr_par' dir='ltr' id='par_1_3' title="bbox 3682 323 3833 377">
     <span class='ocr_line' id='line_1_3' title="bbox 3682 323 3833 377; baseline -0.013 0"><span class='ocrx_word' id='word_1_7' title='bbox 3682 323 3833 377; x_wconf 89' lang='grc'><strong>1172</strong></span> 
     </span>
    </p>
   </div>
   <div class='ocr_carea' id='block_1_4' title="bbox 443 428 3829 518">
    <p class='ocr_par' dir='ltr' id='par_1_4' title="bbox 443 428 3829 518">
     <span class='ocr_line' id='line_1_4' title="bbox 443 428 3829 518; baseline 0.005 -37"><span class='ocrx_word' id='word_1_8' title='bbox 443 428 515 481; x_wconf 85' lang='lat' dir='ltr'>ad</span> <span class='ocrx_word' id='word_1_9' title='bbox 570 428 892 518; x_wconf 73' lang='lat' dir='ltr'>Nicaenum,</span> <span class='ocrx_word' id='word_1_10' title='bbox 926 435 990 484; x_wconf 90' lang='lat' dir='ltr'>ut</span> <span class='ocrx_word' id='word_1_11' title='bbox 1036 430 1394 503; x_wconf 82' lang='lat' dir='ltr'>intelligatur</span> <span class='ocrx_word' id='word_1_12' title='bbox 1451 434 1643 503; x_wconf 83' lang='lat' dir='ltr'>qualis</span> <span class='ocrx_word' id='word_1_13' title='bbox 1700 440 1821 489; x_wconf 82' lang='lat' dir='ltr'>tota</span> <span class='ocrx_word' id='word_1_14' title='bbox 1876 435 2078 490; x_wconf 68' lang='lat' dir='ltr'>Nicaeae</span> <span class='ocrx_word' id='word_1_15' title='bbox 2105 441 2160 504; x_wconf 80' lang='grc' dir='ltr'><strong>Α</strong></span> <span class='ocrx_word' id='word_1_16' title='bbox 2192 441 2431 500; x_wconf 87' lang='lat' dir='ltr'>minime</span> <span class='ocrx_word' id='word_1_17' title='bbox 2458 446 2820 501; x_wconf 88' lang='lat' dir='ltr'>fortunatum</span> <span class='ocrx_word' id='word_1_18' title='bbox 2853 447 3242 518; x_wconf 79' lang='lat' dir='ltr'>portendisse,</span> <span class='ocrx_word' id='word_1_19' title='bbox 3275 461 3409 501; x_wconf 90' lang='lat' dir='ltr'>cum</span> <span class='ocrx_word' id='word_1_20' title='bbox 3441 445 3606 503; x_wconf 86' lang='lat' dir='ltr'>dixit.</span> <span class='ocrx_word' id='word_1_21' title='bbox 3648 490 3665 516; x_wconf 94' lang='lat'>,</span> <span class='ocrx_word' id='word_1_22' title='bbox 3696 446 3723 499; x_wconf 82' lang='grc' dir='ltr'>ὃ</span> <span class='ocrx_word' id='word_1_23' title='bbox 3752 442 3829 514; x_wconf 80' lang='grc' dir='ltr'>δὴ</span> 
     </span>
    </p>
   </div>
   <div class='ocr_carea' id='block_1_5' title="bbox 445 516 1601 589">
    <p class='ocr_par' dir='ltr' id='par_1_5' title="bbox 445 516 1601 589">
     <span class='ocr_line' id='line_1_5' title="bbox 445 516 1601 589; baseline 0.006 -20"><span class='ocrx_word' id='word_1_24' title='bbox 445 516 657 586; x_wconf 81' lang='lat' dir='ltr'>partim</span> <span class='ocrx_word' id='word_1_25' title='bbox 690 517 814 572; x_wconf 87' lang='lat' dir='ltr'>visa</span> <span class='ocrx_word' id='word_1_26' title='bbox 834 519 1044 589; x_wconf 82' lang='lat' dir='ltr'>partim</span> <span class='ocrx_word' id='word_1_27' title='bbox 1081 520 1267 576; x_wconf 86' lang='lat' dir='ltr'>latens</span> <span class='ocrx_word' id='word_1_28' title='bbox 1298 522 1601 576; x_wconf 77' lang='lat' dir='ltr'>exstiterit.</span> 
     </span>
    </p>
   </div>
   <div class='ocr_carea' id='block_1_6' title="bbox 520 633 2085 694">
    <p class='ocr_par' dir='ltr' id='par_1_6' title="bbox 520 633 2085 694">
     <span class='ocr_line' id='line_1_6' title="bbox 520 633 2085 694; baseline 0.005 -8"><span class='ocrx_word' id='word_1_29' title='bbox 520 633 669 687; x_wconf 74' lang='lat'>714</span> <span class='ocrx_word' id='word_1_30' title='bbox 700 635 800 688; x_wconf 85' lang='lat' dir='ltr'>XI.</span> <span class='ocrx_word' id='word_1_31' title='bbox 834 634 1113 691; x_wconf 68' lang='lat' dir='ltr'>Caeterum</span> <span class='ocrx_word' id='word_1_32' title='bbox 1148 642 1212 691; x_wconf 92' lang='lat' dir='ltr'>ut</span> <span class='ocrx_word' id='word_1_33' title='bbox 1271 637 1414 691; x_wconf 86' lang='lat' dir='ltr'>nihil</span> <span class='ocrx_word' id='word_1_34' title='bbox 1467 638 1672 692; x_wconf 89' lang='lat' dir='ltr'>merito</span> <span class='ocrx_word' id='word_1_35' title='bbox 1723 638 2085 694; x_wconf 81' lang='lat' dir='ltr'>desideretur</span> 
     </span>
    </p>
   </div>
   <div class='ocr_carea' id='block_1_7' title="bbox 446 720 2080 798">
    <p class='ocr_par' dir='ltr' id='par_1_7' title="bbox 446 720 2080 798">
     <span class='ocr_line' id='line_1_7' title="bbox 446 720 2080 798; baseline 0.004 -24"><span class='ocrx_word' id='word_1_36' title='bbox 446 720 515 774; x_wconf 88' lang='lat' dir='ltr'>ad</span> <span class='ocrx_word' id='word_1_37' title='bbox 550 722 861 791; x_wconf 83' lang='lat' dir='ltr'><strong>perfectam</strong></span> <span class='ocrx_word' id='word_1_38' title='bbox 897 741 1097 780; x_wconf 90' lang='lat' dir='ltr'>eorum</span> <span class='ocrx_word' id='word_1_39' title='bbox 1130 742 1251 795; x_wconf 78' lang='lat' dir='ltr'>quae</span> <span class='ocrx_word' id='word_1_40' title='bbox 1282 728 1350 779; x_wconf 86' lang='lat' dir='ltr'>ad</span> <span class='ocrx_word' id='word_1_41' title='bbox 1388 726 1539 781; x_wconf 86' lang='lat' dir='ltr'>hanc</span> <span class='ocrx_word' id='word_1_42' title='bbox 1589 726 1853 796; x_wconf 84' lang='lat' dir='ltr'>eclipsim</span> <span class='ocrx_word' id='word_1_43' title='bbox 1906 728 2080 798; x_wconf 88' lang='lat' dir='ltr'>perti-</span> 
     </span>
    </p>
   </div>
   <div class='ocr_carea' id='block_1_8' title="bbox 442 811 2082 882">
    <p class='ocr_par' dir='ltr' id='par_1_8' title="bbox 442 811 2082 882">
     <span class='ocr_line' id='line_1_8' title="bbox 442 811 2082 882; baseline 0.004 -19"><span class='ocrx_word' id='word_1_44' title='bbox 442 816 583 865; x_wconf 89' lang='lat' dir='ltr'>nent</span> <span class='ocrx_word' id='word_1_45' title='bbox 611 811 1083 882; x_wconf 80' lang='lat' dir='ltr'>intelligentiam,</span> <span class='ocrx_word' id='word_1_46' title='bbox 1134 820 1318 869; x_wconf 89' lang='lat' dir='ltr'>restat</span> <span class='ocrx_word' id='word_1_47' title='bbox 1369 817 1893 870; x_wconf 85' lang='lat' dir='ltr'>demonstrandum</span> <span class='ocrx_word' id='word_1_48' title='bbox 1952 815 2082 869; x_wconf 91' lang='lat' dir='ltr'>nul-</span> 
     </span>
    </p>
   </div>
   <div class='ocr_carea' id='block_1_9' title="bbox 444 898 2081 958">
    <p class='ocr_par' dir='ltr' id='par_1_9' title="bbox 444 898 2081 958">
     <span class='ocr_line' id='line_1_9' title="bbox 444 898 2081 958; baseline 0.003 -7"><span class='ocrx_word' id='word_1_49' title='bbox 444 898 567 953; x_wconf 93' lang='lat' dir='ltr'>lum</span> <span class='ocrx_word' id='word_1_50' title='bbox 601 900 781 955; x_wconf 90' lang='lat' dir='ltr'>alium</span> <span class='ocrx_word' id='word_1_51' title='bbox 830 902 973 957; x_wconf 92' lang='lat' dir='ltr'>solis</span> <span class='ocrx_word' id='word_1_52' title='bbox 1023 903 1312 957; x_wconf 84' lang='lat' dir='ltr'>defectum</span> <span class='ocrx_word' id='word_1_53' title='bbox 1348 905 1502 958; x_wconf 89' lang='lat' dir='ltr'>circa</span> <span class='ocrx_word' id='word_1_54' title='bbox 1530 904 1754 958; x_wconf 90' lang='lat' dir='ltr'>obitum</span> <span class='ocrx_word' id='word_1_55' title='bbox 1799 903 2081 957; x_wconf 91' lang='lat' dir='ltr'>Theodori</span> 
     </span>
    </p>
   </div>
   <div class='ocr_carea' id='block_1_10' title="bbox 446 986 2082 1062">
    <p class='ocr_par' dir='ltr' id='par_1_10' title="bbox 446 986 2082 1062">
     <span class='ocr_line' id='line_1_10' title="bbox 446 986 2082 1062; baseline 0.005 -24"><span class='ocrx_word' id='word_1_56' title='bbox 446 986 789 1057; x_wconf 84' lang='lat' dir='ltr'>contigisse,</span> <span class='ocrx_word' id='word_1_57' title='bbox 844 991 938 1043; x_wconf 90' lang='lat' dir='ltr'>cui</span> <span class='ocrx_word' id='word_1_58' title='bbox 990 990 1364 1060; x_wconf 88' lang='lat' dir='ltr'>Pachymeris</span> <span class='ocrx_word' id='word_1_59' title='bbox 1415 992 1729 1062; x_wconf 86' lang='lat' dir='ltr'>descriptio</span> <span class='ocrx_word' id='word_1_60' title='bbox 1779 991 2082 1046; x_wconf 90' lang='lat' dir='ltr'>convenire</span> 
     </span>
    </p>
   </div>
   <div class='ocr_carea' id='block_1_11' title="bbox 448 1074 1772 1149">
    <p class='ocr_par' dir='ltr' id='par_1_11' title="bbox 448 1074 1772 1149">
     <span class='ocr_line' id='line_1_11' title="bbox 448 1074 1772 1149; baseline 0.002 -19"><span class='ocrx_word' id='word_1_61' title='bbox 448 1074 654 1147; x_wconf 82' lang='lat' dir='ltr'>possit.</span> <span class='ocrx_word' id='word_1_62' title='bbox 688 1076 757 1131; x_wconf 89' lang='lat' dir='ltr'>Et</span> <span class='ocrx_word' id='word_1_63' title='bbox 786 1076 895 1132; x_wconf 91' lang='lat' dir='ltr'>hoc</span> <span class='ocrx_word' id='word_1_64' title='bbox 929 1078 1164 1149; x_wconf 89' lang='lat' dir='ltr'>quidem</span> <span class='ocrx_word' id='word_1_65' title='bbox 1199 1082 1283 1134; x_wconf 88' lang='lat' dir='ltr'>sic</span> <span class='ocrx_word' id='word_1_66' title='bbox 1314 1080 1772 1135; x_wconf 85' lang='lat' dir='ltr'>demonstratur.</span> 
     </span>
    </p>
   </div>
   <div class='ocr_carea' id='block_1_12' title="bbox 520 1191 2085 1265">
    <p class='ocr_par' dir='ltr' id='par_1_12' title="bbox 520 1191 2085 1265">
     <span class='ocr_line' id='line_1_12' title="bbox 520 1191 2085 1265; baseline 0.002 -20"><span class='ocrx_word' id='word_1_67' title='bbox 520 1191 754 1247; x_wconf 87' lang='lat' dir='ltr'><strong>Certum</strong></span> <span class='ocrx_word' id='word_1_68' title='bbox 773 1198 861 1247; x_wconf 90' lang='lat' dir='ltr'>est</span> <span class='ocrx_word' id='word_1_69' title='bbox 893 1210 960 1248; x_wconf 90' lang='lat' dir='ltr'>ex</span> <span class='ocrx_word' id='word_1_70' title='bbox 990 1193 1217 1265; x_wconf 90' lang='lat' dir='ltr'>legibus</span> <span class='ocrx_word' id='word_1_71' title='bbox 1250 1195 1660 1250; x_wconf 90' lang='lat' dir='ltr'>astronomicis</span> <span class='ocrx_word' id='word_1_72' title='bbox 1692 1212 1843 1251; x_wconf 91' lang='lat' dir='ltr'>anno</span> <span class='ocrx_word' id='word_1_73' title='bbox 1873 1193 2085 1250; x_wconf 84' lang='lat' dir='ltr'>Christi</span> 
     </span>
    </p>
   </div>
   <div class='ocr_carea' id='block_1_13' title="bbox 450 1279 2085 1354">
    <p class='ocr_par' dir='ltr' id='par_1_13' title="bbox 450 1279 2085 1354">
     <span class='ocr_line' id='line_1_13' title="bbox 450 1279 2085 1354; baseline 0.003 -21"><span class='ocrx_word' id='word_1_74' title='bbox 450 1279 609 1345; x_wconf 83' lang='lat'>1259,</span> <span class='ocrx_word' id='word_1_75' title='bbox 636 1296 749 1350; x_wconf 91' lang='lat' dir='ltr'>quo</span> <span class='ocrx_word' id='word_1_76' title='bbox 780 1280 1119 1338; x_wconf 88' lang='lat' dir='ltr'>Theodorus</span> <span class='ocrx_word' id='word_1_77' title='bbox 1141 1284 1295 1338; x_wconf 90' lang='lat' dir='ltr'>diem</span> <span class='ocrx_word' id='word_1_78' title='bbox 1325 1283 1556 1354; x_wconf 84' lang='lat' dir='ltr'>clausit,</span> <span class='ocrx_word' id='word_1_79' title='bbox 1578 1288 1900 1338; x_wconf 89' lang='lat' dir='ltr'>extremum</span> <span class='ocrx_word' id='word_1_80' title='bbox 1928 1298 2085 1338; x_wconf 82' lang='lat' dir='ltr'>men-</span> 
     </span>
    </p>
   </div>
   <div class='ocr_carea' id='block_1_14' title="bbox 448 1370 2083 1444">
    <p class='ocr_par' dir='ltr' id='par_1_14' title="bbox 448 1370 2083 1444">
     <span class='ocr_line' id='line_1_14' title="bbox 448 1370 2083 1444; baseline 0.002 -23"><span class='ocrx_word' id='word_1_81' title='bbox 448 1383 508 1422; x_wconf 89' lang='lat' dir='ltr'>se</span> <span class='ocrx_word' id='word_1_82' title='bbox 541 1371 800 1438; x_wconf 85' lang='lat' dir='ltr'>Augusto</span> <span class='ocrx_word' id='word_1_83' title='bbox 831 1370 1195 1426; x_wconf 89' lang='lat' dir='ltr'>novilunium</span> <span class='ocrx_word' id='word_1_84' title='bbox 1233 1376 1353 1427; x_wconf 89' lang='lat' dir='ltr'>tam</span> <span class='ocrx_word' id='word_1_85' title='bbox 1389 1373 1645 1427; x_wconf 91' lang='lat' dir='ltr'>medium</span> <span class='ocrx_word' id='word_1_86' title='bbox 1682 1388 1858 1444; x_wconf 87' lang='lat' dir='ltr'>quam</span> <span class='ocrx_word' id='word_1_87' title='bbox 1886 1387 2083 1426; x_wconf 90' lang='lat' dir='ltr'>verum</span> 
     </span>
    </p>
   </div>
   <div class='ocr_carea' id='block_1_15' title="bbox 446 1456 2085 1528">
    <p class='ocr_par' dir='ltr' id='par_1_15' title="bbox 446 1456 2085 1528">
     <span class='ocr_line' id='line_1_15' title="bbox 446 1456 2085 1528; baseline 0.002 -19"><span class='ocrx_word' id='word_1_88' title='bbox 446 1456 761 1528; x_wconf 90' lang='lat' dir='ltr'>contigisse</span> <span class='ocrx_word' id='word_1_89' title='bbox 783 1462 950 1514; x_wconf 88' lang='lat' dir='ltr'>nocte</span> <span class='ocrx_word' id='word_1_90' title='bbox 973 1459 1165 1514; x_wconf 91' lang='lat' dir='ltr'>media</span> <span class='ocrx_word' id='word_1_91' title='bbox 1192 1459 1348 1514; x_wconf 87' lang='lat' dir='ltr'>inter</span> <span class='ocrx_word' id='word_1_92' title='bbox 1365 1460 1664 1515; x_wconf 89' lang='lat' dir='ltr'>decimum</span> <span class='ocrx_word' id='word_1_93' title='bbox 1683 1476 1901 1514; x_wconf 91' lang='lat' dir='ltr'>nonum</span> <span class='ocrx_word' id='word_1_94' title='bbox 1922 1463 1978 1514; x_wconf 89' lang='lat' dir='ltr'>et</span> <span class='ocrx_word' id='word_1_95' title='bbox 2005 1458 2085 1512; x_wconf 89' lang='lat' dir='ltr'>vi-</span> 
     </span>
    </p>
   </div>
   <div class='ocr_carea' id='block_1_16' title="bbox 446 1544 2081 1619">
    <p class='ocr_par' dir='ltr' id='par_1_16' title="bbox 446 1544 2081 1619">
     <span class='ocr_line' id='line_1_16' title="bbox 446 1544 2081 1619; baseline 0.002 -22"><span class='ocrx_word' id='word_1_96' title='bbox 446 1544 732 1599; x_wconf 92' lang='lat' dir='ltr'>cesimum</span> <span class='ocrx_word' id='word_1_97' title='bbox 746 1546 896 1601; x_wconf 89' lang='lat' dir='ltr'>diem</span> <span class='ocrx_word' id='word_1_98' title='bbox 912 1548 1175 1616; x_wconf 88' lang='lat' dir='ltr'>ejusdem</span> <span class='ocrx_word' id='word_1_99' title='bbox 1193 1548 1447 1615; x_wconf 83' lang='lat' dir='ltr'>mensis;</span> <span class='ocrx_word' id='word_1_100' title='bbox 1473 1548 1807 1619; x_wconf 89' lang='lat' dir='ltr'>etquamvis</span> <span class='ocrx_word' id='word_1_101' title='bbox 1830 1546 2081 1601; x_wconf 90' lang='lat' dir='ltr'>interdiu</span> 
     </span>
    </p>
   </div>
   <div class='ocr_carea' id='block_1_17' title="bbox 447 1632 2083 1705">
    <p class='ocr_par' dir='ltr' id='par_1_17' title="bbox 447 1632 2083 1705">
     <span class='ocr_line' id='line_1_17' title="bbox 447 1632 2083 1705; baseline 0.001 -19"><span class='ocrx_word' id='word_1_102' title='bbox 447 1632 784 1700; x_wconf 81' lang='lat' dir='ltr'>exstitisset,</span> <span class='ocrx_word' id='word_1_103' title='bbox 817 1634 1149 1705; x_wconf 90' lang='lat' dir='ltr'>eclipticum</span> <span class='ocrx_word' id='word_1_104' title='bbox 1182 1641 1507 1690; x_wconf 90' lang='lat' dir='ltr'>tamennon</span> <span class='ocrx_word' id='word_1_105' title='bbox 1540 1637 1770 1703; x_wconf 84' lang='lat' dir='ltr'>luisset,</span> <span class='ocrx_word' id='word_1_106' title='bbox 1803 1634 1941 1705; x_wconf 90' lang='lat' dir='ltr'>quia</span> <span class='ocrx_word' id='word_1_107' title='bbox 1964 1650 2083 1688; x_wconf 91' lang='lat' dir='ltr'>me-</span> 
     </span>
    </p>
   </div>
   <div class='ocr_carea' id='block_1_18' title="bbox 451 1722 2084 1795">
    <p class='ocr_par' dir='ltr' id='par_1_18' title="bbox 451 1722 2084 1795">
     <span class='ocr_line' id='line_1_18' title="bbox 451 1722 2084 1795; baseline 0 -19"><span class='ocrx_word' id='word_1_108' title='bbox 451 1722 584 1776; x_wconf 89' lang='lat' dir='ltr'>dius</span> <span class='ocrx_word' id='word_1_109' title='bbox 614 1733 810 1779; x_wconf 88' lang='lat' dir='ltr'>motus</span> <span class='ocrx_word' id='word_1_110' title='bbox 858 1724 1187 1779; x_wconf 85' lang='lat' dir='ltr'>latitudinis</span> <span class='ocrx_word' id='word_1_111' title='bbox 1218 1725 1370 1780; x_wconf 77' lang='lat' dir='ltr'>lunae</span> <span class='ocrx_word' id='word_1_112' title='bbox 1401 1725 1552 1795; x_wconf 86' lang='lat' dir='ltr'>sign.</span> <span class='ocrx_word' id='word_1_113' title='bbox 1583 1726 1616 1778; x_wconf 91' lang='lat'>3</span> <span class='ocrx_word' id='word_1_114' title='bbox 1645 1725 1709 1779; x_wconf 89' lang='lat' dir='ltr'>G.</span> <span class='ocrx_word' id='word_1_115' title='bbox 1746 1726 1829 1791; x_wconf 91' lang='grc'>11,</span> <span class='ocrx_word' id='word_1_116' title='bbox 1863 1725 1953 1792; x_wconf 87' lang='lat'>36,</span> <span class='ocrx_word' id='word_1_117' title='bbox 1991 1724 2084 1793; x_wconf 85' lang='lat'>51,</span> 
     </span>
    </p>
   </div>
   <div class='ocr_carea' id='block_1_19' title="bbox 452 1810 1966 1885">
    <p class='ocr_par' dir='ltr' id='par_1_19' title="bbox 452 1810 1966 1885">
     <span class='ocr_line' id='line_1_19' title="bbox 452 1810 1966 1885; baseline 0.002 -21"><span class='ocrx_word' id='word_1_118' title='bbox 452 1810 795 1883; x_wconf 86' lang='lat' dir='ltr'>longissime</span> <span class='ocrx_word' id='word_1_119' title='bbox 824 1813 1109 1868; x_wconf 88' lang='lat' dir='ltr'>terminos</span> <span class='ocrx_word' id='word_1_120' title='bbox 1141 1813 1440 1885; x_wconf 88' lang='lat' dir='ltr'>eclipticos</span> <span class='ocrx_word' id='word_1_121' title='bbox 1474 1812 1966 1885; x_wconf 73' lang='lat' dir='ltr'>przetergreditur.</span> 
     </span>
    </p>
   </div>
   <div class='ocr_carea' id='block_1_20' title="bbox 522 1926 2080 2001">
    <p class='ocr_par' dir='ltr' id='par_1_20' title="bbox 522 1926 2080 2001">
     <span class='ocr_line' id='line_1_20' title="bbox 522 1926 2080 2001; baseline -0.001 -19"><span class='ocrx_word' id='word_1_122' title='bbox 522 1928 761 1982; x_wconf 89' lang='lat' dir='ltr'>Constat</span> <span class='ocrx_word' id='word_1_123' title='bbox 792 1945 1023 1999; x_wconf 90' lang='lat' dir='ltr'>quoque</span> <span class='ocrx_word' id='word_1_124' title='bbox 1046 1930 1218 1999; x_wconf 82' lang='lat' dir='ltr'>juxta</span> <span class='ocrx_word' id='word_1_125' title='bbox 1246 1930 1480 1984; x_wconf 91' lang='lat' dir='ltr'>easdem</span> <span class='ocrx_word' id='word_1_126' title='bbox 1521 1928 1677 2001; x_wconf 87' lang='lat' dir='ltr'>leges</span> <span class='ocrx_word' id='word_1_127' title='bbox 1705 1927 1863 1983; x_wconf 85' lang='lat' dir='ltr'>aliud</span> <span class='ocrx_word' id='word_1_128' title='bbox 1922 1926 2080 1981; x_wconf 91' lang='lat' dir='ltr'>novi-</span> 
     </span>
    </p>
   </div>
   <div class='ocr_carea' id='block_1_21' title="bbox 454 2014 2082 2088">
    <p class='ocr_par' dir='ltr' id='par_1_21' title="bbox 454 2014 2082 2088">
     <span class='ocr_line' id='line_1_21' title="bbox 454 2014 2082 2088; baseline 0.001 -20"><span class='ocrx_word' id='word_1_129' title='bbox 454 2014 684 2071; x_wconf 91' lang='lat' dir='ltr'>lunium</span> <span class='ocrx_word' id='word_1_130' title='bbox 715 2015 1045 2088; x_wconf 92' lang='lat' dir='ltr'>eclipticum</span> <span class='ocrx_word' id='word_1_131' title='bbox 1070 2019 1273 2073; x_wconf 89' lang='lat' dir='ltr'>eodem</span> <span class='ocrx_word' id='word_1_132' title='bbox 1307 2034 1459 2073; x_wconf 88' lang='lat' dir='ltr'>anno</span> <span class='ocrx_word' id='word_1_133' title='bbox 1490 2023 1624 2072; x_wconf 88' lang='lat' dir='ltr'>ante</span> <span class='ocrx_word' id='word_1_134' title='bbox 1654 2032 1914 2072; x_wconf 86' lang='lat' dir='ltr'>mensem</span> <span class='ocrx_word' id='word_1_135' title='bbox 1955 2018 2082 2069; x_wconf 90' lang='lat' dir='ltr'>Au-</span> 
     </span>
    </p>
   </div>
   <div class='ocr_carea' id='block_1_22' title="bbox 452 2104 2083 2175">
    <p class='ocr_par' dir='ltr' id='par_1_22' title="bbox 452 2104 2083 2175">
     <span class='ocr_line' id='line_1_22' title="bbox 452 2104 2083 2175; baseline -0.001 -17"><span class='ocrx_word' id='word_1_136' title='bbox 452 2108 688 2175; x_wconf 89' lang='lat' dir='ltr'>gustum</span> <span class='ocrx_word' id='word_1_137' title='bbox 721 2104 1065 2161; x_wconf 89' lang='lat' dir='ltr'>etTheodori</span> <span class='ocrx_word' id='word_1_138' title='bbox 1088 2110 1336 2162; x_wconf 89' lang='lat' dir='ltr'>mortem</span> <span class='ocrx_word' id='word_1_139' title='bbox 1369 2106 1596 2161; x_wconf 92' lang='lat' dir='ltr'>nullum</span> <span class='ocrx_word' id='word_1_140' title='bbox 1620 2104 1913 2160; x_wconf 85' lang='lat' dir='ltr'>exstitisse</span> <span class='ocrx_word' id='word_1_141' title='bbox 1940 2120 2083 2174; x_wconf 70' lang='lat' dir='ltr'>prte-</span> 
     </span>
    </p>
   </div>
   <div class='ocr_carea' id='block_1_23' title="bbox 448 2190 2085 2266">
    <p class='ocr_par' dir='ltr' id='par_1_23' title="bbox 448 2190 2085 2266">
     <span class='ocr_line' id='line_1_23' title="bbox 448 2190 2085 2266; baseline -0.001 -20"><span class='ocrx_word' id='word_1_142' title='bbox 448 2197 715 2264; x_wconf 90' lang='lat' dir='ltr'>terquam</span> <span class='ocrx_word' id='word_1_143' title='bbox 764 2194 823 2249; x_wconf 90' lang='lat' dir='ltr'>in</span> <span class='ocrx_word' id='word_1_144' title='bbox 869 2211 1068 2249; x_wconf 90' lang='lat' dir='ltr'>mense</span> <span class='ocrx_word' id='word_1_145' title='bbox 1106 2194 1286 2266; x_wconf 91' lang='lat' dir='ltr'>Aprili</span> <span class='ocrx_word' id='word_1_146' title='bbox 1317 2196 1409 2249; x_wconf 88' lang='lat' dir='ltr'>die</span> <span class='ocrx_word' id='word_1_147' title='bbox 1436 2195 1528 2261; x_wconf 88' lang='lat'>23,</span> <span class='ocrx_word' id='word_1_148' title='bbox 1562 2193 1755 2248; x_wconf 89' lang='lat' dir='ltr'>medio</span> <span class='ocrx_word' id='word_1_149' title='bbox 1786 2196 1947 2246; x_wconf 92' lang='lat' dir='ltr'>motu</span> <span class='ocrx_word' id='word_1_150' title='bbox 1994 2190 2085 2245; x_wconf 89' lang='lat' dir='ltr'>la-</span> 
     </span>
    </p>
   </div>
   <div class='ocr_carea' id='block_1_24' title="bbox 447 2280 2085 2351">
    <p class='ocr_par' dir='ltr' id='par_1_24' title="bbox 447 2280 2085 2351">
     <span class='ocr_line' id='line_1_24' title="bbox 447 2280 2085 2351; baseline -0.001 -16"><span class='ocrx_word' id='word_1_151' title='bbox 447 2282 897 2337; x_wconf 81' lang='lat' dir='ltr'>titudinislunse</span> <span class='ocrx_word' id='word_1_152' title='bbox 920 2283 978 2337; x_wconf 89' lang='lat' dir='ltr'>S.</span> <span class='ocrx_word' id='word_1_153' title='bbox 1012 2283 1077 2337; x_wconf 92' lang='grc' dir='ltr'>Ο.</span> <span class='ocrx_word' id='word_1_154' title='bbox 1116 2282 1181 2337; x_wconf 91' lang='lat' dir='ltr'>G.</span> <span class='ocrx_word' id='word_1_155' title='bbox 1218 2284 1307 2350; x_wconf 88' lang='lat'>15,</span> <span class='ocrx_word' id='word_1_156' title='bbox 1357 2284 1409 2348; x_wconf 89' lang='grc'><strong>4,</strong></span> <span class='ocrx_word' id='word_1_157' title='bbox 1455 2283 1547 2351; x_wconf 83' lang='grc'>22,</span> <span class='ocrx_word' id='word_1_158' title='bbox 1600 2281 1755 2335; x_wconf 86' lang='lat' dir='ltr'>intra</span> <span class='ocrx_word' id='word_1_159' title='bbox 1802 2280 2085 2335; x_wconf 88' lang='lat' dir='ltr'>terminos</span> 
     </span>
    </p>
   </div>
   <div class='ocr_carea' id='block_1_25' title="bbox 447 2367 2085 2442">
    <p class='ocr_par' dir='ltr' id='par_1_25' title="bbox 447 2367 2085 2442">
     <span class='ocr_line' id='line_1_25' title="bbox 447 2367 2085 2442; baseline -0.002 -17"><span class='ocrx_word' id='word_1_160' title='bbox 447 2370 779 2442; x_wconf 90' lang='lat' dir='ltr'>possibiles.</span> <span class='ocrx_word' id='word_1_161' title='bbox 838 2371 1000 2435; x_wconf 91' lang='lat' dir='ltr'>Quod</span> <span class='ocrx_word' id='word_1_162' title='bbox 1054 2371 1229 2426; x_wconf 88' lang='lat' dir='ltr'>etiam</span> <span class='ocrx_word' id='word_1_163' title='bbox 1284 2371 1419 2442; x_wconf 86' lang='lat' dir='ltr'>quia</span> <span class='ocrx_word' id='word_1_164' title='bbox 1476 2370 1678 2424; x_wconf 63' lang='lat' dir='ltr'>Nicaeae</span> <span class='ocrx_word' id='word_1_165' title='bbox 1724 2367 1896 2439; x_wconf 91' lang='lat' dir='ltr'>paulo</span> <span class='ocrx_word' id='word_1_166' title='bbox 1954 2371 2085 2422; x_wconf 85' lang='lat' dir='ltr'>ante</span> 
     </span>
    </p>
   </div>
   <div class='ocr_carea' id='block_1_26' title="bbox 446 2456 2084 2524">
    <p class='ocr_par' dir='ltr' id='par_1_26' title="bbox 446 2456 2084 2524">
     <span class='ocr_line' id='line_1_26' title="bbox 446 2456 2084 2524; baseline -0.002 -11"><span class='ocrx_word' id='word_1_167' title='bbox 446 2458 699 2514; x_wconf 90' lang='lat' dir='ltr'>mediam</span> <span class='ocrx_word' id='word_1_168' title='bbox 752 2462 980 2513; x_wconf 91' lang='lat' dir='ltr'>noctem</span> <span class='ocrx_word' id='word_1_169' title='bbox 1033 2457 1391 2513; x_wconf 90' lang='lat' dir='ltr'>celebratum</span> <span class='ocrx_word' id='word_1_170' title='bbox 1443 2462 1552 2524; x_wconf 90' lang='lat' dir='ltr'>est,</span> <span class='ocrx_word' id='word_1_171' title='bbox 1612 2456 1751 2511; x_wconf 83' lang='lat' dir='ltr'>solis</span> <span class='ocrx_word' id='word_1_172' title='bbox 1796 2456 2084 2510; x_wconf 85' lang='lat' dir='ltr'>defectum</span> 
     </span>
    </p>
   </div>
   <div class='ocr_carea' id='block_1_27' title="bbox 445 2542 2085 2609">
    <p class='ocr_par' dir='ltr' id='par_1_27' title="bbox 445 2542 2085 2609">
     <span class='ocr_line' id='line_1_27' title="bbox 445 2542 2085 2609; baseline -0.002 -9"><span class='ocrx_word' id='word_1_173' title='bbox 445 2546 737 2602; x_wconf 89' lang='lat' dir='ltr'>visibilem</span> <span class='ocrx_word' id='word_1_174' title='bbox 792 2563 907 2601; x_wconf 91' lang='lat' dir='ltr'>non</span> <span class='ocrx_word' id='word_1_175' title='bbox 964 2546 1247 2601; x_wconf 84' lang='lat' dir='ltr'>exhibuit.</span> <span class='ocrx_word' id='word_1_176' title='bbox 1309 2545 1699 2609; x_wconf 86' lang='lat' dir='ltr'>Quamobrem</span> <span class='ocrx_word' id='word_1_177' title='bbox 1759 2542 1957 2597; x_wconf 91' lang='lat' dir='ltr'>nullus</span> <span class='ocrx_word' id='word_1_178' title='bbox 2020 2558 2085 2598; x_wconf 89' lang='lat' dir='ltr'>eo</span> 
     </span>
    </p>
   </div>
   <div class='ocr_carea' id='block_1_28' title="bbox 448 2632 2089 2705">
    <p class='ocr_par' dir='ltr' id='par_1_28' title="bbox 448 2632 2089 2705">
     <span class='ocr_line' id='line_1_28' title="bbox 448 2632 2089 2705; baseline -0.004 -15"><span class='ocrx_word' id='word_1_179' title='bbox 448 2652 599 2691; x_wconf 88' lang='lat' dir='ltr'>anno</span> <span class='ocrx_word' id='word_1_180' title='bbox 627 2634 770 2690; x_wconf 90' lang='lat' dir='ltr'>solis</span> <span class='ocrx_word' id='word_1_181' title='bbox 802 2635 1067 2690; x_wconf 86' lang='lat' dir='ltr'>defectus</span> <span class='ocrx_word' id='word_1_182' title='bbox 1096 2634 1393 2705; x_wconf 83' lang='lat' dir='ltr'>aptusi&#39;uit</span> <span class='ocrx_word' id='word_1_183' title='bbox 1425 2635 1493 2689; x_wconf 92' lang='lat' dir='ltr'>ad</span> <span class='ocrx_word' id='word_1_184' title='bbox 1517 2632 1963 2703; x_wconf 76' lang='lat' dir='ltr'>significandam</span> <span class='ocrx_word' id='word_1_185' title='bbox 1988 2635 2089 2685; x_wconf 84' lang='lat' dir='ltr'>aut</span> 
     </span>
    </p>
   </div>
   <div class='ocr_carea' id='block_1_29' title="bbox 450 2719 2089 2784">
    <p class='ocr_par' dir='ltr' id='par_1_29' title="bbox 450 2719 2089 2784">
     <span class='ocr_line' id='line_1_29' title="bbox 450 2719 2089 2784; baseline -0.004 -6"><span class='ocrx_word' id='word_1_186' title='bbox 450 2723 836 2778; x_wconf 76' lang='lat' dir='ltr'>nuntiandum</span> <span class='ocrx_word' id='word_1_187' title='bbox 888 2722 1175 2778; x_wconf 90' lang='lat' dir='ltr'>Theodori</span> <span class='ocrx_word' id='word_1_188' title='bbox 1225 2728 1471 2777; x_wconf 89' lang='lat' dir='ltr'>mortem</span> <span class='ocrx_word' id='word_1_189' title='bbox 1505 2738 1518 2776; x_wconf 93' lang='lat'><strong>:</strong></span> <span class='ocrx_word' id='word_1_190' title='bbox 1572 2720 1757 2775; x_wconf 93' lang='lat' dir='ltr'>multo</span> <span class='ocrx_word' id='word_1_191' title='bbox 1789 2719 2004 2784; x_wconf 88' lang='lat' dir='ltr'>minus,</span> <span class='ocrx_word' id='word_1_192' title='bbox 2038 2719 2089 2773; x_wconf 87' lang='lat' dir='ltr'>si</span> 
     </span>
    </p>
   </div>
   <div class='ocr_carea' id='block_1_30' title="bbox 452 2808 2090 2883">
    <p class='ocr_par' dir='ltr' id='par_1_30' title="bbox 452 2808 2090 2883">
     <span class='ocr_line' id='line_1_30' title="bbox 452 2808 2090 2883; baseline -0.003 -18"><span class='ocrx_word' id='word_1_193' title='bbox 452 2812 585 2882; x_wconf 87' lang='lat' dir='ltr'>quis</span> <span class='ocrx_word' id='word_1_194' title='bbox 614 2811 922 2883; x_wconf 81' lang='lat' dir='ltr'>contigerit</span> <span class='ocrx_word' id='word_1_195' title='bbox 942 2812 1113 2866; x_wconf 89' lang='lat' dir='ltr'>annis</span> <span class='ocrx_word' id='word_1_196' title='bbox 1143 2811 1566 2883; x_wconf 88' lang='lat' dir='ltr'>superioribus,</span> <span class='ocrx_word' id='word_1_197' title='bbox 1595 2808 1707 2863; x_wconf 80' lang='lat' dir='ltr'>nisi</span> <span class='ocrx_word' id='word_1_198' title='bbox 1729 2808 1779 2862; x_wconf 92' lang='lat' dir='ltr'>is</span> <span class='ocrx_word' id='word_1_199' title='bbox 1805 2809 2090 2861; x_wconf 87' lang='lat' dir='ltr'>duntaxat</span> 
     </span>
    </p>
   </div>
   <div class='ocr_carea' id='block_1_31' title="bbox 453 2899 2089 2971">
    <p class='ocr_par' dir='ltr' id='par_1_31' title="bbox 453 2899 2089 2971">
     <span class='ocr_line' id='line_1_31' title="bbox 453 2899 2089 2971; baseline -0.002 -17"><span class='ocrx_word' id='word_1_200' title='bbox 453 2900 554 2971; x_wconf 92' lang='lat' dir='ltr'>qui</span> <span class='ocrx_word' id='word_1_201' title='bbox 590 2899 648 2954; x_wconf 92' lang='lat' dir='ltr'>in</span> <span class='ocrx_word' id='word_1_202' title='bbox 683 2901 846 2955; x_wconf 90' lang='lat' dir='ltr'>aditu</span> <span class='ocrx_word' id='word_1_203' title='bbox 877 2901 1007 2971; x_wconf 86' lang='lat' dir='ltr'>ejus</span> <span class='ocrx_word' id='word_1_204' title='bbox 1039 2900 1269 2971; x_wconf 90' lang='lat' dir='ltr'>imperii</span> <span class='ocrx_word' id='word_1_205' title='bbox 1301 2918 1335 2955; x_wconf 89' lang='lat' dir='ltr'>a</span> <span class='ocrx_word' id='word_1_206' title='bbox 1363 2900 1716 2971; x_wconf 81' lang='lat' dir='ltr'>Pachymere</span> <span class='ocrx_word' id='word_1_207' title='bbox 1744 2899 2089 2965; x_wconf 90' lang='lat' dir='ltr'>assumptus</span> 
     </span>
    </p>
   </div>
   <div class='ocr_carea' id='block_1_32' title="bbox 452 2984 2088 3062">
    <p class='ocr_par' dir='ltr' id='par_1_32' title="bbox 452 2984 2088 3062">
     <span class='ocr_line' id='line_1_32' title="bbox 452 2984 2088 3062; baseline -0.005 -17"><span class='ocrx_word' id='word_1_208' title='bbox 452 2994 510 3045; x_wconf 90' lang='lat' dir='ltr'><strong>et</strong></span> <span class='ocrx_word' id='word_1_209' title='bbox 567 2995 683 3045; x_wconf 86' lang='lat' dir='ltr'>tam</span> <span class='ocrx_word' id='word_1_210' title='bbox 736 2990 1065 3046; x_wconf 89' lang='lat' dir='ltr'>horrendus</span> <span class='ocrx_word' id='word_1_211' title='bbox 1116 2991 1463 3062; x_wconf 89' lang='lat' dir='ltr'>designatus</span> <span class='ocrx_word' id='word_1_212' title='bbox 1517 2994 1624 3057; x_wconf 90' lang='lat' dir='ltr'>est,</span> <span class='ocrx_word' id='word_1_213' title='bbox 1657 2985 1752 3057; x_wconf 91' lang='lat' dir='ltr'>qui</span> <span class='ocrx_word' id='word_1_214' title='bbox 1784 2984 2088 3039; x_wconf 89' lang='lat' dir='ltr'>etanobis</span> 
     </span>
    </p>
   </div>
   <div class='ocr_carea' id='block_1_33' title="bbox 451 3071 2084 3148">
    <p class='ocr_par' dir='ltr' id='par_1_33' title="bbox 451 3071 2084 3148">
     <span class='ocr_line' id='line_1_33' title="bbox 451 3071 2084 3148; baseline -0.003 -15"><span class='ocrx_word' id='word_1_215' title='bbox 451 3078 549 3134; x_wconf 91' lang='lat' dir='ltr'>hic</span> <span class='ocrx_word' id='word_1_216' title='bbox 582 3079 706 3134; x_wconf 90' lang='lat' dir='ltr'>suis</span> <span class='ocrx_word' id='word_1_217' title='bbox 738 3079 912 3135; x_wconf 90' lang='lat' dir='ltr'>certis</span> <span class='ocrx_word' id='word_1_218' title='bbox 934 3080 1371 3135; x_wconf 88' lang='lat' dir='ltr'>characteribus</span> <span class='ocrx_word' id='word_1_219' title='bbox 1403 3076 1717 3148; x_wconf 86' lang='lat' dir='ltr'>insignitus</span> <span class='ocrx_word' id='word_1_220' title='bbox 1746 3072 1884 3128; x_wconf 84' lang='lat' dir='ltr'>elad</span> <span class='ocrx_word' id='word_1_221' title='bbox 1909 3071 2084 3128; x_wconf 85' lang='lat' dir='ltr'>ﬁnem</span> 
     </span>
    </p>
   </div>
   <div class='ocr_carea' id='block_1_34' title="bbox 456 3166 1529 3237">
    <p class='ocr_par' dir='ltr' id='par_1_34' title="bbox 456 3166 1529 3237">
     <span class='ocr_line' id='line_1_34' title="bbox 456 3166 1529 3237; baseline -0.004 -15"><span class='ocrx_word' id='word_1_222' title='bbox 456 3166 590 3222; x_wconf 90' lang='lat' dir='ltr'>anni</span> <span class='ocrx_word' id='word_1_223' title='bbox 618 3170 753 3237; x_wconf 86' lang='lat' dir='ltr'>post</span> <span class='ocrx_word' id='word_1_224' title='bbox 782 3167 1077 3223; x_wconf 88' lang='lat' dir='ltr'>Christum</span> <span class='ocrx_word' id='word_1_225' title='bbox 1112 3169 1250 3221; x_wconf 85' lang='lat'>1255</span> <span class='ocrx_word' id='word_1_226' title='bbox 1283 3167 1529 3237; x_wconf 92' lang='lat' dir='ltr'>positus.</span> 
     </span>
    </p>
   </div>
   <div class='ocr_carea' id='block_1_35' title="bbox 517 3280 2091 3352">
    <p class='ocr_par' dir='ltr' id='par_1_35' title="bbox 517 3280 2091 3352">
     <span class='ocr_line' id='line_1_35' title="bbox 517 3280 2091 3352; baseline -0.003 -15"><span class='ocrx_word' id='word_1_227' title='bbox 517 3282 602 3337; x_wconf 90' lang='lat' dir='ltr'>Ad</span> <span class='ocrx_word' id='word_1_228' title='bbox 636 3282 805 3351; x_wconf 88' lang='lat' dir='ltr'>cujus</span> <span class='ocrx_word' id='word_1_229' title='bbox 827 3280 1214 3352; x_wconf 76' lang='lat' dir='ltr'>chronologiae</span> <span class='ocrx_word' id='word_1_230' title='bbox 1266 3280 1766 3336; x_wconf 84' lang='lat' dir='ltr'>conﬁrmationem</span> <span class='ocrx_word' id='word_1_231' title='bbox 1820 3283 1946 3334; x_wconf 90' lang='lat' dir='ltr'>tuto</span> <span class='ocrx_word' id='word_1_232' title='bbox 2000 3292 2091 3333; x_wconf 86' lang='lat' dir='ltr'>re-</span> 
     </span>
    </p>
   </div>
   <div class='ocr_carea' id='block_1_36' title="bbox 450 3367 2089 3441">
    <p class='ocr_par' dir='ltr' id='par_1_36' title="bbox 450 3367 2089 3441">
     <span class='ocr_line' id='line_1_36' title="bbox 450 3367 2089 3441; baseline -0.002 -16"><span class='ocrx_word' id='word_1_233' title='bbox 450 3370 581 3426; x_wconf 85' lang='lat' dir='ltr'>ferri</span> <span class='ocrx_word' id='word_1_234' title='bbox 629 3374 878 3441; x_wconf 91' lang='lat' dir='ltr'>possunt</span> <span class='ocrx_word' id='word_1_235' title='bbox 908 3369 1031 3424; x_wconf 74' lang='lat' dir='ltr'>aliae</span> <span class='ocrx_word' id='word_1_236' title='bbox 1053 3370 1180 3424; x_wconf 77' lang='lat' dir='ltr'>duae</span> <span class='ocrx_word' id='word_1_237' title='bbox 1229 3370 1381 3440; x_wconf 88' lang='lat' dir='ltr'>apud</span> <span class='ocrx_word' id='word_1_238' title='bbox 1429 3368 1823 3440; x_wconf 90' lang='lat' dir='ltr'>Nicephorum</span> <span class='ocrx_word' id='word_1_239' title='bbox 1873 3367 2089 3437; x_wconf 89' lang='lat' dir='ltr'>Grego-</span> 
     </span>
    </p>
   </div>
   <div class='ocr_carea' id='block_1_37' title="bbox 452 3454 2092 3527">
    <p class='ocr_par' dir='ltr' id='par_1_37' title="bbox 452 3454 2092 3527">
     <span class='ocr_line' id='line_1_37' title="bbox 452 3454 2092 3527; baseline -0.002 -16"><span class='ocrx_word' id='word_1_240' title='bbox 452 3474 574 3513; x_wconf 90' lang='lat' dir='ltr'>ram</span> <span class='ocrx_word' id='word_1_241' title='bbox 605 3457 646 3513; x_wconf 95' lang='lat'>1.</span> <span class='ocrx_word' id='word_1_242' title='bbox 681 3475 737 3512; x_wconf 88' lang='lat' dir='ltr'>Ix</span> <span class='ocrx_word' id='word_1_243' title='bbox 765 3457 903 3512; x_wconf 75' lang='lat' dir='ltr'>Hiét.</span> <span class='ocrx_word' id='word_1_244' title='bbox 938 3474 987 3511; x_wconf 92' lang='lat' dir='ltr'>c.</span> <span class='ocrx_word' id='word_1_245' title='bbox 1022 3455 1231 3512; x_wconf 88' lang='lat' dir='ltr'>ultimo</span> <span class='ocrx_word' id='word_1_246' title='bbox 1286 3457 1604 3511; x_wconf 68' lang='lat' dir='ltr'>observatas</span> <span class='ocrx_word' id='word_1_247' title='bbox 1653 3456 1899 3527; x_wconf 89' lang='lat' dir='ltr'>eclipses</span> <span class='ocrx_word' id='word_1_248' title='bbox 1939 3454 2092 3509; x_wconf 89' lang='lat' dir='ltr'>circa</span> 
     </span>
    </p>
   </div>
   <div class='ocr_carea' id='block_1_38' title="bbox 450 3542 2090 3614">
    <p class='ocr_par' dir='ltr' id='par_1_38' title="bbox 450 3542 2090 3614">
     <span class='ocr_line' id='line_1_38' title="bbox 450 3542 2090 3614; baseline -0.004 -13"><span class='ocrx_word' id='word_1_249' title='bbox 450 3551 695 3601; x_wconf 88' lang='lat' dir='ltr'>mortem</span> <span class='ocrx_word' id='word_1_250' title='bbox 745 3545 1063 3600; x_wconf 84' lang='lat' dir='ltr'>Andronici</span> <span class='ocrx_word' id='word_1_251' title='bbox 1113 3545 1384 3614; x_wconf 88' lang='lat' dir='ltr'>senioris,</span> <span class='ocrx_word' id='word_1_252' title='bbox 1435 3545 1619 3600; x_wconf 90' lang='lat' dir='ltr'>altera</span> <span class='ocrx_word' id='word_1_253' title='bbox 1666 3544 1815 3599; x_wconf 69' lang='lat' dir='ltr'>lunae</span> <span class='ocrx_word' id='word_1_254' title='bbox 1869 3559 1935 3599; x_wconf 95' lang='lat' dir='ltr'>eo</span> <span class='ocrx_word' id='word_1_255' title='bbox 1960 3542 2090 3613; x_wconf 90' lang='lat' dir='ltr'>ipso</span> 
     </span>
    </p>
   </div>
   <div class='ocr_carea' id='block_1_39' title="bbox 452 3632 2089 3706">
    <p class='ocr_par' dir='ltr' id='par_1_39' title="bbox 452 3632 2089 3706">
     <span class='ocr_line' id='line_1_39' title="bbox 452 3632 2089 3706; baseline -0.004 -16"><span class='ocrx_word' id='word_1_256' title='bbox 452 3636 544 3691; x_wconf 91' lang='lat' dir='ltr'>die</span> <span class='ocrx_word' id='word_1_257' title='bbox 595 3650 709 3705; x_wconf 88' lang='lat' dir='ltr'>quo</span> <span class='ocrx_word' id='word_1_258' title='bbox 758 3649 891 3689; x_wconf 89' lang='lat' dir='ltr'>eum</span> <span class='ocrx_word' id='word_1_259' title='bbox 942 3634 1090 3689; x_wconf 91' lang='lat' dir='ltr'>mori</span> <span class='ocrx_word' id='word_1_260' title='bbox 1139 3634 1406 3706; x_wconf 89' lang='lat' dir='ltr'>contigit,</span> <span class='ocrx_word' id='word_1_261' title='bbox 1449 3632 1518 3688; x_wconf 82' lang='grc'>12</span> <span class='ocrx_word' id='word_1_262' title='bbox 1580 3633 1877 3689; x_wconf 87' lang='lat' dir='ltr'>Februarii</span> <span class='ocrx_word' id='word_1_263' title='bbox 1938 3647 2089 3687; x_wconf 91' lang='lat' dir='ltr'>anno</span> 
     </span>
    </p>
   </div>
   <div class='ocr_carea' id='block_1_40' title="bbox 455 3722 2088 3795">
    <p class='ocr_par' dir='ltr' id='par_1_40' title="bbox 455 3722 2088 3795">
     <span class='ocr_line' id='line_1_40' title="bbox 455 3722 2088 3795; baseline -0.002 -17"><span class='ocrx_word' id='word_1_264' title='bbox 455 3723 663 3779; x_wconf 88' lang='lat' dir='ltr'>Christi</span> <span class='ocrx_word' id='word_1_265' title='bbox 688 3723 850 3795; x_wconf 83' lang='grc'><strong>1332,</strong></span> <span class='ocrx_word' id='word_1_266' title='bbox 909 3722 1094 3779; x_wconf 84' lang='lat' dir='ltr'>altera</span> <span class='ocrx_word' id='word_1_267' title='bbox 1137 3722 1299 3788; x_wconf 89' lang='lat' dir='ltr'>solis,</span> <span class='ocrx_word' id='word_1_268' title='bbox 1334 3740 1460 3795; x_wconf 70' lang='lat' dir='ltr'>quis</span> <span class='ocrx_word' id='word_1_269' title='bbox 1492 3727 1575 3778; x_wconf 90' lang='lat' dir='ltr'>tot</span> <span class='ocrx_word' id='word_1_270' title='bbox 1602 3722 1808 3779; x_wconf 91' lang='lat' dir='ltr'>diebus</span> <span class='ocrx_word' id='word_1_271' title='bbox 1842 3724 2088 3775; x_wconf 90' lang='lat' dir='ltr'>mortem</span> 
     </span>
    </p>
   </div>
   <div class='ocr_carea' id='block_1_41' title="bbox 452 3806 2090 3884">
    <p class='ocr_par' dir='ltr' id='par_1_41' title="bbox 452 3806 2090 3884">
     <span class='ocr_line' id='line_1_41' title="bbox 452 3806 2090 3884; baseline -0.004 -17"><span class='ocrx_word' id='word_1_272' title='bbox 452 3810 821 3884; x_wconf 87' lang='lat' dir='ltr'>imperatoris</span> <span class='ocrx_word' id='word_1_273' title='bbox 870 3812 1189 3883; x_wconf 75' lang='lat' dir='ltr'>praecessit,</span> <span class='ocrx_word' id='word_1_274' title='bbox 1239 3816 1382 3882; x_wconf 90' lang='lat' dir='ltr'>quot</span> <span class='ocrx_word' id='word_1_275' title='bbox 1431 3811 1556 3883; x_wconf 91' lang='lat' dir='ltr'>ipse</span> <span class='ocrx_word' id='word_1_276' title='bbox 1614 3811 1785 3866; x_wconf 89' lang='lat' dir='ltr'>annis</span> <span class='ocrx_word' id='word_1_277' title='bbox 1835 3810 1895 3862; x_wconf 93' lang='lat' dir='ltr'>in</span> <span class='ocrx_word' id='word_1_278' title='bbox 1943 3806 2090 3862; x_wconf 88' lang='lat' dir='ltr'>vivis</span> 
     </span>
    </p>
   </div>
   <div class='ocr_carea' id='block_1_42' title="bbox 455 3894 2089 3972">
    <p class='ocr_par' dir='ltr' id='par_1_42' title="bbox 455 3894 2089 3972">
     <span class='ocr_line' id='line_1_42' title="bbox 455 3894 2089 3972; baseline -0.006 -15"><span class='ocrx_word' id='word_1_279' title='bbox 455 3902 660 3956; x_wconf 80' lang='lat' dir='ltr'>fuerat.</span> <span class='ocrx_word' id='word_1_280' title='bbox 693 3900 1100 3969; x_wconf 79' lang='grc' dir='ltr'>Ἐπισκότησις,</span> <span class='ocrx_word' id='word_1_281' title='bbox 1146 3899 1573 3972; x_wconf 70' lang='grc' dir='ltr'>ἱῑιᾳυίῐ,ἠλιακὴ</span> <span class='ocrx_word' id='word_1_282' title='bbox 1631 3895 1891 3956; x_wconf 81' lang='grc' dir='ltr'>τοσαύτας</span> <span class='ocrx_word' id='word_1_283' title='bbox 1947 3894 2089 3966; x_wconf 76' lang='grc' dir='ltr'>ἡμὲ-</span> 
     </span>
    </p>
   </div>
   <div class='ocr_carea' id='block_1_43' title="bbox 453 3984 2091 4067">
    <p class='ocr_par' dir='ltr' id='par_1_43' title="bbox 453 3984 2091 4067">
     <span class='ocr_line' id='line_1_43' title="bbox 453 3984 2091 4067; baseline -0.005 -23"><span class='ocrx_word' id='word_1_284' title='bbox 453 4009 549 4063; x_wconf 80' lang='grc' dir='ltr'>ρας</span> <span class='ocrx_word' id='word_1_285' title='bbox 596 3989 964 4067; x_wconf 70' lang='grc' dir='ltr'>προειληφυῖα</span> <span class='ocrx_word' id='word_1_286' title='bbox 1018 3990 1115 4057; x_wconf 76' lang='grc' dir='ltr'>τήν</span> <span class='ocrx_word' id='word_1_287' title='bbox 1172 3989 1334 4043; x_wconf 79' lang='grc' dir='ltr'>αὐτοῦ</span> <span class='ocrx_word' id='word_1_288' title='bbox 1381 3987 1659 4056; x_wconf 82' lang='grc' dir='ltr'>τελευτὴν,</span> <span class='ocrx_word' id='word_1_289' title='bbox 1723 3985 1820 4041; x_wconf 81' lang='grc' dir='ltr'>ὅσα</span> <span class='ocrx_word' id='word_1_290' title='bbox 1850 3985 1937 4040; x_wconf 81' lang='grc' dir='ltr'>καὶ</span> <span class='ocrx_word' id='word_1_291' title='bbox 1988 3984 2091 4037; x_wconf 82' lang='grc' dir='ltr'>αὖ·</span> 
     </span>
    </p>
   </div>
   <div class='ocr_carea' id='block_1_44' title="bbox 451 4071 2086 4150">
    <p class='ocr_par' dir='ltr' id='par_1_44' title="bbox 451 4071 2086 4150">
     <span class='ocr_line' id='line_1_44' title="bbox 451 4071 2086 4150; baseline -0.003 -19"><span class='ocrx_word' id='word_1_292' title='bbox 451 4078 543 4139; x_wconf 88' lang='grc' dir='ltr'>τὸς</span> <span class='ocrx_word' id='word_1_293' title='bbox 609 4077 675 4146; x_wconf 84' lang='grc' dir='ltr'>ἧν</span> <span class='ocrx_word' id='word_1_294' title='bbox 724 4074 816 4147; x_wconf 79' lang='grc' dir='ltr'>ἔτη</span> <span class='ocrx_word' id='word_1_295' title='bbox 874 4077 940 4131; x_wconf 81' lang='grc' dir='ltr'>τὰ</span> <span class='ocrx_word' id='word_1_296' title='bbox 985 4077 1158 4131; x_wconf 80' lang='grc' dir='ltr'>πάντα</span> <span class='ocrx_word' id='word_1_297' title='bbox 1209 4072 1489 4150; x_wconf 75' lang='grc' dir='ltr'>βεϐιωκώς</span> <span class='ocrx_word' id='word_1_298' title='bbox 1534 4078 1669 4134; x_wconf 83' lang='lat' dir='ltr'>Dies</span> <span class='ocrx_word' id='word_1_299' title='bbox 1727 4071 2086 4148; x_wconf 84' lang='lat' dir='ltr'>agnoscendi</span> 
     </span>
    </p>
   </div>
   <div class='ocr_carea' id='block_1_45' title="bbox 453 4161 2090 4233">
    <p class='ocr_par' dir='ltr' id='par_1_45' title="bbox 453 4161 2090 4233">
     <span class='ocr_line' id='line_1_45' title="bbox 453 4161 2090 4233; baseline -0.005 -10"><span class='ocrx_word' id='word_1_300' title='bbox 453 4172 593 4223; x_wconf 92' lang='lat' dir='ltr'>sunt</span> <span class='ocrx_word' id='word_1_301' title='bbox 619 4170 731 4223; x_wconf 70' lang='lat'>74:</span> <span class='ocrx_word' id='word_1_302' title='bbox 777 4168 1021 4223; x_wconf 90' lang='lat' dir='ltr'>totidem</span> <span class='ocrx_word' id='word_1_303' title='bbox 1070 4166 1226 4223; x_wconf 90' lang='lat' dir='ltr'>enim</span> <span class='ocrx_word' id='word_1_304' title='bbox 1270 4166 1637 4222; x_wconf 86' lang='lat' dir='ltr'>Andronicus</span> <span class='ocrx_word' id='word_1_305' title='bbox 1687 4181 1872 4221; x_wconf 90' lang='lat' dir='ltr'>annos</span> <span class='ocrx_word' id='word_1_306' title='bbox 1927 4161 2090 4233; x_wconf 85' lang='lat' dir='ltr'>vixit,</span> 
     </span>
    </p>
   </div>
   <div class='ocr_carea' id='block_1_46' title="bbox 454 4255 2093 4328">
    <p class='ocr_par' dir='ltr' id='par_1_46' title="bbox 454 4255 2093 4328">
     <span class='ocr_line' id='line_1_46' title="bbox 454 4255 2093 4328; baseline -0.004 -18"><span class='ocrx_word' id='word_1_307' title='bbox 454 4256 554 4328; x_wconf 93' lang='lat' dir='ltr'>qui</span> <span class='ocrx_word' id='word_1_308' title='bbox 581 4257 651 4313; x_wconf 87' lang='lat'>50</span> <span class='ocrx_word' id='word_1_309' title='bbox 682 4255 798 4311; x_wconf 78' lang='lat' dir='ltr'>fere</span> <span class='ocrx_word' id='word_1_310' title='bbox 831 4256 1509 4327; x_wconf 86' lang='lat' dir='ltr'>rcgnavit.Septuaginta</span> <span class='ocrx_word' id='word_1_311' title='bbox 1531 4258 1727 4310; x_wconf 88' lang='lat' dir='ltr'>autem</span> <span class='ocrx_word' id='word_1_312' title='bbox 1753 4258 1808 4310; x_wconf 89' lang='lat' dir='ltr'><strong>et</strong></span> <span class='ocrx_word' id='word_1_313' title='bbox 1838 4255 2093 4324; x_wconf 89' lang='lat' dir='ltr'>quatuor</span> 
     </span>
    </p>
   </div>
   <div class='ocr_carea' id='block_1_47' title="bbox 453 4338 2090 4414">
    <p class='ocr_par' dir='ltr' id='par_1_47' title="bbox 453 4338 2090 4414">
     <span class='ocr_line' id='line_1_47' title="bbox 453 4338 2090 4414; baseline -0.004 -15"><span class='ocrx_word' id='word_1_314' title='bbox 453 4345 577 4401; x_wconf 89' lang='lat' dir='ltr'>dies</span> <span class='ocrx_word' id='word_1_315' title='bbox 612 4345 763 4400; x_wconf 91' lang='lat' dir='ltr'>inter</span> <span class='ocrx_word' id='word_1_316' title='bbox 793 4344 925 4399; x_wconf 90' lang='lat' dir='ltr'>illas</span> <span class='ocrx_word' id='word_1_317' title='bbox 951 4343 1198 4414; x_wconf 89' lang='lat' dir='ltr'>eclipses</span> <span class='ocrx_word' id='word_1_318' title='bbox 1241 4344 1739 4399; x_wconf 86' lang='lat' dir='ltr'>intercesserunt:</span> <span class='ocrx_word' id='word_1_319' title='bbox 1772 4358 1904 4398; x_wconf 89' lang='lat' dir='ltr'>nam</span> <span class='ocrx_word' id='word_1_320' title='bbox 1949 4338 2090 4395; x_wconf 91' lang='lat' dir='ltr'>solis</span> 
     </span>
    </p>
   </div>
   <div class='ocr_carea' id='block_1_48' title="bbox 455 4425 2091 4504">
    <p class='ocr_par' dir='ltr' id='par_1_48' title="bbox 455 4425 2091 4504">
     <span class='ocr_line' id='line_1_48' title="bbox 455 4425 2091 4504; baseline -0.005 -17"><span class='ocrx_word' id='word_1_321' title='bbox 455 4432 695 4504; x_wconf 89' lang='lat' dir='ltr'>quidem</span> <span class='ocrx_word' id='word_1_322' title='bbox 730 4433 883 4487; x_wconf 88' lang='lat' dir='ltr'>facta</span> <span class='ocrx_word' id='word_1_323' title='bbox 932 4435 1022 4486; x_wconf 88' lang='lat' dir='ltr'>est</span> <span class='ocrx_word' id='word_1_324' title='bbox 1051 4432 1120 4485; x_wconf 92' lang='lat'>30</span> <span class='ocrx_word' id='word_1_325' title='bbox 1176 4431 1268 4486; x_wconf 91' lang='lat' dir='ltr'>die</span> <span class='ocrx_word' id='word_1_326' title='bbox 1306 4431 1647 4487; x_wconf 91' lang='lat' dir='ltr'>Novembris</span> <span class='ocrx_word' id='word_1_327' title='bbox 1696 4448 1847 4486; x_wconf 89' lang='lat' dir='ltr'>anno</span> <span class='ocrx_word' id='word_1_328' title='bbox 1878 4425 2091 4483; x_wconf 87' lang='lat' dir='ltr'>Christi</span> 
     </span>
    </p>
   </div>
   <div class='ocr_carea' id='block_1_49' title="bbox 2189 530 3415 607">
    <p class='ocr_par' dir='ltr' id='par_1_49' title="bbox 2189 530 3415 607">
     <span class='ocr_line' id='line_1_49' title="bbox 2189 530 3415 607; baseline 0.009 -29"><span class='ocrx_word' id='word_1_329' title='bbox 2189 530 2542 601; x_wconf 73' lang='grc' dir='ltr'>προεσήμηνέ</span> <span class='ocrx_word' id='word_1_330' title='bbox 2567 551 2616 584; x_wconf 83' lang='grc' dir='ltr'><strong>τι</strong></span> <span class='ocrx_word' id='word_1_331' title='bbox 2649 536 2897 603; x_wconf 83' lang='grc' dir='ltr'>σημεῖον.</span> <span class='ocrx_word' id='word_1_332' title='bbox 2930 532 3126 591; x_wconf 73' lang='grc' dir='ltr'>’Ἥλιος</span> <span class='ocrx_word' id='word_1_333' title='bbox 3155 531 3274 607; x_wconf 82' lang='grc' dir='ltr'><strong>γάρ,</strong></span> <span class='ocrx_word' id='word_1_334' title='bbox 3305 537 3415 589; x_wconf 82' lang='lat' dir='ltr'>etc.</span> 
     </span>
    </p>
   </div>
   <div class='ocr_carea' id='block_1_50' title="bbox 2262 634 3827 713">
    <p class='ocr_par' dir='ltr' id='par_1_50' title="bbox 2262 634 3827 713">
     <span class='ocr_line' id='line_1_50' title="bbox 2262 634 3827 713; baseline 0.004 -24"><span class='ocrx_word' id='word_1_335' title='bbox 2262 634 2381 691; x_wconf 87' lang='lat' dir='ltr'>XII.</span> <span class='ocrx_word' id='word_1_336' title='bbox 2426 639 2506 693; x_wconf 86' lang='lat' dir='ltr'>Ex</span> <span class='ocrx_word' id='word_1_337' title='bbox 2554 656 2670 710; x_wconf 89' lang='lat' dir='ltr'>qua</span> <span class='ocrx_word' id='word_1_338' title='bbox 2719 642 2967 697; x_wconf 92' lang='lat' dir='ltr'>duorum</span> <span class='ocrx_word' id='word_1_339' title='bbox 3018 647 3344 709; x_wconf 88' lang='lat' dir='ltr'>auctorum,</span> <span class='ocrx_word' id='word_1_340' title='bbox 3392 657 3641 713; x_wconf 87' lang='lat' dir='ltr'>quorum</span> <span class='ocrx_word' id='word_1_341' title='bbox 3684 642 3827 697; x_wconf 85' lang='lat' dir='ltr'>ecli-</span> 
     </span>
    </p>
   </div>
   <div class='ocr_carea' id='block_1_51' title="bbox 2192 729 3828 802">
    <p class='ocr_par' dir='ltr' id='par_1_51' title="bbox 2192 729 3828 802">
     <span class='ocr_line' id='line_1_51' title="bbox 2192 729 3828 802; baseline 0.004 -25"><span class='ocrx_word' id='word_1_342' title='bbox 2192 738 2326 792; x_wconf 89' lang='lat' dir='ltr'>pses</span> <span class='ocrx_word' id='word_1_343' title='bbox 2358 729 2619 797; x_wconf 80' lang='lat' dir='ltr'>exposui,</span> <span class='ocrx_word' id='word_1_344' title='bbox 2681 730 2751 784; x_wconf 92' lang='lat' dir='ltr'>de</span> <span class='ocrx_word' id='word_1_345' title='bbox 2783 747 2984 785; x_wconf 87' lang='lat' dir='ltr'>earum</span> <span class='ocrx_word' id='word_1_346' title='bbox 3031 730 3458 802; x_wconf 86' lang='lat' dir='ltr'>significatione</span> <span class='ocrx_word' id='word_1_347' title='bbox 3516 731 3828 797; x_wconf 84' lang='lat' dir='ltr'>sententia,</span> 
     </span>
    </p>
   </div>
   <div class='ocr_carea' id='block_1_52' title="bbox 2192 820 3831 897">
    <p class='ocr_par' dir='ltr' id='par_1_52' title="bbox 2192 820 3831 897">
     <span class='ocr_line' id='line_1_52' title="bbox 2192 820 3831 897; baseline 0.004 -23"><span class='ocrx_word' id='word_1_348' title='bbox 2192 820 2277 889; x_wconf 89' lang='lat' dir='ltr'>[P.</span> <span class='ocrx_word' id='word_1_349' title='bbox 2309 822 2433 894; x_wconf 82' lang='lat'>505]</span> <span class='ocrx_word' id='word_1_350' title='bbox 2467 826 2537 879; x_wconf 89' lang='lat' dir='ltr'>ad</span> <span class='ocrx_word' id='word_1_351' title='bbox 2572 826 2786 881; x_wconf 88' lang='lat' dir='ltr'>calcem</span> <span class='ocrx_word' id='word_1_352' title='bbox 2820 827 3273 882; x_wconf 88' lang='lat' dir='ltr'>dissertationis.</span> <span class='ocrx_word' id='word_1_353' title='bbox 3308 827 3366 880; x_wconf 92' lang='lat' dir='ltr'>in</span> <span class='ocrx_word' id='word_1_354' title='bbox 3400 843 3517 897; x_wconf 88' lang='lat' dir='ltr'>qua</span> <span class='ocrx_word' id='word_1_355' title='bbox 3546 826 3831 882; x_wconf 84' lang='lat' dir='ltr'>hactenus</span> 
     </span>
    </p>
   </div>
   <div class='ocr_carea' id='block_1_53' title="bbox 2192 909 3825 987">
    <p class='ocr_par' dir='ltr' id='par_1_53' title="bbox 2192 909 3825 987">
     <span class='ocr_line' id='line_1_53' title="bbox 2192 909 3825 987; baseline 0.005 -26"><span class='ocrx_word' id='word_1_356' title='bbox 2192 909 2537 967; x_wconf 86' lang='lat' dir='ltr'>historicum</span> <span class='ocrx_word' id='word_1_357' title='bbox 2568 920 2623 968; x_wconf 91' lang='lat' dir='ltr'>et</span> <span class='ocrx_word' id='word_1_358' title='bbox 2649 920 2952 971; x_wconf 88' lang='lat' dir='ltr'>astronum</span> <span class='ocrx_word' id='word_1_359' title='bbox 2985 932 3153 986; x_wconf 89' lang='lat' dir='ltr'>agere</span> <span class='ocrx_word' id='word_1_360' title='bbox 3187 932 3276 969; x_wconf 87' lang='lat' dir='ltr'>me</span> <span class='ocrx_word' id='word_1_361' title='bbox 3319 916 3599 985; x_wconf 86' lang='lat' dir='ltr'>oportuit,</span> <span class='ocrx_word' id='word_1_362' title='bbox 3626 932 3825 987; x_wconf 62' lang='lat' dir='ltr'>quaeso</span> 
     </span>
    </p>
   </div>
   <div class='ocr_carea' id='block_1_54' title="bbox 2192 999 3826 1075">
    <p class='ocr_par' dir='ltr' id='par_1_54' title="bbox 2192 999 3826 1075">
     <span class='ocr_line' id='line_1_54' title="bbox 2192 999 3826 1075; baseline 0.004 -24"><span class='ocrx_word' id='word_1_363' title='bbox 2192 1002 2258 1051; x_wconf 90' lang='lat' dir='ltr'>ut</span> <span class='ocrx_word' id='word_1_364' title='bbox 2285 999 2429 1053; x_wconf 90' lang='lat' dir='ltr'>mihi</span> <span class='ocrx_word' id='word_1_365' title='bbox 2461 1000 2631 1056; x_wconf 91' lang='lat' dir='ltr'>liceat</span> <span class='ocrx_word' id='word_1_366' title='bbox 2661 1003 2947 1074; x_wconf 87' lang='lat' dir='ltr'>tantisper</span> <span class='ocrx_word' id='word_1_367' title='bbox 2967 1021 3135 1073; x_wconf 86' lang='lat' dir='ltr'>agere</span> <span class='ocrx_word' id='word_1_368' title='bbox 3165 1003 3522 1075; x_wconf 90' lang='lat' dir='ltr'>theologum,</span> <span class='ocrx_word' id='word_1_369' title='bbox 3564 1009 3621 1059; x_wconf 94' lang='lat' dir='ltr'>et</span> <span class='ocrx_word' id='word_1_370' title='bbox 3667 1004 3826 1057; x_wconf 89' lang='lat' dir='ltr'>circa</span> 
     </span>
    </p>
   </div>
   <div class='ocr_carea' id='block_1_55' title="bbox 2191 1085 3824 1163">
    <p class='ocr_par' dir='ltr' id='par_1_55' title="bbox 2191 1085 3824 1163">
     <span class='ocr_line' id='line_1_55' title="bbox 2191 1085 3824 1163; baseline 0.005 -25"><span class='ocrx_word' id='word_1_371' title='bbox 2191 1085 2653 1157; x_wconf 79' lang='lat' dir='ltr'>significationes</span> <span class='ocrx_word' id='word_1_372' title='bbox 2706 1091 3099 1147; x_wconf 82' lang='lat' dir='ltr'>defectionum</span> <span class='ocrx_word' id='word_1_373' title='bbox 3146 1093 3455 1163; x_wconf 87' lang='lat' dir='ltr'>utriusque</span> <span class='ocrx_word' id='word_1_374' title='bbox 3506 1092 3824 1147; x_wconf 77' lang='lat' dir='ltr'>luminaria</span> 
     </span>
    </p>
   </div>
   <div class='ocr_carea' id='block_1_56' title="bbox 2192 1168 3829 1250">
    <p class='ocr_par' dir='ltr' id='par_1_56' title="bbox 2192 1168 3829 1250">
     <span class='ocr_line' id='line_1_56' title="bbox 2192 1168 3829 1250; baseline 0.004 -22"><span class='ocrx_word' id='word_1_375' title='bbox 2192 1168 2433 1231; x_wconf 80' lang='lat' dir='ltr'>definire</span> <span class='ocrx_word' id='word_1_376' title='bbox 2463 1179 2732 1249; x_wconf 89' lang='lat' dir='ltr'>breviter,</span> <span class='ocrx_word' id='word_1_377' title='bbox 2765 1183 2824 1234; x_wconf 91' lang='lat' dir='ltr'>at</span> <span class='ocrx_word' id='word_1_378' title='bbox 2854 1179 3059 1247; x_wconf 87' lang='lat' dir='ltr'>solide,</span> <span class='ocrx_word' id='word_1_379' title='bbox 3094 1181 3229 1250; x_wconf 90' lang='lat' dir='ltr'>quid</span> <span class='ocrx_word' id='word_1_380' title='bbox 3257 1180 3625 1236; x_wconf 88' lang='lat' dir='ltr'>Christianus</span> <span class='ocrx_word' id='word_1_381' title='bbox 3650 1181 3829 1235; x_wconf 89' lang='lat' dir='ltr'>homo</span> 
     </span>
    </p>
   </div>
   <div class='ocr_carea' id='block_1_57' title="bbox 2193 1262 3823 1340">
    <p class='ocr_par' dir='ltr' id='par_1_57' title="bbox 2193 1262 3823 1340">
     <span class='ocr_line' id='line_1_57' title="bbox 2193 1262 3823 1340; baseline 0.004 -24"><span class='ocrx_word' id='word_1_382' title='bbox 2193 1262 2399 1319; x_wconf 90' lang='lat' dir='ltr'>debeat</span> <span class='ocrx_word' id='word_1_383' title='bbox 2425 1270 2527 1320; x_wconf 91' lang='lat' dir='ltr'>aut</span> <span class='ocrx_word' id='word_1_384' title='bbox 2549 1268 2735 1337; x_wconf 90' lang='lat' dir='ltr'>possit</span> <span class='ocrx_word' id='word_1_385' title='bbox 2753 1267 2838 1322; x_wconf 86' lang='lat' dir='ltr'>vel</span> <span class='ocrx_word' id='word_1_386' title='bbox 2874 1268 3091 1323; x_wconf 87' lang='lat' dir='ltr'>sentire</span> <span class='ocrx_word' id='word_1_387' title='bbox 3114 1268 3382 1340; x_wconf 77' lang='lat' dir='ltr'>legitime</span> <span class='ocrx_word' id='word_1_388' title='bbox 3412 1268 3501 1322; x_wconf 86' lang='lat' dir='ltr'>vel</span> <span class='ocrx_word' id='word_1_389' title='bbox 3534 1269 3592 1322; x_wconf 91' lang='lat' dir='ltr'>in</span> <span class='ocrx_word' id='word_1_390' title='bbox 3646 1284 3823 1323; x_wconf 89' lang='lat' dir='ltr'>usum</span> 
     </span>
    </p>
   </div>
   <div class='ocr_carea' id='block_1_58' title="bbox 2192 1352 3825 1412">
    <p class='ocr_par' dir='ltr' id='par_1_58' title="bbox 2192 1352 3825 1412">
     <span class='ocr_line' id='line_1_58' title="bbox 2192 1352 3825 1412; baseline 0.004 -7"><span class='ocrx_word' id='word_1_391' title='bbox 2192 1352 2468 1409; x_wconf 86' lang='lat' dir='ltr'>adhibere</span> <span class='ocrx_word' id='word_1_392' title='bbox 2496 1354 2621 1409; x_wconf 90' lang='lat' dir='ltr'>sine</span> <span class='ocrx_word' id='word_1_393' title='bbox 2651 1355 2789 1410; x_wconf 92' lang='lat' dir='ltr'>vitio</span> <span class='ocrx_word' id='word_1_394' title='bbox 2819 1355 3152 1411; x_wconf 87' lang='lat' dir='ltr'>timiditatis</span> <span class='ocrx_word' id='word_1_395' title='bbox 3182 1361 3284 1411; x_wconf 89' lang='lat' dir='ltr'>aut</span> <span class='ocrx_word' id='word_1_396' title='bbox 3331 1358 3455 1411; x_wconf 89' lang='lat' dir='ltr'>sine</span> <span class='ocrx_word' id='word_1_397' title='bbox 3514 1373 3659 1412; x_wconf 86' lang='lat' dir='ltr'>noxa</span> <span class='ocrx_word' id='word_1_398' title='bbox 3716 1375 3825 1412; x_wconf 90' lang='lat' dir='ltr'>su-</span> 
     </span>
    </p>
   </div>
   <div class='ocr_carea' id='block_1_59' title="bbox 2193 1441 3821 1514">
    <p class='ocr_par' dir='ltr' id='par_1_59' title="bbox 2193 1441 3821 1514">
     <span class='ocr_line' id='line_1_59' title="bbox 2193 1441 3821 1514; baseline 0.002 -20"><span class='ocrx_word' id='word_1_399' title='bbox 2193 1441 2576 1510; x_wconf 88' lang='lat' dir='ltr'>perstitionis,</span> <span class='ocrx_word' id='word_1_400' title='bbox 2609 1459 2855 1513; x_wconf 93' lang='lat' dir='ltr'>quorum</span> <span class='ocrx_word' id='word_1_401' title='bbox 2884 1444 3133 1498; x_wconf 88' lang='lat' dir='ltr'>alterum</span> <span class='ocrx_word' id='word_1_402' title='bbox 3170 1445 3438 1499; x_wconf 70' lang='lat' dir='ltr'>humanae</span> <span class='ocrx_word' id='word_1_403' title='bbox 3468 1445 3821 1514; x_wconf 85' lang='lat' dir='ltr'>fortitudini,</span> 
     </span>
    </p>
   </div>
   <div class='ocr_carea' id='block_1_60' title="bbox 2193 1528 3441 1604">
    <p class='ocr_par' dir='ltr' id='par_1_60' title="bbox 2193 1528 3441 1604">
     <span class='ocr_line' id='line_1_60' title="bbox 2193 1528 3441 1604; baseline 0.003 -21"><span class='ocrx_word' id='word_1_404' title='bbox 2193 1528 2441 1584; x_wconf 79' lang='lat' dir='ltr'>alterum</span> <span class='ocrx_word' id='word_1_405' title='bbox 2466 1530 2806 1585; x_wconf 67' lang='lat' dir='ltr'>Christianae</span> <span class='ocrx_word' id='word_1_406' title='bbox 2839 1531 3105 1602; x_wconf 87' lang='lat' dir='ltr'>religioni</span> <span class='ocrx_word' id='word_1_407' title='bbox 3136 1538 3441 1604; x_wconf 88' lang='lat' dir='ltr'>repugnat.</span> 
     </span>
    </p>
   </div>
   <div class='ocr_carea' id='block_1_61' title="bbox 2267 1643 3823 1718">
    <p class='ocr_par' dir='ltr' id='par_1_61' title="bbox 2267 1643 3823 1718">
     <span class='ocr_line' id='line_1_61' title="bbox 2267 1643 3823 1718; baseline 0.002 -20"><span class='ocrx_word' id='word_1_408' title='bbox 2267 1643 2454 1698; x_wconf 91' lang='lat' dir='ltr'>Unum</span> <span class='ocrx_word' id='word_1_409' title='bbox 2486 1644 2667 1714; x_wconf 89' lang='lat' dir='ltr'>igitur</span> <span class='ocrx_word' id='word_1_410' title='bbox 2698 1644 2806 1699; x_wconf 92' lang='lat' dir='ltr'>hoc</span> <span class='ocrx_word' id='word_1_411' title='bbox 2839 1646 3175 1717; x_wconf 91' lang='lat' dir='ltr'>pronuntio,</span> <span class='ocrx_word' id='word_1_412' title='bbox 3208 1646 3455 1718; x_wconf 89' lang='lat' dir='ltr'>eclipses</span> <span class='ocrx_word' id='word_1_413' title='bbox 3481 1647 3621 1703; x_wconf 90' lang='lat' dir='ltr'>solis</span> <span class='ocrx_word' id='word_1_414' title='bbox 3652 1648 3701 1702; x_wconf 90' lang='lat' dir='ltr'>ei</span> <span class='ocrx_word' id='word_1_415' title='bbox 3732 1647 3823 1701; x_wconf 88' lang='lat' dir='ltr'>lu-</span> 
     </span>
    </p>
   </div>
   <div class='ocr_carea' id='block_1_62' title="bbox 2194 1733 3823 1807">
    <p class='ocr_par' dir='ltr' id='par_1_62' title="bbox 2194 1733 3823 1807">
     <span class='ocr_line' id='line_1_62' title="bbox 2194 1733 3823 1807; baseline 0.003 -22"><span class='ocrx_word' id='word_1_416' title='bbox 2194 1748 2279 1785; x_wconf 83' lang='lat' dir='ltr'>nae</span> <span class='ocrx_word' id='word_1_417' title='bbox 2311 1748 2440 1786; x_wconf 87' lang='lat' dir='ltr'>esse</span> <span class='ocrx_word' id='word_1_418' title='bbox 2484 1733 2744 1787; x_wconf 84' lang='lat' dir='ltr'>defectus</span> <span class='ocrx_word' id='word_1_419' title='bbox 2804 1734 3122 1801; x_wconf 85' lang='lat' dir='ltr'>naturales,</span> <span class='ocrx_word' id='word_1_420' title='bbox 3180 1734 3272 1789; x_wconf 91' lang='lat' dir='ltr'>vel</span> <span class='ocrx_word' id='word_1_421' title='bbox 3330 1735 3570 1790; x_wconf 88' lang='lat' dir='ltr'>luminis</span> <span class='ocrx_word' id='word_1_422' title='bbox 3600 1736 3656 1789; x_wconf 93' lang='lat' dir='ltr'>in</span> <span class='ocrx_word' id='word_1_423' title='bbox 3689 1735 3823 1807; x_wconf 85' lang='lat' dir='ltr'>ipsa</span> 
     </span>
    </p>
   </div>
   <div class='ocr_carea' id='block_1_63' title="bbox 2113 1789 3821 1892">
    <p class='ocr_par' dir='ltr' id='par_1_63' title="bbox 2113 1789 3821 1892">
     <span class='ocr_line' id='line_1_63' title="bbox 3111 1789 3818 1807; baseline 0.003 -19"><span class='ocrx_word' id='word_1_424' title='bbox 3111 1789 3122 1801; x_wconf 81' lang='grc'>,</span> <span class='ocrx_word' id='word_1_425' title='bbox 3555 1789 3560 1790; x_wconf 62' lang='lat'><strong><em>,</em></strong></span> <span class='ocrx_word' id='word_1_426' title='bbox 3712 1789 3735 1807; x_wconf 48' lang='grc' dir='ltr'><strong><em>ι</em></strong></span> <span class='ocrx_word' id='word_1_427' title='bbox 3763 1789 3772 1790; x_wconf 59' lang='lat'><strong><em>,</em></strong></span> <span class='ocrx_word' id='word_1_428' title='bbox 3813 1789 3818 1790; x_wconf 63' lang='lat'><strong><em>,</em></strong></span> 
     </span>
     <span class='ocr_line' id='line_1_64' title="bbox 2113 1789 3821 1892; baseline 0.003 -19"><span class='ocrx_word' id='word_1_429' title='bbox 2113 1789 2160 1852; x_wconf 84' lang='lat' dir='ltr'><strong>B</strong></span> <span class='ocrx_word' id='word_1_430' title='bbox 2190 1818 2326 1873; x_wconf 88' lang='lat' dir='ltr'>luna</span> <span class='ocrx_word' id='word_1_431' title='bbox 2358 1818 2415 1874; x_wconf 88' lang='lat' dir='ltr'>in</span> <span class='ocrx_word' id='word_1_432' title='bbox 2448 1822 2716 1875; x_wconf 89' lang='lat' dir='ltr'>umbram</span> <span class='ocrx_word' id='word_1_433' title='bbox 2759 1826 2922 1876; x_wconf 67' lang='lat' dir='ltr'>terres</span> <span class='ocrx_word' id='word_1_434' title='bbox 2974 1823 3331 1892; x_wconf 87' lang='lat' dir='ltr'>incurrente,</span> <span class='ocrx_word' id='word_1_435' title='bbox 3381 1823 3467 1878; x_wconf 88' lang='lat' dir='ltr'>vel</span> <span class='ocrx_word' id='word_1_436' title='bbox 3520 1824 3821 1878; x_wconf 85' lang='lat' dir='ltr'>radiorum</span> 
     </span>
    </p>
   </div>
   <div class='ocr_carea' id='block_1_64' title="bbox 2189 1907 3825 1982">
    <p class='ocr_par' dir='ltr' id='par_1_64' title="bbox 2189 1907 3825 1982">
     <span class='ocr_line' id='line_1_65' title="bbox 2189 1907 3825 1982; baseline 0.002 -20"><span class='ocrx_word' id='word_1_437' title='bbox 2189 1907 2329 1962; x_wconf 91' lang='lat' dir='ltr'>solis</span> <span class='ocrx_word' id='word_1_438' title='bbox 2361 1908 2417 1962; x_wconf 90' lang='lat' dir='ltr'>in</span> <span class='ocrx_word' id='word_1_439' title='bbox 2450 1913 2625 1973; x_wconf 90' lang='lat' dir='ltr'>terra,</span> <span class='ocrx_word' id='word_1_440' title='bbox 2658 1908 2794 1964; x_wconf 89' lang='lat' dir='ltr'>luna</span> <span class='ocrx_word' id='word_1_441' title='bbox 2840 1927 2901 1965; x_wconf 90' lang='lat' dir='ltr'>se</span> <span class='ocrx_word' id='word_1_442' title='bbox 2954 1910 3108 1965; x_wconf 90' lang='lat' dir='ltr'>inter</span> <span class='ocrx_word' id='word_1_443' title='bbox 3158 1916 3475 1981; x_wconf 89' lang='lat' dir='ltr'>utrumque</span> <span class='ocrx_word' id='word_1_444' title='bbox 3506 1911 3825 1982; x_wconf 85' lang='lat' dir='ltr'>injiciente.</span> 
     </span>
    </p>
   </div>
   <div class='ocr_carea' id='block_1_65' title="bbox 2189 1996 3830 2069">
    <p class='ocr_par' dir='ltr' id='par_1_65' title="bbox 2189 1996 3830 2069">
     <span class='ocr_line' id='line_1_66' title="bbox 2189 1996 3830 2069; baseline 0.003 -19"><span class='ocrx_word' id='word_1_445' title='bbox 2189 1997 2332 2051; x_wconf 90' lang='lat' dir='ltr'>Tam</span> <span class='ocrx_word' id='word_1_446' title='bbox 2365 1996 2662 2052; x_wconf 90' lang='lat' dir='ltr'>naturales</span> <span class='ocrx_word' id='word_1_447' title='bbox 2692 2003 2882 2053; x_wconf 86' lang='lat' dir='ltr'>autem</span> <span class='ocrx_word' id='word_1_448' title='bbox 2898 2002 2954 2053; x_wconf 91' lang='lat' dir='ltr'>et</span> <span class='ocrx_word' id='word_1_449' title='bbox 2985 2001 3263 2055; x_wconf 75' lang='lat' dir='ltr'>ordinatae</span> <span class='ocrx_word' id='word_1_450' title='bbox 3296 2006 3433 2054; x_wconf 88' lang='lat' dir='ltr'>sunt</span> <span class='ocrx_word' id='word_1_451' title='bbox 3461 2000 3830 2069; x_wconf 82' lang='lat' dir='ltr'>conjunctio-</span> 
     </span>
    </p>
   </div>
   <div class='ocr_carea' id='block_1_66' title="bbox 2189 2086 3825 2159">
    <p class='ocr_par' dir='ltr' id='par_1_66' title="bbox 2189 2086 3825 2159">
     <span class='ocr_line' id='line_1_67' title="bbox 2189 2086 3825 2159; baseline 0.002 -19"><span class='ocrx_word' id='word_1_452' title='bbox 2189 2102 2291 2140; x_wconf 90' lang='lat' dir='ltr'>nes</span> <span class='ocrx_word' id='word_1_453' title='bbox 2322 2090 2380 2140; x_wconf 87' lang='lat' dir='ltr'>et</span> <span class='ocrx_word' id='word_1_454' title='bbox 2407 2086 2800 2155; x_wconf 88' lang='lat' dir='ltr'>oppositiones</span> <span class='ocrx_word' id='word_1_455' title='bbox 2826 2086 3311 2157; x_wconf 71' lang='lat' dir='ltr'>eclipticze,quam</span> <span class='ocrx_word' id='word_1_456' title='bbox 3339 2094 3479 2142; x_wconf 89' lang='lat' dir='ltr'>sunt</span> <span class='ocrx_word' id='word_1_457' title='bbox 3500 2089 3608 2159; x_wconf 90' lang='lat' dir='ltr'>ipsi</span> <span class='ocrx_word' id='word_1_458' title='bbox 3628 2092 3825 2143; x_wconf 88' lang='lat' dir='ltr'>motus</span> 
     </span>
    </p>
   </div>
   <div class='ocr_carea' id='block_1_67' title="bbox 2188 2173 3815 2247">
    <p class='ocr_par' dir='ltr' id='par_1_67' title="bbox 2188 2173 3815 2247">
     <span class='ocr_line' id='line_1_68' title="bbox 2188 2173 3815 2247; baseline 0.002 -20"><span class='ocrx_word' id='word_1_459' title='bbox 2188 2173 2574 2228; x_wconf 89' lang='lat' dir='ltr'>luminarium</span> <span class='ocrx_word' id='word_1_460' title='bbox 2605 2178 2661 2227; x_wconf 90' lang='lat' dir='ltr'>et</span> <span class='ocrx_word' id='word_1_461' title='bbox 2690 2175 2930 2244; x_wconf 67' lang='lat' dir='ltr'>syzygiaa</span> <span class='ocrx_word' id='word_1_462' title='bbox 2963 2192 3076 2230; x_wconf 91' lang='lat' dir='ltr'>non</span> <span class='ocrx_word' id='word_1_463' title='bbox 3108 2176 3406 2247; x_wconf 67' lang='lat' dir='ltr'>ecliptitzae,</span> <span class='ocrx_word' id='word_1_464' title='bbox 3438 2176 3815 2247; x_wconf 48' lang='lat' dir='ltr'>‘quam‘su&#39;nt</span> 
     </span>
    </p>
   </div>
   <div class='ocr_carea' id='block_1_68' title="bbox 2191 2261 3825 2335">
    <p class='ocr_par' dir='ltr' id='par_1_68' title="bbox 2191 2261 3825 2335">
     <span class='ocr_line' id='line_1_69' title="bbox 2191 2261 3825 2335; baseline 0.002 -20"><span class='ocrx_word' id='word_1_465' title='bbox 2191 2261 2314 2315; x_wconf 92' lang='lat' dir='ltr'>dies</span> <span class='ocrx_word' id='word_1_466' title='bbox 2345 2266 2401 2315; x_wconf 93' lang='lat' dir='ltr'><strong>et</strong></span> <span class='ocrx_word' id='word_1_467' title='bbox 2430 2264 2648 2328; x_wconf 91' lang='lat' dir='ltr'>noctes,</span> <span class='ocrx_word' id='word_1_468' title='bbox 2674 2277 2848 2331; x_wconf 89' lang='lat' dir='ltr'>quam</span> <span class='ocrx_word' id='word_1_469' title='bbox 2882 2261 3137 2317; x_wconf 86' lang='lat' dir='ltr'>solstitia</span> <span class='ocrx_word' id='word_1_470' title='bbox 3159 2267 3215 2317; x_wconf 89' lang='lat' dir='ltr'>et</span> <span class='ocrx_word' id='word_1_471' title='bbox 3243 2263 3614 2334; x_wconf 66' lang='lat' dir='ltr'>equinoctia,</span> <span class='ocrx_word' id='word_1_472' title='bbox 3646 2280 3825 2335; x_wconf 85' lang='lat' dir='ltr'>quam</span> 
     </span>
    </p>
   </div>
   <div class='ocr_carea' id='block_1_69' title="bbox 2192 2349 3825 2421">
    <p class='ocr_par' dir='ltr' id='par_1_69' title="bbox 2192 2349 3825 2421">
     <span class='ocr_line' id='line_1_70' title="bbox 2192 2349 3825 2421; baseline 0.002 -17"><span class='ocrx_word' id='word_1_473' title='bbox 2192 2366 2421 2405; x_wconf 90' lang='lat' dir='ltr'>menses</span> <span class='ocrx_word' id='word_1_474' title='bbox 2481 2353 2537 2404; x_wconf 91' lang='lat' dir='ltr'>et</span> <span class='ocrx_word' id='word_1_475' title='bbox 2584 2349 2757 2405; x_wconf 88' lang='lat' dir='ltr'>anni:</span> <span class='ocrx_word' id='word_1_476' title='bbox 2790 2352 3046 2421; x_wconf 89' lang='lat' dir='ltr'>pendent</span> <span class='ocrx_word' id='word_1_477' title='bbox 3075 2352 3228 2406; x_wconf 91' lang='lat' dir='ltr'>enim</span> <span class='ocrx_word' id='word_1_478' title='bbox 3264 2351 3384 2407; x_wconf 68' lang='lat' dir='ltr'>haec</span> <span class='ocrx_word' id='word_1_479' title='bbox 3413 2352 3613 2408; x_wconf 83' lang='lat' dir='ltr'>omnia</span> <span class='ocrx_word' id='word_1_480' title='bbox 3645 2352 3825 2407; x_wconf 89' lang='lat' dir='ltr'>simili</span> 
     </span>
    </p>
   </div>
   <div class='ocr_carea' id='block_1_70' title="bbox 2192 2436 3819 2512">
    <p class='ocr_par' dir='ltr' id='par_1_70' title="bbox 2192 2436 3819 2512">
     <span class='ocr_line' id='line_1_71' title="bbox 2192 2436 3819 2512; baseline 0.002 -20"><span class='ocrx_word' id='word_1_481' title='bbox 2192 2439 2362 2493; x_wconf 92' lang='lat' dir='ltr'>modo</span> <span class='ocrx_word' id='word_1_482' title='bbox 2394 2456 2427 2493; x_wconf 89' lang='lat' dir='ltr'>a</span> <span class='ocrx_word' id='word_1_483' title='bbox 2449 2436 2779 2509; x_wconf 89' lang='lat' dir='ltr'>primalege</span> <span class='ocrx_word' id='word_1_484' title='bbox 2807 2442 2862 2493; x_wconf 91' lang='lat' dir='ltr'>et</span> <span class='ocrx_word' id='word_1_485' title='bbox 2893 2439 3257 2495; x_wconf 88' lang='lat' dir='ltr'>ordinatione</span> <span class='ocrx_word' id='word_1_486' title='bbox 3288 2440 3819 2512; x_wconf 89' lang='lat' dir='ltr'>conditoris,quam</span> 
     </span>
    </p>
   </div>
   <div class='ocr_carea' id='block_1_71' title="bbox 2192 2526 3826 2597">
    <p class='ocr_par' dir='ltr' id='par_1_71' title="bbox 2192 2526 3826 2597">
     <span class='ocr_line' id='line_1_72' title="bbox 2192 2526 3826 2597; baseline 0.002 -17"><span class='ocrx_word' id='word_1_487' title='bbox 2192 2526 2349 2582; x_wconf 63' lang='lat' dir='ltr'>caelis</span> <span class='ocrx_word' id='word_1_488' title='bbox 2397 2531 2455 2581; x_wconf 87' lang='lat' dir='ltr'>et</span> <span class='ocrx_word' id='word_1_489' title='bbox 2510 2526 2802 2589; x_wconf 86' lang='lat' dir='ltr'>sideribus</span> <span class='ocrx_word' id='word_1_490' title='bbox 2858 2527 3216 2597; x_wconf 66' lang='lat' dir='ltr'>praescripsit</span> <span class='ocrx_word' id='word_1_491' title='bbox 3259 2530 3331 2583; x_wconf 91' lang='lat' dir='ltr'>ab</span> <span class='ocrx_word' id='word_1_492' title='bbox 3382 2528 3547 2584; x_wconf 88' lang='lat' dir='ltr'>initio</span> <span class='ocrx_word' id='word_1_493' title='bbox 3598 2531 3826 2584; x_wconf 88' lang='lat' dir='ltr'>molitor</span> 
     </span>
    </p>
   </div>
   <div class='ocr_carea' id='block_1_72' title="bbox 2197 2614 3823 2685">
    <p class='ocr_par' dir='ltr' id='par_1_72' title="bbox 2197 2614 3823 2685">
     <span class='ocr_line' id='line_1_73' title="bbox 2197 2614 3823 2685; baseline 0.004 -18"><span class='ocrx_word' id='word_1_494' title='bbox 2197 2615 2368 2680; x_wconf 90' lang='lat' dir='ltr'>Deus,</span> <span class='ocrx_word' id='word_1_495' title='bbox 2418 2628 2595 2683; x_wconf 91' lang='lat' dir='ltr'>quam</span> <span class='ocrx_word' id='word_1_496' title='bbox 2637 2614 2824 2685; x_wconf 90' lang='lat' dir='ltr'>legem</span> <span class='ocrx_word' id='word_1_497' title='bbox 2873 2621 3237 2671; x_wconf 89' lang='lat' dir='ltr'>constantem</span> <span class='ocrx_word' id='word_1_498' title='bbox 3287 2621 3343 2673; x_wconf 91' lang='lat' dir='ltr'>et</span> <span class='ocrx_word' id='word_1_499' title='bbox 3372 2617 3711 2673; x_wconf 89' lang='lat' dir='ltr'>inviolatam</span> <span class='ocrx_word' id='word_1_500' title='bbox 3734 2634 3823 2673; x_wconf 89' lang='lat' dir='ltr'>res</span> 
     </span>
    </p>
   </div>
   <div class='ocr_carea' id='block_1_73' title="bbox 2195 2705 3820 2777">
    <p class='ocr_par' dir='ltr' id='par_1_73' title="bbox 2195 2705 3820 2777">
     <span class='ocr_line' id='line_1_74' title="bbox 2195 2705 3820 2777; baseline 0.004 -22"><span class='ocrx_word' id='word_1_501' title='bbox 2195 2705 2400 2756; x_wconf 63' lang='lat' dir='ltr'>creata</span> <span class='ocrx_word' id='word_1_502' title='bbox 2458 2707 2838 2770; x_wconf 85' lang='lat' dir='ltr'>conservant;</span> <span class='ocrx_word' id='word_1_503' title='bbox 2899 2720 3026 2774; x_wconf 68' lang='lat' dir='ltr'>quae</span> <span class='ocrx_word' id='word_1_504' title='bbox 3085 2720 3266 2759; x_wconf 87' lang='lat' dir='ltr'>causa</span> <span class='ocrx_word' id='word_1_505' title='bbox 3315 2711 3404 2761; x_wconf 84' lang='lat' dir='ltr'>est</span> <span class='ocrx_word' id='word_1_506' title='bbox 3444 2722 3552 2760; x_wconf 91' lang='lat' dir='ltr'>cur</span> <span class='ocrx_word' id='word_1_507' title='bbox 3582 2706 3820 2777; x_wconf 86' lang='lat' dir='ltr'>eclipses</span> 
     </span>
    </p>
   </div>
   <div class='ocr_carea' id='block_1_74' title="bbox 2197 2787 3825 2863">
    <p class='ocr_par' dir='ltr' id='par_1_74' title="bbox 2197 2787 3825 2863">
     <span class='ocr_line' id='line_1_75' title="bbox 2197 2787 3825 2863; baseline 0.004 -22"><span class='ocrx_word' id='word_1_508' title='bbox 2197 2787 3016 2859; x_wconf 72' lang='lat' dir='ltr'>praedicanturinfaillibiliter</span> <span class='ocrx_word' id='word_1_509' title='bbox 3048 2808 3081 2846; x_wconf 92' lang='lat' dir='ltr'>a</span> <span class='ocrx_word' id='word_1_510' title='bbox 3137 2792 3336 2863; x_wconf 87' lang='lat' dir='ltr'>peritis</span> <span class='ocrx_word' id='word_1_511' title='bbox 3399 2809 3530 2847; x_wconf 90' lang='lat' dir='ltr'>cum</span> <span class='ocrx_word' id='word_1_512' title='bbox 3583 2795 3825 2848; x_wconf 85' lang='lat' dir='ltr'>circum-</span> 
     </span>
    </p>
   </div>
   <div class='ocr_carea' id='block_1_75' title="bbox 2202 2877 3826 2949">
    <p class='ocr_par' dir='ltr' id='par_1_75' title="bbox 2202 2877 3826 2949">
     <span class='ocr_line' id='line_1_76' title="bbox 2202 2877 3826 2949; baseline 0.004 -19"><span class='ocrx_word' id='word_1_513' title='bbox 2202 2877 2435 2931; x_wconf 89' lang='lat' dir='ltr'>stantiis</span> <span class='ocrx_word' id='word_1_514' title='bbox 2494 2878 2918 2949; x_wconf 81' lang='lat' dir='ltr'>magnitudinis</span> <span class='ocrx_word' id='word_1_515' title='bbox 2978 2886 3034 2934; x_wconf 90' lang='lat' dir='ltr'>et</span> <span class='ocrx_word' id='word_1_516' title='bbox 3085 2880 3437 2948; x_wconf 88' lang='lat' dir='ltr'>durationis,</span> <span class='ocrx_word' id='word_1_517' title='bbox 3470 2881 3672 2937; x_wconf 88' lang='lat' dir='ltr'>habita</span> <span class='ocrx_word' id='word_1_518' title='bbox 3700 2897 3826 2936; x_wconf 86' lang='lat' dir='ltr'>exa—</span> 
     </span>
    </p>
   </div>
   <div class='ocr_carea' id='block_1_76' title="bbox 2201 2964 3820 3041">
    <p class='ocr_par' dir='ltr' id='par_1_76' title="bbox 2201 2964 3820 3041">
     <span class='ocr_line' id='line_1_77' title="bbox 2201 2964 3820 3041; baseline 0.003 -23"><span class='ocrx_word' id='word_1_519' title='bbox 2201 2964 2466 3019; x_wconf 88' lang='lat' dir='ltr'>ctissima</span> <span class='ocrx_word' id='word_1_520' title='bbox 2496 2966 2723 3021; x_wconf 90' lang='lat' dir='ltr'>ratione</span> <span class='ocrx_word' id='word_1_521' title='bbox 2744 2972 3075 3037; x_wconf 90' lang='lat' dir='ltr'>temporum</span> <span class='ocrx_word' id='word_1_522' title='bbox 3108 2971 3164 3022; x_wconf 90' lang='lat' dir='ltr'>et</span> <span class='ocrx_word' id='word_1_523' title='bbox 3196 2967 3483 3036; x_wconf 80' lang='lat' dir='ltr'>locorum,</span> <span class='ocrx_word' id='word_1_524' title='bbox 3514 2969 3573 3024; x_wconf 93' lang='lat' dir='ltr'>in</span> <span class='ocrx_word' id='word_1_525' title='bbox 3618 2970 3820 3041; x_wconf 83' lang='lat' dir='ltr'>quibus</span> 
     </span>
    </p>
   </div>
   <div class='ocr_carea' id='block_1_77' title="bbox 2200 3052 3823 3129">
    <p class='ocr_par' dir='ltr' id='par_1_77' title="bbox 2200 3052 3823 3129">
     <span class='ocr_line' id='line_1_78' title="bbox 2200 3052 3823 3129; baseline 0.004 -23"><span class='ocrx_word' id='word_1_526' title='bbox 2200 3052 2311 3108; x_wconf 84' lang='lat' dir='ltr'>illae</span> <span class='ocrx_word' id='word_1_527' title='bbox 2330 3053 2694 3123; x_wconf 89' lang='lat' dir='ltr'>contingunt.</span> <span class='ocrx_word' id='word_1_528' title='bbox 2732 3055 2961 3110; x_wconf 80' lang='lat' dir='ltr'>Accedit</span> <span class='ocrx_word' id='word_1_529' title='bbox 2992 3056 3147 3127; x_wconf 92' lang='lat' dir='ltr'>quod</span> <span class='ocrx_word' id='word_1_530' title='bbox 3194 3073 3477 3113; x_wconf 91' lang='lat' dir='ltr'>numerus</span> <span class='ocrx_word' id='word_1_531' title='bbox 3528 3057 3823 3129; x_wconf 79' lang='lat' dir='ltr'>eclipsiurn</span> 
     </span>
    </p>
   </div>
   <div class='ocr_carea' id='block_1_78' title="bbox 2114 3137 3833 3216">
    <p class='ocr_par' dir='ltr' id='par_1_78' title="bbox 2114 3137 3833 3216">
     <span class='ocr_line' id='line_1_79' title="bbox 2114 3137 3833 3216; baseline 0.003 -21"><span class='ocrx_word' id='word_1_532' title='bbox 2114 3137 2157 3203; x_wconf 87' lang='lat' dir='ltr'>C</span> <span class='ocrx_word' id='word_1_533' title='bbox 2196 3158 2446 3213; x_wconf 87' lang='lat' dir='ltr'>magnus</span> <span class='ocrx_word' id='word_1_534' title='bbox 2477 3142 2554 3196; x_wconf 89' lang='lat' dir='ltr'>sit</span> <span class='ocrx_word' id='word_1_535' title='bbox 2582 3148 2639 3198; x_wconf 91' lang='lat' dir='ltr'><strong>et</strong></span> <span class='ocrx_word' id='word_1_536' title='bbox 2667 3159 2945 3198; x_wconf 89' lang='lat' dir='ltr'>occursus</span> <span class='ocrx_word' id='word_1_537' title='bbox 2976 3144 3255 3215; x_wconf 87' lang='lat' dir='ltr'>frequens</span> <span class='ocrx_word' id='word_1_538' title='bbox 3281 3162 3293 3200; x_wconf 90' lang='lat'><strong>:</strong></span> <span class='ocrx_word' id='word_1_539' title='bbox 3325 3152 3604 3216; x_wconf 89' lang='lat' dir='ltr'>quatuor,</span> <span class='ocrx_word' id='word_1_540' title='bbox 3654 3147 3833 3202; x_wconf 86' lang='lat' dir='ltr'>inter-</span> 
     </span>
    </p>
   </div>
   <div class='ocr_carea' id='block_1_79' title="bbox 2198 3229 3834 3305">
    <p class='ocr_par' dir='ltr' id='par_1_79' title="bbox 2198 3229 3834 3305">
     <span class='ocr_line' id='line_1_80' title="bbox 2198 3229 3834 3305; baseline 0.002 -20"><span class='ocrx_word' id='word_1_541' title='bbox 2198 3232 2340 3285; x_wconf 92' lang='lat' dir='ltr'>dum</span> <span class='ocrx_word' id='word_1_542' title='bbox 2364 3234 2420 3286; x_wconf 92' lang='lat' dir='ltr'>et</span> <span class='ocrx_word' id='word_1_543' title='bbox 2448 3229 2643 3301; x_wconf 89' lang='lat' dir='ltr'>plures</span> <span class='ocrx_word' id='word_1_544' title='bbox 2676 3247 2777 3302; x_wconf 92' lang='lat' dir='ltr'>per</span> <span class='ocrx_word' id='word_1_545' title='bbox 2803 3230 3070 3302; x_wconf 88' lang='lat' dir='ltr'>singulos</span> <span class='ocrx_word' id='word_1_546' title='bbox 3121 3250 3307 3289; x_wconf 90' lang='lat' dir='ltr'>annos</span> <span class='ocrx_word' id='word_1_547' title='bbox 3338 3234 3510 3305; x_wconf 80' lang='lat' dir='ltr'>fiunt,</span> <span class='ocrx_word' id='word_1_548' title='bbox 3543 3238 3599 3289; x_wconf 90' lang='lat' dir='ltr'>et</span> <span class='ocrx_word' id='word_1_549' title='bbox 3645 3234 3767 3304; x_wconf 90' lang='lat' dir='ltr'>jam</span> <span class='ocrx_word' id='word_1_550' title='bbox 3799 3251 3834 3289; x_wconf 86' lang='lat' dir='ltr'>a</span> 
     </span>
    </p>
   </div>
   <div class='ocr_carea' id='block_1_80' title="bbox 2199 3319 3830 3392">
    <p class='ocr_par' dir='ltr' id='par_1_80' title="bbox 2199 3319 3830 3392">
     <span class='ocr_line' id='line_1_81' title="bbox 2199 3319 3830 3392; baseline 0.002 -17"><span class='ocrx_word' id='word_1_551' title='bbox 2199 3321 2405 3375; x_wconf 93' lang='lat' dir='ltr'>mundi</span> <span class='ocrx_word' id='word_1_552' title='bbox 2435 3320 2668 3376; x_wconf 86' lang='lat' dir='ltr'>exordio</span> <span class='ocrx_word' id='word_1_553' title='bbox 2698 3319 2831 3392; x_wconf 88' lang='lat' dir='ltr'>plus</span> <span class='ocrx_word' id='word_1_554' title='bbox 2863 3338 3040 3392; x_wconf 90' lang='lat' dir='ltr'>quam</span> <span class='ocrx_word' id='word_1_555' title='bbox 3076 3324 3318 3379; x_wconf 90' lang='lat' dir='ltr'>vicesies</span> <span class='ocrx_word' id='word_1_556' title='bbox 3350 3324 3511 3381; x_wconf 89' lang='lat' dir='ltr'>mille</span> <span class='ocrx_word' id='word_1_557' title='bbox 3533 3324 3830 3380; x_wconf 88' lang='lat' dir='ltr'>numerari</span> 
     </span>
    </p>
   </div>
   <div class='ocr_carea' id='block_1_81' title="bbox 2198 3412 2465 3480">
    <p class='ocr_par' dir='ltr' id='par_1_81' title="bbox 2198 3412 2465 3480">
     <span class='ocr_line' id='line_1_82' title="bbox 2198 3412 2465 3480; baseline -0.007 -15"><span class='ocrx_word' id='word_1_558' title='bbox 2198 3412 2465 3480; x_wconf 90' lang='lat' dir='ltr'>possunt.</span> 
     </span>
    </p>
   </div>
   <div class='ocr_carea' id='block_1_82' title="bbox 2266 3516 3825 3589">
    <p class='ocr_par' dir='ltr' id='par_1_82' title="bbox 2266 3516 3825 3589">
     <span class='ocr_line' id='line_1_83' title="bbox 2266 3516 3825 3589; baseline 0.002 -19"><span class='ocrx_word' id='word_1_559' title='bbox 2266 3516 2479 3571; x_wconf 88' lang='lat' dir='ltr'>Eadem</span> <span class='ocrx_word' id='word_1_560' title='bbox 2520 3531 2689 3585; x_wconf 92' lang='lat' dir='ltr'>porro</span> <span class='ocrx_word' id='word_1_561' title='bbox 2744 3516 3134 3589; x_wconf 87' lang='lat' dir='ltr'>Providentia,</span> <span class='ocrx_word' id='word_1_562' title='bbox 3194 3534 3319 3589; x_wconf 69' lang='lat' dir='ltr'>quis</span> <span class='ocrx_word' id='word_1_563' title='bbox 3352 3518 3483 3574; x_wconf 84' lang='lat' dir='ltr'>fecit</span> <span class='ocrx_word' id='word_1_564' title='bbox 3521 3518 3578 3574; x_wconf 92' lang='lat' dir='ltr'>in</span> <span class='ocrx_word' id='word_1_565' title='bbox 3610 3519 3825 3575; x_wconf 88' lang='lat' dir='ltr'>mundo</span> 
     </span>
    </p>
   </div>
   <div class='ocr_carea' id='block_1_83' title="bbox 2196 3603 3831 3678">
    <p class='ocr_par' dir='ltr' id='par_1_83' title="bbox 2196 3603 3831 3678">
     <span class='ocr_line' id='line_1_84' title="bbox 2196 3603 3831 3678; baseline 0.004 -22"><span class='ocrx_word' id='word_1_566' title='bbox 2196 3603 2312 3657; x_wconf 93' lang='lat' dir='ltr'>duo</span> <span class='ocrx_word' id='word_1_567' title='bbox 2362 3603 2484 3657; x_wconf 83' lang='lat' dir='ltr'>haec</span> <span class='ocrx_word' id='word_1_568' title='bbox 2534 3603 2845 3658; x_wconf 89' lang='lat' dir='ltr'>luminaria</span> <span class='ocrx_word' id='word_1_569' title='bbox 2888 3620 3124 3677; x_wconf 90' lang='lat' dir='ltr'>magna,</span> <span class='ocrx_word' id='word_1_570' title='bbox 3171 3606 3452 3663; x_wconf 77' lang='lat' dir='ltr'>luminare</span> <span class='ocrx_word' id='word_1_571' title='bbox 3504 3608 3702 3678; x_wconf 81' lang='lat' dir='ltr'>majus,</span> <span class='ocrx_word' id='word_1_572' title='bbox 3768 3614 3831 3662; x_wconf 73' lang='lat' dir='ltr'>ut</span> 
     </span>
    </p>
   </div>
   <div class='ocr_carea' id='block_1_84' title="bbox 2193 3689 3828 3765">
    <p class='ocr_par' dir='ltr' id='par_1_84' title="bbox 2193 3689 3828 3765">
     <span class='ocr_line' id='line_1_85' title="bbox 2193 3689 3828 3765; baseline 0.002 -20"><span class='ocrx_word' id='word_1_573' title='bbox 2193 3698 2444 3761; x_wconf 71' lang='lat' dir='ltr'>praeesset</span> <span class='ocrx_word' id='word_1_574' title='bbox 2471 3689 2603 3756; x_wconf 84' lang='lat' dir='ltr'>diei,</span> <span class='ocrx_word' id='word_1_575' title='bbox 2636 3693 2687 3744; x_wconf 79' lang='lat' dir='ltr'>et</span> <span class='ocrx_word' id='word_1_576' title='bbox 2715 3690 2992 3747; x_wconf 79' lang='lat' dir='ltr'>luminare</span> <span class='ocrx_word' id='word_1_577' title='bbox 3011 3693 3217 3758; x_wconf 78' lang='lat' dir='ltr'>minus,</span> <span class='ocrx_word' id='word_1_578' title='bbox 3243 3702 3303 3748; x_wconf 80' lang='lat' dir='ltr'>ut</span> <span class='ocrx_word' id='word_1_579' title='bbox 3359 3699 3621 3765; x_wconf 68' lang='lat' dir='ltr'>praeesset</span> <span class='ocrx_word' id='word_1_580' title='bbox 3660 3696 3828 3764; x_wconf 78' lang='lat' dir='ltr'>nocti,</span> 
     </span>
    </p>
   </div>
   <div class='ocr_carea' id='block_1_85' title="bbox 2194 3780 3831 3850">
    <p class='ocr_par' dir='ltr' id='par_1_85' title="bbox 2194 3780 3831 3850">
     <span class='ocr_line' id='line_1_86' title="bbox 2194 3780 3831 3850; baseline 0.003 -17"><span class='ocrx_word' id='word_1_581' title='bbox 2194 3784 2255 3834; x_wconf 82' lang='lat' dir='ltr'>ut</span> <span class='ocrx_word' id='word_1_582' title='bbox 2281 3781 2520 3834; x_wconf 75' lang='lat' dir='ltr'>lacerent</span> <span class='ocrx_word' id='word_1_583' title='bbox 2546 3794 2711 3850; x_wconf 81' lang='lat' dir='ltr'>super</span> <span class='ocrx_word' id='word_1_584' title='bbox 2740 3782 2946 3835; x_wconf 85' lang='lat' dir='ltr'>terram</span> <span class='ocrx_word' id='word_1_585' title='bbox 2970 3784 3021 3835; x_wconf 84' lang='lat' dir='ltr'>et</span> <span class='ocrx_word' id='word_1_586' title='bbox 3049 3780 3356 3837; x_wconf 73' lang='lat' dir='ltr'>dividerent</span> <span class='ocrx_word' id='word_1_587' title='bbox 3390 3784 3565 3838; x_wconf 78' lang='lat' dir='ltr'>lucem</span> <span class='ocrx_word' id='word_1_588' title='bbox 3594 3799 3629 3837; x_wconf 87' lang='lat' dir='ltr'>a</span> <span class='ocrx_word' id='word_1_589' title='bbox 3677 3786 3831 3837; x_wconf 79' lang='lat' dir='ltr'>tene—</span> 
     </span>
    </p>
   </div>
   <div class='ocr_carea' id='block_1_86' title="bbox 2198 3869 3834 3940">
    <p class='ocr_par' dir='ltr' id='par_1_86' title="bbox 2198 3869 3834 3940">
     <span class='ocr_line' id='line_1_87' title="bbox 2198 3869 3834 3940; baseline 0.002 -17"><span class='ocrx_word' id='word_1_590' title='bbox 2198 3870 2310 3923; x_wconf 74' lang='lat' dir='ltr'>bris</span> <span class='ocrx_word' id='word_1_591' title='bbox 2340 3869 2489 3939; x_wconf 81' lang='lat' dir='ltr'>(Gen.</span> <span class='ocrx_word' id='word_1_592' title='bbox 2531 3870 2591 3937; x_wconf 82' lang='grc' dir='ltr'>ι),</span> <span class='ocrx_word' id='word_1_593' title='bbox 2624 3869 2828 3924; x_wconf 88' lang='lat' dir='ltr'>eadem</span> <span class='ocrx_word' id='word_1_594' title='bbox 2874 3869 3098 3940; x_wconf 86' lang='lat' dir='ltr'>pariter</span> <span class='ocrx_word' id='word_1_595' title='bbox 3159 3887 3266 3926; x_wconf 88' lang='lat' dir='ltr'>sua</span> <span class='ocrx_word' id='word_1_596' title='bbox 3312 3871 3574 3927; x_wconf 84' lang='lat' dir='ltr'>bonitate</span> <span class='ocrx_word' id='word_1_597' title='bbox 3631 3876 3687 3927; x_wconf 80' lang='lat' dir='ltr'>et</span> <span class='ocrx_word' id='word_1_598' title='bbox 3738 3888 3834 3926; x_wconf 87' lang='lat' dir='ltr'>sa-</span> 
     </span>
    </p>
   </div>
   <div class='ocr_carea' id='block_1_87' title="bbox 2196 3956 3832 4027">
    <p class='ocr_par' dir='ltr' id='par_1_87' title="bbox 2196 3956 3832 4027">
     <span class='ocr_line' id='line_1_88' title="bbox 2196 3956 3832 4027; baseline 0.002 -16"><span class='ocrx_word' id='word_1_599' title='bbox 2196 3956 2412 4027; x_wconf 87' lang='lat' dir='ltr'>pientia</span> <span class='ocrx_word' id='word_1_600' title='bbox 2439 3958 2632 4011; x_wconf 90' lang='lat' dir='ltr'>motus</span> <span class='ocrx_word' id='word_1_601' title='bbox 2664 3971 2863 4011; x_wconf 91' lang='lat' dir='ltr'>eorum</span> <span class='ocrx_word' id='word_1_602' title='bbox 2896 3960 2953 4011; x_wconf 93' lang='lat' dir='ltr'>et</span> <span class='ocrx_word' id='word_1_603' title='bbox 2979 3957 3395 4015; x_wconf 87' lang='lat' dir='ltr'>conversiones</span> <span class='ocrx_word' id='word_1_604' title='bbox 3444 3959 3731 4015; x_wconf 86' lang='lat' dir='ltr'>ordinavit</span> <span class='ocrx_word' id='word_1_605' title='bbox 3759 3959 3832 4014; x_wconf 87' lang='lat' dir='ltr'>ad</span> 
     </span>
    </p>
   </div>
   <div class='ocr_carea' id='block_1_88' title="bbox 2196 4045 3831 4118">
    <p class='ocr_par' dir='ltr' id='par_1_88' title="bbox 2196 4045 3831 4118">
     <span class='ocr_line' id='line_1_89' title="bbox 2196 4045 3831 4118; baseline 0.002 -18"><span class='ocrx_word' id='word_1_606' title='bbox 2196 4045 2419 4101; x_wconf 88' lang='lat' dir='ltr'>felicem</span> <span class='ocrx_word' id='word_1_607' title='bbox 2450 4045 2651 4100; x_wconf 90' lang='lat' dir='ltr'>mundi</span> <span class='ocrx_word' id='word_1_608' title='bbox 2694 4046 3203 4118; x_wconf 88' lang='lat' dir='ltr'>gubernationem,</span> <span class='ocrx_word' id='word_1_609' title='bbox 3255 4049 3327 4104; x_wconf 89' lang='lat' dir='ltr'>ad</span> <span class='ocrx_word' id='word_1_610' title='bbox 3367 4048 3683 4105; x_wconf 89' lang='lat' dir='ltr'>electorum</span> <span class='ocrx_word' id='word_1_611' title='bbox 3734 4065 3831 4104; x_wconf 89' lang='lat' dir='ltr'>sa-</span> 
     </span>
    </p>
   </div>
   <div class='ocr_carea' id='block_1_89' title="bbox 2196 4132 3828 4209">
    <p class='ocr_par' dir='ltr' id='par_1_89' title="bbox 2196 4132 3828 4209">
     <span class='ocr_line' id='line_1_90' title="bbox 2196 4132 3828 4209; baseline 0.003 -21"><span class='ocrx_word' id='word_1_612' title='bbox 2196 4133 2376 4189; x_wconf 92' lang='lat' dir='ltr'>lutem</span> <span class='ocrx_word' id='word_1_613' title='bbox 2410 4138 2467 4188; x_wconf 92' lang='lat' dir='ltr'>et</span> <span class='ocrx_word' id='word_1_614' title='bbox 2498 4149 2664 4187; x_wconf 87' lang='lat' dir='ltr'>suam</span> <span class='ocrx_word' id='word_1_615' title='bbox 2696 4132 2944 4202; x_wconf 89' lang='lat' dir='ltr'>gloriam</span> <span class='ocrx_word' id='word_1_616' title='bbox 2978 4154 2992 4204; x_wconf 91' lang='lat'><strong>;</strong></span> <span class='ocrx_word' id='word_1_617' title='bbox 3028 4152 3133 4191; x_wconf 89' lang='lat' dir='ltr'>nec</span> <span class='ocrx_word' id='word_1_618' title='bbox 3189 4136 3433 4193; x_wconf 89' lang='lat' dir='ltr'>dubium</span> <span class='ocrx_word' id='word_1_619' title='bbox 3477 4137 3618 4207; x_wconf 88' lang='lat' dir='ltr'>quin</span> <span class='ocrx_word' id='word_1_620' title='bbox 3668 4137 3828 4209; x_wconf 85' lang='lat' dir='ltr'>ipsas</span> 
     </span>
    </p>
   </div>
   <div class='ocr_carea' id='block_1_90' title="bbox 2178 4221 3833 4293">
    <p class='ocr_par' dir='ltr' id='par_1_90' title="bbox 2178 4221 3833 4293">
     <span class='ocr_line' id='line_1_91' title="bbox 2178 4221 3833 4293; baseline 0.001 -15"><span class='ocrx_word' id='word_1_621' title='bbox 2178 4222 2634 4293; x_wconf 90' lang='lat' dir='ltr'>.conjunctiones</span> <span class='ocrx_word' id='word_1_622' title='bbox 2658 4221 3165 4293; x_wconf 60' lang='lat' dir='ltr'>et;oppositiones,</span> <span class='ocrx_word' id='word_1_623' title='bbox 3198 4225 3339 4281; x_wconf 91' lang='lat' dir='ltr'>solis</span> <span class='ocrx_word' id='word_1_624' title='bbox 3370 4231 3426 4281; x_wconf 91' lang='lat' dir='ltr'>et</span> <span class='ocrx_word' id='word_1_625' title='bbox 3466 4226 3616 4281; x_wconf 69' lang='lat' dir='ltr'>lunae</span> <span class='ocrx_word' id='word_1_626' title='bbox 3672 4226 3833 4281; x_wconf 84' lang='lat' dir='ltr'>defe-</span> 
     </span>
    </p>
   </div>
   <div class='ocr_carea' id='block_1_91' title="bbox 2196 4308 3832 4385">
    <p class='ocr_par' dir='ltr' id='par_1_91' title="bbox 2196 4308 3832 4385">
     <span class='ocr_line' id='line_1_92' title="bbox 2196 4308 3832 4385; baseline 0.001 -19"><span class='ocrx_word' id='word_1_627' title='bbox 2196 4316 2325 4367; x_wconf 91' lang='lat' dir='ltr'>ctus</span> <span class='ocrx_word' id='word_1_628' title='bbox 2353 4313 2411 4365; x_wconf 91' lang='lat' dir='ltr'>et</span> <span class='ocrx_word' id='word_1_629' title='bbox 2439 4308 2924 4377; x_wconf 85' lang='lat' dir='ltr'>illuminationes,</span> <span class='ocrx_word' id='word_1_630' title='bbox 2941 4312 3315 4367; x_wconf 78' lang='lat' dir='ltr'>constituerit</span> <span class='ocrx_word' id='word_1_631' title='bbox 3335 4314 3390 4367; x_wconf 91' lang='lat' dir='ltr'>in</span> <span class='ocrx_word' id='word_1_632' title='bbox 3414 4329 3832 4385; x_wconf 87' lang='lat' dir='ltr'>numero,pon-</span> 
     </span>
    </p>
   </div>
   <div class='ocr_carea' id='block_1_92' title="bbox 2197 4398 3830 4469">
    <p class='ocr_par' dir='ltr' id='par_1_92' title="bbox 2197 4398 3830 4469">
     <span class='ocr_line' id='line_1_93' title="bbox 2197 4398 3830 4469; baseline 0.001 -13"><span class='ocrx_word' id='word_1_633' title='bbox 2197 4403 2331 4457; x_wconf 90' lang='lat' dir='ltr'>dere</span> <span class='ocrx_word' id='word_1_634' title='bbox 2361 4403 2416 4455; x_wconf 91' lang='lat' dir='ltr'>et</span> <span class='ocrx_word' id='word_1_635' title='bbox 2442 4414 2738 4467; x_wconf 89' lang='lat' dir='ltr'>mensura,</span> <span class='ocrx_word' id='word_1_636' title='bbox 2772 4412 2957 4469; x_wconf 85' lang='lat' dir='ltr'>quam</span> <span class='ocrx_word' id='word_1_637' title='bbox 2986 4398 3210 4456; x_wconf 80' lang='lat' dir='ltr'>sciebat</span> <span class='ocrx_word' id='word_1_638' title='bbox 3239 4407 3295 4457; x_wconf 89' lang='lat' dir='ltr'>et</span> <span class='ocrx_word' id='word_1_639' title='bbox 3319 4401 3549 4458; x_wconf 86' lang='lat' dir='ltr'>volebat</span> <span class='ocrx_word' id='word_1_640' title='bbox 3578 4403 3830 4459; x_wconf 88' lang='lat' dir='ltr'>humano</span> 
     </span>
    </p>
   </div>
   <div class='ocr_carea' id='block_1_93' title="bbox 472 4487 3637 4592">
    <p class='ocr_par' dir='ltr' id='par_1_93' title="bbox 472 4487 3637 4592">
     <span class='ocr_line' id='line_1_94' title="bbox 472 4487 3637 4592; baseline 0 -16"><span class='ocrx_word' id='word_1_641' title='bbox 472 4487 605 4577; x_wconf 75' lang='grc'><strong>1331</strong></span> <span class='ocrx_word' id='word_1_642' title='bbox 639 4524 698 4578; x_wconf 93' lang='lat' dir='ltr'>in</span> <span class='ocrx_word' id='word_1_643' title='bbox 730 4521 1050 4591; x_wconf 88' lang='lat' dir='ltr'>novilunio,</span> <span class='ocrx_word' id='word_1_644' title='bbox 1102 4522 1258 4592; x_wconf 91' lang='lat' dir='ltr'>quod</span> <span class='ocrx_word' id='word_1_645' title='bbox 1303 4525 1442 4575; x_wconf 89' lang='lat' dir='ltr'>tunc</span> <span class='ocrx_word' id='word_1_646' title='bbox 1490 4522 1733 4589; x_wconf 88' lang='lat' dir='ltr'>exstitit,</span> <span class='ocrx_word' id='word_1_647' title='bbox 1782 4520 1932 4575; x_wconf 72' lang='lat' dir='ltr'>lunae</span> <span class='ocrx_word' id='word_1_648' title='bbox 1958 4525 2095 4573; x_wconf 80' lang='lat' dir='ltr'>vero</span> <span class='ocrx_word' id='word_1_649' title='bbox 2123 4493 2172 4554; x_wconf 72' lang='grc' dir='ltr'>ι)</span> <span class='ocrx_word' id='word_1_650' title='bbox 2204 4490 2397 4564; x_wconf 63' lang='lat' dir='ltr'>generi</span> <span class='ocrx_word' id='word_1_651' title='bbox 2424 4490 2494 4544; x_wconf 66' lang='lat' dir='ltr'>ad</span> <span class='ocrx_word' id='word_1_652' title='bbox 2526 4487 2775 4543; x_wconf 68' lang='lat' dir='ltr'>salutem</span> <span class='ocrx_word' id='word_1_653' title='bbox 2798 4491 2856 4543; x_wconf 62' lang='lat' dir='ltr'>et</span> <span class='ocrx_word' id='word_1_654' title='bbox 2887 4487 3218 4546; x_wconf 58' lang='lat' dir='ltr'>felicitatem</span> <span class='ocrx_word' id='word_1_655' title='bbox 3250 4492 3637 4563; x_wconf 63' lang='lat' dir='ltr'>pmfutumm°</span> 
     </span>
    </p>
   </div>
   <div class='ocr_carea' id='block_1_94' title="bbox 457 4608 2085 4683">
    <p class='ocr_par' dir='ltr' id='par_1_94' title="bbox 457 4608 2085 4683">
     <span class='ocr_line' id='line_1_95' title="bbox 457 4608 2085 4683; baseline -0.001 -18"><span class='ocrx_word' id='word_1_656' title='bbox 457 4611 517 4665; x_wconf 91' lang='lat' dir='ltr'>in</span> <span class='ocrx_word' id='word_1_657' title='bbox 546 4611 889 4683; x_wconf 91' lang='lat' dir='ltr'>plenilunio,</span> <span class='ocrx_word' id='word_1_658' title='bbox 924 4610 1080 4680; x_wconf 90' lang='lat' dir='ltr'>quod</span> <span class='ocrx_word' id='word_1_659' title='bbox 1111 4608 1356 4680; x_wconf 88' lang='lat' dir='ltr'>contigit</span> <span class='ocrx_word' id='word_1_660' title='bbox 1385 4624 1535 4664; x_wconf 87' lang='lat' dir='ltr'>anno</span> <span class='ocrx_word' id='word_1_661' title='bbox 1566 4612 1845 4680; x_wconf 90' lang='lat' dir='ltr'>sequente</span> <span class='ocrx_word' id='word_1_662' title='bbox 1879 4609 1945 4661; x_wconf 85' lang='lat'><strong>12</strong></span> <span class='ocrx_word' id='word_1_663' title='bbox 1984 4608 2085 4663; x_wconf 87' lang='lat' dir='ltr'>Fe-</span> 
     </span>
    </p>
   </div>
   <div class='ocr_carea' id='block_1_95' title="bbox 459 4696 2083 4769">
    <p class='ocr_par' dir='ltr' id='par_1_95' title="bbox 459 4696 2083 4769">
     <span class='ocr_line' id='line_1_96' title="bbox 459 4696 2083 4769; baseline -0.002 -16"><span class='ocrx_word' id='word_1_664' title='bbox 459 4699 703 4756; x_wconf 86' lang='lat' dir='ltr'>bruarii.</span> <span class='ocrx_word' id='word_1_665' title='bbox 745 4700 817 4754; x_wconf 93' lang='lat' dir='ltr'>Et</span> <span class='ocrx_word' id='word_1_666' title='bbox 864 4699 944 4753; x_wconf 90' lang='lat' dir='ltr'>ita</span> <span class='ocrx_word' id='word_1_667' title='bbox 982 4714 1081 4753; x_wconf 90' lang='lat' dir='ltr'>eas</span> <span class='ocrx_word' id='word_1_668' title='bbox 1138 4696 1348 4753; x_wconf 74' lang='lat' dir='ltr'>tabulaa</span> <span class='ocrx_word' id='word_1_669' title='bbox 1392 4701 1601 4753; x_wconf 71' lang='lat' dir='ltr'>nostris</span> <span class='ocrx_word' id='word_1_670' title='bbox 1647 4700 2083 4769; x_wconf 85' lang='lat' dir='ltr'>repraesentant.</span> 
     </span>
    </p>
   </div>
   <div class='ocr_carea' id='block_1_96' title="bbox 460 4784 2089 4857">
    <p class='ocr_par' dir='ltr' id='par_1_96' title="bbox 460 4784 2089 4857">
     <span class='ocr_line' id='line_1_97' title="bbox 460 4784 2089 4857; baseline -0.002 -16"><span class='ocrx_word' id='word_1_671' title='bbox 460 4791 527 4842; x_wconf 91' lang='lat' dir='ltr'>Et</span> <span class='ocrx_word' id='word_1_672' title='bbox 572 4785 856 4843; x_wconf 86' lang='lat' dir='ltr'>Calvisius</span> <span class='ocrx_word' id='word_1_673' title='bbox 901 4786 958 4841; x_wconf 92' lang='lat' dir='ltr'>in</span> <span class='ocrx_word' id='word_1_674' title='bbox 1004 4784 1390 4857; x_wconf 89' lang='lat' dir='ltr'>Chronologia</span> <span class='ocrx_word' id='word_1_675' title='bbox 1439 4802 1590 4841; x_wconf 90' lang='lat' dir='ltr'>anno</span> <span class='ocrx_word' id='word_1_676' title='bbox 1622 4785 1831 4841; x_wconf 88' lang='lat' dir='ltr'>Christi</span> <span class='ocrx_word' id='word_1_677' title='bbox 1865 4785 1997 4839; x_wconf 88' lang='grc'><strong>1331</strong></span> <span class='ocrx_word' id='word_1_678' title='bbox 2031 4786 2089 4839; x_wconf 88' lang='lat' dir='ltr'>et</span> 
     </span>
    </p>
   </div>
   <div class='ocr_carea' id='block_1_97' title="bbox 464 4874 2085 4947">
    <p class='ocr_par' dir='ltr' id='par_1_97' title="bbox 464 4874 2085 4947">
     <span class='ocr_line' id='line_1_98' title="bbox 464 4874 2085 4947; baseline 0.002 -17"><span class='ocrx_word' id='word_1_679' title='bbox 464 4878 600 4932; x_wconf 83' lang='grc'><strong>1332</strong></span> <span class='ocrx_word' id='word_1_680' title='bbox 657 4876 906 4947; x_wconf 89' lang='lat' dir='ltr'>priorem</span> <span class='ocrx_word' id='word_1_681' title='bbox 968 4875 1236 4930; x_wconf 89' lang='lat' dir='ltr'>observat</span> <span class='ocrx_word' id='word_1_682' title='bbox 1288 4874 1356 4928; x_wconf 88' lang='lat'>30</span> <span class='ocrx_word' id='word_1_683' title='bbox 1411 4876 1752 4931; x_wconf 88' lang='lat' dir='ltr'>Novembris</span> <span class='ocrx_word' id='word_1_684' title='bbox 1809 4875 1902 4931; x_wconf 91' lang='lat' dir='ltr'>die</span> <span class='ocrx_word' id='word_1_685' title='bbox 1941 4878 2085 4933; x_wconf 88' lang='lat' dir='ltr'>festo</span> 
     </span>
    </p>
   </div>
   <div class='ocr_carea' id='block_1_98' title="bbox 458 4964 2082 5036">
    <p class='ocr_par' dir='ltr' id='par_1_98' title="bbox 458 4964 2082 5036">
     <span class='ocr_line' id='line_1_99' title="bbox 458 4964 2082 5036; baseline -0.001 -15"><span class='ocrx_word' id='word_1_686' title='bbox 458 4965 517 5021; x_wconf 92' lang='lat' dir='ltr'>S.</span> <span class='ocrx_word' id='word_1_687' title='bbox 550 4966 805 5034; x_wconf 79' lang='lat' dir='ltr'>Andreae,</span> <span class='ocrx_word' id='word_1_688' title='bbox 838 4967 894 5019; x_wconf 91' lang='lat' dir='ltr'>et</span> <span class='ocrx_word' id='word_1_689' title='bbox 920 4967 1051 5036; x_wconf 93' lang='lat' dir='ltr'>post</span> <span class='ocrx_word' id='word_1_690' title='bbox 1081 4964 1204 5018; x_wconf 89' lang='lat' dir='ltr'>dies</span> <span class='ocrx_word' id='word_1_691' title='bbox 1231 4964 1302 5016; x_wconf 88' lang='grc'>74</span> <span class='ocrx_word' id='word_1_692' title='bbox 1348 4968 1611 5018; x_wconf 90' lang='lat' dir='ltr'>secutam</span> <span class='ocrx_word' id='word_1_693' title='bbox 1658 4965 1739 5019; x_wconf 89' lang='lat' dir='ltr'>ait</span> <span class='ocrx_word' id='word_1_694' title='bbox 1778 4965 2082 5021; x_wconf 87' lang='lat' dir='ltr'>Andronici</span> 
     </span>
    </p>
   </div>
   <div class='ocr_carea' id='block_1_99' title="bbox 456 5050 2083 5126">
    <p class='ocr_par' dir='ltr' id='par_1_99' title="bbox 456 5050 2083 5126">
     <span class='ocr_line' id='line_1_100' title="bbox 456 5050 2083 5126; baseline 0.001 -17"><span class='ocrx_word' id='word_1_695' title='bbox 456 5058 703 5111; x_wconf 80' lang='lat' dir='ltr'>mortem</span> <span class='ocrx_word' id='word_1_696' title='bbox 729 5054 821 5108; x_wconf 91' lang='lat' dir='ltr'>die</span> <span class='ocrx_word' id='word_1_697' title='bbox 845 5054 913 5106; x_wconf 87' lang='lat'><strong>12</strong></span> <span class='ocrx_word' id='word_1_698' title='bbox 947 5051 1268 5120; x_wconf 87' lang='lat' dir='ltr'>Februarii,</span> <span class='ocrx_word' id='word_1_699' title='bbox 1314 5050 1476 5105; x_wconf 91' lang='lat' dir='ltr'>nulla</span> <span class='ocrx_word' id='word_1_700' title='bbox 1506 5053 1803 5107; x_wconf 89' lang='lat' dir='ltr'>mentione</span> <span class='ocrx_word' id='word_1_701' title='bbox 1849 5054 2083 5126; x_wconf 90' lang='lat' dir='ltr'>eclipsis</span> 
     </span>
    </p>
   </div>
   <div class='ocr_carea' id='block_1_100' title="bbox 450 5139 2079 5209">
    <p class='ocr_par' dir='ltr' id='par_1_100' title="bbox 450 5139 2079 5209">
     <span class='ocr_line' id='line_1_101' title="bbox 450 5139 2079 5209; baseline 0 -10"><span class='ocrx_word' id='word_1_702' title='bbox 450 5144 602 5199; x_wconf 64' lang='lat' dir='ltr'>lunae</span> <span class='ocrx_word' id='word_1_703' title='bbox 660 5143 883 5209; x_wconf 88' lang='lat' dir='ltr'>habita,</span> <span class='ocrx_word' id='word_1_704' title='bbox 945 5158 1078 5196; x_wconf 89' lang='lat' dir='ltr'>cum</span> <span class='ocrx_word' id='word_1_705' title='bbox 1134 5145 1328 5195; x_wconf 91' lang='lat' dir='ltr'>tamen</span> <span class='ocrx_word' id='word_1_706' title='bbox 1368 5139 1758 5209; x_wconf 90' lang='lat' dir='ltr'>Nicephorum</span> <span class='ocrx_word' id='word_1_707' title='bbox 1786 5147 2079 5199; x_wconf 89' lang='lat' dir='ltr'>auctorem</span> 
     </span>
    </p>
   </div>
   <div class='ocr_carea' id='block_1_101' title="bbox 450 5228 2081 5304">
    <p class='ocr_par' dir='ltr' id='par_1_101' title="bbox 450 5228 2081 5304">
     <span class='ocr_line' id='line_1_102' title="bbox 450 5228 2081 5304; baseline 0.001 -17"><span class='ocrx_word' id='word_1_708' title='bbox 450 5233 668 5299; x_wconf 89' lang='lat' dir='ltr'>laudet,</span> <span class='ocrx_word' id='word_1_709' title='bbox 694 5232 793 5303; x_wconf 92' lang='lat' dir='ltr'>qui</span> <span class='ocrx_word' id='word_1_710' title='bbox 826 5230 1134 5299; x_wconf 86' lang='lat' dir='ltr'>utriusque</span> <span class='ocrx_word' id='word_1_711' title='bbox 1164 5229 1380 5283; x_wconf 91' lang='lat' dir='ltr'>diserte</span> <span class='ocrx_word' id='word_1_712' title='bbox 1398 5228 1662 5283; x_wconf 87' lang='lat' dir='ltr'>meminit</span> <span class='ocrx_word' id='word_1_713' title='bbox 1682 5234 1739 5285; x_wconf 91' lang='lat' dir='ltr'>et</span> <span class='ocrx_word' id='word_1_714' title='bbox 1771 5234 2081 5304; x_wconf 90' lang='lat' dir='ltr'>utramque</span> 
     </span>
    </p>
   </div>
   <div class='ocr_carea' id='block_1_102' title="bbox 452 5316 2077 5393">
    <p class='ocr_par' dir='ltr' id='par_1_102' title="bbox 452 5316 2077 5393">
     <span class='ocr_line' id='line_1_103' title="bbox 452 5316 2077 5393; baseline 0 -17"><span class='ocrx_word' id='word_1_715' title='bbox 452 5321 613 5393; x_wconf 84' lang='lat' dir='ltr'>ponit</span> <span class='ocrx_word' id='word_1_716' title='bbox 659 5321 810 5375; x_wconf 89' lang='lat' dir='ltr'>inter</span> <span class='ocrx_word' id='word_1_717' title='bbox 871 5320 1037 5390; x_wconf 89' lang='lat' dir='ltr'>signa</span> <span class='ocrx_word' id='word_1_718' title='bbox 1083 5319 1332 5371; x_wconf 91' lang='lat' dir='ltr'>mortem</span> <span class='ocrx_word' id='word_1_719' title='bbox 1385 5316 1752 5387; x_wconf 88' lang='lat' dir='ltr'>imperatoris</span> <span class='ocrx_word' id='word_1_720' title='bbox 1800 5320 2077 5376; x_wconf 90' lang='lat' dir='ltr'>divinitus</span> 
     </span>
    </p>
   </div>
   <div class='ocr_carea' id='block_1_103' title="bbox 450 5404 2077 5483">
    <p class='ocr_par' dir='ltr' id='par_1_103' title="bbox 450 5404 2077 5483">
     <span class='ocr_line' id='line_1_104' title="bbox 450 5404 2077 5483; baseline -0.002 -17"><span class='ocrx_word' id='word_1_721' title='bbox 450 5408 926 5482; x_wconf 63' lang='lat' dir='ltr'>pranuntiantia,</span> <span class='ocrx_word' id='word_1_722' title='bbox 960 5422 1094 5461; x_wconf 90' lang='lat' dir='ltr'>cum</span> <span class='ocrx_word' id='word_1_723' title='bbox 1123 5405 1223 5472; x_wconf 89' lang='lat' dir='ltr'>ait,</span> <span class='ocrx_word' id='word_1_724' title='bbox 1283 5408 1616 5478; x_wconf 83' lang='grc' dir='ltr'>προσημεῖαι</span> <span class='ocrx_word' id='word_1_725' title='bbox 1665 5404 1870 5460; x_wconf 64' lang='grc' dir='ltr'>παλλαὶ</span> <span class='ocrx_word' id='word_1_726' title='bbox 1916 5427 2077 5483; x_wconf 85' lang='grc' dir='ltr'>προε-</span> 
     </span>
    </p>
   </div>
   <div class='ocr_carea' id='block_1_104' title="bbox 456 5491 2079 5570">
    <p class='ocr_par' dir='ltr' id='par_1_104' title="bbox 456 5491 2079 5570">
     <span class='ocr_line' id='line_1_105' title="bbox 456 5491 2079 5570; baseline 0.002 -20"><span class='ocrx_word' id='word_1_727' title='bbox 456 5499 691 5570; x_wconf 76' lang='grc' dir='ltr'>μήνυσαν</span> <span class='ocrx_word' id='word_1_728' title='bbox 758 5514 872 5569; x_wconf 89' lang='lat' dir='ltr'>quo</span> <span class='ocrx_word' id='word_1_729' title='bbox 928 5491 1203 5550; x_wconf 89' lang='lat' dir='ltr'>similiter</span> <span class='ocrx_word' id='word_1_730' title='bbox 1260 5493 1429 5547; x_wconf 91' lang='lat' dir='ltr'>modo</span> <span class='ocrx_word' id='word_1_731' title='bbox 1487 5493 1867 5563; x_wconf 75' lang='lat' dir='ltr'>Pachymeres</span> <span class='ocrx_word' id='word_1_732' title='bbox 1897 5498 2079 5553; x_wconf 91' lang='lat' dir='ltr'>voluit</span> 
     </span>
    </p>
   </div>
   <div class='ocr_carea' id='block_1_105' title="bbox 453 5581 2072 5651">
    <p class='ocr_par' dir='ltr' id='par_1_105' title="bbox 453 5581 2072 5651">
     <span class='ocr_line' id='line_1_106' title="bbox 453 5581 2072 5651; baseline -0.001 -9"><span class='ocrx_word' id='word_1_733' title='bbox 453 5588 744 5642; x_wconf 79' lang='lat' dir='ltr'>detectum</span> <span class='ocrx_word' id='word_1_734' title='bbox 769 5585 907 5642; x_wconf 88' lang='lat' dir='ltr'>solis</span> <span class='ocrx_word' id='word_1_735' title='bbox 942 5601 974 5638; x_wconf 88' lang='lat' dir='ltr'>a</span> <span class='ocrx_word' id='word_1_736' title='bbox 1005 5599 1065 5638; x_wconf 91' lang='lat' dir='ltr'>se</span> <span class='ocrx_word' id='word_1_737' title='bbox 1096 5581 1475 5651; x_wconf 85' lang='lat' dir='ltr'>descriptum,</span> <span class='ocrx_word' id='word_1_738' title='bbox 1508 5586 1563 5635; x_wconf 89' lang='lat' dir='ltr'>et</span> <span class='ocrx_word' id='word_1_739' title='bbox 1586 5599 1615 5635; x_wconf 89' lang='lat' dir='ltr'>a</span> <span class='ocrx_word' id='word_1_740' title='bbox 1639 5584 1803 5638; x_wconf 86' lang='lat' dir='ltr'>nobis</span> <span class='ocrx_word' id='word_1_741' title='bbox 1837 5586 2072 5641; x_wconf 77' lang='lat' dir='ltr'>afﬁxum</span> 
     </span>
    </p>
   </div>
   <div class='ocr_carea' id='block_1_106' title="bbox 452 5670 2079 5744">
    <p class='ocr_par' dir='ltr' id='par_1_106' title="bbox 452 5670 2079 5744">
     <span class='ocr_line' id='line_1_107' title="bbox 452 5670 2079 5744; baseline 0.002 -15"><span class='ocrx_word' id='word_1_742' title='bbox 452 5677 512 5729; x_wconf 89' lang='lat' dir='ltr'>iu</span> <span class='ocrx_word' id='word_1_743' title='bbox 574 5676 732 5730; x_wconf 76' lang='lat' dir='ltr'>aditu</span> <span class='ocrx_word' id='word_1_744' title='bbox 793 5672 1020 5744; x_wconf 85' lang='lat' dir='ltr'>imperii</span> <span class='ocrx_word' id='word_1_745' title='bbox 1080 5670 1560 5737; x_wconf 75' lang='lat' dir='ltr'>Theodori,7l5</span> <span class='ocrx_word' id='word_1_746' title='bbox 1621 5671 1787 5727; x_wconf 80' lang='lat' dir='ltr'>breve</span> <span class='ocrx_word' id='word_1_747' title='bbox 1843 5673 1990 5731; x_wconf 87' lang='lat' dir='ltr'>illud</span> <span class='ocrx_word' id='word_1_748' title='bbox 2021 5680 2079 5732; x_wconf 81' lang='lat' dir='ltr'>et</span> 
     </span>
    </p>
   </div>
   <div class='ocr_carea' id='block_1_107' title="bbox 2262 4594 3820 4665">
    <p class='ocr_par' dir='ltr' id='par_1_107' title="bbox 2262 4594 3820 4665">
     <span class='ocr_line' id='line_1_108' title="bbox 2262 4594 3820 4665; baseline 0.003 -15"><span class='ocrx_word' id='word_1_749' title='bbox 2262 4596 2410 4651; x_wconf 84' lang='lat' dir='ltr'>XIII.</span> <span class='ocrx_word' id='word_1_750' title='bbox 2459 4595 2540 4649; x_wconf 85' lang='lat' dir='ltr'>Ex</span> <span class='ocrx_word' id='word_1_751' title='bbox 2568 4594 2677 4648; x_wconf 92' lang='lat' dir='ltr'>hoc</span> <span class='ocrx_word' id='word_1_752' title='bbox 2710 4610 2824 4648; x_wconf 93' lang='lat' dir='ltr'>uno</span> <span class='ocrx_word' id='word_1_753' title='bbox 2880 4596 3257 4665; x_wconf 87' lang='lat' dir='ltr'>pronuntiato</span> <span class='ocrx_word' id='word_1_754' title='bbox 3313 4598 3539 4654; x_wconf 84' lang='lat' dir='ltr'>tollitur</span> <span class='ocrx_word' id='word_1_755' title='bbox 3579 4598 3820 4655; x_wconf 78' lang='lat' dir='ltr'>admira-</span> 
     </span>
    </p>
   </div>
   <div class='ocr_carea' id='block_1_108' title="bbox 2194 4681 3812 4759">
    <p class='ocr_par' dir='ltr' id='par_1_108' title="bbox 2194 4681 3812 4759">
     <span class='ocr_line' id='line_1_109' title="bbox 2194 4681 3812 4759; baseline 0.001 -20"><span class='ocrx_word' id='word_1_756' title='bbox 2194 4683 2390 4739; x_wconf 88' lang='lat' dir='ltr'>bilitas</span> <span class='ocrx_word' id='word_1_757' title='bbox 2429 4687 2485 4737; x_wconf 91' lang='lat' dir='ltr'><strong>et</strong></span> <span class='ocrx_word' id='word_1_758' title='bbox 2513 4681 2670 4753; x_wconf 91' lang='lat' dir='ltr'>vulgi</span> <span class='ocrx_word' id='word_1_759' title='bbox 2693 4682 2930 4753; x_wconf 89' lang='lat' dir='ltr'>quidam</span> <span class='ocrx_word' id='word_1_760' title='bbox 2964 4686 3188 4755; x_wconf 85' lang='lat' dir='ltr'>stupor,</span> <span class='ocrx_word' id='word_1_761' title='bbox 3215 4686 3312 4757; x_wconf 90' lang='lat' dir='ltr'>qui</span> <span class='ocrx_word' id='word_1_762' title='bbox 3346 4688 3592 4759; x_wconf 89' lang='lat' dir='ltr'>eclipses</span> <span class='ocrx_word' id='word_1_763' title='bbox 3624 4703 3812 4745; x_wconf 83' lang='lat' dir='ltr'>conse-</span> 
     </span>
    </p>
   </div>
   <div class='ocr_carea' id='block_1_109' title="bbox 2175 4769 3815 4848">
    <p class='ocr_par' dir='ltr' id='par_1_109' title="bbox 2175 4769 3815 4848">
     <span class='ocr_line' id='line_1_110' title="bbox 2175 4769 3815 4848; baseline 0.002 -21"><span class='ocrx_word' id='word_1_764' title='bbox 2175 4771 2437 4843; x_wconf 86' lang='lat' dir='ltr'>quitur:</span> <span class='ocrx_word' id='word_1_765' title='bbox 2497 4769 2684 4825; x_wconf 88' lang='lat' dir='ltr'>oritur</span> <span class='ocrx_word' id='word_1_766' title='bbox 2736 4769 2891 4825; x_wconf 90' lang='lat' dir='ltr'>enim</span> <span class='ocrx_word' id='word_1_767' title='bbox 2951 4788 3019 4827; x_wconf 91' lang='lat' dir='ltr'>ex</span> <span class='ocrx_word' id='word_1_768' title='bbox 3043 4772 3369 4843; x_wconf 90' lang='lat' dir='ltr'>ignorantia</span> <span class='ocrx_word' id='word_1_769' title='bbox 3410 4792 3544 4831; x_wconf 90' lang='lat' dir='ltr'>cum</span> <span class='ocrx_word' id='word_1_770' title='bbox 3576 4779 3815 4848; x_wconf 86' lang='lat' dir='ltr'>quadam</span> 
     </span>
    </p>
   </div>
   <div class='ocr_carea' id='block_1_110' title="bbox 2194 4858 3819 4932">
    <p class='ocr_par' dir='ltr' id='par_1_110' title="bbox 2194 4858 3819 4932">
     <span class='ocr_line' id='line_1_111' title="bbox 2194 4858 3819 4932; baseline 0.004 -19"><span class='ocrx_word' id='word_1_771' title='bbox 2194 4861 2443 4915; x_wconf 91' lang='lat' dir='ltr'>novitate</span> <span class='ocrx_word' id='word_1_772' title='bbox 2473 4862 2531 4913; x_wconf 92' lang='lat' dir='ltr'><strong>et</strong></span> <span class='ocrx_word' id='word_1_773' title='bbox 2554 4858 2789 4912; x_wconf 87' lang='lat' dir='ltr'>raritate</span> <span class='ocrx_word' id='word_1_774' title='bbox 2820 4860 2972 4929; x_wconf 86' lang='lat' dir='ltr'>apud</span> <span class='ocrx_word' id='word_1_775' title='bbox 3006 4876 3104 4915; x_wconf 88' lang='lat' dir='ltr'>eos</span> <span class='ocrx_word' id='word_1_776' title='bbox 3135 4863 3233 4932; x_wconf 91' lang='lat' dir='ltr'>qui</span> <span class='ocrx_word' id='word_1_777' title='bbox 3263 4878 3368 4919; x_wconf 92' lang='lat' dir='ltr'>nec</span> <span class='ocrx_word' id='word_1_778' title='bbox 3397 4880 3595 4920; x_wconf 88' lang='lat' dir='ltr'>earum</span> <span class='ocrx_word' id='word_1_779' title='bbox 3618 4880 3819 4920; x_wconf 87' lang='lat' dir='ltr'>causas</span> 
     </span>
    </p>
   </div>
   <div class='ocr_carea' id='block_1_111' title="bbox 2191 4946 3820 5019">
    <p class='ocr_par' dir='ltr' id='par_1_111' title="bbox 2191 4946 3820 5019">
     <span class='ocr_line' id='line_1_112' title="bbox 2191 4946 3820 5019; baseline 0.003 -16"><span class='ocrx_word' id='word_1_780' title='bbox 2191 4948 2530 5019; x_wconf 89' lang='lat' dir='ltr'>intelligunt</span> <span class='ocrx_word' id='word_1_781' title='bbox 2558 4962 2663 5001; x_wconf 92' lang='lat' dir='ltr'>nec</span> <span class='ocrx_word' id='word_1_782' title='bbox 2692 4962 2790 5001; x_wconf 88' lang='lat' dir='ltr'>eas</span> <span class='ocrx_word' id='word_1_783' title='bbox 2823 4946 3036 5018; x_wconf 70' lang='lat' dir='ltr'>saepius</span> <span class='ocrx_word' id='word_1_784' title='bbox 3080 4950 3477 5019; x_wconf 87' lang='lat' dir='ltr'>observarunt,</span> <span class='ocrx_word' id='word_1_785' title='bbox 3519 4969 3651 5010; x_wconf 89' lang='lat' dir='ltr'>cum</span> <span class='ocrx_word' id='word_1_786' title='bbox 3683 4970 3820 5009; x_wconf 93' lang='lat' dir='ltr'>con-</span> 
     </span>
    </p>
   </div>
   <div class='ocr_carea' id='block_1_112' title="bbox 2189 5034 3817 5112">
    <p class='ocr_par' dir='ltr' id='par_1_112' title="bbox 2189 5034 3817 5112">
     <span class='ocr_line' id='line_1_113' title="bbox 2189 5034 3817 5112; baseline 0.004 -21"><span class='ocrx_word' id='word_1_787' title='bbox 2189 5039 2281 5092; x_wconf 89' lang='lat' dir='ltr'>tra</span> <span class='ocrx_word' id='word_1_788' title='bbox 2311 5036 2605 5108; x_wconf 86' lang='lat' dir='ltr'>sapientes</span> <span class='ocrx_word' id='word_1_789' title='bbox 2635 5038 2691 5089; x_wconf 91' lang='lat' dir='ltr'>et</span> <span class='ocrx_word' id='word_1_790' title='bbox 2719 5034 2873 5090; x_wconf 91' lang='lat' dir='ltr'>docti</span> <span class='ocrx_word' id='word_1_791' title='bbox 2908 5051 3007 5091; x_wconf 83' lang='lat' dir='ltr'>eas</span> <span class='ocrx_word' id='word_1_792' title='bbox 3058 5038 3183 5095; x_wconf 91' lang='lat' dir='ltr'>suis</span> <span class='ocrx_word' id='word_1_793' title='bbox 3222 5042 3587 5112; x_wconf 89' lang='lat' dir='ltr'>temporibus</span> <span class='ocrx_word' id='word_1_794' title='bbox 3634 5040 3817 5098; x_wconf 86' lang='lat' dir='ltr'>securi</span> 
     </span>
    </p>
   </div>
   <div class='ocr_carea' id='block_1_113' title="bbox 2189 5124 3819 5195">
    <p class='ocr_par' dir='ltr' id='par_1_113' title="bbox 2189 5124 3819 5195">
     <span class='ocr_line' id='line_1_114' title="bbox 2189 5124 3819 5195; baseline 0.004 -15"><span class='ocrx_word' id='word_1_795' title='bbox 2189 5130 2542 5195; x_wconf 87' lang='lat' dir='ltr'>exspectent,</span> <span class='ocrx_word' id='word_1_796' title='bbox 2592 5127 2649 5179; x_wconf 89' lang='lat' dir='ltr'><strong>et</strong></span> <span class='ocrx_word' id='word_1_797' title='bbox 2678 5124 2983 5180; x_wconf 86' lang='lat' dir='ltr'>occasione</span> <span class='ocrx_word' id='word_1_798' title='bbox 3030 5126 3087 5181; x_wconf 86' lang='lat' dir='ltr'>in</span> <span class='ocrx_word' id='word_1_799' title='bbox 3118 5131 3487 5185; x_wconf 87' lang='lat' dir='ltr'>commodum</span> <span class='ocrx_word' id='word_1_800' title='bbox 3544 5146 3819 5186; x_wconf 84' lang='lat' dir='ltr'>conversa</span> 
     </span>
    </p>
   </div>
   <div class='ocr_carea' id='block_1_114' title="bbox 2189 5213 3819 5290">
    <p class='ocr_par' dir='ltr' id='par_1_114' title="bbox 2189 5213 3819 5290">
     <span class='ocr_line' id='line_1_115' title="bbox 2189 5213 3819 5290; baseline 0.002 -22"><span class='ocrx_word' id='word_1_801' title='bbox 2189 5214 2395 5268; x_wconf 77' lang='lat' dir='ltr'>eii’ectu</span> <span class='ocrx_word' id='word_1_802' title='bbox 2431 5213 2575 5267; x_wconf 91' lang='lat' dir='ltr'>bene</span> <span class='ocrx_word' id='word_1_803' title='bbox 2638 5217 2895 5278; x_wconf 82' lang='lat' dir='ltr'>utantur,</span> <span class='ocrx_word' id='word_1_804' title='bbox 2929 5217 2986 5267; x_wconf 90' lang='lat' dir='ltr'>et</span> <span class='ocrx_word' id='word_1_805' title='bbox 3041 5216 3382 5289; x_wconf 89' lang='lat' dir='ltr'>perniciem,</span> <span class='ocrx_word' id='word_1_806' title='bbox 3411 5219 3459 5273; x_wconf 92' lang='lat' dir='ltr'>si</span> <span class='ocrx_word' id='word_1_807' title='bbox 3490 5234 3606 5290; x_wconf 88' lang='lat' dir='ltr'>qua</span> <span class='ocrx_word' id='word_1_808' title='bbox 3636 5218 3819 5274; x_wconf 91' lang='lat' dir='ltr'>credi-</span> 
     </span>
    </p>
   </div>
   <div class='ocr_carea' id='block_1_115' title="bbox 2188 5300 3477 5369">
    <p class='ocr_par' dir='ltr' id='par_1_115' title="bbox 2188 5300 3477 5369">
     <span class='ocr_line' id='line_1_116' title="bbox 2188 5300 3477 5369; baseline 0.004 -13"><span class='ocrx_word' id='word_1_809' title='bbox 2188 5305 2284 5356; x_wconf 89' lang='lat' dir='ltr'>tur</span> <span class='ocrx_word' id='word_1_810' title='bbox 2312 5300 2641 5369; x_wconf 88' lang='lat' dir='ltr'>imminere,</span> <span class='ocrx_word' id='word_1_811' title='bbox 2679 5302 2859 5354; x_wconf 85' lang='lat' dir='ltr'>totam</span> <span class='ocrx_word' id='word_1_812' title='bbox 2892 5300 2949 5354; x_wconf 90' lang='lat' dir='ltr'>in</span> <span class='ocrx_word' id='word_1_813' title='bbox 2975 5301 3170 5359; x_wconf 85' lang='lat' dir='ltr'>hostes</span> <span class='ocrx_word' id='word_1_814' title='bbox 3203 5302 3477 5362; x_wconf 71' lang='lat' dir='ltr'>derivem.</span> 
     </span>
    </p>
   </div>
   <div class='ocr_carea' id='block_1_116' title="bbox 2260 5414 3817 5491">
    <p class='ocr_par' dir='ltr' id='par_1_116' title="bbox 2260 5414 3817 5491">
     <span class='ocr_line' id='line_1_117' title="bbox 2260 5414 3817 5491; baseline 0.004 -22"><span class='ocrx_word' id='word_1_815' title='bbox 2260 5416 2347 5470; x_wconf 91' lang='lat' dir='ltr'>Ita</span> <span class='ocrx_word' id='word_1_816' title='bbox 2373 5415 2510 5469; x_wconf 93' lang='lat' dir='ltr'>olim</span> <span class='ocrx_word' id='word_1_817' title='bbox 2560 5414 2847 5487; x_wconf 87' lang='lat' dir='ltr'>Sulpitius</span> <span class='ocrx_word' id='word_1_818' title='bbox 2897 5414 3114 5485; x_wconf 87' lang='lat' dir='ltr'>Gallus,</span> <span class='ocrx_word' id='word_1_819' title='bbox 3169 5422 3233 5473; x_wconf 90' lang='lat' dir='ltr'>ut</span> <span class='ocrx_word' id='word_1_820' title='bbox 3279 5420 3537 5476; x_wconf 85' lang='lat' dir='ltr'>referunt</span> <span class='ocrx_word' id='word_1_821' title='bbox 3596 5421 3817 5491; x_wconf 87' lang='lat' dir='ltr'>Livius,</span> 
     </span>
    </p>
   </div>
   <div class='ocr_carea' id='block_1_117' title="bbox 2190 5502 3818 5580">
    <p class='ocr_par' dir='ltr' id='par_1_117' title="bbox 2190 5502 3818 5580">
     <span class='ocr_line' id='line_1_118' title="bbox 2190 5502 3818 5580; baseline 0.006 -24"><span class='ocrx_word' id='word_1_822' title='bbox 2190 5504 2231 5557; x_wconf 86' lang='grc' dir='ltr'><strong>Ι.</strong></span> <span class='ocrx_word' id='word_1_823' title='bbox 2262 5520 2412 5560; x_wconf 76' lang='lat' dir='ltr'>xmv.</span> <span class='ocrx_word' id='word_1_824' title='bbox 2444 5507 2497 5558; x_wconf 87' lang='lat' dir='ltr'>et</span> <span class='ocrx_word' id='word_1_825' title='bbox 2531 5502 2678 5558; x_wconf 84' lang='lat' dir='ltr'>Plut.</span> <span class='ocrx_word' id='word_1_826' title='bbox 2713 5504 2772 5558; x_wconf 85' lang='lat' dir='ltr'>in</span> <span class='ocrx_word' id='word_1_827' title='bbox 2806 5503 2975 5559; x_wconf 83' lang='lat' dir='ltr'>Paulo</span> <span class='ocrx_word' id='word_1_828' title='bbox 3000 5504 3247 5576; x_wconf 59' lang='lat' dir='ltr'>zEmz&#39;lio,</span> <span class='ocrx_word' id='word_1_829' title='bbox 3278 5507 3348 5562; x_wconf 89' lang='lat' dir='ltr'>de</span> <span class='ocrx_word' id='word_1_830' title='bbox 3378 5507 3593 5580; x_wconf 87' lang='lat' dir='ltr'>insigni</span> <span class='ocrx_word' id='word_1_831' title='bbox 3624 5510 3818 5567; x_wconf 84' lang='lat' dir='ltr'>defec-</span> 
     </span>
    </p>
   </div>
   <div class='ocr_carea' id='block_1_118' title="bbox 2184 5591 3814 5662">
    <p class='ocr_par' dir='ltr' id='par_1_118' title="bbox 2184 5591 3814 5662">
     <span class='ocr_line' id='line_1_119' title="bbox 2184 5591 3814 5662; baseline 0.006 -17"><span class='ocrx_word' id='word_1_832' title='bbox 2184 5591 2341 5646; x_wconf 79' lang='lat' dir='ltr'>tione</span> <span class='ocrx_word' id='word_1_833' title='bbox 2400 5592 2571 5661; x_wconf 70' lang='lat' dir='ltr'>lunm,</span> <span class='ocrx_word' id='word_1_834' title='bbox 2633 5608 2805 5662; x_wconf 90' lang='lat' dir='ltr'>quam</span> <span class='ocrx_word' id='word_1_835' title='bbox 2862 5591 3194 5662; x_wconf 56' lang='lat' dir='ltr'>praeviderat</span> <span class='ocrx_word' id='word_1_836' title='bbox 3253 5596 3401 5651; x_wconf 74' lang='lat'><strong>746</strong></span> <span class='ocrx_word' id='word_1_837' title='bbox 3447 5597 3504 5651; x_wconf 91' lang='lat' dir='ltr'>in</span> <span class='ocrx_word' id='word_1_838' title='bbox 3556 5598 3814 5655; x_wconf 86' lang='lat' dir='ltr'>exercitu</span> 
     </span>
    </p>
   </div>
   <div class='ocr_carea' id='block_1_119' title="bbox 2186 5679 3814 5755">
    <p class='ocr_par' dir='ltr' id='par_1_119' title="bbox 2186 5679 3814 5755">
     <span class='ocr_line' id='line_1_120' title="bbox 2186 5679 3814 5755; baseline 0.006 -20"><span class='ocrx_word' id='word_1_839' title='bbox 2186 5680 2469 5747; x_wconf 86' lang='lat' dir='ltr'>Romano,</span> <span class='ocrx_word' id='word_1_840' title='bbox 2501 5680 2560 5735; x_wconf 93' lang='lat' dir='ltr'>in</span> <span class='ocrx_word' id='word_1_841' title='bbox 2592 5697 2706 5752; x_wconf 90' lang='lat' dir='ltr'>quo</span> <span class='ocrx_word' id='word_1_842' title='bbox 2735 5679 3013 5736; x_wconf 83' lang='lat' dir='ltr'>tribunus</span> <span class='ocrx_word' id='word_1_843' title='bbox 3048 5683 3158 5737; x_wconf 88' lang='lat' dir='ltr'>sub</span> <span class='ocrx_word' id='word_1_844' title='bbox 3214 5683 3561 5755; x_wconf 80' lang='lat' dir='ltr'>imperatore</span> <span class='ocrx_word' id='word_1_845' title='bbox 3578 5686 3814 5745; x_wconf 69' lang='lat' dir='ltr'>tEmilio</span> 
     </span>
    </p>
   </div>
  </div>
