4122 6272
333 348 474 404 1173

1755 365 2366 421 CHRONOLOGICUS.

3586 365 3722 419 1174

326 472 507 561 Paulo
543 474 857 543 militabat,
889 478 1167 534 concione
1205 480 1406 538 habita
1435 499 1575 539 suos
1605 486 1675 540 ad
1708 503 1964 557 pugnam
2001 495 2053 556 Α
2085 489 2395 559 perniciem
2429 490 2664 558 creavit,
2696 494 2760 545 ut
2792 488 3138 545 Plutarchus
3170 494 3371 545 narrat
3391 490 3450 545 in
3472 490 3598 561 ejus
3619 490 3718 545 Vi-

327 559 610 615 instruxit
668 562 983 634 docuitque
1042 582 1250 622 causas
1308 569 1617 639 eclipsium
1672 577 1727 626 et
1782 578 1969 629 certos
2076 581 2136 631 ta
2164 587 2218 633 et
2248 578 2431 633 Thuc.
2466 578 2504 631 l.
2538 595 2637 633 vn.

326 653 569 703 eventus
617 650 743 704 suis
790 654 1159 722 temporibus
1218 658 1602 725 necessarios,
1652 665 1771 714 tam
1816 660 1969 715 felici

327 742 533 791 eventu
571 742 636 791 ut
663 739 732 793 ab
766 739 851 794 eis
882 741 1190 797 abstulerit
1221 762 1433 799 vanum
1484 747 1650 802 illum
1695 750 1965 805 timorem

324 825 422 893 qui
444 842 511 879 ex
535 829 612 880 rei
636 827 890 883 novitate
922 835 977 883 et
1009 831 1319 887 insolentia
1349 836 1483 888 oriri
1514 835 1658 891 solet
1688 837 1963 909 ignoran-

321 913 503 979 tibus,
554 920 609 969 et
652 932 784 970 eum
836 921 1135 989 pugnandi
1187 924 1451 977 ardorem
1496 926 1717 980 edoctis
1753 932 1809 980 et
1836 928 1961 981 vin-

2150 666 2395 722 Felicius
2470 668 2819 739 Agathocles
2886 673 2943 724 et
3021 669 3273 738 acutius,
3343 669 3481 723 dum
3559 668 3712 722 clas-

2076 770 2196 808 sem
2234 754 2289 808 in
2320 756 2568 811 Africam
2597 757 2886 827 trajiceret
2933 762 2989 812 et
3031 757 3319 812 horrenda
3350 757 3490 811 solis
3521 757 3711 811 defec-

2073 842 2152 895 tio
2194 843 2593 912 intercederet,
2621 847 2745 899 suis
2779 850 2935 901 metu
2967 847 3227 912 deiectis,
3262 846 3343 899 nil
3377 846 3705 900 timendum

2072 946 2105 983 a
2136 932 2397 1002 prodigio
2430 934 2729 1000 professus
2761 940 2850 988 est
2880 934 2951 988 iis
2982 934 3079 1005 qui
3106 936 3229 1003 jam
3276 936 3333 987 in
3386 951 3561 988 cursu
3611 950 3709 987 es-

322 1001 490 1055 cendi
518 1003 749 1074 cupidis
780 1006 1000 1077 injecit,
1032 1024 1101 1062 ex
1131 1024 1245 1078 quo
1280 1009 1452 1079 plena
1483 1012 1720 1068 victoria
1752 1015 1965 1070 Roma—
2069 1022 2199 1071 sent
2224 1036 2235 1070 :
2261 1001 2665 1091 sideliquium
2698 1027 3011 1092 antequam
3037 1026 3203 1087 portu
3232 1021 3547 1076 solvissent
3567 1038 3707 1075 con-

319 1088 412 1143 nis
463 1091 670 1159 evenit,
705 1109 838 1147 cum
883 1099 1087 1150 contra
1117 1095 1172 1151 in
1206 1099 1412 1153 castris
1445 1100 1826 1157 Macedonum
1860 1121 1960 1157 no-

2067 1105 2314 1176 tigisset,
2362 1108 2687 1164 timendum
2740 1112 2882 1165 forte
2921 1110 3124 1179 videri,
3176 1111 3277 1164 sed
3326 1109 3598 1165 euntibus
3647 1114 3705 1165 et

315 1176 463 1232 vitas
494 1183 551 1233 et
590 1179 922 1250 ignorantia
951 1184 1151 1238 fecerit
1183 1202 1273 1240 res
1302 1191 1366 1241 ut
1394 1203 1461 1241 ea
1493 1190 1742 1260 prodigii
1779 1192 1963 1246 instar
2069 1200 2345 1265 prmterea
2369 1196 2562 1252 minus
2589 1198 2896 1253 fortunatis
2921 1197 3133 1253 Siculis
3160 1197 3306 1251 nihil
3328 1198 3556 1252 adversi
3582 1213 3702 1253 me-

312 1262 646 1333 haberetur,
680 1273 734 1323 et
765 1269 1001 1341 eclipsis
1031 1272 1157 1327 visa
1186 1273 1519 1330 existimata
1563 1277 1640 1332 sit
1683 1295 1958 1348 praenun-

2064 1284 2385 1351 tuendum;
2420 1284 2492 1340 iis
2524 1290 2717 1340 autem
2751 1288 2821 1341 ad
2853 1303 2999 1356 quos
3024 1286 3237 1351 ibatur,
3270 1290 3325 1341 et
3355 1286 3701 1342 florentibus

310 1350 398 1444 tia
422 1352 590 1444 fugai
635 1360 693 1411 et
741 1358 1085 1414 defectionis
1134 1362 1348 1431 Persei,
1381 1380 1556 1434 quam
1606 1368 1956 1422 Macedoniae
2060 1350 2641 1442 Carthaginiensibus
2673 1350 2916 1428 fortun-ae
2950 1375 3358 1443 mutationem,
3392 1374 3439 1428 si
3471 1390 3588 1444 qua
3630 1390 3699 1429 ex

312 1438 507 1495 clades
539 1448 627 1497 est
657 1450 989 1501 consecuta.

380 1540 465 1593 Ita
496 1555 683 1608 nuper
725 1541 1184 1616 Christophorus
1216 1550 1540 1606 Columbus
1589 1569 1741 1607 anno
1789 1553 1953 1609 Chri-

304 1625 381 1680 sti
410 1627 572 1695 1493,
601 1644 734 1683 cum
785 1630 1198 1690 alimentorum
1247 1637 1449 1709 inopia
1501 1638 1813 1707 laboraret,
1850 1659 1951 1697 nec

303 1718 504 1784 posset
525 1732 557 1769 a
580 1716 1072 1790 Jamaicensibus,
1091 1726 1243 1794 apud
1272 1743 1417 1796 quos
1440 1727 1645 1783 classis
1669 1730 1947 1801 Hispana,

299 1803 395 1902 cui
444 1809 707 1874 praeerat,
760 1809 1079 1879 appulerat,
1119 1812 1175 1866 vi
1226 1818 1280 1868 et
1331 1816 1600 1885 precibus
1658 1819 1935 1873 auxilium
1969 1838 2018 1903 B

293 1890 634 1962 impetrare,
662 1911 806 1950 usus
847 1903 937 1952 est
983 1900 1227 1956 scientia
1275 1905 1551 1974 proximae
1592 1906 1845 1977 eclipsis.
1881 1912 1938 1962 et

295 1978 565 2035 barbaris
613 1983 742 2052 ejus
790 1984 1011 2055 ignaris
1058 1993 1277 2059 pestem
1327 1992 1785 2063 impendentem,
1823 1996 1936 2051 nisi

296 2082 467 2137 opem
496 2069 731 2138 ferrent,
767 2076 1025 2130 minatus
1074 2077 1228 2133 diem
1261 2083 1316 2133 et
1347 2080 1549 2136 horam
1598 2083 1937 2138 defectionis

296 2155 452 2211 lunaa
482 2159 681 2229 edixit,
709 2178 820 2231 quo
862 2162 949 2217 illi
994 2168 1253 2237 prodigio
1296 2171 1546 2240 perculsi
1596 2177 1652 2227 et
1702 2174 1938 2244 gravius

297 2244 517 2316 aliquid
539 2253 865 2305 metuentes
886 2253 957 2307 ad
983 2253 1327 2312 Columbum
1354 2260 1517 2328 quasi
1543 2277 1650 2316 sua
1673 2261 1940 2318 inhuma-

298 2333 476 2389 nitate
528 2336 816 2393 ofi‘ensum
862 2341 1091 2411 copioso
1134 2343 1405 2401 instructi
1437 2354 1764 2405 commeatu
1797 2368 1937 2421 sup-

300 2420 482 2492 plices
500 2430 802 2493 venerunt,
830 2433 888 2482 et
912 2430 1137 2485 veniam
1173 2432 1397 2490 facilius
1420 2453 1595 2507 quam
1624 2420 1940 2509 sperabant

296 2526 405 2564 sua
432 2510 780 2569 liberalitate
813 2515 1220 2587 impetrarunt.

368 2608 448 2677 [P.
478 2608 628 2680 506.]
662 2612 747 2666 Ita
788 2614 1067 2670 Claudius
1115 2617 1448 2689 imperator,
1481 2626 1546 2676 ut
1593 2623 1768 2678 habet
1816 2625 1936 2689 Dio,

302 2692 341 2746 l.
367 2710 448 2761 vr,
478 2712 612 2752 cum
634 2706 926 2757 vereretur
946 2720 1017 2758 ne
1040 2704 1181 2759 solis
1208 2707 1451 2763 defectio
1484 2710 1679 2766 futura
1710 2711 1800 2765 die
1832 2729 1938 2768 suo

303 2781 490 2836 natali
520 2800 673 2840 anno
706 2787 931 2859 imperii
962 2792 1164 2863 quinto
1207 2797 1526 2852 tumultum
1561 2799 1746 2853 Romae
1775 2816 1938 2869 pare-

307 2873 397 2925 ret
437 2887 506 2927 ex
548 2873 875 2945 ignorantia
895 2882 948 2934 et
974 2883 1227 2938 novitate
1250 2886 1460 2953 juncta
1480 2903 1628 2942 vano
1660 2889 1850 2943 timori
1884 2894 1941 2945 et

294 2958 555 3030 opinioni
581 2962 757 3033 vulgi,
783 2969 934 3037 quod
980 2986 1046 3024 ea
1102 2970 1271 3042 signa
1322 2979 1519 3030 essent
1576 2976 1938 3048 principibus

296 3046 581 3115 infausta,
616 3050 848 3121 publico
889 3057 1077 3112 edicto
1108 3065 1310 3115 notum
1339 3061 1523 3116 voluit
1555 3067 1688 3119 ante
1719 3046 1941 3134 aliquot

299 3134 423 3190 dies
457 3136 782 3208 deliquium
836 3142 979 3198 illud
1027 3146 1584 3221 futurum,insuper
1621 3156 1677 3205 et
1728 3168 1933 3207 causas

299 3224 448 3293 ejus,
500 3228 888 3295 quantitatem
920 3241 972 3287 el
1006 3234 1374 3292 durationem
1405 3239 1671 3309 exposuit
1702 3244 1820 3295 tam
1852 3240 1933 3295 di-

295 3312 505 3369 stincte
538 3320 596 3370 et
623 3315 1092 3392 intelligibiliter,
1126 3329 1189 3378 ut
1220 3342 1285 3380 eo
1316 3326 1439 3382 viso
1491 3344 1656 3383 nemo
1707 3329 1939 3385 timeret

297 3404 399 3454 aut
429 3402 771 3472 minaretur,
805 3423 1006 3464 omnes
1052 3412 1420 3484 imperatoris
1460 3416 1807 3487 sapientiam
1839 3434 1934 3473 ve-

298 3495 660 3547 nerarentur.

369 3586 519 3674 XIV.
550 3589 805 3647 Tollitur
831 3598 1107 3664 praeterea
1148 3598 1341 3655 inanis
1388 3600 1488 3656 illa
1532 3602 1745 3673 opinio,
1781 3605 1929 3674 quod

292 3672 541 3745 eclipses
570 3679 694 3734 orbi
748 3689 1014 3748 noceant,
1044 3688 1197 3755 quod
1231 3687 1443 3757 clades,
1471 3672 1664 3760 pestes
1695 3697 1750 3747 et
1780 3672 1933 3748 bella

290 3762 490 3832 regnis
522 3766 858 3837 important,
889 3773 1041 3838 quod
1072 3775 1401 3831 vastitatem
1433 3784 1490 3832 et
1519 3781 1929 3837 subversiones

285 3849 672 3921 imperiorum
705 3872 769 3910 ac
800 3857 1098 3930 religionis
1131 3862 1218 3916 vel
1250 3862 1506 3920 efﬁciant
1534 3870 1618 3921 vel
1655 3886 1926 3939 praenun-

284 3938 454 3994 tient.
501 3941 792 4000 Damnum
846 3948 1002 4001 enim
1053 3951 1441 4022 quodcunque
1491 3938 1926 4028 createclipsis

280 4025 340 4079 in
398 4028 625 4085 modica
668 4032 901 4100 jactura
949 4035 1099 4092 lucis
1129 4043 1185 4092 et
1217 4039 1454 4095 benefici
1507 4043 1761 4099 inﬂuxus
1803 4025 1922 4101 non

280 4115 590 4173 admotum
636 4120 913 4179 diuturna
942 4127 1228 4183 consistit.
1264 4128 1399 4185 Plus
1428 4146 1578 4202 saepe
1608 4133 1780 4188 unica
1811 4151 1925 4189 nox

278 4208 388 4259 aut
417 4205 543 4261 dies
574 4207 810 4277 pluvius
841 4216 1061 4270 mundo
1102 4215 1249 4272 lucis
1293 4220 1490 4274 amicas
1539 4224 1596 4275 et
1642 4222 1921 4293 benigna-

279 4308 415 4347 rum
451 4293 894 4355 influentiarum
926 4302 1100 4375 eripit
1129 4322 1305 4375 quam
1337 4307 1580 4379 eclipses
1612 4311 1832 4379 decem,
1865 4318 1923 4366 et

277 4380 581 4451 sapienter
606 4384 766 4441 visus
820 4393 909 4444 est
956 4406 1128 4462 agere
1171 4394 1442 4463 Pericles,
1474 4400 1754 4454 referente
1786 4399 1917 4455 Plu-

275 4469 480 4524 tarcho
523 4469 582 4526 in
632 4475 760 4543 ejus
791 4477 931 4545 vita,
964 4480 1061 4550 qui
1093 4483 1256 4537 navis
1288 4484 1676 4556 imperatoriae
1703 4489 1915 4559 guber-

2061 1458 2273 1515 talibus
2330 1461 2515 1533 signis
2574 1463 3049 1532 portendebatur,
3103 1481 3231 1519 esse
3278 1463 3694 1533 pertimescen-

2058 1547 2215 1603 dam.

2129 1638 2253 1695 Non
2300 1644 2509 1694 nocent
2546 1640 2809 1710 eclipses,
2838 1641 2951 1696 nisi
2984 1642 3135 1711 quod
3170 1646 3417 1697 noceant
3446 1642 3692 1713 opinan-

2054 1725 2249 1795 tibus;
2303 1728 2445 1782 nihil
2480 1746 2546 1784 ex
2575 1746 2632 1784 se
2665 1729 2801 1784 mali
2853 1730 3107 1785 fundunt
3138 1730 3221 1785 sol
3248 1735 3303 1785 et
3328 1730 3467 1786 luna
3500 1731 3687 1802 magis

2053 1813 2113 1868 in
2137 1816 2602 1885 oppositionibus
2624 1822 2680 1872 et
2705 1820 2943 1889 synodis
2975 1836 3150 1890 quam
3182 1825 3336 1874 extra
3367 1818 3519 1875 illas.
3543 1826 3687 1874 Con-

2052 1901 2172 1955 dita
2221 1907 2360 1957 sunt
2416 1904 2536 1958 haec
2593 1905 2786 1960 sidera
2816 1924 2849 1960 a
2879 1907 3030 1961 bono
3084 1905 3327 1961 Domino
3359 1911 3415 1961 et
3445 1911 3683 1977 parente

2046 1990 2299 2045 universi
2322 1990 2806 2063 clementissimo;
2830 1995 3231 2066 gubernantur
3250 2011 3427 2050 manu
3450 1996 3677 2065 sapien-

2043 2077 2275 2132 tissima
2305 2080 2376 2134 ad
2406 2081 2657 2136 filiorum
2691 2084 2995 2137 commoda
3016 2087 3072 2137 et
3093 2083 3363 2138 salutem.
3386 2084 3671 2139 Defectio-

2046 2182 2149 2221 nes
2180 2168 2413 2237 quando
2440 2170 2806 2241 contingunt,
2841 2169 3136 2225 naturales
3170 2176 3307 2225 sunt
3327 2175 3382 2226 et
3404 2172 3672 2227 innoxiae.

2043 2257 2167 2308 Non
2194 2259 2384 2324 pestes
2413 2260 2713 2325 generant,
2745 2273 2859 2310 non
2910 2256 3059 2311 bella
3109 2256 3282 2325 cient,
3316 2274 3426 2312 non
3462 2262 3678 2313 mortes

2046 2342 2379 2413 principum
2411 2344 2782 2409 annuntiant,
2811 2362 2925 2400 non
2958 2350 3285 2416 temporum
3311 2345 3679 2401 calamitates

2047 2436 2146 2486 aut
2180 2448 2488 2502 regnorum
2518 2433 2926 2488 conversiones
2958 2434 3279 2488 minantur.

2115 2528 2200 2582 Ab
2231 2528 2357 2599 ipso
2392 2530 2596 2583 mundi
2636 2531 2868 2585 exordio
2921 2531 3187 2601 eclipses,
3221 2535 3285 2585 ut
3311 2534 3482 2587 modo
3514 2533 3681 2595 fiunt,

2047 2617 2364 2686 eademque
2393 2616 2519 2687 lege
2562 2622 2618 2672 et
2667 2618 2868 2673 ordine
2901 2622 2956 2673 et
2987 2637 3227 2675 numero
3262 2620 3512 2688 ﬁebant;
3544 2626 3601 2675 et
3631 2619 3681 2675 si

2047 2704 2287 2775 Keplero
2318 2707 2594 2775 creditur,
2624 2708 2708 2762 sol
2741 2708 2865 2779 ipse
2915 2707 3043 2762 fons
3090 2707 3239 2762 lucis
3288 2712 3343 2763 et
3391 2709 3677 2764 bonorum

2047 2788 2331 2862 omnium,
2366 2794 2568 2847 mundi
2619 2796 2822 2850 oculus
2853 2796 3169 2862 beneﬁcus,
3203 2798 3473 2851 conditus
3501 2802 3589 2852 est
3620 2798 3677 2853 in

2045 2881 2247 2951 eclipsi
2307 2883 2569 2950 subjecta
2618 2882 2758 2938 luna
2788 2885 2846 2938 in
2881 2884 3066 2956 primo
3124 2886 3306 2955 gradu
3362 2884 3586 2951 Cancri,
3618 2887 3677 2941 in

2045 2970 2244 3024 aestivo
2268 2969 2515 3025 solstitio
2539 2971 2739 3026 multis
2758 2973 2953 3026 Africae
2975 2974 3311 3044 regionibus
3334 2973 3474 3029 solis
3508 2992 3679 3046 aspe-

2046 3061 2203 3112 ctum
2236 3058 2586 3129 impediente
2613 3077 2625 3113 :
2649 3060 2782 3130 quis
2816 3060 2896 3114 ita
2926 3062 3184 3116 sentiens
3216 3063 3411 3117 credat
3432 3063 3679 3133 eclipses

2046 3145 2266 3210 noxias,
2288 3151 2344 3199 et
2364 3147 2544 3201 solem
2569 3148 2761 3218 ipsum
2784 3148 2843 3202 in
2869 3154 3031 3204 tanta
3061 3149 3151 3204 sui
3175 3155 3231 3204 et
3254 3153 3457 3205 mundi
3482 3150 3677 3206 infeli-

2045 3234 2215 3287 citate
2246 3234 2316 3288 ab
2349 3236 2564 3305 optimo
2597 3240 2833 3306 parente
2865 3237 2979 3291 Deo
3009 3242 3265 3293 creatum
3285 3238 3313 3292 ?

2111 3330 2224 3385 XV.
2254 3332 2413 3387 Certe
2442 3340 2570 3387 ante
2612 3333 2762 3389 bella
2805 3340 2859 3389 et
2904 3342 3093 3406 pestes
3145 3336 3361 3391 fiebant
3407 3337 3673 3407 eclipses,

2042 3421 2173 3473 ante
2188 3435 2349 3489 reges
2366 3424 2550 3490 natos,
2570 3426 2699 3476 ante
2724 3422 3153 3493 provinciarum
3178 3428 3234 3478 et
3258 3441 3569 3495 regnorum
3594 3425 3678 3479 di-

2038 3505 2317 3559 visionem
2344 3508 2401 3561 in
2425 3508 2523 3563 illa
2554 3510 3122 3566 antediluvianorum
3155 3511 3540 3583 longaevitate,
3575 3530 3676 3583 pa-

2037 3610 2099 3649 ce
2121 3599 2177 3649 et
2198 3596 2443 3650 sanitate
2465 3602 2582 3651 tam
2613 3599 2892 3654 diuturna
2922 3601 3168 3671 eclipses
3200 3601 3435 3667 ﬁebant,
3460 3606 3514 3656 et
3535 3606 3676 3656 tunc

2037 3687 2202 3737 erant
2250 3684 2609 3740 innocentes.
2648 3687 2805 3742 Unde
2838 3692 2893 3742 et
2924 3690 3159 3758 quando
3195 3690 3374 3743 noxiae
3402 3706 3525 3744 esse
3557 3708 3670 3744 cm-

2035 3773 2294 3841 perunt?
2327 3773 2477 3827 unde
2510 3773 2799 3845 malignos
2830 3776 3107 3847 influxus,
3141 3794 3288 3848 quos
3318 3783 3522 3849 postea
3548 3782 3668 3834 tam

2032 3860 2364 3932 frequentes
2391 3862 2684 3932 afﬂarunt,
2718 3881 2984 3934 accepere
3007 3866 3033 3919 ‘I

2098 3958 2294 4013 Prima
2322 3960 2608 4029 omnium,
2642 3978 2765 4032 quae
2797 3961 2857 4015 in
2886 3965 3081 4016 Graeca
3111 3961 3358 4017 historia
3387 3964 3672 4019 describi-

2027 4051 2125 4102 tur
2172 4047 2402 4118 eclipsis
2453 4049 2615 4112 solis,
2649 4054 2882 4104 narrata
2911 4051 2980 4104 ab
3012 4051 3282 4106 Herodot.
3319 4051 3356 4108 l.
3390 4052 3432 4121 Ι,
3467 4052 3668 4109 Medos

2028 4140 2083 4190 et
2114 4136 2300 4207 Lydos
2332 4141 2657 4207 pugnantes
2702 4139 2922 4193 invenit
2950 4144 3007 4193 et
3035 4139 3381 4194 conciliavit.
3415 4140 3668 4196 Alexan-

2028 4226 2130 4279 dro
2165 4225 2522 4281 faustissima
2546 4227 2655 4281 fuit
2674 4227 2909 4297 eclipsis
2940 4228 3112 4297 lunae,
3138 4246 3263 4298 quae
3284 4235 3417 4284 ante
3440 4235 3666 4300 postre-

2027 4329 2184 4367 mam
2216 4316 2340 4384 ejus
2373 4316 2442 4369 de
2474 4316 2646 4370 Dario
2676 4317 2974 4372 victoriam
2999 4318 3259 4389 contigit.
3291 4318 3514 4372 Profuit
3541 4319 3662 4373 Cae-

2027 4403 2139 4457 sari
2176 4403 2315 4458 solis
2361 4403 2462 4457 illa
2512 4421 2635 4474 qua:
2685 4405 2738 4457 in
2790 4406 3038 4461 transitu
3066 4405 3399 4476 Rubiconis,
3434 4406 3559 4460 alea
3588 4408 3660 4461 de

2025 4490 2271 4562 imperio
2321 4492 2621 4546 retinendo
2665 4494 2845 4563 jacta,
2871 4493 3019 4547 facta
3050 4497 3157 4558 est,
3188 4494 3251 4563 [P
3279 4494 3403 4565 507]
3439 4495 3508 4548 de
3540 4510 3657 4565 qua

277 4563 550 4614 natorem
601 4561 803 4632 eclipsi
845 4566 988 4623 solis
1035 4570 1323 4639 territum,
1357 4574 1416 4628 in
1449 4576 1639 4630 medio
1668 4557 1917 4632 victoriae
1948 4557 1995 4618 Ῑ)
2023 4557 2127 4633 Dio
2159 4579 2197 4633 l.
2232 4597 2305 4645 IV,
2338 4581 2559 4635 Profuit
2590 4584 2645 4635 et
2666 4557 2771 4635 illa
2802 4557 2927 4651 quis
2956 4557 3346 4638 Pharsalicam
3386 4557 3651 4653 pugnam

273 4661 458 4700 cursu
493 4663 687 4705 moras
719 4653 1069 4724 trahentem,
1103 4658 1405 4731 chlamyde
1452 4662 1710 4727 involvit,
1740 4668 1793 4719 et
1826 4665 1912 4718 in-

272 4736 599 4806 terrogavit
628 4756 702 4793 an
737 4743 876 4813 quid
901 4761 968 4799 ex
997 4761 1063 4801 eo
1091 4747 1377 4805 velamine
1408 4750 1651 4806 sentiret
1689 4752 1912 4808 incom-

276 4822 457 4888 modi,
512 4841 696 4896 eoque
753 4838 1002 4902 negante
1061 4834 1244 4890 ullum
1287 4854 1349 4891 se
1397 4840 1673 4908 sensisse,
1716 4841 1915 4896 docuit

272 4909 503 4965 nullum
531 4915 723 4985 majus
745 4934 778 4972 a
799 4918 918 4974 sole
948 4938 1049 4991 per
1078 4921 1277 4979 lunam
1309 4925 1710 4997 interpositam
1729 4928 1911 4985 velato

269 4999 605 5057 timendum
639 5020 787 5075 esse,
820 5013 880 5063 et
913 5011 1083 5078 paulo
1141 5014 1372 5084 quidem
1421 5016 1613 5085 majus
1644 5032 1772 5072 esse
1795 5035 1909 5073 cce-

268 5084 391 5141 lum
435 5091 485 5144 ei
537 5092 938 5153 diuturniores
971 5100 1088 5154 fore
1118 5103 1411 5171 tenebras,
1445 5084 1543 5159 sed
1576 5106 1757 5161 solem
1796 5124 1910 5161 non

272 5176 467 5232 multo
521 5186 652 5246 post
697 5200 804 5240 suo
865 5187 1161 5257 splendori
1210 5192 1337 5246 sine
1384 5191 1496 5248 alio
1542 5193 1913 5251 incommodo

270 5263 571 5321 redditum
631 5269 742 5339 iri;
806 5276 962 5342 quod
1022 5293 1155 5332 cum
1200 5279 1419 5335 factum
1467 5286 1641 5347 esset,
1674 5299 1908 5340 cursum

270 5348 479 5407 classis
517 5355 741 5413 felicem
773 5367 943 5417 nacta
974 5369 1085 5419 est.

338 5446 464 5539 Non
518 5451 592 5506 ita
636 5455 835 5513 Nicias
867 5466 969 5516 aut
996 5462 1204 5520 doctus
1233 5469 1333 5520 aut
1362 5465 1518 5530 felix,
1552 5469 1652 5539 qui
1683 5470 1769 5525 vel
1801 5470 1909 5526 im-

264 5536 475 5629 peritia
505 5540 591 5629 vel
620 5547 1040 5615 superstitione
1080 5552 1152 5607 ab
1199 5554 1400 5625 eclipsi
1450 5536 1601 5610 luna:
1649 5559 1907 5629 territus,

262 5621 482 5685 veritus
533 5627 780 5688 classem
827 5641 992 5704 portu
1049 5621 1493 5707 educere,'717
1532 5647 1639 5699 sibi
1669 5650 1911 5718 suisque

2022 4667 2353 4738 przecessit;
2387 4686 2509 4735 quae
2534 4669 2581 4723 si
2605 4670 2874 4740 Pompeio
2907 4670 3136 4725 funesta
3165 4670 3514 4739 dicitur,cur
3535 4687 3646 4726 non

2021 4771 2183 4825 aeque
2213 4757 2418 4811 Caesari
2446 4758 2741 4813 fortunata
2771 4759 3013 4813 dicenda
3042 4759 3177 4815 est?

2090 4852 2215 4907 Non
2264 4853 2475 4908 occidit
2521 4857 2848 4927 Augustum
2881 4855 3114 4926 eclipsis
3147 4856 3317 4925 lunae,
3348 4873 3475 4926 quas
3508 4872 3650 4927 qua-

2022 4940 2292 5012 draginta
2308 4947 2439 5013 post
2455 4944 2580 5013 ejus
2600 4953 2844 5001 mortem
2868 4947 3074 5001 diebus
3096 4945 3219 5001 visa
3245 4949 3360 5013 est;
3387 4946 3502 5000 imo
3525 4947 3653 5015 ejus

2022 5029 2326 5085 occasione
2374 5032 2627 5103 Drusus:
2650 5034 2992 5089 rebellantes
3027 5034 3083 5088 in
3113 5035 3413 5088 Pannonia
3443 5033 3653 5088 Roma-

2023 5134 2129 5173 nas
2189 5119 2440 5187 legiones
2474 5122 2544 5175 ad
2581 5122 2754 5176 {idem
2783 5127 2838 5177 et
2869 5122 3214 5193 obsequium
3249 5121 3559 5176 revocavit.
3590 5121 3657 5175 Et

2022 5207 2073 5261 si
2105 5208 2237 5276 quis
2270 5209 2566 5265 advertere
2594 5210 2752 5278 velit,
2785 5211 2981 5281 plures
3013 5212 3157 5266 forte
3189 5228 3321 5265 cum
3350 5210 3656 5265 eventibus

2020 5296 2334 5351 fortunatis
2390 5315 2563 5367 quam
2595 5317 2724 5355 cum
2756 5301 3011 5356 sinistris
3041 5301 3285 5370 eclipses
3314 5300 3657 5369 conjunctae

2020 5385 2369 5441 numerabit.

2093 5474 2152 5527 In
2189 5473 2318 5529 fatis
2350 5476 2579 5531 Romuli
2613 5480 2906 5550 prosperis
2946 5481 3002 5533 et
3048 5477 3218 5533 Urbis
3249 5475 3519 5532 felicitate
3549 5491 3651 5546 po-

2019 5560 2143 5615 sitas
2176 5566 2313 5616 sunt
2351 5562 2595 5634 eclipses
2627 5568 2752 5620 dum
2787 5568 3025 5631 solares,
3058 5567 3114 5620 in
3148 5568 3428 5635 conceptu
3488 5563 3648 5618 illius

2019 5667 2154 5721 una,
2189 5652 2244 5704 in
2294 5651 2469 5720 hujus
2522 5654 2917 5709 fundamentis
2948 5655 3096 5709 718
3128 5654 3307 5709 altera
3336 5652 3423 5706 vel
3457 5652 3643 5707 invec-
