4122 6272
419 324 561 378 1175
1442 338 1503 385 Ρ.
1547 336 1817 389 POSSINI
1857 336 2105 390 OBSER‘

2220 336 2463 390 ’IONUM
2502 339 2634 390 LIB.
2677 341 2775 393 III.
3660 336 3809 391 1176

422 449 494 500 tae
523 446 612 501 vel
644 448 895 501 afflictas.
926 453 1003 501 Ita
1032 451 1302 506 videlicet
1332 454 1670 511 innocentes
1703 457 1980 527 ecclipses
2008 460 2063 511 et
2089 458 2143 522 Α
2250 458 2396 511 719
2430 462 2508 512 Ex
2536 459 2711 513 dictis
2772 458 3117 527 intelligitur
3173 475 3300 530 quae
3359 459 3503 513 ﬁdes
3532 458 3812 515 habenda

428 535 835 589 inditferentes
872 536 1143 592 habitatas
1194 549 1353 610 sunt,
1405 549 1468 597 ut
1515 544 1647 598 aliis
1677 546 1902 610 faustae,
1937 545 2067 599 aliis
2169 545 2247 599 sit
2275 546 2703 615 astrologorum
2747 548 2900 615 genti
2944 548 3099 601 circa
3149 548 3456 617 eclipsium
3504 547 3805 603 diritatem

438 623 622 677 noxia;
656 629 711 677 et
741 624 1030 679 malorum
1062 633 1405 697 praenuntiae
1437 632 1807 699 viderentur;
1857 635 1937 687 ita
1968 650 2067 687 eas
2171 637 2228 687 et
2256 634 2570 688 eﬂ'ectuum
2604 651 2671 688 ex
2712 636 2781 689 iis
2818 634 3300 706 consequentium
3352 636 3805 705 malignitatem.

438 711 685 782 quisque
718 713 787 766 ad
822 730 929 767 sua
958 721 1087 769 vota
1118 721 1420 774 convertit.
2170 726 2315 776 Sunt
2347 722 2446 793 qui
2478 722 2771 779 maleﬁcas
2799 741 2998 779 earum
3031 725 3180 778 vires
3211 723 3521 794 provinciis
3553 730 3608 779 et
3638 726 3803 779 urbi-

2173 811 2283 865 bus
2344 812 2672 882 specialiter
2729 814 3051 879 ascribunt,
3111 818 3168 867 et
3221 814 3523 867 duodecim
3581 814 3805 868 zodiaci

2176 901 2361 969 signis
2412 901 2469 954 in
2521 909 2771 972 quatuor
2817 904 3168 973 quadrantes
3219 902 3551 956 distributis
3600 918 3808 957 nocere

2175 990 2385 1041 volunt
2404 989 2648 1058 eclipses
2679 991 2749 1043 iis
2785 990 3073 1061 praecipue
3103 990 3307 1043 mundi
3349 990 3634 1060 partibus,
3681 1008 3807 1060 qua:

2179 1078 2455 1147 subjectae
2502 1084 2641 1132 sunt
2670 1078 2838 1149 signo
2868 1080 3040 1147 cujus
3072 1078 3131 1131 in
3160 1078 3393 1147 regione
3422 1077 3658 1149 eclipsis
3688 1080 3809 1146 ﬁat,

2179 1173 2235 1221 et
2263 1168 2573 1222 eli'ectuum
2600 1169 2739 1221 vitia
2761 1184 2862 1238 pro
2893 1167 3127 1238 eclipsis
3151 1166 3554 1238 magnitudine
3583 1168 3653 1222 ad
3682 1168 3810 1237 plu-

2183 1272 2273 1308 res
2306 1271 2536 1309 menses
2561 1261 2737 1324 atque
2767 1256 2943 1308 etiam
2974 1270 3160 1308 annos
3187 1254 3523 1308 extendunt.

2253 1351 2402 1404 Sunt
2457 1351 2553 1419 qui
2610 1351 2666 1403 in
2726 1349 3043 1419 eclipsibus
3104 1350 3387 1403 rationem
3442 1349 3810 1419 planetarum

2183 1438 2535 1508 praecipuam
2574 1437 2769 1491 haberi
2797 1436 3023 1501 volunt,
3058 1443 3113 1491 et
3145 1438 3215 1492 iis
3275 1436 3526 1491 maxime
3570 1436 3820 1491 homini-

2182 1526 2294 1580 bus
2327 1526 2514 1580 labem
2548 1526 2869 1579 timendam
2902 1525 3215 1591 afﬁrmant,
3252 1541 3504 1595 quorum
3553 1524 3609 1578 in
3643 1526 3814 1578 horo-

509 834 708 888 MuItae
766 834 1145 892 luminarium
1191 841 1541 898 defectiones
1599 847 1881 897 annotataz
1932 848 2072 898 sunt

445 924 733 977 mortibus
776 923 1215 994 imperatorum,
1262 930 1458 999 plures
1491 936 1619 1001 post
1650 937 1893 986 mortem
1928 936 1984 985 et
2011 932 2068 985 in

442 1012 693 1065 exordiis
752 1013 941 1066 notari
1002 1020 1359 1083 potuerunt;
1394 1019 1593 1073 multa:
1654 1023 2076 1089 praecesserunt

441 1100 637 1153 clades
670 1116 1007 1169 regnorum,
1041 1103 1348 1159 vasistates
1380 1107 1749 1177 populorum,
1785 1107 2072 1161 bellorum

443 1192 501 1243 et
532 1190 867 1241 morborum
931 1192 1267 1259 perniciem,
1302 1194 1497 1263 plures
1541 1202 1859 1249 consecutae
1891 1201 2029 1249 sunt
2060 1210 2073 1247 :

444 1282 621 1345 atque
656 1282 719 1328 ut
749 1284 1172 1346 consequentes
1213 1297 1401 1335 causa:
1434 1300 1547 1337 non
1580 1284 1855 1337 dicantur
1893 1284 2077 1337 bono-

444 1379 575 1417 rum
611 1380 734 1434 quze
767 1365 983 1419 finibus
1037 1366 1325 1423 malorum
1376 1387 1602 1425 annexa
1633 1376 1791 1436 sunt,
1850 1374 1926 1426 ita
1974 1387 2079 1425 nec

441 1453 835 1522 praecedentes
869 1453 1067 1508 haberi
1093 1456 1305 1511 debent
1332 1459 1515 1513 fontes
1543 1459 1831 1513 malorum
1867 1460 1951 1514 vel
1987 1459 2080 1512 in-

444 1541 621 1606 dices,
667 1541 715 1595 si
748 1558 874 1610 quae
899 1558 1031 1596 cum
1065 1544 1182 1599 illis
1232 1552 1602 1601 concurrant.
1637 1548 1806 1602 Medii
1842 1552 1977 1601 sunt
2019 1547 2080 1601 hi

441 1628 825 1683 luminarium
857 1631 1115 1685 defectus
1146 1633 1300 1687 inter
1324 1637 1472 1688 bona
1492 1640 1549 1689 et
1577 1636 1730 1690 mala
1755 1653 1945 1689 rerum
1974 1635 2077 1689 hu-
2184 1630 2357 1683 scopo
2410 1614 2491 1683 [P°
2541 1614 2667 1682 508]
2715 1613 2890 1667 ﬁdem
2923 1613 3023 1682 qni
3075 1612 3392 1683 θθίίρδίδυε
3436 1611 3815 1666 dominantur

442 1733 791 1782 manarum;
828 1718 1020 1773 nullos
1056 1720 1111 1771 in
1145 1736 1243 1775 eas
1285 1722 1542 1776 influxus
1570 1724 1827 1791 habent;
1862 1739 2082 1777 conne-

2224 1701 2448 1767 lanetae,
2470 1701 2791 1771 praesertim
2823 1702 2872 1755 si
2904 1700 3273 1771 malignioris
3306 1704 3528 1755 natura:
3557 1704 3717 1764 sunt,
3752 1703 3818 1752 ut

445 1809 684 1859 ctuntur
732 1805 968 1875 quidem
1001 1824 1134 1861 cum
1166 1808 1305 1874 illis,
1340 1813 1439 1864 sed
1473 1829 1637 1882 casu,
1669 1829 1783 1867 non
1816 1787 2073 1866 efﬁcien-
2105 1806 2153 1871 B
2188 1789 2340 1882 Mars
2373 1793 2429 1842 et
2458 1793 2782 1882 Satur9u_3r_
2814 1794 2871 1843 et
2922 1805 2955 1841 ³
3001 1788 3162 1882 δοξηῇ
3193 1787 3414 1843 venere
3444 1792 3500 1842 et
3529 1787 3817 1842 Mercurio

446 1893 548 1959 tia,
585 1909 745 1948 mera
775 1894 1194 1967 contingentia,
1227 1914 1341 1952 non
1377 1899 1744 1955 necessitate.

527 2018 877 2073 Necessaria:
901 2024 1040 2073 sunt
1061 2036 1265 2075 omnes
1282 2021 1569 2093 ecclipses
1600 2022 1743 2077 solis
1764 2028 1819 2077 et
1842 2024 2012 2089 lunae,
2037 2027 2093 2077 et

461 2106 806 2163 necessariis
827 2106 1147 2163 intervallis
1169 2110 1479 2177 distinctae,
1514 2112 1791 2166 ordinatae
1816 2111 1968 2166 inter
1998 2127 2092 2165 se-

463 2213 543 2263 se,
573 2200 629 2251 et
658 2196 736 2250 ita
768 2196 1199 2266 quodammodo
1221 2202 1605 2253 concatenata
1641 2203 1703 2252 ut
1734 2200 1849 2253 sint
1882 2198 2093 2253 infalli-

466 2286 613 2340 biles
643 2290 698 2339 et
728 2286 1093 2341 inevitabiles
1120 2288 1391 2354 ;humani
1420 2294 1614 2342 autem
1653 2305 1847 2357 casus,
1878 2293 2095 2359 pestes,

469 2374 642 2441 bella,
674 2379 890 2430 mortes
922 2375 1250 2447 principum
1299 2377 1465 2445 plane
1516 2378 1881 2448 contigentes
1922 2382 1977 2431 et
2007 2393 2098 2431 so-

468 2464 605 2518 lutae
634 2464 926 2518 cohaerent
949 2465 1347 2519 accidentibus
1370 2473 1426 2519 et
1451 2466 1936 2533 circumstantiis,
1973 2482 2097 2537 quae

473 2560 538 2606 ut
566 2569 634 2605 ex
659 2551 966 2606 hominum
999 2551 1181 2607 libera
1209 2553 1504 2607 voluntate
1536 2558 1593 2607 et
1623 2553 1861 2608 fortuito
1899 2570 2100 2608 causa-

472 2660 603 2697 rum
635 2658 923 2696 concursu
976 2643 1231 2713 pendent
1279 2642 1357 2697 ita
1414 2644 1723 2698 mutationi
1754 2650 1889 2699 sunt
1921 2645 2103 2699 obno-

471 2732 599 2796 xiee,
632 2736 688 2785 et
722 2729 1003 2785 anteverti
1036 2730 1119 2785 vel
1155 2731 1425 2801 impediri
1450 2738 1717 2803 possunt.
1752 2733 1936 2796 Quam
1971 2747 2106 2802 ergo

474 2821 863 2889 incongruum
894 2823 950 2873 et
980 2818 1315 2874 irrationale
1372 2820 1558 2875 facere
1608 2838 1699 2876 res
1748 2820 2107 2877 necessarias

477 2916 532 2964 et
563 2907 958 2963 immutabiles
1007 2925 1216 2964 causas
1265 2910 1576 2965 efi‘ectuum
1612 2910 2023 2981 contigentium
2056 2913 2112 2964 et

480 2997 855 3052 mutabilium
873 2996 901 3051 ‘P

546 3112 681 3168 XVI.
705 3112 845 3166 Tam
879 3112 1043 3166 facile
1064 3113 1177 3167 dici
1205 3115 1399 3182 posset
1423 3116 1617 3165 ortum
1652 3111 1793 3167 solis
1818 3115 1918 3166 aut
1947 3127 2113 3167 occa-

480 3216 613 3256 sum
636 3200 785 3254 lunae
808 3215 1043 3253 causam
1067 3215 1193 3253 esse
1215 3198 1548 3268 jurgiorum
1571 3204 1627 3253 et
1647 3200 2110 3270 contentionum,

483 3306 606 3359 qua:
650 3287 737 3342 vel
762 3286 1019 3340 interdiu
1051 3285 1138 3340 vel
1168 3290 1340 3340 noctu
1368 3288 1738 3358 contingunt,
1772 3304 1948 3358 quam
1973 3287 2109 3342 ecli-

484 3394 615 3449 pses
675 3375 1010 3429 morborum
1073 3378 1130 3428 et
1186 3375 1609 3443 calamitatum,
1642 3392 1769 3445 quae
1803 3382 1935 3447 post
1980 3375 2113 3430 illas

485 3467 651 3519 ﬁunt.
674 3464 847 3517 Certe
868 3462 1233 3533 aaquinoctiis
1265 3469 1321 3516 et
1354 3462 1643 3527 solstitiis,
1670 3480 1793 3534 quae
1820 3468 2024 3533 quater
2054 3463 2111 3518 in

484 3569 638 3608 anno
661 3552 785 3622 lege
808 3556 965 3605 certa
988 3550 1136 3605 ﬁunt
1168 3551 1217 3605 ei
1245 3556 1575 3621 temporum
1606 3551 1755 3607 vices
1794 3569 1903 3607 sua
1933 3552 2113 3607 diver-

484 3642 652 3696 silate
682 3641 932 3694 formant
954 3644 1006 3693 et
1033 3639 1426 3709 distinguunt,
1472 3656 1647 3695 causa
1677 3645 1874 3710 posset
1902 3640 2115 3695 ascribi

483 3746 587 3785 cur
636 3733 826 3799 pestes
858 3733 914 3782 et
943 3726 1113 3796 bella,
1149 3744 1253 3781 cur
1283 3728 1478 3783 clades
1512 3745 1822 3800 regnorum
1857 3737 1911 3781 et
1958 3729 2117 3782 sedi-

482 3818 671 3872 tiones
694 3814 1042 3887 populorum
1065 3816 1352 3871 eveniant.
1373 3816 1513 3870 Tam
1539 3817 1875 3871 innocentes
1899 3816 2117 3871 baben-

485 3907 570 3961 dze
601 3913 737 3960 sunt
771 3902 1214 3971 conjunctiones
1245 3904 1387 3958 solis
1417 3909 1471 3957 et
1505 3903 1658 3957 lunae
1691 3904 2117 3959 defectionibus

483 3993 762 4061 obnoxiae,
796 4008 969 4062 quam
1003 4008 1132 4062 quae
1162 3996 1297 4045 sunt
1326 3992 1396 4045 ab
1444 3992 1527 4045 eis
1560 3992 1874 4047 immunes.
1912 3993 2120 4047 Omnia

484 4081 722 4152 quidem
747 4078 1070 4149 plenilunia
1096 4084 1151 4133 et
1175 4078 1471 4133 novilunia
1494 4096 1737 4149 magnas
1758 4082 2038 4135 invehunt
2061 4082 2116 4135 in

489 4169 689 4223 orbem
722 4167 1101 4231 mutationes,
1161 4166 1262 4220 sed
1314 4168 1675 4221 necessarias
1706 4177 1758 4221 et
1790 4169 1860 4221 ad
1895 4168 2119 4223 felicem

488 4255 692 4311 mundi
723 4258 946 4309 statum
1000 4254 1295 4323 sapienter
1324 4270 1358 4307 a
1387 4254 1502 4308 Deo
1531 4256 1817 4310 ordinata.
1850 4256 1982 4324 Ver,
2015 4273 2122 4312 aes-

488 4350 603 4410 tas,
634 4349 976 4409 autumnus,
1008 4342 1195 4396 hiems
1218 4357 1285 4396 ex
1306 4342 1447 4396 solis
1469 4348 1523 4397 et
1544 4342 1693 4397 lunae
1717 4344 1959 4398 diversis
1986 4361 2122 4399 con-

492 4432 859 4488 versionibus
888 4430 1178 4499 oriuntur,
1224 4435 1281 4485 et
1326 4430 1397 4484 iis
1438 4417 1779 4485 necessariis
1813 4433 1880 4486 ad
1912 4437 2123 4503 tempo-

2194 1877 2279 1931 vis
2310 1893 2508 1932 eorum
2542 1876 2825 1932 maleﬁcia
2859 1894 2970 1931 non
3002 1876 3374 1947 refringatur.

2266 1976 2409 2028 Sunt
2440 1974 2539 2044 qui
2599 1991 2699 2044 pro
2760 1974 2934 2029 variis
2992 1974 3305 2028 domnibus
3348 1972 3705 2035 ccelestibus,
3765 1971 3827 2025 in

2200 2062 2416 2133 quibus
2446 2062 2691 2131 eclipses
2724 2063 2891 2129 ﬁunt,
2924 2063 3299 2133 distinguunt
3330 2060 3617 2115 malorum
3671 2059 3833 2114 varia

2206 2167 2417 2223 genera
2447 2166 2851 2221 personarum,
2886 2151 3103 2221 quibus
3160 2165 3226 2204 ea
3284 2150 3436 2203 mala
3467 2149 3832 2219 impendent.

2204 2243 2267 2294 In
2301 2256 2454 2293 nona
2484 2239 2654 2292 domo
2686 2238 3179 2308 signiﬁcationem
3229 2236 3585 2291 seditionum
3617 2242 3673 2291 et
3706 2254 3836 2290 mu-

2205 2328 2454 2382 tationes
2486 2326 2832 2397 religionum
2867 2327 2991 2381 ﬁeri
3022 2331 3325 2383 asserunt:
3362 2326 3418 2379 in
3442 2326 3653 2396 quinta
3674 2341 3839 2395 agro-

2208 2432 2336 2470 rum
2371 2414 2730 2481 sterilitates,
2764 2416 2942 2468 fames
2975 2418 3031 2468 et
3060 2419 3255 2485 pestes
3288 2415 3577 2484 portendi,
3630 2413 3838 2467 aulicis

2210 2504 2450 2558 fortunae
2480 2502 2755 2566 ludibria,
2780 2502 3215 2573 praegnantibus
3248 2502 3480 2556 feminis
3517 2507 3719 2571 partus
3748 2500 3841 2555 in-

2208 2591 2541 2647 felicitatem
2584 2590 2869 2656 nuntiari;
2902 2592 2960 2645 in
3009 2595 3218 2661 quarta
3274 2591 3447 2645 domo
3499 2590 3751 2644 Saturno
3782 2596 3841 2643 et

2213 2681 2396 2735 Marte
2426 2697 2559 2735 cum
2617 2680 2817 2751 eclipsi
2867 2680 3349 2734 convenientibus
3395 2679 3703 2734 vastitates
3734 2696 3839 2732 ur-

2215 2769 2376 2823 bium
2426 2774 2483 2823 et
2537 2768 2910 2823 dominorum
2967 2768 3348 2822 mutationem
3399 2767 3742 2838 signiﬁcari.
3778 2768 3843 2821 Et

2215 2858 2336 2912 haec
2368 2857 2624 2928 quidem,
2657 2856 2885 2926 aliaque
2917 2870 3031 2910 non
3063 2854 3326 2921 meliora,
3357 2859 3519 2909 tanta
3550 2854 3845 2910 conﬁden-

2216 2947 2298 3001 tia
2328 2946 2563 3017 quidam
2596 2944 2996 3016 pronuntiant,
3030 2943 3198 3015 quasi
3231 2949 3385 2998 certo
3418 2946 3615 2997 futura
3630 2948 3838 3007 essent,

2219 3039 2276 3088 et
2305 3038 2423 3088 tam
2453 3038 2619 3088 certm
2650 3048 2850 3087 eorum
2883 3049 3071 3086 causae
3123 3031 3195 3086 iis
3244 3033 3585 3099 creduntur,
3620 3037 3689 3085 ut
3721 3047 3843 3100 per-

2226 3138 2400 3178 sonas
2431 3122 2606 3177 etiam
2638 3120 2965 3193 singulares
2996 3135 3159 3187 sexu,
3193 3120 3553 3190 professione
3583 3123 3641 3174 et
3672 3118 3856 3189 digni-

2225 3216 2340 3265 tate
2390 3209 2640 3279 aliisque
2671 3209 2922 3280 propriis
2953 3207 3390 3263 conditionibus
3439 3208 3771 3278 designent,
3804 3212 3860 3262 et

2220 3300 2365 3371 ipsis
2394 3298 2733 3353 nominibus
2763 3295 3079 3368 appellare,
3121 3297 3170 3351 si
3222 3302 3345 3351 tuto
3378 3302 3637 3367 possent,
3673 3297 3857 3367 proﬁ-

2219 3392 2471 3443 teantur.

2293 3486 2467 3539 XVII.
2501 3484 2561 3539 In
2593 3483 2701 3539 hoc
2731 3499 2940 3555 genere
2972 3483 3345 3554 praeﬁdentiaa
3392 3487 3591 3555 peccat
3636 3483 3698 3536 in
3731 3482 3855 3552 pri-

2223 3576 2335 3631 mis
2363 3574 2689 3646 Cyprianus
2711 3573 2998 3628 Leovitius
3027 3572 3085 3627 in
3118 3572 3507 3641 descriptione
3536 3576 3591 3627 et
3623 3571 3855 3642 pictura

2220 3663 2512 3733 eclipseon
2562 3678 2689 3731 quae
2736 3662 2805 3715 ab
2854 3677 3004 3715 anno
3037 3662 3172 3715 1554
3205 3676 3390 3729 usque
3420 3661 3490 3713 ad
3524 3659 3663 3713 1605
3711 3676 3855 3713 con—

2222 3753 2500 3822 tigerunt,
2535 3750 2631 3804 ubi
2663 3766 2862 3804 earum
2891 3749 3377 3819 signiﬁcationem
3425 3748 3596 3818 plane
3641 3763 3855 3802 secun-

2224 3841 2360 3894 dum
2395 3838 2623 3909 regulas
2656 3837 2981 3909 astrologiae
3000 3837 3333 3906 judiciaria:
3363 3836 3660 3892 describit.
3689 3836 3853 3902 Quod

2223 3934 2279 3983 et
2310 3932 2587 3999 praestant
2617 3930 2745 3997 post
2775 3925 3151 3981 Ptolemaeum
3175 3926 3496 3991 Cardanus,
3520 3926 3853 3994 Junctinus,

2226 4017 2535 4087 Origanus,
2567 4020 2621 4070 et
2650 4014 2747 4069 alii
2778 4014 3215 4085 ephemeridum
3252 4014 3591 4085 scriptores,
3622 4019 3690 4068 ut
3713 4014 3855 4069 artis

2219 4104 2545 4175 judiciariae
2614 4103 2974 4174 professores
3049 4102 3304 4172 plerique
3360 4118 3584 4157 omnes.
3643 4105 3855 4157 Contra

2227 4210 2376 4263 quos
2406 4191 2552 4247 nihil
2584 4207 2687 4262 ego
2719 4191 2913 4246 modo.
2945 4190 3209 4245 Sufﬁciat
3240 4191 3392 4260 quod
3426 4191 3497 4245 de
3540 4190 3859 4263 eclipsibus

2228 4278 2323 4333 hic
2371 4277 2765 4349 pronuntiavi,
2813 4293 2912 4332 eas
2942 4294 3009 4332 ex
3039 4277 3366 4332 necessario
3397 4281 3452 4331 et
3482 4295 3515 4331 a
3547 4282 3659 4333 Deo
3692 4278 3857 4333 ordi-

2231 4372 2366 4421 nato
2398 4366 2541 4423 solis
2571 4369 2627 4420 et
2656 4364 2807 4419 luna:
2837 4382 3083 4420 occursu
3140 4364 3226 4420 vel
3276 4364 3645 4436 appositione
3690 4366 3861 4420 inno-

2232 4455 2383 4509 centi
2406 4454 2655 4525 prodire;
2684 4469 2930 4523 quarum
2970 4456 3265 4508 auctorem
3290 4457 3572 4508 accusant
3611 4453 3651 4507 ii
3686 4452 3859 4524 impie

485 4538 618 4576 rum
668 4518 1143 4613 θοωτξῖοάίίξίθω
1172 4524 1229 4573 et
1258 4519 1566 4613 hominm?
1602 4519 1962 4588 feliCitatem:
1985 4538 2119 4613 fl‘m
2150 4515 2196 4579 D
2229 4542 2328 4613 qui
2361 4515 2457 4597 cas
2488 4545 2572 4597 tot
2602 4515 2892 4595 malorum
2945 4556 3155 4595 causas
3203 4540 3403 4595 haberi
3452 4540 3680 4609 volunt,
3714 4515 3856 4596 et-se

486 4625 717 4678 semper
745 4608 943 4661 eadem
998 4606 1144 4677 lege,
1197 4624 1369 4677 quam
1419 4607 1581 4663 initio
1634 4626 1827 4663 rerum
1857 4609 2121 4663 conditor

485 4696 810 4761 constituit,
837 4711 1074 4749 cursum
1111 4700 1424 4749 tenuerunt
1454 4700 1511 4750 et
1541 4696 1841 4751 tenebunt.
1869 4697 2008 4762 Quis
2026 4714 2118 4751 sa-

486 4786 652 4856 piens
683 4784 755 4837 iis
776 4782 1030 4838 ascribat
1062 4782 1408 4837 saeculorum
1430 4785 1790 4841 calamitates
1811 4785 1837 4838 ?
1868 4785 2000 4857 quis
2021 4802 2121 4840 eo-

487 4890 619 4928 rum
652 4871 1080 4941 malignitatem
1140 4870 1197 4925 in
1258 4873 1499 4927 adversa
1548 4890 1858 4943 regnorum
1888 4875 2123 4931 fortuna

490 4963 771 5016 accusat?
826 4958 959 5028 quis
1014 4958 1381 5028 proditionis,
1417 4960 1551 5031 quis
1603 4959 1753 5016 laasaa
1796 4964 2121 5033 majestatis

492 5048 893 5105 condemnat?

561 5166 921 5220 Excusentur
950 5162 1133 5233 igitur
1162 5164 1367 5233 synodi
1402 5163 1780 5220 luminiarum
1820 5165 2122 5237 eclipticaa,

492 5270 619 5325 quae
652 5270 767 5307 non
802 5251 999 5305 minus
1028 5251 1370 5304 necessariae
1422 5268 1606 5321 neque
1660 5252 1854 5306 minus
1914 5256 1978 5307 ad
2020 5256 2121 5311 bo-

492 5358 636 5397 num
694 5340 951 5395 universi
1010 5356 1042 5393 a
1098 5339 1213 5393 Deo
1271 5340 1571 5393 ordinatae.
1604 5340 1999 5397 Absolvantur
2050 5346 2121 5399 ab

490 5431 765 5501 opinione
797 5426 1219 5493 maleﬁcentie,
1266 5443 1382 5497 qua
1432 5445 1542 5482 non
1579 5430 1711 5499 plus
1740 5429 2124 5500 malignitatis

490 5518 728 5583 habent,
764 5534 885 5584 qua:
934 5531 1047 5568 non
1092 5514 1223 5583 plus
1272 5515 1481 5569 virium
1515 5518 1585 5571 ad
1624 5518 2000 5573 mutationem
2038 5537 2126 5576 ae-

494 5607 572 5660 ris
607 5610 657 5659 et
694 5605 1007 5659 humerum
1044 5603 1259 5655 sortitm
1296 5611 1450 5657 sunt.

2228 4630 2387 4701 ipsos
2417 4627 2713 4698 impietate
2762 4626 2903 4681 artis
2943 4625 3181 4681 infamis
3212 4629 3269 4681 et
3302 4625 3575 4681 humanis
3612 4626 3857 4681 divinis-

2231 4735 2340 4789 que
2370 4716 2596 4789 legibus
2629 4715 2945 4770 interdictw
2976 4714 3396 4770 contaminant.

2306 4816 2491 4869 Liceat
2547 4812 2904 4878 infidelibus,
2938 4817 3040 4867 aut
3096 4813 3232 4882 quid
3292 4814 3369 4867 sit
3424 4812 3664 4885 eclipsis
3697 4814 3861 4886 igno-

2232 4904 2521 4968 rantibus,
2559 4901 2728 4969 lunae,
2764 4904 2827 4954 ut
2855 4904 3083 4970 putant,
3116 4900 3415 4956 laboribus
3444 4901 3744 4973 cpitulari.
3779 4902 3865 4955 Li-

2231 4996 2357 5047 ceat
2414 4987 2827 5045 tintinnabulis
2885 4993 2941 5043 et
2996 4989 3125 5044 aeris
3168 5005 3312 5045 sono
3382 5006 3559 5060 quam
3616 4995 3865 5062 possunt

2230 5077 2742 5135 vehementissimo
2795 5080 3009 5130 terrere
3066 5078 3399 5145 draconem,
3434 5078 3533 5147 qui
3566 5094 3695 5133 cum
3727 5078 3867 5133 luna

2233 5168 2626 5239 congreditur.
2659 5164 2855 5220 Liceat
2884 5163 3247 5219 mulierculis
3286 5166 3441 5236 sagis
3471 5171 3527 5220 et
3557 5166 3864 5237 maleﬁcis,

2234 5275 2357 5328 quae
2386 5257 2537 5309 lunae
2572 5269 2797 5309 amores
2856 5252 3119 5307 ambiunt
3177 5258 3279 5308 aut
3326 5255 3584 5311 vendunt
3616 5256 3862 5325 favores,

2234 5362 2360 5401 eam
2395 5361 2425 5399 e
2455 5341 2709 5398 tenebris
2754 5347 3145 5411 emergentem
3190 5340 3280 5396 vel
3329 5341 3581 5397 salutare
3613 5344 3865 5399 redeun-

2234 5438 2348 5489 tem
2424 5430 2510 5485 vel
2595 5428 2955 5501 proclamare
3029 5428 3346 5485 victricem.
3403 5430 3752 5487 Christianis
3811 5436 3867 5487 et

2236 5524 2418 5578 Deum
2450 5520 2797 5583 timentibus
2827 5522 2884 5571 et
2912 5516 3158 5571 eruditis
3188 5518 3350 5572 nefas
3377 5534 3650 5574 accusare
3685 5522 3863 5575 Deum

2237 5614 2293 5666 in
2341 5610 2615 5682 Operibus
2671 5611 2789 5662 tam
2850 5605 3110 5676 praelaris
3165 5610 3222 5661 et
3277 5606 3554 5663 beneﬁcis
3610 5608 3754 5665 solis
3809 5614 3866 5665 et
