4122 6272
327 384 465 441 1177

1712 377 2326 436 CHRONOLOGICUS.

3570 354 3593 407 1
3606 346 3714 407 178

328 507 504 574 lunai,
546 507 935 562 existimando
984 511 1202 561 temere
1255 506 1405 561 120
1455 505 1708 575 synodos
1755 517 1957 557 eorum
1988 503 2041 567 Α
2086 502 2089 503 ⁷
2148 498 2290 551 721
2332 497 2517 564 Atque
2558 493 2628 545 de
2689 489 2834 560 ipsis
2892 484 3231 575 eclipsibus,
3290 496 3434 575 quas
3480 477 3714 547 gemina

332 597 511 651 etiam
560 596 863 666 eclipticas
904 595 993 649 vel
1034 594 1264 650 efﬁcere
1311 594 1399 650 vel
1432 592 1701 647 nuntiare
1730 590 1969 645 calami-

336 690 485 739 tates
534 684 691 739 orbis
744 687 1058 749 terrarum,
1097 681 1183 736 vel
1218 697 1417 737 omnes
1442 679 1534 734 vel
1568 680 1812 733 maxime
1842 694 1971 748 per-

336 772 613 829 niciosas.

411 861 521 915 Sed
556 859 753 930 negari
786 875 900 913 non
942 862 1131 929 potest
1161 858 1305 927 quin
1340 855 1505 910 multi
1541 856 1802 910 defectus
1834 853 1974 908 solis

338 954 394 1003 et
424 949 578 1002 lunae
616 963 750 1002 cum
792 946 1220 1002 calamitatibus
1246 945 1493 1015 publicis
1522 950 1579 999 et
1611 949 1793 998 morte
1817 942 1976 1012 prin-

341 1037 541 1106 cipum
596 1051 745 1104 sazpe
773 1038 1145 1089 concurrant.
1177 1034 1284 1088 Sed
1320 1033 1713 1088 conﬁtendum
1747 1046 1977 1100 quoque

349 1123 521 1193 longe
570 1122 765 1192 plures
815 1128 871 1177 et
914 1122 1162 1193 eclipses
1205 1121 1332 1176 sine
1373 1121 1445 1175 iis
1485 1120 1719 1175 casibus
1740 1124 1797 1173 et
1831 1118 1977 1173 inte-

341 1209 485 1265 lices
536 1226 731 1264 rerum
789 1215 1033 1265 eventus
1085 1209 1213 1263 sine
1266 1207 1586 1278 eclipsibus
1638 1206 1975 1276 contigisse.

343 1298 677 1353 Concursus
708 1296 1033 1352 admittitur
1063 1296 1121 1351 in
1154 1295 1472 1366 aliquibus,
1504 1293 1563 1349 in
1596 1293 1775 1348 nullis
1806 1308 1982 1347 causa

343 1386 645 1458 probatur,
700 1386 757 1439 in
805 1386 1085 1440 omnibus
1130 1383 1528 1455 cnntingentia
1574 1386 1631 1437 et
1660 1398 1854 1437 merus
1885 1398 1980 1436 ca-

347 1490 450 1529 sus
483 1474 884 1543 agnoscendus
916 1477 1025 1528 est.

413 1576 614 1631 XVIII.
665 1579 737 1630 At
783 1576 921 1646 quid
960 1575 1225 1646 prohibet
1249 1575 1431 1630 Deum
1465 1576 1535 1629 ad
1579 1574 1981 1629 incutiendum

353 1664 692 1719 nominibus
732 1681 848 1719 sua:
898 1666 1220 1735 majestatis
1253 1664 1568 1719 salutarem
1605 1663 1981 1719 reverentiam

346 1752 597 1823 eclipses
657 1752 974 1822 adbibere,
1024 1769 1240 1823 easque
1307 1752 1460 1806 velut
1508 1753 1661 1806 faces
1719 1753 1984 1805 funereas

347 1846 664 1906 ostentare,
713 1841 761 1895 si
802 1857 915 1896 non
974 1857 1203 1907 causas,
1236 1839 1442 1896 saltem
1477 1840 1835 1910 praenuntias
1862 1838 1979 1893 cla-
2010 1843 2059 1907 B

345 1929 509 1983 dium
542 1927 924 2000 generalium,
957 1933 1013 1982 et
1042 1930 1214 1983 tubas
1235 1927 1546 1993 bellorum,
1568 1928 1779 1997 quibus
1804 1943 1977 1981 mun-

344 2017 484 2071 dum
534 2017 793 2087 afﬂigere
842 2022 899 2071 et
929 2017 1214 2086 corrigere
1244 2016 1591 2071 constituit?
1622 2015 1712 2070 Nil
1743 2014 1976 2085 quidem

347 2104 403 2157 id
456 2104 577 2157 ﬁeri
629 2104 915 2173 prohibet,
962 2104 1061 2158 sed
1121 2109 1178 2158 et
1226 2102 1368 2157 nihil
1428 2106 1773 2173 persuadet;
1823 2109 1880 2158 et
1928 2102 1977 2157 si

344 2193 581 2263 quando
624 2191 681 2245 id
732 2192 884 2247 Deus
916 2192 1136 2257 fecerit,
1180 2192 1308 2260 quis
1341 2193 1552 2245 audeat
1590 2192 1710 2257 ubi,
1749 2192 1978 2259 quando

341 2286 397 2335 et
455 2280 681 2350 quoties
741 2280 895 2333 Deus
941 2280 995 2333 id
1053 2280 1269 2333 efﬁciat
1324 2278 1627 2349 proﬁteri?
1673 2279 1773 2332 Cui
1833 2280 1979 2332 Deus

345 2384 517 2422 suum
546 2386 611 2421 ea
644 2369 713 2422 de
745 2383 802 2421 re
839 2366 1148 2421 consilium
1183 2366 1436 2435 aperuit?
1469 2367 1577 2420 Res
1610 2368 1777 2436 plane
1812 2366 1978 2433 mira,

346 2472 451 2510 nec
504 2455 701 2509 divino
761 2454 1010 2509 consilio
1078 2464 1271 2518 vacat,
1326 2455 1477 2523 quod
1544 2454 1595 2505 in
1651 2462 1765 2508 tota
1818 2471 1979 2507 sacra

346 2544 641 2613 Scriptura
684 2543 901 2597 nullius
952 2541 1190 2596 omnino
1240 2541 1475 2611 eclipsis
1495 2544 1700 2594 mentio
1734 2543 1815 2606 ﬁt,
1846 2557 1976 2595 cum

357 2638 551 2686 tamen
613 2632 668 2685 in
720 2631 933 2702 pepulo
982 2630 1079 2685 Dei
1126 2646 1229 2684 nec
1263 2635 1475 2683 mortes
1508 2629 1835 2699 principum
1879 2644 1980 2683 nec

346 2720 507 2774 bella
550 2736 654 2773 nec
681 2721 1037 2773 calamitates
1066 2719 1354 2772 deessent.
1389 2717 1512 2772 Non
1545 2718 1743 2772 deerat
1770 2734 1979 2771 sensus

362 2807 750 2871 miseriarum,
805 2824 917 2860 non
968 2808 1204 2860 deerant
1231 2806 1377 2860 oculi
1402 2808 1469 2860 ad
1504 2808 1748 2875 eclipses
1780 2806 1982 2859 viden-

360 2895 466 2949 das
488 2910 619 2949 cum
660 2894 907 2965 publicis
937 2894 1198 2949 cladibus
1232 2897 1804 2963 conjunctas.Deerat
1837 2896 1981 2948 forte

358 2982 761 3047 Providentia,
818 2998 935 3036 sum
991 2982 1181 3053 gentis
1239 2981 1444 3036 salutis
1503 2982 1802 3052 negligens
1865 2996 1978 3035 non

358 3071 708 3126 admonebat
753 3070 1049 3125 attendere
1085 3076 1152 3124 ad
1205 3070 1371 3141 signa
1404 3075 1517 3124 tam
1554 3069 1825 3134 visibilis,
1856 3086 1980 3139 quae

2072 583 2483 640 dissertatione
2553 577 2927 650 epilogismis
2969 573 3244 633 deﬁnivi,
3290 572 3394 624 hoc
3470 578 3712 637 possum

2075 673 2280 728 merito
2315 668 2593 741 proﬁteri,
2624 684 2722 722 eas
2758 666 2997 719 fundare
3043 657 3397 716 solidissime
3424 653 3708 741 rationein

2076 738 2405 833 temporum
2466 756 2618 811 circa
2676 771 2796 822 quaa
2829 751 3219 822 contigerunt,
3260 762 3385 817 quae
3438 738 3711 833 sine‘illis

2077 830 2324 905 obseura
2376 846 2693 901 admodum
2742 846 2831 896 est
2879 845 2934 895 et
2986 837 3213 909 magnis
3264 830 3710 888 difﬁcultatibus

2080 937 2397 1005 implicata.
2454 932 2619 987 Unde
2678 932 2785 985 hoc
2843 930 2970 999 ipso
3030 924 3267 981 nomine
3324 920 3511 993 gratia
3559 915 3717 1005 Patri

2076 1004 2371 1079 luminum
2424 1027 2481 1076 et
2530 1018 2895 1074 immortales
2944 1014 3245 1070 habendas
3278 1025 3423 1078 reor,
3460 1006 3613 1078 quod
3646 1004 3715 1057 de

2081 1112 2337 1167 tenebris
2395 1109 2584 1164 lucem
2643 1110 2917 1178 proterat,
2949 1108 3006 1159 et
3061 1119 3129 1157 ex
3158 1099 3300 1156 solis
3346 1114 3412 1151 ac
3442 1095 3595 1149 lunae
3624 1094 3721 1147 de'

2086 1200 2432 1256 fectionibus
2478 1197 2770 1253 historicas
2818 1192 3078 1249 veritatis
3108 1190 3305 1245 lumen
3338 1187 3567 1241 educat.
3604 1182 3718 1252 Ipsi

2084 1291 2267 1361 gloria
2298 1290 2357 1344 in
2399 1288 2611 1344 saacula
2665 1285 3033 1341 saeculorum.
3082 1283 3282 1336 Amen.
3342 1278 3606 1331 Hactenus
3654 1274 3717 1326 P.

2088 1380 2395 1436 Grantami.

2718 1538 2951 1594 CAPUT
2983 1536 3075 1591 IV.

2088 1665 2372 1720 Statuitur
2398 1667 2606 1734 tempus
2636 1664 2831 1718 mortis
2864 1659 3161 1734 Theodori,
3208 1652 3579 1734 coronalionis
3610 1655 3723 1734 Pa-l

2160 1735 2405 1805 laeologi,
2460 1721 2691 1805 recepta?
2747 1752 2777 1787 e
2835 1734 3044 1787 Latinis
3103 1721 3620 1796 Cbnstantinopolis,
3678 1721 3727 1775 et

2158 1807 2550 1862 excaecationz's
2570 1806 2771 1877 pupilli
2800 1805 3048 1860 Joannis.

2164 1952 2206 2003 I.
2268 1950 2383 2004 Erit
2439 1950 2547 2004 hoc
2584 1950 2653 2003 de
2685 1965 2800 2019 quo
2826 1948 3112 2002 hactenus
3142 1949 3261 1998 tam
3296 1938 3496 1995 multis
3528 1939 3721 1991 actum

2093 2042 2202 2102 est,
2238 2036 2428 2093 solare
2458 2036 2807 2107 deliquium,
2841 2033 3163 2106 insigniens
3194 2028 3411 2085 illustri
3436 2027 3724 2081 characte-

2094 2142 2154 2180 re
2208 2124 2521 2180 articulum
2583 2126 2774 2195 ipsum
2832 2122 3134 2193 temporis,
3168 2119 3323 2174 unde
3372 2118 3574 2170 nostra
3604 2111 3724 2164 haec

2093 2213 2480 2283 proﬁciscitur
2527 2213 2792 2273 historia.
2833 2210 2961 2279 erit,
3014 2210 3278 2279 inquam,
3326 2202 3493 2259 nobis
3538 2200 3727 2254 instar

2093 2300 2205 2354 alte
2237 2300 2580 2355 collucentis
2612 2299 2774 2370 phari
2807 2304 3035 2370 portum
3070 2297 3225 2350 unde
3255 2293 3535 2347 solvimus
3559 2304 3728 2341 mou-

2092 2390 2356 2455 strantis,
2391 2405 2563 2457 quem
2597 2389 2747 2441 inter
2803 2388 3062 2441 eundum
3114 2382 3493 2453 respicientes
3536 2372 3725 2432 metiri

2093 2503 2119 2529 ε
2134 2477 2261 2528 .abii.
2286 2478 2338 2529 le
2363 2493 2667 2546 progressu
2682 2496 2707 2527 λε
2724 2495 2772 2529 m
2800 2475 2987 2545 spatia
3003 2488 3283 2543 queamus
3298 2474 3353 2524 et
3368 2483 3575 2522 cursus
3592 2463 3723 2517 uni-

2092 2563 2241 2618 versi
2292 2582 2567 2618 numeros
2612 2564 2871 2633 exsequi,
2919 2580 3032 2616 non
3065 2557 3490 2615 contemnendo
3532 2553 3616 2607 vel
3653 2551 3723 2606 ad

2091 2651 2356 2706 solatium
2394 2656 2763 2721 fructumque
2794 2650 2972 2705 animi
2999 2648 3084 2703 vel
3117 2648 3184 2703 ad
3218 2645 3429 2701 erroris
3464 2657 3724 2713 praecau-

2090 2740 2305 2794 tionem
2360 2756 2488 2793 usu.
2543 2741 3007 2810 Experimentum
3060 2753 3264 2807 capere
3297 2734 3549 2804 primum
3584 2730 3727 2783 libet

2089 2826 2148 2881 in
2198 2828 2484 2881 Theodori
2521 2835 2704 2882 morte
2753 2832 2809 2881 et
2841 2826 2999 2896 regni
3033 2826 3243 2896 spatio,
3277 2824 3347 2876 de
3380 2822 3593 2891 quibus
3628 2834 3719 2871 ac-

2091 2915 2506 2969 curatissimus
2561 2916 2897 2985 Acr0polita
2952 2914 3037 2969 sic
3075 2913 3361 2982 scriptum
3396 2906 3635 2977 reliquit
3667 2904 3727 2959 in

2090 3004 2228 3057 Hist.
2277 3003 2438 3072 p.85
2494 3004 2583 3057 ed.
2617 3007 2778 3074 Reg.:
2840 3002 3078 3060 Ἐκεῖνος
3113 3000 3204 3071 μὲν
3259 2995 3348 3051 οὖν
3407 2994 3545 3048 οὕτω
3603 2992 3731 3066 βιώ·

2092 3110 2204 3159 σας,
2256 3088 2343 3141 καὶ
2398 3091 2563 3159 μήπω
2619 3089 2781 3151 ὅλους
2830 3089 3084 3162 τέτταρας
3134 3084 3407 3145 ἐνιαυτοὺς
3466 3081 3733 3153 αὐτοκρα-

356 3160 478 3214 tam
514 3162 779 3228 patenter
808 3174 985 3227 quam
1037 3162 1192 3211 certo
1223 3174 1340 3211 suae
1373 3157 1682 3211 iracundias
1714 3164 1769 3211 et
1794 3157 1980 3211 homi-

2099 3179 2347 3249 ξυρήσας,
2404 3178 2537 3230 κατᾶ
2592 3174 2898 3250 Νοέμῦριον
2956 3176 3057 3252 γὰρ
3120 3173 3275 3248 ἄρξας
3338 3171 3387 3227 ἐν
3444 3168 3729 3245 Αὐγούστῳ

356 3263 497 3300 num
543 3245 911 3315 castigationi
972 3245 1404 3316 praeminebat?
1432 3246 1754 3300 Profuisset
1780 3246 1834 3299 id
1858 3246 1982 3316 qui-

359 3336 490 3389 dem
520 3334 852 3388 Judzeorum
887 3334 1067 3403 genti,
1098 3338 1154 3387 et
1181 3332 1527 3388 Christianis
1574 3350 1687 3387 non
1737 3334 1987 3389 obesset.

356 3423 467 3477 Sed
499 3422 811 3478 consilium
848 3422 942 3477 Dei
975 3423 1378 3477 absconditum
1414 3440 1446 3477 a
1478 3422 1731 3490 saeculis,
1763 3428 1814 3478 et
1846 3422 1989 3494 ipsis

360 3510 656 3582 prophetis
707 3528 819 3566 non
860 3512 1204 3580 revelatum,
1249 3528 1341 3565 ars
1383 3510 1694 3580 judiciaria
1726 3516 1990 3581 penetra-

360 3599 442 3653 vit
486 3599 731 3663 scilicet,
768 3604 824 3654 et
874 3598 932 3653 in
985 3600 1127 3653 caelo
1168 3602 1447 3669 scriptum
1482 3600 1672 3665 docet,
1705 3600 1803 3654 sed
1837 3600 1985 3654 dun-

357 3691 521 3741 taxat
550 3686 911 3742 intellectum
945 3687 1134 3757 legere
1183 3687 1551 3741 scientibus?
1584 3687 1761 3757 Nugae
1790 3687 1990 3742 merast

362 3776 426 3829 In
478 3775 586 3829 hoc
639 3791 775 3845 ergo
830 3774 1015 3844 pietas
1070 3779 1125 3829 et
1179 3773 1462 3845 sapientia
1498 3774 1824 3829 Christiana
1853 3792 1992 3830 con-

361 3862 628 3932 quiescit,
661 3862 813 3932 quod
844 3860 1090 3931 eclipses
1112 3860 1229 3914 sint
1259 3861 1516 3914 defectus
1539 3862 1833 3916 naturales
1855 3860 1994 3916 solis

367 3954 426 4005 et
474 3949 644 4019 lunae,
679 3967 804 4021 qua:
858 3949 1077 4005 nullam
1110 3948 1361 4003 habeant
1399 3948 1480 4018 [P.
1517 3949 1641 4019 509]
1678 3966 1788 4004 non
1822 3951 1993 4005 modo

362 4044 603 4107 certam,
636 4039 733 4093 sed
774 4055 841 4093 ne
868 4038 1105 4109 quidem
1142 4036 1498 4106 probabilem
1530 4037 1875 4104 efﬁcientia,
1907 4037 1994 4094 vel

364 4126 812 4197 signiﬁcationis
883 4143 1014 4180 cum
1085 4125 1338 4197 publicis
1407 4124 1841 4180 calamitatibus
1898 4130 1997 4181 aut

364 4222 550 4271 morte
608 4216 937 4286 principum
988 4214 1431 4282 connexionem,
1466 4214 1767 4286 multoque
1801 4214 1996 4271 minus

361 4320 497 4358 cum
527 4304 760 4357 fortuna
786 4307 841 4357 et
870 4302 1177 4358 eventibus
1205 4302 1402 4357 liberis
1432 4303 1805 4372 privatorum.

430 4415 547 4465 Hoc
599 4413 792 4463 autem
849 4425 1129 4480 magnum
1176 4408 1549 4463 commodum
1580 4408 1826 4478 eclipses
1857 4409 1998 4463 solis

357 4502 413 4553 et
445 4496 683 4552 lunzein
715 4495 1017 4552 historiam
1076 4501 1406 4566 temporum
1452 4496 1787 4566 important,
1844 4498 1995 4567 quod

363 4603 430 4642 ex
460 4603 660 4642 earum
696 4586 948 4641 tenebris
980 4602 1087 4640 sua
1119 4584 1245 4656 ipsa
1276 4586 1630 4640 obscuritate
1670 4586 1997 4642 manifestis

360 4674 459 4728 lux
506 4691 717 4745 magna
766 4690 916 4745 smpe
960 4674 1135 4728 rebus
1168 4673 1350 4744 gestis
1373 4674 1670 4729 accedant.
1704 4674 1804 4728 Vix
1835 4674 1988 4728 enim

364 4761 709 4817 melioribus
762 4761 996 4816 indiciis
1054 4760 1223 4815 initia
1277 4777 1612 4833 regnorum,
1665 4762 1994 4817 nativitates

365 4850 731 4921 principum,
785 4851 1032 4905 victoriae
1092 4849 1382 4916 illustres,
1445 4850 1673 4920 aliaque
1728 4850 1879 4904 scitu
1938 4854 1995 4905 et

367 4938 873 4993 commendatione
952 4937 1309 5009 posteritatis
1381 4939 1559 5009 digna
1634 4939 1992 5009 probantur},

362 5042 540 5096 quam
582 5026 918 5097 eclipsibus.
972 5025 1358 5097 Chronologia
1407 5043 1608 5097 regum
1661 5027 1993 5096 Persarum,

362 5115 490 5185 Cyri
528 5118 585 5168 et
612 5113 919 5168 Alexandri
952 5114 1309 5181 monarcbia,
1345 5122 1403 5169 et
1432 5115 1710 5169 connexio
1745 5115 1995 5185 profana:

363 5203 621 5257 historia:
654 5219 786 5256 cum
826 5218 992 5257 sacra
1051 5202 1301 5257 maxime
1350 5202 1681 5257 illustratur
1727 5220 1827 5273 per
1857 5203 1996 5258 ecli-

366 5305 543 5359 pseon
592 5286 780 5344 certos
831 5296 1091 5344 eventus.
1138 5290 1283 5344 Tota
1311 5291 1491 5345 series
1541 5290 1797 5345 historias
1843 5291 1996 5346 Grae-

367 5393 590 5443 corum,
651 5384 707 5431 et.
761 5379 1023 5432 t‘undatio
1085 5378 1357 5433 Romanae
1414 5378 1783 5447 reipublicae,
1834 5383 1896 5433 ut
1944 5384 2001 5434 et

365 5469 564 5536 gestas
591 5464 734 5519 Julii
761 5466 1024 5536 Caesaris,
1058 5466 1305 5537 Augusti
1336 5471 1392 5522 et
1418 5466 1663 5522 aliorum
1687 5467 1998 5538 imperato-

374 5568 507 5607 rum
538 5551 685 5608 nihil
717 5554 932 5608 habent
963 5554 1175 5609 certius
1202 5570 1377 5624 quam
1403 5555 1555 5625 quod
1581 5555 1999 5611 defectionibus

374 5638 519 5697 solis
546 5644 648 5697 aut
678 5639 831 5698 lunas
864 5641 1261 5698 constituitur.

2100 3265 2227 3337 μηνὶ
2274 3266 2336 3318 τὸ
2365 3263 2526 3327 τέλος
2572 3260 2775 3339 ἔσχηκε
2802 3267 2915 3336 {sic
2947 3270 3109 3334 ζωῆς.
3154 3265 3321 3320 Vides
3352 3261 3428 3316 ibi
3465 3259 3729 3315 tcstimm

2098 3356 2193 3409 nio
2248 3355 2355 3408 viri
2413 3354 2766 3425 gravissimi,
2828 3355 3131 3409 referentis
3164 3370 3290 3423 quas
3314 3366 3567 3423 praesens
3599 3363 3731 3417 spe-

2100 3447 2371 3507 ctaverat,
2427 3444 2797 3498 Theodorum
2858 3444 3013 3498 solos
3073 3447 3323 3512 quatuor
3375 3454 3478 3492 nec
3529 3435 3729 3506 plenos

2101 3546 2284 3583 annos
2346 3530 2686 3600 imperasse.
2749 3531 3150 3586 Acclamatum
3210 3527 3363 3583 enim
3423 3520 3731 3579 Novembri

2101 3617 2553 3681 mense,vivendi
2589 3618 2804 3689 pariter
2832 3625 2887 3674 et
2920 3617 3241 3690 imperandi
3270 3617 3440 3669 ﬁnem
3473 3616 3733 3681 Augusto

2102 3722 2298 3760 mense
2361 3704 2583 3759 fecisse.
2622 3707 2805 3775 Igitur
2856 3724 2988 3761 cum
3023 3710 3177 3761 certo
3227 3703 3304 3758 sit
3333 3701 3547 3756 certius
3581 3715 3731 3751 annu

2100 3810 2228 3847 eum
2291 3792 2507 3847 Christi
2568 3793 2705 3847 1256
2754 3800 2981 3848 mortuo
3032 3794 3199 3847 tertio
3226 3790 3345 3844 Kal.
3378 3786 3730 3842 Novembres

2099 3882 2309 3937 Joanni
2373 3880 2522 3950 patri
2572 3881 2977 3951 subrogatum,
3037 3894 3341 3951 procerum
3385 3883 3442 3929 et
3475 3874 3729 3928 militum

2103 3970 2519 4025 acclamatione
2572 3969 3060 4039 subvectioneque
3114 3969 3172 4022 in
3229 3966 3465 4037 clypeo,
3524 3960 3733 4016 deinde

2102 4058 2208 4113 sub
2267 4058 2440 4112 ﬁnem
2499 4058 2832 4113 Decembris
2880 4055 3125 4112 solemni
3176 4055 3291 4109 ritu
3347 4072 3379 4108 a
3438 4068 3582 4106 novo
3630 4066 3733 4118 pa-

2101 4146 2359 4201 triarcha
2390 4146 2624 4201 Arsenio
2655 4150 3017 4212 coronatum,
3054 4144 3429 4199 manifestum
3460 4144 3547 4195 est
3579 4154 3731 4192 anno

2101 4249 2233 4288 eum
2267 4234 2480 4290 Christi
2517 4236 2653 4290 1259
2680 4236 2867 4290 vivere
2899 4233 3074 4289 simul
3108 4236 3165 4287 et
3194 4245 3433 4302 regnare
3466 4226 3728 4281 desiisse.

2102 4322 2203 4377 Hic
2234 4322 2386 4376 enim
2425 4341 2619 4377 annus
2653 4341 2680 4378 a
2716 4325 2854 4378 1255
2882 4327 3127 4395 quartus
3159 4325 3265 4376 est.

2175 4411 2243 4464 ll.
2297 4413 2418 4475 Quo
2462 4413 2600 4466 anni
2631 4416 2890 4483 tempore
2919 4409 3253 4473 decesserit,
3288 4406 3431 4461 satis
3460 4404 3734 4473 exprimit

2105 4499 2508 4569 Pachymeres,
2541 4501 2682 4554 dum
2740 4499 2796 4552 id
2830 4500 3090 4553 evenisse
3119 4498 3201 4552 ait
3244 4497 3338 4547 τοῦ
3366 4491 3568 4566 χρόνου
3599 4488 3735 4562 πρὸς

2102 4586 2163 4640 τὸ
2194 4587 2588 4660 φθινοπωρινὸν
2624 4585 3035 4655 ἀποκλίνοντος,
3077 4586 3379 4640 inclinante
3430 4586 3483 4637 in
3523 4585 3735 4635 autum-

2102 4693 2233 4729 num
2284 4693 2459 4744 anno,
2502 4675 2609 4730 hoc
2633 4680 2739 4743 est,
2776 4693 2875 4747 per
2907 4679 3160 4730 aestatem
3188 4674 3446 4745 quidem,
3481 4671 3577 4724 sed
3605 4669 3733 4739 jam

2103 4770 2502 4821 senescentem
2536 4769 2591 4820 et
2642 4766 2972 4821 adventanti
3008 4761 3732 4828 autumnoi‘concedentem

2103 4852 2343 4908 sensim.
2397 4853 2653 4916 Quadrat
2700 4870 2767 4909 ea
2813 4860 2947 4909 nota
2978 4853 3256 4924 temporis
3284 4861 3410 4920 apte
3442 4850 3497 4903 in
3534 4855 3733 4916 Augu-

2104 4946 2261 4994 stum
2326 4957 2608 5009 mensem;
2642 4960 2754 5011 quo
2815 4960 2874 4997 re
2904 4944 3027 5013 ipsa
3084 4941 3427 4997 exstinctum
3471 4938 3734 4992 Theodo-

2106 5046 2237 5083 rum
2281 5031 2653 5101 Aeropolitaﬁ
2678 5037 2742 5085 ut
2793 5031 3069 5100 diximus,
3109 5032 3381 5085 afﬁrmat.
3416 5030 3473 5081 1d
3507 5025 3735 5079 duobus

2106 5119 2442 5189 exceptione
2476 5120 2796 5190 majoribus
2825 5124 2881 5175 et
2912 5121 3295 5175 concordibus
3329 5120 3622 5171 ﬁrmatum
3648 5118 3735 5167 tc-

2108 5206 2293 5261 stibus
2327 5224 2427 5278 pro
2483 5208 2593 5263 ﬁxo
2624 5214 2677 5263 et
2711 5210 3037 5264 indubitato
3070 5210 3239 5263 debet
3269 5205 3487 5261 haberi.
3518 5202 3734 5259 Seditio

2109 5300 2309 5349 secuta
2353 5296 2639 5351 exercitus
2680 5298 2827 5353 722
2872 5303 2928 5352 et
2956 5296 3322 5352 Muzalonum
3357 5293 3541 5348 caedes
3572 5291 3731 5361 Mag-

2110 5382 2283 5437 nesiae
2314 5383 2370 5436 in
2405 5383 2621 5455 templo
2654 5386 3101 5453 Sesandrorum,
3134 5385 3273 5437 dum
3306 5383 3392 5453 [P.
3425 5379 3735 5450 5t0]justa

2108 5470 2407 5525 Theodoro
2456 5471 2641 5526 eidem
2703 5473 2969 5528 funebria
3026 5471 3469 5543 persolvuntur,
3532 5484 3736 5538 perpe-

2109 5562 2282 5625 trata,
2336 5573 2489 5613 nona
2533 5565 2659 5631 post
2706 5565 2953 5616 mortem
3011 5560 3296 5616 Theodori
3327 5560 3420 5614 die
3467 5556 3730 5626 contigit.

2108 5644 2273 5702 Clare
2302 5645 2411 5703 beo
2442 5646 2723 5718 Gregoras
2755 5654 2813 5704 et
2841 5648 3223 5720 Pachymeres
3253 5655 3543 5708 asserunt.
3573 5651 3735 5708 Prior
