4146 6288
422 340 565 396 11³79

1450 350 1513 399 Ρ.
1553 346 1825 401 POSSINI
1864 345 2473 400 OBSERVATIONUM
2516 349 2643 400 LIB.
2685 352 2780 401 IlI.

3681 343 3853 400 1180

420 463 462 517 l.
498 480 587 531 ιη,
622 482 677 535 p.
732 466 801 517 30
850 465 942 521 ed.
974 465 1152 521 Basil.
1188 466 1271 521 sic
1323 465 1586 538 loquitur
1631 468 1701 521 de
1733 468 1843 522 ista
1875 467 2065 521 caade:
2097 468 2151 532 Α
2181 470 2239 521 et
2292 467 2362 521 ad
2395 475 2625 524 nostras
2676 473 2876 524 exacte
2905 470 3159 524 rationes
3206 468 3531 539 quadrante
3570 466 3841 524 calculo.

424 551 664 621 Ἐννάτη
731 553 823 623 μὲν
883 552 983 626 γὰρ
1030 555 1213 627 ἡμέρα
1250 560 1428 626 παρῆν
1487 554 1620 625 μετά
1663 556 1765 621 τὴν
1811 552 2069 621 τελευτὴν

433 644 530 692 τοῦ
592 638 882 711 βασιλέως.
934 643 1038 697 Cui
1088 660 1417 699 consonans
1466 653 1663 698 noster
1695 644 1861 697 initio
1893 660 1942 697 c.
1980 644 2066 712 19,

429 728 468 783 l.
502 746 518 752 '
558 730 752 789 ξΤὲιυς
786 726 832 781 δ’
890 728 1008 799 οὖν,
1068 731 1281 801 inquit,
1313 732 1347 799 ἡ
1407 731 1529 805 περὶ
1586 735 1664 801 τῷ
1712 730 2069 803 ἀποιχομὲνῳ

435 815 619 885 ἐννάτη
674 818 911 890 κειμένῳ
961 825 1159 893 παρῆν,
1216 828 1325 875 etc.
1376 821 1441 874 Et
1486 820 1594 874 hoc
1639 836 1773 891 ergo
1809 838 1907 888 pro
1931 837 2069 875 con-

433 907 611 961 stanti
672 909 1014 974 tenendum,
1066 908 1201 962 licet
1255 909 1584 979 Acropolita
1636 910 1707 962 de
1735 909 1827 962 die
1858 912 2067 977 taceat,

426 1011 579 1049 nono
641 1000 771 1066 post
824 1002 1073 1051 mortem
1104 997 1355 1051 Thedori
1387 997 1479 1051 die
1512 995 1841 1051 Muzalones
1877 996 2071 1050 furore

428 1082 686 1138 militum
718 1100 989 1154 opressos
1038 1084 1096 1139 in
1142 1084 1361 1155 templo
1404 1090 1463 1139 et
1512 1086 1893 1139 obtruncatos
1942 1100 2068 1153 per-

426 1170 586 1226 iisse.
644 1170 998 1227 Deliberatio
1057 1173 1193 1227 inde
1222 1173 1293 1227 de
1344 1171 1526 1228 tutela
1553 1173 1715 1243 pueri
1768 1171 2066 1242 principis,

430 1257 631 1313 electio
677 1260 744 1315 ad
795 1260 850 1313 id
902 1260 1200 1315 Michaelis
1241 1259 1564 1331 Palaaologi,
1600 1261 1778 1330 hujus
1811 1277 1913 1330 per
1944 1275 2069 1330 gra-

423 1346 535 1399 dus
588 1348 655 1400 ad
692 1347 1003 1417 imperium
1038 1349 1325 1419 adreptio,
1381 1349 1520 1403 dum
1570 1352 1823 1419 primum
1861 1347 2055 1419 magni

424 1432 591 1488 ducis
623 1434 792 1489 titulo
826 1435 1381 1506 insignitur,deinde
1413 1442 1687 1505 tanquam
1722 1437 1790 1489 ad
1825 1437 2068 1490 deman-

427 1521 628 1575 datum
658 1539 870 1577 munus
906 1524 1012 1577 rite
1042 1525 1363 1593 gerendum
1417 1525 1743 1579 necessaria
1796 1528 2071 1593 potestate

429 1610 681 1680 despotae
732 1619 993 1665 ornatur.
1048 1611 1305 1680 Denique
1327 1612 1547 1681 pupillo
1570 1612 1819 1683 principi
1851 1610 2071 1681 collega

432 1698 488 1752 in
522 1698 767 1769 imperio
816 1699 1166 1754 decernitur.
1203 1704 1355 1764 Haec,
1390 1700 1654 1769 inquam,
1687 1704 1742 1754 et
1780 1699 1949 1754 varia;
1980 1700 2067 1753 in-

429 1786 601 1840 terim
663 1804 695 1841 a
754 1787 1075 1859 Palaaologo
1135 1792 1191 1842 et
1245 1787 1422 1859 hujus
1477 1788 1759 1843 studiosis
1806 1789 2068 1843 exercitae

427 1873 770 1930 ambitionis
797 1884 950 1931 artes
983 1876 1110 1931 istis
1141 1876 1460 1932 honoribus
1488 1894 1520 1931 a
1552 1879 1703 1931 clero
1734 1881 1791 1931 et
1823 1876 2067 1947 patriar-

433 1960 563 2027 cha,
606 1979 639 2017 a
669 1968 872 2018 senatu
923 1968 979 2018 et
1009 1964 1223 2034 populo
1251 1964 1676 2033 eblandiendis,
1705 1964 1870 2018 facile
1898 1964 2073 2018 trium

433 2054 494 2103 et
543 2051 694 2119 quod
740 2053 988 2106 excurrit
1037 2053 1329 2107 mensium
1373 2053 1629 2124 spatium
1663 2054 1927 2124 exigunt,
1959 2068 2074 2122 quo

437 2138 547 2192 sub
580 2138 751 2193 ﬁnem
781 2141 1119 2195 Decembris
1152 2141 1451 2213 impetrari
1501 2141 1765 2195 omnium
1797 2140 2071 2195 ordinum

439 2241 728 2282 consensu
753 2229 1006 2298 potuerit
1038 2232 1101 2283 ut
1124 2229 1180 2282 in
1208 2230 1503 2299 proximas
1526 2228 1815 2284 Kalendas
1854 2229 2071 2284 Janua-

441 2315 559 2369 rias
603 2314 961 2371 indiceretur
1018 2318 1149 2372 novi
1208 2316 1578 2388 imperatoris
1636 2316 1937 2372 Michaelis
1966 2317 2072 2371 Pa-

433 2402 661 2474 laeologi
712 2404 1051 2459 acclamatio
1096 2405 1396 2462 solemnis.
1458 2405 1575 2461 Hoc
1607 2406 1691 2459 sic
1748 2409 1946 2460 noster
1974 2421 2074 2459 ex-

428 2491 633 2562 primit
689 2493 799 2546 sub
869 2493 1042 2547 finem
1076 2493 1285 2563 capitis
1342 2493 1636 2561 29,].11:
1694 2494 1917 2563 ’Ὡριστο
1975 2491 2068 2561 μὲν

428 2576 519 2631 οὖν
566 2582 601 2648 ἡ
655 2581 838 2653 ἡμέρα
889 2586 988 2649 τῆς
1046 2580 1390 2655 ἀναρῥήσεως
1444 2575 1887 2653 ἑκατομϐαιῶνος
1944 2601 2071 2634 νου-

432 2667 600 2739 μηνία
653 2674 755 2736 τῆς
809 2666 931 2722 τότε
994 2668 1303 2742 τρεχούσης
1362 2666 1609 2743 δευτέρας
1662 2668 2068 2742 ἐπινεμήσεως’

432 2758 729 2827 Ρνέεβηίια
781 2764 859 2812 est
890 2757 1003 2813 dies
1051 2759 1462 2814 declamationis
1490 2760 1742 2814 Kalendae
1770 2759 2073 2816 Januariaz

430 2848 702 2903 currentis
731 2856 864 2902 tunc
916 2848 1172 2905 secunda:
1230 2848 1574 2904 indictionis.
1611 2849 1742 2903 Fuit
1797 2848 1891 2903 hic
1946 2847 2070 2904 dies

434 2934 658 3004 primus
706 2935 841 2990 anni
900 2936 1117 2991 Christi
1178 2936 1336 3004 1260,
1368 2937 1467 3007 qui
1531 2954 1663 2991 cum
1716 2935 1794 2991 sit
1846 2935 2067 3006 periodi

428 3022 671 3077 Julianaa
703 3024 865 3089 5973,
890 3024 1227 3079 indictionis
1260 3041 1560 3080 numerum
1586 3024 1792 3078 habuit
1812 3023 2067 3092 tertium,

431 3113 531 3165 sed
564 3129 597 3166 a
623 3113 945 3182 Septembri
965 3115 1250 3168 duntaxat
1270 3113 1689 3167 inchoandum.
1714 3110 1877 3166 Unde
1908 3117 2061 3166 recte

427 3192 698 3255 convenit
735 3202 890 3271 quod
942 3202 1179 3270 scripsit
1208 3208 1401 3254 noster
1430 3198 1762 3270 historicus,
1794 3199 2061 3255 indictio-

430 3304 564 3342 nem
596 3292 735 3343 tunc
767 3287 957 3342 adhuc
980 3287 1296 3343 secuniam
1329 3288 1681 3345 cucurrisse.

500 3410 600 3465 ΙΙΙ.
668 3412 807 3466 Post
859 3415 1202 3465 coronatum
1251 3410 1658 3481 Palaeologum,
1687 3410 1786 3481 qui
1819 3411 2070 3468 maxime

437 3498 684 3554 illustris
751 3503 991 3554 eventus
1040 3498 1303 3571 conligit,
1352 3498 1463 3553 fuit
1509 3501 1865 3571 recuperatio
1898 3503 2067 3572 regia:

431 3586 597 3641 urbis
677 3588 901 3641 dudum
959 3590 1250 3657 occupatae
1327 3586 1679 3658 insessaque
1734 3605 1766 3643 a
1816 3589 2065 3644 Latinis.

436 3675 621 3738 Quare
651 3674 831 3745 digna
861 3678 949 3729 est
988 3691 1079 3729 res
1127 3675 1294 3744 cujus
1327 3678 1568 3745 patratae
1614 3680 1848 3747 tempus
1896 3675 2069 3746 paulo

431 3762 770 3834 diligentius
820 3763 1166 3834 exploretur.
1220 3764 1430 3819 Narrat
1487 3764 1651 3820 illam
1712 3771 1905 3818 noster
1933 3764 1972 3818 l.
2006 3782 2067 3834 ιι,

433 3868 484 3905 c.
525 3852 758 3918 26—38,
793 3869 907 3923 thB
940 3853 1166 3907 cunctis
1188 3852 1318 3907 aliis
1352 3853 1412 3907 in
1434 3854 1543 3907 isto
1575 3858 1922 3922 argumento
1944 3870 2071 3908 ver-

435 3940 579 3994 satis
609 3940 843 4011 copiose
873 3958 938 3996 ac
971 3941 1302 4011 diligenter.
1337 3945 1415 3995 De
1447 3946 1708 4010 tempore
1739 3940 1857 3996 haec
1879 3941 2069 3996 solum

439 4028 617 4083 tradit
674 4029 783 4083 sub
844 4029 1017 4084 ﬁnem
1076 4045 1125 4084 c.
1181 4030 1268 4095 27,
1304 4032 1533 4101 captam
1568 4030 1768 4084 urbem
1801 4047 1833 4083 a
1864 4029 2070 4085 Cesare

435 4112 632 4168 Alexio
665 4114 1068 4185 Strategopulo
1100 4115 1192 4168 die
1233 4118 1447 4169 sanctae
1496 4116 1671 4169 Anna:
1706 4115 1908 4170 matris
1939 4116 2068 4171 Dei-

435 4217 585 4271 paraa
632 4218 799 4257 sacra
848 4202 1051 4273 quinta
1084 4207 1141 4257 et
1170 4202 1445 4257 vicesima
1475 4203 1698 4257 mensis
1727 4202 1860 4258 Julii
1886 4230 1899 4271 ;
1930 4222 2067 4260 nam

431 4306 497 4345 eo
531 4291 623 4346 die
656 4292 834 4345 Graeci
876 4298 933 4346 S.
993 4294 1171 4346 Annae
1230 4291 1590 4358 memoriam,
1653 4293 1835 4362 pridie
1892 4310 2068 4364 quam

434 4378 617 4433 Latini
652 4380 901 4448 soleant,
950 4380 1167 4435 colunt.
1210 4385 1445 4434 Annum
1485 4380 1759 4451 exprimit
1787 4382 2071 4453 Georgius

432 4466 784 4538 Acropolita,
847 4467 1017 4536 cujus
1048 4466 1106 4521 in
1157 4466 1266 4521 hoc
1324 4472 1531 4522 eventu
1582 4468 1759 4524 ﬁnem
1814 4468 2070 4524 historiae

2181 554 2254 609 Ut
2310 572 2500 610 annus
2567 558 2773 612 mundi
2831 575 2954 612 aera;
3009 558 3265 628 vulgaris
3333 558 3675 613 Graecorum
3745 559 3835 611 ad

2178 643 2391 698 Christi
2436 662 2653 699 annum
2703 647 3019 716 redigatur,
3072 652 3351 717 perpetua
3395 645 3669 700 methodo
3713 645 3839 698 tolo

2181 732 2334 787 lendi
2368 750 2435 788 ex
2469 751 2700 789 summa
2739 740 2879 789 sunt
2905 737 3063 790 5508.
3102 736 3287 807 Igitur
3317 752 3507 789 annus
3537 735 3611 788 ad
3639 738 3833 788 Acro-

2180 820 2361 891 polita
2393 821 2684 877 indicatus
2737 824 2937 878 mundi
2985 825 3127 877 6769
3158 824 3310 877 idem
3350 824 3460 878 fuit
3498 839 3632 877 cum
3667 839 3837 877 anno

2178 926 2301 964 terra
2334 914 2545 964 nostrae
2595 910 2933 966 Christianae
2983 912 3139 965 1261.
3194 913 3291 967 Est
3322 913 3417 967 hic
3449 910 3673 982 periodi
3724 910 3835 964 Ju-

2177 996 2345 1052 lianae
2377 999 2540 1063 5974,
2572 1016 2698 1069 qua)
2732 1016 2967 1055 summa
2995 1001 3180 1054 divisa
3210 1016 3312 1071 per
3340 1000 3677 1070 quindecim
3714 1000 3833 1053 dat

2179 1102 2493 1141 numerum
2543 1087 2886 1144 indictionis
2943 1094 3237 1158 quartum.
3283 1090 3546 1160 Spatium
3578 1103 3823 1158 quoque

2180 1175 2427 1229 detentae
2460 1192 2492 1229 a
2526 1174 2744 1230 Latinis
2776 1176 2937 1230 urbis
2967 1176 3330 1232 adamussim
3362 1181 3529 1231 rectae
3565 1175 3827 1229 chrono-

2180 1261 2343 1333 logiae
2375 1266 2641 1317 exactum
2670 1264 2741 1318 ab
2799 1264 3127 1335 Acropolita
3188 1265 3473 1335 proditur.
3529 1263 3821 1334 Superius

2179 1350 2391 1421 quippe
2422 1367 2471 1403 c.
2502 1350 2819 1406 2vidimus
2859 1356 3082 1421 captam
3135 1369 3168 1406 a
3213 1352 3435 1408 Latinis
3488 1351 3823 1407 Constanti-

2180 1437 2437 1507 nopolim
2471 1454 2622 1493 anno
2652 1439 2866 1494 Christi
2899 1441 3068 1507 1203;
3101 1456 3233 1495 cum
3274 1445 3466 1496 autem
3514 1457 3669 1495 nunc
3717 1440 3821 1494 de-

2180 1525 2455 1580 ﬁniamus
2482 1530 2774 1597 receptam
2806 1544 2839 1582 a
2869 1528 3082 1582 Graecis
3103 1529 3367 1583 eamdem
3400 1528 3579 1583 fuisse
3612 1528 3821 1582 urbem

2181 1630 2332 1669 anno
2376 1614 2587 1668 Christi
2641 1615 2797 1681 1261,
2829 1616 2926 1686 qui
2948 1632 3016 1671 ex
3042 1618 3106 1671 61
3141 1617 3174 1670 3
3206 1616 3578 1682 subtraxerit,
3619 1622 3823 1670 exacte

2180 1703 2430 1772 reperiet
2484 1704 2553 1757 58
2611 1719 2796 1758 annos
2849 1705 3096 1759 dominii
3163 1705 3503 1760 Latinorum
3561 1704 3621 1759 in
3656 1704 3822 1773 regia

2100 1813 2148 1878 B
2181 1791 2510 1846 Graecorum
2555 1791 2802 1847 civitate.

2252 1913 2343 1969 IV.
2377 1914 2569 1969 Restat
2601 1914 2872 1969 ultimum
2922 1932 2989 1969 ex
3030 1914 3341 1986 propositis
3382 1919 3555 1985 caput
3582 1914 3823 1985 epochaa

2179 2007 2347 2057 certae
2380 2002 2725 2073 illigandum
2775 2003 3078 2059 exceecatio
3130 2004 3295 2075 pueri
3350 2005 3613 2059 Joannis.
3674 2005 3817 2057 Eam

2179 2094 2377 2145 noster
2422 2107 2524 2160 pro
2575 2091 2849 2147 facinoris
2880 2092 3182 2147 atrocitate
3231 2092 3449 2163 tragice
3499 2091 3821 2162 deplorans

2178 2177 2279 2231 lib.
2316 2194 2399 2245 ιιι,
2432 2194 2487 2233 c.
2546 2179 2631 2245 10,
2688 2180 2917 2234 unicam
2978 2180 3257 2249 temporis
3313 2180 3825 2235 circumstantiam

2179 2269 2357 2330 notat,
2387 2265 2525 2319 dum
2554 2270 2674 2320 tam
2703 2268 3023 2323 immanem
3066 2267 3470 2322 carnificinam
3500 2267 3558 2321 in
3592 2267 3821 2337 pupillo

2176 2352 2503 2421 innocente,
2526 2370 2627 2425 pro
2650 2354 2994 2424 imperatore
3012 2356 3409 2410 Romanorum
3427 2357 3553 2425 jam
3589 2355 3817 2424 agnito,

2176 2441 2484 2496 exercitam
2536 2441 2823 2498 horrendo
2866 2461 3011 2499 ausu
3066 2449 3350 2499 memorat
3396 2443 3491 2498 die
3540 2444 3808 2497 omnium

2176 2530 2571 2598 sanctissima,
2604 2531 3002 2587 anniversaria
3033 2532 3296 2587 videlicet
3324 2531 3545 2587 Natalis
3578 2530 3812 2589 Christi.

2174 2620 2407 2672 Annum
2467 2618 2819 2689 investigare
2847 2637 2952 2674 nos
2980 2624 3225 2690 oportet.
3260 2621 3324 2690 [P
3351 2620 3479 2688 511]
3511 2619 3584 2674 Ut
3638 2636 3811 2690 quam

2174 2706 2438 2777 proxime
2465 2712 2597 2777 post
2626 2708 2853 2762 initium
2888 2725 2921 2762 a
2952 2707 3230 2764 Michaele
3260 2706 3579 2779 Palaaologo
3631 2708 3816 2778 impe-

2174 2795 2329 2849 rium
2379 2795 2436 2849 id
2487 2796 2799 2865 opinemur
2854 2796 3097 2860 factum,
3150 2795 3375 2865 subigit
3421 2796 3547 2866 ipse
3598 2796 3819 2866 Pachy—

2174 2898 2381 2951 meres,
2414 2883 2514 2953 qui
2568 2899 2703 2939 cum
2735 2885 2905 2939 modo
2937 2883 3173 2939 laudato
3221 2901 3270 2938 c.
3309 2886 3396 2950 10,
3465 2882 3503 2938 l.
3557 2902 3644 2950 ιιι,
3678 2885 3817 2939 scri-

2172 2970 2353 3040 pserit
2377 2975 2661 3026 Joannem
2702 2972 2989 3027 Theodori
3044 2972 3413 3042 imperatoris
3481 2972 3809 3038 haeredem,

2172 3060 2405 3129 quando
2436 3064 2757 3114 excaecatus
2800 3064 2908 3129 est,
2970 3061 3150 3115 fuisse
3207 3056 3422 3112 παιδίον
3457 3057 3665 3112 ἁπαλὸν
3728 3060 3818 3112 καὶ

2091 3161 2135 3231 C
2178 3143 2345 3218 μηδὲν
2378 3144 2454 3199 ἔτι
2492 3145 2686 3221 σχεδὸν
2718 3147 2919 3207 τελέως
2947 3146 2982 3215 ἢ
3025 3147 3087 3201 τὸ
3135 3146 3346 3223 χαίρειν
3376 3148 3411 3217 ἢ
3444 3148 3503 3200 τὸ
3536 3146 3819 3201 λυπεῖσθαι

2187 3234 2375 3305 μαθὸν,
2433 3234 2523 3287 καί
2573 3236 2624 3308 γ⁸
2682 3234 2732 3289 ἐν
2793 3233 2893 3306 ἴσῳ
2942 3236 3222 3307 τιθέμενον
3279 3237 3342 3289 τό
3396 3237 3444 3289 τ’
3484 3232 3670 3310 ἄρχειν
3725 3234 3818 3289 καὶ

2179 3323 2463 3396 ἄρχεσθαι,
2521 3329 2577 3379 et
2634 3325 2806 3395 paulo
2860 3326 3107 3380 inferius
3174 3328 3269 3377 τοῦ
3331 3324 3562 3400 βρέφους
3622 3325 3814 3397 μικρὸν

2182 3406 2552 3486 ὑπερϐεϐηκὸς
2614 3409 2847 3466 παιδίον.
2902 3414 3033 3469 Jam
3065 3417 3257 3469 tamen
3289 3413 3328 3468 Ι.
3384 3431 3423 3483 I,
3458 3431 3509 3480 ο,
3543 3415 3628 3480 13,
3660 3415 3812 3468 afﬁr-

2180 3504 2439 3555 maverat
2469 3503 2763 3572 eumdem,
2797 3519 2929 3557 cum
2989 3506 3077 3557 est
3106 3504 3233 3572 ejus
3266 3506 3430 3574 pater
3475 3502 3811 3557 Theodorus

2181 3593 2469 3652 mortuus,
2528 3589 2707 3644 fuisse
2761 3606 3103 3645 novennem.
3165 3590 3311 3646 Huic
3369 3590 3523 3645 enim
3578 3591 3726 3645 aetati
3756 3590 3805 3643 si

2179 3679 2297 3730 tres
2329 3680 2650 3745 quatuorve
2682 3677 2815 3731 anni
2850 3678 3210 3740 accederent,
3234 3678 3357 3745 jam
3395 3678 3445 3733 is
3478 3694 3651 3748 prope
3704 3694 3807 3748 pu-

2180 3764 2469 3818 bertatem
2519 3764 2830 3833 attigisset,
2884 3766 3120 3834 quando
3159 3772 3248 3819 est
3313 3771 3655 3829 excecatus,
3708 3782 3812 3820 nec

2183 3870 2324 3908 sane
2354 3854 2495 3907 dicit
2523 3861 2721 3924 posset
2752 3856 3032 3926 puerulus
3062 3855 3297 3926 paulum
3318 3858 3488 3911 modo
3509 3856 3811 3910 infantiam

2183 3942 2486 3997 excedens:
2542 3954 2598 3997 et
2657 3943 3009 4014 imperandi,
3070 3960 3135 3997 ac
3194 3944 3461 4013 parendi,
3523 3944 3813 4014 gaudendi

2183 4028 2535 4100 dolendique
2566 4030 2884 4085 discrimen
2920 4030 3218 4102 ignorans.
3246 4036 3368 4086 lmo
3390 4032 3437 4086 si
3461 4036 3612 4085 recte
3642 4031 3814 4085 ratio-

2184 4133 2288 4172 nes
2320 4117 2611 4189 ponimus,
2657 4122 3178 4190 quantumcunque
3233 4119 3577 4174 festinemus
3622 4121 3675 4173 in
3720 4136 3809 4173 re-

2184 4208 2589 4277 praesentanda
2644 4206 2861 4262 crudeli
2918 4208 3053 4277 regii
3118 4208 3279 4278 pueri
3356 4207 3683 4279 supplicio,
3725 4207 3813 4261 vix

2186 4294 2509 4364 poterimus
2540 4294 2773 4364 assequi
2826 4301 2891 4349 ut
2932 4296 3246 4351 verisimile
3297 4297 3611 4351 reddamus
3661 4295 3809 4367 quod

2187 4381 2258 4435 de
2300 4386 2420 4435 tam
2471 4382 2784 4436 immatura
2839 4383 3231 4438 teneritudine
3275 4384 3523 4453 pueruli,
3582 4385 3807 4454 quando

2186 4473 2275 4525 est
2330 4475 2689 4539 excaecatus,
2748 4472 3075 4525 afﬁrmatur
3129 4489 3162 4525 a
3218 4478 3453 4527 nostro.
3501 4471 3812 4543 Fingamus

852 4517 1106 4536 ,Ἲη
1157 4517 1262 4521 _--
1329 4517 1531 4522 -.-π-
1582 4517 1759 4524 __-__
1814 4517 2068 4524 __---__w
2190 4517 2274 4525 η-
2333 4517 2689 4539 -,"-_-__,
2749 4517 3064 4525 _----..._-..-
3130 4517 3162 4525 ..
3219 4517 3453 4527 _--..-.
3501 4517 3811 4543 "-0".--

435 4570 553 4608 suae
611 4554 917 4625 deﬁgentis
975 4554 1150 4609 verba
1208 4554 1327 4609 haec
1384 4553 1663 4626 leguntur
1721 4573 1778 4627 p.
1842 4558 1942 4611 100
1975 4558 2065 4613 ed.
2101 4517 2149 4578 Β
2178 4557 2331 4613 enim
2364 4557 2451 4611 vel
2486 4558 2672 4629 primo
2702 4557 2824 4629 ipso
2853 4559 2945 4613 sui
2980 4559 3340 4631 principatus
3372 4577 3524 4615 anno
3554 4561 3811 4615 saevitum

436 4642 616 4712 Reg:
688 4640 789 4695 Καὶ
862 4642 896 4708 ἦ
967 4641 1370 4696 Κωνσταντίνου
1435 4642 1666 4715 προνοίᾳ
1735 4646 1867 4697 Θεοῦ
1925 4641 2075 4705 αὖθις

433 4727 536 4781 ὑπὸ
593 4733 754 4803 χεῖρα
786 4733 879 4782 τοῦ
915 4727 1180 4804 βασιλέως
1222 4734 1327 4783 τῶν
1360 4730 1648 4802 Ῥωμαίων
1682 4732 1890 4805 ἐγένετο
1940 4732 2075 4786 κατὰ

432 4813 601 4889 λόγον
653 4813 860 4870 δίκαιόν
915 4838 974 4870 τε
1029 4817 1119 4871 καὶ
1174 4820 1520 4890 προσήκοντα
1550 4819 1786 4875 Ἰουλίου
1818 4820 2069 4889 εἰκοστὴν

431 4903 521 4957 καὶ
580 4905 834 4976 πὲμπτην
897 4902 1164 4979 ἄγοντος,
1221 4904 1388 4975 οὔσης
1452 4905 1820 4979 ἐπινεμήσεως
1879 4908 2071 4983 τετάρ-

429 5012 550 5061 της,
608 4991 696 5046 καὶ
758 4992 862 5046 ἀπὸ
921 4994 1177 5067 γενέσεως
1233 4993 1442 5067 κόσμου
1500 4989 1649 5057 ἔτους
1681 4992 2070 5071 ὅντοςηςψξοζ

436 5081 537 5134 ὑπὸ
594 5085 702 5135 τῶν
765 5081 976 5156 ἐχθρῶν
1037 5084 1378 5157 κρατουμένη
1452 5084 1682 5158 χρόνους
1740 5087 2073 5155 πεντήκοντα

432 5167 521 5222 καὶ
559 5167 726 5226 ὀκτώ.
760 5173 823 5226 Et
876 5173 1369 5241 Constantimmolis
1406 5173 1758 5242 providentia
1806 5176 1902 5229 Dei
1942 5193 2071 5230 rur-

433 5275 524 5313 sus
548 5259 646 5313 sub
704 5276 874 5314 manu
931 5261 1279 5331 imperatoris
1341 5262 1707 5315 Romanorum
1744 5262 1879 5330 fuit,
1912 5272 2073 5331 prout

436 5348 586 5403 123
624 5348 839 5418 justum
887 5354 938 5404 et
979 5350 1300 5404 conveniens
1348 5356 1485 5415 erat,
1537 5350 1680 5404 Julii
1734 5354 1940 5406 mensis
1985 5352 2075 5407 die

429 5435 621 5504 quinto
653 5439 707 5490 et
735 5438 1012 5504 vicesimo,
1047 5437 1352 5492 indictione
1379 5445 1598 5506 quarta,
1643 5455 1790 5493 anno
1833 5440 1898 5495 ab
1948 5440 2074 5495 orbe

430 5522 643 5577 condito
672 5524 841 5593 6769,
862 5530 1143 5596 7)οε17ιιαηι
1170 5524 1232 5579 in
1276 5528 1547 5594 polestute
1580 5526 1820 5581 hostium
1877 5530 2074 5599 fuisset

432 5610 604 5665 annis
633 5612 1035 5682 quinquaginta
1083 5616 1216 5669 octo.
1268 5612 1362 5689 Sic
1401 5613 1752 5686 Acropolita,
1802 5620 2071 5672 accurato

2183 4650 2300 4700 tam
2352 4646 2622 4700 atrociter
2678 4646 3017 4703 aMichaele
3067 4647 3386 4719 Palaeologo
3419 4648 3474 4702 in
3528 4647 3809 4719 pupillum

2180 4733 2499 4799 insontem.
2529 4738 2674 4790 Cum
2708 4735 2757 4789 is
2781 4753 2990 4801 annus,
3016 4740 3082 4789 ut
3102 4736 3381 4804 diximus,
3415 4737 3587 4790 fuerit
3607 4735 3811 4790 Christi

2185 4821 2344 4890 1260,
2375 4822 2423 4876 si
2458 4823 2582 4891 jam
2614 4829 2759 4888 tum,
2792 4825 3028 4895 quando
3061 4825 3400 4879 Theodorus
3428 4825 3671 4880 Joannis
3711 4841 3809 4896 pu-

2183 4909 2305 4980 pilli
2339 4917 2498 4980 pater
2524 4914 2782 4979 Augusto
2809 4929 3009 4967 mense
3029 4912 3167 4967 anni
3203 4913 3342 4967 1259
3384 4914 3574 4968 vivere
3623 4914 3805 4978 desiit,

2182 4997 2307 5067 ipse
2330 4998 2454 5067 jam
2482 4999 2761 5054 novennis
2798 5001 3006 5068 fuerat,
3038 5004 3101 5055 ut
3159 4999 3538 5071 Pachymeres
3577 5001 3800 5065 asserit,

2184 5084 2387 5155 utique
2417 5085 2488 5137 25
2517 5086 2849 5142 Decembris
2876 5087 2967 5142 die
3001 5087 3136 5141 anni
3175 5089 3329 5155 1260,
3382 5093 3540 5143 sexto
3589 5088 3804 5143 decimo

2181 5173 2450 5227 videlicet
2480 5178 2609 5241 post
2639 5191 2859 5241 mense,
2894 5175 3253 5230 undecennis
3287 5175 3466 5230 fuisse
3515 5175 3809 5245 debuerat,

2182 5262 2353 5330 cujus
2382 5262 2570 5315 aetatis
2612 5264 2793 5331 pueri,
2828 5264 3151 5334 praesertim
3183 5264 3413 5318 educati
3447 5265 3622 5335 regie,
3657 5264 3806 5318 haud

2181 5348 2371 5404 solent
2400 5350 2551 5405 724
2582 5352 2873 5418 gaudendi
2913 5351 3264 5420 dolendique
3294 5353 3556 5422 ignorare
3604 5352 3807 5405 discri-

2182 5452 2337 5492 men.
2371 5436 2497 5491 Haac
2527 5438 2671 5493 mihi
2704 5456 2880 5495 causa
2908 5440 3185 5510 opinandi
3216 5446 3305 5493 est
3355 5456 3559 5510 parum
3616 5445 3807 5495 exacte

2182 5525 2474 5597 proditam
2533 5545 2566 5581 a
2622 5527 2970 5598 Pachymere
3024 5527 3267 5583 Joannis
3298 5528 3461 5596 pueri
3491 5532 3716 5582 atatem
3748 5528 3804 5582 in

2182 5612 2364 5685 patris
2400 5620 2604 5670 morte.
2637 5616 2950 5687 Potiusque
2978 5616 3266 5671 assentior
3286 5616 3530 5687 Georgio
3558 5617 3806 5687 Acropo-
