4146 6288
306 339 441 397 1181

1726 338 2336 393 CHRONOLOGICUS.

3553 328 3692 384 1-182

301 462 441 528 litae,
473 461 574 533 qui
604 479 654 518 c.
685 461 756 515 75
787 476 905 517 suae
936 459 1403 525 Historiw,relata
1430 463 1616 514 morte
1645 458 1934 515 Theodori
1968 462 2023 526 Α
2054 476 2183 515 nem
2229 461 2356 529 ejus
2400 463 2621 531 patrem
2669 457 2921 512 moriens
2968 456 3281 526 reliquerat
3326 454 3581 507 viduam.
3616 454 3690 507 Ac

304 554 375 607 de
433 552 542 607 hoc
601 552 731 621 ejus
790 550 908 605 ﬁlio
966 549 1208 615 scribit;
1252 548 1312 602 Ὁ
1374 546 1470 618 μὲν
1528 547 1642 607 υἱὸς
1697 550 1793 600 τοῦ
1855 547 1951 619 βα-

304 637 501 699 σιλέως
553 636 841 711 Θεοδώρου
888 638 915 690 ὁ
975 637 1229 705 Ἰωάννης
1289 634 1425 688 πάνυ
1474 634 1674 711 ἀφῆλιξ
1720 634 1949 709 ἐτύγχα-

304 749 391 780 νεν
448 727 521 780 ὣν
574 726 625 780 ἐν
697 731 777 797 τῷ
832 731 1005 799 καιρῷ
1061 731 1162 793 τῆς
1211 723 1468 791 τελευτῆς
1525 728 1621 777 τοῦ
1682 721 1949 798 βασιλέως

308 816 398 871 καὶ
458 818 699 891 πατρός·
762 814 903 869 οὕτω
958 815 1058 889 γὰρ
1111 812 1334 868 τελείων
1389 812 1643 867 ἐνιαυτῶν
1704 814 1950 886 ὑπῆρχεν

311 905 475 958 ὀκτώ·
511 908 580 960 Ac
620 906 774 974 ﬁlius
821 904 1039 975 quidem
1085 904 1436 974 imperatoris
1488 902 1752 957 Theodori
1773 908 1949 959 Joan-

302 1011 398 1049 nes
430 994 586 1049 valde
615 998 932 1048 immatura:
960 994 1068 1061 fuit
1119 992 1325 1060 atatis,
1382 991 1598 1061 quando
1647 991 1954 1061 imperator

304 1085 426 1151 eius
458 1086 627 1153 pater
675 1089 753 1136 est
806 1089 1061 1135 mortuus
1123 1096 1137 1134 :
1187 1096 1401 1134 annum
1457 1080 1653 1149 quippe
1707 1078 1952 1133 nondum

302 1175 555 1228 octavum
581 1170 923 1240 impleverat.
958 1169 1043 1222 Ita
1066 1167 1306 1222 ille.Hoc
1340 1168 1576 1221 omnino
1609 1168 1946 1221 tenendum.

307 1263 539 1314 Certum
574 1274 744 1330 porro
776 1262 864 1311 est
884 1260 1019 1311 ante
1048 1260 1338 1326 receptam
1379 1254 1945 1325 Constantinopolim

304 1351 361 1403 et
391 1347 712 1402 solemnem
744 1343 1044 1401 Michaelis
1074 1342 1382 1414 Palaeologi
1426 1343 1667 1414 Augusti
1728 1342 1785 1396 in
1818 1358 1945 1397 eam

308 1436 665 1505 ingressum,
698 1435 798 1504 qui
829 1434 923 1488 die
953 1434 1022 1486 15
1052 1432 1273 1487 mensis
1320 1432 1567 1501 Augusti
1623 1447 1775 1485 anno
1808 1430 1941 1484 1261

308 1527 580 1594 peractus
612 1527 720 1589 est,
775 1538 887 1575 non
929 1520 1109 1574 fuisse
1161 1520 1421 1589 puerum‘
1452 1519 1739 1573 Joannem
1772 1535 1946 1572 excae-

305 1617 526 1666 catum.
556 1609 739 1664 Multa
770 1609 927 1664 enim
959 1625 1083 1677 qua:
1114 1608 1495 1677 Pacbymeres
1528 1625 1561 1661 a
1592 1624 1640 1660 c.
1676 1606 1945 1670 33,lib.ii,

302 1700 372 1752 ad
404 1700 460 1768 9,
490 1698 592 1753 lib.
625 1714 710 1763 In,
737 1696 1291 1764 memorat,omnino
1326 1700 1455 1765 post
1485 1700 1715 1765 captam
1742 1696 1945 1749 urbem

2058 549 2106 604 si
2139 549 2328 617 spatia
2358 550 2532 603 rebus
2562 564 2629 602 ea
2658 548 2964 602 occasione
3014 546 3160 600 actis
3218 559 3476 613 congrua
3506 541 3698 595 dime-

2059 638 2259 705 timur,
2310 643 2463 691 certe
2510 636 2909 707 intelligemus
2976 650 3089 688 non
3154 632 3417 703 potuisse
3466 630 3696 683 Arsenii

2057 727 2407 782 evectionem
2425 729 2495 782 ad
2512 728 2967 798 patriarchatum
2986 731 3119 779 ante
3136 740 3392 778 mensem
3414 723 3541 792 ejus
3560 720 3699 775 anni

2060 814 2331 868 ultimum
2367 814 2513 869 fieri.
2548 816 2692 870 Nam
2742 814 3067 885 penultimo
3123 810 3432 866 Novembri
3493 825 3694 879 perso-

2057 901 2197 956 lutis
2229 903 2517 957 decessori
2578 902 2804 971 parenti
2862 901 3165 955 funeribus
3214 900 3418 969 justis,
3475 898 3695 952 delibe-

2055 991 2205 1044 ratio
2238 991 2309 1044 de
2339 991 2673 1061 patriarcha
2703 990 2848 1044 inita
2893 995 2983 1044 est
3014 1005 3047 1042 a
3076 988 3400 1042 Theodoro.
3436 985 3695 1041 Primum

2056 1095 2169 1149 que
2201 1079 2401 1133 multis
2433 1078 2877 1150 circumspectis
2908 1078 2966 1131 in
2995 1075 3316 1147 Nicephoro
3348 1074 3692 1141 Blemmida,

2055 1183 2166 1235 quo
2197 1166 2579 1237 philosophiae
2617 1167 2897 1239 magistro
2947 1183 3133 1220 novus
3183 1165 3509 1234 imperator
3550 1178 3697 1217 usus

2056 1255 2263 1322 fuerat,
2294 1255 2621 1325 designatio
2654 1253 2935 1309 consedit.
2968 1253 3178 1308 Verum
3225 1251 3345 1320 illo,
3380 1257 3696 1322 postquam

2053 1341 2226 1413 longe
2256 1343 2469 1397 absens
2518 1343 2798 1398 invitatus
2847 1346 2936 1397 est
2984 1358 3086 1413 per
3123 1341 3383 1402 nuntios,
3415 1340 3693 1394 honorem

2053 1432 2436 1495 detrectante,
2471 1447 2619 1486 nova
2648 1430 2954 1502 inquisitio
2977 1429 3135 1497 digni
3168 1428 3267 1484 tali
3299 1428 3423 1483 loco
3453 1427 3561 1481 viri
3593 1428 3696 1482 de-

2053 1519 2146 1574 siit
2173 1520 2231 1574 in
2278 1520 2558 1589 Arsenio;
2609 1522 2706 1588 qui
2753 1519 3005 1574 oblatam
3058 1517 3401 1588 dignitatem
3448 1515 3697 1571 libenter

2052 1609 2369 1663 admittens
2414 1626 2481 1663 ex
2526 1608 2879 1663 monasterio
2942 1608 3012 1662 ad
3059 1606 3250 1661 lacum
3296 1604 3695 1675 Apolloniadis

2051 1698 2184 1761 sito,
2219 1697 2319 1752 ubi
2350 1696 2526 1752 vitam
2555 1696 2883 1768 religiosam
2913 1695 3236 1760 exercebat,
3282 1693 3530 1748 Nicaaam
3559 1709 3691 1763 pro-

308 1789 366 1840 et
410 1790 543 1839 ante
584 1784 865 1839 Joannem
914 1787 1260 1838 excaecatum
1305 1783 1623 1853 contigisse
1670 1782 1943 1852 oportuit.
1977 1801 2024 1865 B
2056 1785 2261 1855 fectus,
2297 1785 2373 1839 ibi
2425 1784 2612 1856 spatio
2666 1783 3049 1839 hebdomadis
3102 1782 3279 1837 unius
3327 1782 3466 1852 (non
3518 1781 3693 1835 unius

310 1873 459 1936 Quia
487 1888 621 1927 vero
651 1889 758 1926 nec
791 1887 1035 1926 numero
1068 1888 1171 1926 nec
1201 1886 1413 1941 genere
1466 1870 1565 1924 illa
1619 1869 1758 1924 talia
1811 1873 1951 1924 sunt

308 1967 373 2015 ut
404 1962 596 2031 majus
626 1960 1041 2031 quadrimestri
1074 1958 1333 2028 spatium
1369 1958 1597 2027 exigere
1620 1958 1945 2025 videantur,

305 2048 476 2119 plane
509 2065 720 2105 censeo
748 2048 926 2116 hujus
951 2048 1213 2116 ejusdem
1248 2046 1386 2099 anni
1423 2046 1552 2098 1261
1602 2044 1695 2098 die
1750 2049 1947 2099 octavo

305 2139 432 2192 Kal.
466 2136 802 2205 Januarias,
834 2136 1046 2190 Christi
1083 2138 1383 2204 nempe,ut
1412 2133 1795 2204 Pachymeres
1826 2136 1947 2186 tra-

307 2226 412 2292 dit,
448 2226 817 2293 natali,jussu
854 2224 1099 2277 barbaro
1122 2222 1333 2276 tutoris
1355 2226 1411 2275 et
1439 2221 1669 2290 collegae
1695 2221 1943 2275 Michae-

308 2313 383 2368 lis
430 2313 733 2384 Palaaologi
776 2314 1054 2367 Joannem
1101 2317 1429 2380 Augustum
1481 2326 1722 2380 puerum
1776 2307 1946 2378 paulo

316 2403 593 2471 majorem
623 2401 871 2455 novenni
913 2400 1089 2455 fuisse
1134 2398 1455 2451 luminibus
1504 2398 1766 2450 orbatum
1804 2395 1940 2449 etin

316 2495 589 2544 teternam
644 2488 970 2544 custodiam
1022 2486 1172 2540 arcis
1224 2486 1544 2555 Daeybitzn
1624 2486 1943 2547 constuni,

317 2582 477 2631 sexto
508 2594 660 2631 anno
687 2579 943 2629 vertente
976 2576 1046 2628 ab
1101 2573 1548 2641 inauguratione
1588 2572 1770 2641 patris
1818 2572 1945 2640 ejus

316 2664 622 2731 Theodori,
662 2663 784 2729 tali,
820 2669 881 2716 ut
912 2662 1188 2725 vidimus,
1246 2661 1337 2714 die
1386 2661 1569 2714 sacris
1620 2661 1677 2713 in
1727 2658 1944 2730 templo

312 2750 672 2805 caeremoniis
704 2754 952 2820 peracta.

963 2870 1191 2926 CAPUT
1232 2871 1297 2923 V.

318 2970 683 3039 Chronologia
711 2969 1207 3040 patriarcharum,»
1235 2966 1475 3040 Arscm'i,
1515 2966 1856 3040 gNz'ec/ihori,‘
1892 2971 1945 3020 et

384 3036 851 3105 iterum—Arsenii,
883 3038 981 3110 qui
1009 3040 1105 3092 sub
1136 3038 1395 3092 Michaele
1426 3038 1737 3107 Palmologo
1765 3036 1944 3091 sedem

379 3110 1058 3182 ConstantinOpolitanam
1085 3113 1402 3163 tenuerunt.

376 3227 420 3281 Ι.
455 3225 637 3281 Multa
668 3229 805 3280 sunt
848 3224 905 3278 in
949 3228 1206 3293 tempore
1254 3223 1577 3292 ingressus,
1638 3221 1846 3290 exitus,
1875 3219 1935 3275 in

304 3315 509 3386 spatiis
540 3315 667 3368 vitae
690 3330 754 3367 ac
788 3313 943 3367 sedis
970 3312 1176 3365 horum
1212 3309 1670 3380 patriarcharum
1706 3309 1785 3363 ita
1801 3324 1940 3363 con-

306 3402 537 3469 fusa,ut
566 3399 703 3455 viris
733 3400 909 3454 etiam
945 3398 1174 3469 magnis
1204 3414 1315 3451 non
1349 3396 1711 3451 occasionem
1745 3396 1938 3465 modo,

304 3489 405 3542 sed
441 3486 849 3542 necessitatem
881 3485 1111 3541 errandi
1145 3483 1479 3554 objecerint.
1517 3483 1686 3554 Atqui
1730 3501 1843 3537 non
1877 3486 1942 3537 ut

306 3575 413 3645 illi,
446 3575 654 3630 horum
688 3592 815 3644 quae
860 3574 1114 3644 primum
1170 3572 1341 3626 modo
1396 3572 1725 3642 produntur
1756 3571 1940 3625 desti-

306 3663 419 3717 tuti
448 3662 576 3717 luce
617 3667 1149 3727 monumentorum,
1198 3660 1342 3713 citra
1382 3659 1611 3729 culpam
1660 3663 1715 3714 et
1746 3674 1937 3729 repre-

308 3750 607 3805 hensionis
632 3752 806 3819 justaa
860 3748 1132 3803 meritum
1187 3748 1243 3801 in
1281 3747 1373 3801 his
1433 3748 1709 3801 titubasse
1740 3752 1939 3816 potue-

306 3845 465 3903 runt,
520 3837 687 3893 nobis
748 3839 909 3902 item,
958 3836 1006 3891 si
1057 3836 1196 3907 quid
1249 3834 1684 3901 offenderimus,
1731 3834 1939 3889 similis

304 3928 483 3982 veniae
511 3924 763 3981 conditio
797 3942 859 3979 ac
893 3941 1025 3994 spes
1058 3924 1400 3978 ostenditur.
1438 3923 1642 3990 Quare,
1676 3922 1786 3977 nisi
1837 3922 1941 3977 de-

306 4018 442 4072 bere
471 4014 741 4069 volumus
774 4013 999 4083 [R512]
1036 4011 1275 4066 multam
1299 4011 1661 4081 negligentia:
1686 4010 1938 4077 nomine,

310 4103 691 4159 annitendum
726 4106 813 4155 est
846 4100 1013 4155 nobis
1048 4105 1103 4154 et
1137 4116 1237 4170 pro
1270 4098 1418 4153 virili
1471 4099 1938 4154 contendendum

308 4192 369 4246 in
403 4192 512 4246 isto
541 4188 720 4245 semel
753 4188 838 4242 sic
871 4189 1167 4258 purgando
1202 4187 1344 4252 loco,
1393 4193 1455 4241 ut
1506 4203 1639 4241 eum
1671 4186 1940 4255 deinceps

306 4279 392 4335 vel
426 4277 734 4333 mediocris
767 4275 1010 4331 attentio
1042 4275 1289 4346 legentis
1328 4274 1609 4329 inoffenso
1642 4279 1817 4346 queat
1843 4290 1939 4328 ve-

307 4369 480 4439 stigio
512 4367 839 4421 decurrere.
871 4364 986 4419 Hoc
1018 4364 1292 4435 deinceps
1324 4364 1685 4419 conabimur.
1733 4363 1940 4417 Sedem

303 4452 1003 4524 Constantinopolitanam
1036 4452 1358 4521 imperante
1398 4451 1675 4506 Michaele
1720 4450 1934 4507 Palico-

305 4545 434 4615 lngo
466 4542 726 4613 quinque
758 4540 996 4595 omnino
1056 4541 1346 4611 patriurcaa
1404 4543 1753 4607 tenuerunt;
1786 4556 1927 4610 quo-
1963 4531 2011 4593 D

303 4649 431 4687 rum
466 4647 619 4685 unus
650 4629 826 4684 etiam
854 4629 1130 4683 Arsenius
1158 4628 1238 4682 illi
1274 4630 1533 4683 Ecclesiae
1567 4629 1655 4683 bis
1682 4628 1930 4699 praefuit.

305 4722 560 4775 Priorem
632 4719 807 4787 hujus
875 4717 1337 4787 patriarcbatum
1406 4718 1477 4771 ab
1517 4734 1669 4771 anno
1717 4717 1933 4772 Christi

308 4810 444 4861 1255
486 4807 791 4877 procedere
845 4810 963 4859 tam
1020 4812 1241 4859 certum
1294 4810 1402 4870 est,
1452 4822 1627 4877 quam
1669 4804 1767 4860 illo
1806 4805 1933 4877 ipso

307 4912 458 4951 anno
507 4893 873 4948 Theodorum
938 4892 1227 4947 Lascarim
1290 4893 1589 4948 Juniorem
1649 4893 1934 4964 imperare

308 4982 587 5053 cmpisse;
622 4981 773 5051 quod
823 4980 1110 5050 capitibus
1155 4980 1287 5035 libri
1342 4984 1519 5051 hujus
1568 4982 1735 5037 tertio
1784 4983 1928 5038 725

303 5076 363 5127 et
389 5076 595 5142 quarto
626 5069 1181 5124 demonstravimus.
1218 5070 1537 5135 Etenim,ut
1567 5070 1781 5126 diserte
1802 5088 1932 5126 ocu-

305 5161 461 5215 latus
490 5159 656 5212 testis
686 5160 743 5210 et
770 5161 973 5208 auctor
1002 5156 1260 5225 cujusvis
1292 5158 1370 5212 rei
1414 5158 1710 5229 loocuples
1756 5161 1931 5213 Acro-

304 5249 482 5319 polita
514 5245 795 5314 Georgius
824 5244 1019 5307 tradit,
1055 5247 1408 5301 acclamatus
1441 5247 1756 5317 imperator
1783 5248 1933 5303 The-

300 5338 516 5393 odorus
539 5339 668 5405 post
692 5330 869 5403 patris
892 5332 1131 5387 Joannis
1161 5340 1559 5406 mortem,quaa
1590 5334 1690 5389 illo
1721 5335 1932 5390 Christi

299 5442 450 5482 anno
484 5424 622 5478 1125
651 5419 822 5475 tertio
856 5419 972 5474 Kal.
1020 5420 1373 5476 Novembres
1404 5423 1667 5494 contigit,
1729 5440 1927 5479 curam

302 5513 564 5569 omnium
616 5509 866 5581 primam
914 5509 1112 5577 posuit
1157 5509 1215 5564 in
1254 5511 1608 5581 providendo
1664 5511 1929 5566 Ecclesia:

302 5605 551 5675 pastore,
586 5613 763 5669 quam
795 5594 1120 5667 patriarcha
1150 5597 1379 5654 Mauuel
1402 5597 1575 5670 paulo
1606 5603 1738 5653 ante
1757 5599 1930 5656 Joan-

2054 1872 2189 1942 diei,
2254 1878 2316 1927 ut
2389 1889 2689 1944 perperam
2754 1872 2993 1943 ponitur
3046 1871 3202 1942 apud
3258 1870 3691 1941 Spondanum),

2055 1960 2253 2027 unius,
2280 1960 2541 2029 inquam,
2577 1959 2957 2015 hebdomadis
3006 1960 3195 2029 spatio
3252 1958 3557 2023 diaconus,
3595 1974 3690 2011 sa-

2053 2049 2255 2102 cerdos
2285 2054 2342 2102 et
2375 2049 2706 2117 patriarcha
2735 2048 3039 2101 ordinatus
3088 2051 3196 2101 est.
3250 2046 3528 2115 Idemque
3557 2061 3693 2099 mox

2054 2136 2265 2191 ritibus
2296 2135 2355 2190 in
2385 2136 2629 2191 ecclesia
2660 2136 2955 2191 consuetis
3000 2134 3372 2190 Theodorum
3418 2134 3688 2189 eumdem

2054 2224 2457 2295 imperatorem
2490 2225 2803 2280 coronavit.

2126 2348 2195 2402 ll.
2230 2348 2409 2401 Nemo
2460 2366 2570 2403 non
2604 2348 2757 2402 videt
2805 2348 2858 2401 iu
2915 2348 3005 2403 his
3054 2347 3222 2403 facile
3274 2346 3539 2402 consumi
3589 2346 3687 2401 de-

2054 2437 2065 2487 l
2098 2437 2249 2489 nist
2276 2437 2370 2489 inti
2402 2436 2639 2489 rvallum
2685 2438 3277 2507 sesquimenstruum,
3325 2441 3389 2489 ut
3437 2434 3526 2488 vix
3561 2441 3684 2488 tan-

2053 2525 2181 2576 dem
2218 2525 2324 2577 sul)
2351 2524 2607 2577 medium
2640 2524 3007 2577 Decembrem
3060 2523 3486 2594 possessionem
3522 2523 3681 2576 adire

2053 2610 2478 2679 patriarchatus
2528 2612 2805 2665 Arsenius
2862 2612 3131 2681 potuerit.
3187 2610 3331 2675 Quia
3390 2626 3580 2680 porro,
3616 2612 3682 2663 ut

2053 2703 2214 2752 notat
2261 2698 2606 2768 Acropolita,
2654 2699 2994 2752 Theodorus
3039 2699 3357 2767 imperator
3403 2702 3675 2752 evocatus

2054 2786 2488 2856 Adrianopolim
2520 2786 2879 2840 instantibus
2928 2788 3146 2846 causis.
3191 2785 3459 2855 eXpedire
3493 2802 3553 2839 se
3583 2784 3684 2839 Ni-

2052 2889 2175 2927 caea:
2228 2873 2534 2927 festinabat
2585 2874 2915 2929 necessaria
2971 2874 3311 2928 caeremonia
3367 2873 3683 2944 inaugura-

2054 2960 2223 3014 tionis
2254 2977 2392 3024 suaa,
2426 2977 2550 3030 quae
2585 2961 2772 3032 prima
2802 2962 2850 3016 ei
2885 2967 3017 3033 apta
3052 2978 3112 3015 se
3154 2961 3368 3015 obtulit
3398 2960 3520 3014 dies
3554 2960 3686 3029 (fuit

2051 3064 2117 3102 ea
2146 3047 2357 3104 Christi
2396 3049 2646 3116 natalis),
2681 3049 2737 3102 in
2772 3065 2838 3104 ea
2869 3049 3051 3105 sacris
3104 3050 3356 3120 primum
3408 3053 3683 3119 operante

1968 3169 2009 3234 Ο
2056 3136 2381 3207 patriarcha
2406 3136 2722 3191 solemnem
2781 3136 2838 3192 in
2892 3136 3107 3207 templo
3157 3137 3581 3191 coronationem
3617 3152 3681 3190 ac

2049 3226 2199 3294 cepit
2230 3224 2321 3278 die
2351 3225 2421 3277 25
2467 3225 2821 3290 Decembris,
2855 3243 2887 3279 a
2919 3242 3033 3295 qua
3077 3226 3189 3289 die,
3246 3242 3372 3295 qua:
3406 3230 3565 3279 sexta
3595 3229 3681 3278 est

2044 3318 2367 3378 numerata,
2425 3313 2759 3368 Decembris
2817 3315 2887 3367 30
2944 3314 3235 3367 horrenda
3282 3313 3425 3367 solis
3476 3312 3679 3383 eclipsi

2042 3400 2151 3454 fuit
2184 3400 2757 3471 insignis.Habemus
2780 3417 2846 3454 ex
2878 3400 2966 3455 liis
2999 3401 3230 3455 initium
3265 3401 3419 3455 sedis
3450 3399 3677 3454 Arsenii

2044 3488 2201 3543 omni
2253 3488 2527 3543 ﬁrmitate
2570 3490 2952 3543 constitutum
3023 3490 3080 3543 in
3132 3507 3330 3543 mense
3381 3479 3683 3543 Decembri

2045 3576 2178 3631 anni
2217 3576 2353 3630 1255
2384 3593 2415 3631 a
2457 3576 2686 3631 Christo
2738 3582 2893 3632 nato.
2948 3578 3337 3632 Perseveravit
3392 3576 3528 3629 inde
3579 3575 3676 3629 ille

2042 3664 2100 3718 in
2152 3663 2474 3735 tranquilla
2524 3665 2814 3719 fonctione
2870 3666 3301 3735 patriarchatus
3366 3681 3554 3734 usque
3605 3664 3675 3717 ad

2045 3758 2287 3808 mortem
2323 3752 2608 3807 Theodori
2639 3753 3163 3824 imperatoris,quaa
3196 3768 3394 3807 mense
3418 3756 3676 3820 Augusto

2045 3842 2178 3896 anni
2204 3842 2415 3897 Christi
2451 3842 2585 3894 1259
2615 3841 2828 3908 evenit,
2863 3857 3083 3895 necnon
3117 3858 3303 3912 usque
3335 3842 3404 3895 ad
3428 3840 3671 3894 evectio-

2044 3945 2176 3983 nem
2203 3929 2259 3983 in
2287 3930 2593 3999 imperium
2618 3928 2914 3984 Michaelis
2932 3928 3438 4000 Palzeologi,quem
3468 3932 3523 3982 et
3546 3944 3674 3981 coro

2044 4016 2283 4081 navit,et
2312 4017 2543 4087 quidem
2576 4017 2998 4083 solum,contra
3028 4034 3200 4088 quam
3237 4021 3521 4071 statutum
3550 4017 3675 4068 fee-

2044 4109 2170 4173 rat;
2204 4105 2356 4175 quod
2390 4105 2499 4159 fuit
2532 4104 2759 4159 initium
2786 4104 3092 4174 dejiciendi
3117 4105 3185 4159 ab
3206 4121 3305 4175 spe
3336 4102 3563 4173 imperii
3589 4119 3667 4157 re-

2045 4193 2395 4263 digendique
2425 4192 2481 4246 in
2516 4194 2775 4247 ordinem
2802 4192 3049 4247 infelicis
3082 4180 3239 4263 pueri
3272 4191 3517 4247 Joannis
3544 4193 3665 4257 jam

2042 4280 2309 4351 Augusti.
2344 4280 2784 4335 Coronationem
2832 4280 3007 4335 istam
3058 4280 3359 4348 Palasologi
3396 4278 3663 4349 probabi-

2044 4369 2172 4423 liter
2202 4369 2556 4424 conferimus
2588 4369 2645 4423 in
2682 4369 3057 4424 Februarium
3103 4369 3238 4422 anni
3286 4367 3499 4423 Christi
3536 4368 3669 4421 1260

2041 4461 2165 4511 Non
2199 4456 2369 4527 longo
2401 4461 2531 4526 post
2561 4471 2685 4511 eam
2717 4461 2976 4527 tempore
3031 4456 3311 4511 Arsenius
3373 4473 3501 4511 sera
3557 4456 3667 4508 du-

2039 4548 2166 4599 ctus
2218 4544 2551 4615 poenitentia
2600 4544 2895 4599 facilitatis
2956 4562 3094 4610 sure,
3155 4562 3271 4615 qua
3325 4545 3667 4615 permiserat

2041 4633 2227 4687 omitti
2263 4632 2690 4686 coronationem
2737 4632 2939 4702 pupilli
2993 4632 3271 4704 principis
3314 4634 3440 4702 ejus
3485 4632 3664 4702 potis-

2041 4721 2257 4776 simum
2305 4719 2437 4774 ﬁdei
2488 4736 2520 4772 a
2571 4723 2733 4789 patre
2780 4720 3059 4774 moriente
3100 4721 3506 4787 commendati,
3564 4720 3665 4774 Ni-

2041 4826 2156 4863 caea
2186 4808 2414 4878 fugiens
2444 4808 2500 4861 in
2525 4807 2945 4862 monasterium
2978 4810 3197 4863 dictum
3246 4807 3541 4864 Paschasii
3575 4823 3666 4860 se-

2043 4897 2235 4962 cessit,
2269 4894 2464 4965 ibique
2496 4895 2773 4965 privatam
2807 4911 2976 4964 agere
3023 4896 3199 4951 vitam
3246 4896 3516 4950 instituit.
3554 4896 3665 4949 Hoc

2040 4985 2267 5038 videtur
2295 4984 2509 5038 factum
2544 4999 2743 5037 mense
2774 4982 2977 5037 Martio
3010 4984 3145 5038 dicti
3178 4986 3309 5038 anni
3348 4982 3663 5037 1260.Nam

2041 5074 2167 5143 ejus
2201 5072 2277 5127 rei
2315 5072 2552 5126 nuntius
2574 5072 2834 5141 perlatus
2867 5072 2933 5125 ad
2970 5071 3378 5143 imperatorem
3412 5070 3661 5125 Michae-

2039 5162 2152 5217 lem
2185 5160 2416 5223 dicitur,
2451 5176 2565 5230 quo
2591 5164 2851 5229 tempore
2884 5159 2931 5213 is
2967 5162 3114 5215 726
3146 5162 3409 5227 trajicere
3441 5158 3662 5212 Helles-

2040 5255 2284 5321 pontum
2343 5249 2586 5318 parabat
2641 5247 2710 5300 ad
2754 5250 3048 5302 visendam
3098 5248 3413 5319 Selybriam
3459 5263 3492 5301 a
3540 5245 3663 5299 suis

2040 5343 2266 5407 captam
2308 5336 2480 5406 paulo
2512 5340 2665 5389 ante.
2711 5335 2795 5389 Ita
2823 5335 3223 5407 Paehymeres,
3283 5334 3321 5387 l.
3379 5350 3439 5399 ti,
3490 5350 3539 5388 ο.
3569 5335 3658 5387 15.

2040 5427 2210 5481 Recte
2240 5425 2348 5478 hoc
2382 5423 2629 5495 quadrat
2658 5422 2717 5476 in
2750 5424 3100 5494 principium
3147 5423 3380 5493 Aprilis,
3424 5437 3657 5476 vernam

2038 5514 2318 5568 nimirum
2365 5516 2796 5583 tempestatem,
2833 5527 2959 5581 qua
2995 5527 3158 5583 reges
3189 5511 3381 5566 solent
3406 5510 3475 5565 ad
3508 5507 3658 5564 bella

2036 5600 2363 5673 precedere,
2414 5606 2480 5656 ut
2524 5598 2823 5670 Scriptura
2859 5600 3135 5672 loquitu‘r.
3180 5601 3347 5669 Nam,
3395 5608 3459 5660 ut
3505 5595 3655 5652 locet
