4108 6294
436 306 574 361 1183

1456 310 1521 362 Ρ.
1561 307 1835 363 POSSINI
1881 307 2483 364 OBSBBVATIONUM
2519 310 2650 363 LIB.
2692 310 2769 362 III

3681 295 3834 358 1184;

432 429 587 485 idem
620 429 1542 502 historicus,Constantinopeleos
1573 431 2067 503 oppugnationem
2095 433 2151 498 Α
2180 431 2582 495 triarchatum,
2614 430 2812 485 Alexio
2844 423 3245 497 Strategopulo
3278 420 3510 489 Caesari,
3567 420 3669 492 qui
3719 436 3826 475 ur-

434 517 646 572 Mihael
669 518 860 573 animo
891 520 1177 587 versabat,
1208 535 1384 589 quam
1435 537 1494 574 re
1535 520 1663 591 ipsa
1719 524 1807 574 est
1837 535 2069 590 aggres-

434 622 535 659 sus
569 606 898 676 insequenti
931 611 1147 662 testate.
1201 609 1364 663 Tunc
1414 612 1606 662 autem
1641 608 1690 661 is
1739 608 1944 661 itinere
1975 624 2073 662 co—

433 694 614 763 gitato
646 698 1057 764 supersedens,
1088 697 1248 750 dedit
1290 714 1525 767 operam
1576 697 1750 751 rebus
1784 697 2069 762 Ecclesiae,

434 783 649 837 ibidem
682 783 777 837 ubi
813 790 948 837 tunc
979 790 1102 838 erat
1134 784 1433 855 Nymphaai
1457 785 1795 855 persistens,
1829 800 2068 855 congre-

434 872 625 939 ganda
657 873 876 941 synodo
932 888 1061 941 quae
1106 874 1174 926 de
1224 874 1451 928 Arsenii
1499 889 1730 927 secessu
1766 877 2067 927 statueret.

436 958 706 1026 Synodus
741 960 999 1014 Nicetam
1034 961 1347 1029 quemdam
1382 962 1466 1031 [P.
1507 962 1629 1027 513]
1661 962 1731 1015 ad
1763 962 2069 1015 Arsenium

438 1045 634 1101 mittit.
670 1046 724 1100 Is
755 1047 825 1099 ab
858 1047 1100 1101 Arsenio
1151 1048 1447 1102 renuntiat
1500 1049 1702 1103 cedere
1755 1048 1919 1102 illum
1972 1065 2069 1118 pa-

438 1135 748 1188 triachatu.
784 1134 884 1189 Hic
913 1134 1046 1189 ﬁnis
1081 1135 1190 1188 fuit
1222 1135 1431 1204 prioris
1462 1137 1685 1189 Arsenii
1733 1136 1907 1190 sedis.
1941 1136 2071 1198 Quae

441 1239 574 1277 cum
607 1222 843 1277 desierit
868 1222 1050 1291 Aprili
1082 1223 1219 1277 anni
1266 1224 1405 1278 4260
1447 1230 1503 1277 et
1550 1224 1785 1293 coeperit
1831 1224 2073 1278 Decem-

441 1311 527 1364 bri
562 1310 698 1364 anni
733 1311 890 1377 1255,
925 1317 1175 1381 quatuor
1206 1328 1491 1367 annorum
1536 1316 1593 1366 et
1642 1318 1918 1381 praeterea
1940 1313 2074 1367 teti-

444 1399 574 1453 dem
608 1398 724 1452 fere
757 1399 1047 1453 mensium
1081 1399 1253 1454 fuerit
1282 1406 1527 1471 oportet.

514 1505 612 1558 Ill.
642 1508 704 1559 ln
738 1506 864 1573 ejus
896 1504 1085 1560 locum
1135 1506 1488 1561 substitutus
1530 1506 1726 1561 statim
1773 1512 1861 1561 est
1912 1506 2077 1563 Nice-

449 1592 666 1663 phorus
696 1597 834 1647 tunc
865 1593 1075 1664 Ephesi
1110 1594 1493 1664 metropolita.
1529 1594 1642 1648 Cur
1672 1595 1869 1649 statim
1902 1595 1957 1648 id
1994 1596 2073 1647 fa-

447 1689 606 1734 ctum
640 1682 871 1734 credam
923 1697 1101 1735 causa
1143 1686 1249 1749 est,
1295 1682 1434 1752 quia
1485 1683 1795 1736 festinabat
1847 1682 1905 1736 in
1943 1699 2077 1752 pro-

2177 519 2309 573 hem
2342 524 2592 589 ceperat,
2626 518 2875 573 eximius
2908 519 2963 570 et
2995 514 3164 584 plane
3188 509 3685 567 extraordinarius
3710 509 3823 561 ho-

2178 624 2282 661 nos
2314 613 2404 661 est
2436 607 2694 673 habitus,
2723 610 2787 659 ut
2816 603 3014 659 statim
3048 606 3177 673 post
3207 604 3499 671 Augustos
3528 597 3625 667 qui
3652 612 3820 650 coro-

2179 696 2491 760 nabantur,
2527 694 2632 748 hoc
2661 703 2746 749 est
2774 692 3113 747 Michaelem
3141 688 3530 757 Palaaolegum
3548 691 3605 740 et
3627 685 3820 738 Theo-

2178 782 2380 837 doram
2412 785 2540 852 ejus
2572 782 2899 851 conjugem,
2953 778 3356 834 nominaretur
3412 775 3470 828 in
3526 772 3818 844 synaptis,

2180 870 2289 925 hoc
2337 876 2423 925 est
2456 871 2516 925 in
2547 870 2767 923 litaniis
2815 879 2865 923 et
2899 867 3174 939 precibus
3215 862 3491 937 publicis.
3554 862 3819 916 Refertur

2179 958 2289 1014 hoc
2321 977 2351 1013 a
2383 959 2754 1030 Pachymere,
2792 958 2827 1011 Ι.
2862 973 2945 1023 m,
2979 972 3028 1009 c.
3063 958 3097 1008 2
3128 954 3237 1009 sub
3272 953 3471 1019 ﬁnem,
3506 950 3605 1004 ubi
3668 952 3821 1003 recte

2180 1047 2446 1102 observat
2480 1046 2792 1101 historicus
2838 1044 3021 1099 fuisse
3077 1042 3228 1096 hanc
3279 1039 3585 1111 quamdam
3636 1053 3820 1091 exau-

2181 1134 2562 1191 ctorationem
2599 1134 2802 1206 pupilli
2836 1132 3102 1195 Joannis,
3158 1126 3512 1184 astutissimi
3563 1126 3817 1196 impera-

2179 1224 2322 1278 toris
2355 1223 2657 1277 blanditiis
2683 1228 2738 1278 et
2769 1221 2993 1275 artibus
3050 1220 3424 1289 impetratam
3469 1232 3499 1268 a
3559 1212 3820 1283 simplici

2182 1311 2428 1365 nimium
2461 1310 2810 1381 patriarcha,
2846 1326 2959 1363 non
2994 1307 3328 1378 providente
3376 1308 3501 1357 tum
3553 1301 3823 1355 videlicet

2183 1416 2296 1470 quo
2328 1400 2445 1455 haec
2478 1399 2854 1471 pertinerent.
2889 1399 2951 1452 In
2981 1412 3094 1466 quo
3128 1398 3189 1449 ut
3240 1394 3406 1447 fucus
3454 1391 3617 1445 fieret
3673 1388 3820 1457 seni,

2184 1492 2249 1542 ut
2278 1504 2343 1541 ex
2376 1486 2595 1543 caeteris
2625 1494 2881 1558 apparet,
2917 1481 3228 1555 suspicaci,
3250 1485 3306 1537 et
3323 1480 3417 1535 cui
3439 1478 3602 1533 salus
3630 1477 3819 1548 digni-

2182 1579 2392 1646 tasque
2417 1574 2620 1646 pupilli
2642 1573 3040 1641 Joannis,ejus
3058 1568 3333 1641 peculiari
3351 1584 3504 1623 curae
3526 1563 3819 1626 commisi,

2184 1668 2328 1728 erat,
2358 1670 2423 1718 ut
2453 1662 2710 1734 oportuit
2741 1668 2796 1716 et
2825 1676 2918 1716 res
2949 1661 3163 1714 deinde
3192 1659 3622 1721 monstrarunt,
3649 1654 3820 1723 longe

450 1768 642 1823 cinctu
695 1770 766 1822 ad
811 1769 1235 1838 expeditionem
1286 1743 1587 1841 urgentem
1631 1743 1986 1840 imperator;
2028 1773 2085 1825 et
2113 1770 2159 1834 B
2190 1751 2556 1841 οδθτίεείωεξο
2590 1750 2723 1841 quis
2756 1749 3060 1841 n0“_Vid_et
3090 1747 3270 1803 ίυίδδθ
3292 1761 3529 1841 Ρθίξθδθθ
3551 1748 3611 1840 “ﬁ
3636 1743 3824 1841 βίᾚίίῖξ

446 1855 571 1925 ipse
585 1856 948 1927 Nicephorus
969 1858 1349 1929 cupidissime
1367 1860 1693 1913 assentiens
1713 1857 1935 1913 nullam
1952 1875 2078 1913 mo-

444 1960 566 1998 ram
593 1945 942 2015 interposuit
970 1945 1235 2000 electioni
1267 1946 1738 2001 suaeNarrantur
1776 1947 1895 2001 haec
1927 1964 1977 2001 υ.
2010 1948 2079 2001 15

443 2036 499 2087 et
532 2034 616 2086 16.
652 2032 689 2085 l.
726 2034 890 2098 u,ubi
914 2038 971 2088 et
999 2034 1212 2088 dicitur
1242 2036 1443 2089 eodem
1476 2040 1733 2105 tempore
1756 2034 2078 2090 decessisse

446 2120 758 2193 Nymphae
789 2123 1196 2192 imperatorem
1240 2124 1475 2193 quidem
1521 2122 1847 2193 Callipolim
1875 2140 2077 2177 versus

442 2225 575 2263 cum
606 2209 862 2264 exercitu
895 2211 962 2264 ad
998 2210 1562 2281 Constantinopolim
1597 2212 2073 2281 oppugnandam,

441 2314 658 2352 novum
675 2313 809 2352 vero
833 2298 1222 2367 patriarcham
1249 2298 1639 2369 Nicephorum
1668 2299 2075 2369 Nicaeam,quaa

445 2402 578 2440 cum
610 2390 765 2441 esset
799 2391 936 2441 tunc
966 2388 1106 2441 urbs
1139 2387 1316 2458 regia,
1348 2386 1570 2441 Latinis
1599 2387 2078 2455 ConstantinOpo-

444 2473 550 2528 lim
586 2475 1005 2541 tenentibus,in
1037 2491 1105 2530 ea
1135 2475 1345 2531 solitus
1376 2481 1499 2530 erat
1528 2475 1757 2529 Graecus
1789 2475 2074 2530 Constan-

442 2562 862 2633 tinopolitanus
894 2562 1226 2633 patriarcha
1248 2562 1791 2618 diversarLInitium
1827 2564 2074 2633 patriar—

450 2650 658 2705 chatus
684 2650 987 2721 Nicephori
1016 2650 1405 2706 verisimiliter
1448 2652 1744 2705 confertur
1788 2652 1844 2705 in
1899 2651 2073 2703 ﬁnem

442 2740 656 2810 Aprilis
697 2744 797 2795 aut
845 2740 1080 2795 initium
1147 2740 1280 2795 Maii
1340 2740 1477 2795 anni
1536 2757 1714 2811 supra
1771 2738 2077 2794 memorati

443 2829 603 2883 4260.
637 2829 844 2883 Narrat
871 2828 1006 2884 inde
1046 2830 1441 2901 Pachymeres,
1496 2830 1534 2884 l.
1600 2846 1664 2893 ιι,
1696 2845 1745 2882 c.
1800 2830 1891 2895 20,
1942 2828 2075 2881 diu-

442 2920 678 2971 turnam
706 2922 763 2971 et
785 2916 1008 2971 irritam
1037 2917 1538 2987 oppugnationem
1589 2916 1825 2984 Galatae,
1876 2915 1933 2968 in
1961 2931 2077 2985 qua

444 3007 760 3076 imperator
805 3007 1173 3076 consumpsit
1217 3009 1499 3061 aestatem.
1557 3006 1752 3073 quue
1813 3004 1882 3057 ad
1942 3018 2075 3057 eum

2193 1841 2447 1911 ﬂagrans
2476 1839 2657 1894 Alexii
2688 1837 2954 1905 Caesaris,
2983 1837 3040 1891 in
3098 1833 3503 1891 recentissima
3561 1829 3829 1886 videlicet

2190 1927 2471 1983 memoria
2499 1926 2714 1982 heroici
2748 1925 3021 1980 facinoris
3053 1941 3167 1995 quo
3198 1940 3318 1977 rem
3352 1923 3672 1977 Romanam
3714 1918 3827 1971 im-

2189 2016 2331 2082 perii
2362 2015 2666 2087 metropoli
2716 2014 3113 2085 recuperanda
3169 2007 3609 2079 incomparabili
3656 2008 3833 2061 bene-

2189 2104 2313 2159 ﬁcis
2344 2104 2455 2159 sibi
2488 2103 2864 2171 devinxisset,
2911 2102 3164 2156 rationes
3223 2098 3450 2171 pupulli
3514 2094 3827 2167 principis,

2188 2193 2282 2246 cui
2314 2192 2744 2262 praeferebatur,
2788 2196 2844 2245 et
2873 2189 3089 2244 multas
3122 2188 3266 2243 alias
3310 2193 3421 2241 tam
3472 2184 3826 2239 inusitatum

2188 2280 2437 2335 homicis
2491 2297 2605 2335 non
2664 2278 3005 2348 imperantis
3061 2278 3339 2331 honorem
3414 2273 3829 2328 dissuadentes

2189 2367 2684 2422 considerationes
2714 2367 3066 2421 eluctaretur
3094 2364 3121 2418 ?
3146 2364 3328 2434 Igitur
3348 2377 3483 2417 cum
3512 2360 3719 2414 urbem
3756 2358 3825 2412 ab

2186 2455 2381 2510 Alexio
2413 2458 2641 2526 captam
2675 2454 3045 2509 statuerimus
3078 2453 3171 2507 die
3200 2452 3288 2517 25,
3330 2449 3467 2504 Julii
3501 2447 3641 2502 anni
3690 2448 3821 2500 1261

2186 2544 2517 2614 ingressum
2548 2560 2679 2598 vero
2729 2559 2856 2597 eam
2913 2539 3158 2596 solemni
3217 2554 3430 2609 pompa
3480 2536 3823 2590 Michaelem

2187 2634 2511 2701 Augustum
2538 2632 2603 2685 18
2626 2630 2727 2686 Kal
2751 2632 3042 2699 Septemb.
3067 2630 3329 2699 ejusdem
3356 2626 3516 2693 anni,
3543 2625 3638 2678 die
3656 2638 3817 2677 sacro

2186 2719 2442 2789 Deiparea
2472 2723 2785 2789 assumptaa
2817 2720 3019 2772 doceat
3047 2715 3376 2787 Acropolita
3419 2730 3469 2768 c.
3503 2713 3595 2779 88,
3639 2713 3829 2766 dicere

2187 2806 2767 2861 valdeverisimiliter
2798 2822 3114 2876 possumus
3162 2806 3532 2872 resumptum
3593 2801 3665 2854 ab
3724 2802 3832 2853 Ar-

2190 2896 2351 2949 senio
2376 2894 2631 2965 regimen
2659 2892 3066 2963 patriarchalis
3091 2891 3247 2946 sedis
3261 2891 3369 2945 sub
3384 2889 3559 2943 ﬁnem
3574 2887 3827 2958 Augusti

2192 2983 2411 3037 mensis
2443 2987 2498 3036 et
2521 2980 2817 3036 Michaelis
2838 2980 3269 3036 coronatienem
3295 2977 3404 3033 sub
3426 2976 3663 3030 initium
3688 2976 3823 3045 Sep-

445 3064 805 3163 Nicephorus
833 3064 1180 3164 patriarcha,
1217 3098 1495 3164 pertaesus
1524 3064 2076 3162 Nicaeensium,que-
2110 3097 2155 3161 C
2192 3071 2437 3164 fﬁmbris
2470 3069 2845 3164 ce!‘3_bratf1fn_-
2881 3070 2943 3164 Ῑξι
2977 3085 3091 3139 qu"
3120 3067 3168 3122 εί
3199 3065 3335 3164 filiis
3364 3064 3704 3164 Vitilitigal‘f’
3736 3078 3831 3164 νε·

448 3197 576 3235 rum
609 3182 849 3236 Arsenio
882 3182 1248 3235 addictorum
1285 3179 1417 3234 odia
1447 3180 1502 3232 in
1536 3196 1598 3235 se
1628 3178 1861 3250 irasque
1917 3178 2079 3233 nulla

449 3268 703 3323 delinere
735 3273 858 3323 arte
889 3272 1177 3338 potuerat,
1214 3283 1274 3322 se
1304 3266 1682 3339 contulit,spe
1711 3267 2077 3337 ingrediendi

447 3373 579 3411 cum
613 3357 739 3426 ipso
794 3360 1058 3427 Augusto
1111 3356 1315 3411 urbem
1376 3373 1531 3423 mox,
1590 3362 1654 3409 ut
1710 3356 2078 3421 credebatur,

446 3444 810 3515 capiendam.
840 3444 947 3499 Sed
979 3461 1112 3499 cum
1162 3444 1527 3499 obsidionem
1577 3443 1801 3498 solvere
1848 3447 2081 3499 coactus

447 3532 767 3603 imperator
805 3533 1187 3604 Nymphaeum
1220 3550 1280 3588 se
1314 3534 1652 3604 recepisset,
1679 3540 1915 3588 secutus
1948 3549 2082 3587 eum

449 3620 590 3674 illuc
626 3620 983 3692 Nicephorus
1018 3622 1092 3675 ibi
1126 3626 1214 3677 est
1242 3626 1506 3676 mortuus
1538 3623 1647 3677 sub
1682 3626 2079 3688 autummum,

456 3711 520 3761 ut
550 3713 811 3779 apparet,
845 3713 950 3763 aut
978 3709 1188 3763 hiemis
1216 3709 1445 3764 initium
1476 3710 1739 3778 ejusdem
1766 3709 1903 3763 anni
1929 3707 2083 3760 1268.

457 3798 643 3861 Quare
670 3795 827 3851 illius
864 3795 1287 3867 patriarchatus
1320 3797 1477 3851 haud
1510 3797 1629 3851 fere
1659 3796 1888 3865 longior
1909 3794 2087 3865 septi-

459 3882 657 3935 mestri
712 3888 811 3937 aut
869 3883 1184 3937 ectimestri
1245 3884 1373 3937 fuit.
1432 3884 1581 3937 Hinc
1634 3884 1855 3936 vacavit
1926 3882 2090 3935 sedes

458 3987 677 4024 annum
756 3971 1003 4040 circiter,
1064 3972 1233 4027 anxie
1309 3971 1666 4026 deliberante
1745 3971 2093 4041 imperatore

460 4075 631 4128 quem
667 4060 737 4114 ad
770 4060 1020 4115 rationes
1072 4061 1363 4116 meditata
1423 4060 1827 4131 expunctionis
1885 4057 2091 4129 pupilli

463 4148 965 4203 accommodatum
1005 4150 1055 4203 ei
1110 4149 1446 4220 praeﬁceret,
1503 4149 1689 4219 quoad
1752 4147 1983 4201 tandem
2036 4146 2092 4199 in

468 4235 683 4289 Arsenii
716 4237 1136 4291 revocationem
1188 4236 1504 4301 consensit,
1540 4237 1710 4305 cujus
1740 4234 1797 4288 in
1840 4233 2094 4304 praeteri-

466 4322 620 4377 tione
651 4324 1042 4379 coronatienis
1071 4324 1314 4379 Joannis
1338 4323 1499 4395 pueri
1533 4323 1868 4395 patientiam
1892 4337 2098 4392 exper-

470 4414 566 4465 tus
598 4412 855 4482 speravit
884 4413 1060 4466 etiam
1110 4429 1175 4466 eo
1207 4412 1364 4467 facili
1398 4428 1637 4466 usorum
1670 4411 1728 4465 in
1760 4415 2096 4465 exauctora-

468 4498 623 4553 tione
653 4516 830 4569 quam
865 4501 1106 4569 parabat
1135 4501 1419 4571 ejusdem.
1442 4499 1697 4570 Contigit
1720 4498 1951 4553 interim
1969 4498 2098 4569 capi

472 4588 695 4655 urbem,
740 4593 795 4643 et
852 4589 1260 4660 imperatorem
1319 4589 1377 4644 in
1424 4606 1552 4643 eam
1611 4588 1804 4643 invehi
1850 4587 2095 4643 solemni

472 4691 702 4745 pompa,
737 4676 929 4747 ibique
951 4677 1061 4732 ﬁxo
1084 4678 1208 4747 jam
1238 4677 1551 4733 domicilio.
1576 4678 1880 4733 Arsenium
1906 4677 2097 4731 denuo

471 4762 717 4818 electum
755 4783 786 4819 a
817 4766 1035 4836 synodo
1068 4766 1265 4820 missis
1289 4766 1494 4836 legatis
1525 4766 1804 4821 invitasse
1835 4766 1902 4819 ad
1933 4782 2097 4819 resu-

474 4854 743 4906 mendam
775 4852 1114 4907 melioribus
1146 4854 1421 4923 auspiciis
1452 4855 1777 4909 addicatam
1814 4854 1951 4908 olim
1998 4869 2096 4923 po-

474 4946 761 4997 testatem.
794 4942 1015 5004 Quibus
1045 4942 1140 4997 ille
1171 4944 1495 4999 assentiens
1526 4946 1585 4998 in
1618 4947 1821 4999 urbem
1851 4944 2007 4999 venit
2043 4947 2100 4998 et

473 5031 629 5086 sedis
688 5030 1093 5100 patriarchalis
1160 5034 1589 5103 possessionem
1674 5049 1880 5087 rursus
1959 5030 2103 5086 adiit

475 5118 513 5175 1.
548 5137 634 5188 ΙΙΙ,
669 5138 717 5175 c.
750 5124 803 5175 2.

549 5228 693 5283 727
730 5226 821 5282 IV.
852 5228 1071 5283 Arsenii
1104 5227 1532 5283 restitutionem
1566 5244 1680 5283 non
1732 5227 1918 5282 multo
1973 5230 2103 5297 post

476 5321 704 5387 captam
741 5317 942 5371 urbem
974 5316 1285 5385 contigisse
1323 5316 1456 5369 inde
1500 5321 1910 5385 argumentum
1968 5314 2103 5369 duci

480 5410 690 5475 potest,
739 5406 892 5474 quod
955 5406 1011 5459 in
1071 5404 1327 5459 secunda
1382 5403 1752 5459 coronatiene
1807 5402 2105 5458 Michaelis

484 5494 553 5546 ab
585 5493 822 5548 Arsenio
854 5491 1094 5547 delinito
1152 5490 1321 5546 donis
1380 5499 1437 5545 et
1493 5491 1811 5547 honoribus
1859 5491 2107 5545 libenter

483 5583 787 5648 celebrata,
818 5580 1082 5652 proxima
1112 5579 1414 5635 Dominica
1444 5587 1572 5650 post
1603 5585 1967 5650 resumptum
2009 5596 2105 5648 pa-

2192 3159 2279 3225 lit,
2313 3162 2509 3213 tamen
2542 3158 2694 3212 idem
2729 3157 2785 3210 id
2818 3157 2874 3210 in
2910 3156 3147 3227 longum
3182 3154 3414 3209 diﬂ‘erre
3446 3168 3558 3207 non
3593 3152 3830 3221 poterit.

2187 3248 2329 3302 Cum
2362 3247 2515 3301 enim
2551 3250 2704 3300 certo
2732 3244 3133 3299 deﬁnierimus
3166 3241 3457 3314 superius,
3490 3256 3540 3295 ο.
3595 3241 3650 3303 4,
3683 3256 3741 3293 n.
3776 3240 3832 3307 4,

2186 3336 2469 3391 Joannem
2502 3338 2586 3405 (P.
2617 3334 2744 3404 514)
2788 3337 3119 3405 Augustum
3179 3346 3422 3401 puerum
3477 3333 3832 3383 excecatum

2190 3423 2392 3489 fuisse,
2418 3424 2508 3478 die
2538 3422 2749 3476 Christi
2776 3420 2963 3476 Natali
3004 3420 3183 3491 hujus
3214 3418 3348 3473 anni
3400 3418 3553 3486 1261,
3586 3421 3644 3471 et
3702 3432 3834 3469 ma-

2192 3511 2467 3567 nifestum
2502 3510 2578 3565 sit
2608 3511 2758 3564 inter
2787 3510 3219 3564 coronatienem
3242 3505 3535 3563 Michaelis
3556 3510 3611 3558 et
3643 3519 3828 3558 excre-

2193 3600 2477 3654 cationem
2537 3598 2780 3653 Joannis
2840 3598 3114 3652 idoneum
3177 3593 3493 3665 quodpiam
3545 3592 3835 3662 temporis

2195 3688 2475 3757 spatium,
2508 3686 2934 3754 intercessisse,
2970 3684 3126 3739 haud
3170 3683 3371 3752 utique
3429 3680 3614 3734 multo
3678 3678 3847 3732 ultra

2198 3777 2367 3829 ﬁxam
2402 3792 2434 3829 a
2462 3775 2630 3829 nobis
2659 3774 2788 3828 initi
2821 3774 3144 3829 secundum
3199 3772 3270 3826 ab
3301 3768 3544 3825 Arsenio
3585 3769 3840 3838 patriar-

2198 3864 2402 3918 chatus
2432 3863 2714 3933 epocham
2748 3862 2947 3917 licebit
2977 3859 3375 3931 quamtumvis
3397 3862 3603 3929 arguto
3636 3856 3838 3925 conje-

2200 3952 2383 4006 cturis
2404 3949 2651 4021 evagari.

2270 4077 2333 4132 V.
2366 4076 2663 4130 Habemus
2693 4074 2927 4129 initium
2953 4073 3189 4130 secundi
3210 4071 3643 4144 patriarchatus
3665 4076 3837 4125 Arse-

2202 4163 2303 4218 nii.
2340 4163 2539 4217 Restat
2569 4162 2701 4215 ﬁnis
2751 4161 3011 4232 ejusdem
3063 4160 3451 4229 indagandos.
3497 4158 3709 4212 Narrat
3742 4157 3841 4211 Pa-

2204 4254 2525 4325 chymeres,
2561 4253 2599 4306 l.
2634 4269 2718 4319 ιιι,
2753 4270 2802 4307 c.
2839 4254 2924 4317 14,
2956 4252 3266 4306 Arsenium
3301 4248 3696 4321 patriarcham
3739 4263 3837 4301 au-

2204 4342 2326 4397 dita
2354 4342 2595 4397 Joannis
2624 4342 3004 4395 excazcatiene
3036 4339 3346 4394 anathema
3377 4339 3435 4393 in
3468 4338 3595 4405 ejus
3650 4339 3840 4391 aucto-

2127 4453 2175 4514 Β
2206 4447 2327 4485 rem
2362 4429 2700 4485 Michaelem
2734 4432 3065 4500 Augustum
3108 4428 3434 4481 intorsisse.
3500 4427 3557 4479 Id
3622 4426 3836 4514 factum

2208 4519 2461 4590 oportuit
2492 4518 2643 4572 circa
2672 4516 2901 4571 initium
2934 4519 3071 4570 anni
3102 4515 3314 4571 Christi
3354 4515 3505 4580 1263,
3554 4529 3687 4567 cum
3726 4510 3840 4582 pri-

2207 4623 2365 4660 mum
2403 4622 2608 4675 nempe
2642 4605 2877 4675 vulgata
2906 4605 3061 4657 fama
3091 4608 3179 4658 est
3210 4602 3347 4657 facti
3403 4602 3639 4655 atrocis.
3700 4601 3836 4668 Cap.

2208 4695 2415 4749 deinde
2449 4695 2512 4747 19
2545 4693 2758 4748 dicitur
2790 4691 3153 4760 Michaelem,
3201 4694 3511 4761 postquam
3571 4687 3839 4742 videlicet

2207 4782 2544 4853 aliquandiu
2580 4780 2962 4852 ignominiam
2996 4779 3386 4833 meritissima:
3413 4794 3595 4848 poenae
3626 4777 3837 4831 tacitus

2205 4871 2441 4934 tulerat,
2474 4870 2708 4939 petiisse
2740 4867 3061 4939 supplicem
3097 4868 3165 4922 ab
3198 4866 3440 4921 Arsenio
3483 4864 3836 4920 solutionem

2208 4959 2620 5025 anathematis,
2653 4973 2756 5011 nec
2789 4962 3007 5023 tamen,
3040 4955 3176 5010 licet
3205 4956 3299 5009 diu
3350 4959 3408 5009 et
3465 4954 3837 5009 vehementer

2206 5046 2541 5115 institisset,
2572 5046 2881 5116 impetrare
2911 5044 3189 5115 potuisse.
3220 5042 3400 5096 Multa
3457 5042 3667 5098 dehinc
3718 5056 3843 5095 nar-

2209 5141 2413 5192 rantur
2442 5153 2644 5191 novem
2673 5134 2915 5206 reliquis
2950 5135 3237 5204 capitibus
3294 5134 3428 5189 libri
3483 5134 3662 5199 tertii,
3712 5148 3837 5203 quae

2210 5225 2307 5281 illo
2338 5224 2640 5281 intervallo
2673 5226 2885 5279 frustra
2905 5223 3092 5294 petitae
3114 5222 3500 5278 absolutionis
3521 5223 3590 5277 ab
3614 5238 3843 5277 excom-

2214 5314 2607 5369 municatione
2642 5313 2789 5368 728
2821 5313 3207 5382 contigerunt.
3243 5310 3373 5365 Haec
3413 5314 3585 5381 prout
3640 5309 3694 5364 in
3751 5326 3845 5377 sy-

2214 5402 2379 5474 nopsi
2414 5402 2822 5472 chronologica
2844 5400 3219 5471 digessimus,
3263 5398 3428 5453 facile
3448 5398 3630 5453 trium
3663 5414 3847 5452 anne~

2214 5508 2344 5546 rum
2377 5491 2632 5562 spatium
2664 5489 2915 5560 explent.
2950 5487 3185 5551 Quando
3211 5488 3334 5556 jam
3367 5487 3687 5556 desperans
3742 5485 3849 5540 Mi-

2216 5579 2375 5635 chael
2408 5579 2727 5650 quidquam
2759 5594 2863 5632 sua
2890 5591 3067 5631 causa
3109 5574 3394 5629 facturum
3431 5575 3743 5628 Arsenium
3777 5572 3848 5627 ad
