4108 6294
291 374 436 431 1185

1672 359 2288 419 CHRONOLOGICUS.

291 498 597 570 episcopos
629 494 699 549 de
730 495 887 547 statu
920 506 1113 545 rerum
1157 505 1398 545 suarum
1430 503 1555 543 eam
1601 485 1922 541 orationem
1953 485 2006 551 Α
2038 496 2165 535 vem
2197 476 2446 533 duravit.
2475 473 2790 570 -Ut_sem.el
2849 473 3218 570 absolvemus
3278 475 3346 529 de
3403 475 3667 531 Arsenio.

295 585 520 651 habuit,
554 599 682 654 qua:
712 597 759 635 ο.
799 582 848 650 1,
885 578 923 632 l.
960 596 1018 633 Iv
1049 579 1349 633 recitatur.
1386 579 1446 632 In
1480 593 1546 630 ea
1585 574 1752 646 quasi
1803 573 1930 627 fun-

299 676 575 730 damenta
598 671 756 740 jacta
790 671 930 725 sunt
962 666 1345 736 depositionis
1374 662 1600 719 Arsenii
1641 664 1724 717 Ad
1754 676 1930 732 quam

303 768 368 817 ut
390 773 732 832 processum
766 755 943 810 fuerit
974 755 1178 809 docere
1201 754 1515 807 historicus
1551 750 1752 819 incipit
1785 749 1821 803 l.
1856 764 1931 813 Iv,

306 868 352 905 c.
388 851 421 903 3
453 848 549 902 ubi
582 844 879 900 accusatio
909 842 969 896 in
1003 843 1395 913 patriarcham
1420 839 1628 911 cupide
1645 839 1713 892 ab
1746 838 1934 906 impe-

307 943 495 993 ratore
543 937 779 1003 accepta
827 935 1207 986 memoratur.
1256 927 1562 984 Damnatio
1601 925 1828 980 Arsenii
1882 928 1938 978 et

306 1019 937 1091 exauctoratiojudicio
970 1018 1171 1089 synodi
1226 1019 1457 1072 decreta
1506 1016 1753 1069 refertur
1783 1029 1831 1068 c.
1863 1014 1935 1080 6;

310 1111 568 1167 executio
599 1124 768 1181 porro
802 1106 1104 1162 sententiae
1136 1109 1192 1160 et
1243 1104 1445 1175 ejectio
1489 1102 1718 1157 Arsenii
1750 1119 1779 1156 e
1809 1102 1945 1157 sede

309 1206 365 1256 et
397 1206 539 1256 urbe
572 1197 953 1270 perscribitur
983 1212 1033 1250 c.
1066 1197 1131 1262 8;
1164 1193 1367 1260 oratio,
1409 1194 1479 1247 de
1520 1209 1635 1262 qua
1666 1190 1940 1259 diximus,

310 1286 686 1360 imperatoris
717 1284 920 1340 habita
951 1283 1180 1337 videtur
1210 1282 1319 1336 sub
1351 1280 1581 1335 initium
1615 1278 1752 1333 anni
1783 1278 1941 1344 1:263,

314 1393 447 1433 cum
480 1377 603 1445 jam
664 1390 766 1444 per
814 1388 997 1427 annos
1048 1375 1167 1425 tres
1219 1366 1799 1434 excomunicationis,
1832 1380 1947 1435 qua

316 1466 524 1519 fuisset
554 1462 814 1532 illigatus
847 1458 1045 1514 statim
1078 1462 1208 1528 post
1238 1456 1675 1511 excaecationem
1704 1452 1947 1508 Joannis

314 1552 503 1624 pueri,
556 1550 907 1605 solutionem
963 1546 1361 1616 nequidquam
1412 1544 1749 1614 ﬂagitasset.
1812 1544 1949 1597 Post

316 1641 632 1695 oralionem
666 1637 850 1706 illam,
883 1652 1009 1706 qua:
1038 1632 1196 1687 velut
1220 1633 1518 1703 clarigatio
1551 1631 1814 1702 quaedam
1840 1630 1950 1684 fuit

315 1728 606 1792 terrendo,
636 1726 686 1780 si
718 1724 841 1779 ﬁeri
877 1727 1093 1793 posset,
1128 1721 1469 1792 patriarchae
1502 1719 1823 1790 praemissa,
1857 1734 1946 1773 se-

315 1822 458 1872 cutas
518 1818 655 1869 sunt
703 1811 1152 1867 deliberationes
1215 1810 1621 1879 episcoporum
1665 1813 1721 1862 et
1759 1807 1951 1861 ofﬁcia

318 1905 636 1959 multorum
693 1917 759 1954 ex
792 1900 935 1969 ipsis
981 1900 1047 1952 ad
1090 1896 1479 1969 patriarcham
1531 1913 1631 1966 pro
1682 1898 1947 1965 Augusto

319 1990 603 2061 supplice,
636 1993 761 2043 tum
797 1986 1006 2041 ultima
1039 1986 1213 2054 hujus
1231 1984 1469 2055 Josephi
1493 1985 1583 2039 sui
1608 1983 1948 2038 confessarii

320 2082 388 2134 ad
412 2077 719 2133 Arsenium
754 2074 1041 2146 allegatio.
1068 2076 1200 2139 Quae
1233 2090 1366 2127 cum
1409 2072 1552 2126 nihil
1578 2072 1946 2143 proﬁcerent,

321 2168 554 2222 tandem
588 2164 698 2220 sub
732 2163 966 2217 initium
995 2161 1208 2232 Aprilis
1238 2161 1479 2216 Arsenio
1530 2160 1602 2214 lis
1635 2166 1725 2214 est
1755 2158 1948 2213 inten-

324 2261 461 2319 tata,
506 2254 698 2309 oblato
731 2257 935 2307 contra
983 2250 1148 2304 illum
1190 2249 1406 2305 libello.
1441 2250 1519 2303 De
1550 2250 1657 2303 hac
1688 2266 1747 2303 re
1778 2248 1952 2303 verba

326 2342 693 2413 Pachymeris
726 2341 983 2394 notanda
1013 2343 1149 2393 sunt
1179 2355 1227 2392 c.
1262 2337 1360 2391 illo
1392 2338 1445 2405 3,
1481 2339 1515 2394 Ι.
1567 2354 1643 2406 ιν,
1692 2338 1774 2391 sic
1807 2336 1951 2391 scri-

327 2432 515 2486 bentis
558 2448 571 2484 :
621 2428 757 2482 Τότε
810 2427 992 2479 τοίνυν
1058 2422 1471 2499 βοηδρομιῶνος
1517 2423 1807 2494 ἱσταμένου
1864 2422 1953 2476 καὶ

326 2520 566 2587 συνήθων
618 2518 876 2584 νηστειῶν
920 2508 1265 2584 τελουμένων
1316 2512 1509 2586 ἑορτῆς
1559 2512 1830 2585 ἀγομένης
1887 2512 1951 2578 ἣν

326 2605 607 2669 ἀκάθιστον
643 2602 865 2673 σύνηθες
912 2600 1215 2672 ὀνομάζεινο
1251 2605 1392 2657 Tunc
1442 2601 1624 2673 igitur
1668 2602 1789 2655 sub.
1842 2601 1956 2655 im-

331 2696 455 2751 tiun
487 2695 693 2765 Aprilis
721 2694 977 2748 solemnis
1025 2690 1225 2759 ieiunii
1277 2695 1538 2759 tempore,
1599 2690 1726 2744 dum
1761 2693 1958 2759 festum

335 2792 586 2853 ageretur
615 2781 752 2851 quod
783 2780 1118 2835 Acathistum
1166 2777 1333 2846 vulgo
1382 2780 1695 2832 nominant.
1746 2783 1957 2832 Datum

339 2875 542 2925 contra
572 2866 964 2939 patriarcham
996 2866 1256 2921 libellum
1289 2866 1720 2920 accusatoriam
1757 2881 1960 2919 conse-

333 2962 576 3029 quenter
608 2959 790 3009 narat.
823 2953 1086 3008 Diximus
1136 2954 1195 3007 in
1240 2952 1535 3008 Glossario
1580 2954 1750 3007 verbo
1799 2951 1961 3004 Ἀκά-

332 3056 537 3110 θιστος,
572 3045 783 3098 festum
811 3041 956 3096 illud
988 3042 1224 3096 solitum
1268 3042 1447 3096 fuisse
1495 3040 1773 3095 celebrari
1818 3041 1962 3094 Sab-

2037 570 2123 639 [P.
2158 566 2281 635 515]
2317 563 2522 619 mortis
2543 564 2671 633 ejus
2689 562 2841 617 diem
2867 561 3184 617 historicus
3218 566 3415 618 noster
3438 580 3676 645 expres-

2039 658 2135 725 sit,
2193 654 2231 709 l.
2289 671 2344 718 v,
2395 670 2444 708 c.
2493 652 2583 715 20,
2637 652 2729 705 his
2788 651 3025 705 verbis:
3063 651 3392 724 Ἐπροὶττετο
3448 652 3543 721 μὲν
3578 649 3669 705 οὖν

2036 747 2202 798 ταῦτα
2231 736 2677 817 ἐλαφηϐολιῶνος
2723 735 2853 812 ἕκτῃ
2891 739 3061 810 μηνὸς
3089 743 3185 793 τοῦ
3217 739 3462 801 ἐπιόντος
3494 735 3673 810 ἔτους,

2037 835 2134 884 τοῦ
2185 830 2524 902 πατριάρχου
2573 825 2854 900 Ἀρσενίου
2904 826 3164 901 πρότερον
3222 829 3257 897 ἢ
3311 832 3475 881 ταῦτα
3528 830 3676 904 γενέ.-

2042 930 2161 981 aeut
2218 920 2440 990 ἡμερῶν
2591 916 2726 968 κατὰ
2772 915 2872 982 τήν
2901 917 3062 982 νῆσον
3122 914 3521 987 μεταλλάξαντο
3580 917 3675 971 εἴτ’

2045 1006 2134 1061 οὖν
2178 1007 2471 1081 τριακοστῇ
2525 1004 2883 1078 γαμηλιῶνος
2936 1005 3128 1074 μηνός·
3190 1011 3295 1062 "se
3351 1016 3500 1074 gesta
3548 1012 3677 1062 sunt

2050 1100 2277 1168 (nempe
2311 1094 2703 1166 ignominiosa
2754 1093 3043 1147 traductio
3103 1094 3390 1166 Holoboli)
3445 1095 3679 1151 ineunte

2048 1201 2191 1240 anno
2222 1184 2314 1253 (ob
2345 1182 2577 1236 initium
2626 1181 2891 1236 videlicet
2948 1182 3284 1237 indictionis
3341 1201 3374 1237 a
3416 1185 3677 1254 Septem-

2048 1273 2158 1344 bri)
2190 1272 2289 1326 die
2317 1275 2471 1325 seacta
2499 1270 2746 1327 Octobris
2772 1270 3089 1339 patriarcha
3133 1270 3367 1324 Arsenio
3396 1286 3491 1326 sex
3518 1274 3679 1342 prius

2049 1352 2235 1416 diebus
2265 1376 2427 1429 quam
2486 1360 2601 1415 hwc
2654 1359 2849 1426 ﬂerent
2878 1358 2939 1411 in
2972 1358 3160 1411 insula
3188 1368 3434 1413 mortuo.
3475 1360 3535 1413 In
3587 1359 3680 1415 his

2053 1450 2251 1505 nullus
2284 1452 2523 1519 apparet
2553 1447 2849 1501 charicter
2883 1447 3018 1501 ccrti
3055 1448 3211 1501 anni.
3263 1450 3450 1514 Quare
3500 1450 3568 1504 ad
3604 1450 3681 1504 il—

2049 1538 2163 1592 lius
2193 1537 2611 1607 indigationem
2645 1535 2757 1588 alia
2788 1536 3173 1605 grassandum
3205 1542 3293 1591 est
3324 1536 3433 1590 via.
3466 1541 3678 1592 Narra-

2059 1626 2312 1680 veratibi
2337 1624 2712 1694 Pacbymeres
2747 1638 2980 1677 causam
3017 1624 3262 1694 primam
3296 1624 3392 1679 iraa
3423 1625 3681 1697 impera-

2054 1713 2198 1768 toris
2230 1712 2286 1766 in
2321 1710 2662 1766 Holobolum
2698 1711 2990 1765 exstitisse
3048 1727 3115 1765 ex
3165 1712 3343 1781 hujus
3402 1715 3682 1785 praecipiti

2057 1802 2307 1872 quadam
2354 1799 2655 1869 eruptione
2709 1799 3126 1869 indignationis
3158 1800 3216 1853 in
3253 1803 3684 1871 imperatorem,

2057 1898 2148 1951 cui
2180 1914 2312 1951 cum
2344 1896 2620 1951 inservire
2652 1896 2921 1965 cmpisset
2962 1896 3020 1950 in
3073 1897 3301 1967 negotio
3329 1898 3686 1954 conciliatio-

2055 1987 2144 2040 nis
2202 1985 2601 2049 ecclesiarum,
2661 1984 3043 2055 suggerendis
3075 2001 3144 2039 ex
3174 1985 3419 2041 historia
3467 1992 3567 2041 aut
3607 1987 3685 2042 le-

2055 2075 2242 2129 ctione
2274 2074 2509 2127 Patrum
2544 2071 2901 2140 argumentis
2927 2074 2995 2125 ad
3022 2089 3145 2126 eam
3172 2075 3535 2129 suadendam
3581 2093 3681 2147 ap-

2056 2163 2152 2229 tis,
2187 2166 2422 2231 repente
2454 2160 2789 2215 institutum
2840 2165 2896 2214 et
2947 2161 3299 2216 sententiam
3349 2165 3681 2218 mutaverit.

2056 2251 2314 2305 offensus
2345 2250 2499 2319 quod
2533 2249 2591 2303 in
2623 2250 2875 2319 qundam
2907 2252 3077 2315 cmtu,
3116 2249 3195 2303 uti
3228 2250 3357 2304 aliis
3406 2252 3688 2308 sessionis

2058 2341 2337 2393 honorem
2367 2337 2684 2401 imperator
2716 2338 3035 2402 lribuisset,
3067 2338 3263 2406 ipsum
3321 2338 3509 2394 solum
3555 2340 3685 2395 reli-

2058 2426 2283 2496 quisset
2306 2430 2577 2479 stantem.
2606 2426 2763 2480 Unde
2809 2424 2906 2478 ille
2950 2424 3339 2495 interrogatus
3370 2427 3440 2480 de
3472 2444 3531 2482 re
3563 2444 3689 2499 quae

2061 2512 2439 2579 tractabatur,
2469 2516 2851 2582 praeterquam
2878 2514 3125 2583 speratis
3158 2519 3213 2568 et
3237 2514 3400 2584 prius
3437 2517 3691 2573 ostensis

2061 2601 2349 2656 contraria
2378 2601 2575 2654 omnia
2606 2600 2928 2670 respondit,
2960 2601 3133 2655 etiam
3179 2602 3437 2671 Augusto
3487 2620 3692 2674 expro-

2062 2688 2707 2745 bravitexcaeeationem
2746 2688 2906 2759 pueri
2937 2688 3202 2743 Joannis.
3237 2689 3399 2745 Unde
3447 2691 3694 2763 impera-

2063 2784 2185 2833 tore
2216 2776 2729 2831 vehementissimo
2752 2784 3066 2841 commoto,
3092 2777 3403 2833 Holobolus
3430 2780 3540 2835 sibi
3575 2798 3696 2836 me-

2067 2873 2236 2923 tuens
2296 2867 2354 2920 in
2414 2866 2637 2937 asylum
2689 2866 2943 2921 ecclesiae
3004 2867 3344 2937 confugerit,
3404 2869 3506 2924 sed
3561 2870 3696 2925 inde

2067 2963 2297 3019 blandis
2329 2963 2695 3033 imperatoris
2726 2963 3101 3018 suasionibus
3131 2969 3445 3033 extractus,
3478 2966 3701 3038 relega-

2069 3058 2165 3107 tus
2196 3051 2445 3105 Niczeani
2467 3050 2643 3105 fuerit
2664 3051 2721 3103 in
2745 3051 3167 3105 monasterium
3190 3050 3516 3123 Hyacinthi.
3548 3055 3698 3109 Scri-

332 3134 477 3213 bato
527 3132 742 3213 quintae
804 3130 1209 3213 hebdo‘madax
1248 3130 1408 3183 verni
1463 3129 1678 3213 jejunii
1734 3129 1962 3213 dierum
2002 3211 2027 3213 _
2070 3140 2156 3194 bit
2185 3142 2381 3193 autem
2416 3137 2629 3191 ibidem
2662 3137 3065 3209 Pachymeres,
3099 3140 3169 3193 ab
3201 3140 3314 3195 ista
3350 3139 3698 3213 relegatione

330 3210 744 3282 quadraginta:
777 3209 1067 3263 εθκάθοίω
1100 3209 1308 3263 diebus
1339 3213 1471 3296 θοῗξθ
1521 3208 1763 3262 Ρθδοδθι
1811 3211 1955 3296 CUFD
1988 3211 2030 3276 C
2073 3227 2333 3282 nondum
2366 3242 2518 3279 anno
2546 3225 2791 3296 expleto,
2822 3208 3085 3281 vocatum
3147 3226 3336 3284 Nicaea
3365 3208 3700 3284 Constanti-

332 3304 559 3365 autem,
593 3302 659 3351 ut
692 3296 1091 3364 manifestum,
1142 3312 1257 3350 non
1309 3295 1570 3365 quolibet
1626 3311 1778 3349 anno
1823 3294 1964 3349 Sab-

328 3390 527 3442 batum
564 3385 781 3455 quintae
813 3384 1199 3438 hebdomadis
1231 3385 1769 3454 quadragesimaein
1794 3384 1963 3455 Apri-

333 3476 405 3529 lis
437 3474 672 3528 initium
722 3473 1022 3540 incideret,
1067 3478 1308 3542 apparet
1338 3472 1431 3526 his
1463 3474 1652 3527 verbis
1684 3471 1966 3527 contineri

334 3562 727 3617 characterem
756 3560 892 3616 anni
919 3576 1091 3630 quem
1118 3561 1453 3630 quaerimus.
1483 3561 1635 3615 Ordo
1650 3578 1843 3615 rerum
1869 3576 1964 3631 ge-

338 3655 560 3704 starum
576 3649 634 3703 in
649 3648 882 3720 synopsi
900 3664 1191 3718 expansus
1206 3648 1366 3702 ducit
1382 3665 1487 3701 nos
1501 3650 1571 3703 ad
1586 3648 1969 3704 annumChri-

338 3738 411 3792 sti
438 3738 600 3804 1266;
646 3753 781 3791 nam
803 3736 893 3790 hic
926 3753 1116 3790 annus
1161 3737 1272 3790 fuit
1292 3736 1507 3806 periodi
1534 3737 1775 3790 Julianar:
1805 3737 1965 3801 5979,

334 3826 475 3897 cycli
511 3827 654 3880 solis
683 3827 767 3892 15,
797 3824 936 3895 cycli
962 3825 1113 3878 lunae
1140 3826 1225 3877 11.
1260 3824 1477 3878 Horum
1510 3825 1802 3893 cyclorum
1833 3842 1964 3879 cer-

339 3914 571 3968 tissimo
604 3914 818 3967 iudicio
852 3913 1135 3965 habemus
1167 3911 1390 3964 Pascha
1438 3912 1535 3965 illo
1587 3929 1736 3965 anno
1788 3912 1967 3967 fuisse

335 4002 548 4072 Aprilis
572 4003 660 4068 18;
706 4002 857 4055 unde
880 4000 1287 4054 retrocedendo
1311 4003 1377 4053 ad
1405 3999 1720 4053 Sabbatum
1756 4001 1966 4068 quinta:

342 4090 715 4143 hebdomadas
748 4088 1210 4159 Quadragesimm
1235 4104 1300 4141 ac
1343 4090 1551 4141 festum
1583 4087 1966 4157 Acathistum,

340 4177 663 4247 reperimus
686 4176 741 4229 id
768 4175 1046 4230 incidisse
1084 4176 1140 4229 in
1164 4176 1401 4229 tertium
1448 4175 1686 4244 Aprilis,
1715 4176 1812 4245 qui
1845 4176 1968 4229 dies

342 4265 643 4335 aptissime
675 4265 943 4334 congruit
987 4264 1043 4317 in
1095 4264 1251 4318 illam
1298 4264 1647 4318 mentionem
1681 4263 1969 4333 ἱσταμένου

345 4348 784 4424 βοηδρομιῶνος,
823 4352 1157 4422 incipientis
1184 4351 1419 4421 Aprilis.

413 4474 508 4530 VI.
534 4474 911 4545 Morajudicii
937 4464 1119 4528 totius
1138 4475 1373 4543 aprima
1397 4474 1686 4530 delatione
1708 4476 1776 4529 ad
1802 4492 1967 4530 exse-

2068 3314 2323 3384 nopolim
2357 3312 2699 3367 Holobolum
2734 3313 2805 3368 ab
2835 3314 3185 3384 imperatore
3232 3317 3300 3371 ad
3336 3318 3527 3372 dirum
3554 3335 3701 3390 sup-

2069 3402 2309 3473 plicium
2335 3402 2533 3455 fuisse.
2552 3401 2734 3471 Igitur
2752 3401 2800 3456 si
2824 3404 3189 3472 potuerimus
3212 3405 3453 3460 definire
3466 3410 3698 3477 tempus

2069 3490 2230 3545 illius
2261 3494 2603 3555 conventus,
2638 3504 2753 3560 quo
2784 3506 2952 3545 suam
2999 3507 3231 3561 gravem
3271 3493 3329 3547 in
3382 3494 3699 3565 perniciem

2074 3586 2190 3640 ruit
2218 3585 2534 3639 Holobolus
2579 3587 3026 3654 intemperantia
3069 3587 3166 3641 irae
3198 3594 3255 3643 et
3302 3589 3533 3661 linguas,
3582 3595 3698 3645 sta-

2074 3679 2236 3728 tuere
2258 3672 2453 3726 licebit
2482 3673 2552 3727 de
2579 3688 2710 3727 vero
2734 3677 2990 3743 tempore
3024 3691 3155 3729 cum
3181 3676 3453 3748 supplicii
3487 3681 3557 3734 de
3587 3685 3702 3735 Ho-

2072 3762 2262 3817 lobolo
2286 3762 2505 3831 sumpti
2528 3765 2653 3814 tum
2686 3763 2888 3815 mortis
2921 3764 3169 3818 Arsenii.
3198 3766 3365 3835 Atqui
3394 3784 3701 3838 speramus

2072 3850 2244 3905 istius
2294 3850 2530 3919 quidem
2577 3849 2689 3903 voti
2742 3866 2848 3902 nos
2881 3850 3000 3904 fore
3030 3856 3350 3922 compotes.
3386 3853 3529 3908 Nam
3565 3872 3702 3910 cou-

2068 3946 2279 3993 ventus
2304 3940 2411 3992 iste
2434 3938 2661 3991 videtur
2686 3937 2783 3992 ille
2804 3937 2957 3991 idem
2988 3938 3169 3992 fuisse
3191 3956 3362 4010 quem
3390 3943 3703 4014 descripsit

2073 4028 2480 4098 Pachymeres,
2513 4043 2561 4079 c.
2599 4028 2665 4079 12
2694 4026 2825 4079 libri
2858 4027 3120 4096 ejusdem
3149 4045 3201 4092 v,
3236 4030 3334 4083 ubi
3394 4032 3572 4084 tradit
3618 4032 3705 4086 iu-

2073 4122 2296 4171 tentum
2330 4116 2738 4185 imperatorem
2796 4115 3155 4169 adducendis
3186 4118 3244 4171 in
3279 4135 3441 4172 suam
3469 4120 3538 4173 de
3571 4137 3709 4189 pace

2074 4205 2328 4258 ineunda
2362 4219 2493 4257 cum
2534 4203 2732 4256 Latina
2757 4203 3016 4257 Ecclesia
3062 4205 3433 4273 sententiam,
3491 4208 3707 4263 aversis

2073 4293 2145 4346 ab
2177 4309 2241 4346 eo
2275 4290 2519 4345 consilio
2555 4290 2901 4360 praesulibus
2920 4291 3154 4357 Graecis,
3180 4299 3525 4366 congregato
3551 4298 3705 4367 apud

2070 4397 2134 4435 se
2165 4379 2492 4450 patriarcha
2522 4394 2650 4432 cum
2688 4378 2972 4448 episcopis
2996 4384 3051 4433 et
3075 4381 3381 4451 praecipuis
3416 4400 3485 4436 ex
3531 4384 3706 4451 clero,

2071 4466 2357 4521 institisse
2380 4474 2441 4519 ut
2460 4465 2516 4518 in
2539 4481 2665 4519 eam
2679 4466 3138 4521 conciliationem
3159 4484 3460 4524 assensum
3480 4472 3708 4540 darent,

339 4564 633 4618 cutionem
664 4562 967 4617 sententiae
998 4569 1053 4615 et
1096 4562 1555 4631 deportationem
1602 4564 1861 4617 damnati
1896 4565 1965 4617 ad
2000 4555 2047 4616 D
2079 4553 2397 4619 allegandis
2445 4554 2769 4607 rationibus
2815 4569 2960 4622 quas
3008 4556 3059 4608 ei
3109 4564 3525 4626 suggesserant
3554 4561 3708 4615 docti

342 4652 596 4705 insulam
630 4653 879 4704 duorum
918 4649 1027 4703 fuit
1060 4648 1172 4703 fere
1202 4650 1493 4703 mensium
1545 4649 1835 4720 siquidem
1868 4652 1966 4706 do-

340 4745 432 4794 cet
470 4739 871 4809 Pachymeres,
898 4736 935 4791 l.
962 4754 1036 4803 ιν,
1062 4753 1110 4791 c.
1136 4738 1190 4802 8,
1222 4744 1521 4791 extrusum
1548 4754 1648 4808 per
1671 4738 1968 4793 ministros

344 4827 712 4898 imperatoris
762 4824 1135 4896 patriarchali
1183 4825 1399 4896 palatio
1447 4826 1753 4881 Arsenium
1806 4833 1968 4883 nocte

337 4916 557 4971 circiter
585 4919 833 4970 extrema
864 4913 1069 4968 mensis
1105 4915 1267 4967 Maii.
1302 4912 1411 4981 Νὺξ
1459 4914 1525 4980 ἦν
1582 4912 1704 4987 περί
1753 4935 1857 4967 που
1902 4916 1970 4968 τὰ

336 5002 621 5057 τελευταῖα
660 5005 1016 5061 πυαντιῶνος.
1067 5002 1160 5056 Sic
1210 5002 1413 5055 scribit
1450 5001 1558 5055 hoc
1605 5002 1729 5056 loco
1775 5008 1971 5058 noster

339 5093 498 5146 istud
540 5108 772 5156 nomen,
834 5107 963 5145 cum
1022 5090 1163 5143 alibi
1238 5095 1569 5144 constanter
1623 5093 1970 5162 πυανεψιῶνα

340 5181 555 5235 Maium
587 5185 766 5235 vocet.
801 5180 911 5235 Sed
947 5183 1247 5247 utcunque
1289 5179 1475 5233 variet
1529 5180 1822 5249 scriptura
1868 5197 1967 5235 vo-

338 5267 555 5337 cabuli,
590 5284 679 5322 res
710 5273 799 5322 est
829 5267 1063 5338 quidem
1094 5265 1223 5336 ipsa
1269 5266 1510 5321 minime
1541 5267 1718 5321 dubia
1752 5267 1967 5322 Maium

338 5357 431 5411 hic
466 5355 732 5410 indicari.
765 5357 911 5412 729
950 5356 1136 5418 Quare
1168 5358 1323 5408 certo
1356 5369 1423 5408 ex
1451 5354 1542 5409 his
1566 5354 1698 5409 licet
1730 5356 1968 5410 deﬁnire

338 5442 597 5515 spatium
624 5442 861 5497 secundi
887 5441 1310 5512 patriarchatus
1339 5443 1583 5508 Arsenii,
1602 5442 1753 5514 quia
1772 5459 1969 5498 mense

334 5531 663 5602 Septembri
726 5531 863 5586 anni
919 5532 1131 5587 Christi
1184 5532 1314 5584 1261
1352 5531 1421 5584 ad
1457 5532 1629 5586 finem
1669 5533 1800 5587 Maii
1832 5533 1969 5586 1266

330 5637 439 5693 per
470 5636 660 5676 annos
689 5625 944 5692 quatuor
975 5625 1033 5676 et
1060 5635 1294 5676 menses
1310 5626 1587 5690 praeterea
1613 5621 1842 5677 circiter
1871 5638 1972 5678 no-

2086 4643 2376 4710 homines,
2410 4641 2857 4696 archidiaconus
2887 4642 3260 4711 Meliteniota,
3296 4646 3577 4719 Georgius
3605 4654 3707 4721 Cy-

2079 4731 2237 4799 prius
2271 4728 2791 4800 protapostolarius
2821 4733 2877 4783 et
2908 4730 3105 4785 rhetor
3153 4733 3407 4788 ecclesias
3457 4736 3705 4792 Holobo-

2075 4818 2190 4887 lus,
2219 4817 2317 4887 qui
2346 4833 2548 4871 omnes
2580 4819 2839 4883 aderant,
2868 4834 2970 4887 pro
3018 4836 3078 4874 se
3111 4820 3360 4892 quisque
3410 4826 3706 4895 negotium

2072 4908 2365 4977 juvantes,
2399 4922 2777 4976 quamquam,
2811 4912 2874 4960 ut
2918 4908 2995 4961 ibi
3030 4910 3344 4965 submonet
3373 4911 3705 4983 historicus,

2078 5002 2393 5058 Holobolus
2422 5003 2656 5072 quidem
2692 5020 2805 5057 non
2840 5019 2907 5057 ex
2938 5005 3119 5059 animi
3150 5010 3239 5061 sui
3273 5011 3580 5075 sententia,
3605 5013 3707 5067 sed

2076 5092 2132 5144 in
2167 5092 2419 5162 speciem
2453 5094 2731 5145 duntaxat
2756 5107 2859 5145 nec
2893 5093 3086 5147 studio
3112 5095 3358 5150 sincero.
3385 5098 3523 5151 Esse
3552 5098 3709 5154 hunc

2079 5178 2288 5233 ccelum
2344 5180 2614 5233 eumdem
2668 5180 2878 5233 suadet
2931 5197 3313 5251 personarum
3346 5184 3623 5241 identitas
3654 5192 3711 5242 et

2078 5268 2157 5323 rei
2196 5272 2449 5322 tractata:
2481 5267 2540 5320 in
2575 5271 2819 5336 utroque
2853 5283 2865 5321 :
2901 5285 3034 5323 nam
3070 5270 3444 5339 Meliteniota,
3468 5276 3709 5345 Cyprius

2077 5364 2133 5411 et
2156 5355 2473 5410 Holobolus
2504 5354 2810 5425 utrobique
2843 5362 3243 5412 memorantur
3271 5361 3420 5414 730
3464 5362 3711 5417 adhibiti

2077 5444 2469 5514 adjuvandum
2505 5444 2912 5514 imperatorem
2944 5445 2999 5499 in
3033 5446 3443 5503 convincendis
3468 5450 3711 5504 fautori-

2078 5533 2186 5586 bus
2217 5530 2573 5585 schismatis.
2604 5530 2718 5585 Nec
2750 5533 2943 5586 obstat
2994 5536 3148 5603 quod
3188 5534 3287 5590 illo
3327 5552 3374 5591 c.
3418 5538 3487 5589 20
3518 5544 3709 5608 poste-

2080 5619 2246 5676 rioris
2261 5619 2543 5691 temporis
2560 5620 2905 5677 memoriam
2936 5623 3274 5693 exsequitur
3290 5641 3304 5679 :
3320 5641 3456 5681 nam
3492 5626 3709 5685 diserte
