4108 6294
492 332 631 388 1187

1511 332 1573 383 Ρ.
1614 329 1890 385 POSSINI
1927 327 2539 384 OBSERVATIONUM
2576 330 2709 383 LIB.
2751 334 2849 385 ΙΙΙ.

3724 339 3878 395 1188

490 455 1026 521 ἱδὶἀθωνειᾶωοηθι,
1054 453 1209 523 quod
1236 451 1317 507 ibi
1349 454 1568 521 narrat,
1602 454 1795 505 actum
1829 448 2124 520 superius,
2153 447 2209 514 Α
2238 448 2546 505 manifesto
2578 451 2837 521 periculo
2868 453 3117 524 publica:
3147 456 3381 527 quietis,
3414 463 3477 515 ut
3505 475 3745 518 necesse
3768 463 3878 518 ha-

493 546 593 602 sed
620 545 699 599 ibi
731 543 1043 598 memorari
1074 544 1145 597 ob
1163 540 1608 597 similitudinem
1631 555 1846 594 rerum.
1872 538 2125 594 Conven-

491 639 587 689 tus
638 650 807 705 porro
852 631 968 685 illic
1000 648 1047 686 c.
1084 631 1149 685 12
1194 635 1465 685 narratus
1497 628 1867 701 significatur
1907 626 2123 681 ibidem

490 721 750 789 habitus,
784 736 1069 791 posquam
1121 718 1292 789 legati
1326 718 1583 788 Gregorii
1619 718 1673 771 X
1696 714 1986 787 pontiﬁcis
2016 717 2125 768 Ro-

492 807 1232 879 maniConstantinopolim
1259 807 1634 862 advenerant.
1663 806 1788 859 Non
1812 805 2127 874 potuerunt

491 905 685 956 autem
745 898 830 952 illi
887 914 952 952 eo
1010 897 1343 968 pervenisse
1392 896 1555 965 prius
1599 909 1775 963 quam
1805 892 1913 946 sub
1947 890 2121 944 finem

490 990 628 1044 anni
672 987 832 1055 1272,
867 985 1156 1056 siquidem
1208 984 1410 1039 litterae
1461 1000 1607 1053 quas
1638 981 1719 1036 eis
1753 980 2123 1052 perferendas

490 1079 559 1133 ad
592 1075 927 1130 Michaelem
972 1075 1380 1144 imperatorem
1430 1072 1479 1125 is
1522 1070 1782 1141 pontifex
1822 1068 2001 1135 dedit,
2032 1082 2121 1120 re-

487 1167 677 1221 citata)
701 1183 733 1219 a
764 1162 1058 1235 Raynaldo
1098 1160 1195 1215 illo
1248 1178 1400 1215 anno
1425 1178 1480 1214 n.
1512 1160 1603 1229 25,
1646 1158 1871 1227 scriptae
1922 1159 2057 1209 sunt
2087 1156 2121 1207 9

485 1255 610 1308 Kal.
644 1252 923 1307 Novemb.
956 1251 1083 1320 ejus
1135 1266 1305 1319 quem
1355 1248 1472 1301 dixi
1523 1247 1660 1302 anni
1710 1246 1861 1316 apud
1916 1244 2118 1298 urbem

485 1348 760 1407 veterem,
796 1339 894 1395 ubi
953 1338 1263 1408 Gregorius
1312 1342 1451 1392 tunc
1507 1340 1649 1390 erat.
1708 1335 1825 1387 Sub
1884 1332 2115 1386 initium

483 1432 661 1503 igitur
692 1429 830 1483 anni
866 1428 1000 1481 1273
1028 1426 1203 1481 fuerit
1245 1425 1481 1479 habitus
1528 1425 1576 1477 is
1623 1428 1825 1488 castus,
1850 1438 1965 1491 quo
1994 1437 2120 1491 gra-

480 1522 625 1575 tiam
659 1518 813 1588 apud
847 1517 1256 1586 imperatorem
1289 1529 1457 1567 suam
1487 1510 1804 1567 Holobolus
1838 1509 2112 1579 perdidit.

482 1610 564 1663 Ex
596 1623 708 1677 quo
741 1611 1000 1673 tempore
1032 1603 1289 1658 nondum
1338 1617 1491 1655 anno
1542 1600 1791 1668 evoluto,
1831 1601 2117 1651 retractus

482 1691 1049 1763 ConstantinOpolim
1082 1694 1201 1745 tam
1245 1690 1404 1743 diras
1436 1688 1515 1742 ibi
1549 1688 1699 1759 (quas
1731 1703 1779 1740 c.
1812 1686 1881 1739 20
1907 1685 2118 1740 descri-

2231 538 2424 594 buerit
2454 540 2772 610 imperator
2803 544 2979 615 longa
3008 562 3136 600 eam
3164 552 3222 601 et
3264 554 3539 604 accurata
3588 552 3872 608 concione

2232 642 2604 697 compescere
2653 632 2882 686 conari.
2936 632 3197 705 Denique
3242 641 3441 691 narrat
3489 638 3679 694 datam
3738 657 3869 697 esse

2231 731 2465 786 operam
2504 723 2566 772 ut
2599 719 2807 790 reliqui
2839 720 3160 777 Orientales
3189 725 3561 795 patriarchas,
3617 728 3868 784 Alexan-

2229 805 2433 859 drinus
2465 811 2522 859 et
2549 807 2970 876 Antiochenus,
3002 811 3343 881 ejectionem
3385 815 3611 869 Arsenii
3654 819 3865 887 proba-

2229 896 2374 959 rent;
2401 908 2574 962 quam
2625 897 2695 949 ad
2729 912 2846 951 rem
2879 898 3193 953 verisimile
3242 901 3319 955 sit
3348 902 3597 958 missum
3632 906 3706 960 ad
3766 922 3863 961 eos

2227 980 2308 1033 rei
2338 980 2501 1035 factae
2528 984 2889 1054 nuntium,et
2923 993 3320 1057 exspectatum
3352 989 3624 1046 videlicet
3654 1009 3855 1048 eorum

2226 1084 2575 1138 responsum
2605 1087 2666 1125 re
2696 1072 2887 1127 adhuc
2921 1072 3146 1145 integra
3196 1081 3327 1130 ante
3380 1078 3852 1150 subrogationem

2225 1155 2355 1210 novi
2386 1157 2811 1227 patriarchaein
2864 1160 3055 1216 locum
3100 1163 3347 1234 expulsi.
3405 1165 3501 1220 llis
3548 1168 3618 1221 de
3670 1171 3858 1224 causis

2226 1247 2643 1314 propenderem
2677 1248 2950 1317 equidem
3012 1251 3079 1304 ad
3142 1252 3522 1308 differendam
3583 1259 3856 1312 Germani

2223 1331 2565 1388 electionem
2600 1334 2654 1388 in
2692 1353 2909 1391 annum
2945 1343 3307 1409 sequentem;
3362 1343 3515 1411 quod
3573 1359 3674 1413 per
3721 1346 3859 1399 cha-

2223 1425 2501 1475 racterem
2535 1422 2643 1477 hoc
2689 1422 2814 1478 loco
2864 1438 3247 1481 memoratum
3297 1428 3447 1484 licet.
3503 1431 3648 1486 Nam
3695 1450 3857 1503 aeque

2223 1507 2319 1562 illo
2352 1525 2504 1563 anno
2526 1510 2744 1565 Christi
2781 1514 2937 1580 1267,
2971 1530 3102 1568 cum
3150 1515 3348 1586 cyclus
3383 1518 3523 1573 solis
3580 1520 3761 1575 fuerit
3794 1524 3857 1575 16

2223 1595 2453 1651 etlunzs
2490 1602 2573 1668 11,
2603 1600 2701 1665 qui
2726 1602 2866 1655 dant
2912 1601 3131 1657 Pascha
3184 1605 3249 1656 17
3297 1606 3533 1677 Aprilis,
3580 1612 3859 1664 Penteco-

2224 1687 2311 1738 ste
2342 1686 2617 1757 pertingit
2652 1687 2708 1741 in
2755 1704 3017 1743 mensem
3065 1690 3333 1759 Junium,
3393 1695 3665 1765 quintum
3726 1698 3858 1766 ejus

479 1783 722 1852 buntur)
754 1778 1134 1835 contumaciae
1174 1794 1292 1831 suae
1336 1793 1537 1848 pmnas
1569 1776 1791 1867 dederit
1832 1780 1991 1867 sexta
2021 1773 2114 1867 die
2145 1803 2191 1867 Β
2224 1772 2374 1867 diem
2410 1790 2721 1844 occupans.
2757 1777 2903 1840 Quia
2931 1781 3147 1841 tamen,
3207 1782 3360 1850 quod
3394 1782 3595 1836 statim
3657 1789 3853 1839 osten-

480 1870 745 1926 Octobris
778 1870 913 1922 anni
947 1868 1107 1931 1273,
1133 1871 1358 1921 mortuo
1391 1870 1526 1919 ante
1557 1880 1655 1917 sex
1678 1863 1801 1917 dies
1832 1862 1890 1915 in
1920 1861 2113 1917 insula

480 1964 648 2026 Oxea,
682 1957 782 2012 ubi
831 1957 1052 2010 dudum
1105 1954 1393 2010 exulabat.
1453 1952 1719 2016 Arsenio,
1751 1966 1927 2021 quem
1979 1950 2113 2004 inde

478 2046 860 2118 intelligimus
914 2049 1042 2115 post
1097 2060 1265 2098 suam
1325 2060 1354 2096 e
1411 2042 1667 2096 secundo
1718 2038 2109 2110 patriarchatu

477 2136 817 2208 ejectionem
850 2133 1059 2188 vixisse
1098 2132 1268 2187 annis
1321 2135 1567 2201 septem,
1600 2133 1656 2184 et
1687 2132 1898 2199 quator
1947 2126 2110 2182 insu‘

477 2241 579 2297 per
610 2222 932 2279 mensibus.

1112 2361 1338 2418 CAPUT
1377 2360 1469 2416 VI.

476 2465 846 2535 Chronologia
865 2460 1317 2535 patriarcharum
1370 2457 1648 2535 Germani,
1673 2456 1991 2535 Josephi,__e_t
2012 2457 2107 2535 _Jo-

541 2538 704 2591 annis
743 2526 922 2596 Pecéi,
947 2534 1043 2602 qui
1072 2536 1187 2601 post
1216 2532 1524 2595 Arsenium,
1558 2532 1872 2602 imperante
1903 2526 2106 2581 Micha-

541 2610 624 2661 ele
656 2598 986 2671 Palaeologd,
1019 2598 1203 2656 sedem
1234 2598 1899 2667 Constantinopolitanam
1924 2607 2109 2653 tenue-

542 2683 693 2733 runt.
728 2678 950 2745 Tempus
979 2675 1165 2729 missae
1194 2671 1487 2743 legationis
1515 2672 1591 2725 ad
1618 2687 1844 2740 papam.

546 2795 629 2862 [P.
660 2794 787 2862 516]
820 2793 870 2845 1.
894 2791 1028 2845 Post
1057 2793 1320 2843 amotum
1358 2787 1671 2842 Arsenium
1697 2786 2021 2840 Germanus
2041 2800 2108 2838 ex

471 2883 547 2937 Ad
560 2879 970 2952 rianipolitana
984 2879 1119 2933 sede
1134 2878 1191 2931 in
1204 2876 1586 2932 Constantino
1596 2874 1905 2946 politanam
1924 2879 2110 2929 trans-

474 2971 629 3026 latus
660 2975 716 3024 et
747 2967 1076 3040 patriarcha
1129 2964 1463 3021 declaratus
1493 2969 1582 3018 est
1611 2978 1799 3017 mense
1826 2960 1991 3017 Iunio
2021 2960 2109 3015 die

464 3062 603 3129 festo
634 3056 811 3112 sancti
841 3055 1104 3127 Spiritus,
1138 3059 1203 3108 ut
1240 3052 1498 3123 loquitur
1529 3051 1932 3120 Pachymeres,
1964 3048 2001 3102 1.
2029 3066 2102 3115 ιν,

464 3163 515 3204 c.
551 3148 617 3200 13
643 3164 655 3201 :
680 3144 860 3212 Μηνὸς
899 3144 1381 3214 μαιμακτηριῶνος
1414 3138 1466 3192 ἐν
1496 3140 1564 3209 τῇ
1594 3140 1691 3189 τοῦ
1736 3136 1891 3209 ἁγίου
1932 3133 2099 3191 Πνεύ-
2133 3155 2173 3221 C

468 3254 637 3305 ματος
695 3233 879 3305 ἑορτῇ.
938 3231 1206 3284 Libenter
1262 3228 1373 3282 hoc
1432 3226 1723 3282 differrem
1778 3226 1835 3278 in
1881 3241 2098 3279 annum

463 3324 824 3391 sequentem.
859 3318 1006 3372 Nam
1036 3317 1191 3371 inter
1220 3313 1749 3369 exauctorationem
1796 3313 2021 3367 Arsenii
2044 3316 2102 3367 et

466 3408 892 3482 promotionem
921 3404 1193 3461 Germani
1214 3403 1396 3458 multa
1418 3406 1837 3457 commemorat
1857 3401 2102 3472 Paschy-

469 3513 658 3552 meres
684 3494 973 3565 eapitibus
989 3494 1043 3556 9,
1088 3493 1153 3545 10
1184 3497 1240 3546 et
1263 3492 1349 3560 11,
1382 3490 1421 3544 1.
1457 3506 1533 3556 iv,
1560 3505 1684 3561 quae
1715 3489 1775 3543 in
1798 3489 2102 3560 angustias

463 3582 957 3655 paucissimorum
981 3580 1208 3635 dierum
1240 3578 1391 3633 inter
1422 3584 1740 3632 extremum
1785 3576 1999 3631 Maium
2047 3581 2104 3631 et

460 3670 700 3728 Junium
736 3669 1031 3723 ineuntem
1062 3665 1547 3720 intercedentium
1572 3664 1874 3735 aegerrime
1906 3663 2098 3717 viden-

462 3766 559 3814 tur
592 3774 764 3830 posse
794 3755 1110 3826 compingi.
1172 3756 1325 3818 Fuit,
1387 3759 1445 3808 ut
1476 3753 1753 3817 diximus,
1785 3752 1894 3805 hoc
1924 3767 2097 3817 anno,

466 3865 581 3918 quo
611 3852 700 3902 est
731 3849 1141 3901 exauctoratus
1184 3842 1487 3908 Arsenius,
1522 3841 1740 3896 Pascha
1772 3840 1839 3893 18
1868 3839 2098 3909 Aprilis,

463 3942 520 3991 et
549 3939 971 4005 consequenter
1000 3933 1353 3997 Pentecoste,
1388 3946 1565 4000 quam
1597 3928 1691 3983 hic
1722 3934 1889 3984 vocat
1906 3933 2103 3983 noster

467 4023 660 4097 ἒορτήν
719 4025 816 4075 τοῦ
873 4020 1025 4095 ἁγίου
1083 4018 1413 4091 Πνεύματος.
1473 4020 1507 4071 6
1562 4017 1744 4074 Junii.
1804 4017 2099 4072 Sententia

468 4111 852 4182 depositionis
907 4109 1125 4181 perlata
1182 4108 1239 4162 in
1302 4107 1609 4161 Arsenium
1667 4112 1722 4161 et
1778 4104 2099 4160 executioni

469 4201 744 4255 mandata
777 4202 865 4254 est
920 4195 1044 4268 περί
1101 4216 1207 4248 πυυ
1257 4194 1325 4248 τὰ
1377 4192 1661 4247 τελευταῖα
1690 4196 1785 4246 τοῦ
1829 4196 2097 4245 πυαντιῶ-

464 4307 578 4358 νος,
605 4288 828 4343 circiter
857 4294 1103 4341 extrema
1123 4286 1327 4339 mensis
1348 4282 1515 4348 Maii,
1536 4288 1597 4336 ut
1628 4281 1779 4336 clare
1803 4282 1976 4336 tradit
1996 4298 2098 4336 no-

465 4381 585 4432 ster
616 4393 665 4430 c.
693 4377 747 4440 8,
794 4375 832 4430 Ι.
884 4391 958 4428 ιν.
1005 4373 1329 4428 Germanus
1378 4388 1548 4441 porro
1578 4371 1965 4440 inauguratus
1996 4387 2100 4441 pa-

465 4465 741 4528 triarcha,
774 4480 841 4517 ex
872 4464 1072 4517 eodem
1129 4467 1385 4528 auctore,
1438 4464 1527 4513 est
1577 4459 1670 4512 die
1711 4459 2098 4527 Pentecostes,

466 4553 571 4607 hoc
602 4556 711 4620 est,
743 4556 904 4605 sexto
962 4550 1141 4604 Junii.
1201 4548 1455 4605 Medium
1518 4547 1773 4618 spatium
1824 4564 1935 4601 non
1972 4547 2102 4617 plus

466 4646 594 4694 octo
646 4644 745 4695 aut
790 4641 988 4694 decem
1024 4638 1250 4692 dierum
1292 4638 1475 4692 fuisse
1505 4636 1777 4707 oportuit.
1808 4635 1876 4688 Et
1906 4640 2098 4689 tamen

465 4729 632 4784 docet
664 4728 933 4782 indicatis
965 4726 1109 4781 locis
1156 4725 1535 4797 Pachymeres
1585 4723 1834 4796 primum
1866 4723 2097 4778 electio-

466 4833 596 4872 nem
631 4816 959 4871 successuri
1010 4814 1253 4868 Arseuio
1302 4813 1503 4867 liberis
1550 4813 1843 4883 suffragiis
1894 4813 2099 4883 synodi

465 4904 728 4960 relictam
757 4905 829 4958 ab
859 4904 1227 4974 imperatore,
1262 4902 1415 4956 unde
1444 4903 1523 4956 sit
1556 4902 1699 4956 78]
1738 4917 2100 4971 consequens

468 5007 696 5047 moram
757 4989 1139 5062 congregatos
1202 4989 1399 5045 Patres
1445 4994 1687 5044 maturas
1734 4988 2101 5060 inquisitioni

468 5080 733 5135 idoneam
760 5078 1109 5150 sumpsisse.
1145 5077 1359 5132 Deinde
1405 5077 1501 5131 ubi
1555 5076 1830 5145 suffragia
1872 5078 1929 5131 in
1963 5076 2099 5131 Ger-

463 5185 702 5224 manum
760 5167 1192 5229 convenissent,
1240 5181 1541 5221 recusasse
1571 5164 1766 5234 ipsum
1800 5165 2101 5220 admittere

464 5258 768 5320 honorem,
820 5272 922 5310 nec
981 5256 1092 5309 nisi
1152 5255 1503 5326 urgentibus
1534 5257 1589 5307 et
1634 5254 1846 5323 sapius
1878 5254 2101 5308 iteratis

458 5345 830 5416 imperatoris
858 5361 991 5400 eum
1026 5344 1094 5398 ad
1132 5343 1236 5397 hoc
1269 5340 1529 5412 quotidie
1571 5341 1841 5395 adeuntis
1872 5343 2101 5396 instan—

456 5434 557 5489 tiis
587 5435 841 5505 denique
874 5433 1222 5487 inclinatum
1271 5429 1615 5484 assensisse.
1661 5433 1942 5485 Praeterea
1982 5448 2099 5486 me-

457 5524 633 5577 minit
663 5522 743 5576 ibi
775 5527 979 5578 auctor
1009 5518 1283 5575 factionis
1317 5516 1519 5573 valinaa
1557 5517 1817 5573 conﬂata:
1856 5521 2102 5575 Arsenio

456 5611 801 5681 faventium,
860 5626 986 5682 quae
1045 5612 1164 5665 tam
1195 5606 1570 5663 vehementer
1628 5606 2100 5667 invalueritcum

2222 1861 2450 1927 demus,
2485 1867 2638 1918 certo
2670 1870 2899 1919 constat
2930 1866 3281 1921 Germanum
3315 1871 3587 1925 eumdem
3609 1873 3856 1942 patriar-

2219 1947 2389 2001 chatu
2423 1950 2673 2005 cessisse
2705 1952 2797 2005 die
2849 1952 2912 2005 14
2951 1954 3313 2023 Septembris
3364 1957 3542 2026 hujus
3599 1960 3859 2028 cjusden:

2219 2036 2355 2089 anni
2388 2036 2543 2104 1267,
2576 2039 2729 2093 unde
2767 2045 2921 2094 esset
2968 2057 3335 2111 consequens
3376 2061 3489 2098 non
3544 2047 3682 2116 plus
3721 2064 3854 2101 eum

2217 2123 2407 2221 tribus
2439 2126 2743 2181 mensibus
2766 2143 2900 2181 cum
2933 2127 3177 2184 dimidio
3213 2129 3272 2185 in
3314 2132 3450 2186 sede
3499 2134 3856 2205 perstitisse,

2217 2216 2268 2265 si
2341 2227 2515 2282 quem
2590 2218 2749 2269 tanta
2810 2216 3247 2286 patriarchatus
3322 2221 3595 2275 Germani
3671 2223 3853 2277 offen-

2217 2302 2334 2374 det,
2367 2303 2579 2372 poterit
2605 2304 2655 2358 is
2688 2320 2787 2374 per
2812 2322 2905 2361 me
2923 2307 3157 2361 credere
3207 2308 3401 2363 Patres
3451 2311 3684 2382 synodi,
3741 2329 3854 2385 quo

2215 2400 2475 2468 tempore
2500 2394 2727 2449 Arsenii
2757 2410 2995 2451 causam
3019 2400 3855 2471 cognoverunt,disquisivisse

2215 2484 2390 2539 simul
2425 2484 2495 2538 de
2525 2498 2882 2550 successore,
2917 2483 2966 2538 si
2991 2484 3155 2551 forte,
3189 2486 3344 2556 quod
3394 2503 3646 2556 pronum
3693 2489 3853 2544 factu

2217 2572 2553 2643 apparebat,
2587 2570 2683 2624 ille
2709 2576 3096 2639 amoveretur;
3127 2590 3308 2643 quare
3349 2577 3553 2630 statim
3600 2593 3668 2631 ac
3715 2593 3847 2633 sen-

2214 2659 2457 2715 tentiam
2490 2659 2548 2713 in
2579 2659 2892 2713 Arsenium
2937 2659 3216 2731 tulerunt,
3260 2662 3545 2735 suffragia
3598 2664 3657 2719 in
3703 2665 3839 2720 Ger-

2215 2747 2373 2803 mani
2403 2746 2742 2803 electionem
2773 2747 2912 2802 dare
2942 2749 3256 2819 potuerint.
3285 2754 3358 2805 De
3390 2752 3643 2807 conﬂato
3672 2755 3839 2808 Arse-

2213 2838 2525 2893 nianorum
2554 2836 2875 2892 schismate
2902 2839 3053 2908 quod
3088 2844 3380 2907 narratur,
3416 2841 3761 2897 inchoatum
3792 2842 3846 2897 id

2214 2927 2740 2998 pendentejudicio
2766 2928 3015 2995 Arsenii,
3049 2933 3321 2983 cistarum
3356 2930 3627 2986 factionis
3658 2924 3847 2987 corro-

2212 3015 2571 3071 borationem
2606 3031 2787 3084 usque
2827 3016 2897 3068 ad
2945 3015 3268 3085 periculum
3325 3018 3649 3087 publicum,
3712 3020 3837 3075 licet

2213 3108 2345 3175 post
2376 3105 2646 3157 Germani
2678 3102 3028 3158 evectionem
3071 3105 3374 3174 exstiterit,
3423 3123 3491 3161 ex
3540 3109 3847 3163 occasione

2215 3208 2311 3261 per
2342 3191 2653 3263 prolepsim
2703 3196 2875 3245 antea
2919 3208 2953 3246 a
2998 3191 3353 3263 Pachymere
3408 3194 3677 3250 relatam.
3738 3198 3849 3252 Po-

2206 3283 2423 3333 stremo
2458 3280 2669 3333 missos
2700 3278 2938 3348 quidem
2970 3279 3169 3334 statim
3203 3282 3441 3337 nuntios
3482 3280 3847 3340 indicaturos

2205 3366 2622 3436 depositionem
2659 3365 2889 3420 Arsenii
2921 3366 2993 3419 ad
3031 3365 3488 3423 Alexandrinum
3539 3374 3596 3425 et
3640 3374 3843 3427 Antio-

2204 3458 2453 3509 chenum
2486 3452 2868 3524 patriarchas,
2903 3454 3002 3508 sed
3035 3470 3235 3510 eorum
3284 3456 3541 3512 reditum
3588 3458 3842 3517 minime

2203 3548 2622 3613 exspectatum.
2658 3541 2779 3596 Non
2803 3542 2955 3596 enim
2986 3541 3069 3596 illi
3103 3544 3448 3614 patriarchae
3477 3547 3693 3602 habere
3730 3566 3842 3620 pu-

2204 3631 2477 3686 tabantur
2506 3631 2562 3684 in
2595 3629 2696 3684 tali
2728 3630 2958 3699 negotio
2991 3631 3094 3700 jus
3145 3633 3445 3704 suffragii:
3488 3635 3710 3706 alioqui
3768 3655 3843 3694 ne

2203 3718 2500 3773 damnatio
2532 3718 2768 3787 quidem
2800 3724 2934 3772 ante
2982 3724 3187 3773 nutum
3238 3736 3442 3776 eorum
3483 3725 3843 3795 praecipitari

2204 3807 2521 3873 debuisset,
2555 3806 2707 3876 quod
2741 3805 2957 3861 factum
2989 3810 3184 3862 tamen
3216 3815 3462 3865 constat.
3496 3811 3746 3868 Summa
3766 3815 3849 3869 sit

2204 3893 2261 3950 in
2290 3896 2482 3949 medio
2515 3894 2722 3964 reliqui
2754 3912 2786 3948 a
2809 3910 2901 3949 me
2931 3896 3242 3966 coeperitne
3274 3899 3355 3968 [P.
3396 3899 3523 3969 517]
3569 3903 3845 3956 Germani

2206 3982 2636 4055 patriarchatus
2668 3999 2822 4037 anno
2856 3984 2994 4037 1266
3024 4000 3096 4038 an
3134 3986 3445 4055 sequenti;
3478 3991 3847 4059 propendere

2206 4078 2402 4127 tamen
2436 4072 2625 4141 magis
2654 4070 2712 4124 in
2742 4087 2920 4141 quam
2955 4072 3269 4128 maximam
3303 4074 3459 4130 sedis
3489 4076 3619 4145 ejus
3652 4078 3845 4133 brevi—

2207 4163 2402 4224 tatem,
2440 4158 2640 4229 utique
2670 4158 2729 4212 in
2763 4175 2877 4228 qua
2912 4159 3143 4216 facilius
3169 4161 3458 4217 rationem
3489 4164 3723 4220 invenio
3745 4183 3852 4221 cur

2207 4250 2277 4303 ab
2323 4264 2388 4302 eo
2445 4246 2670 4302 volente
2723 4251 2781 4302 et
2838 4253 3039 4318 parato
3089 4248 3408 4320 imperator
3473 4253 3853 4310 anathemate

2207 4336 2350 4392 solvi
2383 4353 2444 4391 se
2474 4352 2588 4389 non
2620 4335 2928 4390 curaverit.

2282 4460 2353 4514 ll.
2381 4460 2578 4513 Finem
2609 4457 3037 4529 patriarchatus
3067 4459 3341 4515 Germani
3369 4463 3637 4532 ejusdem
3687 4466 3849 4537 ponit

2214 4546 2799 4617 Pachymeres,l.1v,c.
2836 4550 2922 4613 21,
2944 4547 3033 4601 die
3064 4547 3208 4603 festo
3239 4550 3610 4607 exaltationis
3630 4560 3849 4609 sancta:

2208 4634 2408 4691 Crucis
2433 4650 2629 4688 mense
2641 4634 3107 4705 Septembri;quo
3124 4636 3216 4690 die
3231 4637 3313 4691 ait
3326 4636 3497 4693 illum
3513 4639 3847 4709 celebratis,

2210 4727 2274 4778 ut
2303 4722 2646 4777 solemnitas
2672 4722 2966 4791 poscebat,
3000 4722 3216 4778 divinis
3239 4724 3298 4777 in
3346 4728 3562 4797 templo
3614 4730 3847 4793 ofﬁciis,

2209 4811 2318 4866 sub
2351 4825 2653 4881 vesperam
2686 4809 3035 4880 patriarchio
3066 4812 3391 4878 cedentem,
3422 4815 3495 4869 ad
3529 4832 3672 4872 suas
3704 4834 3851 4889 quas

2214 4901 2361 4955 732
2394 4898 2648 4953 habebat
2678 4898 2736 4951 in
2769 4898 3076 4969 Manganis
3126 4898 3371 4956 cellulas
3422 4918 3484 4957 se
3536 4907 3851 4976 recepisse,

2210 5005 2315 5044 nec
2345 4991 2545 5059 postea
2575 4985 2711 5041 ullis
2736 5001 2797 5041 se
2820 4986 3030 5042 adduci
3058 4988 3329 5058 precibus
3344 4989 3548 5047 sivisse
3566 4993 3642 5048 ad
3666 4994 3851 5049 ullum

2212 5094 2381 5134 usum
2401 5075 2679 5131 abdicataa
2693 5075 3184 5146 dignitatis.Unde
3201 5078 3272 5131 ad
3287 5081 3649 5137 successoris
3663 5082 3854 5153 inqui-

2212 5166 2477 5223 sitionem
2496 5179 2785 5218 conversae
2808 5180 2941 5218 cum
2968 5162 3340 5235 imperatoris
3364 5171 3488 5222 tum
3516 5171 3849 5225 antistitum

2211 5272 2360 5311 curae
2393 5256 2671 5321 sunt:quo
2703 5268 2854 5305 anno
2869 5250 2924 5305 id
2943 5251 3251 5323 contigerit
3271 5269 3338 5308 ex
3353 5258 3714 5313 successoris
3736 5258 3852 5314 ele~

2212 5344 2401 5398 ctione
2432 5340 2590 5395 brevi
2626 5346 2755 5410 post
2785 5345 2985 5395 secuta
3033 5340 3487 5412 intelligendum
3540 5354 3668 5411 est;
3719 5363 3849 5416 quas

2211 5448 2368 5495 cum,
2407 5436 2469 5483 ut
2518 5444 2652 5482 mox
2699 5427 3218 5495 demonstrabitur,
3248 5435 3485 5500 paracta
3534 5433 3711 5487 fuerit
3756 5435 3850 5488 die

2212 5524 2278 5575 28
2312 5516 2650 5575 Decembris
2681 5516 2818 5569 anni
2846 5515 3169 5571 desinentis
3206 5533 3239 5570 a
3268 5517 3499 5574 Christo
3533 5529 3669 5575 nato
3696 5523 3851 5587 1267,

2214 5624 2315 5684 pro
2346 5602 2637 5663 constanti
2661 5606 2751 5657 est
2772 5601 3106 5657 habendum
3140 5603 3471 5674 perstitisse
3492 5607 3849 5664 Germanum
