4146 6288
307 304 449 362 1189

311 430 372 484 in
405 424 801 500 patriarcham
836 422 920 479 vel
963 439 996 478 ο,
1052 426 1214 479 sexto
1266 420 1426 477 Junii
1487 420 1626 476 anni
1675 420 1813 475 1266
1868 420 1941 475 ad
1970 424 2028 489 Α

320 521 594 589 quartum
625 512 914 568 decimum
946 509 1303 582 Septembris
1336 509 1473 564 anni
1526 509 1660 563 1267
1711 524 1812 579 per
1849 524 1956 561 an-

318 621 461 661 num
496 619 678 657 unum
713 605 770 656 et
792 616 1022 655 menses
1054 604 1327 671 praterea
1351 602 1602 668 quatuor
1622 613 1755 651 cum
1781 595 1955 649 dimi-

316 695 436 760 dio,
466 692 555 746 vel
586 707 618 744 a
648 689 854 761 quinto
885 687 1047 741 Junii
1079 687 1215 741 anni
1266 686 1402 740 1267
1451 686 1521 739 ad
1579 685 1645 738 14
1690 685 1954 755 Septem-

318 784 480 836 brem
516 780 779 849 ejusdem
815 778 951 831 anni
984 792 1085 845 per
1113 791 1346 829 menses
1376 780 1493 828 tres
1513 778 1569 828 et
1586 774 1707 827 dies
1728 787 1953 825 novem.

320 875 571 938 Postque
602 867 793 935 ipsius
839 868 1221 935 spontaneam
1273 862 1699 916 abdicationem
1759 860 1956 915 sedem

316 972 551 1011 vacasse
582 954 771 1008 tribus
803 951 1106 1006 mensibus
1137 955 1192 1004 et
1222 950 1429 1003 diebus
1481 952 1761 1019 praterea
1807 961 1956 1015 qua-

320 1042 667 1110 tuordecim,
703 1056 889 1111 usque
919 1039 989 1093 ad
1037 1038 1502 1109 designationem
1554 1033 1910 1091 successoris
1943 1050 1959 1101 ;

325 1129 737 1203 septemdecim
766 1143 897 1183 vero
926 1142 1112 1196 usque
1143 1127 1212 1180 ad
1259 1126 1521 1195 ejusdem
1570 1121 1964 1193 inauguratio-

319 1236 479 1288 nem,
512 1234 640 1289 qua
664 1215 937 1271 Kalendis
967 1212 1263 1269 Ianuariis
1290 1213 1429 1267 anni
1478 1212 1617 1265 1258
1669 1210 1964 1265 celebrata

324 1308 432 1363 rite
453 1310 561 1371 est,
595 1309 769 1375 prout
798 1303 1091 1372 tdeinceps
1144 1301 1542 1356 ostendemus.
1595 1298 1807 1353 Scribit
1856 1312 1962 1350 no-

321 1402 459 1461 ster,
490 1410 539 1447 c.
570 1394 662 1459 23,
697 1391 734 1445 l.
777 1408 853 1460 Iv,
875 1389 1192 1460 Josephum
1219 1388 1558 1443 monasterii
1582 1386 1797 1442 Galesii
1822 1402 1963 1457 pra-

325 1485 540 1537 fectum
570 1478 995 1534 confessarium
1028 1476 1400 1547 imperatoris
1438 1474 1698 1545 legitimo
1757 1474 1967 1528 suffra-

323 1571 549 1642 giorum
613 1583 853 1622 numero
924 1565 1170 1619 electum
1240 1566 1521 1635 probante
1578 1580 1643 1617 ac
1699 1563 1969 1617 studente

324 1658 576 1712 maxime
590 1657 953 1725 imperatore,
966 1654 1372 1723 designantum
1387 1651 1566 1706 fuisse
1581 1650 1867 1722 patriarch
1877 1666 1966 1704 am

1692 296 2307 355 CHBONOLOGICUS.

3553 293 3698 351 1190

2127 418 2218 473 Ινο
2254 417 2332 472 De
2351 417 2598 473 Joannis
2629 418 2791 474 Vecci
2813 417 3071 489 Josepho
3095 417 3399 488 subrogati
3425 417 3705 473 electione

2059 522 2240 576 quam
2273 512 2330 560 et
2356 505 2553 561 statim
2586 506 2919 560 inchoatam
2963 510 3091 577 post
3136 504 3458 577 legatorum
3520 507 3703 562 Roma

2062 595 2312 648 reditum
2345 599 2401 648 et
2432 594 2696 649 celeriter
2726 598 3081 649 transactam
3114 598 3375 665 apparet,
3429 595 3513 648 sic
3554 595 3699 649 scri-

2062 682 2147 736 bit
2204 682 2612 752 Pachymeres,
2664 698 2713 737 c.
2748 681 2908 747 24,1.
2959 698 3038 737 v:
3098 681 3155 732 Ὀ
3213 681 3415 742 Βέκκος
3479 679 3699 754 εἰκοστῇ

2067 771 2159 841 μὲν
2208 769 2297 822 καὶ
2362 765 2492 841 ἕκτῃ
2554 771 2935 841 Πυανεψιῶνος
3005 769 3176 839 μηνὸς
3232 771 3333 841 [Ρ.
3392 771 3520 842 518]
3570 771 3705 824 κατὰ

2060 858 2157 924 τὴν
2192 857 2383 931 ἑορτὴν
2415 858 2519 909 τῶν
2550 856 2720 929 ἁγίων
2774 857 3022 931 Πατὲρων
3076 861 3183 910 τῶν
3244 856 3298 911 ἐν
3356 858 3549 928 Νικαίᾳ
3602 880 3709 913 πα-

2061 948 2332 1020 τριάρχης
2379 940 2775 1019 προϐέϐληται.
2828 946 3057 1017 Δευτέρᾳ
3102 942 3158 999 δὲ
3206 950 3705 1019 Μαιμακτηριῶνος

2063 1034 2132 1103 τῇ
2190 1030 2413 1105 ἐπιούσῃ
2464 1034 2718 1105 κυριακῇ,
2766 1030 2817 1084 ἐν
2865 1030 3123 1103 ἐπισήμῳ
3173 1032 3353 1107 ἡμέρᾳ
3409 1037 3505 1086 τοῦ
3540 1032 3702 1087 Πνεύ-

2070 1140 2238 1192 ματος
2270 1164 2283 1189 ,
2340 1121 2407 1174 τὰ
2460 1124 2556 1174 τοῦ
2634 1120 2943 1192 Πνεύματος
3004 1118 3220 1194 δέχεται
3264 1122 3351 1175 οιαὶ
3398 1126 3708 1176 τελειοῦται

2068 1207 2372 1282 ἀρχιερεύς·
2410 1212 2598 1265 Veccus
2625 1215 2783 1265 sexta
2814 1215 2864 1265 et
2892 1210 3157 1264 vicesima
3188 1211 3319 1265 Maii
3366 1212 3593 1278 mensis,
3642 1214 3704 1266 in

2066 1302 2207 1369 festo
2230 1304 2548 1355 sanctorum
2580 1306 2819 1356 Patrnm
2849 1300 3214 1355 Nicaeensium
3252 1301 3573 1371 patriarcha
3601 1302 3707 1356 ele-

2067 1392 2185 1441 ctus
2234 1397 2332 1442 est.
2382 1388 2635 1442 Secunda
2677 1403 2796 1443 vero
2834 1388 2993 1443 Junii
3022 1389 3307 1442 Dominica
3328 1388 3699 1443 hebdomadis

2068 1477 2571 1543 vertentit,insigni
2599 1476 2690 1529 die
2719 1475 2898 1529 sancti
2924 1475 3169 1545 Spiritus
3195 1477 3435 1545 gratiam
3469 1475 3709 1547 Spiritus

2068 1566 2331 1634 percepit,
2363 1562 2656 1617 ordinatus
2696 1562 2803 1617 rite
2848 1564 3185 1634 patriarcha.
3224 1564 3292 1618 Hi
3342 1564 3709 1620 characteres

2074 1651 2244 1704 unice
2283 1650 2593 1721 designant
2651 1666 2872 1704 annum
2905 1650 3123 1706 Christi
3160 1653 3315 1717 1275,
3351 1652 3569 1722 periodi
3602 1651 3706 1706 Ju-

328 1745 501 1816 μηνὸς
554 1740 1017 1817 σκιῤῥοφοριῶνος
1085 1738 1304 1811 εἰκοστῇ
1372 1736 1537 1813 ὀγδοῇ
1588 1744 1688 1806 τῆς
1743 1735 1969 1806 δεκάτης

328 1832 340 1846 .
539 1832 551 1846 ,
786 1832 813 1842 ..
934 1831 944 1846 ,
1022 1821 1087 1846 ,,,
1282 1845 1303 1846 η

2080 1738 2242 1792 Iiana
2274 1738 2431 1803 4988,
2468 1754 2581 1808 quo
2613 1738 2811 1808 cyclus
2843 1737 2983 1792 solis
3016 1743 3361 1794 numeratus
3391 1745 3481 1794 est
3506 1739 3711 1805 24,11ι.

322 1832 695 1902 ἐπινεμήσεως
720 1832 818 1883 τοῦ
874 1829 1033 1900 ,ςψοέ
1062 1821 1237 1893 ἔτους,
1274 1830 1477 1882 mensis
1517 1827 1833 1881 Decembris
1887 1828 1965 1880 vi-

320 1923 525 1977 cesima
548 1924 763 1983 octava,
798 1918 1021 1971 decimas
1052 1915 1394 1981 indictionis,
1429 1917 1568 1969 anni
1596 1916 1761 1982 6775;
1802 1930 1964 1969 mox-

323 2025 443 2079 que
472 2007 634 2062 addit
676 2006 858 2061 fuisse
912 2005 1249 2058 ordinatum
1300 2002 1419 2057 Kal.
1475 2002 1773 2057 Januariis
1826 2001 1965 2056 anni

336 2094 660 2167 sequentis,
683 2086 1123 2163 ἑκατομϐαιῶνος
1179 2087 1236 2142 δὲ
1264 2088 1532 2161 νουμηνίᾳ
1561 2087 1965 2162 χειροτονηθεὶς

332 2183 418 2245 εἷς
447 2180 735 2256 ἀρχιερέας
764 2176 1094 2234 τετέλεσται.
1127 2182 1331 2233 Annus
1384 2196 1509 2233 aera
1563 2178 1767 2233 mundi
1823 2179 1967 2233 Gra-

333 2288 535 2327 corum
567 2270 870 2324 reducitur
896 2268 967 2322 ad
998 2267 1297 2337 vulgarem
1329 2282 1457 2320 ara
1500 2270 1710 2319 nostra
1759 2266 1967 2320 Christi

338 2359 695 2414 detractione
725 2358 888 2414 5508.
920 2356 1051 2408 Fuit
1080 2370 1215 2425 ergo
1249 2355 1297 2409 is
1327 2371 1517 2408 annus
1556 2353 1768 2408 Christi
1807 2354 1966 2421 1267,

341 2448 564 2520 periodi
594 2464 729 2501 vero
764 2444 1009 2501 Juliana
1031 2445 1215 2497 5980:
1266 2444 1368 2513 qui
1415 2459 1696 2497 numerus
1743 2443 1970 2497 divisus

335 2537 394 2590 in
425 2534 755 2605 quindecim
788 2533 1008 2587 indicat
1032 2530 1411 2585 indictionem
1442 2531 1567 2599 ejus
1593 2530 1731 2585 anni
1767 2530 1968 2585 chara-

335 2624 713 2690 cteristicam,
748 2621 1057 2688 decimam,
1092 2623 1264 2690 prout
1298 2618 1676 2690 Pachymeres
1728 2619 1967 2673 notavit.

338 2713 501 2768 Unde
533 2710 777 2765 dubium
811 2724 939 2763 esse
968 2724 1080 2762 non
1116 2710 1307 2777 potest
1351 2707 1492 2776 quin
1545 2705 1971 2776 patriarchatus

338 2799 577 2869 Josephi
610 2796 823 2852 Galesii
855 2813 885 2849 a
917 2796 1051 2851 Cal;
1075 2795 1340 2850 Januarii
1381 2796 1518 2848 anni
1565 2795 1779 2849 Christi
1836 2797 1973 2850 1268

338 2888 633 2958 procedat.

409 3010 506 3065 IlI.
542 3008 647 3064 Ubi
672 3007 929 3073 desierit,
962 3008 1135 3061 modo
1174 3006 1468 3061 definiam.
1523 3006 1714 3061 Refert
1759 3006 1973 3077 Pachy-

345 3114 555 3163 meres,
588 3096 625 3153 Ι,
659 3113 708 3150 c.
743 3113 796 3165 ν,
829 3097 913 3162 17,
936 3094 1281 3165 Josephum,
1314 3095 1417 3164 qui
1477 3111 1539 3149 se
1586 3095 1974 3165 promulgatis

341 3186 532 3257 palam
564 3185 771 3239 litteris
815 3184 1201 3254 jurejurando
1252 3182 1661 3238 obstrinxisset
1702 3184 1772 3237 ad
1825 3200 1974 3237 nun-

340 3291 513 3344 quam
548 3271 985 3327 assentiendum
1018 3269 1412 3326 conciliationi
1444 3287 1577 3325 cum
1630 3270 1871 3337 Latinis,
1905 3271 1976 3325 ab

342 3362 689 3433 imperatore
719 3376 869 3430 agre
898 3359 951 3412 id
977 3359 1193 3413 ferente
1221 3375 1567 3428 persuasum
1603 3358 1852 3428 migrare
1884 3375 1979 3429 pa-

342 3449 758 3502 triarchalibus
797 3448 1039 3512 adibus,
1085 3448 1394 3501 secessisse
1448 3448 1503 3500 in
1556 3447 1977 3501 monasterium

345 3535 676 3604 Periblepti,
728 3534 1050 3604 pollicitum
1102 3551 1161 3588 se
1211 3534 1682 3588 renuntiaturum
1735 3535 1978 3604 patriar-

347 3625 569 3688 chatui,
602 3624 650 3678 si
682 3624 753 3677 de
775 3623 1083 3677 concordia
1116 3622 1509 3676 Ecclesiarum
1554 3625 1738 3677 Roma
1774 3639 1979 3677 conve-

348 3713 568 3767 niretur
596 3728 629 3765 a
658 3710 864 3781 legatis
897 3726 961 3763 eo
997 3711 1069 3763 ad
1103 3710 1209 3763 hoc
1244 3710 1478 3777 missis;
1531 3710 1765 3766 interim
1814 3710 1981 3780 quasi

348 3801 636 3872 privatum
674 3799 983 3852 victurum.
1019 3799 1223 3852 Postea
1255 3814 1386 3852 cum
1416 3797 1591 3869 legati
1639 3816 1778 3867 pace
1826 3816 1981 3854 com-

347 3888 538 3960 posita
597 3885 923 3954 redissent,
972 3886 1300 3955 judicatum
1359 3901 1488 3939 esse
1543 3885 1722 3940 videri
1782 3888 1979 3941 sedem

347 3992 572 4045 vacare,
603 3975 864 4029 cessione
898 3973 1296 4029 conditionata
1324 3972 1563 4043 Josephi
1590 3975 1713 4041 jam
1739 3974 1795 4027 in
1815 3975 1985 4029 abso-

346 4064 531 4118 lutam
562 4066 932 4129 transeunte,
963 4062 1252 4132 positione
1283 4062 1638 4117 conditionis
1670 4063 1822 4116 unde
1846 4080 1982 4133 pen-

348 4154 541 4207 debat.
573 4152 854 4214 Quocirca
889 4151 1036 4204 itum
1070 4150 1129 4203 in
1160 4150 1441 4219 suffragia
1468 4166 1626 4204 nova
1658 4151 1981 4205 electionis.

349 4242 461 4296 Iste
494 4255 759 4294 secessus
794 4238 1135 4308 patriarcha
1167 4238 1405 4308 Josephi
1432 4238 1767 4307 contigit,ut
1790 4244 1986 4294 noster

346 4329 426 4383 ibi
462 4326 734 4382 distincte
764 4326 967 4392 tradit,
1002 4325 1093 4380 die
1138 4326 1197 4378 11
1242 4323 1533 4393 Januarii,
1585 4327 1856 4381 secunda
1902 4327 1985 4381 in-

348 4417 643 4484 dictiouis,
678 4414 815 4470 anni
842 4415 1005 4484 6782,
1038 4409 1290 4486 ἑνδεκάτῃ
1329 4414 1498 4485 μηνὸς
1542 4408 1981 4485 ἑκατομϐαιῶνος

351 4501 597 4573 δευτέρας
656 4502 1027 4572 ἐπινεμήσεως
1087 4505 1182 4555 τοῦ
1239 4502 1420 4576 ,ςψπβ
1470 4500 1639 4561 ἔτους.
1702 4503 1834 4557 Fuit
1891 4475 2061 4558 hicD

349 4611 538 4648 annus
568 4593 781 4648 Christi
816 4593 973 4660 1264,
1008 4608 1126 4661 per.
1159 4592 1277 4646 Jul.
1304 4593 1467 4661 5987,
1499 4594 1597 4663 qui
1646 4608 1843 4646 revera
1876 4611 1983 4647 nu-

350 4682 592 4737 meravit
622 4681 996 4735 indictioneln
1033 4681 1179 4734 733
1213 4682 1554 4748 secundam,
1587 4680 1820 4750 qualem
1855 4681 1985 4735 nul-

350 4770 443 4823 lus
500 4785 569 4823 ex
624 4768 1065 4840 quatuordccim
1123 4768 1583 4837 praecedentibus
1638 4773 1695 4822 et
1747 4768 1985 4823 totidem

351 4852 567 4907 secutis
590 4853 802 4907 habere
835 4854 1041 4923 potuit,
1085 4859 1144 4908 ut
1167 4853 1495 4924 periculum
1529 4854 1756 4909 nullum
1807 4856 1883 4909 sit
1915 4872 1986 4910 ne

357 4956 547 4993 annus
578 4944 695 4993 tam
725 4940 836 5011 ipsi
872 4941 1104 5011 propria
1136 4941 1452 5012 insignitus
1503 4948 1639 4995 nota
1689 4959 1818 4996 cum
1872 4943 1983 4999 alio

355 5025 627 5096 quopiam
665 5027 1055 5081 confundatur
1084 5034 1187 5083 aut
1214 5033 1490 5085 mutetur.
1544 5033 1605 5085 In
1650 5030 1766 5084 ista
1814 5048 1983 5101 porro

351 5113 735 5183 suspensione
756 5129 847 5167 res
880 5116 1116 5168 fuerunt
1147 5118 1325 5170 ferme
1358 5132 1459 5185 per
1500 5133 1740 5183 annum,
1792 5119 1983 5185 quoad

350 5201 561 5272 legatis
595 5217 793 5271 pacem
828 5218 860 5254 a
888 5201 1145 5256 Romano
1176 5204 1447 5272 pontiﬁce
1486 5210 1828 5259 conventam
1879 5205 1984 5259 sti-

353 5290 725 5359 pulatamque
758 5288 1412 5359 referentibus,comitia
1442 5300 1581 5347 sunt
1603 5295 1819 5349 indicta
1842 5311 1985 5349 novo

353 5378 599 5433 creando
634 5377 973 5449 patriarcha
1042 5378 1201 5441 Quod
1253 5397 1367 5434 non
1417 5382 1660 5453 contigit
1705 5388 1838 5437 ante
1890 5400 1982 5437 se-

351 5470 625 5537 quentem
660 5470 972 5533 annum,ut
1002 5468 1169 5522 docet
1192 5485 1296 5524 nos
1320 5469 1583 5525 historici
1610 5471 1793 5526 nostri
1824 5470 1984 5527 locus

351 5556 523 5611 modo
554 5555 1035 5610 considerandus.

2074 1825 2452 1880 Dominicalis
2487 1826 2596 1880 fuit
2628 1827 2687 1893 F,
2722 1826 2917 1896 oyclus
2949 1827 3098 1881 luna
3156 1828 3425 1883 currebat
3480 1829 3536 1895 3,
3586 1844 3713 1898 qua

2072 1919 2223 1968 nota
2250 1914 2464 1968 festum
2497 1914 2722 1969 Pascha
2759 1916 3063 1969 conferunt
3092 1914 3150 1968 in
3193 1916 3259 1969 14
3309 1915 3541 1986 Aprilis,
3592 1916 3711 1970 Do-

2076 2001 2346 2055 minicam
2375 2017 2507 2056 vero
2540 2001 2908 2056 Pentecostes
2940 2002 2998 2055 in
3029 2003 3061 2055 2
3092 2002 3271 2057 Junii.
3306 2002 3465 2057 Unde
3499 2008 3656 2074 patet
3678 2021 3712 2058 a

2074 2091 2263 2161 prima
2292 2090 2658 2145 successione
2686 2090 2924 2161 Josephi
2957 2092 3027 2145 ad
3062 2090 3269 2145 initum
3295 2110 3326 2145 ξι
3370 2092 3554 2147 Vecco
3606 2108 3712 2161 pa-

2072 2178 2459 2233 triarcbatum
2483 2178 2887 2233 intercessisse
2909 2194 3140 2234 menses
3166 2178 3388 2233 solidos
3420 2180 3712 2235 sexdecim

2075 2283 2209 2321 cum
2241 2267 2449 2322 diebus
2497 2267 2842 2322 octodecim.
2884 2269 3048 2320 Anno
3098 2268 3444 2337 pracedenti
3494 2266 3711 2323 Christi

2077 2356 2212 2409 1274
2257 2355 2305 2409 si
2357 2355 2490 2425 quis
2551 2354 2841 2427 suspicari
2898 2354 3065 2409 vellet
3123 2356 3288 2411 Vecci
3360 2357 3711 2411 creationem

2077 2444 2313 2508 factam,
2347 2444 2562 2497 frustra
2592 2449 2745 2498 esset
2767 2444 2838 2497 ob
2870 2443 3233 2498 characteres
3254 2445 3710 2500 diversissimos:

2078 2547 2212 2586 nam
2244 2530 2433 2600 cyclos
2456 2530 2505 2586 is
2537 2547 2724 2585 annus
2758 2531 2961 2585 habuit
2995 2530 3131 2586 solis
3160 2532 3249 2598 23,
3304 2532 3453 2587 luna
3502 2533 3557 2601 2,
3614 2532 3714 2603 qui

2079 2619 2221 2672 dant
2252 2618 2529 2673 Paschai
2578 2616 2734 2689 April
2765 2635 2791 2671 s
2833 2622 2889 2672 et
2931 2622 3310 2673 Pentecosten
3359 2620 3427 2673 20
3470 2619 3627 2687 Maii,
3657 2624 3715 2675 et

2079 2705 2271 2760 littera
2300 2705 2678 2760 Dominicalis
2707 2706 2966 2774 ejusdem
2986 2706 3123 2760 anni
3147 2707 3192 2762 G
3215 2707 3365 2761 diem
3383 2708 3709 2762 secundum

2079 2794 2238 2849 Junii
2272 2794 2407 2847 facit
2435 2794 2915 2854 Sabbatum,cum
2948 2794 3308 2849 Dominicam
3332 2795 3512 2851 fuisse
3543 2812 3717 2865 opor-

2080 2883 2254 2935 tuerit
2277 2898 2391 2952 quo
2424 2898 2575 2937 anno
2604 2887 2693 2936 est
2722 2882 2938 2937 Veccus
2967 2882 3026 2936 in
3075 2882 3523 2951 patriarchalem
3567 2885 3718 2939 Con-

2082 2969 2541 3039 stantinopoleos
2586 2975 2817 3024 evectus
2867 2972 3086 3025 sedem.
3134 2970 3322 3040 Hujus
3368 2972 3521 3037 finis,
3571 2986 3715 3041 quo-

2085 3057 2240 3111 niam
2267 3056 2561 3113 Michaelis
2612 3056 2915 3129 Palaologi
2968 3060 3169 3114 funere
3220 3059 3507 3130 posterior
3556 3064 3716 3114 extra

2006 3134 2047 3200 C
2078 3145 2255 3216 hujus
2288 3145 2541 3200 historia
2572 3145 2818 3199 limitem
2852 3146 2988 3212 exit,
3041 3153 3249 3201 nostra
3300 3146 3715 3203 consideratio-

2082 3235 2175 3289 nis
2198 3251 2352 3288 nunc
2384 3234 2621 3305 quidem
2655 3251 2769 3289 non
2804 3239 2914 3289 est.

2152 3358 2220 3413 V.
2255 3359 2455 3413 Restat
2487 3357 2755 3412 ultimum
2794 3359 2947 3429 quod
2998 3358 3414 3430 proposuimus
3462 3358 3558 3414 hic
3601 3363 3718 3415 tra-

2084 3449 2382 3503 ctandum.
2432 3449 2687 3518 Tempus
2749 3465 2862 3519 quo
2912 3449 3095 3504 missa
3141 3452 3382 3503 Romam
3417 3454 3506 3503 est
3543 3467 3576 3504 a
3624 3450 3723 3502 Mi-

2084 3536 2281 3590 chaele
2311 3538 2571 3607 Augusto
2611 3536 2861 3607 insignis
2913 3537 3119 3606 legatio
3170 3538 3240 3591 ad
3295 3536 3715 3591 absolvendum

2083 3625 2383 3695 negotium
2416 3624 2843 3680 conciliationis
2874 3625 3289 3693 Ecclesiarum,
3323 3642 3437 3695 qua
3480 3629 3720 3681 Germa-

2085 3729 2196 3766 nus
2228 3712 2629 3782 expatriarcha
2658 3719 2714 3766 et
2758 3712 3046 3782 Georgius
3096 3713 3427 3783 Acropolita
3476 3713 3726 3768 feliciter

2085 3799 2268 3854 functi
2301 3806 2459 3869 sunt,
2490 3800 2822 3854 charactere
2847 3817 2960 3854 non
2993 3800 3170 3855 dubio
3205 3800 3553 3871 insignitum
3580 3800 3721 3871 legi-

2085 3893 2180 3942 tur
2210 3906 2257 3943 c.
2290 3890 2381 3958 21,
2415 3887 2453 3941 l.
2489 3905 2540 3942 ν.
2574 3888 2667 3942 Ait
2694 3887 2810 3941 illic
2849 3887 3167 3942 historicus
3209 3887 3449 3943 solvisse
3494 3888 3724 3944 duabus

2083 3978 2420 4032 triremibus
2442 3979 2662 4050 legatos
2694 3978 2818 4048 paci
2853 3977 3225 4032 conﬁcienda
3257 3977 3719 4047 destinatos,pa-

2086 4066 2372 4135 ratisjam
2398 4067 2465 4120 ad
2503 4082 2629 4121 eam
2663 4084 2729 4120 ex
2760 4070 2923 4136 parte
2947 4066 3275 4121 Gracorum
3315 4065 3608 4120 omnibus.
3651 4064 3717 4119 Hi

2088 4153 2343 4219 luerunt,
2376 4158 2441 4206 ut
2471 4169 2521 4207 c.
2554 4154 2620 4206 17
2650 4153 2926 4223 superius
2977 4153 3222 4219 dixerat,
3273 4152 3485 4221 partim
3535 4151 3718 4207 eccle-

2087 4241 2329 4309 siastici,
2363 4241 2575 4311 partim
2605 4239 2902 4295 senatorii.
2938 4240 3164 4294 Priores
3188 4242 3515 4293 Germanus
3536 4256 3725 4311 nuper

2087 4328 2420 4399 patriarcha
2463 4333 2520 4382 et
2564 4328 2869 4399 episcopus
2919 4326 3116 4382 Nicaa
3174 4326 3581 4397 Theophanes,
3625 4327 3723 4382 alii

2093 4433 2340 4487 magnus
2368 4416 2662 4488 logotheta
2686 4415 3035 4487 Acropolita,
3070 4432 3283 4486 prases
3309 4415 3565 4469 vestiarii
3616 4421 3722 4470 Pa-

2096 4511 2333 4560 naretus
2382 4511 2437 4559 et
2487 4521 2733 4575 magnus
2791 4505 3079 4573 interpres
3127 4503 3478 4558 Bcrrhmota.
3536 4503 3726 4558 Trire-

2095 4594 2280 4647 mium
2310 4594 2461 4648 734
2511 4592 2748 4646 alteram
2796 4593 3262 4647 conscenderunt
3310 4591 3627 4646 Panaretus
3676 4595 3733 4647 et

2096 4681 2428 4735 Berrhcnota
2460 4697 2592 4734 cum
2627 4680 2796 4734 donis
2830 4678 3199 4749 imperatoris
3247 4680 3317 4733 ad
3372 4680 3731 4749 pontiﬁcem,

2094 4770 2153 4824 in
2186 4769 2366 4824 altera
2415 4770 2528 4822 duo
2580 4768 2838 4838 episcopi
2887 4783 3023 4822 cum
3085 4766 3417 4837 Acropolita
3472 4767 3729 4836 fuerunt,

2093 4857 2292 4912 Altum
2334 4856 2645 4927 petierunt,
2674 4854 2753 4910 ait
2784 4854 2906 4910 loco
2942 4853 3179 4909 laudato
3232 4857 3430 4908 noster
3478 4870 3527 4907 o.
3562 4854 3656 4920 21,
3690 4853 3730 4911 1.

2093 4963 2145 5011 ν,
2179 4943 2406 5017 Κρονίου
2459 4940 2773 5016 ἀρχομένου
2826 4940 3015 5013 μηνός.
3066 4942 3164 4995 Est
3219 4942 3371 4996 haud
3433 4941 3604 4996 dubie
3632 4941 3733 4995 Pa-

2094 5032 2350 5104 chymeri
2405 5030 2628 5105 Κρύνιος
2691 5030 2953 5095 Martius,
3005 5033 3178 5099 prout
3208 5034 3295 5083 est
3326 5028 3505 5099 hujus
3535 5029 3575 5084 1.
3611 5045 3663 5083 c.
3702 5029 3726 5082 1

2095 5122 2581 5175 demonstratum.
2614 5119 2809 5188 Pergit
2839 5118 3027 5172 dicere
3073 5116 3430 5171 conﬂictatos
3480 5132 3578 5170 eos
3626 5132 3727 5185 pa-

2094 5226 2223 5262 rum
2260 5225 2536 5277 prospera
2566 5210 2911 5276 tempestate
2944 5206 3274 5275 pervenisse
3303 5204 3362 5257 in
3397 5203 3593 5257 sinum
3626 5207 3735 5257 La-

2094 5298 2383 5360 conicum,
2420 5296 2518 5350 ubi
2550 5300 2637 5349 est
2687 5292 3151 5365 promontorium
3198 5292 3412 5359 Malea,
3463 5288 3731 5362 λήγοντος

2092 5382 2185 5437 τοῦ
2220 5383 2417 5455 μηνὸς,
2450 5382 2557 5438 hoc
2587 5387 2675 5437 est
2703 5383 2905 5437 eodem
2940 5396 3139 5435 mense
3170 5380 3489 5446 desinente,
3518 5378 3727 5433 ultima

2093 5476 2221 5544 ejus
2251 5473 2486 5527 decade:
2513 5477 2716 5526 notum
2750 5476 2835 5526 est
2864 5470 3015 5525 enim
3050 5469 3276 5522 Gracos
3318 5468 3524 5538 partiri
3558 5483 3716 5521 men-

2095 5579 2187 5618 ses
2218 5562 2277 5616 in
2328 5564 2449 5617 tres
2506 5561 2777 5616 decadas.
2835 5558 3088 5613 Primam
3144 5563 3350 5612 vocant
3407 5553 3734 5629 ἀρχομένου
