4108 6294
452 280 583 337 1191

1472 276 1535 328 Ρ.
1573 273 1848 328 POSSINI
1884 268 2487 331 OBSERVATIONUM
2522 277 2654 331 LIB.
2697 282 2794 336 ΠΙ.

3690 284 3825 343 1192

449 406 570 462 sive
632 400 921 472 ἱσταμένου
956 439 972 465 ,
1027 398 1353 454 secundum
1433 398 1724 467 μεσοῦντος
1760 438 1773 464 ,
1852 392 2070 448 tertiarr

2198 392 2516 467 Palaeologo
2575 398 2927 457 solutionem
2984 405 3377 461 anathematis
3426 422 3542 478 quo
3600 408 3820 462 dudum

450 491 735 567 φθίνοντος
768 487 911 557 sive,
946 490 1007 540 ut
1039 485 1133 539 hic
1165 488 1383 553 noster,
1418 481 1687 556 λήγοντος
1723 478 1911 553 μηνός.
1964 481 2077 534 Ad-

454 580 541 635 dit
568 578 649 633 ibi
679 575 1003 633 vehementi
1026 575 1282 644 jactatas
1308 572 1558 643 procella
1587 573 1855 626 triremes
1878 571 2081 625 ambas

445 668 701 739 primum
734 663 1079 717 dissociatae
1109 661 1160 713 vi
1186 661 1338 714 venti
1364 659 1565 727 fuisse,
1599 657 1809 712 deinde
1839 657 2079 710 alteram

444 756 701 818 illarum,
736 769 851 823 qua
892 754 1214 804 Panaretus
1272 752 1329 801 ot
1380 748 1713 801 Berrhuaota
1768 745 2077 811 vehebant,

443 845 655 898 misere
685 844 924 895 tractam
959 843 1017 892 et
1045 838 1435 904 submersam,
1456 834 1629 889 aliam
1660 832 1878 888 salvam
1902 849 2078 903 appu-

443 931 581 986 lisse
615 930 685 984 ad
716 928 1005 984 Methone:
1034 930 1290 996 portum;
1320 924 1494 993 idque
1525 922 1837 992 contigisse
1859 921 2078 991 πέμπτῃ

446 1016 674 1094 μεγάλῃ,
709 1018 817 1071 hoc
848 1019 937 1070 est
989 1014 1131 1068 feria
1163 1012 1370 1083 quinta
1403 1012 1783 1065 hebdomadas
1817 1009 2075 1079 majoris,

447 1125 562 1178 qua
594 1123 756 1161 coena
790 1102 1016 1157 Domini
1049 1100 1374 1155 celebratur
1421 1100 1490 1153 ab
1536 1097 1807 1152 Ecclesia.
1855 1098 1935 1150 Ex
1985 1096 2076 1149 his

444 1196 701 1267 oportuit
731 1192 828 1247 illo
863 1208 1015 1246 anno
1049 1190 1248 1243 feriam
1282 1190 1547 1259 quintam
1570 1187 1629 1240 in
1662 1202 1823 1240 coena
1844 1184 2076 1239 Domini

446 1299 646 1338 mense
676 1281 879 1334 Martio
914 1280 1114 1346 fuisse,
1147 1283 1203 1332 et
1233 1276 1466 1347 quidem
1499 1275 1695 1345 aliquo
1726 1275 1817 1328 die
1843 1273 2076 1327 decadis

445 1372 665 1427 ultimas
697 1368 918 1423 mensis
959 1366 1153 1419 istius.
1188 1364 1311 1418 Non
1343 1364 1534 1434 potuit
1566 1362 1661 1415 ille
1711 1378 1900 1415 annus
1947 1376 2075 1415 esse

443 1460 592 1514 alius
627 1458 697 1512 ab
731 1472 883 1510 anno
916 1452 1127 1507 Christi
1156 1453 1323 1522 juxta
1352 1452 1652 1521 vulgarem
1688 1466 1859 1503 aeram
1916 1449 2071 1502 1273.

444 1548 817 1603 Manifestum
851 1544 958 1597 hoc
989 1546 1169 1596 estex
1199 1540 1345 1594 serie
1368 1543 1736 1593 narratarum
1762 1537 1867 1591 hac
1897 1537 2073 1591 histo-

442 1638 527 1690 ria
555 1650 770 1699 rcrum;
803 1649 938 1686 nam
991 1629 1275 1701 superiori
1336 1628 1546 1683 Christi
1594 1628 1729 1680 1272
1770 1626 1941 1696 ccepit
1985 1643 2073 1681 se-

2188 482 2377 538 fuerat
2406 485 2477 540 ab
2507 488 2751 543 Arsenio
2804 492 3110 547 devinctus
3151 495 3223 548 ob
3277 504 3618 550 excaecatum
3652 496 3825 551 Joan-

2184 585 2314 624 nem
2350 572 2663 642 pupillum,
2695 576 2916 646 scribit,
2952 579 3219 651 inquam,
3252 582 3310 635 in
3360 582 3515 637 hunc
3547 585 3815 639 modem:

2184 657 2328 710 Κατὰ
2386 663 2575 713 τοῦτον
2630 662 2719 716 τὸν
2780 663 2978 738 χρόνον
3031 666 3383 738 ἐπεσκότησεν
3432 672 3467 737 ἡ
3500 669 3703 739 σελήνη
3736 672 3822 725 τὸν

2183 742 2345 812 ἥλιον
2374 747 2494 821 ἅρτι
2522 748 2620 815 τὴν
2648 752 2755 803 τῶν
2804 748 3053 823 Διδύμων
3102 753 3360 825 τετάρτην
3413 754 3822 829 παραλλάττον-

2181 852 2265 902 τα,
2326 834 2449 907 περί
2498 836 2641 911 ὥραν
2670 839 2775 910 πρὸ
2827 837 3171 916 μεσημϐρίας
3217 842 3406 916 τρίτην
3441 849 3539 910 τῆς
3572 844 3821 912 εἰκοστῆς

2181 920 2435 993 πέμπτης
2494 926 2703 999 ἡμέρας
2759 931 2854 980 τοῦ
2924 927 3108 1000 μοι’ΐου,
3165 934 3261 984 τοῦ
3318 934 3478 1003 ,ςψοέ
3522 926 3694 993 ἔτους.
3729 935 3822 989 Ἢν

2186 1010 2279 1080 μὲν
2336 1008 2424 1063 οὖν
2454 1014 2486 1079 ἡ
2537 1018 2679 1066 πᾶσα
2726 1011 2969 1088 ἔκλειψις
3020 1015 3298 1071 δακτύλων
3332 1016 3555 1092 ἔγγιστα
3586 1018 3820 1073 Bucoqu-

2182 1094 2328 1167 δεκα,
2390 1104 2647 1154 τοσοῦτον
2707 1100 2763 1156 δὲ
2819 1105 2955 1158 κατὰ
3004 1106 3094 1159 τὸν
3155 1105 3313 1178 μέσον
3370 1114 3470 1175 τῆς
3526 1103 3820 1180 ἔκλείψεως

2181 1186 2379 1260 χρόνον
2413 1186 2644 1263 ἐγεγόνει
2674 1191 2736 1243 τὸ
2762 1193 2954 1253 σκότος
2984 1194 3106 1266 περῖ
3138 1195 3237 1262 τήν
3283 1202 3385 1268 γῆν
3419 1197 3492 1256 ὡς
3542 1198 3630 1250 καὶ
3683 1196 3819 1251 πολ-

2180 1277 2316 1338 Abii;
2342 1282 2449 1330 τῶν
2481 1278 2716 1350 ἀστέρων
2760 1288 3011 1351 φανῆναι.
3066 1284 3178 1339 Sub
3226 1289 3325 1340 hoc
3372 1288 3583 1357 tempus
3628 1289 3818 1341 obscu-

2177 1368 2329 1420 ranit
2362 1365 2497 1421 luna
2526 1371 2691 1423 solem
2724 1380 2980 1439 quartum
3031 1371 3383 1427 Geminorum
3429 1377 3814 1429 transmitten-

2177 1459 2290 1507 tem
2334 1456 2584 1524 gradum,
2635 1460 2782 1511 circa
2830 1460 3022 1514 horam
3076 1463 3211 1515 ante
3256 1462 3547 1517 meridiem
3593 1468 3816 1517 tertiam

2179 1543 2388 1611 quinm
2416 1553 2465 1597 et
2486 1543 2765 1601 vicesimae
2785 1545 2901 1600 diei
2932 1546 3083 1616 Maii,
3111 1550 3250 1603 anni
3295 1549 3458 1604 6785.
3492 1550 3617 1603 Fuit
3654 1565 3814 1618 porro

2179 1633 2285 1684 tota
2342 1632 2559 1700 eclipsis
2618 1632 2927 1703 digitorum
2982 1636 3232 1704 proxime
3278 1636 3586 1691 duodecim.
3637 1640 3813 1692 Tantas

440 1726 574 1779 dere
604 1721 917 1792 Gregorius
950 1718 1015 1783 X,
1053 1718 1148 1789 qui
1184 1716 1410 1788 primus
1444 1715 1794 1770 mentionem
1830 1730 2069 1769 eoncor-
2101 1733 2147 1796 Β
2178 1722 2361 1773 autem
2403 1720 2503 1774 sub
2553 1720 2793 1775 medium
2848 1722 3077 1794 deliquit
3131 1727 3341 1794 tempus
3390 1725 3623 1781 tedebra?
3670 1728 3817 1780 circa

437 1812 543 1865 diae
577 1810 873 1874 intulerat,
905 1811 1216 1878 postquam
1241 1805 1299 1857 in
1319 1804 1483 1875 Syria
1504 1803 1753 1857 electum
1777 1818 1838 1857 se
1859 1803 2069 1856 absen-

440 1904 556 1955 tem
589 1916 622 1953 a
653 1895 1051 1952 cardinalibus
1082 1892 1369 1963 cognovit.
1407 1892 1620 1945 Deinde
1661 1893 1784 1960 jam
1836 1907 2071 1945 corona-

438 1992 534 2042 tus
561 1986 779 2057 legatos
812 1979 1375 2051 Constantinopolim
1420 1980 1489 2032 ad
1525 1980 1576 2032 id
1631 1979 1925 2046 negotium
1974 1995 2070 2031 ur-

439 2076 695 2145 gendum
739 2074 996 2127 miserat.
1048 2070 1118 2123 Hi
1171 2074 1407 2123 strenue
1468 2083 1586 2121 rem
1647 2070 1906 2136 egerunt,
1970 2082 2071 2135 pro

434 2165 586 2219 virili
646 2165 907 2233 Augusto
964 2162 1344 2229 cooperante;
1401 2174 1526 2227 quae
1576 2157 1907 2209 referuntur
1962 2154 2071 2208 hoc

437 2252 588 2307 libro
621 2267 725 2305 ac.
765 2250 819 2303 1Ι
862 2249 931 2303 ad
969 2248 1053 2301 17.
1089 2252 1218 2300 Haec
1261 2261 1478 2299 annum
1516 2242 1682 2298 facile
1732 2242 1990 2313 Gregorii
2024 2242 2068 2309 Ι,

440 2339 656 2394 Christi
716 2340 855 2392 1272
890 2381 902 2401 ,
950 2335 1347 2405 expleverunt.
1409 2332 1721 2402 Dispositis
1774 2336 2072 2400 utcunque

436 2428 710 2482 omnibus
742 2443 809 2481 ex
843 2429 1002 2496 parte
1033 2424 1365 2478 Graecorum
1399 2421 1565 2475 missi
1597 2424 1735 2474 sunt
1766 2419 1961 2487 legati,
2001 2420 2071 2472 de

436 2518 652 2587 quibus
684 2514 938 2584 agimus,
972 2513 1127 2566 circa
1148 2510 1381 2564 initium
1414 2509 1572 2575 anni,
1598 2508 1856 2576 Gregorii
1882 2507 2072 2577 ponti-

440 2606 647 2659 ficatus
681 2603 944 2666 secundi,
980 2600 1189 2653 Christi
1227 2600 1404 2663 1273;
1436 2614 1540 2651 nec
1591 2596 1816 2650 tardius
1867 2600 2071 2666 potue-

443 2698 599 2746 runt:
633 2690 849 2760 alioqui
873 2686 1217 2759 Gregorium
1245 2703 1355 2740 non
1382 2682 2072 2754 reperissentRomm,qui

444 2781 549 2835 hoc
566 2795 721 2835 anno
738 2779 871 2832 inde
898 2776 1170 2831 discessit
1189 2791 1391 2828 versus
1415 2773 1752 2836 Galliam,ut
1772 2772 1851 2825 ibi
1876 2772 2072 2825 conci-

441 2868 581 2923 lium
606 2866 1027 2921 mcumenicum
1060 2863 1330 2931 Lugduni
1363 2863 1696 2916 celebraret.
1732 2861 1943 2930 [P519]
1973 2861 2075 2912 Ha-

444 2957 629 3011 bitum
662 2955 718 3008 id
750 2953 1063 3008 concilium
1096 2959 1183 3006 est
1208 2967 1360 3005 anno
1392 2949 1655 3018 sequenti
1681 2947 1891 3002 Christi
1916 2948 2071 3013 1274,

443 3050 727 3114 praesente
754 3040 871 3101 illic
895 3040 1187 3111 pontifice,
1219 3044 1276 3094 et
1323 3039 1529 3108 legatis
1575 3036 1897 3091 Graecorum
1947 3036 2064 3103 jam

442 3147 575 3186 cum
606 3129 862 3185 Ecclesia
892 3131 1149 3183 Romana
1180 3125 1617 3181 conciliatorum
1667 3123 1882 3178 ibidem
1934 3140 2068 3177 con-

441 3219 798 3288 parentibus.
834 3218 968 3278 Quae
990 3214 1321 3268 conciliatio
1355 3229 1485 3267 cum
1522 3228 1621 3282 per
1649 3211 1797 3266 hanc
1829 3210 2071 3281 legatio-

441 3321 573 3359 nem
610 3308 939 3374 perpetrata
972 3302 1165 3367 fuerit,
1189 3301 1424 3356 evidens
1456 3309 1541 3354 est
1570 3316 1695 3354 eam
1748 3300 1908 3369 prius
1947 3300 2069 3353 obi-

440 3397 555 3446 tam
591 3398 647 3445 et
679 3391 1074 3445 renuntiatam
1122 3387 1619 3457 Constantinopoli
1668 3386 1844 3440 fuisse
1893 3404 2069 3456 quam

439 3497 606 3535 sacra
635 3481 893 3550 synodus
937 3476 1199 3548 Lugduni
1237 3476 1627 3530 inchoaretur.
1661 3476 1915 3539 Quadrat
1968 3492 2070 3529 au-

438 3577 553 3626 tem
588 3573 757 3625 unice
789 3571 855 3624 ad
894 3570 999 3623 hoc
1029 3568 1225 3639 ipsum
1266 3568 1565 3621 character
1596 3569 1702 3621 hoc
1750 3566 1872 3622 loco
1919 3569 2071 3622 indi-

436 3664 602 3713 catus
638 3658 788 3711 feriaa
821 3656 1043 3727 quintae
1079 3657 1319 3725 majoris
1351 3655 1730 3709 hebdomadze
1761 3655 2068 3710 incidentis

437 3750 495 3802 in
558 3751 882 3815 postremos
914 3744 1037 3798 dies
1089 3744 1326 3807 Martii,
1385 3743 1673 3813 siquidem
1732 3744 1820 3797 hic
1879 3761 2068 3799 annus

434 3834 650 3888 Christi
693 3834 831 3887 4273
892 3833 1000 3886 fuit
1058 3832 1276 3903 periodi
1334 3831 1575 3885 Julianus
1632 3830 1792 3893 5986,
1842 3832 2064 3901 cyelum

434 3921 578 3976 solis
608 3921 830 3975 habens
855 3919 1175 3990 22,cyclum
1204 3935 1334 3973 vero
1365 3918 1514 3971 lunas
1544 3918 1660 3972 sive
1684 3934 1924 3971 aureum
1958 3937 2064 3971 nu-

436 4026 662 4063 merum
695 4010 749 4077 2,
783 4008 1041 4062 litteram
1080 4007 1426 4061 Domicalem
1459 4011 1532 4059 A:
1581 4022 1706 4075 quae
1766 4012 1911 4060 notas
1958 4007 2064 4061 Pa-

434 4098 575 4151 scha
607 4096 763 4151 illius
799 4096 935 4150 anni
971 4096 1235 4166 defigunt
1265 4094 1322 4148 in
1348 4095 1413 4146 '26
1442 4094 1651 4147 Martii.
1674 4094 1803 4149 Fuit
1827 4110 1961 4164 ergo
1986 4096 2065 4148 fe-

435 4186 519 4238 ria
550 4185 753 4254 quinta
780 4184 837 4237 in
873 4187 1042 4237 C(ena
1078 4182 1301 4237 Domini
1336 4183 1426 4235 die
1456 4184 1525 4235 23
1556 4182 1748 4235 Martii
1780 4185 2063 4250 ejusdem.

430 4275 616 4335 Quare
638 4288 812 4324 verax
826 4276 880 4325 et
900 4275 1097 4324 exacta
1115 4269 1569 4340 deprehenditur
1586 4269 1846 4323 historici
1868 4288 2063 4326 narra-

432 4359 535 4428 tio,
570 4363 626 4414 et
651 4357 1018 4427 chronologia
1050 4364 1247 4411 nostra
1273 4356 1671 4411 conﬁrmatur.

972 4516 1115 4571 735
1150 4515 1379 4570 CAPUT
1412 4517 1532 4571 VII.

437 4627 513 4677 De
544 4621 741 4692 eclipsi
786 4621 917 4676 solis
949 4638 981 4674 a
1006 4625 1249 4690 Gregora
1281 4627 1633 4693 _memorata,
1667 4640 1776 4693 qua
1822 4627 2067 4682 stabilita

773 4694 1030 4748 hactenus
1059 4691 1413 4762 chronologia
1446 4691 1725 4763 ﬁrmatur.

504 4834 546 4888 Ι.
603 4834 897 4888 Hactenus
945 4832 1383 4905 chronologiam
1431 4844 1688 4891 nostram
1732 4837 2004 4894 indicatis
2036 4857 2069 4894 a

432 4922 787 4992 Pachymere
818 4921 1583 4993 characteribus,quantum
1618 4924 1800 4994 licuit,
1822 4928 2067 4983 munivi-

438 5027 592 5065 mus.
621 5014 746 5065 Non
769 5015 856 5064 est
878 5015 1068 5064 autem
1092 5011 1439 5081 negligenda
1462 5015 1868 5084 opportunitas
1891 5033 2066 5085 quam

436 5100 606 5154 nobis
638 5099 951 5169 benignam
986 5100 1152 5153 offert
1180 5100 1432 5172 insignis
1466 5101 1770 5172 Nicephori
1805 5103 2066 5175 Gregoraa

437 5188 601 5241 locus
629 5188 891 5257 ejusdem
924 5189 1143 5243 caelesti
1175 5206 1404 5259 quoque
1433 5189 1640 5244 solaris
1685 5192 1919 5245 maximi
1969 5194 2067 5247 de-

434 5274 601 5344 liquii
635 5275 909 5345 suffragio
942 5276 1297 5331 roborandas.
1325 5277 1538 5333 Scribit
1566 5277 1617 5332 is
1644 5283 1847 5334 auctor
1874 5282 2067 5336 Histo-

434 5364 529 5418 riae
557 5382 674 5419 sua:
702 5365 735 5417 Ι.
768 5382 843 5434 ιν,
877 5383 928 5435 ρ.
963 5366 1027 5419 51
1063 5366 1153 5419 ed.
1192 5366 1389 5431 Basil.,
1445 5372 1753 5437 postquam
1817 5371 2071 5425 narravit

433 5453 860 5508 abdicationem
897 5453 1191 5521 Germani,
1221 5454 1458 5524 Josephi
1505 5456 1976 5529 subragationem
2009 5460 2065 5513 in

433 5542 561 5611 ejus
591 5543 874 5609 locum,et
900 5544 971 5599 ab
1002 5543 1111 5600 hoc
1134 5542 1415 5599 indultam
1441 5545 1779 5617 imperatori
1801 5548 2068 5607 Michaeli

2096 4412 2143 4473 D

2176 1811 2381 1861 terram
2429 1811 2787 1875 exstiterunt,
2837 1819 2896 1863 ut
2924 1820 2973 1864 et
2998 1813 3183 1866 multa:
3230 1814 3522 1867 stellarum
3578 1830 3815 1884 appare-

2178 1899 2316 1949 rent.
2352 1895 2438 1949 lta
2466 1900 2750 1966 Gregoras
2780 1898 3060 1952 describit
3109 1899 3399 1970 insignem
3461 1917 3702 1970 prorsus
3759 1907 3816 1957 et

2179 1982 2527 2036 horrendam
2579 1983 2716 2037 solis
2766 1984 3145 2040 defectionem
3194 1988 3699 2058 Constantinopoli
3733 1989 3812 2042 vi-

2180 2086 2303 2123 sam
2341 2070 2507 2140 paulo
2538 2085 2848 2141 antequam
2880 2079 3352 2129 exauctoraretur
3390 2076 3738 2141 Germanus,
3762 2082 3819 2132 et

2179 2157 2471 2227 Josephus
2501 2158 2556 2211 in
2590 2160 2719 2228 ejus
2749 2159 2938 2213 locum
2995 2161 3437 2217 substituendus
3486 2162 3818 2231 eligeretur.

2180 2246 2337 2309 Quod
2374 2250 2688 2316 utrumque
2722 2246 2818 2301 illo
2843 2265 2994 2302 anno
3027 2266 3058 2303 a
3102 2250 3355 2320 Gregora
3406 2251 3666 2306 indicato
3700 2270 3818 2307 aera:

2180 2338 2503 2388 Graecorum
2564 2336 2725 2398 6785,
2786 2335 2894 2390 hoc
2948 2341 3035 2390 est
3080 2342 3289 2391 nostri?
3348 2339 3503 2402 1257,
3558 2341 3820 2394 evenisse

2182 2438 2287 2475 nos
2313 2438 2542 2492 quoque
2573 2423 2942 2479 ostendimus
2972 2426 3262 2495 superius,
3298 2443 3355 2480 n.
3386 2427 3441 2489 2,
3476 2443 3527 2480 c.
3553 2429 3605 2480 6.
3634 2429 3818 2491 Quare

2183 2510 2230 2562 si
2264 2511 2660 2564 demonstrare
2694 2511 3058 2580 potuerimus
3093 2513 3205 2567 ﬁde
3248 2514 3585 2569 tabularum
3638 2521 3695 2570 et
3726 2534 3819 2570 ra—

2182 2596 2437 2651 tioniciis
2469 2597 2877 2652 astronomicis
2909 2598 3043 2652 tolis
3077 2599 3395 2669 deliquium
3420 2607 3539 2656 tam
3567 2604 3815 2658 notabile

2183 2683 2239 2736 in
2276 2685 2416 2737 urbe
2446 2689 2558 2738 tam
2597 2684 2882 2754 frequenti
2916 2685 3068 2739 circa
3110 2688 3411 2743 meridiem
3465 2696 3811 2759 spectatum,

2184 2788 2313 2825 cum
2350 2773 2622 2827 omnibus
2656 2775 2990 2827 memoratis
3041 2775 3526 2841 circumstantiis,
3587 2779 3682 2831 illo
3730 2796 3817 2832 re-

2183 2876 2316 2912 vera
2349 2860 2527 2913 fuisse
2551 2860 2933 2914 commissum
2967 2878 3139 2925 anno,
3174 2879 3344 2917 nemo
3368 2882 3479 2919 non
3515 2866 3673 2920 videt
3700 2883 3818 2921 ma-

2183 2962 2361 3017 gnum
2396 2948 2528 3001 inde
2560 2948 2991 3002 ﬁrmamentum
3018 2966 3388 3005 accessurum
3416 2959 3472 3007 et
3494 2955 3813 3009 ratiociniis

2183 3035 2400 3088 nostris
2432 3039 2487 3088 et
2518 3035 2651 3088 ﬁdei
2703 3035 3111 3091 historicorum
3165 3056 3415 3108 quorum
3467 3045 3811 3098 auctoritate

2182 3123 2446 3176 nitimur.
2482 3122 2609 3176 Haec
2642 3140 2732 3176 me
2765 3140 2893 3192 spes
2927 3125 3164 3195 impulit
3206 3128 3276 3180 ad
3330 3130 3661 3199 rogandum
3723 3148 3822 3201 pcr

2178 3209 2401 3264 litteras
2427 3210 2492 3263 Η.
2528 3211 2585 3264 Ρ.
2612 3210 2894 3265 Jacobum
2926 3212 3226 3267 Grantami
3253 3216 3547 3270 societatis
3568 3224 3803 3282 nostras,

2180 3298 2416 3352 Lutetiae
2442 3297 2795 3352 Parisiorum
2830 3301 3230 3369 degentem,ut
3262 3303 3605 3373 dignaretur
3634 3305 3811 3361 istius

2177 3385 2411 3456 eclipsis
2441 3385 2693 3439 calculos
2726 3402 2955 3455 ponere.
2990 3388 3146 3441 Fecit
3170 3388 3267 3443 ille
3292 3407 3391 3459 pro
3443 3409 3548 3446 sua
3572 3399 3631 3447 et
3678 3410 3818 3449 eru—

2177 3475 2395 3528 ditione
2426 3479 2482 3527 et
2503 3473 2858 3528 humanitate
2892 3477 3304 3544 praestantibus
3334 3479 3812 3550 diligentissime,

2178 3567 2349 3633 prout
2379 3578 2443 3615 ex
2473 3562 2599 3630 ejus
2631 3561 2700 3614 ad
2736 3578 2825 3615 me
2859 3562 3060 3629 missa,
3109 3582 3282 3633 quam
3342 3566 3435 3621 hic
3493 3569 3818 3639 ascribam,

2177 3649 2581 3705 exercitatione
2611 3650 3001 3703 astronomica
3031 3652 3268 3721 patebit.

2250 3739 2313 3793 ll.
2344 3737 2544 3792 Jacobi
2578 3737 2880 3792 Grantami
2915 3755 2944 3793 e
2975 3740 3251 3796 societate
3273 3742 3410 3797 Jesu
3433 3744 3826 3815 epilogismus

2174 3826 2455 3881 novilunii
2489 3825 2739 3896 ecliptici
2777 3844 2927 3881 anno
2957 3827 3168 3883 Christi
3203 3832 3358 3897 1267,
3389 3833 3458 3885 25
3488 3834 3820 3901 Maii,juxta

2173 3913 2405 3968 tabulas
2450 3914 2834 3968 subsidiarias
2887 3914 3248 3981 Rudolﬁnas,
3298 3920 3369 3972 ad
3420 3921 3815 3976 meridianum

2173 4000 2782 4069 ConstinOpolitanum
2832 4010 3147 4058 revocatas.
3184 4012 3384 4062 Annus
3431 4007 3480 4063 is
3528 4018 3611 4064 est
3663 4027 3817 4065 com-

2176 4091 2391 4159 munis,
2429 4107 2539 4144 non
2574 4089 2915 4145 bissextilis.

2456 4257 2605 4310 736
2638 4256 2722 4326 [P.
2753 4257 3243 4328 520]Novilinium
3268 4262 3530 4318 medium.

2420 4449 2544 4498 Maii
3220 4455 3281 4502 24
3380 4461 3435 4506 1ο
3562 4459 3624 4508 50
3755 4462 3811 4510 13

3212 4516 3269 4563 Ι).
3370 4519 3436 4563 Η.

2174 4582 2383 4634 tempus
2414 4586 2568 4635 apog.
2600 4574 2697 4621 sol.
2727 4575 2849 4623 Jun.
3228 4581 3283 4627 14
3385 4584 3436 4628 tt
3568 4583 3629 4631 32
3783 4585 3815 4632 7

2174 4635 2510 4684 intervallum
2540 4650 2570 4683 a
2600 4635 2854 4684 novilum.
3226 4643 3279 4689 21
3409 4642 3439 4689 Ο
3566 4645 3625 4693 11
3756 4648 3818 4696 54

2175 4702 2350 4760 motus
2378 4696 2662 4745 intervallo
2692 4697 3025 4760 respondens
3054 4700 3157 4748 tol-
3223 4701 3275 4751 S.
3373 4703 3439 4753 G.

2236 4759 2427 4807 lendus
2789 4759 2795 4760 ⁷
3258 4769 3284 4811 0
3383 4765 3443 4814 20
3572 4771 3629 4818 15
3759 4771 3818 4818 38

2174 4822 2325 4870 locus
2352 4819 2557 4882 apogaai
2586 4820 2714 4868 solis
3257 4825 3288 4873 3
3412 4826 3445 4875 ο
3600 4832 3628 4879 1
3757 4831 3820 4881 36

2176 4885 2393 4945 primus
2409 4882 2560 4945 locus
2575 4882 2715 4945 solis
2766 4944 2771 4945 ί
2884 4944 2892 4945 7
3256 4890 3284 4935 2
3410 4889 3441 4937 9
3567 4893 3628 4941 45
3760 4893 3821 4942 58

2178 4942 2348 5007 prima
2369 4942 2622 5007 distantia
2650 4944 2989 4993 luminarium
3025 4945 3136 4995 sole

2237 5006 2451 5068 longius
2480 5018 2761 5066 progresso
3256 5009 3287 5057 0
3411 5012 3441 5060 5
3570 5017 3629 5063 27
3761 5015 3823 5065 t3

2177 5072 2389 5129 tempus
2421 5068 2626 5127 apogaai
2657 5068 2815 5129 lunas
3222 5072 3282 5119 D.
3382 5075 3444 5122 H.

2239 5127 2541 5191 proximum
2577 5127 2857 5177 novilunio
3202 5137 3287 5182 165
3413 5135 3445 5183 7
3572 5140 3626 5186 51
3765 5141 3823 5186 27

2176 5191 2517 5240 intervallum
3255 5199 3281 5243 7
3410 5197 3441 5244 6
3568 5201 3624 5246 21
3762 5203 3824 5248 22

2175 5259 2352 5301 motus
2373 5251 2666 5315 intervallo
2704 5252 3032 5315 respondens
3218 5256 3269 5304 S.
3368 5258 3428 5306 G.

2178 5313 2457 5363 addendus
2793 5313 2806 5315 ἡ
3254 5318 3285 5366 3
3411 5324 3436 5369 0
3567 5324 3627 5370 43
3760 5323 3821 5372 t2

2176 5377 2325 5426 locus
2355 5376 2558 5438 apogaai
2593 5375 2731 5425 lunae
3239 5384 3254 5427 1
3272 5384 3289 5428 1
3420 5385 3445 5429 3
3575 5384 3633 5432 31
3761 5385 3823 5432 33

2176 5440 2381 5501 primus
2411 5438 2557 5485 locus
2573 5438 2725 5501 lunas
2852 5500 2855 5501 ν
3265 5445 3293 5490 2
3416 5447 3443 5492 ι
3576 5445 3635 5492 18
3762 5450 3817 5493 15

2176 5499 2388 5563 tempus
2420 5499 2986 5563 prosthaphaereticum
3387 5506 3448 5552 Η.

2179 5562 2487 5613 addendum
2646 5562 2649 5563 ⁷
3413 5567 3436 5616 1
3571 5570 3625 5616 it
3763 5569 3823 5617 l0
