4146 6288
540 312 679 370 1195

1053 503 1249 564 Integra
1275 498 1463 547 duratio
1517 546 1566 607 De
1704 499 1765 611 g7
1887 491 1954 549 Π

576 617 772 665 Initium
1704 599 1765 667 "9
1887 608 1949 669 51
2070 612 2130 669 23

574 676 787 739 taedium
812 677 1013 739 eciipsis
1042 675 1147 726 Mali
1525 678 1587 739 es
1711 678 1768 726 10
1922 679 1943 725 t
2070 680 2130 728 ﬁt)

579 738 685 783 izuis
918 737 925 739 ἡ
1522 737 1584 785 ΞΒ
1712 739 1766 787 l0
1888 740 1949 785 33
2071 741 2134 787 10

574 774 985 871 Constantinopoli
1013 804 1119 859 post
1147 798 1354 847 mediam
1374 774 1585 848 nectet-inv.

1213 896 1493 962 Septen’trto

722 902 933 947 emersto
959 904 992 946 Α
1006 901 1043 948 ἰ)

797 1511 800 1513 ‘

1152 1687 1317 1747 Typus
1335 1684 1562 1749 eclipseos

876 1774 924 1819 in
949 1771 1197 1837 triangulo
1224 1773 1344 1825 ABC
1363 1774 1656 1837 rectanguto
1678 1775 1727 1837 in
1754 1779 1807 1828 Δ.

574 1830 851 1894 Exsutnma
884 1830 1354 1894 semidta'metrorum
1379 1832 1391 1842 “
1539 1830 1565 1837 ⁷
1682 1836 1735 1884 31
1865 1837 1921 1893 ll

574 1892 696 1937 mile
714 1890 875 1941 arcum
903 1890 1030 1939 inter
1050 1890 1213 1940 Centra
1701 1897 1732 1943 2
1844 1894 1916 1943 -21

572 1950 726 2001 iubes
745 1953 1000 2025 scrupulos
1025 1954 1200 2003 mediae
1223 1955 1506 2006 durationts-
1679 1957 1747 2005 δι’
1862 1958 1924 2006 55

584 2142 681 2197 Ill.
715 2144 795 2198 Ex
823 2143 933 2199 hoc
964 2144 1309 2217 epilogismo
1342 2146 1833 2219 clarissimumlﬁt
1854 2150 1929 2219 [in
1951 2149 2151 2221 eclipsi

513 2230 801 2301 descripta
833 2233 1072 2303 reperiri
1103 2233 1465 2290 characteres
1492 2252 1525 2290 ο.
1548 2236 1868 2307 Nicephoro
1901 2236 2154 2307 Gregora

511 2317 865 2388 designatos,
899 2336 1118 2374 annum
1161 2338 1193 2375 a
1243 2322 1461 2376 mundo
1516 2324 1747 2377 condito
1775 2325 1936 2391 6775,
1972 2325 2026 2378 id
2061 2330 2151 2379 est

499 2404 715 2459 Christi
752 2407 908 2475 1267,
946 2406 1075 2463 Maii
1121 2409 1273 2463 diem
1299 2410 1391 2475 25,
1425 2409 1629 2465 horam
1662 2416 1794 2466 ante
1842 2412 2147 2467 meridiem

500 2492 554 2556 3,
588 2497 644 2547 et
685 2493 898 2563 digitos
948 2511 1127 2565 prope
1181 2497 1267 2564 12,
1302 2498 1454 2552 unde
1504 2502 1666 2552 tanta
1713 2500 2040 2554 obscuritas
2088 2501 2146 2554 in

504 2582 646 2634 741
686 2583 842 2635 terra
888 2586 953 2634 ut
1002 2581 1181 2636 stellae
1213 2584 1272 2637 in
1305 2584 1446 2639 ccelo
1494 2591 1859 2656 apparerent.
1893 2590 1963 2641 At
2001 2588 2145 2642 deﬁ-

497 2666 575 2721 cit
608 2683 726 2722 una
758 2667 1032 2733 illustris,
1068 2675 1205 2725 nota
1245 2671 1354 2725 loci
1397 2672 1539 2726 solis
1571 2674 1629 2727 in
1660 2674 1900 2728 Zodiaco
1934 2692 1947 2729 :
1981 2676 2145 2746 ponit

495 2755 651 2810 enim
696 2755 1059 2828 Nicephorus
1111 2759 1358 2829 gradum
1408 2762 1440 2814 4
1487 2762 1891 2833 Geminorum,
1946 2768 2143 2818 noster

496 2848 691 2898 autem
723 2842 985 2900 calculus
1019 2848 1104 2900 10.
1131 2848 1241 2902 Sed
1265 2848 1324 2901 in
1347 2864 1412 2902 eo
1435 2848 1797 2919 Nicephorus
1830 2850 2139 2905 :ranit'este

497 2929 915 3001 hallucinatur,
984 2937 1220 2988 secutus
1287 2952 1401 2989 non
1466 2937 1888 2992 astronomicos
1953 2938 2132 3009 leges,

495 3020 595 3073 sed
647 3018 987 3091 popularem
1033 3023 1279 3093 putandi
1313 3024 1597 3079 rationem
1646 3030 1702 3079 et
1760 3041 2131 3080 communem

493 3123 746 3162 errorem
802 3108 1177 3179 jungentium
1237 3112 1653 3182 mquinoctium
1710 3128 1976 3179 vernum,
2025 3129 2125 3169 seu

1571 330 1632 384 P.
1673 329 1943 387 POSSINI
1979 332 2589 397 OBSERVATIONUM
2627 345 2759 400 LIB.
2804 349 2901 401 III.

2046 1824 2240 1893 DCB

2034 1896 2120 2012 li

3748 354 3852 410 1196

2195 466 2250 532 Α
2280 458 2351 514 Et
2383 476 2515 517 vero
2565 469 2788 533 quanta
2834 481 2901 522 ea
2948 467 3145 535 fuerit,
3185 469 3252 524 ad
3298 469 3473 526 ﬁdem
3520 470 3743 529 historia
3768 482 3846 533 aut

2271 548 2558 619 temporis
2589 552 2873 609 rationem
2916 555 3065 611 nihil
3104 557 3297 626 refert,
3346 558 3598 629 probatis
3625 560 3735 619 aliis
3757 582 3848 620 cer-

2274 634 2523 691 tissimis
2555 639 2726 694 notis.
2757 640 2969 697 Verum
2999 660 3071 699 ne
3102 660 3169 700 ea
3190 645 3259 700 ad
3292 645 3581 717 integrum
3605 654 3846 707 exactum-

2274 737 2387 792 que
2443 724 2855 797 epilogismum
2914 731 3294 799 desideretur,
3346 750 3553 806 magna
3606 736 3850 809 diligentia

2273 826 2399 866 eam
2434 814 2797 885 consignavi.
2833 823 2905 874 Et
2945 835 3017 875 ne
3048 822 3179 890 quis
3208 821 3546 878 brevitatem
3590 840 3691 879 non
3731 827 3846 882 inte-

2273 914 2387 969 grae
2427 900 2579 956 horae
2629 903 2688 957 in
2736 905 2938 977 eclipsi
2986 924 3163 979 prope
3211 909 3378 964 totali
3426 910 3655 966 nimiam
3698 929 3847 986 repre-

2275 987 2509 1056 hendat,
2560 991 2995 1050 velocissimum
3046 996 3196 1050 lunas
3259 1002 3483 1053 motum
3537 1007 3846 1070 apparentem

2274 1075 2427 1131 circa
2456 1078 2489 1131 3
2518 1079 2875 1148 parallaxem
2906 1082 3313 1155 longitudinis,
3346 1089 3465 1140 tam
3504 1086 3561 1141 in
3589 1086 3846 1144 incidentia

2272 1168 2584 1222 crescendo
2633 1169 2799 1225 valde
2842 1170 2901 1225 in
2934 1174 3257 1243 quadrante
3286 1174 3560 1230 Orientali
3605 1175 3847 1248 ecliptica,

2271 1267 2448 1321 quam
2487 1255 2547 1309 in
2578 1258 2907 1315 emersione
2954 1261 3210 1316 multum
3259 1262 3635 1319 decrescendo
3662 1264 3712 1319 in
3738 1281 3845 1336 qua-

2271 1340 2477 1396 drante
2531 1345 2903 1414 Occidentali,
2937 1350 3161 1420 [quaeso
3220 1354 3284 1403 ut
3341 1366 3564 1405 mecum
3618 1353 3843 1407 attendat.

2267 1433 2353 1494 [1³.
2384 1430 2511 1499 525]
2539 1438 2597 1486 et
2648 1433 2877 1489 desinet
2925 1437 3148 1493 mirari.
3183 1437 3313 1492 Haec
3361 1437 3422 1491 in
3464 1437 3691 1508 gratiam
3719 1439 3773 1494 Η.
3797 1443 3843 1493 Ρ.

2268 1517 2525 1587 Possini;
2560 1520 2659 1590 qui
2692 1521 2798 1576 viri
2831 1524 3005 1579 amici
3047 1525 3306 1580 laborem
3337 1531 3585 1596 gratum,
3615 1527 3659 1583 si
3686 1526 3844 1597 placet,

2266 1605 2524 1676 habebit,
2556 1613 2613 1663 et
2643 1625 2777 1664 eum
2802 1611 2918 1667 Deo
2944 1612 3003 1667 in
3032 1612 3157 1669 suis
3187 1613 3551 1669 orationibus
3574 1619 3627 1670 et
3652 1614 3844 1670 sanctis-

2265 1696 2434 1752 simis
2465 1698 2771 1755 sacriﬁciis
2802 1703 3281 1757 commendatum
3312 1702 3564 1758 habebit.

2335 1783 2423 1839 IV.
2458 1785 2753 1841 Hactenus
2803 1788 2869 1842 Β.
2902 1793 2966 1843 Ρ.
2998 1789 3256 1845 Jacohus
3302 1790 3615 1845 Grantami.
3641 1790 3728 1845 Cui
3767 1789 3843 1843 ad-

2263 1870 2512 1941 jungam
2535 1876 2686 1943 quod
2712 1877 3019 1931 consultus
3041 1894 3076 1932 a
3094 1893 3187 1932 me
3209 1879 3281 1934 de
3304 1878 3504 1949 eclipsi
3526 1878 3703 1933 eadem
3723 1877 3774 1932 R.
3792 1880 3842 1929 Ρ.

2266 1959 2521 2016 Joannes
2570 1964 2834 2033 Baptista
2882 1964 3195 2033 Ricciolus,
3226 1965 3432 2021 statim
3479 1964 3841 2020 humanissime

2266 2050 2568 2121 respondit
2597 2050 2760 2106 hisce
2789 2052 2961 2122 plane
2988 2053 3204 2109 verbis.

2333 2144 2460 2193 z‘Era
2525 2139 3168 2210 Constantinopolitana
3244 2142 3528 2213 supponit
3582 2139 3843 2209 completos

2265 2226 2444 2281 fuisse
2494 2228 2697 2281 mundi
2746 2244 2933 2283 annos
2975 2230 3116 2282 5508
3166 2235 3305 2285 ante
3364 2230 3625 2284 usitatam
3678 2224 3843 2284 Christi

2260 2331 2454 2368 seram.
2487 2315 2673 2377 Quare
2706 2332 2896 2371 annus
2924 2317 3067 2370 6775
3096 2315 3839 2387 eraefConstantinopolitana

2256 2410 2345 2456 est
2378 2419 2500 2456 aeraa
2532 2402 3066 2473 Christianaa§1267.

2328 2491 2476 2546 742
2506 2493 2670 2546 Anno
2701 2490 2916 2546 Christi
2950 2492 3087 2545 1267
3132 2492 3335 2565 cyclus
3365 2493 3518 2549 luam
3545 2510 3638 2549 seu
3666 2505 3829 2547 aureus

2252 2595 2532 2633 numerus
2564 2580 2675 2632 fuit
2704 2580 2791 2643 14,
2831 2585 3035 2649 epacta
3058 2581 3111 2646 3,
3145 2581 3515 2637 novilunium
3547 2581 3696 2635 civile
3723 2579 3831 2633 inter

2247 2668 2318 2719 25
2360 2671 2415 2721 et
2458 2668 2528 2720 26
2576 2666 2732 2722 Maii.
2783 2667 2991 2738 Cyclus
3040 2668 3183 2724 solis
3236 2670 3353 2725 fuit
3405 2671 3493 2736 16,
3547 2669 3719 2724 littera
3758 2666 3828 2719 do-

2246 2753 2535 2810 minicalis
2563 2755 2625 2824 B,
2660 2758 2717 2809 et
2742 2756 2965 2826 dies,25
2996 2757 3131 2812 Maii
3165 2757 3379 2814 incidit
3404 2758 3461 2813 in
3495 2757 3682 2813 feriam
3707 2768 3813 2827 quer

2245 2849 2387 2899 tam.

2312 2934 2476 2986 Anno
2515 2932 2717 2987 eodem
2751 2933 2908 2999 1267,
2942 2933 3035 2987 die
3081 2934 3151 2987 25
3194 2934 3359 3002 Maii,
3392 2933 3731 2990 novilunium
3757 2945 3821 2986 ve-

2239 3037 2373 3074 rum
2415 3019 2918 3091 Constantinopoli
2970 3021 3080 3076 fuit
3126 3022 3481 3092 sesquihora
3528 3028 3649 3079 ante
3689 3019 3827 3075 meri-

2250 3107 2403 3162 diem
2439 3124 2453 3175 ;
2487 3108 2586 3163 sed
2621 3109 2692 3162 oh
2726 3108 3068 3180 parallaxim
3103 3108 3496 3179 longitudinis
3532 3110 3631 3165 fuit
3658 3112 3774 3163 hora
3795 3106 3832 3167 3.

494 3197 752 3267 primum
800 3174 1050 3267 gradum
1101 3174 1333 3266 Arietis,
1369 3216 1504 3255 cum
1552 3201 1617 3255 21
1658 3202 1847 3257 Martii
1885 3220 1897 3257 ε
1932 3174 2136 3273 ρὐθω-
2170 3174 2211 3239 C
2254 3174 2499 3250 minutis
2528 3196 2582 3264 5,
2616 3174 2749 3251 ante
2776 3196 3081 3250 meridiem
3113 3174 3238 3252 sole
3264 3202 3327 3252 et
3359 3199 3499 3254 luna
3526 3194 3828 3252 versantibus

497 3285 816 3340 admodum
862 3287 984 3356 jam
1018 3303 1052 3340 a
1081 3287 1327 3343 concilio
1376 3288 1606 3345 Nicaano
1654 3291 1712 3344 in
1761 3307 1889 3345 usu.
1909 3292 1965 3345 id
2000 3297 2144 3357 erat,

494 3388 611 3427 non
643 3374 969 3444 observato,
1005 3374 1211 3429 saltem
1257 3393 1369 3431 non
1400 3383 1677 3445 correcto,
1708 3378 1849 3433 vitio
1882 3384 2146 3435 anteces-

500 3460 684 3514 sionis
742 3462 1075 3531 aequinoctii
1127 3479 1329 3519 versus
1378 3464 1613 3519 initium
1661 3466 1923 3521 Januarii
1971 3467 2145 3521 unius

500 3547 611 3601 diei
648 3564 745 3617 per
775 3554 1007 3604 centum
1053 3552 1293 3621 triginta
1342 3552 1569 3607 circiter
1602 3570 1808 3609 annos.
1846 3555 1951 3621 Qui
1984 3572 2147 3610 error

505 3640 703 3704 postea
755 3643 1052 3693 correctus
1104 3644 1192 3694 cst
1241 3657 1393 3696 anno
1442 3641 1655 3697 Christi
1704 3644 1860 3710 1582,
1895 3643 2144 3699 sublatis

499 3724 564 3777 10
614 3723 844 3787 diebus,
886 3726 1101 3796 quibus
1149 3727 1386 3782 initium
1434 3729 1645 3784 Arietis
1692 3730 1882 3785 Martii
1934 3730 2145 3784 vicesi-

489 3827 654 3865 mum
707 3812 964 3882 primum
1015 3821 1410 3885 praecesserat.
1445 3817 1516 3871 Et
1569 3832 1767 3872 revera
1815 3835 1849 3871 a
1898 3818 2142 3872 concilio

490 3899 723 3954 Niceno
756 3899 954 3955 habito
1007 3919 1158 3958 anno
1207 3904 1422 3960 Christi
1450 3905 1557 3958 325
1588 3921 1773 3975 usque
1805 3906 1875 3959 ad
1909 3910 2144 3977 tempus

494 3986 675 4055 hujus
719 3987 956 4059 eclipsis
1005 4007 1157 4045 anno
1207 3992 1423 4047 Christi
1475 3994 1611 4047 1267
1664 3994 1801 4048 anni
1850 3994 2145 4048 ﬂuxerunt

495 4075 621 4141 942,
658 4092 761 4146 pro
812 4078 1030 4147 quibus
1078 4079 1439 4150 Nicephorus
1471 4098 1572 4136 sex
1610 4083 1831 4153 gradus
1880 4092 2140 4137 anteces-

495 4162 682 4218 sionis
713 4164 1093 4220 Geminorum
1137 4168 1462 4238 usurpavit,
1498 4186 1630 4223 cum
1677 4171 1884 4225 merito
1916 4176 2138 4242 septem

490 4251 753 4322 integros
803 4268 1110 4308 numerare
1158 4256 1466 4325 potuisset.
1515 4257 1728 4313 Sethus
1755 4258 2040 4315 Calvisius
2082 4260 2138 4314 in

485 4339 836 4411 Chronolog.
888 4358 1042 4396 anno
1073 4341 1289 4397 Christi
1321 4346 1456 4397 1267
1488 4344 1638 4401 hanc
1682 4347 2141 4418 eclipsimnota-

478 4424 581 4491 vit,
616 4426 819 4481 eodem
869 4442 1023 4481 anno
1055 4432 1111 4483 et
1141 4428 1232 4483 die
1278 4446 1389 4500 quo
1439 4431 1833 4503 Nicephorus;
1884 4451 2139 4506 eumque

2253 3283 2525 3355 in'gradu
2570 3284 2637 3337 12
2685 3284 3085 3339 Geminorum.
3119 3286 3397 3342 Latitudo
3441 3286 3583 3341 lunae
3630 3279 3826 3338 borealis

2252 3377 2309 3427 et
2355 3389 2492 3426 vera
2544 3372 2655 3427 fuit
2705 3372 3072 3427 minutorum
3106 3373 3193 3441 19,
3227 3375 3291 3441 8;
3347 3375 3446 3430 sed
3498 3386 3750 3445 apparens
3782 3366 3835 3421 ob

2252 3457 2595 3528 parallaxim
2627 3456 2961 3513 latitudinis
2991 3457 3104 3513 fuit
3131 3459 3413 3515 australis
3437 3465 3493 3514 et
3526 3460 3826 3513 minutorum

2249 3546 2302 3613 3,
2336 3547 2398 3614 8;
2430 3562 2666 3600 summa
2697 3550 2890 3600 autem
2935 3545 3513 3602 semidiametrorum
3544 3545 3669 3602 solis
3696 3547 3744 3597 et
3770 3539 3835 3593 lu-

2249 3652 2336 3689 nae
2381 3634 2491 3688 fuit
2543 3634 2909 3688 minutorum
2951 3635 3043 3701 30,
3073 3635 3172 3698 40;
3205 3638 3263 3690 et
3306 3636 3450 3691 solis
3498 3627 3836 3690 diameterin-

2248 3727 2411 3793 tegra
2459 3722 2820 3776 minutorum
2853 3722 2944 3791 31,
2972 3723 3072 3791 38;
3124 3722 3377 3793 ideoque
3430 3723 3589 3793 digiti
3630 3712 3835 3787 ecliptici

2249 3812 2336 3875 11,
2367 3811 2456 3863 25.
2490 3810 2597 3865 Sed
2632 3826 2698 3865 eo
2731 3812 2887 3881 quod
2936 3810 3084 3865 radii
3131 3811 3271 3867 solis
3318 3811 3551 3883 oblique
3580 3810 3632 3864 in
3660 3812 3832 3861 terram

2248 3899 2572 3952 incidentes
2602 3898 2885 3953 aliorsum
2933 3897 3133 3969 procul
3167 3916 3199 3952 a
3228 3901 3447 3955 vertice
3485 3892 3831 3955 Constantino-

2248 3986 2398 4056 polis
2430 3986 2886 4053 reﬂecterentur,
2918 4002 3026 4041 nec
3071 3986 3325 4041 multum
3361 4004 3543 4043 aerem
3575 3999 3730 4055 supra
3754 3994 3830 4049 p0-

2248 4076 2426 4130 situm
2458 4074 2841 4143 illustrarent,
2870 4077 2995 4130 visa
3027 4080 3115 4130 est
3143 4075 3383 4147 eclipsis
3416 4092 3555 4147 pene
3583 4069 3767 4132 totalis,
3789 4067 3831 4118 et

2248 4162 2424 4219 stellae
2456 4163 2741 4218 horizonti
2783 4164 3084 4234 propiores
3116 4162 3366 4234 aliaeque
3395 4160 3636 4235 conspici
3664 4160 3827 4230 potuev

2246 4258 2400 4309 runL

2316 4343 2396 4396 Ex
2435 4358 2565 4397 mea
2595 4340 2959 4413 Geographia
3000 4342 3318 4397 reformata
3369 4354 3622 4413 suppono
3665 4331 3821 4390 altitu-

2246 4431 2441 4486 dinem
2473 4430 2591 4501 poli
2643 4428 3179 4501 Constantinopolis
3228 4446 3358 4485 esse
3398 4428 3555 4502 grad.
3588 4427 3665 4489 42,
3692 4419 3764 4482 56,
3789 4416 3829 4469 ei

476 4513 630 4568 circa
681 4513 714 4566 4
762 4514 1013 4584 gradum
1071 4516 1446 4574 Geminorum
1498 4521 1635 4590 jure
1694 4522 1930 4591 corrigit
1974 4539 1985 4577 :
2028 4525 2127 4579 sed
2163 4522 2206 4584 D
2238 4519 2665 4591 longitudinem
2720 4536 2752 4573 a
2797 4518 2997 4573 Palma
3045 4518 3240 4574 insula
3290 4518 3715 4575 Fortunatarum
3755 4519 3821 4576 gr-

477 4600 792 4671 contigisse
829 4602 909 4657 ait
948 4605 1089 4659 hora
1120 4606 1209 4675 11,
1231 4607 1285 4662 9.
1307 4608 1397 4677 21,
1426 4615 1557 4678 post
1588 4611 1838 4665 mediam
1873 4616 2124 4680 noctem,

473 4689 704 4743 tardius
751 4690 945 4747 multo
984 4709 1162 4764 quam
1194 4694 1332 4750 velit
1362 4697 1723 4769 Nicephorus
1764 4700 1863 4770 qui
1910 4701 1944 4754 3
1993 4705 2129 4756 ante

473 4778 775 4834 meridiem
824 4783 1055 4851 scribit;
1089 4801 1223 4839 cum
1257 4803 1369 4856 quo
1420 4787 1568 4843 belle
1618 4789 1880 4845 calculus
1931 4796 2128 4846 noster

472 4868 762 4923 convenit.
795 4868 1075 4927 Numerat
1113 4878 1306 4929 autem
1340 4875 1628 4931 Calvisius
1661 4879 1876 4949 digitos
1913 4880 2125 4934 obscu-

473 4956 719 5012 rationis
754 4958 843 5027 11,
870 4958 959 5025 52,
996 4960 1113 5014 fere
1142 4965 1207 5015 ut
1237 4979 1344 5017 nos
1375 4968 1431 5018 et
1476 4966 1836 5035 Nicephorus
1866 4968 2123 5038 proxime

472 5045 543 5100 ad
575 5045 851 5113 totalem;
886 5047 1091 5103 feriam
1125 5065 1360 5121 quoque
1391 5061 1664 5122 quartam
1698 5053 1804 5109 rite
1831 5056 2121 5127 designat,

470 5137 528 5188 et
576 5133 783 5204 probat
839 5134 1039 5206 cyclus
1087 5136 1230 5192 solis
1285 5138 1600 5207 16,1ittera
1646 5141 1710 5194 B.
1743 5141 2029 5212 Keplerus
2061 5145 2118 5198 in

469 5221 689 5276 tabulis
740 5222 1070 5279 Rudolfinis
1102 5242 1157 5295 p.
1188 5226 1259 5279 98
1305 5227 1569 5296 ejusdem
1621 5228 1906 5301 eclipseos
1957 5247 2116 5286 men-

469 5309 691 5366 tionem
723 5309 880 5379 facit,
912 5317 970 5367 et
1000 5314 1258 5368 ostendit
1306 5321 1462 5370 recte
1493 5332 1524 5370 a
1555 5316 1802 5373 Calvisio
1828 5318 2114 5390 Nicepho-

469 5415 599 5453 rum
658 5400 1025 5471 reprehendi,
1086 5407 1142 5456 et
1190 5419 1324 5457 cum
1374 5420 1441 5458 eo
1500 5406 1664 5475 ponit
1711 5408 1875 5477 grad.
1928 5408 2115 5475 10,59

464 5486 866 5553 Geminorum,
927 5490 1102 5560 paulo
1156 5490 1453 5547 liberalior
1500 5492 1559 5546 in
1614 5494 1881 5550 minutis.
1940 5497 2115 5552 Porro

458 5576 531 5629 de
562 5576 867 5632 duratione
907 5577 1089 5647 hujus
1119 5579 1355 5651 eclipsis
1386 5596 1576 5651 neque
1616 5581 1981 5653 Nicephorus
2013 5599 2113 5639 ne-

458 5679 573 5734 que
616 5663 902 5722 Calvisius
950 5670 1052 5722 aut
1092 5668 1374 5739 Keplerus
1418 5670 1743 5740 quidquam
1794 5672 2111 5729 afﬁrmant.

2236 4610 2327 4674 54,
2357 4610 2444 4662 36.

2307 4698 2453 4762 Quid
2483 4696 2596 4752 sibi
2625 4695 2763 4751 velit
2790 4696 3099 4768 Gregoras,
3132 4700 3234 4751 aut
3263 4696 3475 4768 quibus
3505 4709 3572 4748 ex
3597 4687 3822 4761 epheme-

2236 4786 2465 4841 ridibus
2492 4785 2755 4840 hauserit
2787 4785 2967 4840 solem
3002 4785 3182 4841 fuisse
3207 4790 3346 4840 tunc
3375 4786 3430 4839 in
3458 4784 3649 4855 quarto
3675 4769 3818 4867 grati“

2235 4891 2335 4928 seu
2369 4878 2533 4945 parte
2562 4874 2968 4940 Geminorum,
3002 4874 3236 4945 penitus
3275 4874 3493 4944 ignoro.
3534 4869 3671 4922 Licet
3698 4869 3820 4915 enim

2232 4961 2443 5017 tabulas
2495 4962 2897 5017 astronomicaa
2949 4962 3274 5032 insignium
3327 4954 3818 5042 mathematicam.m

2230 5050 2434 5120 paucis
2464 5048 2688 5120 aliquot
2735 5048 2985 5105 minutis
3031 5050 3319 5105 dissidere
3351 5046 3572 5120 possint
3615 5057 3645 5095 a
3686 5046 3818 5130 mets,

2230 5117 2435 5194 multis
2462 5117 2658 5193 tamen
2690 5138 2971 5210 gradibus
2997 5138 3192 5193 nullae.
3211 5117 3375 5193 Certe
3400 5135 3550 5192 enim
3581 5140 3714 5185 anno
3740 5117 3816 5210 illo

2230 5230 2366 5283 1267
2398 5228 2483 5284 sol
2517 5204 2957 5300 ingrediebatur
3001 5230 3059 5284 in
3110 5229 3280 5299 signa
3326 5222 3551 5282 Zodiaci
3594 5204 3816 5271 diebus9

2227 5319 2427 5373 aut10
2457 5316 2630 5372 cilius
2670 5334 2845 5388 quam
2901 5334 3057 5372 nunc
3106 5321 3239 5388 post
3285 5310 3677 5370 correctionem
3702 5301 3812 5388 ϐξθ·

2226 5407 2526 5478 gorianam
2560 5382 2910 5467 Kalendarii.
2943 5382 3124 5460 Nunc
3161 5409 3353 5460 autem
3403 5382 3811 5478 ingrediturGf’,’

2227 5466 2416 5549 minos
2458 5494 2552 5548 die
2580 5495 2650 5548 22
2676 5502 2771 5548 aut
2799 5466 2869 5547 23
2898 5493 3052 5550 Maii.
3090 5493 3207 5563 Ego
3254 5497 3390 5547 tunc
3438 5466 3527 5542 die
3556 5482 3617 5535 13
3644 5477 3730 5563 alti
3755 5466 3807 5563 ίξ

2225 5583 2473 5638 circiter.
2505 5584 2693 5653 Atque
2724 5584 2865 5637 adeo
2896 5583 2987 5638 die
3017 5583 3088 5637 25
3118 5552 3250 5637 lltlaii
3281 5583 3399 5636 erat
3424 5578 3538 5647 jam
3570 5570 3622 5623 in
3652 5562 3705 5617 11
3734 5552 3805 5611 vel

2225 5672 2292 5727 12
2319 5671 2506 5743 gradu
2536 5670 2939 5729 Geminorum.
