4108 6294
336 340 474 396 1197

1721 336 2224 393 CHRONOLOGIC
2232 336 2333 389 US.

3577 329 3714 384 1198

404 463 533 519 Haec
555 461 673 535 ille,
692 461 1114 533 Habes,lcctor,
1131 461 1661 517 eruditissimorum
1684 460 1976 515 hominum
2006 463 2060 525 Α
2090 460 2340 529 quatuor
2368 458 2424 510 et
2451 456 2662 529 viginti
2696 456 2846 529 patri
2898 454 3167 511 morienti
3222 444 3596 511 successiée.
3656 451 3719 507 Si

333 555 389 606 et
444 552 849 622 prastantium
908 557 1351 608 astonomorum
1402 550 1554 605 circa
1609 548 1876 619 eclipsim
1940 565 1971 602 a

334 639 657 710 Nicephoro
684 641 938 711 Gregora
970 642 1349 694 memoratam
1405 638 1626 707 judicia
1656 641 1712 691 et
1743 636 1973 691 ratioci-

335 727 453 793 nia,
487 743 612 797 quea
643 732 866 782 tantam
896 731 1023 799 ejus
1063 728 1329 783 notitiam
1354 726 1736 797 suppeditant
1758 730 1975 794 quanta

338 816 525 885 optari
558 816 677 871 fere
717 820 929 886 potest,
962 820 1117 870 certe
1175 832 1301 885 quae
1336 816 1567 869 abunde
1620 814 1849 868 sufﬁcis
1905 814 1974 866 ad

340 921 509 958 usum
545 910 809 959 nostrum
842 904 1199 975 insigniendi
1222 905 1357 957 anni
1382 920 1497 973 quo
1516 903 1803 957 Germano
1821 901 1977 955 abdi-

340 998 509 1048 caute
539 992 834 1064 Josephus
865 993 1199 1063 patriarcha
1239 993 1351 1063 est}
1373 995 1627 1056 creatus,
1661 996 1781 1044 tam
1812 990 1978 1043 lucu.

338 1081 494 1135 lento
551 1081 905 1148 charactere,
941 1086 1003 1135 ut
1056 1081 1113 1134 in
1149 1096 1214 1134 eo
1262 1097 1294 1134 a
1348 1079 1573 1135 caeteris
1631 1078 1980 1133 dicernendo

338 1168 455 1223 labi
484 1168 755 1240 deinceps
787 1175 886 1223 aut
926 1170 1013 1224 vel
1046 1168 1305 1223 titubare
1342 1168 1654 1238 quisquam
1712 1171 1977 1236 nequeat.

948 1309 1183 1365 CAPUT
1217 1308 1361 1362 VIII.

340 1396 666 1464 Andronici,
706 1400 802 1469 qui
856 1398 1123 1454 Michaeli
1171 1399 1415 1469 Augusto
1449 1399 1870 1467 primogenitae,
1924 1398 1981 1469 in

410 1469 642 1538 imperio
671 1467 870 1539 collega
901 1474 952 1524 et
978 1473 1099 1539 post
1124 1467 1478 1536 ejus—obitum
1526 1484 1804 1523 successor
1848 1467 1982 1537 fuit,

410 1545 550 1597 aetas
613 1541 858 1610 conjugii
914 1549 967 1594 et
1014 1539 1306 1594 evectionis
1337 1541 1395 1593 in
1421 1539 1708 1608 imperium
1750 1548 1982 1608 tempus,

410 1620 842 1681 ca:terorumque
869 1612 987 1680 ejus
1016 1619 1257 1665 actorum
1289 1610 1660 1679 chronologza.

413 1737 452 1790 Ι.
490 1735 754 1789 Michasli
796 1733 1119 1806 Palaeologo
1178 1734 1278 1806 qui
1312 1734 1599 1788 successit
1630 1733 1687 1787 in
1740 1734 1986 1805 imperio

340 1824 730 1893 Andronicus,
754 1824 949 1880 senior
975 1825 1048 1879 ab
1080 1823 1372 1879 historicis
1406 1823 1831 1895 posterioribus
1862 1824 1981 1878 dic-
2014 1808 2063 1871 Β

342 1917 440 1967 tus
470 1929 538 1967 ex
564 1913 999 1983 comparatione
1029 1929 1158 1967 cum
1197 1912 1384 1983 ipsius
1421 1916 1628 1982 nepote
1659 1911 1990 1966 Andronico

338 2000 594 2071 juniore,
618 2000 705 2054 avi
737 2001 797 2055 in
828 2001 1077 2071 imperio
1109 2000 1349 2072 collega,
1385 2001 1625 2070 quicum
1672 2000 1824 2053 743
1861 2015 1989 2069 gra-

348 2105 444 2144 ves
501 2092 557 2143 et
584 2088 667 2144 rei
722 2090 995 2144 Romana;
1072 2088 1600 2159 perniciosissimas
1652 2087 1992 2141 inimicitias

348 2178 623 2240 exercuit,
652 2177 710 2231 in
742 2177 1057 2231 Cantazeni
1080 2177 1404 2248 praesertim
1431 2175 1675 2230 historia
1708 2183 1991 2242 narratas,

350 2266 433 2338 [P.
464 2267 587 2333 526]
628 2264 1011 2331 Andronicus,
1044 2265 1309 2335 inquam,
1344 2263 1536 2318 senior
1567 2262 1869 2317 Michaelis
1902 2264 1995 2317 Pa-

346 2353 566 2425 laaologi
594 2353 804 2424 prioris
830 2352 1278 2423 primogenitus,
1298 2352 1525 2422 imperii
1547 2352 1768 2421 collega
1790 2357 1844 2404 et
1866 2355 1995 2421 post

353 2441 532 2511 patris
584 2445 825 2495 mortem
868 2457 1197 2505 successor,
1230 2441 1464 2510 quando
1518 2445 1689 2493 natus
1748 2440 1843 2505 sit,
1880 2455 1994 2508 qua

348 2533 511 2583 aetate
543 2544 779 2582 uxorem
830 2529 1061 2581 duxerit
1120 2544 1234 2597 quo
1296 2544 1447 2581 anno
1482 2527 1773 2597 particeps
1808 2528 1993 2580 factus

347 2617 521 2671 fuerit
552 2619 823 2687 Augustae
868 2616 1197 2685 potestatis,
1232 2617 1521 2670 incertum
1570 2615 1791 2669 faciunt
1823 2615 1991 2668 variae

342 2721 408 2759 ac
452 2705 599 2758 male
650 2705 803 2757 inter
849 2720 975 2757 sese
1025 2703 1382 2758 cohaerentes
1431 2720 1561 2757 cum
1624 2704 1992 2774 Pachymeris

344 2796 472 2846 tum
490 2792 755 2861 Gregorae
786 2792 1104 2846 etaliorum
1139 2792 1237 2863 qui
1274 2792 1342 2845 de
1373 2792 1510 2847 illus
1537 2794 1710 2847 rebus
1744 2793 1991 2862 scripse-

341 2884 480 2934 runt
528 2879 963 2933 afﬁrmationes.
1017 2882 1205 2944 Quare
1236 2896 1417 2949 operaa
1470 2881 1716 2951 pretium
1774 2896 1865 2933 me
1915 2880 1994 2934 fa-

356 2974 591 3023 cturum
625 2967 820 3025 statui,
845 2968 892 3021 si
926 2970 1252 3023 evolvendis
1283 2985 1351 3023 ex
1368 2970 1712 3040 ambagibus
1731 2973 1787 3022 et
1816 2972 1991 3037 certo,

341 3057 532 3128 quoad
566 3054 780 3119 licebit,
825 3055 1155 3127 digerenda:
1188 3057 1389 3111 ordine
1432 3074 1624 3111 rerum
1669 3056 1855 3126 ipsius
1888 3058 1993 3112 hac

347 3144 594 3200 historia
626 3151 1083 3199 memoratarum
1119 3144 1504 3215 chronologiae
1553 3146 1761 3216 capitis
1810 3146 1987 3216 hujus
2018 3143 2060 3208 C

350 3248 587 3305 operam
620 3233 1041 3304 impenderem.
1075 3232 1267 3288 Prima
1289 3236 1550 3287 omnium
1575 3235 1884 3288 statuenda
1904 3244 1989 3289 est

345 3322 565 3391 epocha
594 3320 805 3375 natalis
822 3321 1133 3375 Andronici
1160 3321 1358 3389 hujus,
1376 3321 1661 3392 perplexis
1685 3322 1989 3393 Pachymr-

348 3409 430 3462 ris
452 3414 506 3463 et
527 3409 812 3478 Graagorze
832 3408 1262 3462 assertionibus
1288 3414 1522 3462 nutans.
1539 3408 1751 3462 Scribit
1772 3409 1989 3480 Pachy-

351 3513 560 3565 meres,
591 3496 632 3550 l.
673 3511 761 3561 III,
788 3513 837 3549 c.
870 3495 925 3559 7,
949 3496 1309 3551 Theodoram
1360 3496 1661 3551 Michaelis
1692 3496 1992 3567 Palaeologi

358 3601 616 3651 uxorem,
653 3600 783 3638 cum
819 3585 1198 3652 comperisset
1226 3584 1411 3639 virum
1440 3602 1609 3638 suum
1641 3585 1993 3658 cogitarede

350 3690 411 3727 se
438 3672 801 3743 repudianda
831 3672 1287 3742 asciscendaque
1307 3672 1431 3726 loco
1454 3674 1579 3742 ejus
1602 3673 1657 3726 in
1683 3674 1991 3745 conjugem

348 3768 518 3816 Anna
551 3760 832 3815 Alamana
851 3761 1096 3814 Joannis
1117 3765 1362 3815 Batatzze
1375 3760 1512 3813 olim
1531 3764 1776 3832 Augusti
1799 3763 1993 3826 vidua,

349 3850 624 3918 graviter,
650 3852 837 3919 utpar
856 3854 998 3912 erat,
1021 3848 1077 3902 id
1106 3851 1379 3903 terentem
1414 3850 1811 3920 expostulasse
1843 3854 1991 3922 quod

351 3953 413 3993 se
453 3942 790 3992 coronatam
821 3937 939 4006 jam
965 3938 1287 4007 Augustam
1322 3937 1445 3991 sine
1468 3936 1585 3991 ulla
1614 3955 1792 3993 causa
1821 3939 1999 4010 impe-

353 4029 514 4080 rator
543 4024 715 4079 vellet
742 4024 1031 4093 dimitere,
1057 4030 1364 4095 postquam
1390 4029 1445 4078 et
1466 4025 1583 4095 jam
1617 4031 1880 4096 AugUsto
1902 4044 1997 4098 pe-

356 4113 608 4185 perisset
639 4113 811 4183 ﬁlios,
845 4113 1098 4185 primum
1133 4114 1365 4184 quidem
1398 4114 1849 4185 Manuelequui
1882 4116 1998 4170 cito

361 4202 638 4273 perierat,
670 4202 880 4257 deinde
909 4219 1041 4256 vero
1071 4202 1467 4257 Andronicum
1500 4202 1688 4258 adhuc
1718 4204 2003 4273 supersti-

357 4295 497 4356 tem,
533 4306 707 4361 quem
747 4295 911 4360 pater
949 4290 1104 4362 regie
1131 4290 1447 4357 nutriebat,
1483 4292 1733 4362 denique
1766 4292 1997 4345 tertium

360 4384 675 4449 postquam
698 4378 758 4432 in
794 4379 998 4433 urbem
1023 4379 1581 4450 ConstantinOpolim
1618 4380 1889 4435 eLatinis
1921 4395 2002 4433 re-

2077 548 2231 601 enim
2265 546 2313 599 is
2346 547 2649 616 patrejam
2680 547 3023 617 imperante,
3055 549 3113 599 et
3136 544 3372 614 quidem
3422 543 3717 599 secundus

2081 640 2209 705 pust
2242 634 2564 688 Manuelem
2590 635 2647 688 in
2701 634 2945 688 infantia
3000 636 3321 701 mortuum,
3382 635 3553 687 natus
3605 638 3715 702 est,

2082 740 2213 778 cum
2249 722 2513 787 Michael,
2546 727 2612 777 ut
2640 727 2729 778 est
2767 724 3255 789 demonstratum,
3286 721 3576 789 imperare
3607 738 3716 776 cm-

2084 812 2229 882 perit
2261 812 2377 865 Kal.
2428 812 2667 866 Januar.
2729 811 2863 866 anni
2922 810 3132 864 Christi
3190 810 3346 873 1260,
3407 809 3604 864 venire
3660 811 3718 864 in

2080 901 2268 954 lucem
2306 916 2416 953 non
2451 901 2803 971 potuitfante
2827 915 3045 953 annum
3070 897 3283 953 Christi
3304 899 3462 963 1261,
3492 898 3724 969 imperii

2084 987 2386 1057 Paleeologi
2430 991 2806 1054 secundum;
2867 992 2924 1041 et
2981 991 3422 1056 consequenter,
3492 987 3723 1056 quando

2085 1077 2239 1129 idem
2278 1076 2646 1146 Pateeologus
2680 1075 2926 1129 Michael
2952 1091 3128 1136 anno,
3161 1078 3225 1128 ut
3280 1090 3406 1145 cap.
3460 1075 3727 1145 sequenti

2087 1163 2605 1231 demonstrabitur,
2639 1162 2853 1217 Christi
2883 1162 3023 1216 1284
3054 1168 3318 1216 mortuus
3357 1165 3464 1228 est,
3508 1162 3727 1217 Andro-

2086 1253 2256 1307 nicus
2288 1270 2401 1307 non
2434 1254 2550 1307 nisi
2579 1268 2869 1307 annorum
2893 1250 3067 1305 unius
3095 1254 3152 1305 et
3180 1250 3385 1321 viginti
3440 1267 3569 1305 esse
3628 1267 3729 1320 po-

2088 1342 2312 1395 tuisset.
2346 1345 2572 1411 Pugnat
2602 1342 2659 1395 id
2706 1340 2882 1395 etiam
2942 1354 3073 1394 cum
3135 1354 3199 1392 eo
3257 1338 3407 1407 quod
3445 1342 3731 1410 Gregoras

2090 1431 2292 1485 scribit
2350 1430 2388 1483 l.
2451 1430 2543 1495 1V,
2604 1447 2661 1500 p.
2721 1430 2809 1496 40,
2861 1427 3225 1495 Michaelem,
3275 1442 3410 1481 cum
3485 1426 3734 1482 solemni

2089 1535 2304 1590 pompa
2334 1517 2897 1588 ConstantinOpolim
2927 1534 2960 1569 a
2989 1515 3114 1570 suis
3181 1519 3584 1586 recuperatam
3642 1516 3732 1571 in-

2090 1623 2328 1676 gressus
2358 1611 2463 1669 est,
2496 1606 2890 1659 Andronicum
2912 1604 3237 1672 filiumjam
3276 1609 3402 1657 tum
3448 1605 3738 1660 bimulum

2091 1696 2363 1748 duxisse:
2398 1691 2696 1766 Ἰἐναιπρὸς
2719 1692 2819 1758 τὴν
2868 1688 3122 1765 βασιλίδα
3194 1695 3302 1744 τῶν
3354 1689 3570 1745 πόλεων
3628 1692 3741 1762 ἅμα

2091 1784 2158 1854 τῇ
2192 1781 2406 1853 συζύγῳ
2457 1779 2710 1845 δεσποίνῃ
2760 1780 2849 1833 καὶ
2894 1785 2971 1850 τῷ
3010 1780 3112 1851 υἱῷ
3160 1778 3487 1855 Ἀνδρονίκώ
3529 1784 3608 1851 τῷ
3635 1779 3743 1852 νέῳ

2098 1869 2312 1944 βασιλεῖ
2355 1867 2599 1942 δεύτερον
2657 1865 2776 1929 ἔτος
2834 1867 3014 1943 ἄγοντι
3071 1874 3171 1936 τῆς
3225 1868 3470 1936 ἡλικίας.
3526 1870 3740 1925 Certis—

2096 1960 2246 2011 simo
2277 1958 2430 2013 enim
2477 1958 2792 2013 statuimus
2824 1957 3098 2028 superius
3183 1958 3516 2029 ingressum
3591 1960 3745 2013 744

2098 2047 2436 2101 Michaelem
2473 2046 2860 2115 Palasologum
2890 2048 3095 2100 urbem
3130 2046 3302 2117 paulo
3336 2048 3499 2116 prius
3530 2065 3564 2102 a
3616 2047 3742 2102 suis

2096 2143 2325 2207 captam
2360 2139 2447 2191 die
2487 2139 2550 2189 15
2583 2136 2827 2206 Augusti
2861 2136 2997 2191 anni
3023 2136 3235 2191 Christi
3264 2138 3420 2205 1261,
3442 2154 3556 2207 quo
3579 2142 3734 2192 tem-

2097 2243 2233 2297 pore
2262 2231 2323 2280 ut
2356 2227 2603 2278 duorut'n
2640 2241 2925 2279 annorum
2963 2242 3104 2295 puer
3134 2226 3505 2280 Andronicus
3538 2226 3731 2292 fuerit,

2094 2315 2350 2384 oportuit.
2378 2331 2507 2366 cum
2546 2313 2964 2367 natumsaltcm
2992 2313 3159 2367 initio
3184 2314 3550 2369 anniChristi
3577 2315 3731 2368 1260.

2094 2402 2251 2464 Quod
2288 2402 2399 2455 dici
2427 2401 2645 2471 nequit,
2679 2419 2814 2456 cum
2840 2406 2974 2455 ante
3005 2401 3171 2455 illum
3194 2403 3342 2471 patri
3367 2405 3491 2473 jam
3553 2402 3738 2473 impe-

2096 2491 2244 2544 ranti
2278 2496 2450 2543 natus
2485 2490 2655 2544 tuerit
2706 2488 3135 2560 primogenitus
3193 2491 3341 2560 ejus,
3403 2490 3630 2545 Manuel
3671 2491 3731 2546 in

2095 2579 2262 2633 cunis
2299 2584 2582 2632 mortuus.
2617 2577 2955 2633 Necessario
2987 2578 3168 2647 igitur
3199 2580 3569 2649 agnoscenda
3599 2577 3736 2651 πρό-

2096 2665 2261 2737 ληψις
2287 2666 2458 2719 estin
2494 2665 2610 2719 illis
2641 2666 2830 2720 verbis
2890 2664 2976 2717 ὑπ’
3037 2661 3189 2738 ἀνδρὶ
3242 2669 3319 2735 τῷ
3379 2664 3612 2739 βατιλεῖ,
3675 2672 3738 2721 ut

2095 2770 2465 2825 nequaquam
2491 2755 2792 2808 Theodore
2824 2753 3155 2823 signiﬁcare
3194 2755 3443 2809 voluerit
3500 2772 3561 2809 se
3609 2755 3733 2810 viro

2096 2860 2202 2897 suo
2230 2847 2352 2911 jam
2387 2843 2699 2913 imperanti
2725 2842 3051 2898 Manuelem
3086 2851 3137 2896 et
3177 2844 3574 2897 Andronicum
3631 2860 3731 2914 pe-

2095 2932 2316 3001 perisse
2348 2950 2364 2995 ;
2397 2932 2494 2985 sed
2528 2931 2953 3000 appelationem
2985 2930 3375 3001 imperatoris,
3436 2948 3561 3001 quis
3626 2948 3732 2987 suo

2097 3021 2301 3074 marito
2332 3025 2471 3073 tunc
2501 3035 2631 3072 cum
2665 3018 2765 3071 illa
2796 3018 2915 3072 haec
2950 3019 3178 3073 dicebat
3208 3020 3566 3085 conveniret,
3625 3021 3729 3074 tri-

2096 3108 2314 3171 buisse,
2349 3107 2483 3161 licet
2513 3106 2613 3161 illa
2642 3123 2755 3161 non
2781 3108 3091 3177 pertineret
3121 3108 3189 3159 ad
3218 3108 3274 3161 id
3324 3113 3558 3179 tempus
3615 3125 3730 3179 quo

2098 3197 2197 3250 illa
2232 3194 2553 3250 Manuelem
2579 3198 2633 3249 et
2661 3194 3053 3248 Andronicum
3083 3194 3251 3249 enixo
3284 3196 3493 3252 fuerat.

2169 3321 2257 3374 lli.
2287 3320 2395 3374 Sed
2426 3318 2642 3387 aliquid
2674 3319 2891 3373 certius
2925 3321 2994 3373 de
3030 3338 3184 3374 anno
3202 3322 3380 3376 natali
3410 3322 3731 3377 Andronici

2097 3408 2343 3464 senioris
2375 3412 2631 3463 statuere
2662 3406 2856 3461 licebit
2886 3424 2954 3462 ex
2984 3412 3244 3478 tempore
3270 3411 3457 3481 ipsius
3505 3411 3731 3466 obitus.

2097 3496 2645 3550 sicubisatis'certo
2698 3496 2755 3549 id
2817 3496 3121 3551 deﬁnitum
3184 3500 3434 3567 reperire
3481 3499 3735 3570 potneri—

2098 3601 2250 3639 mus.
2320 3584 2591 3653 Legimus
2675 3585 2828 3652 apud
2902 3585 3185 3640 Joannem
3264 3586 3732 3643 Cantacuzenum

2099 3672 2160 3744 (Ι.
2195 3689 2255 3740 ιι,
2287 3688 2334 3726 c.
2369 3672 2457 3736 20,
2493 3687 2545 3741 p.
2579 3672 2684 3724 228
2714 3674 2781 3725 ed
2816 3672 2983 3742 Reg.)
3011 3673 3161 3727 hunc
3188 3677 3606 3739 Andronicum,
3632 3693 3735 3747 qur

2101 3761 2363 3816 abdicato
2394 3758 2637 3829 imperio
2666 3764 2855 3813 tactus
2878 3763 3197 3817 monachus
3228 3764 3461 3818 Antonii
3520 3781 3732 3819 nomen

2102 3853 2520 3919 nssumpserat,
2552 3848 2611 3901 in
2647 3850 2999 3905 monasterio
3033 3857 3325 3906 mortuum
3370 3870 3497 3908 csse
3552 3871 3735 3909 mense

2103 3938 2422 3997 Februario,
2456 3936 2757 3991 indictione
2811 3939 2896 4002 15,
2927 3955 3073 3993 αηηο
3112 3941 3527 4010 quadragesimo
3564 3959 3736 4013 supra

2100 4029 2274 4083 sexies
2300 4026 2659 4079 millesimum
2680 4029 2729 4079 et
2751 4026 3302 4095 octingentissimum,
3334 4034 3525 4084 natum
3566 4047 3737 4085 annos

2102 4115 2445 4186 septuaginta
2466 4114 2624 4167 duos.
2657 4113 2714 4168 Si
2744 4129 2808 4168 ex
2852 4130 3092 4170 numero
3145 4117 3286 4170 6840
3333 4135 3624 4175 annorum
3668 4121 3740 4173 72

2104 4205 2305 4258 demas
2336 4219 2541 4269 annos,
2576 4203 2863 4271 supererit
2885 4220 3075 4259 annus
3108 4222 3230 4259 serae
3254 4206 3579 4262 Graecorum
3600 4209 3743 4262 6768

2106 4309 2220 4362 quo
2252 4292 2437 4345 fuisse
2468 4297 2668 4345 natum
2702 4292 2962 4363 oportuit
2995 4308 3126 4346 eum
3160 4294 3258 4363 qui
3293 4296 3463 4349 annis
3513 4297 3744 4351 duobus

2107 4381 2297 4449 major
2342 4381 2788 4450 septuagenario
2846 4398 2998 4435 anno
3054 4383 3195 4435 6848
3271 4383 3425 4438 diem
3509 4384 3745 4440 obierit.

357 4472 585 4539 captam
620 4467 937 4536 imperator
968 4467 1341 4539 migraverat,
1373 4468 1494 4524 illic
1524 4469 1580 4525 in
1618 4486 1874 4541 purpura
1902 4486 1996 4523 na-
2029 4498 2075 4561 Β
2108 4473 2190 4539 (Ρ.
2221 4469 2349 4539 527)
2378 4469 2480 4522 Est
2510 4468 2606 4521 hic
2637 4485 2826 4523 annus
2856 4470 2996 4523 6768
3042 4471 3243 4524 mundi
3301 4472 3469 4541 juxta
3523 4477 3751 4529 Graecos

362 4560 489 4611 tum
524 4555 976 4610 Constantinum
1001 4556 1255 4625 nomine,
1278 4563 1657 4628 cognomento
1682 4557 1997 4628 Porphyro-

358 4644 623 4716 genitum
660 4661 674 4699 :
707 4643 772 4698 Ἦ
838 4642 1054 4716 βασιλὶς
1102 4642 1359 4716 Θεοδώρα
1392 4643 1652 4717 χαλεπῶς
1690 4645 1833 4718 εἶχεν
1865 4643 2008 4716 ἐνὲγ-

357 4750 476 4794 και,
510 4729 555 4783 εἰ
616 4727 876 4783 δέσποινα
929 4732 1229 4803 ἒστεμμένη
1278 4731 1407 4785 οὖσα
1459 4730 1547 4785 καὶ
1598 4733 1794 4805 γνησία
1848 4733 2007 4805 γυνὴ,

374 4817 462 4871 ὑπ’
495 4815 649 4891 ἀνδρί
678 4838 736 4873 τε
762 4822 842 4890 τῷ
876 4819 1091 4894 βασιλεῖ
1134 4824 1361 4874 τεκοῦσα
1386 4817 1601 4889 παῖδας,
1652 4820 1741 4873 καὶ
1793 4823 2006 4893 πρῶτον

371 4906 468 4978 μὶν
526 4905 898 4981 ἀποιχόμενον
960 4906 1160 4975 ἄλλον,
1214 4908 1304 4962 τὸν
1364 4909 1651 4979 Μαθουήλ,
1695 4909 1805 4963 εἶτα
1837 4908 1894 4962 δὲ
1921 4907 2010 4961 καὶ

360 4994 451 5047 τὸν
484 4994 741 5067 περιόντα
772 4993 1132 5070 ’Λ-ιδρόνικον,
1172 4994 1230 5048 ὃν
1284 4994 1585 5069 βασιλικῶς
1617 4997 1644 5050 ὁ
1676 4997 1857 5071 πατὴρ
1886 4996 2011 5066 τρὲ-

365 5100 481 5157 φοι.
516 5083 597 5137 Ex
629 5082 722 5139 his
752 5084 980 5139 videtur
1024 5100 1195 5155 posse
1224 5083 1415 5155 colligi
1474 5085 1731 5140 sensisse
1790 5084 2011 5155 Pachy-

369 5184 591 5224 merem
641 5171 1063 5238 Andronicum,
1098 5173 1212 5227 imo
1262 5176 1320 5226 et
1371 5176 1647 5244 praeterea
1686 5172 2014 5228 Manualem

371 5256 539 5328 prius
572 5263 893 5326 mortuum,
922 5266 1057 5332 post
1089 5259 1305 5315 initum
1338 5278 1371 5314 a
1391 5261 1676 5316 Michaelo
1698 5260 2017 5331 Palmologo

365 5344 688 5415 imperium
723 5354 890 5404 natos
922 5355 985 5402 ut
1013 5349 1097 5404 sic
1128 5348 1257 5403 illos
1290 5354 1477 5404 mater
1505 5366 1704 5404 eorum
1751 5350 2018 5405 Theodo-

366 5450 433 5486 ra
472 5432 593 5488 viro
616 5435 742 5504 jam
774 5437 1103 5507 imperanti,
1138 5433 1291 5510 ἀνδρὶ
1321 5441 1402 5508 τῷ
1438 5436 1676 5510 βασιλεῖ,
1709 5438 2016 5509 pepererit.

442 5519 513 5573 II.
545 5522 718 5593 Atqui
774 5524 883 5579 hoc
942 5525 1180 5595 quidem
1236 5532 1524 5597 repugnat
1578 5526 1697 5596 ipsi
1759 5526 2017 5597 primum

368 5607 711 5677 Pachymeri
745 5613 1063 5669 afﬁrmanti
1107 5614 1511 5670 Andronicum
1572 5631 1756 5671 annos
1812 5620 2018 5671 natum

2110 4558 2264 4611 idem
2290 4572 2460 4625 quem
2513 4572 2618 4610 nos
2667 4556 2726 4610 in
2785 4571 2894 4611 egra
2950 4558 3299 4613 Christiania
3374 4577 3755 4618 numeramus

2116 4646 2292 4706 1260;
2325 4644 2424 4715 qui
2456 4644 2585 4710 fuit,
2619 4647 2682 4698 ut
2709 4644 3225 4715 vidimus,primus
3247 4647 3473 4719 imperii
3504 4651 3756 4709 Michae-

2116 4732 2234 4787 liis.
2266 4732 2406 4802 Ejus
2429 4731 2563 4785 anni
2602 4732 2882 4803 principio
2914 4733 2962 4787 si
2995 4734 3186 4789 editus
3218 4736 3274 4789 in
3307 4735 3494 4792 lucem
3527 4741 3759 4793 Andro-

2119 4821 2287 4875 nicus
2318 4826 2426 4888 est,
2462 4819 2671 4874 habere
2701 4819 2891 4876 locum
2928 4828 3221 4892 utcunque
3250 4830 3439 4894 potest
3479 4829 3630 4898 quod
3693 4845 3763 4885 ex

2119 4914 2372 4980 Gregora
2434 4908 2766 4976 retulimus,
2826 4926 2891 4964 eo
2945 4910 3188 4976 bimulo,
3246 4913 3365 4967 sive
3434 4918 3760 4972 secundum

2122 4997 2311 5052 aetatis
2343 5013 2560 5051 annum
2593 5004 2821 5067 agente,
2845 4994 3089 5072 δεύτερον
3123 4995 3243 5061 ἓτος
3273 5000 3456 5072 ἄγοντι
3482 5009 3583 5071 τῆς
3633 5004 3765 5071 ἡλι-

2119 5083 2263 5148 χίας,
2297 5086 2618 5152 contigisse
2649 5085 2981 5156 ingressum
3013 5088 3433 5159 triumphalem
3466 5092 3770 5149 Michaelis

2123 5178 2252 5242 ejue
2284 5172 2467 5242 patris
2502 5173 2554 5224 in
2592 5174 2797 5226 urbem
2833 5175 3055 5245 regiam
3088 5176 3263 5246 paulo
3286 5182 3419 5232 ante
3450 5179 3519 5233 de
3552 5180 3775 5237 Latinis

2128 5266 2447 5331 receptam.
2479 5261 2585 5314 Sed
2622 5277 2733 5315 non
2770 5266 2959 5332 potest
2988 5279 3119 5317 cum
3154 5263 3263 5319 hoc
3287 5267 3574 5335 quadrare
3620 5271 3773 5339 quod

2129 5351 2333 5405 scribit
2370 5349 2750 5419 Pachymeres
2801 5350 2856 5403 in
2920 5353 3161 5406 Historia
3205 5355 3433 5422 imperii
3477 5357 3780 5414 Andronici

2128 5440 2168 5494 1.
2203 5455 2241 5505 ι,
2277 5454 2325 5501 c,
2364 5442 2409 5506 l,
2447 5454 2575 5491 cum
2612 5440 2846 5507 quando
2870 5440 3019 5509 patri
3050 5442 3352 5511 successit,
3386 5460 3571 5498 annos
3590 5448 3775 5504 aetatis

2133 5542 2473 5580 numerasse
2504 5536 2755 5594 quatuor
2784 5544 2960 5595 supra
2989 5527 3213 5598 viginti.
3274 5530 3456 5586 Verba
3509 5539 3648 5588 sunt
3702 5537 3774 5593 de

2131 5614 2231 5670 illo
2266 5613 2636 5683 Pachymeris
2672 5613 2794 5669 hac
2824 5615 2999 5685 ipsa:
3057 5617 3238 5687 Τῷτοι
3295 5616 3385 5671 καὶ
3439 5616 3559 5681 νὲος
3616 5618 3687 5676 ὣν
3740 5626 3768 5678 ὁ
