4060 6304
456 308 597 365 1199
1480 314 1542 367 Ρ.
1584 309 1859 370 POSSINI
1895 306 2060 361 OBSE

2171 306 2508 362 'ATIONUM
2544 307 2676 361 LIB.
2719 308 2816 364 111.
3693 312 3808 367 1200

455 429 807 509 ὑπολειφθεὶς
892 428 1191 505 βασιλεὺς,
1249 430 1341 502 ἔτη
1400 431 1636 509 γεγονὼς
1727 425 2060 503 τέσσαραπρὲ

2171 486 2176 494 ,
2206 444 2338 483 rum
2370 428 2499 484 vitae
2530 428 2742 500 ipsius,
2774 433 2840 485 ut
2868 430 3107 502 scripsit
3160 430 3469 503 Gregoras,
3523 432 3684 488 tacite
3728 434 3805 490 hic

452 526 534 581 οἷς
590 517 760 575 εἴκοσι
811 516 1086 589 τηνικάδε.
1132 520 1277 577 Nam
1338 538 1471 577 cum
1532 522 1602 577 ab
1671 536 1822 577 anno
1880 516 2060 573 Christ

2204 532 2484 571 revocans
2506 519 2659 588 quod
2696 518 2816 574 alas
2848 518 3093 587 dixerat,
3138 520 3558 588 Andronicum,
3606 525 3804 592 quando

454 609 595 663 1260
617 609 690 664 ad
739 608 900 677 1282,
964 625 1215 680 quorum
1269 610 1449 682 priori
1510 610 1755 681 ccepisse
1809 609 2096 678 imperare
2204 622 2336 661 cum
2369 608 2535 661 Patre
2557 608 2813 677 primum
2842 608 3805 681 ingressusestConstantinopolim,

452 696 760 767 posteriori
818 697 1033 753 obiisse
1087 697 1427 753 Michaelem
1486 697 1874 767 Palaaologum
1936 696 2093 748 certo
2201 697 2523 753 secundum
2556 697 2745 753 aetatis
2764 713 2985 752 annum
3008 697 3196 768 egisse
3228 716 3242 767 ;
3277 714 3416 752 cum
3451 714 3519 753 ex
3542 699 3641 755 hoc
3677 703 3800 770 quod

451 785 984 841 demonstravimus
1015 786 1390 842 manifestum
1418 787 1495 841 sit
1524 785 1882 841 intercedere
1906 798 2090 837 annos
2198 800 2355 838 nunc
2379 801 2446 838 ex
2477 784 2707 839 certiori
2725 786 3058 841 testimonio
3076 786 3355 852 afﬁrmat,
3376 787 3807 844 manifestumsit

454 876 735 930 duntaxat
777 875 925 930 duos
978 878 1035 930 et
1088 875 1320 945 viginti,
1393 880 1550 946 patet
1627 870 2087 945 promovendum

448 961 695 1018 ulterius
725 967 840 1017 toto
873 962 1107 1017 biennio
1132 962 1385 1018 natalam
1412 963 1727 1018 Andronici
1764 958 2089 1016 necessario

441 1068 588 1120 esse,
622 1051 670 1107 si
701 1067 835 1106 vera
866 1052 933 1106 de
964 1051 1175 1122 ipsius,
1209 1051 1443 1121 quando
1486 1050 1798 1122 capessivit
1856 1046 2088 1118 imperii

438 1140 697 1195 habenas
728 1138 913 1207 solus,
947 1143 1114 1194 aetate
1136 1139 1525 1211 Pachymeres
1555 1138 1877 1210 scripserit.
1938 1136 2085 1190 Nam

441 1228 595 1298 quod
626 1228 782 1283 idem
814 1243 863 1282 c.
898 1225 1000 1281 ult.
1036 1226 1077 1283 l.
1109 1244 1185 1294 vx,
1220 1227 1399 1297 hujus
1434 1243 1609 1297 quam
1646 1243 1800 1281 nunc
1852 1225 2084 1280 edimus

434 1317 697 1373 Historiae
727 1315 1068 1371 Michaelem
1102 1315 1489 1387 Palaeologum
1518 1316 1710 1386 itradit
1739 1316 2087 1386 jimperasse

434 1405 605 1460 annis
627 1403 830 1475 viginti
861 1407 1133 1474 quatuor,
1168 1404 1535 1458 accomodari
1596 1406 1745 1458 forte
1803 1402 1874 1457 ad
1931 1400 2084 1454 veri-

432 1496 615 1548 tatem
648 1491 705 1546 id
738 1496 937 1563 posset
966 1491 1055 1546 vel
1087 1508 1154 1546 ea
1185 1492 1408 1547 ratione
1467 1508 1645 1562 quam
1706 1491 2083 1553 disseremus,

433 1596 482 1636 o.
518 1597 605 1651 sq.
631 1598 689 1634 n.
723 1580 777 1647 3,
811 1578 898 1634 vel
931 1578 1308 1650 intelligendo
1341 1584 1713 1633 numeratum
1773 1578 1895 1633 illic
1949 1578 2078 1646 ejus

429 1668 742 1741 imperium
776 1669 846 1723 ab
870 1670 997 1738 ejus
1031 1668 1244 1723 celebri
1278 1668 1653 1738 praedictione
1687 1684 1867 1737 quam
1900 1665 2085 1721 Thes-

2198 871 2311 942 ipsi
2344 876 2483 928 tunc
2516 878 2790 944 quartum
2825 874 3010 929 sitatis
3038 874 3109 929 ab
3139 874 3370 944 aliquot
3397 876 3521 946 jam
3542 878 3803 934 mensibus

2196 976 2427 1016 currere
2451 961 2716 1032 coepisse,
2749 962 2965 1033 quippe
2994 962 3052 1016 in
3102 961 3292 1017 lucem
3346 964 3502 1018 edito
3550 963 3801 1020 circaini-

2195 1050 2339 1104 tium
2372 1050 2506 1104 anni
2540 1050 2757 1106 Christi
2799 1051 2959 1107 4258.
2994 1050 3057 1105 ld
3091 1051 3243 1121 quod
3274 1068 3395 1107 non
3445 1069 3640 1123 parum
3686 1071 3801 1124 pra-

2192 1141 2351 1192 terea
2373 1138 2759 1194 conﬁrmatur
2806 1155 2873 1195 ex
2937 1143 3197 1211 tempore
3253 1141 3591 1212 nuptiarum
3648 1143 3800 1198 Theo-

2193 1227 2344 1281 doraz
2369 1227 2573 1282 matris
2607 1228 2921 1283 Andronici
2960 1245 3093 1283 cum
3126 1229 3252 1298 ejus
3316 1234 3484 1300 patre
3540 1231 3798 1299 Michaele,

2193 1316 2263 1370 ab
2290 1316 2621 1387 AcrOpolita
2652 1320 2867 1371 notato.
2905 1316 3005 1371 llic
3036 1317 3190 1371 enim
3223 1316 3484 1373 historiae
3524 1334 3634 1373 sua:
3678 1337 3720 1375 c.
3745 1320 3795 1373 51

2192 1403 2366 1457 refert
2396 1404 2675 1459 Joannem
2710 1406 3035 1474 Ducam(P.
3074 1405 3197 1475 528)
3241 1405 3649 1477 imperatorem
3696 1406 3797 1461 col-

2190 1493 2413 1546 locasse
2461 1490 2730 1547 Michaeli
2791 1491 3133 1564 Palseologo,
3195 1494 3255 1548 in
3312 1494 3561 1563 gratiam
3607 1501 3796 1566 recepto

2192 1581 2519 1636 interventu
2553 1581 2840 1636 Manuelis
2863 1582 3229 1652 patriarchae,
3254 1583 3618 1638 Theodoram
3638 1583 3797 1638 lratris

2191 1669 2280 1723 sui
2336 1668 2472 1723 olim
2524 1670 2783 1724 defuncti
2828 1669 3032 1724 Isaacii
3098 1671 3270 1724 Ducae
3363 1672 3795 1727 sebastocratoris

432 1757 701 1813 salonicse
734 1757 946 1812 bienno
991 1761 1125 1811 ante
1172 1761 1492 1825 acceperat,
1528 1771 1666 1811 voce
1722 1756 1955 1825 Marpou
2013 1756 2082 1812 de
2114 1775 2159 1840 Β
2193 1758 2391 1813 ﬁliam.
2454 1758 2699 1812 Necesse
2742 1763 2830 1812 est
2878 1759 3069 1813 dicere
3101 1758 3323 1813 factum
3378 1758 3434 1813 id
3498 1760 3665 1815 fuisse
3708 1761 3795 1814 sub

429 1846 572 1900 cmlo
606 1845 805 1914 missa,
841 1848 905 1899 ut
937 1849 1204 1900 narratar
1232 1843 1271 1898 Ι.
1300 1862 1339 1910 1,
1374 1860 1423 1899 c.
1456 1845 1516 1898 11
1552 1864 1566 1911 ;
1594 1844 1693 1898 sed
1720 1843 1828 1898 hoc
1850 1845 1920 1898 ad
1944 1850 2079 1899 aeta-

422 1939 540 1990 tem
576 1932 889 1989 Andronici
921 1933 1077 1988 trahi
1112 1949 1228 1987 non
1263 1936 1471 2001 potest,
1506 1948 1611 1987 nec
1644 1933 1909 1986 excusari
1970 1931 2079 1987 ali-

425 2030 513 2079 ter
544 2024 615 2077 ab
648 2039 843 2078 errore
896 2020 1300 2093 Pachymeres,
1366 2020 1513 2076 745
1577 2020 1625 2074 si
1684 2036 1815 2074 vere
1873 2024 2077 2076 natum

420 2128 560 2169 cum
591 2112 820 2183 putavit
852 2127 965 2182 quo
998 2127 1152 2165 anno
1186 2108 1358 2181 caapit
1406 2109 1697 2178 imperare
1741 2112 1907 2178 pater
1937 2108 2076 2178 ejus

489 2235 580 2291 IV.
613 2235 890 2292 Existimo
923 2239 1117 2290 tamen
1141 2251 1274 2289 vera
1306 2233 1423 2287 illic
1455 2232 1867 2303 Pachymerem
1902 2236 1957 2286 et
1987 2248 2072 2287 ex.

418 2330 575 2380 certa
600 2324 951 2396 publicaque
1002 2324 1212 2378 notitia
1270 2321 1598 2392 scripsisse,
1659 2338 1884 2375 errasse
1944 2338 2075 2376 vero

423 2414 888 2470 Cantacuzenum
939 2411 997 2465 in
1061 2409 1462 2465 subducendis
1516 2409 1686 2464 annis
1759 2410 2075 2463 Andronici

421 2503 696 2569 senioris,
726 2500 826 2572 qui
857 2499 1044 2553 (etatis
1078 2516 1191 2553 non
1222 2499 1313 2564 '72,
1350 2503 1414 2552 ut
1444 2496 1541 2551 ille
1572 2497 1849 2564 affirmat,
1875 2499 1974 2552 sed
2004 2500 2074 2552 74

419 2590 551 2644 vitae
584 2590 755 2644 ﬁnem
788 2587 1094 2643 invenerit.
1148 2586 1334 2655 Hujus
1399 2585 1742 2639 ascertionis
1789 2585 2072 2641 habemus

420 2684 715 2733 auctorem
740 2676 927 2731 eidem
957 2674 1281 2728 Andronico
1318 2672 1847 2727 familiarissimum
1882 2679 2067 2728 extre-

420 2766 536 2821 mis
564 2766 692 2820 vitaa
724 2763 1086 2835 temporibus
1118 2762 1509 2832 Nicephorum
1542 2761 1881 2827 Gregoram,
1913 2763 2066 2831 apud

421 2871 595 2926 quem
629 2870 761 2908 cum
790 2852 1055 2925 legamus
1088 2868 1137 2906 c.
1172 2850 1279 2905 ult.
1315 2850 1356 2904 Ι.
1394 2868 1469 2915 IX,
1512 2866 1567 2920 p.
1628 2850 1732 2902 209
1790 2849 1880 2904 ed.
1934 2850 2064 2904 Bas.

417 2941 779 2999 confabulari
811 2959 871 2996 se
899 2941 1161 3012 quotidie
1191 2956 1325 2995 cum
1356 2937 1691 2994 Andronico
1749 2941 1889 2990 tunc
1947 2953 2065 2991 mo-

416 3032 600 3087 nacho
640 3030 995 3086 otiosissime
1026 3029 1263 3085 solitum
1312 3033 1484 3098 atque
1521 3026 1662 3080 adeo
1708 3024 1833 3094 ipsa
1893 3032 2062 3079 nocte

416 3137 531 3191 qua
561 3125 649 3175 est
673 3123 940 3174 mortuus
967 3117 1181 3173 multas
1214 3117 1386 3171 horas
1418 3111 1753 3169 suavissimi
1788 3111 2059 3183 colloquii
2094 3118 2135 3183 ρ

418 3226 551 3265 cum
584 3225 651 3263 ea
681 3207 937 3277 duxisse,
973 3205 1137 3261 facile
1168 3205 1399 3260 credere
1432 3218 1743 3274 possumus
1765 3202 2068 3258 rescivisse

421 3314 489 3353 ex
519 3314 585 3351 eo
622 3296 817 3366 ipsum
850 3311 977 3365 quae
1011 3294 1081 3347 de
1111 3291 1272 3346 illius
1299 3307 1585 3345 annorum
1620 3307 1860 3345 numero
1903 3295 2066 3345 nota-

422 3386 507 3441 vit
539 3385 596 3437 in
665 3382 943 3437 monodia
1003 3380 1073 3435 de
1120 3380 1435 3434 Andronici
1494 3378 1678 3444 obitu,
1725 3378 1890 3432 initio
1938 3378 1979 3443 1,
2009 3396 2065 3444 Χ,

424 3489 482 3543 p.
534 3474 660 3541 214,
721 3472 812 3526 his
866 3470 1035 3541 plane
1091 3469 1282 3523 verbis
1336 3467 1600 3539 Τέταρτον
1662 3464 1755 3536 μὲν
1812 3462 1919 3534 ἤδη
1973 3466 2063 3520 καὶ

415 3554 825 3630 ἑϐδομηκοστὸν
880 3553 1001 3616 ἔτος
1060 3555 1165 3609 ἀπὸ
1222 3556 1479 3627 γενέσεως
1531 3552 1677 3623 αὐτῷ
1732 3550 2062 3609 τελευτιοντι

410 3647 628 3715 ἠνύετο·
665 3648 905 3715 Quartus
945 3651 994 3701 et
1050 3646 1489 3716 septuagesimus
1536 3661 1714 3697 annus
1771 3661 1804 3698 (ι
1860 3644 2063 3700 nativi-

406 3741 525 3792 tale
571 3737 678 3806 ipsi
732 3733 997 3790 morienti
1048 3733 1450 3789 absotvebatur.
1529 3733 1660 3795 Quae
1710 3732 1886 3785 verba
1944 3750 2058 3787 non

423 3830 655 3879 tantum
688 3824 903 3877 vixisse
928 3822 1095 3876 illum
1128 3821 1296 3875 annis
1325 3821 1417 3889 74,
1450 3821 1550 3875 sed
1578 3819 1750 3874 etiam
1786 3819 1915 3875 illos
1966 3837 2057 3875 ex-

412 3914 664 3986 plevisse
693 3911 1046 3984 signiﬁcant.
1078 3913 1219 3966 Cum
1241 3915 1435 3965 autem
1471 3908 1549 3962 sit
1577 3914 1844 3963 mortuus
1873 3908 1966 3963 die
1990 3911 2056 3963 12

401 4001 723 4066 Februarii,
753 4006 817 4055 ut
854 3999 1009 4054 idem
1068 3998 1350 4069 Gregoras
1410 3997 1667 4052 afﬁrmat
1706 3997 1818 4050 sub
1878 3998 2051 4053 ﬁnem

402 4090 442 4143 ι.
477 4107 556 4158 1x,
578 4088 671 4144 vel
700 4104 812 4144 11v.
849 4092 914 4142 ut
937 4102 1262 4158 anonymus
1294 4085 1594 4140 adnotavit
1623 4084 1693 4139 ad
1726 4084 2050 4156 marginem

401 4178 514 4233 loci
545 4175 950 4241 Cantacuzeui,
978 4192 1149 4246 quem
1176 4176 1348 4245 paulo
1380 4178 1513 4228 ante
1571 4172 1901 4237 retulimus,
1962 4190 2050 4229 co-

399 4267 596 4339 gimur
619 4265 809 4320 dicere
839 4270 1041 4319 natum
1066 4262 1653 4317 fuisseAndronicum
1681 4262 1789 4316 sub
1814 4261 2045 4317 initium

398 4355 539 4411 anni
570 4353 787 4410 Christi
821 4352 976 4407 1258.
1001 4357 1079 4407 Ac
1109 4368 1180 4406 ne
1211 4352 1343 4421 quis
1377 4351 1713 4418 suspicetur
1744 4350 2047 4420 irrepsisse

394 4460 652 4500 errorem
706 4444 762 4497 in
814 4446 983 4497 notas
1040 4439 1370 4495 numerales
1403 4440 1555 4510 apud
1586 4442 1919 4509 Gregoram,
1955 4456 2054 4511 qui
2085 4467 2132 4529 υ

392 4540 591 4589 tamen
640 4537 876 4588 extense
907 4547 973 4586 ac
997 4531 1123 4585 sine
1141 4535 1411 4585 notarum
1444 4528 1808 4598 compendiis
1832 4546 2052 4583 annum

392 4618 898 4693 septuagesimum
933 4624 1208 4688 quartum
1244 4617 1432 4672 etatis
1476 4616 1785 4671 Andronici
1846 4619 2031 4687 expri-

392 4711 519 4776 mit,
554 4709 735 4764 etiam
767 4707 1009 4762 aliunde
1041 4706 1416 4761 manifestum
1451 4709 1539 4759 est
1582 4722 1652 4759 ex
1708 4705 1890 4759 animi
1950 4704 2040 4759 sui

392 4804 552 4854 certa
580 4796 872 4853 sententia
903 4795 959 4849 id
992 4795 1319 4849 afﬁrmasse
1352 4793 1517 4848 illum
1572 4799 1888 4848 auctorem.
1946 4793 2041 4847 Ait

390 4888 441 4943 is
475 4886 754 4941 nimirum
790 4883 955 4937 initio
986 4899 1036 4937 c.
1063 4882 1169 4937 ult.
1205 4882 1243 4939 l.
1278 4899 1356 4947 ix,
1392 4882 1544 4937 inter
1573 4882 1690 4937 alia
1721 4881 1889 4953 signa
1911 4898 2035 4952 qua:

390 4973 818 5043 portenderunt
846 4971 1073 5026 obitum
1132 4970 1453 5026 Andronici
1520 4970 1792 5035 senioris,
1849 4972 2033 5025 visam

384 5062 530 5119 solis
560 5060 834 5132 eclipsin,
867 5076 995 5131 qua
1054 5059 1298 5115 totidem
1332 5059 1539 5115 diebus
1572 5064 1715 5128 quot
1748 5059 1871 5129 ipse
1894 5060 2034 5114 anni

380 5152 602 5207 vixerat
657 5149 788 5219 ejus
872 5152 1120 5203 mortem
1206 5150 1570 5217 praecesserit
1633 5147 2029 5202 Commissum

380 5244 832 5311 spectatumque
861 5237 1025 5291 estid
1047 5236 1415 5291 novilunium
1454 5235 1785 5306 eclipticum
1818 5236 2028 5293 ultimo

378 5327 723 5385 Novembris
747 5324 884 5381 anni
907 5324 1121 5380 Christi
1153 5325 1310 5379 1331.
1339 5325 1420 5378 Ex
1479 5339 1592 5393 quo
1652 5324 1702 5379 si
1755 5340 2025 5381 numeres

380 5434 563 5474 unum
615 5422 675 5472 et
722 5414 968 5486 triginta
1019 5412 1376 5477 Decembris,
1428 5412 1671 5467 totidem
1744 5414 2020 5482 Januarii,

380 5505 694 5562 duodecim
717 5501 1018 5559 Februarii
1048 5501 1194 5573 dies,
1218 5504 1411 5556 exacte
1431 5501 1706 5556 conﬁcies
1730 5519 2024 5557 summam

382 5595 609 5653 dierum
640 5592 1010 5666 septuaginta
1041 5594 1313 5663 quatuor,
1345 5606 1542 5661 parem
1575 5606 1818 5648 numero
1849 5608 2025 5649 anno-

2190 1847 2365 1901 ﬁncm
2426 1846 2562 1900 anni
2613 1845 2826 1899 Christi
2888 1846 3025 1899 1254
3079 1846 3168 1899 vel
3226 1846 3533 1916 sequentis
3580 1846 3790 1902 initium.

2183 1951 2297 2005 quo
2331 1939 2460 2005 post
2493 1932 2812 1989 multorum
2846 1934 3141 1988 mensium
3177 1934 3523 2005 languorem
3575 1936 3794 1990 Joannes

2183 2026 2479 2093 Angustus
2524 2021 2755 2076 Octobri
2817 2038 3016 2076 mense
3074 2022 3226 2076 diem
3301 2024 3453 2078 748
3513 2022 3661 2078 obiit.
3711 2022 3793 2074 Est

2181 2117 2375 2165 autem
2407 2109 2752 2165 incredibile
2785 2110 3097 2165 fecundam
3132 2109 3357 2181 alioqui
3391 2111 3676 2167 mulierem
3694 2111 3791 2164 viro

2179 2200 2278 2254 aevi
2338 2199 2514 2271 pleni,
2577 2199 2793 2271 quippe
2836 2216 3122 2255 annorum
3186 2200 3622 2272 duodetriginta
3682 2214 3786 2254 cum

2177 2288 2343 2342 duxit
2403 2304 2636 2343 uxorem
2685 2287 2910 2357 juveni,
2972 2305 3067 2342 sex
3117 2288 3259 2343 totis
3311 2288 3517 2359 primis
3573 2285 3790 2357 conjugii

2177 2377 2345 2431 annis
2379 2376 2598 2431 nullam
2630 2376 2851 2447 prolem
2907 2375 3181 2431 edidisse.
3232 2378 3518 2441 Quocirca
3561 2376 3787 2431 existimo

2173 2464 2493 2519 Manueleui
2530 2464 3015 2535 primogenitum,
3049 2465 3147 2533 qui
3183 2466 3402 2521 deinde
3429 2467 3615 2520 infans
3654 2465 3784 2531 obiit,

2173 2553 2318 2625 ipsis
2353 2558 2552 2607 natum
2591 2569 2740 2606 anno
2773 2552 2987 2606 Christi
3024 2553 3180 2619 1256,
3240 2554 3636 2610 Andronicum
3684 2569 3782 2607 vero

2174 2643 2406 2696 biennio
2441 2646 2592 2711 post,
2629 2640 2832 2710 primis
2868 2641 3192 2709 mensibus,
3227 2648 3297 2696 ut
3323 2643 3463 2706 dixi,
3496 2643 3624 2697 anni
3651 2640 3774 2697 Chri-

2174 2730 2242 2784 sti
2281 2730 2437 2783 1‘258.
2464 2731 2583 2794 Quo
2620 2730 2809 2798 posito
2870 2746 3054 2799 prona
3093 2729 3307 2785 deinde
3366 2731 3632 2786 facilitate
3678 2734 3777 2799 apta

2172 2823 2512 2875 cmterorum
2547 2817 2865 2872 Andronici
2898 2823 3161 2872 actorum
3192 2818 3249 2872 in
3286 2820 3437 2876 serie
3485 2820 3650 2891 hujus
3675 2819 3775 2872 His-

2170 2908 2329 2961 toriae
2363 2907 2647 2978 disposito
2676 2906 2954 2960 succedit.
2979 2906 3125 2960 Nam
3159 2909 3318 2976 quod
3381 2914 3515 2964 ante
3571 2907 3775 2963 mentio-

2170 3013 2299 3050 nem
2328 2994 2492 3049 electi
2520 2994 2578 3048 in
2604 3011 2813 3065 papam
2839 2994 3099 3066 Gregorii
3127 2999 3172 3047 X
3207 2997 3389 3051 refert
3422 3014 3467 3052 c.
3501 2998 3588 3062 28,
3633 2995 3667 3050 l.
3716 3011 3771 3061 1v,

2169 3084 2571 3154 Pachymercs,
2609 3082 2941 3137 Andronico
2964 3084 3088 3153 jam
3117 3084 3172 3137 in
3204 3084 3399 3139 virum
3454 3085 3656 3151 adulto,
3694 3083 3774 3136 hoc

2178 3174 2351 3228 estin
2386 3172 2660 3243 puberem
2706 3177 2760 3227 et
2783 3173 3049 3247 conjugio
3086 3181 3380 3230 maturam
3430 3176 3622 3230 educto
3666 3180 3775 3227 ceta-

2175 3268 2313 3329 tem,
2341 3266 2563 3334 patrem
2596 3261 2723 3330 ejus
2760 3278 2995 3315 uxorem
3045 3279 3307 3332 quaerere
3360 3265 3628 3336 coepisse,
3657 3264 3773 3317 bene

2174 3352 2423 3421 quadrat
2451 3350 2508 3404 in
2547 3366 2766 3403 annum
2798 3349 3014 3404 Christi
3049 3351 3204 3420 1271,
3229 3354 3392 3409 sedis
3410 3352 3650 3408 vacantis
3668 3354 3771 3421 post

2172 3445 2415 3493 mortem
2447 3437 2764 3493 Clementis
2797 3440 2989 3508 quarti
3049 3442 3319 3512 tertium,
3377 3460 3489 3515 quo
3536 3441 3767 3497 nimirum

2172 3526 2531 3582 Andronicus
2556 3526 2825 3597 quintum
2850 3527 3143 3583 decimum
3192 3531 3407 3600 agebat
3463 3529 3634 3586 aetatis
3683 3544 3769 3581 au-

2172 3615 2604 3685 num.Nuptias
2654 3614 2810 3685 ipsas
2863 3617 3180 3672 Andronici
3240 3636 3379 3674 cum
3436 3623 3591 3675 Anna
3640 3615 3768 3686 regis

2168 3703 2481 3758 Pannoniae
2508 3704 2651 3769 ﬁlia,
2682 3704 2868 3774 capite
2902 3706 3100 3759 eodem
3150 3717 3523 3774 memoratas,
3572 3707 3635 3761 ad
3683 3721 3765 3757 an‘

2168 3810 2307 3846 num
2379 3797 2722 3862 sequentem
2800 3792 3012 3847 Christi
3069 3795 3205 3851 1272
3263 3797 3582 3853 referimus.
3636 3792 3766 3847 Unde

2165 3882 2491 3950 assumptio
2521 3880 2835 3935 Andronici
2875 3882 3134 3950 ejusdem
3184 3884 3244 3938 in
3296 3886 3635 3941 consortium
3681 3880 3765 3933 im-

2162 3968 2303 4039 perii
2338 3986 2370 4023 a
2402 3974 2562 4039 patre
2593 3971 2857 4040 Augusto
2879 3971 3048 4037 facta,
3084 3977 3139 4025 et
3169 3972 3454 4029 solemnis
3508 3967 3759 4027 coronatio

2158 4056 2473 4111 Andronici
2499 4061 2555 4112 et
2583 4062 2761 4113 Annae
2819 4075 3101 4113 novorum
3154 4064 3568 4132 Augustarum,
3612 4072 3756 4129 quam

2158 4146 2543 4217 Pacbymeres
2577 4144 2756 4200 altero
2788 4165 2819 4199 a
2851 4148 3070 4218 nuptiis
3092 4166 3241 4204 anno
3305 4152 3631 4207 celebratam
3676 4146 3758 4199 ibi-

2157 4235 2289 4288 dem
2341 4234 2539 4302 tradit,
2598 4234 2668 4287 ad
2718 4251 2940 4289 annum
2994 4237 3210 4293 Christi
3265 4240 3405 4295 1273
3481 4233 3755 4295 Andronici

2155 4321 2690 4377 duodevicesimum
2721 4323 2993 4392 pertinet.

2808 4446 3040 4502 CAPUT
3077 4447 3149 4502 IX

2167 4543 2441 4598 Statuitur
2495 4546 2707 4613 tempus
2770 4544 2960 4599 obitus
2998 4546 3300 4603 Michaelis
3369 4548 3655 4615 Palwologz'
3708 4554 3749 4598 et

2249 4631 2521 4691 numerus
2558 4631 2835 4691 annorum
2887 4617 3003 4691 ejus
3059 4619 3291 4691 imperii
3340 4620 3627 4691 Appendix
3695 4617 3750 4669 de

2221 4703 2367 4741 anno
2396 4690 2578 4756 capta:
2606 4703 2640 4740 α
2667 4686 2849 4742 Persis
2880 4686 3154 4745 Heracleae
3178 4690 3365 4745 Ponti.

2222 4802 2265 4855 1.
2299 4801 2624 4871 Utrumque
2653 4806 2829 4873 caput
2858 4803 2929 4857 ad
2963 4804 3391 4861 discussionem
3432 4805 3522 4860 hic
3569 4817 3747 4875 propo-

2148 4890 2326 4944 situm
2361 4889 2604 4945 molesta
2624 4890 2966 4959 opinionum
2992 4892 3267 4949 varietate
3299 4894 3617 4966 perplexum
3654 4894 3741 4944 est.

2150 4978 2217 5033 Ut
2247 4978 2400 5033 enim
2432 4979 2697 5034 omittam
2731 4980 2993 5048 vulgaria
3049 4982 3343 5052 chronica,
3383 4997 3615 5056 quorum
3667 4978 3739 5031 in-

2142 5066 2496 5137 quibusdam
2524 5067 2641 5120 vidi
2684 5068 3039 5138 principium
3063 5069 3293 5142 imperii
3323 5067 3619 5128 Andronici
3665 5080 3741 5119 se-

2143 5154 2343 5223 nioris,
2377 5155 2531 5224 quod
2561 5155 2763 5210 statim
2796 5172 2829 5210 a
2856 5164 3042 5212 morte
3071 5158 3367 5216 Michaelis
3408 5161 3529 5230 ejus
3580 5151 3738 5227 patris

2140 5242 2376 5312 incepit,
2404 5244 2813 5314 consignatum
2856 5248 3027 5316 anno:
3060 5248 3278 5305 Christi
3327 5251 3477 5319 1294,
3540 5250 3590 5302 et
3642 5239 3735 5314 ipsi

2139 5330 2533 5387 Michaelisex
2562 5339 2621 5387 et
2652 5333 3149 5407 trigintaimperii
3198 5355 3378 5395 annos
3432 5336 3728 5393 attributes,

2137 5420 2489 5490 Spondanus
2521 5422 2736 5477 obiissc
2776 5423 3115 5481 Michaelem
3174 5444 3324 5484 anno
3371 5425 3568 5483 Christi
3615 5417 3730 5474 1283

2136 5509 2320 5579 ponit,
2350 5515 2407 5565 et
2441 5511 2832 5582 principatum
2884 5515 3141 5572 tenuisse
3195 5519 3330 5574 anni
3384 5512 3572 5588 viginti
3606 5523 3725 5580 qua-

2135 5601 2273 5654 tuor
2304 5600 2484 5656 refert
2502 5615 2570 5656 ex
2600 5601 2876 5674 Gregora,
2911 5608 2976 5659 ut
3006 5605 3121 5677 ait;
3154 5609 3306 5678 apud
3347 5620 3508 5678 quem
3555 5605 3724 5656 tamen
