4108 6294
354 420 486 474 1201
1732 412 1962 469 ΘΗΒοΕ

2072 412 2348 471 OGICUS.
3604 416 3752 471 1202

345 544 472 598 loco
505 542 578 597 ab
608 555 674 595 eo
716 539 950 595 laudato
1006 536 1064 591 id
1124 552 1238 591 non
1298 534 1542 606 reperio,
1594 535 1693 590 sed
1750 537 1980 590 tantum
2013 533 2064 600 Α
2097 534 2256 603 dum,
2287 554 2443 593 anno
2465 538 2687 594 Christi
2722 539 2897 609 1282,
2920 538 3012 593 die
3047 539 3107 594 11
3142 538 3478 595 Decembris
3510 539 3752 596 Michae

350 635 649 686 mortuum
688 626 1024 684 Michaelem
1059 642 1213 681 anno
1238 624 1631 693 mundijuxta
1654 628 1996 693 computum
2107 622 2219 678 lem
2256 625 3298 698 Palaeologumvivendietimperandi
3324 628 3497 683 linem
3522 628 3743 685 fecisse.

346 720 683 776 Graecorum
715 718 882 785 6791,
916 716 1102 770 atatis
1132 730 1257 768 suae
1301 714 1390 766 58.
1450 711 1510 766 Ὀ
1573 710 1665 782 μὲν
1721 708 1787 777 δὴ
1852 710 1998 782 βασι-
2104 714 2371 777 Quandiu
2406 715 2779 788 imperaverit
2809 716 3255 787 disquirendum
3289 721 3488 772 restat.
3520 717 3741 772 Diserte

349 804 474 867 λεὺς
505 807 711 878 (verba
742 809 878 860 sunt
932 804 1191 872 Gregorae
1226 804 1298 857 de
1346 799 1626 857 Michaele
1682 798 1999 869 Palazologo
2102 802 2489 874 Pachymeres
2514 805 2657 861 Hist.
2692 822 2741 861 c.
2778 804 2982 861 ultimo
3021 806 3343 876 imperasse
3396 806 3736 862 Michaelem

363 893 693 964 scribentis)
718 890 838 965 περὶ
872 888 962 951 οὓς
994 888 1305 963 εῗρῆκειμεν
1364 886 1563 947 τόπους
1618 888 1742 961 παρ’
1799 883 1957 940 ἐλπίδ

2100 891 2313 946 asserit
2344 893 2516 949 annis
2547 894 2748 965 viginti
2784 899 3054 965 quatuor;
3084 894 3260 964 idque
3290 895 3508 965 ipsum,
3542 900 3606 949 ut
3636 912 3739 967 pa-

347 986 445 1047 τῆς
480 980 684 1042 οἰκείας
718 975 879 1053 ἔτυχε
906 977 1165 1046 τελευτῆς
1213 976 1350 1030 κατὰ
1403 976 1466 1029 τὸ
1525 972 1959 1049 ἐξακισχιλιοστὸ

2102 977 2219 1033 lam
2256 984 2480 1047 notum,
2518 986 2687 1037 antea
2721 985 2998 1053 posuerat
3030 998 3077 1036 c.
3112 984 3198 1049 21,
3233 982 3271 1035 l.
3307 998 3382 1037 1v.
3417 981 3595 1053 Atqui
3626 983 3735 1037 hoc

346 1070 773 1123 ἑπτακοσιοστὸν
824 1065 1174 1135 ἐνενηκοστὸν
1230 1065 1445 1139 πρῶτον
1506 1062 1647 1131 ἔτος,
1701 1062 1843 1115 ὀκτὼ
1901 1082 1962 1115 κα

2098 1068 2336 1139 quidem
2373 1086 2520 1141 aegre
2541 1071 2888 1126 conciliatur
2908 1087 3040 1126 cum
3061 1070 3133 1126 iis
3160 1071 3425 1142 quaejam
3452 1073 3613 1127 omni
3636 1073 3742 1126 {ir-

345 1160 685 1227 πεντήκοντα
743 1155 875 1210 ἐτῶν
938 1152 1248 1228 τυγχάνων.
1311 1155 1429 1208 Hoc
1487 1157 1619 1209 est:
1680 1155 1958 1222 Imperato

2097 1158 2298 1211 mitate
2330 1159 3050 1226 constituimus,nimirum
3086 1164 3427 1214 coronatum
3458 1176 3590 1214 eum
3621 1161 3735 1214 ritu

341 1252 494 1304 circa
525 1248 635 1303 illa
665 1264 780 1318 quae
811 1246 1061 1301 diximus
1089 1247 1204 1300 loca
1246 1247 1455 1315 praeter
1490 1259 1641 1314 spem
1695 1241 1827 1298 vita:
1879 1258 1988 1296 sum
2094 1245 2340 1300 solemni
2367 1253 2695 1317 Augustum
2734 1247 2986 1319 primum
3013 1248 3195 1301 fuisse
3224 1247 3491 1302 Kalendis
3512 1247 3730 1303 Janua-

343 1335 509 1404 ﬁnem
540 1338 773 1401 invenit,
806 1350 955 1391 anno
983 1333 1166 1389 sexies
1196 1333 1489 1388 millesimo
1518 1332 1987 1401 septingentesimo
2092 1334 2159 1388 rii
2184 1335 2319 1389 anni
2342 1336 2557 1390 Christi
2584 1336 2940 1403 1260,vivere
2957 1339 3149 1389 autem
3177 1334 3422 1390 desiisse
3444 1337 3502 1389 11
3526 1335 3732 1390 Decem

340 1424 697 1495 nonagesimo
719 1424 925 1495 primo,
959 1440 1124 1493 agens
1155 1423 1339 1477 atatis
1381 1437 1593 1475 annum
1643 1418 1985 1491 quinquage-
2090 1422 2209 1477 bris
2243 1424 2623 1491 anniLChristi
2660 1425 2814 1491 1282;
2842 1441 2975 1478 nam
3008 1440 3076 1477 ex
3102 1423 3193 1478 his
3226 1424 3729 1494 apparetmanil‘e-

336 1513 541 1569 simum
571 1523 839 1570 octavum.
875 1514 961 1569 Ita
992 1513 1296 1584 Gregoras.
2087 1512 3396 1583 stumimperasseillumadieinaugurationis
3412 1530 3529 1567 suae
3545 1530 3732 1569 annos

412 1621 590 1675 I[.At
621 1625 816 1676 noster
860 1619 1268 1691 Pachymeres,
1327 1617 1366 1671 l.
1430 1634 1505 1682 vr,
1566 1632 1617 1671 ο.
1677 1614 1746 1669 36
1803 1614 1981 1683 hujus

341 1709 554 1779 operis,
588 1710 671 1763 sic
702 1709 909 1764 scribit
929 1709 1000 1763 de
1027 1707 1119 1763 die
1152 1707 1348 1762 obitus
1395 1703 1692 1759 Michaelis
1726 1721 1739 1760 :
1772 1701 1979 1774 Ἡμέραι

338 1799 402 1865 ἦν
460 1797 771 1870 παρασκευὴ
838 1793 1093 1864 ἑνδεκάτη
1154 1792 1615 1870 σκιῤῥοφοριῶνος
1684 1793 1827 1846 747
1880 1793 1975 1843 τοῦ

2085 1601 2321 1656 omnino
2338 1601 2540 1672 viginti
2568 1603 2912 1665 tres,minus
2930 1600 3131 1672 viginti
3147 1601 3505 1656 diebus.Dici
3525 1606 3718 1657 tamen

2085 1694 2275 1759 potest
2308 1707 2418 1744 non
2441 1706 2865 1761 usquequaque
2887 1690 3189 1744 aberrasse
3214 1706 3389 1745 avero
3412 1690 3727 1761 Pachyme-

2084 1793 2203 1831 rem
2219 1793 2391 1847 quem
2413 1778 2559 1831 748
2580 1777 2892 1833 verisimile
2912 1777 3067 1832 estid
3086 1777 3354 1833 retulisse
3374 1779 3524 1848 quod
3553 1778 3725 1849 vulgo

337 1885 507 1958 ’ςψγπί
539 1865 710 1945 ἔτους·
746 1886 903 1940 Feria
949 1889 1069 1939 erat
1110 1865 1289 1940 sexta
1331 1865 1619 1937 undecima
1666 1879 1962 1936 Decembri:

2083 1865 2554 1920 ferebatur.Solet
2575 1869 2769 1920 autem
2802 1865 3120 1936 p0pulusin
3140 1866 3518 1921 numerandis
3534 1872 3701 1921 annis

338 1977 477 2030 anni
503 1976 664 2029 6791.
699 1976 872 2030 Acin
933 1990 1085 2028 anno
1128 1974 1365 2044 quidem
1425 1987 1636 2042 magno
1688 1986 1971 2025 consensu

340 2065 643 2137 Gregoras,
677 2068 741 2120 ut
764 2065 1041 2135 vidimus,
1073 2069 1466 2135 praetereaque
1499 2062 1806 2118 Phrantzes
1837 2076 1969 2115 cum

336 2153 688 2225 Pachymere
715 2154 1091 2219 conveniunt,
1127 2158 1189 2207 ut
1245 2151 1501 2206 dubitari
1562 2151 1631 2205 de
1689 2150 1796 2203 hoc
1854 2165 1969 2203 non

334 2242 560 2313 debeat,
596 2260 729 2298 cum
762 2243 839 2297 sit
868 2245 1063 2297 tamen
1098 2240 1406 2295 vehemens
1439 2256 1617 2294 causa
1661 2236 1968 2292 dubitandi

333 2348 400 2386 ex
421 2331 864 2387 circumstantia
894 2330 1008 2386 diei
1041 2330 1386 2385 Parasceves
1433 2329 1553 2382 sive
1598 2326 1751 2382 ferias
1800 2334 1967 2381 sextae

336 2419 434 2475 illo
480 2436 634 2474 anno
688 2419 1047 2474 incurrentis
1098 2418 1152 2472 in
1216 2417 1584 2471 undecimam
1630 2414 1967 2469 Decembris

332 2507 616 2562 diem.Est
640 2523 828 2561 annus
852 2523 976 2560 teras
1010 2505 1213 2560 mundi
1236 2507 1562 2558 Graecorum
1592 2503 1727 2557 6791
1754 2501 1966 2556 Christi

332 2596 489 2662 1283,
522 2594 630 2649 hoc
653 2598 741 2648 est
780 2611 900 2665 per.
934 2593 1052 2647 Jul.
1078 2594 1241 2658 5096,
1262 2608 1376 2663 quo
1402 2592 1513 2646 fuit
1534 2590 1728 2662 cyclus
1759 2590 1963 2655 solisli,

332 2699 614 2738 numerus
646 2698 858 2737 aureus
902 2683 986 2749 11,
1047 2680 1287 2735 indictio
1340 2679 1554 2750 pariter
1612 2679 1698 2745 1|,
1759 2676 1965 2749 Cyclcs

334 2786 506 2841 porro
539 2770 679 2825 solis
711 2770 742 2824 4
767 2768 1265 2825 litteramindicat
1304 2767 1669 2822 Dominicam
1731 2769 1789 2833 C,
1842 2782 1963 2836 qua:

335 2873 469 2913 cum
505 2857 788 2928 insigniat
818 2858 971 2912 diem
1003 2857 1415 2911 duodecimum
1448 2856 1803 2924 Decembris,
1857 2870 1965 2909 un-

335 2945 603 3001 decimus
644 2946 964 3001 necessaris
997 2945 1167 2999 fuerit
1196 2944 1537 3010 Sabbatum,
1596 2958 1711 2998 non
1769 2952 1962 2997 autem

326 3038 648 3088 Parasceve
677 3035 796 3088 sive
819 3037 979 3089 sexta
1011 3033 1171 3099 feria,
1232 3034 1313 3102 (P.
1376 3033 1501 3102 529)
1557 3032 1788 3100 qualem
1828 3048 1959 3086 eum

324 3124 525 3175 tamen
562 3119 662 3175 illo
706 3138 857 3176 anno
911 3122 1092 3176 fuisse
1147 3119 1323 3175 tradit
1383 3137 1486 3190 pro
1534 3120 1858 3174 certissimo
1907 3122 1963 3173 et

320 3210 494 3282 vulgo
528 3212 841 3267 notissimo
868 3211 1269 3282 Pachymeres.
1305 3209 1491 3280 Igitur
1544 3225 1695 3264 anno
1745 3208 1955 3262 Christi
1990 3232 2032 3294 α

317 3300 462 3353 1283
496 3299 645 3355 mori
691 3299 1032 3355 Michaelem
1063 3297 1452 3369 Palzeologum
1506 3297 1779 3368 oportuit,
1841 3313 1956 3366 quo

318 3387 519 3458 cyclus
555 3387 696 3443 solis
728 3389 760 3441 3
792 3388 1048 3443 litteram
1087 3386 1393 3441 Dominicae
1425 3386 1681 3440 indicem
1706 3385 1865 3440 dedit
1892 3385 1957 3438 D:

326 3476 443 3531 haec
475 3477 631 3531 enim
664 3478 857 3532 littera
878 3477 1032 3532 diem
1068 3474 1645 3530 Decembristertium
1671 3472 1959 3527 decimum

326 3563 609 3631 afﬁciens,
644 3566 882 3620 tertium
918 3570 1069 3620 retro
1102 3563 1478 3619 undecimum
1514 3562 1693 3617 fuisse
1739 3566 1960 3616 sextam

327 3653 528 3708 feriam
561 3653 942 3709 demonstrat.
993 3651 1141 3716 Quid
1198 3651 1384 3722 ergo?
1426 3652 1687 3706 dicemus
1736 3664 1960 3705 errasse

330 3742 555 3796 Graecos
611 3740 919 3796 historicos
957 3742 1015 3794 in
1078 3757 1230 3795 anno
1273 3739 1478 3795 mortis
1536 3737 1852 3803 Michaelis,
1905 3740 1963 3792 et

330 3847 432 3901 pro
463 3832 604 3885 6790
629 3834 968 3901 sequentem
999 3830 1135 3884 6791
1192 3829 1482 3883 indicasse
1511 3828 1538 3881 ?
1570 3828 1650 3883 Ne
1681 3843 1962 3898 cogamur

326 3918 433 3974 hoc
465 3920 677 3987 dicere,
712 3918 925 3990 duplex
956 3918 1131 3988 hujus
1158 3917 1509 3987 explicandae
1566 3914 1961 3987 perplexitatis

326 4007 586 4077 suppetit
616 4006 782 4062 ratio.
805 4009 876 4060 At
904 4006 1061 4061 enim
1087 4005 1337 4060 labentis
1383 4006 1507 4074 jam
1540 4004 1678 4058 anni
1735 4005 1873 4057 6790
1905 4008 1962 4058 et

327 4111 542 4165 paucos
569 4095 858 4149 duntaxat
885 4094 1127 4149 extremi
1157 4092 1492 4147 Decembris
1534 4092 1654 4147 dies
1705 4092 1961 4162 reliquos

324 4184 615 4240 trahentis
642 4185 927 4240 rationem
961 4201 1077 4239 non
1109 4183 1437 4238 habendam
1471 4180 1723 4253 p0pu1us
1781 4184 1837 4236 et
1868 4180 1961 4234 hi-

324 4273 521 4328 storici
541 4273 1102 4341 censentes,obitum
1120 4272 1247 4341 ejus
1265 4287 1333 4326 ex
1348 4287 1502 4325 anno
1525 4286 1656 4324 mox
1672 4269 1959 4339 sequenti,

320 4362 485 4426 6791,
514 4377 624 4432 quo
675 4361 725 4415 is
763 4358 1031 4414 videlicet
1064 4359 1344 4427 innotuit,
1375 4357 1812 4429 insigniendum
1854 4374 1961 4427 pu-

320 4452 607 4514 taverunt,
639 4447 900 4519 neglecto
934 4446 1275 4501 discrimine
1308 4445 1526 4501 nullius
1560 4448 1837 4501 momenti
1887 4446 1959 4500 ad

323 4536 553 4592 civilem
604 4536 1068 4602 aestimationem,
1105 4551 1231 4606 quae
1292 4534 1408 4589 fere
1454 4535 1743 4589 minutam
1806 4530 1959 4606 ἀκρί-

324 4618 472 4677 ϐειαν
506 4624 747 4696 respuit.
780 4626 915 4691 Aut,
948 4624 1103 4695 quod
1136 4623 1513 4679 verisimilius
1572 4639 1719 4689 reor,
1773 4638 1958 4676 anno-

324 4730 456 4769 rum
492 4714 695 4770 mundi
728 4719 783 4769 et
814 4730 936 4768 aera:
968 4729 1088 4767 suae
1120 4711 1658 4782 principium,item,
1684 4714 1748 4765 ut
1775 4710 1960 4765 indic-

323 4802 523 4872 tionis,
565 4800 955 4874 aSeptembri
1016 4798 1196 4855 Graaci
1254 4798 1568 4870 repetebat.
1632 4798 1794 4853 Unde
1835 4798 1959 4868 jam

322 4895 448 4946 tum
482 4907 674 4946 annus
727 4890 933 4945 mundi
980 4888 1151 4958 juxta
1208 4888 1369 4957 ipsos
1424 4887 1560 4940 5791
1624 4889 1874 4957 coeperat
1929 4903 1963 4940 a

326 4995 526 5035 mense
558 4980 673 5035 fere
702 4980 898 5043 tertio,
932 4992 1064 5032 cum
1100 4975 1236 5031 anni
1278 4974 1493 5030 Christi
1550 4975 1685 5030 1282
1741 4973 1960 5029 mensis

324 5069 571 5126 ultimus
629 5070 946 5126 December
992 5066 1328 5123 volvebatur
1404 5064 1475 5120 Ut
1523 5080 1656 5119 vere
1713 5064 1961 5120 dixerint

324 5157 1022 5230 Pacbymeres,Gregoras
1052 5161 1108 5211 et
1137 5154 1453 5209 Phrantzes
1479 5152 1693 5209 obiisse
1716 5152 1959 5209 Michae-

320 5246 435 5303 lem
468 5255 619 5303 anno
645 5248 804 5314 6791,
830 5263 935 5302 nec
963 5260 1094 5300 vere
1128 5249 1322 5299 tamen
1364 5242 1711 5312 scripserint
1770 5242 1958 5312 Spon-

321 5336 512 5390 danus
540 5340 597 5391 et
628 5335 946 5391 Rainaldus
978 5333 1247 5389 eumdem
1264 5347 1417 5386 anno
1447 5330 1661 5386 Christi
1685 5330 1822 5385 1283
1843 5330 1957 5384 fato

320 5422 752 5489 functum,cum
782 5421 880 5476 illo
901 5436 1054 5476 anno
1084 5418 1207 5473 dies
1242 5417 1571 5473 Decembris
1626 5416 1955 5483 undecima,

319 5526 438 5581 qua
467 5510 684 5567 efﬂavit
716 5510 994 5578 animam,
1054 5506 1401 5577 Sabbatum,
1450 5522 1564 5561 non
1598 5508 1759 5561 sexta
1816 5502 1959 5559 feria

319 5596 517 5651 fuerit.

396 5701 616 5759 lll.lloc
643 5703 826 5774 igitur
853 5703 1254 5761 existimamus
1279 5718 1382 5775 pro
1413 5700 1740 5758 indubitato
1763 5702 1959 5756 tenen-

2076 1958 2405 2009 accuratam
2436 1958 2492 2009 et
2525 1955 2812 2009 minutam
2847 1955 3147 2025 aspernari
3178 1953 3566 2025 diligentiam;
3617 1971 3725 2011 nec

2076 2042 2192 2097 fere
2224 2041 2455 2096 dubitat
2484 2043 2705 2111 decem,
2729 2042 2975 2113 exempli
3009 2042 3215 2113 gratia,
3248 2042 3298 2096 ei
3332 2042 3578 2113 principi
3607 2060 3713 2098 an-

2076 2146 2180 2184 nos
2212 2131 2489 2199 tribuere,
2522 2147 2697 2201 quem
2723 2135 2952 2185 constet
2976 2148 3188 2187 nonum
3221 2131 3560 2187 excessisse.
3597 2133 3708 2187 Mi-

2075 2218 2233 2272 nime
2291 2219 2431 2273 item
2492 2223 2657 2288 pulat
2728 2218 3123 2273 necessarium
3156 2219 3715 2289 abinaugurationis

2074 2305 2166 2360 die
2198 2304 2453 2376 primum
2496 2305 2731 2360 initium
2765 2306 2885 2376 regi
2947 2307 3179 2371 ducere,
3227 2306 3325 2361 ubi
3375 2324 3708 2378 supremam

2074 2398 2421 2463 potestatem
2452 2402 2622 2449 antea
2647 2394 2815 2449 illum
2836 2395 3165 2449 exercuisse
3190 2394 3378 2465 palam
3395 2398 3713 2466 est.Itaque

2073 2481 2381 2553 imperium
2416 2482 2716 2538 Michaelis
2744 2482 3048 2553 Palaeologi
3092 2482 3218 2553 jam
3251 2499 3319 2538 ex
3362 2499 3428 2538 eo
3458 2488 3715 2555 tempore

2073 2570 2368 2625 numerari
2401 2572 2592 2641 potuit
2624 2588 2737 2642 quo
2772 2572 2821 2626 is
2856 2574 3015 2626 tutor
3045 2571 3291 2627 Joannis
3315 2576 3404 2627 est
3448 2573 3678 2628 declara

2071 2663 2186 2727 tus;
2221 2659 2372 2729 quod
2407 2660 2653 2730 contigit
2684 2658 2858 2729 paulo
2891 2662 3023 2730 post
3049 2658 3418 2716 Muzalonum
3470 2662 3713 2731 caedem,

2071 2748 2169 2819 qui
2205 2765 2355 2803 nono
2386 2748 2479 2804 die
2511 2750 2581 2804 ab
2622 2750 2782 2804 obitu
2815 2750 3100 2805 Theodori
3147 2751 3394 2822 Augusti
3444 2756 3584 2807 sunt
3629 2752 3712 2806 in-

2070 2836 2317 2892 terfecti.
2352 2837 2507 2892 Mors
2535 2837 2815 2893 Theodori
2850 2854 2916 2892 ex
2947 2839 3273 2909 Acropolita
3304 2839 3358 2893 in
3383 2842 3711 2909 Augustum

2071 2941 2334 2981 mensem
2390 2924 2616 2991 incidit,
2667 2926 2875 2995 opinor
2926 2926 3289 2982 desinentem
3328 2970 3342 2995 ,
3405 2944 3535 2983 cum
3593 2930 3700 2985 Pa-

2069 3013 2371 3084 chymcres
2429 3029 2558 3068 eam
2619 3014 2879 3068 conferat
2936 3013 2994 3068 in
3046 3015 3296 3070 conﬁnia
3363 3019 3581 3072 aestatis
3650 3024 3707 3073 et

2070 3102 2358 3156 autumni.
2426 3103 2471 3156 A
2536 3101 2864 3173 Septembri
2920 3118 3063 3173 ergo
3104 3102 3243 3157 anni
3293 3103 3511 3160 Christi
3570 3106 3714 3161 1259

2070 3189 2295 3258 imperii
2321 3188 2579 3243 habenas
2599 3187 2838 3244 Michael
2868 3190 3362 3261 sumpserit,quas
3389 3193 3579 3248 tenuit
3603 3195 3710 3249 du«

2072 3277 2152 3332 cis
2183 3276 2403 3348 magni,
2433 3277 2642 3331 deinde
2676 3279 2928 3347 despotae
2962 3278 3347 3345 titulo,donec
3390 3281 3498 3336 sub
3533 3282 3707 3338 finem

2067 3364 2403 3419 Decembris
2426 3366 2496 3419 ad
2532 3364 2760 3436 imperii
2793 3381 2924 3419 cum
2963 3365 3183 3437 pupillo
3215 3367 3527 3440 collegium
3576 3388 3709 3426 eve-

2066 3452 2326 3506 heretur.
2359 3453 2576 3508 Revera
2608 3453 2790 3524 igitur
2818 3452 3123 3524 imperavit
3168 3471 3345 3527 super
3392 3475 3575 3513 annos
3626 3460 3711 3513 vi-

2067 3539 2213 3609 ginti
2237 3543 2356 3593 tres
2388 3541 2646 3611 expletos
2676 3541 2907 3595 duobus
2935 3541 3052 3596 fere
3096 3544 3421 3614 mensibus,
3458 3550 3520 3601 ut
3550 3546 3598 3600 si
3633 3547 3703 3600 de

2070 3627 2239 3682 annis
2268 3627 2553 3682 inchoatis
2584 3645 2773 3683 sermo
2806 3628 2903 3697 sit,
2938 3630 3138 3699 negari
3169 3636 3416 3701 nequeat
3454 3632 3524 3686 24
3574 3636 3703 3703 ejus

2069 3715 2296 3786 imperii
2331 3732 2516 3770 annos
2547 3716 2845 3771 numerari
2878 3717 3157 3787 potuisse.
3191 3718 3253 3773 In
3286 3719 3438 3774 hunc
3459 3723 3700 3777 modum

2070 3805 2476 3875 Pachymerem
2535 3804 2773 3874 quidem
2841 3805 2911 3858 ab
2987 3822 3180 3861 errore
3271 3807 3698 3864 vindicamus:

2068 3892 2542 3963 Phrantzem,qui
2560 3895 2802 3946 mortem
2822 3892 3122 3949 Michaelis
3141 3896 3444 3965 conjungit
3461 3914 3593 3952 cum
3612 3900 3694 3952 in-

2069 3980 2321 4035 dictione
2348 3978 2750 4055 14,ἀλογιστίας
2776 3979 3074 4036 absolvere
3090 3999 3199 4037 non
3226 3990 3700 4054 possumus.Cer-

2068 4069 2367 4124 tissimum
2390 4070 2547 4124 enim
2580 4074 2667 4124 est
2698 4086 2849 4124 anno
2882 4068 3096 4123 Christi
3137 4071 3338 4143 1282,q
3354 4090 3426 4128 uo
3453 4074 3703 4130 Michae-

2068 4156 2181 4212 lem
2208 4160 2437 4212 constat
2467 4162 2785 4225 mortuum,
2818 4156 3196 4213 indictionem
3252 4160 3317 4214 1O
3374 4161 3557 4217 fuisse
3588 4179 3704 4217 nu-

2069 4251 2377 4301 meratam.

2139 4370 2233 4423 IV.
2268 4369 2560 4427 Hactenus
2590 4375 2803 4430 versati
2838 4373 3246 4445 chronologica
3277 4373 3550 4430 methodo
3604 4393 3703 4431 su-

2068 4473 2199 4512 mus
2229 4458 2285 4512 in
2318 4459 2556 4529 epochis
2579 4460 2758 4530 hujus
2789 4464 3045 4519 historiae
3076 4462 3346 4533 ﬁgendis,
3373 4479 3499 4532 quae
3547 4469 3701 4520 certo

2067 4546 2259 4616 aliquo
2318 4547 2591 4619 insigniri
2649 4549 2981 4606 charactere
3042 4554 3401 4621 potuerunt:
3465 4556 3702 4610 caeteras

2072 4650 2322 4705 quarum
2355 4637 2802 4692 statuendarum
2834 4638 2892 4693 in
2927 4636 3198 4709 prudenti
3221 4638 3555 4707 conjectura
3584 4644 3705 4697 tota

2071 4738 2205 4793 spes
2238 4722 2351 4777 sita
2380 4727 2490 4788 est,
2524 4722 2617 4778 hic
2650 4724 2953 4797 sigillatim
2984 4724 3220 4796 exsequi
3251 4742 3356 4781 nec
3390 4726 3574 4782 otium
3617 4735 3706 4784 est

2072 4826 2176 4865 nec
2209 4828 2394 4882 operae
2426 4811 2598 4867 fuerit
2630 4813 2903 4884 pretium.
2936 4814 3092 4869 Satis
3124 4814 3199 4868 sit
3228 4829 3345 4883 eas,
3376 4815 3463 4875 uti
3495 4820 3550 4871 et
3578 4822 3705 4872 acta

2071 4899 2177 4953 hoc
2216 4915 2387 4969 opere
2419 4906 2743 4956 memorata
2774 4902 3083 4974 praecipua,
3128 4901 3430 4956 verisimili
3482 4904 3706 4961 ratione

2069 4987 2128 5040 in
2160 4988 2420 5042 ordinem
2451 4987 2731 5059 digestas,
2763 4992 2938 5046 certis
2970 4991 3027 5045 in
3059 4992 3239 5046 abaco
3294 4990 3703 5065 chronologico

2069 5073 2239 5129 annis
2270 5075 2589 5148 assignare.
2624 5080 2785 5143 Quod
2817 5082 3130 5150 antequam
3162 5078 3557 5149 aggredimur,
3599 5083 3703 5137 de~

2069 5164 2435 5219 scribendam
2450 5165 2543 5220 hic
2564 5168 2779 5237 [R530]
2805 5168 2942 5223 duxi
2970 5168 3505 5223 adnotatiunculam
3528 5169 3698 5227 lecto-

2069 5252 2170 5320 ris,
2208 5257 2270 5306 ut
2298 5258 2559 5323 apparet,
2593 5256 2845 5310 accurali
2905 5255 3220 5327 ascriptam
3271 5256 3328 5309 in
3387 5256 3703 5315 Barberino

2068 5340 2284 5409 Optimo
2316 5342 2512 5397 codice
2543 5343 2615 5396 ad
2648 5360 2809 5398 oram
2843 5343 3206 5407 exteriorem,
3239 5360 3268 5397 e
3301 5344 3537 5414 regione
3578 5363 3701 5402 ver-

2068 5428 2274 5482 borum
2309 5427 2543 5483 illorum
2578 5446 2629 5499 c,
2662 5431 2800 5499 27,1.
2832 5447 2905 5487 1v:
2932 5432 3055 5485 Τῶν
3085 5432 3287 5502 χωρῶν
3317 5432 3701 5505 κατεχομένων

2064 5520 2180 5577 τοῖς
2212 5514 2459 5589 Πέρσαις,
2488 5520 2661 5570 πᾱΛαι
2692 5516 2751 5570 ἃν
2806 5522 2924 5579 ταῖς
2985 5516 3197 5592 χώραις
3254 5519 3343 5571 καὶ
3396 5518 3529 5574 αὐτὰ
3584 5542 3703 5580 συν-

2066 5603 2376 5661 ἀπώλοντο.
2408 5608 2492 5663 Ad
2517 5608 2659 5678 haec,
2702 5607 2872 5679 signo
2905 5609 3094 5664 indice
3144 5610 3434 5682 apposito,
3490 5614 3577 5671 sic
3632 5633 3700 5671 ex

2066 5696 2308 5751 adverso
2340 5695 2625 5767 scriptum
2659 5712 2838 5751 manu
2870 5696 3286 5770 antiquissima
3323 5703 3378 5755 et
3397 5700 3698 5773 scriptura:
