4108 6294
443 373 583 428 1219

2086 628 2186 687 AD

1940 368 2330 423 APPENDlX.

3695 367 3842 424 4220

966 802 1480 949 SPECIMEN
1575 800 2162 950 SAPIENTI/E
2262 804 2736 952 lNllOllUll
2832 805 3317 951 VETERUM

1678 1063 2616 1158 PBOLEGOMENA

1162 1263 1666 1323 INTERPRETE
1708 1262 1968 1323 PETBO
2014 1261 2365 1335 POSSINO,
2412 1262 2864 1325 SOGIETATIS
2904 1264 3118 1326 JESU.

1786 1608 2410 1670 PROLEGOMENON
2453 1609 2500 1669 Ι.

671 1750 944 1811 Historia
976 1746 1407 1828 deportationis
1437 1766 1512 1808 ex
1543 1744 1721 1807 India
1754 1746 1812 1805 in
1841 1741 2150 1804 Persidem
2185 1741 2334 1802 libri
2355 1746 2448 1802 cui
2486 1740 2695 1802 titulus
2725 1750 2807 1803 est
2837 1766 2858 1801 .-
2899 1765 2929 1802 ι
2969 1740 3278 1823 Spectmen
3315 1741 3628 1822 sapientiae

1844 1840 2127 1901 Indorum
2162 1848 2452 1900 veterum.

516 2199 559 2251 Ι.
594 2196 898 2258 Cbosroes,
940 2197 1250 2246 Persarum
1304 2204 1422 2257 rex,
1457 2186 1557 2258 qui
1605 2189 1661 2240 et
1710 2184 2169 2248 AnasuranusA
2200 2180 2448 2249 toribus,
2506 2180 2647 2236 viris
2706 2182 2955 2253 magnis,
3012 2183 3339 2253 prudentiae
3389 2201 3455 2240 ac
3527 2186 3865 2257 sapientia,

448 2285 788 2340 nominatus
844 2286 953 2346 est,
1008 2278 1241 2335 Davidis
1303 2277 1481 2343 ﬁlius,
1531 2291 1665 2330 cum
1718 2272 1980 2326 audisset
2025 2271 2094 2324 de

452 2374 705 2445 quodam
740 2370 888 2423 libro
921 2366 1251 2437 conscripto
1283 2365 1339 2418 in
1375 2363 1613 2435 regione
1650 2361 1823 2416 Indiae
1857 2360 1927 2414 ab
1959 2374 2092 2412 eru-

453 2462 592 2517 ditis
616 2465 672 2515 et
695 2458 1061 2528 sapientibus
1088 2454 1321 2508 illarum
1352 2451 1640 2524 gentium,
1663 2448 1995 2504 continente
2018 2447 2095 2500 fa-

456 2550 624 2605 bulas
657 2547 822 2601 valde
864 2544 1039 2600 utiles
1090 2542 1249 2597 omni
1294 2540 1599 2595 hominum
1652 2536 1871 2608 generi,
1905 2534 2097 2606 parvis

456 2643 513 2693 et
550 2635 795 2707 magnis,
820 2632 1188 2704 principibus
1220 2634 1277 2683 et
1308 2626 1696 2696 subditis,qui
1722 2624 2099 2687 absconditus

460 2727 791 2779 servaretur
819 2721 878 2773 in
908 2718 1066 2789 regio
1087 2716 1207 2771 illic
1233 2713 1521 2769 tabulario
1547 2728 1560 2766 :
1585 2712 1656 2765 de
1678 2711 1807 2779 hoc,
1833 2710 2098 2779 inquam,

456 2812 668 2866 certior
690 2810 903 2873 factus,
926 2815 979 2861 et
1011 2804 1182 2877 plane
1213 2818 1533 2875 persuasus
1566 2799 1858 2854 salubrem
1890 2797 2003 2852 sibi
2036 2812 2099 2850 ac

461 2900 587 2953 suis
652 2900 896 2952 istorum
957 2892 1335 2965 apologorum
1395 2906 1587 2944 mores
1652 2886 2099 2942 informantium

459 2985 851 3056 cognitionem
905 2984 1043 3050 fore,
1090 2980 1271 3050 jussit
1328 2976 1545 3048 inquiri
1600 2976 1789 3029 virum
1848 2972 2102 3043 aliquem

462 3077 721 3139 doctum,
767 3072 1046 3126 scientem
1110 3069 1322 3139 linguae
1379 3065 1607 3128 Indicae,
1661 3064 1753 3116 cui
1804 3066 1955 3114 recte
2006 3060 2104 3112 de-

469 3161 734 3218 mandari
771 3159 1066 3230 negotium
1118 3160 1317 3228 posset
1346 3154 1474 3223 ejus
1507 3150 1697 3222 operis
1748 3149 1807 3203 in
1857 3163 2104 3219 regnum

465 3257 522 3304 ot
580 3264 910 3304 sermonem
970 3245 1269 3299 Persicum
1328 3238 1740 3294 transferendi.
1800 3236 1965 3291 Haud
2028 3234 2109 3289 ita

469 3338 652 3393 multo
686 3340 816 3405 post
844 3334 882 3387 ii
915 3333 1131 3403 quibus
1158 3332 1302 3384 hanc
1335 3345 1532 3383 curam
1568 3328 1831 3389 dederat,
1858 3324 2108 3378 adduxe-

467 3432 607 3479 runt
658 3424 771 3494 ipsi
821 3421 1007 3475 virum
1062 3418 1426 3489 prudentem,
1474 3420 1649 3484 atque
1696 3411 1855 3467 omni
1900 3425 2110 3482 genere

457 3512 867 3569 doctrinarum
913 3508 1231 3574 eruditum,
1266 3509 1387 3558 arte
1419 3520 1483 3558 ac
1516 3502 1877 3573 professione
1926 3498 2112 3553 medi-
2143 3541 2189 3605 B

461 3616 616 3659 cum.
665 3598 902 3653 nomine
951 3597 1239 3650 Perzoem.
1276 3592 1378 3646 Hic
1430 3607 1563 3645 cum
1614 3592 1669 3643 in
1730 3591 2103 3657 conspectum

464 3688 716 3743 venisset
748 3686 922 3756 regis,
949 3681 1379 3738 demississima
1420 3678 1811 3750 prostratione
1850 3674 2108 3746 corporis

470 3792 603 3831 cum
662 3778 988 3839 veneratus,
1038 3769 1135 3823 ubi
1198 3768 1639 3831 assurrexisset,
1690 3768 1773 3819 sic
1831 3767 1921 3816 est
1974 3776 2108 3814 eum

474 3867 685 3920 affatus
714 3864 997 3919 Chosroes
1033 3878 1046 3916 :
1079 3860 1343 3915 Deletum
1393 3859 1462 3911 ad
1506 3874 1597 3911 me
1627 3860 1714 3911 est
1746 3856 1815 3908 de
1849 3862 1943 3907 tua
1975 3868 2110 3922 pru-

476 3954 695 4016 dentia,
730 3951 1051 4005 eruditione
1085 3966 1149 4004 ac
1176 3948 1408 4002 virtute.
1431 3945 1601 3999 Venit
1633 3960 1803 4015 porro
1833 3941 1890 3995 in
1926 3956 2110 3995 meam

478 4043 741 4098 notitiam
793 4040 947 4093 fama
994 4037 1127 4092 libri
1188 4036 1496 4105 cujusdam
1548 4033 1604 4086 in
1667 4029 2111 4091 India-servati,

478 4135 765 4199 praecepta
805 4143 1034 4182 morum
1086 4123 1377 4195 praeclara,
1409 4121 1589 4193 gratis
1635 4120 1856 4174 intexta
1904 4134 2114 4171 narra—

479 4216 779 4284 tiunculis,
814 4214 1128 4268 utilissime
1179 4210 1481 4264 tradentis.
1517 4209 1703 4277 Hujus
1749 4223 1853 4278 ego
1883 4204 2117 4259 videndi

479 4302 1073 4371 communicandique
1126 4299 1316 4354 Persis
1362 4297 1506 4351 meis
1538 4295 1757 4367 ingenti
1790 4299 1989 4349 teneor
2018 4294 2120 4347 de-

481 4394 715 4451 siderio.
742 4392 845 4445 Hic
874 4406 1004 4443 cum
1039 4395 1279 4444 Perzoee
1310 4386 1377 4440 ad
1415 4400 1642 4439 omnem
1681 4399 1913 4454 operam
1947 4386 2122 4451 atque

481 4481 826 4551 obsequium
886 4493 1013 4531 sese
1072 4479 1409 4547 promptum
1472 4472 1801 4539 obtulisset,
1850 4470 2122 4541 praecepit

482 4586 580 4625 rex
636 4569 686 4623 ei
748 4566 1040 4622 numerari
1093 4568 1324 4619 tantum
1403 4561 1660 4634 pecuniae
1719 4563 2002 4630 quantum
2062 4558 2122 4612 in

480 4659 759 4713 viaticum
792 4660 848 4710 et
878 4653 1392 4709 commorationem
1435 4651 1492 4703 in
1539 4650 1701 4704 India
1735 4646 2124 4703 necessariam

482 4747 549 4801 ad
585 4760 705 4799 rem
740 4760 864 4813 quae
908 4741 1325 4811 injungebatur
1363 4738 1594 4791 abunde
1628 4737 2008 4791 suffecturum
2039 4734 2126 4788 vi-

481 4836 734 4889 deretur.
767 4832 916 4885 Tum
949 4830 1062 4900 ipsi
1096 4828 1241 4882 dixit
1278 4844 1291 4880 :
1330 4826 1435 4881 Ubi
1468 4825 1587 4879 haec
1628 4823 1993 4896 expenderis,
2028 4826 2130 4878 aut

2207 2269 2490 2324 facundiae
2523 2286 2755 2341 quoque
2809 2275 2867 2325 et
2914 2271 3264 2328 eruditionis
3311 2274 3642 2345 omnigenus
3693 2276 3872 2333 laude

2205 2358 2555 2429 conspicuis.
2586 2358 2733 2421 Quin
2760 2359 2933 2413 etiam
2960 2360 3385 2431 praecipuorum
3410 2378 3479 2417 ex
3498 2363 3653 2434 ipsis
3679 2366 3865 2419 maxi-

2204 2461 2408 2516 meque
2449 2445 2769 2501 illustrium
2819 2446 3026 2502 limina
3070 2448 3313 2514 terebat,
3347 2450 3508 2504 domi
3560 2467 3863 2524 quemque

2207 2534 2558 2590 conveniens
2590 2550 2655 2588 ac
2688 2533 2954 2589 salutans
2976 2552 3117 2604 suae,
3141 2540 3197 2590 et
3218 2542 3284 2591 ut
3308 2538 3572 2608 ipsorum
3605 2541 3867 2610 promis-

2207 2638 2315 2677 cuo
2349 2637 2617 2675 sermone
2661 2622 3020 2692 proﬁciebat,
3052 2621 3137 2677 sic
3169 2628 3228 2678 et
3258 2623 3374 2679 illis
3405 2625 3673 2682 vicissim
3707 2627 3863 2681 haud

2208 2710 2503 2780 ingratum
2538 2708 2831 2764 comitatis
2875 2714 2933 2763 et
2980 2710 3161 2764 studii
3210 2713 3510 2784 specimen
3559 2715 3868 2781 exhibens,

2212 2816 2325 2853 non
2370 2814 2543 2868 parva
2588 2815 2696 2853 sua
2742 2797 2937 2852 laude.
2971 2798 3145 2855 Porro
3193 2801 3252 2855 in
3302 2801 3397 2856 his
3449 2803 3868 2874 congressibus

2213 2885 2668 2957 diligentissime
2699 2890 2959 2954 cavebat,
2982 2903 3055 2941 ne
3085 2888 3225 2959 quid
3259 2894 3457 2960 ageret
3491 2898 3592 2946 aut
3626 2891 3864 2957 diceret,

2214 2976 2369 3028 unde
2400 2972 2670 3029 subolere
2717 2974 2993 3045 cuiquam
3025 2980 3222 3046 posset
3252 2976 3482 3033 venisse
3535 2978 3737 3048 ipsum
3772 2997 3866 3034 ex-

2212 3062 2505 3117 scribendi
2555 3078 2732 3116 causa
2778 3060 2935 3127 libri,
2978 3078 3151 3134 quem
3203 3064 3378 3120 Indos
3429 3065 3656 3121 sciebat
3706 3066 3861 3121 nolle

2212 3149 2628 3205 communicari
2673 3150 2943 3219 gentibus
2984 3152 3193 3206 exteris
3224 3169 3236 3205 :
3266 3157 3497 3208 tantum
3532 3171 3652 3224 prae
3679 3171 3744 3210 se
3780 3155 3867 3210 fe-

2214 3241 2378 3295 rebat
2411 3239 2619 3310 ingens
2650 3239 3003 3294 desiderium
3038 3240 3324 3307 discendi,
3359 3242 3654 3298 simulans
3685 3245 3865 3299 etiam

2214 3345 2277 3384 se
2308 3330 2611 3399 ignarum;
2642 3332 2699 3382 et
2728 3332 2890 3382 tanta
2937 3328 3235 3384 docilitate
3283 3331 3531 3387 audiens
3563 3332 3865 3388 interdum

2217 3417 2327 3471 sibi
2362 3419 2520 3481 nota,
2554 3417 2695 3469 dum
2730 3415 2802 3470 ab
2834 3416 3106 3484 exoratis,
3140 3422 3207 3471 ut
3234 3433 3296 3472 se
3328 3435 3445 3474 non
3479 3428 3873 3491 gravarentur

2221 3504 2573 3575 discipulum
2636 3502 3007 3574 peregrinum
3053 3505 3305 3573 erudire,
3363 3508 3876 3579 gymnosophistis

2221 3593 2612 3655 traderentur,
2638 3596 2701 3645 ut
2731 3590 2890 3661 ipsos
2923 3591 3325 3664 magisterium
3356 3594 3670 3651 delectaret
3692 3615 3876 3652 suum

2227 3687 2344 3735 tam
2382 3679 2496 3735 acri
2550 3679 2832 3734 discentis
2881 3681 3201 3736 attentione
3229 3685 3734 3740 commendatum.
3769 3691 3881 3741 Per

2225 3769 2347 3824 hanc
2409 3768 2519 3822 sibi
2576 3767 2892 3823 consilians
2942 3784 3201 3824 amorem
3261 3775 3319 3825 et
3373 3772 3874 3828 existimationem

2220 3856 2561 3922 multorum,
2588 3856 2742 3910 curis
2765 3856 3060 3925 omnibus,
3087 3858 3402 3928 irrequieta
3432 3859 3747 3927 instantia,
3774 3864 3874 3917 sed

2222 3946 2395 4011 clam,
2431 3953 2487 3998 ut
2521 3961 2668 4015 opus
2709 3948 2852 4010 erat,
2884 3950 2941 3999 et
2970 3946 3116 4000 citra
3147 3946 3542 4017 suspicionem
3579 3951 3703 4006 voti
3739 3968 3875 4020 pro-

2224 4035 2355 4105 prii,
2418 4034 2757 4088 mandatum
2819 4033 2930 4088 sibi
2990 4035 3289 4106 negotium
3355 4039 3623 4109 urgebat,
3667 4042 3877 4095 modos

2224 4122 2535 4193 exquirens
2567 4123 2624 4176 in
2657 4122 2912 4176 latebras
2961 4125 3305 4194 penetrandi
3347 4127 3613 4182 conscias
3644 4129 3873 4183 deside-

2226 4209 2505 4264 ratissimi
2552 4209 2834 4264 thesauri.
2869 4210 3015 4273 Quia
3045 4228 3177 4267 vero
3224 4212 3280 4267 id
3328 4215 3607 4270 cernebat
3638 4224 3875 4272 externo

2234 4300 2343 4354 sibi
2377 4297 2709 4368 contingere
2759 4298 2925 4353 aliter
2955 4299 3109 4354 haud
3143 4317 3313 4371 posse
3361 4319 3538 4374 quam
3592 4305 3874 4361 beneﬁcio

2233 4387 2559 4458 cujuspiam
2597 4403 2663 4441 ex
2701 4386 2818 4441 illic
2866 4389 3226 4459 potentibus,
3276 4391 3601 4446 multorum
3648 4392 3761 4447 sibi
3810 4410 3876 4449 ex

2233 4476 2379 4547 ipsis
2410 4490 2613 4546 parare
2648 4474 2965 4529 amicitiam
2990 4476 3182 4531 omnis
3212 4479 3445 4549 generis
3467 4480 3678 4536 ofﬁciis
3710 4498 3875 4536 cura-

2234 4564 2335 4619 bat
2367 4579 2380 4617 :
2416 4579 2519 4616 nec
2553 4562 2898 4633 plerumque
2949 4564 3215 4619 frustra:
3270 4583 3405 4621 nam
3457 4573 3521 4621 ut
3568 4574 3710 4624 sunt
3761 4570 3874 4624 fere

2236 4650 2418 4707 animi
2449 4651 2755 4705 hominum
2780 4651 2847 4705 ad
2876 4651 3121 4722 gratiam
3146 4653 3353 4725 teneri,
3379 4671 3412 4709 a
3432 4655 3709 4725 plurimis
3731 4674 3878 4727 quos

2238 4739 2521 4795 demereri
2580 4738 2859 4809 obsequio
2908 4741 3236 4807 studuerat,
3286 4758 3404 4813 qua
3450 4744 3717 4814 privatis,
3767 4762 3881 4815 qua

2239 4828 2413 4884 etiam
2446 4826 2913 4898 magistratibus,
2934 4827 3086 4883 haud
3109 4828 3334 4899 vulgari
3355 4830 3809 4887 existimationis
3826 4838 3879 4887 et

484 4895 1014 4996 quomodocunqu-e
1076 4922 1313 4989 sumptu
1375 4915 1486 4971 alio
1543 4895 1813 4988 egueris,
1874 4915 1962 4970 fac
2021 4895 2194 4970 nosC
2238 4895 2648 4972 benevolentiae
2689 4895 3114 4986 signiﬁcatione
3160 4895 3483 4973 colebatur.
3510 4923 3640 4992 Ipse
3685 4926 3882 4976 autem

484 5014 761 5069 continuo
792 5026 893 5080 per
929 5009 1107 5063 ﬁdum
1162 5006 1433 5061 nuntium
1482 5004 1776 5060 certiores.
1811 5004 2129 5059 Submitte-

484 5118 617 5156 mus
650 5098 849 5154 statim
891 5096 1176 5168 quidquid
1232 5110 1434 5166 posces
1470 5109 1483 5147 :
1523 5092 1669 5146 nulli
1702 5093 1858 5147 enim
1902 5092 2127 5163 impen-

482 5189 577 5244 dio
603 5195 818 5243 certum
865 5186 1032 5241 nobis
1062 5188 1174 5249 est,
1198 5200 1313 5254 quo
1360 5186 1478 5237 tam
1514 5179 1675 5235 utilis
1729 5180 2130 5236 commentarii

484 5275 799 5349 participes
834 5274 1071 5340 ﬁamus,
1105 5287 1362 5342 parcere.

556 5366 624 5420 Ιῐ.
659 5365 769 5419 Dat
798 5380 859 5419 se
892 5363 949 5416 in
973 5361 1123 5415 viam
1152 5361 1259 5414 sub
1290 5359 1411 5412 haec
1445 5357 1705 5424 Perzoee,
1732 5360 1789 5411 et
1818 5357 1875 5411 in
1908 5357 2131 5413 Indiam

486 5451 790 5523 appulsus,
829 5448 905 5502 ibi
950 5449 1323 5518 frequentare
1376 5442 1568 5496 aulam
1619 5442 1836 5513 regiam
1892 5442 2129 5509 institit,

487 5539 861 5610 quotidieque
906 5551 1185 5607 apparere
1219 5534 1276 5587 in
1308 5531 1580 5603 palatinis
1611 5531 1902 5599 exhedris,
1936 5531 2132 5586 confa-

490 5626 747 5681 bulando
781 5641 912 5679 cum
954 5621 1268 5685 ministris,
1303 5619 1462 5690 regni
1503 5620 1843 5690 proceribus
1875 5637 1938 5675 ac
1970 5636 2133 5675 sena-

2238 5010 2303 5060 ut
2342 5002 2565 5059 nullius
2595 5003 3023 5074 aspernabatur
3055 5005 3344 5073 studium,
3379 5007 3455 5062 ita
3498 5007 3608 5062 hoc
3640 5009 3881 5079 potissi-

2237 5109 2400 5147 mum
2433 5092 2662 5162 agebat,
2692 5096 2755 5147 ut
2787 5091 3046 5160 litterati,
3072 5097 3124 5148 et
3152 5093 3501 5164 supellectili
3528 5097 3757 5168 egregie
3791 5097 3880 5151 in-

2237 5179 2440 5237 structi
2473 5178 2713 5234 libraria
2758 5180 3114 5252 cujuspiam,
3151 5181 3533 5238 familiaritati
3564 5200 3626 5239 se
3660 5184 3881 5240 intimas

2238 5271 2538 5334 insereret,
2564 5268 2716 5338 quod
2752 5269 2905 5338 apud
2940 5268 3115 5324 talem
3149 5271 3387 5325 demum
3420 5288 3482 5327 se
3514 5274 3698 5343 optati
3732 5276 3880 5328 scri-

2239 5357 2321 5430 pti
2354 5356 2579 5426 copiam
2615 5355 2872 5410 nancisci
2905 5373 3077 5427 posse
3108 5358 3443 5413 conﬁderet.

2312 5445 2413 5500 IlI.
2452 5444 2554 5498 Diu
2587 5450 2710 5498 erat
2742 5444 2798 5498 in
2833 5443 2967 5500 talis
2999 5446 3107 5501 viri
3128 5446 3560 5516 conquisitione
3591 5454 3887 5519 versatus,

2242 5550 2374 5589 cum
2412 5531 2613 5586 multis
2645 5533 2879 5588 tandem
2913 5534 3323 5605 experimentis
3355 5537 3618 5605 edoctus,
3644 5554 3885 5608 persua-

2244 5623 2378 5678 dere
2428 5620 2541 5676 sibi
2592 5621 2785 5692 erepit,
2813 5638 2994 5678 unum
3034 5624 3370 5694 quempiam
3417 5623 3571 5680 inter
3618 5642 3889 5697 proceres
