4060 6304
248 352 379 409 1221

1252 348 1610 406 SPECIMEN
1646 341 2046 400 BAPIENTIE
2082 344 2417 403 INDORUM
2451 351 2613 405 VET.

3494 359 3632 415 1222

244 478 521 534 Indorum
572 475 956 545 humanitate,
989 472 1322 546 prudentia,
1354 469 1679 527 eruditione
1722 468 1885 521 tanta
1913 464 1968 529 Α
1999 465 2171 521 etiam
2217 467 2526 540 alleganda
2558 477 2911 549 quandoque
2942 478 3151 533 idonea
3194 479 3364 536 istius
3412 482 3633 539 silentii

248 566 672 637 propemodum
728 580 856 619 esse
899 563 1236 634 praeditum,
1262 563 1478 631 quanta
1524 573 1673 628 opus
1721 556 1909 623 esset,
1948 569 2151 625 causa,
2181 556 2455 614 dilueras.
2486 561 2654 617 Nunc
2695 567 2917 635 quonia
2948 582 3001 621 m
3052 567 3357 639 ingressus
3389 570 3545 627 ultio
3571 576 3634 628 tu

249 658 316 709 ut
347 671 415 709 ex
446 670 510 708 eo
544 652 765 724 sperari
799 652 980 723 optati
1010 650 1187 706 ofﬁcii
1216 650 1442 705 fructus
1472 643 1884 718 posset.fHunc

246 758 383 813 ergo
422 741 639 796 institit
685 739 943 811 quotidie
990 739 1196 805 visere,
1248 736 1474 792 cunctis
1522 734 1744 788 ambire
1777 732 1883 784 ob—

249 832 493 903 sequiis,
536 830 820 901 singulari
869 828 1119 900 quadam
1169 827 1410 883 honoris
1459 822 1887 896 significatione

250 921 601 989 demulcere,
652 925 946 991 postremo
1004 918 1190 990 epulis
1249 918 1539 987 excipere;
1592 911 1885 969 munerari

252 1009 394 1081 quin
427 1008 626 1076 etiam,
648 1012 704 1063 et
734 1024 859 1078 quae
908 1007 1021 1078 ipsi
1068 1009 1231 1076 grata
1278 1007 1509 1076 putaret
1537 1003 1677 1067 fore,
1708 1016 1888 1071 quan-

250 1100 400 1155 tovis
451 1102 647 1169 empta
694 1097 880 1168 pretio
911 1098 1154 1163 donare;
1192 1112 1337 1166 quas
1367 1094 1426 1148 in
1457 1109 1551 1148 res
1599 1108 1713 1145 non
1763 1105 1887 1143 mo-

250 1190 441 1243 dicam
475 1187 729 1258 pecuniaa
777 1186 1023 1257 allataa.e
1056 1184 1290 1240 Perside
1321 1187 1545 1253 partem
1578 1178 1885 1250 impendit.

254 1276 354 1332 His
380 1275 774 1346 respondebat
810 1273 905 1328 ille
936 1272 1174 1344 quidem
1205 1271 1476 1326 comitate
1509 1272 1670 1324 tanta
1699 1283 1890 1337 quan-

253 1370 376 1420 tam
409 1380 440 1418 a
469 1363 876 1418 liberalissimo
915 1360 1461 1434 gratiosissimoque
1493 1357 1729 1413 homine
1759 1372 1889 1426 spe-

255 1468 383 1508 rare
431 1452 670 1506 Perzoes
720 1450 1051 1521 potuisset:
1095 1453 1363 1504 caeterum
1410 1447 1565 1501 idem
1616 1448 1892 1516 praeterea

256 1540 576 1596 demiratus
607 1539 948 1609 aliquandiu
992 1533 1804 1607 tamginusitatamlingeniosi
1836 1536 1893 1587 et

255 1628 638 1685 curiosissimi
661 1628 893 1682 advenae
917 1626 1318 1681 assiduitatem
1350 1628 1407 1679 et
1436 1622 1796 1693 diligentiam
1831 1622 1891 1675 in

258 1732 319 1772 se
369 1716 633 1786 colendo,
665 1716 919 1785 denique
976 1713 1257 1769 divinavit
1300 1712 1453 1783 quod
1511 1726 1603 1765 res
1648 1715 1802 1770 erat;
1837 1713 1893 1763 et

255 1808 458 1864 deesse
510 1822 624 1861 non
674 1822 841 1875 posse
884 1803 1185 1874 judicavit,
1218 1802 1381 1873 quin,
1416 1818 1478 1857 se
1527 1801 1789 1870 adjutore
1830 1815 1893 1853 ac

256 1899 573 1965 sequestro,
605 1894 898 1964 particeps
939 1890 1543 1960 arcanorum‘mlndicm
1595 1888 1891 1958 sapientiae
1924 1881 1971 1946 B

259 1986 777 2038 monumentorum
828 1981 1241 2036 ﬁeri'Perzoes
1296 1979 1556 2051 cupiens,
1607 1976 1667 2031 in
1716 1976 1893 2030 istam

260 2071 621 2125 demerendze
671 2086 789 2123 sua:
833 2069 1032 2139 gratiae
1083 2068 1453 2123 sedulitatem
1512 2066 1892 2120 incumberet.

258 2164 361 2214 Per
393 2159 548 2212 hunc
582 2157 819 2211 modum
852 2155 1187 2227 proﬁciente
1211 2156 1365 2210 inter
1392 2154 1554 2225 ipsos
1584 2153 1892 2209 familiari-

252 2252 390 2313 tate,
425 2248 777 2317 ﬁduciaque,
808 2250 873 2299 ut
906 2248 991 2312 fit,
1016 2246 1205 2300 mutui
1238 2246 1475 2309 amoris,
1513 2244 1894 2315 frequentatis

255 2336 530 2404 utrinque
580 2333 994 2388 benevolentiae
1046 2332 1297 2397 iudiciis,
1349 2338 1662 2397 crescente,
1716 2348 1893 2386 ausus

253 2423 568 2492 aliquando
634 2426 876 2476 Perzoes
943 2421 1129 2475 amico
1187 2421 1244 2473 in
1306 2436 1583 2473 arcanum
1654 2422 1890 2474 seducto

251 2510 522 2565 conclave
554 2510 772 2579 aliquid
820 2511 889 2563 de
943 2526 1048 2563 suo
1093 2508 1378 2563 desiderio
1412 2508 1599 2573 fateri,
1633 2524 1765 2561 cum
1798 2508 1891 2561 bis

252 2601 432 2653 ferme
478 2597 669 2651 verbis
719 2597 927 2651 affatus
972 2602 1103 2650 est:
1140 2600 1277 2649 Eam
1323 2596 1490 2650 video
1546 2595 1888 2649 charitatem

252 2688 309 2742 in
364 2704 476 2752 me,
519 2687 716 2752 frater,
749 2690 913 2740 tuam
960 2686 1052 2740 cui
1106 2685 1255 2739 male
1304 2688 1480 2756 atque
1528 2685 1753 2755 ingrate
1800 2701 1890 2738 me

254 2775 604 2846 respondere
662 2774 999 2839 arbitrarer,
1052 2773 1101 2827 si
1160 2778 1215 2827 te
1263 2771 1511 2827 celarem
1564 2773 1887 2844 quidquam

255 2864 595 2918 intimorum
630 2863 809 2918 animi
842 2864 952 2918 mei
976 2880 1277 2918 sensuum.
1311 2866 1498 2926 Quare
1532 2863 1752 2918 fatebor
1782 2862 1885 2916 tibi

258 2954 545 3023 equidem,
574 2953 630 3007 id
671 2952 824 3023 quod
869 2968 937 3006 ex
985 2969 1099 3021 quo
1151 2952 1263 3005 huc
1314 2952 1443 3005 veni
1490 2968 1702 3021 magna
1750 2968 1890 3005 cura

257 3042 530 3096 omnibus
561 3040 859 3106 abscondi,
893 3041 1045 3111 quod
1073 3040 1129 3092 in
1162 3044 1217 3093 te
1240 3041 1529 3111 mquitatis
1559 3057 1623 3094 ac
1654 3040 1888 3110 sapien-

255 3130 352 3185 tiae
383 3135 605 3184 tantum
651 3131 927 3185 exsistere
970 3129 1336 3182 documentis
1380 3129 1666 3200 perspexi,
1702 3146 1889 3199 quan-

255 3221 377 3269 tum
414 3216 470 3269 in
517 3231 582 3270 eo
622 3214 939 3269 desiderari
972 3218 1181 3283 potest,
1214 3229 1386 3284 quem

256 3303 492 3358 maximi
538 3302 815 3357 momenti
864 3303 1122 3369 prudens
1173 3305 1324 3355 recte
1373 3302 1563 3371 quivis
1612 3302 1891 3358 adhibeat

252 3394 564 3447 arbitrum.

328 3518 418 3572 1V.
448 3520 533 3571 Ita
562 3516 953 3570 exordientem
987 3520 1255 3570 Perzoem
1296 3513 1676 3586 interpellans
1708 3517 1887 3570 Indus

257 3609 491 3678 sapiens
525 3622 537 3661 :
574 3608 803 3659 Dudum
855 3605 1129 3671 mirabar,
1171 3604 1383 3673 inquit,
1426 3606 1627 3659 tandiu
1659 3606 1889 3660 differre

256 3701 333 3759 te,
368 3696 519 3766 quod
570 3709 698 3748 sero
748 3708 902 3747 nunc
931 3693 1165 3746 tandem
1196 3693 1466 3762 inchoas;
1503 3700 1675 3755 atque
1723 3696 1887 3764 adeo,

261 3785 307 3840 si
341 3800 433 3837 me
479 3782 623 3837 sinis
674 3781 832 3851 loqui
867 3780 1063 3847 libere,
1100 3780 1201 3833 tibi
1254 3797 1399 3851 pene
1446 3783 1889 3849 succensebam,

258 3873 411 3942 quod
446 3871 503 3923 in
538 3870 664 3922 aliis
695 3869 922 3923 cunctis
952 3868 1224 3922 amicitia:
1255 3868 1461 3923 officiis
1495 3868 1885 3939 diligentissi-

261 3976 414 4026 mus,
446 3958 504 4012 in
534 3958 642 4012 hoc
691 3958 952 4011 omnium
986 3956 1273 4027 pPEBClptIO
1323 3956 1766 4026 aperiendorum
1800 3972 1890 4010 se-

258 4051 571 4111 cretorum,
605 4042 875 4098 illiberali
910 4059 1053 4114 pene
1088 4044 1331 4113 quadam
1364 4044 1730 4098 cunctatione
1760 4061 1885 4098 ces-

258 4152 438 4190 sares.
464 4135 805 4202 Quanquam
841 4148 911 4185 ne
942 4132 1198 4185 vicissim
1230 4148 1334 4203 ego
1365 4131 1469 4185 tibi
1503 4136 1703 4186 contra
1734 4132 1889 4202 leges

253 4222 372 4276 veri
425 4220 641 4275 amoris
698 4218 1062 4273 dissimulem
1122 4218 1447 4289 quidpiam,
1496 4220 1711 4274 frustra
1757 4236 1884 4274 eras

256 4311 313 4363 in
349 4309 456 4363 hoc
488 4307 679 4363 studio
711 4306 857 4361 clam
900 4322 992 4359 me
1029 4306 1276 4360 habendi
1308 4311 1506 4360 votum
1542 4306 1707 4375 illud,
1734 4309 1885 4377 quod

255 4414 359 4469 ego
400 4398 625 4451 dudum
674 4394 970 4466 pellucens
1020 4394 1077 4448 in
1131 4400 1232 4448 tua
1279 4394 1487 4448 intima
1530 4397 1886 4450 conscientia

258 4486 494 4557 perlegi.
532 4485 657 4549 Diu,
692 4486 952 4553 inquam,
983 4488 1072 4536 est
1114 4483 1267 4552 quod
1303 4498 1539 4553 megnou
1588 4483 1752 4549 fallit,
1786 4500 1884 4537 ve-

1989 642 2114 714 ipse
2146 645 2203 699 in
2236 662 2364 702 eum
2399 665 2730 707 sermonem
2764 671 2846 724 es,
2879 654 2980 726 qui
3009 655 3160 710 viam
3195 659 3474 727 panderet
3505 660 3635 715 ani-

1992 748 2087 786 mo
2141 750 2269 789 meo
2299 738 2569 806 gestienti
2605 740 2901 798 effundere
2951 760 3014 799 se
3065 760 3259 799 coram
3311 750 3368 801 te
3420 751 3632 819 totum,

1991 837 2105 875 non
2131 824 2325 892 putavi
2352 826 2659 899 negligend
2671 847 2761 885 am
2784 833 3145 888 occasionem
3167 837 3506 891 ostentandi
3527 836 3636 892 tibi

1992 911 2368 980 sagacitatem
2419 930 2631 982 meam,
2663 934 2840 989 quam
2890 919 3071 976 tantis
3121 920 3384 978 artificiis
3439 940 3635 981 arcere

1993 998 2328 1069 nequivisti,
2362 1003 2675 1072 quominus
2711 1006 2768 1060 in
2809 1006 3019 1063 ultimo
3064 1024 3295 1064 recessu
3330 1010 3634 1067 abditissi-

1994 1103 2221 1142 morum
2265 1090 2477 1143 mentis
2521 1095 2633 1146 tuas
2684 1096 3073 1164 penetralium
3123 1097 3630 1168 deprehenderet:

1992 1190 2237 1246 scopum
2266 1179 2759 1249 peregrinationis
2788 1183 2859 1237 ad
2885 1200 2992 1239 nos
3022 1187 3139 1239 tua
3170 1201 3285 1240 non
3311 1186 3493 1242 alium
3526 1189 3632 1243 tibi

1995 1264 2171 1321 fuisse
2223 1269 2613 1339 propositum,
2647 1288 2824 1342 quam
2877 1276 2942 1328 ut
2987 1273 3284 1346 specimen
3335 1276 3633 1349 sapientia;

1995 1356 2343 1411 nostratium
2376 1358 2678 1414 doctorum
2723 1362 2955 1418 areanis
2985 1363 3137 1433 apud
3175 1380 3281 1420 nos
3329 1366 3631 1421 conditum

1996 1443 2224 1509 litteris,
2259 1445 2614 1503 exscriberes
2666 1449 2820 1514 inde,
2853 1454 3162 1522 vestraque
3206 1450 3411 1524 lingua
3456 1469 3635 1525 expo-

1996 1531 2175 1586 situm
2212 1532 2332 1603 regi
2359 1537 2460 1589 tuo
2493 1535 2722 1592 rediens
2753 1538 2979 1593 offeres.

2064 1658 2129 1710 V.
2166 1662 2239 1712 Ac
2274 1678 2345 1716 ne
2387 1667 2443 1717 te
2488 1665 2700 1720 habeat
2748 1666 3089 1736 sollicitum,
3123 1671 3278 1740 quod
3310 1686 3404 1726 me
3435 1671 3639 1726 subof-

1998 1745 2228 1802 fensum
2262 1751 2665 1809 taciturnitate
2689 1760 2790 1809 tua
2810 1756 2953 1823 dixi,
2974 1756 3151 1812 velim
3177 1774 3248 1814 ne
3272 1760 3354 1814 sis
3382 1759 3637 1829 nescius,

2002 1849 2115 1888 non
2149 1836 2335 1890 solum
2391 1839 2686 1910 ignovisse
2720 1859 2809 1898 me
2840 1843 2944 1898 tibi
2980 1844 3177 1913 facile,
3210 1849 3310 1901 sed
3363 1852 3639 1918 praeterea

2003 1923 2178 1977 etiam
2211 1929 2546 1995 suspexisse
2590 1931 3047 1987 moderationem
3105 1933 3161 1987 in
3206 1933 3315 1989 hoc
3361 1940 3546 2005 tuam,
3578 1936 3639 1990 in

2003 2026 2118 2080 qua
2141 2028 2419 2083 magnum
2448 2017 2744 2087 sapientiae
2767 2019 2956 2075 instar
2977 2022 3361 2091 agnoscebam
3382 2041 3395 2090 ;
3420 2038 3639 2094 gnarus

2003 2114 2178 2168 quam
2214 2102 2380 2169 pauci
2407 2104 2682 2160 resistant
2711 2108 2995 2179 prurigini
3020 2110 3303 2179 prodendi
3337 2110 3640 2166 familiari-

2001 2186 2110 2241 bus
2143 2189 2430 2259 quidquid
2478 2196 2670 2248 mente
2700 2201 2953 2262 versant,
2988 2202 3323 2268 quantaque
3370 2200 3638 2255 cautione

2001 2291 2149 2344 opus
2180 2277 2279 2342 sit,
2312 2280 2634 2347 praesertim
2686 2282 3035 2353 degentibus
3084 2301 3322 2356 peregre
3361 2288 3470 2342 sub
3502 2303 3637 2357 rege

2001 2361 2345 2434 legibusque
2376 2368 2816 2435 diversissimis,
2848 2371 2906 2424 in
2942 2376 3095 2427 recte
3126 2373 3634 2446 deligendo,quem

1998 2450 2227 2503 consilii
2260 2453 2533 2524 ancipitis
2560 2460 2614 2510 et
2636 2457 3056 2515 offensionibus
3088 2460 3208 2515 illic
3240 2462 3492 2529 obnoxii,
3519 2480 3633 2517 non

1998 2538 2279 2595 damnose
2310 2542 2441 2612 quis
2492 2544 2773 2599 arbitrum
2810 2546 2998 2601 faciat.
3036 2549 3205 2619 Ergo,
3242 2555 3307 2605 ut
3336 2554 3490 2621 quod
3543 2569 3636 2606 res

1997 2634 2083 2681 est
2115 2628 2315 2695 fatear,
2349 2647 2414 2685 eo
2465 2637 2519 2686 te
2571 2635 2805 2689 nomine
2853 2637 3042 2708 magis
3090 2639 3300 2705 amavi,
3332 2657 3396 2694 ac
3449 2640 3634 2697 multo

1997 2716 2179 2784 pluris
2214 2716 2339 2771 feci.
2374 2719 2468 2774 Sic
2512 2722 2668 2776 enim
2718 2724 2941 2778 dudum
2994 2725 3138 2780 mihi
3182 2728 3471 2797 persuasi,
3502 2733 3633 2784 octo

1995 2820 2119 2858 esse
2152 2804 2207 2857 in
2239 2807 2455 2874 quibus
2495 2811 2952 2879 experimentum
3004 2814 3216 2869 indolis
3263 2832 3508 2887 magnae,
3544 2818 3634 2871 in-

1996 2892 2267 2963 geniique
2299 2893 2490 2950 laudis
2522 2898 2743 2951 eximite
2773 2901 3024 2971 capacis,
3054 2902 3209 2956 sumi
3241 2910 3463 2958 certum
3496 2921 3633 2975 pos-

1997 2981 2115 3035 sit:
2151 2983 2404 3052 primum
2436 2991 2524 3039 est
2551 2986 2749 3042 mitem
2782 3006 2910 3043 esse
2941 2995 2997 3044 et
3025 3008 3250 3046 comem
3286 2995 3353 3047 ad
3390 3010 3630 3059 omnes;

1997 3070 2237 3125 alterum
2300 3076 2454 3126 recta
2511 3073 2723 3129 intueri
2784 3078 3141 3133 destinatum
3200 3097 3397 3150 suum,
3431 3081 3635 3152 illique

1997 3159 2308 3223 indefesse,
2352 3162 2451 3214 sed
2480 3163 2812 3233 ‘patienter,
2856 3167 3112 3235 urgendo
3162 3168 3465 3237 insistere;
3517 3174 3636 3223 ter-

1504 3231 1514 3245 _
2293 3215 2307 3223 ι
2509 3215 2524 3231 ι
2862 3215 3109 3235 pom—-
3165 3215 3465 3237 η-ν-ν-ν-ν,
3522 3215 3591 3223 -ν-

1422 3215 1888 3327 ῗξ-ίςξηῗὶυξξξζῗξ
1918 3221 1959 3285 C
1998 3246 2168 3308 tium,
2202 3249 2443 3303 subesse
2491 3250 2847 3323 obsequique
2895 3254 3163 3325 regibus;
3206 3261 3508 3327 quartum,
3541 3275 3636 3312 ar-

1998 3352 2142 3389 cana
2174 3337 2431 3406 probatis
2476 3338 2757 3394 duntaxat
2804 3342 3010 3397 amicis
3042 3344 3305 3413 credere;
3338 3346 3634 3416 quintum,

1996 3422 2055 3476 in
2105 3423 2417 3479 comitibus
2469 3426 2800 3497 principum
2834 3430 2917 3484 sic
2961 3446 3239 3501 apparere
3288 3434 3636 3503 sapientem,

2000 3516 2063 3565 ut
2106 3512 2307 3565 odiosa
2355 3512 2593 3568 tristitia
2643 3514 3029 3587 philosophia
3075 3536 3190 3574 non
3240 3520 3540 3591 popularis
3587 3529 3643 3575 et

1998 3599 2391 3669 superciliosae
2438 3601 2791 3669 declinetur;
2826 3608 3080 3672 sextum,
3112 3606 3195 3661 ita
3234 3613 3543 3663 mansuete
3574 3625 3640 3663 ac

2001 3688 2224 3759 placide
2269 3704 2398 3741 cum
2433 3688 2656 3743 vitiosis
2705 3690 2881 3745 etiam
2931 3696 2987 3746 et
3031 3692 3317 3764 improbis
3350 3713 3542 3767 agere,
3578 3700 3641 3751 ut

1999 3779 2067 3829 ad
2102 3793 2197 3831 eos
2226 3792 2296 3829 ne
2318 3776 2575 3846 suspicio
2599 3778 2832 3846 quidem
2857 3779 3029 3833 celari
3054 3783 3475 3851 requirentium
3501 3802 3638 3837 con-

1999 3866 2262 3919 siliorum
2293 3863 2411 3918 ulla
2433 3864 2661 3917 sinatur
2679 3881 2982 3933 emanare;
3009 3874 3350 3938 septimum,
3374 3887 3637 3925 exercere

1998 3953 2323 4008 dominium
2357 3952 2412 4005 in
2440 3951 2726 4021 linguam,
2754 3953 3094 4024 frenareque
3118 3955 3274 4009 illam
3303 3958 3359 4010 in
3384 3958 3638 4012 occasio-

1998 4042 2172 4095 nibus
2220 4039 2440 4109 ingenii
2491 4040 2795 4093 dicacitate
2845 4043 3321 4112 commendandi,
3356 4046 3427 4097 ab
3477 4045 3636 4098 omni

1999 4129 2260 4197 dicterio,
2294 4128 2445 4197 quod
2481 4126 2583 4195 vel,
2616 4127 2850 4198 oblique
2892 4129 3247 4200 perstringat
3279 4133 3638 4203 quempiam.

1997 4220 2272 4272 Octavum
2324 4215 2599 4285 denique,
2634 4216 2692 4268 in
2742 4222 3026 4271 conventu
3069 4219 3323 4273 virorum
3369 4221 3636 4291 gravium

2000 4323 2113 4360 non
2147 4312 2363 4358 temere
2414 4304 2661 4373 prodire.
2700 4320 2765 4357 ac
2798 4310 2940 4358 aestu
2991 4305 3342 4362 eruditionis
3390 4309 3641 4363 conscia!

1999 4393 2236 4465 provehi
2286 4393 2657 4446 sermonibus
2690 4391 2844 4446 ultra
2873 4409 3051 4463 quam
3105 4402 3305 4462 poscat
3353 4397 3635 4467 propositi

1998 4482 2067 4535 ad
2118 4480 2429 4534 dicendum
2490 4483 2590 4531 aut
2636 4478 3079 4535 deliberandum
3134 4486 3459 4551 argumenti
3520 4485 3640 4539 for-

260 4575 417 4629 nisse
448 4580 503 4628 te
532 4574 592 4627 in
624 4572 850 4627 Indiam
875 4588 940 4625 eo
970 4570 1234 4637 consilio,
1260 4575 1323 4624 ut
1354 4576 1563 4625 nostrae
1588 4572 1887 4641 sapientizn
1920 4568 1966 4632 D
2001 4567 2176 4622 mula.
2211 4568 2311 4620 His
2344 4572 2471 4620 octo
2504 4565 2604 4635 qui
2660 4567 2934 4634 praeditus
2966 4568 3203 4624 dotibus
3254 4570 3350 4636 sit,
3385 4588 3470 4624 nae
3505 4572 3553 4625 is
3586 4579 3641 4625 et

258 4663 567 4718 thesauros
598 4659 903 4731 expilares,
937 4675 1398 4729 arcanorumque
1428 4659 1563 4713 inde
1604 4659 1886 4714 librorum

259 4752 483 4822 copiam
527 4755 751 4819 nactus,
784 4766 852 4803 ex
900 4748 972 4803 iis
1018 4765 1248 4803 crueres
1298 4748 1450 4801 unde
1500 4748 1749 4818 patriam
1800 4765 1886 4803 re-

259 4842 375 4893 dux
422 4839 636 4892 ditares
678 4844 861 4892 tuam.
894 4838 956 4891 In
989 4853 1103 4906 quo
1133 4836 1262 4905 etsi,
1299 4841 1362 4890 ut
1404 4836 1544 4903 dixi,
1594 4837 1885 4890 suboffen-

259 4928 432 4981 debat
463 4942 550 4980 me
579 4931 681 4979 tua
719 4925 818 4978 illa
850 4941 961 4978 non
1011 4925 1155 4978 satis
1207 4923 1512 4977 familiaris
1565 4924 1633 4978 de
1684 4941 1741 4978 re
1789 4924 1891 4979 tali

259 5014 649 5082 taciturnitas,
696 5011 1114 5067 necessitudini
1174 5012 1325 5065 inter
1382 5028 1487 5066 nos
1549 5013 1890 5067 coalescenti

257 5100 578 5156 convicium
628 5099 753 5154 visa
796 5100 1002 5167 facere,
1056 5099 1373 5169 temperavi
1423 5104 1615 5154 tamen
1666 5102 1738 5155 ab
1793 5118 1893 5156 ex-

256 5188 602 5260 postulando
643 5188 715 5242 de
762 5204 829 5242 ea
878 5190 1095 5253 tecum,
1126 5191 1431 5242 contentus
1482 5189 1788 5244 observare
1838 5195 1892 5245 te

254 5278 511 5344 interim,
559 5283 617 5333 et
666 5278 832 5349 quasi
887 5276 1353 5333 dissimulatione
1401 5284 1604 5334 mutua
1654 5280 1890 5347 ulcisci;

257 5371 396 5423 dum
434 5372 491 5422 tu
545 5367 768 5422 caeteris
803 5366 1139 5434 virtutibus,
1172 5370 1245 5435 et,
1281 5383 1404 5437 quae
1440 5385 1545 5421 usu
1598 5384 1660 5422 se
1706 5369 1892 5439 magis

258 5457 566 5529 magisque
628 5455 963 5527 quotidiano
1032 5456 1408 5524 exercebant,
1482 5456 1717 5511 dotibus
1780 5460 1893 5512 luis

260 5546 554 5619 praeclaris
602 5544 949 5601 eruditionis
987 5548 1042 5598 et
1089 5544 1329 5615 ingenii,
1380 5544 1568 5601 labem
1620 5544 1777 5601 illam
1836 5548 1893 5602 in

258 5634 643 5693 aestimatione
670 5651 801 5690 mea
831 5633 1298 5705 qualemcunque
1330 5648 1765 5706 compensares,
1794 5640 1895 5693 aut

2001 4662 2163 4710 tutus
2192 4654 2301 4708 erit
2333 4671 2364 4706 a
2396 4653 2652 4723 periculo
2685 4654 3033 4708 damnorum
3070 4657 3126 4709 in
3158 4673 3287 4726 quae
3317 4658 3472 4712 haud
3509 4677 3638 4714 raro

2001 4746 2309 4798 incurrunt
2356 4740 2784 4794 inconsiderate
2816 4748 3257 4811 conversantes;
3294 4751 3351 4799 et
3400 4762 3641 4817 compos

2003 4834 2119 4886 fere
2149 4833 2248 4885 fiet
2290 4834 2554 4883 votorum
2604 4843 3115 4900 quorumcumque,
3147 4833 3372 4889 cunctis
3422 4835 3491 4887 ad
3538 4834 3637 4888 tali

2003 4920 2312 4974 favendum
2362 4915 2613 4969 naturali
2654 4916 2905 4985 quadam
2957 4918 3338 4976 inclinatione
3388 4938 3639 4992 propen-

2003 5007 2298 5063 dentibus.
2319 5005 2520 5074 Itaque
2543 5003 2698 5073 quod
2721 5003 2827 5058 has
2851 5004 2907 5057 in
2932 5008 2985 5059 te
3006 5022 3209 5062 omnes
3229 5008 3478 5064 virtutes
3499 5009 3639 5073 vidi,

2003 5100 2309 5166 promptus
2349 5107 2478 5146 ecce
2530 5107 2868 5162 pronusque
2900 5109 3032 5147 sum
3066 5095 3135 5149 ad
3186 5097 3640 5166 gratificandum

2003 5184 2129 5249 tibi,
2163 5186 2450 5252 quantum
2482 5180 2591 5233 erit
2626 5180 2681 5232 in
2708 5196 2799 5233 me
2827 5180 3030 5246 situm,
3055 5184 3444 5254 quodcunque
3473 5188 3640 5254 opta-

2003 5272 2174 5328 veris.
2199 5276 2402 5325 Moneo
2434 5274 2630 5322 tamen
2680 5267 2916 5322 difficile
2947 5274 3001 5323 te
3030 5271 3328 5341 negotium
3361 5275 3638 5338 tractare;

2005 5380 2069 5417 ac
2095 5376 2209 5430 quo
2241 5356 2427 5426 magis
2462 5355 2649 5409 sentio
2700 5354 2853 5409 haud
2907 5373 3077 5426 posse
3122 5374 3211 5411 me
3238 5357 3295 5411 in
3339 5374 3404 5411 eo
3453 5375 3639 5427 quan-

2005 5458 2128 5506 tum
2158 5446 2385 5511 vellem,
2412 5460 2476 5499 eo
2507 5460 2708 5513 precor
2739 5443 2921 5497 Deum
2964 5443 3270 5509 intentius,
3292 5450 3355 5499 ut
3387 5446 3636 5499 fortunet

2003 5544 2290 5610 coeptum,
2351 5533 2700 5589 amoliendis
2763 5548 2887 5586 sese
2949 5538 3152 5587 contra
3207 5534 3637 5604 objectantibus

2005 5625 2319 5685 obstaculis
2350 5640 2464 5679 non
2504 5621 2723 5693 parvis;
2760 5636 2889 5691 quin
2933 5620 3204 5690 equidem
3236 5623 3375 5677 dum
3407 5626 3635 5692 reputo,
