4108 6294
502 312 639 368 1223

1998 314 2381 375 ΔΡΡΕΝΟῘΧ.

3750 323 3917 379 1224

500 436 842 492 cohorresco
906 436 1203 491 interdum
1269 439 1462 503 totus;
1523 434 1739 507 quippe
1799 434 2142 491 observante
2172 443 2224 507 Α
2254 442 2462 499 tertius
2502 451 2716 504 nostrae
2759 446 3120 504 conscientia:
3168 447 3473 502 amborum
3521 446 3912 516 adhibeatur,

500 526 685 581 menti
724 541 864 579 meae
896 541 1044 579 saeva
1080 523 1333 592 imagine
1379 522 1664 577 malorum
1699 538 1826 593 quze
1857 522 1965 576 hac
1995 524 2141 579 forte

499 614 863 685 deprehensa
893 612 1193 667 molitione
1224 612 1283 665 in
1314 615 1483 666 tuum
1532 611 1674 665 mihi
1705 610 1875 681 longe
1920 610 2143 667 charis-

498 705 715 760 simum
752 703 1147 757 redundarent
1179 705 1371 771 caput.
1400 701 1507 755 Sed
1542 704 1761 755 avertet
1792 698 2053 769 sinistra,
2079 705 2145 754 ut

498 810 690 865 spero,
719 796 929 848 cuncta
958 791 1277 862 propitium
1307 789 1650 845 innocentiae
1682 793 1796 843 tua;
1827 793 2143 859 nostroque

496 883 682 938 amori
714 886 973 948 Numen;
998 882 1166 951 cujus
1190 880 1323 934 tecti
1354 878 1677 950 patrocinio
1702 878 2139 947 (conﬁdendum

493 978 579 1028 est
609 972 787 1042 enim)
822 972 1067 1026 adversa
1097 970 1425 1039 infestaque
1458 966 1689 1023 innoxie
1716 966 2138 1036 quaelibetﬁelu-

492 1061 806 1116 ctabimur.

556 1240 651 1295 VI.
686 1239 853 1295 Varie
885 1237 1075 1292 aﬁ‘ecit
1098 1235 1397 1305 inopinata
1418 1234 1765 1299 haec‘oratio
1796 1233 2131 1288 audientem

490 1334 783 1383 Perzoem.
821 1327 1067 1381 Miratus
1116 1324 1372 1394 primum
1405 1326 1492 1377 est
1532 1322 1825 1377 solertiam
1874 1322 1999 1376 Indi
2035 1339 2137 1377 us—

487 1434 595 1489 que
641 1434 705 1472 eo
756 1415 1178 1487 perspicacem,
1212 1416 1277 1467 ut
1310 1412 1565 1467 latebras
1614 1411 1804 1464 cordis
1854 1411 2132 1480 pervade-

486 1513 589 1561 ret.
615 1506 892 1576 Ejusdem
936 1500 1602 1573 posteaﬂhumanitatem
1657 1498 1944 1568 suspexit,
1977 1498 2129 1568 quod

485 1595 543 1648 in
580 1593 858 1649 nonnulla
910 1588 1317 1662 expostulandi
1350 1603 1548 1641 secum
1598 1585 2134 1655 causa,"_omni,ver-

483 1686 692 1739 borum
726 1681 1068 1752 asperitate}
1087 1681 1489 1745 temperasset.
1538 1676 1837 1729 Postremo
1869 1674 2130 1745 gratula-

2247 535 2349 586 aut
2415 539 2943 608 quomodocunque
3009 538 3357 592 interveniat
3427 536 3661 591 arbiter.
3734 538 3914 591 Inter

2245 620 2403 677 duos
2423 628 2614 693 potest
2654 629 2951 697 utcunque
2981 626 3301 681 consistere
3330 624 3614 678 securitas
3646 623 3865 679 secreti
3892 642 3909 691 ;

2244 711 2395 778 quod
2431 715 2550 765 tres
2606 713 2797 767 sciunt
2844 713 3027 768 teneri
3074 712 3215 783 quin
3264 716 3496 767 emanet
3543 712 3612 765 ad
3667 711 3905 783 plures,

2245 798 2464 866 nequit.
2508 800 2565 852 Si
2616 806 2810 855 autem
2861 799 3497 870 enotuerit,cooperari
3531 815 3624 853 me
3671 799 3779 853 tibi
3838 800 3903 853 in

2242 885 2629 956 exscriptione
2660 892 2716 942 et
2756 889 3158 959 deportatione
3209 888 3280 942 ad
3330 892 3555 942 exteros
3586 902 3899 942 commen-

2244 973 2525 1029 tariorum
2568 977 2947 1045 nostratium,
2976 981 3171 1031 actum
3201 979 3270 1030 de
3293 992 3388 1030 me
3417 976 3523 1041 sit;
3555 980 3679 1029 tum
3710 974 3899 1029 nulla:

2243 1076 2402 1130 opes,
2430 1063 2591 1117 nulla
2622 1065 2964 1133 suffragatio
2997 1068 3172 1135 caput
3203 1079 3395 1118 meum
3429 1068 3745 1119 servarent.
3777 1064 3898 1117 Bc-

2242 1164 2370 1218 gem
2404 1149 2694 1205 habemus
2738 1152 2937 1205 saevire
2968 1151 3241 1205 atrociter
3287 1151 3359 1204 ob
3410 1166 3502 1205 res
3552 1150 3710 1204 nihili
3742 1150 3889 1205 soli-

2240 1241 2387 1303 tum,
2421 1253 2526 1292 nec
2559 1238 2917 1308 revocabilis,
2950 1238 3049 1293 ubi
3092 1238 3446 1309 praecipitem
3479 1237 3566 1293 ira
3593 1238 3887 1303 extulerit,

2240 1323 2295 1377 in
2327 1325 2560 1380 mitiora
2589 1326 2925 1381 voluntatis.

2307 1412 2427 1468 VII.
2488 1415 2596 1468 Hic
2654 1419 2895 1469 Perzoes
2950 1414 3167 1485 gratias
3224 1415 3345 1486 egit
3413 1418 3533 1468 tam
3605 1430 3881 1485 generoso

2238 1501 2445 1568 amico,
2475 1507 2649 1571 prout
2697 1520 2800 1573 par
2840 1507 2983 1569 erat,
3022 1517 3289 1572 magnas,
3322 1517 3392 1557 ex
3439 1502 3668 1556 cunctis
3714 1502 3877 1572 sigil-

2236 1588 2399 1643 latim
2432 1590 2892 1645 circumstantiis
2933 1590 3193 1645 beneﬁcii
3244 1592 3371 1660 ejus
3419 1590 3695 1644 meritum
3728 1590 3883 1643 aesti-

2238 1693 2424 1745 mans,
2458 1680 2612 1748 quod
2659 1678 2808 1733 ultro
2859 1679 3201 1748 priusquam
3253 1682 3580 1748 rogaretur,
3614 1678 3770 1747 quod
3822 1678 3878 1730 in

484 1779 582 1827 tus
613 1771 724 1825 sibi
758 1774 866 1836 est,
900 1774 954 1822 et
996 1768 1298 1838 probatam
1344 1762 1723 1829 irrefragabili
1750 1763 2125 1833 jam.experi-
2159 1800 2206 1863 B
2239 1782 2294 1820 re
2327 1766 2436 1821 sibi
2490 1767 2837 1836 periculosa,
2872 1766 3025 1835 quod
3074 1766 3295 1820 homini
3346 1770 3561 1830 extero,
3593 1769 3714 1820 tam
3748 1782 3885 1835 pro-

486 1865 679 1915 mento
725 1856 893 1912 amici
947 1871 1119 1926 quem
1170 1854 1449 1907 hactenus
1504 1851 1918 1921 exploraverat,
1955 1852 2126 1903 tidem

484 1960 904 2019 usquequaque
934 1944 1221 1997 sinceram
1252 1958 1263 1994 :
1303 1946 1360 1994 et
1391 1945 1548 1994 certa
1590 1944 1715 1993 tum
1764 1940 1999 1993 demum
2033 1938 2128 1991 ﬁr-

484 2036 665 2091 mavit
702 2035 962 2089 animum
1008 2029 1224 2084 ﬁducia
1256 2028 1649 2098 consequendi
1682 2027 1836 2097 quod
1869 2027 2127 2097 optabat,

482 2124 697 2180 auxilio
732 2123 934 2191 utique
983 2124 1184 2190 parato
1216 2122 1331 2171 tam
1364 2116 1465 2170 ﬁdi
1517 2132 1581 2169 ac
1621 2114 1877 2169 efﬁcacis
1927 2131 2127 2185 coope-

484 2212 714 2269 ratoris.
750 2211 847 2266 His
897 2210 1118 2263 intento
1170 2204 1648 2277 cogitationibus,
1681 2208 1737 2258 et
1783 2202 1947 2257 vultu
1999 2203 2123 2273 qui-

482 2305 614 2358 dem
647 2299 850 2355 fatenti
885 2298 965 2351 sic
996 2312 1058 2351 se
1088 2311 1209 2349 rem
1247 2295 1457 2348 habere
1484 2298 1547 2346 ut
1576 2292 1804 2347 amicus
1830 2290 2125 2346 divinave-

484 2395 594 2458 rat,
627 2389 875 2444 necdum
899 2391 1095 2441 tamen
1127 2382 1453 2453 expedienti
1481 2385 1748 2435 mutuum
1774 2396 2124 2448 sermonem,

484 2484 565 2535 sic
621 2478 821 2541 Indus,
854 2474 1014 2529 omni
1075 2472 1126 2526 ei
1184 2470 1379 2525 timori
1434 2469 1717 2523 demendo
1775 2470 1987 2523 iterum
2037 2472 2127 2522 est

484 2583 701 2623 orsus:
735 2563 965 2620 Miraris
1014 2561 1072 2614 in
1124 2560 1236 2614 isto
1286 2558 1519 2612 silentio
1562 2559 1806 2611 fortasse
1854 2557 1953 2627 qui
2004 2556 2126 2611 ﬁeri

480 2654 736 2728 potuerit
766 2657 831 2706 ut
858 2655 1054 2705 votum
1088 2653 1279 2713 tuum,
1302 2646 1409 2700 etsi
1450 2661 1480 2699 a
1512 2649 1566 2698 te
1595 2645 1855 2699 studiose
1885 2648 2126 2710 tectum,

478 2739 833 2813 penetrarim
883 2742 1107 2801 tamen;
1161 2734 1246 2789 sic
1302 2733 1471 2798 habe,
1524 2737 1707 2787 artem
1766 2731 1974 2786 callere
2033 2747 2125 2786 me

476 2828 798 2885 insidiandi
831 2824 1036 2880 amicis
1079 2820 1583 2889 innocenter,'hoc
1634 2825 1721 2875 est
1770 2818 2123 2890 perducendi

478 2936 577 2974 eos
610 2934 723 2972 non
760 2915 930 2969 modo
962 2914 1105 2966 citra
1136 2912 1441 2976 damnum;
1468 2910 1566 2964 sed
1601 2907 1773 2963 etiam
1808 2925 1939 2961 cum
1975 2924 2125 2961 com-

480 3008 652 3061 modo
684 3006 947 3075 ipsorum
980 3017 1093 3071 quo
1131 3000 1373 3054 minime
1402 2998 1691 3054 volebant.
1727 2996 1797 3049 Ut
1828 2997 1982 3049 enim
2016 3014 2122 3050 au-

477 3111 655 3167 cupes
685 3094 988 3149 observato
1022 3094 1197 3160 gustu
1231 3088 1417 3141 aviun:
1458 3102 1604 3155 quas
1634 3088 1939 3149 venantur,
1966 3085 2117 3153 obji-

2236 1852 2364 1919 lixe,
2419 1859 2531 1908 tam
2577 1854 2832 1924 gratuito
2877 1855 3113 1909 faveret.
3147 1855 3227 1909 De
3275 1860 3519 1919 secreto,
3548 1854 3705 1922 quod
3754 1868 3882 1906 mo-

2234 1947 2463 2006 nuerat,
2489 1936 3045 2013 securumtomnijex
3075 1946 3238 2013 parte
3262 1942 3447 2012 jussit
3467 1957 3613 1996 esse.
3641 1946 3726 1995 De
3753 1957 3881 1995 mea

2236 2030 2369 2099 fide,
2405 2030 2701 2100 inquiens,
2727 2046 2841 2084 non
2878 2031 3074 2085 minus
3114 2035 3277 2102 potes
3311 2046 3376 2085 ac
3407 2030 3581 2085 debes
3606 2046 3788 2100 quam
3812 2030 3880 2084 de

2233 2124 2334 2173 tua
2365 2119 2554 2190 ipsius
2595 2120 2654 2173 in
2687 2118 2795 2173 hoc
2823 2119 2976 2188 quod
3009 2119 3123 2189 tegi
3158 2118 3464 2189 utriusque
3494 2118 3759 2185 interest,
3794 2123 3876 2172 ta-

2232 2208 2413 2262 cendo
2444 2208 2775 2262 constantia
2806 2212 2863 2261 et
2893 2207 3293 2261 moderatione
3325 2207 3651 2273 conﬁdere;
3676 2222 3875 2277 quare,

2232 2297 2387 2367 quod
2436 2298 2505 2350 ad
2569 2312 2662 2350 me
2710 2295 2938 2360 attinet,
2970 2299 3091 2349 tam
3132 2294 3236 2349 tibi
3295 2299 3455 2350 certa
3505 2294 3875 2350 incolumitas

2230 2389 2331 2438 tua
2371 2388 2478 2451 est,
2513 2400 2689 2455 quam
2724 2384 2878 2455 quod
2927 2383 2986 2437 in
3034 2382 3152 2437 vita
3205 2387 3393 2453 potest
3437 2399 3566 2438 esse
3616 2382 3872 2437 certissi-

2230 2489 2414 2528 mum.
2460 2473 2714 2527 Condam
2776 2488 2868 2526 me
2928 2472 3130 2541 paucis
3182 2472 3410 2536 diebus,
3469 2476 3529 2526 et
3580 2472 3870 2525 celeritate

2230 2578 2463 2615 summa
2495 2561 2650 2631 quod
2699 2559 2870 2631 cupio
2918 2560 3266 2627 exscribam,
3300 2559 3536 2614 interim
3570 2575 3707 2614 cum
3759 2558 3867 2613 alio

2229 2655 2435 2722 praeter
2464 2654 2521 2705 te
2548 2666 2732 2704 unum
2779 2650 3165 2721 congrediens
3206 2649 3456 2705 nemine.
3492 2648 3751 2703 Perfecto
3780 2664 3870 2701 ne-

2229 2740 2386 2809 gotio
2413 2738 2649 2793 evolabo
2668 2800 2675 2807 ο
2696 2739 2918 2805 statim,
2942 2743 3009 2793 ut
3037 2753 3108 2793 ne
3139 2737 3189 2793 si
3218 2736 3423 2793 vellem
3458 2735 3865 2808 quidem,pos-

2229 2844 2350 2882 sem
2395 2827 2873 2897 hisce'cuiquam
2906 2827 2966 2881 in
3016 2825 3279 2896 partibus
3328 2825 3513 2879 ullum
3565 2825 3722 2879 inter
3768 2840 3863 2878 nos

2226 2920 2657 2969 transactorum
2715 2914 2998 2968 indicium
3048 2914 3365 2968 effundere.
3414 2912 3503 2967 Me
3552 2912 3691 2967 hinc
3740 2929 3860 2983 pro-

2226 3005 2371 3058 fecto
2403 3010 2462 3056 tu
2512 3003 2809 3073 superaris
2843 3019 2997 3057 unus
3027 3003 3127 3071 qui
3160 3017 3284 3056 rem
3324 3002 3497 3057 scias.
3530 3002 3721 3064 Quam
3752 3007 3860 3055 tuta

2225 3091 2331 3145 tibi
2363 3108 2429 3145 ac
2461 3090 2576 3144 ﬁda
2604 3096 2694 3144 est
2721 3095 2818 3144 tua
2863 3089 3095 3160 propria
3126 3089 3507 3151 conscientia,
3536 3093 3657 3142 tam
3694 3104 3864 3144 remo-

473 3150 632 3237 ciulnt
661 3183 744 3235 eis
776 3196 935 3234 escas
968 3150 1113 3246 quas
1146 3175 1253 3228 illae
1286 3150 1588 3243 appetunt,
1620 3177 1677 3225 et
1705 3172 1813 3226 hac
1834 3150 2116 3242 iillecebra
2148 3150 2188 3215 C
2227 3186 2351 3236 tum
2383 3182 2453 3235 ιιι)
2485 3181 2641 3235 omni
2674 3150 3085 3235 etiam-umbra
3118 3179 3386 3251 periculi,
3419 3179 3600 3248 hujus
3632 3181 3864 3251 (“ﬁdem

472 3270 746 3325 delinitas
780 3265 1124 3339 pertrahunt
1155 3264 1211 3316 in
1245 3262 1671 3332 laqueosjuxta
1701 3277 2003 3331 expansos,
2030 3261 2113 3315 sic

471 3376 575 3430 ego
608 3356 903 3411 intellecto
945 3359 1046 3407 tuo
1096 3352 1314 3415 studio,
1350 3350 1688 3419 ingentique
1715 3366 1909 3404 amore
1956 3348 2113 3402 litte-

473 3463 694 3515 rarum,
744 3446 815 3498 de
866 3441 1156 3495 industria
1206 3438 1560 3493 mentionem
1604 3438 1922 3492 inferebam
1979 3454 2111 3492 nos-

472 3535 710 3590 tratium
767 3534 1282 3585 monumentorum
1336 3527 1405 3579 de
1454 3525 1714 3579 moribus
1763 3526 2111 3596 scriptorum

474 3626 758 3685 accurate,
791 3636 908 3690 qua
958 3614 1514 3671 commemoratione
1543 3630 1672 3668 cum
1723 3613 1958 3668 salivam
2008 3614 2114 3668 tibi

472 3711 682 3767 moveri
712 3714 829 3763 tam
864 3706 1138 3775 exquisiti
1172 3704 1307 3771 cibi,
1341 3702 1505 3757 nulla
1534 3702 1677 3757 satis
1708 3706 1807 3755 tua
1828 3703 2113 3757 dissimu-

468 3799 607 3854 latio
665 3798 906 3861 celaret,
966 3794 1168 3848 deveni
1228 3792 1499 3857 tandem,
1560 3789 1842 3843 adhibitis
1908 3791 2108 3845 eodem

469 3887 753 3958 plurimis.
770 3885 905 3938 hinc
940 3882 1073 3936 inde
1107 3880 1236 3935 aliis
1272 3879 1527 3946 indiciis,
1560 3879 1616 3931 in
1654 3878 1919 3932 notitiam
1954 3880 2110 3933 desi-

466 3976 613 4031 derii
642 3974 794 4045 quod
830 3978 887 4026 te
918 3971 1034 4024 huc
1064 3969 1248 4023 duxit.
1280 3967 1409 4022 Scio
1442 3972 1659 4021 temere
1692 3966 1749 4020 in
1784 3966 1996 4021 talibus
2028 3968 2112 4035 ju-

467 4066 661 4118 dicare
695 4060 934 4117 multos.
972 4059 1082 4113 Sed
1117 4058 1165 4111 si
1198 4063 1672 4127 argumentorum
1706 4054 1980 4124 opinandi
2013 4056 2110 4109 de-

465 4132 652 4207 lectus
683 4150 780 4219 qui
813 4148 984 4201 debet
1013 4146 1318 4211 habeatur,
1346 4160 1476 4197 raro
1506 4142 1784 4197 erraverit
1814 4142 2107 4196 divinalio.

468 4247 548 4295 Ac
610 4240 764 4294 sicut
809 4234 1120 4290 aediﬁcium
1174 4233 1357 4285 ﬁrmis
1408 4231 1665 4285 innitens
1715 4230 2111 4285 fundamentis

471 4334 591 4384 stat
656 4328 1072 4381 inconcussum
1138 4322 1414 4375 adversus
1479 4324 1683 4373 ventos
1749 4319 2110 4388 imbresque;

470 4418 622 4472 sicut
652 4417 833 4478 navis,
868 4410 1064 4467 carina
1094 4409 1303 4464 subtus
1334 4406 1541 4476 solida,
1574 4406 1852 4461 lateribus
1903 4406 2111 4463 validis

2228 3270 2361 3325 facti
2414 3269 2622 3339 gratia,
2656 3274 2711 3322 te
2761 3268 3136 3322 manifestum
3186 3274 3275 3322 est
3319 3267 3455 3321 fore.
3491 3266 3619 3320 Haec
3669 3262 3761 3333 est
3811 3268 3865 3320 in

2224 3374 2351 3412 eam
2384 3357 2734 3411 sententiam
2766 3355 2881 3410 alia
2928 3356 3116 3410 locuto
3171 3356 3360 3410 Perzoi
3410 3354 3640 3425 aperuit
3690 3356 3872 3410 Indus

2224 3447 2456 3518 sapiens
2489 3462 2767 3500 arcanum
2818 3461 3081 3500 muscum
3124 3461 3328 3512 suum;
3363 3445 3443 3499 ibi
3475 3443 3571 3497 ille
3600 3460 3740 3497 cum
3776 3445 3876 3497 bas

2225 3534 2663 3589 dissertationes
2714 3532 3049 3604 quindecim
3108 3531 3602 3604 gymnosophistae
3661 3531 3879 3586 veteris

2225 3623 2293 3677 ad
2344 3639 2537 3692 regem
2589 3619 3066 3686 Abessalomum,
3117 3626 3245 3674 tum
3296 3619 3409 3673 alia
3457 3624 3699 3673 strenue
3750 3636 3879 3687 quae

2221 3711 2404 3765 voluit
2433 3710 2740 3780 exscripsit
2779 3708 3024 3763 istorum
3057 3708 3269 3762 Indicae
3314 3706 3617 3777 sapientiae
3664 3724 3880 3762 monu-

2225 3804 2576 3852 mentorum.
2609 3796 2849 3852 lnterim
2878 3801 3067 3850 autem
3100 3795 3345 3867 pecunia
3375 3811 3553 3864 quam
3588 3795 3878 3849 attulerat

2222 3904 2252 3941 e
2284 3887 2518 3940 Perside
2551 3887 2727 3940 ferme
2750 3887 2874 3954 jam
2898 3900 3173 3955 expensa,
3198 3883 3423 3937 remisit
3453 3899 3518 3937 eo
3552 3884 3743 3937 ﬁdum
3780 3884 3879 3938 ho-

2224 3974 2468 4038 minem,
2495 3974 2594 4044 qui
2628 3975 2745 4043 regi
2768 3976 3108 4027 Anasurano
3142 3972 3458 4038 nuntiaret,
3484 3972 3727 4042 magnis
3760 3978 3880 4027 tan-

2222 4064 2351 4117 dem
2404 4062 2705 4116 laboribus
2738 4078 2799 4116 se
2832 4060 3125 4132 peregisse
3174 4062 3330 4131 quod
3374 4061 3639 4130 jusserat
3678 4078 3692 4115 :
3730 4061 3875 4115 rela-

2222 4155 2418 4203 turum
2453 4150 2563 4219 ipsi
2611 4150 2811 4203 statim
2864 4166 2989 4220 quaa
3045 4149 3303 4219 optabat,
3338 4148 3437 4203 ubi
3484 4147 3772 4203 viaticum
3807 4150 3872 4201 ad

2222 4238 2470 4293 reditum
2505 4238 2866 4308 suppeditari
2909 4236 3020 4292 sibi
3058 4238 3412 4291 mandasset.
3442 4241 3630 4290 Laetus
3666 4237 3872 4292 nuntio

2220 4343 2319 4381 rex
2352 4343 2464 4381 non
2498 4324 2687 4379 solum
2722 4328 2873 4396 quod
2921 4326 3229 4397 petebatur
3273 4324 3697 4380 liberalissime
3738 4325 3873 4380 sub-

2220 4416 2402 4481 misit,
2430 4415 2529 4469 sed
2564 4413 2808 4468 redditis
2838 4413 3282 4468 humanissimis
3311 4412 3526 4467 litteris
3547 4429 3734 4482 quam
3768 4412 3871 4467 sibi

471 4522 540 4561 ex
572 4508 697 4559 arte
728 4501 942 4557 affabre
983 4496 1541 4568 compactairesistit
1588 4494 1759 4549 iratis
1814 4494 2119 4560 ﬂuctibus;

2232 4508 2457 4576 gratum
2492 4519 2557 4557 ac
2583 4503 2916 4571 jucundum
2944 4501 3231 4557 accideret
3262 4501 3490 4556 Perzois
3520 4501 3865 4572 obsequium

470 4594 554 4648 sic
602 4590 799 4662 opinio
850 4605 919 4643 ex
968 4586 1237 4657 prudenti
1288 4584 1719 4654 comparatione
1772 4588 2113 4652 matureque

472 4679 854 4736 aestimatione
886 4677 1188 4747 signorum
1222 4673 1279 4726 in
1314 4689 1495 4727 unum
1531 4689 1596 4726 ex
1632 4672 1858 4725 diverso
1889 4673 2115 4742 conspi-

473 4769 728 4825 rantium
762 4765 1042 4836 plurium,
1064 4773 1216 4817 recte
1240 4760 1644 4815 ratiocinantis
1671 4759 1866 4815 animo
1889 4759 2111 4827 innata,

471 4856 708 4928 coargui
736 4872 851 4908 non
885 4853 1082 4918 timet;
1111 4850 1250 4921 quin
1278 4849 1583 4903 verissima
1614 4848 1957 4919 plerumque
1990 4849 2116 4919 ipsa

470 4945 838 5001 consciorum
907 4940 1273 4995 confessione
1355 4937 1799 5006 comprobatur;
1879 4954 1983 4993 nec
2062 4943 2115 4993 te

472 5050 643 5107 porro
677 5031 955 5104 pmniteat
992 5030 1205 5083 habere
1238 5041 1327 5080 me
1358 5025 1644 5079 arbitrum
1700 5024 1969 5095 ancipitis
2018 5044 2111 5081 ar-

471 5122 631 5189 cani;
666 5124 899 5174 tantum
947 5116 1155 5169 absum
1188 5131 1221 5167 a
1252 5112 1573 5167 deserendo
1603 5116 1681 5174 te,
1716 5116 1780 5164 ut
1827 5112 2113 5184 particeps

469 5210 651 5279 hujus
679 5208 763 5263 tui
788 5204 1183 5277 quodcunque
1214 5204 1301 5255 est
1332 5198 1599 5255 criminis
1619 5198 1770 5252 ultro
1800 5198 1924 5253 ﬁeri
1955 5202 2111 5257 festi-

471 5316 624 5355 nem.
659 5298 773 5365 Sic,
803 5296 1064 5364 inquam,
1098 5290 1344 5357 decrevi,
1387 5305 1621 5344 omnem
1671 5289 1930 5345 conferre
1972 5307 2111 5362 ope-

470 5400 618 5453 ram,
647 5402 719 5441 ne
752 5384 878 5439 vitae
912 5381 1151 5453 quidem
1192 5396 1258 5434 ac
1290 5378 1463 5447 capiti
1512 5378 1824 5448 parcendo,
1858 5394 1973 5445 quo
2004 5380 2112 5435 tibi

470 5476 770 5546 contingat
822 5473 881 5526 id
929 5470 1084 5543 quod
1116 5472 1302 5539 optas.
1338 5466 1551 5521 Verum
1605 5466 1676 5524 ad
1727 5466 1833 5520 hoc
1877 5484 2112 5525 necesse

470 5580 708 5636 prorsus
739 5567 875 5617 ante
899 5558 1095 5615 omnia
1118 5561 1226 5625 est,
1261 5561 1325 5610 ut
1355 5555 1732 5609 intendamus
1762 5560 2004 5627 uterque
2030 5558 2111 5611 di-

467 5650 771 5722 ligentiam
824 5646 1063 5716 latendi,
1098 5644 1638 5714 sollicitissimeque
1686 5660 1993 5700 caveamus
2040 5664 2111 5703 ne

2223 4592 2442 4664 prolixe
2473 4590 2819 4656 declaravit;
2852 4596 2977 4645 tum
3011 4590 3126 4645 Deo
3176 4590 3397 4662 gratias
3448 4606 3657 4660 agens,
3684 4596 3742 4645 et
3768 4590 3863 4653 sibi

2223 4679 2549 4752 gratulans,
2583 4679 2927 4734 hortabatur
2959 4684 3023 4733 ut
3062 4680 3250 4750 quoad
3302 4694 3408 4733 suo
3459 4679 3773 4733 commodo
3805 4677 3864 4730 li-

2225 4774 2399 4835 ceret,
2432 4772 2754 4822 maturarct
2795 4767 3044 4821 reditum
3097 4767 3156 4821 in
3204 4765 3476 4837 patriam,
3510 4764 3611 4819 ubi
3646 4781 3779 4820 eum
3808 4764 3867 4816 ﬁ-

2225 4856 2371 4911 delis
2402 4873 2587 4926 operae
2620 4856 2855 4926 prmmia
2888 4859 3208 4910 manerent.

2296 4944 2449 4997 VIII.
2493 4944 2895 5011 Hacherzoes
2942 4942 3094 4997 lecta
3141 4941 3410 5013 epistola,
3444 4941 3757 4996 confestim
3809 4954 3864 4993 se

2226 5033 2323 5086 dat
2354 5031 2411 5084 in
2442 5031 2616 5100 viam,
2648 5047 2713 5085 ac
2744 5047 2870 5086 eam
2908 5030 3154 5085 feliciter
3183 5046 3476 5097 emensus,
3511 5029 3862 5083 incolumem

2225 5136 2287 5175 se
2316 5120 2473 5174 sistit
2501 5118 2775 5185 Cbosroi;
2817 5119 2920 5189 qui
2950 5118 3186 5190 quantis
3224 5119 3421 5189 ipsum
3454 5114 3865 5172 benevolentia:

2225 5206 2753 5279 signiﬁcationibus
2782 5206 3095 5278 exceperit,
3121 5207 3279 5260 haud
3312 5205 3481 5261 facile
3513 5205 3590 5260 sit
3619 5204 3863 5259 dicendo

2223 5295 2482 5367 exsequi.
2531 5294 2848 5366 Amplexus
2899 5294 3182 5350 charitate
3239 5293 3644 5349 sincerissima
3693 5292 3861 5346 redu-

2225 5401 2371 5453 cem,
2404 5384 2855 5439 commentarios
2905 5400 3080 5439 manu
3118 5387 3322 5438 tenens
3371 5398 3522 5452 quos
3571 5380 3865 5443 attulerat,

2224 5473 2411 5527 Beasti
2471 5489 2597 5541 nos,
2659 5471 2881 5542 inquit,
2937 5476 2993 5526 et
3047 5471 3163 5526 voti
3220 5475 3521 5541 compotes
3575 5468 3866 5538 antiquis-

2224 5559 2359 5615 simi
2406 5559 2645 5629 taciens,
2694 5566 2974 5615 aeternum
3007 5559 3113 5614 tibi
3162 5558 3490 5626 devinxisti,
3523 5561 3710 5611 macte
3760 5556 3869 5609 ista

2225 5647 2534 5719 industria,
2582 5647 2880 5717 ﬁdelitate,
2932 5646 3265 5719 diligentia;
3320 5645 3597 5702 dabimus
3644 5644 3716 5699 de
3762 5659 3865 5698 c2-
