4108 6294
301 339 322 390 1
332 337 436 389 225

1305 333 1661 384 SPECIMEN
1699 331 2095 382 SAPIENTIJE
2133 328 2464 382 INDORUM
2502 331 2662 380 VET.

3541 325 3679 379 1226

311 467 456 521 tero,
507 458 661 528 quod
721 473 826 511 nos
883 457 1066 523 decet,
1126 471 1382 524 operam,
1447 470 1515 507 ne
1574 453 1784 506 minori
1837 457 1935 506 tuo
1967 468 2372 532 Apannorum
2410 451 2538 522 Pagi
2575 451 2872 517 Phuistan,
2922 451 3182 521 amplum
3224 466 3353 504 eum
3402 451 3679 505 vestitum

302 551 518 613 fructu,
554 562 730 616 quam
765 549 964 598 nostra
1013 543 1329 613 voluptate,
1380 546 1608 595 tantum
1667 540 1932 594 laborum

308 641 363 690 et
390 634 784 705 periculorum
838 630 1198 686 exbauseris.
1250 629 1370 684 Sub
1422 629 1542 682 hac
1599 628 1752 683 diem
1801 645 1940 682 con—

308 723 448 777 dicit
493 726 828 792 posterum;
880 719 1052 787 cujus
1099 717 1212 771 diei
1265 721 1463 770 notata
1512 716 1656 770 hora
1703 714 1940 780 eruditi,

309 827 455 883 quos
486 810 543 863 in
574 808 850 863 comitatu
886 806 1137 860 habebat
1169 804 1471 875 plurimos,
1500 803 1943 874 omnigenaque

313 901 610 972 sapientia
660 895 1083 953 consultissimi
1149 894 1256 948 viri
1326 893 1701 950 convenirent
1757 894 1826 946 ad
1889 909 1948 946 se

313 1006 535 1052 omnes,
569 986 823 1041 audituri
858 1000 1095 1055 peregre
1127 984 1398 1038 advectos
1433 983 1636 1047 libros,
1664 982 1804 1035 dum
1836 979 1946 1033 lin-

312 1095 427 1148 gua
457 1077 712 1148 primum
745 1073 976 1129 Persica
1006 1089 1073 1127 ex
1106 1071 1327 1126 Perzois
1357 1068 1834 1140 interpretatione
1866 1085 1949 1121 re-

312 1167 652 1219 citarentur.
684 1163 1044 1231 Congregato
1088 1163 1235 1212 coetu
1282 1156 1668 1227 amplissimo,
1720 1155 1947 1210 medius

310 1253 370 1307 in
403 1253 613 1306 throno
646 1267 764 1314 rex,
797 1247 1050 1318 sumptis
1081 1247 1139 1300 in
1173 1261 1382 1299 manus
1410 1250 1465 1299 et
1496 1244 1797 1314 explicatis
1821 1244 1948 1297 Per-

312 1342 432 1396 zois
462 1337 969 1407 codicibus,jussit
989 1352 1057 1390 ex
1070 1335 1153 1389 eis
1171 1351 1205 1388 a
1223 1332 1593 1387 vocalissimo
1626 1335 1949 1401 anagnosta

312 1425 676 1500 pronuntiari
711 1441 810 1495 per
841 1424 1016 1478 horas
1056 1421 1342 1492 plurimas
1374 1420 1815 1476 dissertationes
1849 1437 1949 1490 po-

311 1516 608 1571 tissimum
636 1511 967 1583 quindecim
1002 1508 1497 1581 gymnosophista
1536 1524 1668 1562 cum
1699 1508 1950 1562 Abessa-

313 1605 468 1660 lomo
499 1619 661 1676 rege;
695 1601 1061 1655 inhiantibus
1093 1599 1256 1653 avide
1288 1598 1537 1661 cunctis,
1560 1602 1615 1652 et
1643 1597 1949 1651 veritatem

315 1699 433 1748 tam
476 1693 628 1762 aptis
686 1705 1020 1760 expressam
1082 1686 1313 1754 fabulis,
1374 1685 1656 1754 effetaque
1704 1700 1951 1740 summa

317 1782 590 1835 humana
618 1777 916 1848 sapientia
947 1775 1267 1830 bestiarum
1290 1773 1684 1828 amanissime
1715 1772 1952 1844 profusa

2054 558 2166 594 non
2201 540 2342 594 mihi
2376 541 2564 595 solum
2597 540 2954 594 indicatione
3005 539 3215 594 favoris
3264 540 3372 605 tui,
3415 541 3516 593 sed
3555 539 3682 592 uni-

2051 645 2224 683 versa
2270 645 2499 699 quoque
2555 629 2885 698 cognationi
2946 645 3087 682 mea
3148 634 3306 682 ratus
3358 629 3496 682 fore.
3544 628 3683 681 Inde

2051 732 2183 771 cum
2220 733 2396 788 quam
2419 716 2533 770 dixi
2566 717 2886 786 accepisset
2915 721 3156 771 Perzoes
3187 723 3406 771 vestem
3443 716 3688 788 regiam,

2051 806 2384 875 gratiasque
2414 805 2627 859 iterum
2680 805 3159 874 exquisitissimis
3208 805 3421 876 egisset
3471 805 3684 872 verbis,

2052 898 2259 948 cuncta
2287 892 2337 947 ei
2370 909 2642 963 prospera
2677 895 2987 964 faustaque
3041 911 3073 947 a
3120 893 3234 947 Deo
3279 909 3680 963 comprecans,

2053 981 2475 1035 demississime
2507 981 2874 1051 signiﬁcavit,
2909 981 3067 1035 aliud
3119 982 3420 1051 quidpiam
3463 980 3685 1035 deside-

2058 1086 2184 1123 rare
2216 1086 2275 1123 se
2307 1086 2340 1122 a
2387 1069 2693 1138 majestate
2742 1070 2890 1138 ejus,
2941 1085 3055 1122 non
3107 1068 3359 1134 difﬁcile,
3419 1085 3522 1122 nec
3573 1085 3690 1122 ma-

2056 1174 2234 1228 gnum
2273 1175 2284 1212 :
2315 1159 2491 1226 quod,
2528 1157 2576 1210 si
2606 1173 2708 1227 per
2737 1174 2870 1210 eum
2908 1157 3123 1224 liceret,
3158 1157 3432 1211 continuo
3477 1174 3689 1228 propo-

2054 1249 2230 1298 neret.
2270 1245 2464 1298 Dicere
2490 1246 2715 1314 jussus,
2749 1245 2999 1314 subjecit
3031 1262 3042 1298 :
3079 1247 3376 1314 Cuperem,
3427 1245 3685 1310 domine,

2053 1338 2115 1386 ut
2147 1334 2431 1402 imperare
2481 1332 2805 1403 dignareris
2855 1333 3122 1402 scriptori
3173 1337 3270 1386 tuo
3323 1333 3478 1403 regio
3534 1337 3690 1386 Pert-

2050 1421 2451 1485 zetzemchari,
2484 1420 2602 1475 ﬁlio
2635 1420 3024 1486 Paschetices,
3058 1425 3121 1474 ut
3142 1437 3273 1475 cum
3307 1421 3522 1475 librum
3547 1438 3691 1476 ame

2054 1509 2309 1563 delatum
2343 1525 2410 1562 ex
2437 1509 2604 1563 India
2635 1509 2975 1579 Persiceque
3026 1525 3280 1577 versum,
3333 1526 3484 1579 mox,
3521 1515 3691 1579 prout

2044 1597 2168 1666 jam
2194 1597 2452 1667 jussisti,
2486 1597 2618 1651 edet
2649 1597 2705 1650 in
2739 1596 2929 1651 lucem
2982 1598 3296 1666 publicam,
3343 1615 3690 1652 commemo-

2055 1689 2141 1739 ret
2191 1685 2248 1737 in
2297 1687 2486 1740 fronte
2529 1685 2724 1755 operis
2785 1685 3130 1739 nominatim
3194 1686 3294 1756 qui
3349 1687 3482 1752 sim,
3537 1687 3690 1741 unde

2058 1781 2238 1842 ortus,
2275 1774 2440 1843 cujus
2469 1778 2636 1828 secta
2688 1790 2752 1828 ac
2806 1773 3005 1841 studii,
3060 1778 3350 1843 postremo
3402 1780 3689 1844 quantum

316 1868 557 1938 linguis,
610 1834 1001 1936 pulcherrimo
1059 1865 1282 1917 intextu
1347 1862 1636 1933 peregrini
1694 1834 1946 1926 artiﬁcii,
1981 1834 2026 1896 Β
2060 1834 2449 1916 contentionis
2483 1861 2540 1914 in
2574 1861 2681 1914 hoc
2720 1866 2819 1915 tuo
2867 1834 3141 1915 mandato
3194 1834 3560 1933 defungendo
3593 1880 3686 1917 ex-

317 1953 585 2010 concordi
618 1952 1049 2008 celebrantibus
1080 1951 1385 2021 applausu.
1429 1951 1490 2004 In
1523 1951 1791 2020 digressu
1819 1965 1949 2020 gra-

318 2043 542 2098 vissimi
575 2042 792 2112 quique
825 2044 1160 2095 senatorum
1214 2055 1426 2093 manus
1483 2038 1542 2092 in
1591 2036 1802 2092 coelum
1836 2034 1948 2090 tol-

319 2131 534 2196 lebant,
566 2127 925 2198 gratulantes
952 2127 1215 2193 Numini,
1248 2126 1402 2195 quod
1433 2125 1548 2179 ista
1577 2124 1699 2194 regi
1727 2127 1948 2188 mente,

319 2222 428 2275 isto
461 2218 658 2274 Perzoi
686 2217 880 2272 studio
913 2231 1308 2284 successuque
1339 2214 1508 2284 capti
1558 2211 1814 2267 difﬁcilis
1845 2212 1949 2265 do-

321 2308 531 2371 nando,
561 2305 710 2359 diem
745 2305 980 2357 demum
1017 2301 1353 2356 illucescere
1386 2300 1782 2356 felicissimam
1816 2315 1950 2354 con-

319 2395 589 2450 cessisset
620 2392 866 2457 Persidi,
901 2391 1080 2445 tantis
1109 2394 1310 2444 extera
1335 2387 1632 2458 sapientia
1657 2387 1950 2441 thesauris

315 2485 448 2553 jure
478 2483 750 2550 deinceps
781 2477 1132 2550 gloriatura.
1182 2478 1332 2531 Hinc
1380 2475 1643 2529 conversi
1693 2475 1764 2529 ad
1817 2480 1950 2528 Per—

324 2587 505 2634 zoem,
535 2569 760 2623 nullum
793 2567 1082 2621 faciebant
1113 2565 1285 2619 ﬁnem
1338 2562 1560 2634 ingenii
1591 2561 1716 2632 eius
1751 2563 1951 2616 facun-

326 2658 571 2727 diaque,
601 2673 667 2711 ac
697 2656 752 2709 in
786 2655 964 2711 tantis
997 2653 1272 2724 periculis
1303 2650 1954 2716 contemnendis,feren-

329 2747 418 2799 dis
447 2745 769 2810 laboribus,
827 2741 1186 2796 fortitudinis
1245 2741 1700 2808 constantiaque
1755 2737 1955 2808 pradi-

330 2833 523 2886 canda
553 2850 568 2899 ;
600 2847 714 2902 quo
745 2830 976 2884 aiebant
1005 2829 1236 2884 nomine
1265 2827 1514 2898 patriam
1541 2826 1655 2898 ipsi
1686 2842 1854 2880 suam
1875 2825 1953 2878 im

332 2917 595 2973 mortalis
648 2916 907 2972 beneﬁcii
955 2931 1186 2987 semper
1246 2914 1583 2971 debitricem
1655 2915 1794 2968 fore.
1841 2913 1956 2966 Rex

328 3009 475 3078 ipse,
508 3006 662 3060 haud
695 3021 821 3059 sese
845 3005 970 3074 jam
1001 3005 1256 3074 capiens,
1290 3004 1469 3075 pandi
1517 3002 1831 3074 apothecas
1863 3016 1954 3054 re-

327 3096 554 3167 giarum
588 3109 761 3163 opum
784 3093 986 3162 jussit,
1020 3093 1314 3164 ductoque
1345 3108 1544 3146 secum
1578 3091 1729 3145 intro
1761 3087 1956 3144 Perzoi

2055 1949 2370 2004 hauserim.
2397 1950 2472 2003 Eo
2506 1950 2736 2017 cognito
2770 1949 2995 2004 Perzois
3025 1956 3155 2004 voto
3185 1967 3282 2005 rex
3313 1956 3367 2004 et
3422 1968 3688 2021 proceres

2055 2053 2393 2108 generosam
2427 2038 2554 2106 ejus
2589 2037 2935 2108 sapientiam
2971 2055 3301 2108 suspexere,
3345 2040 3443 2109 qui
3475 2040 3686 2110 opibus

2055 2142 2121 2179 ac
2151 2124 2392 2195 pecunia
2423 2125 2793 2195 contemptis,
2837 2129 3115 2179 aternum
3168 2127 3344 2182 decus
3389 2127 3686 2182 immorta-

2054 2213 2127 2267 lis
2157 2213 2354 2281 gloria
2389 2229 2569 2266 unum
2603 2214 2941 2268 intueretur.
2984 2215 3170 2277 Quare
3224 2215 3420 2269 statim
3455 2216 3502 2269 ei
3539 2233 3636 2269 rex
3667 2233 3679 2270 :

2055 2302 2322 2364 Dabitur,
2351 2318 2421 2355 ne
2453 2301 2674 2368 dubita,
2709 2303 2861 2371 quod
2913 2303 3060 2371 petis
3113 2320 3125 2356 :
3170 2304 3456 2372 jussoque
3498 2305 3686 2358 confe-

2058 2390 2194 2443 stim
2228 2389 2397 2442 acciri
2429 2388 2963 2454 Pertzetzemcbari,
2998 2389 3192 2458 Vides,
3227 2391 3326 2459 ait,
3363 2392 3518 2446 hunc
3550 2392 3684 2446 Per-

2059 2492 2237 2545 zoem,
2271 2475 2428 2529 nosti
2472 2475 2881 2545 eruditionem,
2937 2479 3285 2532 modestiam
3336 2484 3688 2550 caterasque

2057 2564 2258 2617 laudes
2290 2565 2438 2632 ejus,
2474 2579 2576 2617 nec
2609 2569 2663 2617 te
2696 2564 2843 2633 fugit
2874 2569 3159 2634 quantum
3201 2566 3260 2619 in
3312 2567 3478 2621 nobis
3509 2568 3689 2638 grati-

2060 2652 2283 2704 ﬁcando
2318 2651 2704 2720 periculorum
2732 2668 3238 2723 arumnarumque
3261 2655 3454 2709 animo
3479 2655 3692 2708 invicto

2058 2739 2303 2793 subierit
2327 2756 2339 2800 ;
2375 2744 2650 2808 praterea
2673 2744 2736 2792 ut
2768 2741 3052 2794 recusarit
3074 2741 3440 2812 amplissima
3458 2743 3696 2813 praemia

2061 2844 2186 2897 qua
2217 2827 2326 2897 ipsi
2360 2827 2791 2882 merentissimo
2825 2829 3285 2884 decreveramus.
3334 2832 3386 2885 Is
3417 2831 3694 2900 quoniam

2059 2915 2180 2969 vice
2209 2914 2688 2982 omninmiunum
2720 2921 2899 2985 optat,
2935 2920 2999 2970 ut
3028 2915 3178 2972 libro
3200 2934 3372 2988 quem
3404 2923 3492 2973 est
3517 2919 3695 2975 inter-

2061 3007 2322 3075 pretatus
2367 3003 2664 3074 specimen
2719 3004 2996 3058 Indorum
3048 3005 3345 3076 sapientia
3395 3007 3696 3078 praebenti,

2063 3107 2274 3145 nomen
2306 3090 2495 3160 ipsius
2525 3107 2659 3145 cum
2696 3091 2988 3146 mentione
3020 3109 3205 3163 opera
3246 3094 3402 3149 circa
3426 3111 3555 3150 eum
3590 3113 3696 3150 na-

322 3181 706 3252 jurejurando
738 3179 1103 3234 conﬁrmavit
1131 3180 1460 3234 condonare
1497 3195 1560 3233 se
1589 3177 1702 3248 ipsi
1732 3193 1798 3232 ac
1822 3177 1956 3246 jure
1987 3180 2030 3246 (ζ
2067 3185 2234 3242 vata,
2269 3183 2394 3232 tum
2426 3182 2640 3233 catera
2667 3179 2794 3248 ejus
2826 3179 3147 3251 disciplina
3188 3198 3253 3236 ac
3283 3182 3410 3236 vita
3441 3182 3699 3238 instituti

324 3273 444 3341 jam
480 3285 634 3324 nunc
666 3284 844 3339 quam
875 3267 1091 3338 optimo
1151 3268 1452 3338 proprium
1502 3268 1730 3320 tradere
1787 3265 1956 3335 quid-

329 3358 470 3430 quid
503 3373 568 3411 ac
607 3346 898 3427 quantum
948 3355 1083 3410 inde
1130 3355 1345 3421 vellet;
1394 3353 1652 3424 eligeret,
1709 3357 1960 3424 caperet,

333 3445 496 3500 nulla
524 3442 894 3510 verecundia,
940 3441 1102 3496 nulla
1149 3442 1507 3514 parcimonia
1564 3443 1799 3496 domum
1860 3457 1963 3494 au-

341 3536 532 3598 ferret,
566 3549 594 3586 e
646 3530 992 3586 clarissimis
1043 3529 1160 3584 illis
1208 3530 1477 3599 gemmis,
1526 3545 1555 3584 e
1609 3528 1967 3599 pretiosissi-

340 3622 452 3676 mis
485 3622 692 3690 pannis
724 3635 865 3673 auro
888 3619 1064 3673 textis
1093 3623 1150 3673 et
1178 3618 1376 3683 blatta,
1413 3617 1771 3688 reliquisque
1795 3616 1968 3687 regia

339 3726 488 3781 gaza
519 3709 808 3763 immensa
837 3705 956 3760 illic
988 3706 1152 3776 copia
1181 3711 1465 3777 congesta
1497 3705 1735 3760 divitiis.

412 3832 501 3886 IX.
548 3835 702 3885 Tunc
753 3830 1062 3901 procidens
1112 3845 1303 3884 coram
1351 3844 1482 3898 rege
1544 3827 1969 3883 demississime

341 3924 580 3975 Perzoes
631 3937 644 3974 :
695 3918 947 3988 Accipio,
1000 3917 1097 3981 ait,
1143 3916 1398 3982 domine,
1446 3915 1622 3969 istum
1682 3915 1964 3984 animum,

341 4009 496 4062 istud
531 4008 600 4061 de
632 4023 724 4060 me
748 4005 1062 4075 judicium,
1095 4020 1160 4059 eo
1192 4003 1430 4075 gratiori
1463 4003 1636 4056 animi
1671 4021 1868 4070 sensu,
1903 4021 1966 4058 eo

341 4096 634 4164 dcjectiori
685 4094 1068 4152 veneratione.
1122 4109 1232 4161 quo
1280 4093 1467 4161 magis
1518 4108 1647 4146 sum
1699 4094 1968 4147 conscius

341 4184 485 4238 nihil
518 4183 727 4252 egisse.
762 4188 862 4236 aut
911 4181 1172 4250 potuisse
1223 4197 1312 4234 me
1343 4198 1456 4251 quo
1494 4180 1673 4234 tantis
1723 4199 1756 4235 a
1807 4198 1970 4235 sacra

339 4277 441 4326 tua
471 4272 776 4340 majestate
817 4269 1104 4323 cumulari
1153 4268 1444 4323 favoribus
1495 4285 1765 4324 mererer.
1820 4270 1968 4322 Laus

341 4376 408 4414 ea
439 4376 599 4413 mera
624 4364 713 4413 est
745 4357 1188 4412 humanissima
1220 4357 1577 4428 dignationis
1625 4362 1757 4426 tua,
1792 4373 1968 4427 quam

345 4448 484 4518 quia
532 4447 887 4502 remunerari
938 4445 1106 4500 aliter
1156 4462 1330 4515 quam
1381 4447 1528 4501 votis
1578 4461 1824 4515 nequeo,
1869 4463 1968 4498 su-

343 4552 610 4605 premum
660 4534 786 4589 cali
832 4538 1118 4604 terraque
1166 4533 1476 4588 Dominum
1532 4535 1792 4604 impense
1841 4550 1972 4602 pre-

341 4640 437 4679 cor
468 4629 533 4678 ut
562 4628 618 4678 te
651 4622 971 4676 maximum
1018 4637 1210 4692 regem
1243 4626 1299 4676 et
1343 4621 1401 4676 in
1435 4623 1542 4678 hac
1597 4623 1714 4676 vita
1771 4625 1974 4693 pergat

342 4711 502 4767 omni
535 4709 916 4783 prosperitate
948 4710 1264 4775 fortunare,
1310 4714 1368 4765 et
1411 4709 1469 4764 in
1520 4710 1718 4765 futuro
1765 4708 1972 4764 saculo

343 4801 699 4871 sempiterna
728 4801 962 4854 coronet
1000 4797 1204 4869 gloria.
1238 4798 1401 4863 Quod
1465 4798 1535 4852 ad
1569 4798 1682 4852 ista
1725 4798 1977 4869 pertinet

343 4905 468 4958 qua
502 4887 831 4958 largissime
862 4886 1034 4942 offers
1064 4886 1304 4956 indigno
1335 4890 1392 4941 et
1423 4884 1614 4939 inutili
1649 4889 1749 4939 tuo
1786 4902 1973 4952 servo,

347 4976 534 5045 liceat,
568 4992 785 5045 quaso,
819 4991 920 5045 per
951 4981 1006 5028 te
1038 4973 1202 5038 mihi,
1235 4990 1332 5028 rex
1365 4972 1974 5040 illustrissime,libere

345 5064 508 5119 fateri
542 5080 633 5117 me
665 5063 735 5117 iis
768 5079 882 5117 non
917 5063 1200 5133 indigere.
1249 5062 1492 5116 Abunde
1540 5061 1756 5132 quippe
1803 5067 1976 5133 atque

346 5150 534 5205 instar
561 5151 826 5206 omnium
859 5155 1020 5204 tuam
1054 5165 1181 5204 esse
1216 5149 1358 5203 mihi
1388 5148 1634 5221 gratiam
1688 5153 1744 5203 et
1781 5149 1975 5221 splen-

341 5240 541 5293 dorem
577 5239 1000 5293 redundantem
1034 5238 1091 5291 in
1121 5253 1213 5292 me
1234 5253 1534 5292 summum
1562 5251 1628 5290 ex
1654 5241 1772 5290 tam
1795 5237 1974 5292 hono-

343 5326 502 5380 riﬁco
536 5327 860 5396 majestatis
891 5327 961 5380 de
992 5342 1085 5379 me
1116 5329 1226 5380 tua
1267 5324 1605 5380 testimonio
1665 5340 1730 5378 ac
1779 5341 1976 5380 sensu.

342 5413 422 5470 Ne
456 5418 654 5469 tamen
685 5413 884 5468 videar
915 5413 1135 5484 regiam
1168 5414 1345 5468 istam
1369 5417 1532 5467 tuam
1565 5411 1977 5467 liberalitatem

340 5518 634 5572 spernere,
669 5505 768 5556 aut
800 5517 1069 5557 recusare
1102 5501 1158 5555 in
1193 5518 1302 5556 are
1331 5505 1432 5556 tuo
1489 5515 1636 5567 esse,
1697 5515 1880 5554 unum
1914 5515 1982 5554 ex

346 5589 468 5644 suis
526 5589 1124 5661 magniﬁcentissimis
1175 5589 1422 5645 admitto
1471 5587 1662 5659 donis,
1707 5587 1980 5644 volumen

621 5709 889 5769 Parant.
937 5707 1048 5768 Ga.
1093 5706 1337 5769 CXLIII

2072 3268 2484 3336 praeﬁgeretur,
2516 3265 2787 3320 volumus
2817 3266 2985 3322 illum
3027 3268 3350 3339 aquissimi
3382 3269 3561 3340 hujus
3584 3271 3701 3327 voti

2073 3371 2174 3424 per
2204 3358 2258 3407 te
2289 3353 2507 3424 prolixe
2529 3359 2856 3424 compotem
2877 3355 3019 3411 ﬁeri.
3055 3359 3249 3426 Itaque
3273 3363 3557 3429 quantum
3583 3366 3700 3415 arte

2075 3442 2463 3512 facundiaque
2505 3441 2686 3510 vales,
2736 3443 2823 3497 fac
2870 3443 2927 3497 in
2978 3461 3043 3498 eo
3088 3452 3454 3517 argumento,
3482 3448 3702 3520 talique

2075 3527 2196 3581 viro
2229 3534 2398 3596 prout
2427 3534 2516 3583 est
2542 3530 2755 3600 dignus
2786 3533 3136 3600 exornaudo,
3160 3537 3346 3589 totum
3379 3551 3703 3606 expromas;

2076 3616 2132 3669 id
2161 3621 2604 3672 consecuturus.
2640 3623 2702 3672 ut
2732 3619 2961 3673 laudem
3008 3621 3184 3675 etiam
3233 3621 3360 3692 ipse
3410 3627 3704 3694 propriam

2076 3721 2144 3758 ex
2175 3705 2360 3758 alieno
2392 3709 2651 3775 reportes
2683 3707 3036 3772 encomio,et
3068 3713 3241 3765 tanta
3274 3711 3511 3767 virtutis
3533 3715 3707 3784 digne

2077 3793 2493 3846 commendata
2528 3793 2804 3861 splendor
2842 3795 2900 3848 in
2946 3801 3109 3851 tuam
3157 3815 3389 3870 quoque
3423 3802 3708 3856 redundet

2076 3879 2420 3935 claritatem.
2455 3880 2605 3934 Vade
2637 3896 2761 3950 age,
2795 3881 3067 3937 incumbe
3098 3886 3153 3937 in
3179 3902 3327 3956 opus
3360 3887 3485 3942 sine
3519 3907 3701 3943 mora:

2077 3973 2134 4022 et
2165 3968 2341 4022 simul
2374 3969 2554 4023 istum
2588 3970 3002 4040 panegyricum
3065 3972 3519 4044 elucubraveris,
3571 3994 3702 4031 cer-

2079 4057 2253 4108 tiores
2305 4071 2409 4108 nos
2455 4058 2578 4120 fac;
2633 4055 2817 4124 placet
2870 4057 3020 4110 enim
3078 4059 3243 4112 nobis
3313 4061 3419 4114 hoc
3470 4063 3596 4132 ipso
3646 4065 3702 4117 in

2081 4149 2252 4206 cretu,
2282 4144 2430 4211 quod
2464 4143 2765 4212 scripseris
2793 4150 2928 4199 ante
2986 4146 3298 4200 editionem
3348 4151 3605 4219 recitari,
3641 4159 3705 4204 ut

2080 4233 2311 4285 eosdem
2345 4233 2440 4298 qui
2472 4231 2696 4285 Perzois
2717 4234 3062 4287 industriam
3088 4236 3499 4306 ingeniumque
3523 4239 3706 4293 ditau-

2081 4321 2313 4385 darunt,
2348 4326 2521 4390 grata
2569 4327 2778 4374 nostra
2831 4321 2888 4374 in
2936 4339 3067 4375 eum
3118 4322 3454 4393 voluntatis,
3488 4333 3713 4396 tuaque

2079 4407 2266 4477 ipsius
2299 4408 2355 4460 in
2391 4408 2556 4462 nobis
2587 4410 2960 4478 obsequendo
2993 4409 3306 4480 diligentia
3335 4413 3710 4483 eloquentia.-

2007 4533 2052 4593 Β
2083 4513 2192 4566 que
2215 4500 2392 4550 testes
2425 4496 2763 4551 habeamus.

2151 4621 2212 4674 Χ.
2246 4620 2495 4674 Adorato
2544 4619 3038 4676 Pertzetzemchar
3086 4622 3422 4681 humillima
3473 4642 3714 4684 venera-

2081 4706 2237 4761 tione
2268 4721 2420 4778 rege,
2457 4707 2748 4763 facturum
2779 4723 2841 4762 se
2871 4710 3027 4778 quod
3061 4717 3431 4784 praceperat,
3463 4715 3714 4785 recepit;

2083 4812 2147 4850 ac
2180 4799 2385 4849 Perzoe
2416 4795 2604 4849 denuo
2637 4795 2909 4868 prolapso
2931 4797 3001 4852 ad
3036 4799 3210 4868 pedes
3242 4799 3534 4871 Cbosrois,
3575 4819 3715 4874 gra—

2080 4883 2180 4937 tiis
2229 4882 2530 4949 iterandis,
2579 4885 2906 4955 exindeque
2973 4891 3241 4943 venerato
3299 4895 3602 4946 senatores
3652 4909 3717 4946 ac

2082 4970 2234 5025 viros
2266 4970 2558 5041 principes
2590 4977 2823 5027 caeteros
2845 4990 3049 5029 omnes
3080 4976 3177 5045 qui
3211 4978 3718 5045 aderant,solutus

2085 5064 2401 5114 conventus
2451 5065 2556 5115 est.
2631 5064 2696 5115 At
2770 5064 3263 5119 Pertzetzemchar
3328 5066 3538 5121 eximio
3614 5084 3719 5122 suo

2086 5148 2320 5217 ingenio
2353 5165 2418 5203 ac
2454 5148 2726 5204 facultate
2757 5150 3046 5206 scribendi
3070 5153 3344 5222 praclara
3381 5155 3720 5226 complexus

2088 5237 2488 5307 prascriptum
2522 5244 2959 5308 argumentum,
2993 5240 3313 5297 orationem
3355 5243 3719 5298 elucubravit

2090 5324 2558 5392 disertissimam,
2611 5342 2727 5396 qua
2799 5329 3051 5396 Perzois,
3123 5330 3193 5383 ab
3263 5331 3408 5400 ipsis
3483 5349 3724 5388 exorsus

2091 5411 2298 5482 primis
2348 5413 2673 5484 originibus
2719 5431 2782 5469 ac
2833 5416 3193 5486 crepundiis,
3246 5433 3454 5488 genus,
3509 5425 3727 5490 ortum,

2092 5500 2282 5572 prima
2313 5502 2527 5571 studia,
2572 5519 2784 5573 mores,
2838 5509 3011 5572 artes,
3062 5522 3254 5572 sensu,
3307 5510 3727 5578 professionem

2093 5604 2185 5643 res
2215 5593 2432 5660 gestas,
2467 5606 2655 5661 usque
2683 5592 2755 5646 ad
2787 5594 3314 5664 peregrinationem
3341 5596 3450 5667 ipsi
3486 5600 3724 5653 manda-

3372 5717 3448 5776 39
