4060 6304
1923 302 2031 353 AP]

2142 302 2308 356 lDIX.
3689 300 3857 356 1228

418 413 559 474 tam,
595 415 651 465 et
687 411 911 467 felicem
946 414 1195 469 reditum
1229 432 1293 471 ex
1327 417 1509 485 India,
1558 418 1898 489 plenissime
1956 439 2050 476 or-
2082 426 2136 489 Α
2165 424 2363 481 tulans
2396 427 2505 481 sibi
2541 444 2638 482 rex
2670 444 2945 484 successu
2977 443 3204 499 quaiem
3237 431 3535 497 optaverat
3560 426 3853 482 manda-

424 497 852 570 natissimeque
901 502 1229 556 celebravit.
1282 505 1405 560 Non
1458 512 1546 560 est
1594 509 1745 578 apud
1800 526 1905 564 nos
1932 511 2057 579 ejus
2164 518 2352 568 tarum
2386 533 2419 569 a
2449 533 2510 570 se
2547 533 2763 585 rerum,
2801 497 3327 589 pandi—thesauros
3358 516 3544 586 regios
3586 516 3848 569 iterum

421 587 615 656 operis
646 588 832 658 copia.
876 590 1073 660 Neque
1120 593 1275 646 enim
1329 593 1495 648 illum
1532 598 1717 651 Arabs
1774 598 2058 671 interpres
2157 600 2361 669 jussit,
2394 604 2736 679 eductisque
2766 587 2900 675 inde
2932 621 3144 675 magna
3173 605 3225 658 vi
3268 603 3396 658 auri
3427 620 3490 658 ac
3536 619 3847 675 gemma-

419 690 593 745 quem
628 675 820 730 Graece
850 681 1246 748 expressimus
1278 682 1335 734 in
1387 684 1651 738 versione
1695 702 1802 739 sua
1832 695 2045 757 posun.
2165 705 2289 743 rum
2322 690 2593 763 immensi
2632 675 2820 765 pretii,
2848 699 2974 747 tum
3006 693 3185 747 vestis
3216 692 3460 747 attalice
3488 692 3843 763 speciosis-

428 769 751 820 Possumus
801 772 995 822 tamen
1045 772 1171 839 ejus
1229 772 1579 827 desiderium
1628 774 1863 844 aequiori
1912 776 2055 830 ferre
2162 776 2324 845 simae
2368 796 2610 849 numero
2644 781 2887 853 ingenti,
2920 780 3500 851 Pretzetzemcharem
3546 797 3658 851 pro
3719 797 3840 835 na-

422 853 797 926 animo,quod
836 858 1137 912 materiam
1164 875 1227 912 ac
1252 861 1726 931 f'eresententiam
1749 866 1877 932 ejus
1898 881 2055 918 com-
2161 868 2296 918 veta
2327 866 2577 923 fideliter
2607 884 2781 941 opera
2822 873 3163 939 muneratus
3212 873 3302 925 est
3349 868 3592 923 Perzoes
3650 869 3833 938 regis

416 942 685 996 mentarii
718 946 925 1014 partim
960 945 1017 998 in
1052 946 1158 1001 hac
1191 963 1365 1017 quam
1400 965 1466 1002 ex
1491 952 1885 1006 monumentis
1911 951 2052 1005 hau-
2162 950 2220 1005 in
2254 969 2380 1008 sese
2412 956 2691 1029 benelicia
2722 956 2881 1011 omni
2913 973 3018 1025 sua
3049 961 3221 1010 etiam
3268 957 3652 1025 praedicandi,
3718 974 3837 1010 ne-

421 1027 609 1082 simus
641 1030 887 1086 Persicis
918 1032 1159 1089 historia
1192 1037 1614 1107 deportationis
1640 1056 1707 1093 ex
1741 1041 1903 1094 India
1934 1042 2053 1094 dis-
2161 1041 2301 1096 dum
2355 1046 2708 1116 rependcndi
2744 1045 3013 1100 facultate
3046 1045 3215 1115 longe
3246 1046 3546 1115 superiora
3579 1048 3832 1119 gratis-

423 1118 809 1173 sertationum
869 1120 1077 1174 harum
1140 1124 1626 1194 parabolicarum,
1702 1130 1916 1198 partim
1996 1132 2049 1184 in
2166 1132 2667 1203 sime-professus,
2696 1136 2848 1188 votis
2881 1136 2952 1189 ab
2985 1135 3385 1204 omnipotente
3430 1150 3631 1187 rerum
3696 1138 3828 1187 Do-

415 1205 753 1274 przefatione
804 1207 1031 1277 Perzois
1072 1202 1280 1281 ipsius,
1314 1228 1489 1283 quam
1540 1215 1844 1270 Arabicam
1895 1217 2050 1289 nacti
2159 1219 2317 1274 mino
2348 1202 2563 1293 institit
2591 1222 3047 1293 religiosissimis
3073 1237 3325 1292 poscere,
3363 1227 3426 1275 ut
3456 1222 3612 1276 vices
3644 1221 3715 1275 in
3753 1235 3829 1276 eo

421 1291 612 1347 Greece
638 1311 771 1349 mox
818 1297 1146 1365 reddemus,
1195 1299 1439 1370 reperiet
1482 1304 1783 1360 studiosus
1835 1310 2050 1377 Lector,
2159 1324 2300 1377 suas
2334 1291 2634 1383 supplens,
2665 1291 2779 1381 non
2821 1291 3113 1381 universis
3154 1310 3340 1381 solum
3376 1308 3499 1363 vitae
3530 1308 3828 1379 mortalis

424 1380 618 1453 iisque
647 1382 914 1453 videlicet
963 1391 1293 1453 contentus,
1339 1389 1493 1443 haud
1530 1408 1897 1465 magnopere,
1927 1395 2050 1466 Opi-
2158 1380 2517 1453 ornamentis
2548 1414 2613 1453 ac
2644 1380 2987 1469 commodis,
3021 1380 3121 1469 sed
3154 1380 3332 1469 gloria
3375 1400 3543 1451 etiam
3583 1404 3825 1453 eterna

427 1485 551 1535 nor,
586 1470 907 1542 quidquam
954 1472 1107 1543 ultra
1156 1477 1433 1546 requiret.
1477 1471 1813 1537 Convocatis
1843 1482 2051 1537 deinde
2161 1487 2383 1541 tantem
2401 1486 3819 1561 ejusbegnignitatemlargitatemquecoronaret.

424 1574 627 1612 rursus
660 1575 693 1612 a
723 1576 854 1629 rege
881 1562 1234 1631 proceribus,
1271 1565 1397 1637 ipso
1421 1583 1653 1647 quoque
1702 1570 1883 1639 accito
1917 1575 2049 1645 Per-
2157 1572 2676 1647 Pertzetzemchari
2711 1575 2919 1647 deinde
2952 1573 3317 1647 amplissima
3366 1580 3482 1647 tam
3528 1574 3827 1645 benevoli

421 1662 540 1713 zoe,
590 1646 774 1702 lectus
820 1646 1011 1725 coram
1057 1651 1332 1707 omnibus
1372 1660 1460 1715 est
1504 1644 2047 1733 Pertzetzemcharis
2155 1644 2332 1734 ofﬁcii
2362 1644 2637 1733 precatus
2663 1644 2803 1735 item
2835 1680 2868 1735 a
2895 1663 3012 1735 Deo
3044 1644 3304 1735 prtemia,
3335 1677 3682 1731 concessum
3715 1662 3824 1715 de-

418 1735 694 1806 prologus
726 1738 1197 1810 encomiasticus,
1231 1740 1290 1795 in
1322 1758 1436 1812 quo
1468 1759 1599 1798 cum
1634 1752 1789 1802 esset
1818 1748 2046 1821 cunctis

413 1821 601 1877 visum
649 1823 969 1889 laudatoiis
1022 1826 1406 1901 eloquentiam
1460 1831 1681 1907 iaudati
1730 1822 2046 1892 virtutibus

410 1927 477 1965 ac
510 1912 732 1967 meritis
763 1931 926 1985 aqua
958 1917 1329 1989 proportione
1363 1923 1730 1999 respondere,
1749 1910 2049 1999 plausibus

416 2004 660 2072 uterque
693 1996 1020 2073 celebratus
1056 2004 1243 2073 miris,
1286 2023 1567 2081 magnum
1592 1996 1856 2067 tulerunt
1874 1996 2048 2069 indu-

414 2090 568 2142 strias
601 2106 717 2144 suae
751 2090 1029 2147 fructum.
1066 2091 1182 2167 Prae
1212 2096 1485 2152 omnibus
1517 2098 1754 2170 gavisus
1810 2106 1867 2177 et
1913 2118 2045 2177 gra-

2077 1782 2124 1873 ἢ

2158 1750 2334 1823 nique
2386 1754 2565 1807 totum
2602 1750 2767 1825 illum
2799 1750 3236 1823 amplissimum
3272 1749 3816 1821 obsequiosissime

2160 1842 2486 1911 veneratus,
2550 1840 2778 1914 cunctis
2826 1839 2879 1909 ei
2930 1838 3209 1909 vicissim,
3244 1840 3383 1892 dum
3436 1837 3817 1911 assurgitur,

2158 1926 2613 2000 gratulantibus,
2644 1928 2883 2001 domum
2907 1943 3033 1983 sese
3055 1942 3222 1983 suam
3249 1924 3617 1999 triumphans
3640 1940 3773 1996 gau
3790 1953 3815 1966 -

2158 2015 2274 2087 dio,
2307 2019 2359 2087 et
2392 2016 2726 2089 cumulatus
2756 2016 2938 2089 gloria
2961 2015 3194 2087 recepit.

1717 2490 2350 2552 PROLEGOMENON
2397 2493 2475 2550 11.

678 2616 981 2694 Przefatz'o
1009 2621 1320 2696 Symeom's
1348 2621 1495 2682 Seth
1532 2625 1728 2685 Graeci
1763 2625 2279 2765 z'nterp;etis,dqua
2311 2624 2499 2699 tradit
2546 2626 2841 2687 rationem
2883 2623 3057 2702 hujus
3090 2622 3237 2682 libri
3283 2621 3518 2697 utiliter

1985 2724 2125 2765 eaen
2174 2725 2220 2765 ι.

1985 2724 2220 2783 egenai.

403 2909 535 2966 CAP.
571 2912 613 2966 Ι.
646 2904 1167 3036 -Ἀνραηιεηιιιηπὴ
1186 2914 1368 2998 forma
1409 2922 1466 2968 et
1512 2930 1700 2986 scapus
1728 2915 2044 2986 scriptionis

1172 2999 1317 3036 mus.

1142 2999 1317 3053 nujus.

475 3088 841 3159 Compositus
874 3089 968 3143 hic
995 3089 1141 3165 liber
1163 3096 1251 3145 est
1273 3108 1305 3145 a
1327 3091 1692 3161 sapientibus
1722 3093 2034 3148 artiﬁcioso
2072 3074 2114 3141 (ἶ

408 3180 678 3231 contextu
711 3178 1043 3233 fabularum
1074 3194 1141 3232 ac
1170 3178 1605 3247 parabolarum,
1649 3184 1704 3235 et
1750 3182 2042 3252 excogita-

404 3267 598 3319 tarum
630 3269 685 3319 et
715 3266 1117 3320 ordinatarum
1174 3266 1491 3335 prudenter
1539 3269 1609 3322 ad
1660 3270 2040 3324 directionem

401 3353 548 3407 vitae.
582 3355 782 3407 Locuti
814 3358 1010 3408 autem
1045 3353 1136 3410 hic
1170 3357 1310 3408 sunt
1340 3359 1607 3410 auctores
1638 3357 1818 3426 hujus
1848 3359 2037 3428 cperis

403 3456 502 3509 per
530 3456 629 3493 ora
660 3440 979 3495 bestiarum
1022 3445 1078 3495 et
1107 3441 1433 3509 volucrum,
1465 3451 1526 3496 ut
1556 3445 1800 3499 lectores
1831 3448 2038 3499 corda-

401 3533 492 3581 tos
522 3527 581 3581 in
615 3529 964 3584 sententiam
996 3546 1267 3584 arcanam
1316 3536 1709 3600 penetrantes,
1742 3535 2040 3589 erudirent

400 3616 893 3687 instituerentque
926 3618 995 3672 ad
1028 3623 1180 3672 recte
1213 3618 1323 3673 sibi
1352 3621 1801 3688 consulendum,
1841 3624 2037 3677 stultis

404 3708 597 3759 autem
628 3705 944 3776 puerisque
976 3706 1160 3760 risum
1194 3711 1509 3779 moverent,
1540 3708 1781 3781 ludique
1803 3712 1947 3782 ipsis
1970 3728 2036 3765 ac

403 3792 773 3848 remissionis
812 3793 999 3863 gratia
1052 3793 1365 3864 placerent.
1410 3798 1647 3867 Oportet
1690 3804 1882 3852 autem
1935 3816 2033 3852 cu-

400 3880 567 3950 pidos
599 3882 874 3936 doctrina;
905 3898 1133 3952 omnes,
1187 3884 1507 3951 praesertim
1534 3884 1797 3955 juvenes,
1827 3887 1946 3941 haec
1979 3893 2035 3943 et

397 3971 732 4026 memoriter
761 3970 1037 4039 ediscere,
1071 3975 1128 4025 et
1159 3973 1359 4027 crebro
1390 3973 1590 4027 efferre
1618 3975 1935 4044 recitando,
1970 3982 2034 4031 ut

396 4063 596 4127 postea
627 4076 798 4130 quam
830 4059 889 4113 in
921 4065 1145 4114 aetatem
1179 4061 1404 4116 consilii
1454 4079 1723 4134 capacem
1774 4065 2028 4121 adoleve-

392 4147 529 4217 rint,
567 4148 793 4218 possint
823 4149 1126 4203 latentium
1147 4150 1256 4204 sub
1282 4150 1372 4204 bis
1400 4157 1814 4221 praeceptorum
1849 4155 2025 4209 ductu

390 4237 719 4305 gubernare
748 4237 930 4292 vitam
963 4239 1279 4308 propriam.
1331 4239 1401 4292 Et
1449 4239 1558 4294 erit
1608 4241 1727 4296 haec
1760 4244 2025 4313 quaedam

386 4323 532 4393 ipsis
558 4325 791 4395 provisa
823 4325 1063 4380 moralis
1095 4326 1351 4381 scientiae
1382 4328 1569 4397 copia,
1601 4328 1758 4385 velut
1789 4332 1914 4385 auri
1936 4350 2025 4386 ar-

2152 2917 2284 2971 CAP.
2319 2918 2389 2972 II.
2423 2947 2491 2957 —-
2515 2918 2601 2971 Ad
2623 2915 2902 2971 lectionem
2932 2916 3064 2970 libri
3082 2912 3458 2968 adhibendum
3484 2912 3775 2967 consilium

2221 2989 2477 3056 doctoris,
2528 2987 2828 3047 ostenditur
2876 2986 3135 3056 parabola
3183 2984 3531 3051 invenientis
3561 2998 3773 3054 peregre

2223 3060 2559 3133 thesaurum,
2591 3075 2687 3135 nec
2713 3059 3034 3136 perferentis
3063 3056 3302 3131 demam.

2223 3182 2455 3251 Oportet
2482 3186 2674 3236 autem
2707 3181 2988 3252 legentem
3022 3179 3178 3233 hunc
3208 3178 3425 3231 librum
3462 3177 3787 3247 intelligere

2154 3288 2264 3325 non
2302 3276 2530 3325 tantum
2582 3271 2700 3323 vim
2758 3269 3022 3323 intimam
3075 3267 3407 3333 verborum,
3461 3265 3557 3318 sed
3598 3266 3792 3318 etiam

2157 3374 2369 3413 causas
2399 3376 2502 3412 cur
2530 3358 2785 3427 quidque
2814 3359 3071 3427 positum
3106 3356 3183 3409 ibi
3221 3356 3301 3409 sit
3328 3370 3341 3408 :
3377 3351 3791 3423 percipereque

2153 3450 2640 3521 significationem
2662 3446 3143 3520 symbolorum,in
3168 3446 3419 3515 singulis
3440 3442 3799 3498 meditandis

2151 3539 2294 3593 satis
2344 3539 2634 3602 haerendo,
2686 3532 3152 3605 adhibendaque,
3199 3533 3297 3587 ubi
3341 3549 3485 3601 opus
3526 3532 3624 3595 sit,
3657 3548 3789 3584 ma-

2147 3627 2314 3696 gistri
2348 3642 2613 3697 operam;
2675 3624 2889 3692 alioqui
2947 3624 3102 3678 enim
3165 3638 3279 3676 non
3328 3622 3498 3675 modo
3530 3636 3640 3674 non
3672 3619 3796 3672 erit

2143 3715 2305 3769 utilis
2337 3714 2527 3782 lectio,
2552 3715 2649 3768 sed
2676 3714 2850 3768 etiam
2876 3712 3158 3766 damnosa
3178 3710 3432 3765 laborem
3454 3708 3786 3762 infructuo-

2143 3820 2274 3860 sum
2309 3802 2586 3879 subeunti
2622 3801 2763 3877 :qui
2813 3816 2953 3879 sane
3000 3798 3189 3855 simile
3242 3798 3462 3873 aliquid
3520 3796 3783 3867 patietur

2140 3891 2364 3946 homini
2394 3876 2596 3957 stulto,
2650 3874 2913 3961 qui-cum
2965 3903 3200 3959 peregre
3252 3886 3783 3941 conscendissetin

2143 3981 2452 4052 quemdam
2488 3962 2770 4045 montem,
2804 3962 3203 4055 etvinvenisset
3234 3976 3313 4030 ibi
3344 3990 3533 4030 arcam
3584 3973 3781 4027 maxi-

2139 4085 2294 4123 mam
2326 4071 2556 4139 plenam
2584 4083 2724 4122 auro
2756 4070 2811 4119 et
2832 4064 3079 4135 gemmis
3114 4064 3405 4136 pretiosis,
3440 4062 3579 4116 dixit
3611 4062 3776 4131 apud

2136 4174 2196 4211 se
2230 4174 2242 4212 :
2276 4156 2490 4211 Abiens
2534 4155 2903 4225 interrogabo
2953 4153 3257 4224 quemdam
3306 4152 3645 4222 prudentem
3678 4149 3777 4201 vi-

2135 4262 2263 4300 rum
2297 4250 2352 4299 et
2386 4244 2713 4316 perquiram
2747 4259 2815 4297 ex
2841 4244 2967 4313 ipso
3028 4242 3308 4295 rationem
3374 4244 3496 4294 tuto
3554 4238 3769 4308 depor-

2130 4335 2291 4389 tandi
2326 4334 2503 4403 hujus
2533 4332 2794 4387 thesauri
2826 4332 2882 4384 in
2919 4333 3155 4385 domum
3181 4346 3370 4383 meam
3406 4345 3419 4381 :
3452 4327 3599 4400 quod
3625 4342 3765 4379 cum

386 4414 663 4483 gentique
702 4418 969 4484 repertus
998 4415 1153 4469 domi
1185 4415 1480 4485 cumulus,
1529 4432 1702 4486 quem
1756 4425 2022 4489 parentes
2052 4447 2100 4508 ⁵
2135 4439 2305 4494 agere
2336 4422 2621 4494 coepisset,
2655 4437 2789 4495 mox
2820 4404 2988 4490 empti
3022 4418 3328 4490 paenitens,
3350 4421 3394 4472 Ο
3418 4433 3525 4485 me,
3553 4413 3765 4508 inquit,

381 4500 527 4571 ipsis
559 4502 1430 4567 recondiderint,inveniendum
1451 4521 1566 4576 quo
1587 4509 1848 4577 tempore
1870 4526 2019 4579 opus

384 4606 449 4645 eo
481 4590 703 4649 fuerit:
756 4608 932 4663 quem
984 4592 1365 4649 abscondisse
1410 4594 1631 4666 profuit
1678 4612 1751 4651 ne
1804 4598 2016 4670 diripe-

382 4682 545 4734 retur
576 4679 648 4733 ab
680 4680 973 4736 extraneis
1001 4701 1014 4750 ;
1048 4698 1152 4737 nec
1185 4686 1380 4739 tamen
1414 4686 1531 4738 tam
1564 4682 1679 4757 alte
1701 4685 2015 4752 defodisse,

385 4772 448 4821 ut
478 4784 595 4823 non
624 4768 792 4821 facile
819 4770 1188 4840 detegeretur
1220 4770 1277 4825 in
1328 4772 1631 4827 occasione
1668 4774 2017 4842 utendi,uti-

383 4872 493 4927 que
524 4855 799 4910 latentem
831 4859 935 4911 sub
986 4857 1284 4912 involucro
1325 4876 1436 4914 non
1470 4860 1646 4916 nimis
1678 4863 1877 4929 denso,
1914 4865 2014 4919 sed

372 4943 685 5014 pellucido,
722 4961 824 4998 nec
859 4961 1007 5015 aegre
1059 4947 1374 5015 amovibili,
1428 4948 1749 5018 signorum,
1785 4966 1850 5004 ex
1881 4968 2015 5023 ope-

376 5033 538 5087 ribus
570 5037 627 5086 et
665 5032 855 5087 verbis
906 5034 1302 5089 indicantibus
1353 5035 1651 5106 quidpiam
1704 5039 1847 5093 satis
1886 5057 2013 5110 per-

373 5122 531 5175 vium
584 5110 982 5194 intelligentiae
1036 5123 1287 5178 naturali
1338 5125 1551 5178 mentis
1602 5125 1889 5181 humanae.
1938 5130 2016 5183 Ea

374 5209 529 5263 enim
559 5212 681 5264 arte
710 5209 1088 5264 multiformis
1125 5210 1241 5264 hmo
1274 5211 1512 5282 scriptio
1546 5212 1827 5282 symbolis
1866 5216 2014 5285 ﬁgu-

370 5298 569 5367 risque
600 5299 788 5353 omnis
816 5297 1044 5370 generis
1064 5296 1360 5367 variegata
1381 5308 1465 5377 est
1488 5316 1519 5353 a
1540 5300 1678 5353 viris
1701 5303 2016 5373 sapientis-

367 5386 538 5441 simis
569 5388 699 5457 ejus
734 5386 1096 5453 auctoribus,
1134 5391 1196 5440 ut
1225 5386 1316 5441 via
1362 5387 1639 5458 radixque
1671 5390 1843 5444 ofﬁcii
1875 5407 2012 5446 con-

370 5477 604 5549 siliique
636 5479 775 5531 recti
809 5478 865 5531 in
898 5477 1056 5532 omni
1089 5477 1218 5530 vitae
1265 5476 1508 5531 articulo
1560 5480 1792 5534 tenendi
1835 5498 2010 5537 amca-

381 5564 472 5619 nis
506 5566 853 5637 ambagibus
885 5566 1361 5621 adumbraretur.

2129 4511 2406 4567 stultum!
2434 4510 2530 4581 qui
2564 4509 2816 4580 aliquem
2849 4508 3149 4563 consulam
3183 4523 3196 4561 :
3226 4522 3359 4560 nam
3393 4520 3563 4575 quem
3580 4502 3766 4572 hujus

2128 4600 2324 4654 arcani
2358 4598 2698 4669 participem
2731 4598 2937 4663 fecero,
2968 4595 3019 4650 is
3047 4594 3198 4651 volet
3235 4593 3493 4648 thesauri
3529 4605 3764 4662 quoque

2127 4689 2250 4745 fieri
2300 4688 2611 4761 particeps,
2644 4692 2700 4744 et
2729 4704 2862 4759 pars
2893 4686 3021 4757 ejus
3051 4686 3161 4741 erit
3221 4683 3304 4738 illi
3346 4681 3707 4739 concedenda
3748 4696 3763 4733 :

2111 4795 2319 4842 nonne
2350 4777 2561 4851 melius
2591 4781 2679 4832 est
2701 4781 2765 4831 ut
2783 4792 2888 4847 ego
2906 4775 3051 4830 mihi
3072 4778 3258 4829 totum
3278 4770 3524 4827 servem?
3545 4769 3628 4822 Ab
3646 4767 3761 4822 hoc

2127 4867 2373 4927 consilio
2393 4865 2611 4933 stultus
2634 4865 2729 4933 ille
2746 4863 3077 4935 inexplebili
3100 4861 3419 4933 cupiditate
3438 4858 3641 4913 illusus
3662 4872 3759 4908 vo-

2126 4940 2276 5011 cavit
2305 4955 2533 5025 bajulos
2566 4954 2953 5019 mercenaries
3011 4968 3040 5006 e
3096 4953 3240 5017 foro,
3300 4950 3558 5019 dixitque
3588 4944 3701 4999 illis
3735 4962 3750 4998 :

2125 5044 2468 5113 Adesthuc,
2499 5048 2555 5096 et
2585 5042 2769 5098 locate
2808 5041 2953 5107 mihi
3002 5042 3166 5111 justa
3222 5038 3485 5103 mercede
3516 5048 3748 5106 operam

2125 5133 2195 5186 ad
2229 5132 2579 5203 portandum
2626 5131 2746 5185 haec
2792 5146 2903 5199 quo
2941 5128 3088 5193 volo.
3144 5127 3588 5198 Responderunt
3615 5120 3698 5174 illi
3734 5138 3749 5174 :

2127 5220 2428 5276 Faciemus
2457 5226 2513 5285 et
2541 5220 2759 5275 ibimus
2792 5224 2855 5275 ut
2880 5218 3068 5288 jubes.
3102 5216 3228 5288 lpse
3277 5215 3514 5271 delectis
3554 5212 3747 5279 decem

2126 5325 2193 5362 ex
2224 5308 2366 5378 ipsis
2398 5309 2563 5375 duxit
2601 5323 2700 5363 eos
2756 5307 2829 5365 ad
2877 5306 3068 5361 locum
3122 5304 3222 5358 ubi
3272 5307 3395 5358 erat
3443 5302 3749 5371 thesaurus

2123 5413 2296 5468 quem
2331 5397 2656 5453 invenerat:
2692 5402 2750 5451 et
2779 5394 3045 5466 aperiens
3076 5409 3271 5449 arcam
3324 5391 3467 5448 dixit
3498 5407 3511 5445 :
3542 5387 3752 5459 Adeste

2120 5486 2315 5553 amici,
2348 5490 2405 5547 et
2438 5484 2743 5556 implentes
2775 5499 2975 5539 saccos
3024 5486 3248 5537 vestros
3297 5480 3374 5535 ite
3423 5479 3481 5533 in
3512 5478 3751 5543 domum

2119 5590 2334 5643 meam,
2368 5578 2424 5629 et
2454 5574 2728 5644 deponite
2764 5573 2924 5645 ipsos
2952 5572 3010 5626 in
3041 5570 3351 5637 vestibulo,
3385 5571 3448 5622 ut
3499 5565 3577 5619 ibi
3627 5578 3747 5618 sero
