4060 6304
348 338 485 392 1229

1361 336 1715 389 SPECIMEN
1751 333 2149 391 SAPIENTIIE
2187 330 2517 382 INDORUM
2558 329 2719 381 VET.

3594 320 3729 374 1230

346 465 556 516 ventur
584 462 766 516 donec
797 460 1045 516 veniam.
1078 461 1157 515 Ea
1188 475 1320 514 cum
1355 458 1424 512 ab
1456 458 1661 513 insano
1712 456 1825 510 isto
1878 454 1978 509 ba-
2006 469 2055 535 Α
2093 450 2207 521 ipsi
2240 467 2252 506 :
2288 453 2479 515 Erras,
2512 449 2717 516 amice,
2750 449 2807 503 in
2858 446 3309 518 pronuntiando.
3360 444 3581 508 Quibus
3631 443 3730 503 ille

341 550 452 620 juli
487 552 812 615 audissent,
848 550 1118 603 dixerunt
1146 547 1257 617 ipsi
1293 564 1305 600 :
1340 548 1492 600 Bene
1523 545 1714 612 habet,
1741 544 1987 598 libenter

350 656 735 711 exsequemur
765 640 918 710 quod
962 638 1218 707 imperas
1254 651 1268 690 :
1302 640 1358 689 et
1403 650 1531 689 cum
1588 632 1987 704 implevissent

350 744 571 795 saccos,
606 744 813 781 rursus
844 726 953 797 ipsi
986 725 1256 779 dixerunt
1291 738 1303 776 :
1340 722 1489 776 Audi
1522 722 1570 775 si
1602 721 1763 775 lubet
1794 716 1984 772 consi-

350 815 494 871 lium
529 821 814 881 nostrum,
850 831 920 869 ne
953 813 1291 868 thesaurum
1326 826 1495 881 quem
1528 807 1800 862 invenisti
1858 822 1985 876 per-

351 905 475 958 das.
511 904 657 969 Quin
691 906 839 972 ejus,
876 902 1068 972 inquit
1098 901 1214 965 ille,
1264 899 1455 969 gratia
1501 896 1693 952 vocavi
1742 911 1864 959 vos,
1916 911 1987 948 ne

350 991 487 1061 quid
522 990 658 1046 mihi
696 990 908 1061 periret
938 1006 1004 1044 ex
1032 987 1287 1059 ipso.llli
1321 987 1591 1040 dixerunt
1636 1001 1648 1038 :
1694 984 1817 1038 Non
1849 999 1984 1036 con-

349 1080 503 1134 venit
536 1097 639 1133 nos
671 1078 842 1133 simul
875 1078 957 1132 ire
987 1094 1103 1131 una
1134 1092 1356 1143 omnes,
1392 1091 1461 1128 ne
1492 1074 1624 1143 quis
1654 1072 1984 1141 fmagistra-

348 1175 514 1224 tuum
547 1174 769 1225 tantam
806 1172 1149 1223 onustorum
1188 1167 1413 1220 turbam
1446 1165 1669 1228 videns,
1721 1161 1989 1232 exquirat

349 1258 485 1328 quid
524 1259 601 1312 rei
636 1258 731 1320 sit,
757 1263 813 1312 et
841 1257 1070 1327 cognito
1108 1258 1301 1309 tantas
1333 1269 1469 1323 opes
1501 1252 1559 1305 in
1592 1252 1831 1304 domum
1866 1247 1985 1318 pri-

348 1351 541 1402 vatam
592 1346 749 1409 ferri,
800 1348 1019 1400 avertat
1066 1342 1218 1408 illas,
1269 1346 1325 1397 et
1373 1341 1430 1394 in
1480 1340 1687 1394 ﬁscum
1742 1337 1984 1406 redigat,

348 1435 617 1490 auferens
649 1452 682 1489 a
713 1434 881 1488 nobis
906 1448 919 1487 :
944 1431 1153 1486 melius
1185 1446 1320 1500 ergo
1352 1432 1439 1483 est
1469 1432 1533 1482 ut
1563 1424 1780 1497 singuli
1814 1440 1985 1493 sepa-

348 1524 519 1577 ratim
552 1523 1017 1593 proficiscamur,
1049 1535 1154 1573 nec
1183 1524 1247 1573 tu
1281 1516 1586 1572 nobiscum
1619 1514 1723 1581 sis,
1758 1513 1858 1568 sed
1891 1512 1986 1567 hic

345 1615 643 1682 exspectes
674 1611 855 1665 donec
887 1612 1280 1673 revertamur;
1334 1604 1549 1659 ibimus
1599 1603 1755 1657 enim
1804 1599 1983 1655 celer-

344 1699 528 1763 rime;
576 1702 633 1753 et
682 1698 876 1752 statim
928 1697 1042 1750 huc
1092 1694 1431 1749 redibimus.
1466 1690 1736 1745 Probavit
1768 1688 1984 1744 stultus

344 1786 655 1842 consilium
679 1784 1028 1854 bajulorum;
1060 1786 1118 1837 at
1140 1782 1223 1835 illi
1254 1780 1526 1835 tollentes
1557 1794 1758 1833 saccos
1778 1776 1983 1847 plenos

344 1876 615 1930 abierunt
645 1874 1054 1945 unusquisque
1084 1887 1199 1941 quo
1230 1869 1422 1934 libuit,
1443 1873 1499 1923 et
1526 1868 1585 1921 in
1619 1868 1859 1921 domum
1892 1865 1978 1918 in-

348 1964 475 2018 sani
506 1978 677 2017 nemo
709 1962 1004 2032 profectus
1030 1958 1275 2014 est.Sub
1307 1972 1605 2027 vesperem
1636 1954 1735 2008 ille
1767 1953 1981 2023 (quan-

345 2067 522 2121 quam
555 2050 928 2105 suboﬁ'ensus
957 2048 1113 2118 quod
1146 2063 1260 2100 non
1292 2045 1807 2109 redissent,tamen
1840 2056 1980 2093 cau-

343 2155 468 2193 sam
488 2154 661 2191 morai
681 2136 957 2191 incidisse
974 2135 1171 2204 aliam,
1188 2150 1292 2189 nec
1310 2132 1422 2188 sibi
1437 2132 1781 2186 damnosam
1797 2129 1981 2195 ratus)

338 2226 547 2298 plenus
599 2225 812 2297 gaudio
858 2225 1098 2277 domum
1132 2239 1193 2277 se
1224 2223 1477 2275 referens
1505 2218 1667 2274 uxori
1700 2217 1931 2271 dicebat
1965 2231 1976 2268 :

343 2314 595 2367 Ostende
646 2311 792 2366 mihi
838 2311 934 2364 ubi
998 2310 1307 2364 thesaurus
1366 2313 1453 2362 est
1495 2323 1667 2378 quem
1720 2305 1980 2359 tulerunt

340 2401 543 2471 bajuli,
596 2405 661 2469 ut
710 2400 935 2464 videam
991 2414 1061 2455 ne
1118 2397 1259 2469 quid
1320 2398 1465 2451 forte
1514 2392 1911 2459 subtraxerint
1964 2407 1976 2445 :

345 2484 447 2543 illa
477 2488 794 2556 admirans,
816 2487 961 2550 Quid
993 2485 1099 2552 ais,
1152 2486 1227 2539 mi
1281 2485 1387 2552 vir,
1439 2482 1650 2554 inquit,
1702 2481 1842 2551 quid
1894 2480 1976 2533 lo-

345 2575 586 2647 queris?
610 2579 666 2629 et
694 2575 811 2640 ille,
846 2574 974 2627 Haec
1005 2572 1211 2642 loquor
1242 2588 1362 2641 quae
1405 2570 1619 2625 audisti
1651 2586 1664 2622 :
1702 2568 1800 2622 illa
1849 2583 1977 2621 vero

346 2664 667 2735 respondit,
719 2662 1000 2733 Equidem
1051 2660 1268 2729 audivi,
1297 2661 1395 2714 sed
1431 2659 1576 2713 nihil
1607 2658 1815 2729 horum
1851 2671 1978 2725 qnze

343 2754 489 2809 dicis
518 2752 636 2807 vidi
667 2750 871 2812 oculis,
893 2754 995 2804 aut
1023 2749 1292 2803 manibus
1324 2747 1621 2819 attigi.Hic
1651 2744 1746 2799 ille
1779 2749 1981 2814 stupe-

343 2842 552 2909 factus,
584 2840 804 2904 Nonne,
836 2838 1048 2908 inquit,
1083 2836 1217 2891 misi
1252 2835 1354 2889 tibi
1387 2835 1557 2889 hodie
1604 2850 1702 2905 per
1750 2831 1977 2902 bajulos

343 2931 833 2984 circumforaneos
891 2927 1203 2997 plusquam
1263 2923 1421 2978 mille
1472 2921 1688 2976 talenta
1749 2921 1872 2991 auri
1923 2924 1978 2991 et

342 3017 568 3091 lapides
620 3014 951 3089 pretiosos?
1000 3012 1318 3083 Respondit
1368 3028 1530 3066 uxor.
1571 3011 1974 3083 Nequaquam,

342 3107 577 3161 domine
627 3105 705 3158 mi
749 3101 990 3159 :nullus
1039 3101 1352 3172 quidquam
1401 3100 1618 3153 attulit.
1673 3096 1977 3152 Perculsus

344 3210 505 3259 casu,
552 3196 608 3247 et
654 3208 781 3264 sero
830 3191 1065 3261 sapiens
1113 3188 1262 3243 male
1317 3204 1496 3242 sanus
1544 3185 1664 3251 ille,
1711 3183 1978 3255 cognovit

344 3283 576 3337 tandem
628 3297 689 3335 se
717 3281 1057 3350 deceptum;
1091 3276 1413 3346 habuitque
1446 3280 1509 3329 ut
1541 3275 1702 3346 prius
1734 3287 1975 3327 vacuam

343 3368 745 3437 domum,hoc
776 3369 967 3423 solum
1018 3382 1083 3420 ex
1132 3364 1397 3419 thesauri
1448 3363 1594 3418 tanti
1642 3361 1978 3429 inventione

346 3458 632 3521 lucratus,
666 3461 729 3510 ut
756 3455 1041 3510 inutiliter
1066 3471 1131 3508 eo
1163 3454 1255 3507 die
1279 3468 1342 3507 se
1389 3455 1671 3521 vexasset.
1721 3449 1811 3502 Sic
1861 3447 1976 3523 evi-

346 3546 465 3600 niet
491 3545 705 3615 legenti
736 3544 892 3610 hunc
923 3543 1159 3617 librum,
1193 3540 1306 3595 nisi
1338 3545 1393 3593 et
1422 3538 1798 3611 attentionem
1841 3552 1976 3606 pro-

346 3634 557 3704 priam,
590 3637 647 3687 et
676 3632 932 3701 alienum
967 3629 1277 3684 consilium
1310 3628 1579 3703 adhibeat
1625 3628 1696 3699 ad
1743 3624 1977 3705 penitus

344 3721 766 3793 pervidendum
800 3719 940 3790 quid
973 3733 1037 3772 eo
1069 3718 1364 3772 doceatur.

347 3857 480 3911 CAP.
518 3855 612 3909 IlI.
638 3883 703 3893 —
736 3852 1035 3906 Necessitas
1062 3849 1406 3919 percipiendi
1434 3864 1652 3903 sensum
1678 3848 1978 3919 parabola-

418 3942 545 3981 rum
574 3924 884 3978 declaratur
913 3918 1286 3977 similitudine
1312 3936 1535 3986 nucum,
1583 3928 1634 3974 et
1678 3918 1977 3974 sententia—

417 4013 543 4051 rum
572 3997 760 4063 ignota
791 3995 989 4064 lingua
1013 3994 1361 4063 scriptarum.

421 4110 725 4165 Enimvero
757 4108 893 4179 quid
925 4107 1182 4178 proderit
1210 4094 1402 4161 videre
1456 4105 1762 4177 superficie
1808 4109 1980 4160 tenus

349 4199 517 4270 signa
564 4198 1055 4268 scripturamque,
1088 4213 1202 4251 non
1237 4195 1591 4265 penetrando
1622 4194 1680 4248 in
1709 4194 1978 4247 intimum

348 4304 549 4344 eorum
582 4285 857 4341 sensum?
887 4285 1011 4340 Non
1044 4286 1177 4357 plus
1208 4300 1345 4339 sane
1378 4298 1550 4355 quam
1581 4282 1847 4337 famelico
1879 4300 1983 4336 nu-

350 4394 444 4432 ces
473 4373 732 4442 habenti,
766 4391 869 4428 nee
896 4375 1183 4445 frangenti
1215 4374 1485 4429 corticem
1520 4389 1533 4427 :
1569 4372 1662 4427 hic
1711 4372 1864 4427 enim
1915 4389 1983 4426 ex

353 4465 500 4535 ipsis
549 4481 663 4519 non
713 4462 1041 4518 satiabitur.
1077 4463 1232 4517 Idem
1269 4478 1438 4533 porro
1471 4461 1683 4516 similis
1713 4461 1823 4515 erit
1853 4464 1981 4515 stu-

353 4553 519 4609 dioso
570 4552 809 4607 homine
867 4552 1096 4605 curiose
1142 4551 1395 4622 cupienti
1446 4566 1617 4605 nosse
1663 4550 1982 4603 sententias

353 4657 497 4710 quas
553 4639 783 4695 laudari
841 4637 1110 4705 audierit,
1162 4643 1219 4694 et
1264 4655 1329 4694 eo
1378 4638 1667 4693 desiderio
1726 4636 1988 4708 pergenti

353 4746 489 4785 cum
521 4729 723 4783 charta
751 4728 812 4783 in
843 4744 1022 4783 manu
1047 4728 1117 4783 ad
1151 4728 1448 4782 eruditum
1483 4726 1761 4796 aliquem,
1789 4742 1991 4797 rogan-

354 4818 512 4888 tique
541 4817 735 4888 ipsum
768 4821 834 4871 ut
862 4817 923 4871 in
952 4833 1019 4871 ea
1049 4816 1251 4871 charta
1281 4814 1394 4871 sibi
1424 4814 1641 4870 scribat
1671 4814 1893 4885 aliquid
1925 4830 1993 4869 ex

355 4905 520 4959 hisce
548 4904 736 4959 eﬂ‘atis
768 4905 1085 4975 peregrinae
1118 4904 1419 4973 sapientiae
1471 4920 1483 4957 :
1533 4902 1626 4956 cui
1676 4900 1771 4955 ille
1826 4903 1992 4956 obse-

358 5007 543 5063 quens
595 4991 815 5045 scribat
857 4992 914 5044 in
964 4992 1166 5045 charta
1191 4991 1448 5062 prudens
1481 4990 1715 5061 aliquod
1749 4989 1992 5059 dictum,

358 5077 607 5132 Arabica
637 5077 874 5149 quidem
909 5076 1111 5147 lingua
1137 5077 1335 5148 ignota
1366 5077 1613 5147 roganti,
1649 5075 1855 5130 litteris
1903 5080 1994 5130 ta-

358 5182 492 5222 men
524 5168 671 5236 quas
702 5166 827 5236 ipse
858 5164 969 5218 scit
992 5164 1202 5235 legere.
1237 5165 1381 5219 Cum
1419 5165 1526 5219 hac
1569 5165 1771 5218 charta
1822 5164 1996 5219 homo

361 5253 561 5308 abiens
594 5253 693 5307 ubi
726 5254 967 5307 domum
998 5253 1176 5321 venit,
1211 5253 1420 5324 cupide
1461 5252 1601 5323 legit
1644 5252 1995 5323 descriptam

360 5343 802 5411 sententiam,et
832 5343 987 5413 apud
1021 5342 1238 5398 amicos
1270 5342 1631 5413 pronuntiat,
1666 5357 1777 5395 non
1822 5341 1997 5396 intel-

361 5430 551 5502 ligens
583 5431 724 5501 quid
757 5428 931 5498 dicat,
953 5429 1219 5500 ideoque,
1244 5431 1401 5502 quod
1433 5429 1587 5485 factu
1608 5445 1856 5500 pronum
1888 5433 1997 5498 est,

354 5519 423 5573 in
459 5508 895 5590 pronuntiando
926 5506 1333 5573 errans.Eraht
1355 5520 1505 5573 inter
1535 5518 1998 5588 amicos,quibus

354 5623 421 5664 se
452 5607 816 5676 venditabat,
851 5606 1091 5678 quidam
1125 5606 1363 5663 Arabica
1393 5606 1566 5674 docti,
1593 5606 1694 5678 qui
1723 5606 2001 5662 dixerunt

2095 540 2546 610 respondit.Non
2579 556 2704 593 erro
2736 554 2861 607 ego,
2896 537 2993 591 sed
3020 540 3173 589 errat
3196 536 3393 588 charta
3417 536 3525 587 ista
3548 549 3727 603 quam

2094 628 2298 683 habeo.
2350 629 2598 683 Tantum
2649 628 2890 681 interest
2936 625 3223 695 legentem
3278 640 3391 678 non
3439 624 3726 693 ignorare,

2095 719 2195 772 sed
2231 718 2397 788 plane
2428 734 2493 771 ac
2528 717 2761 788 penitus
2794 715 3089 786 percipere
3120 714 3273 784 quod
3308 712 3467 783 legit,
3502 718 3565 766 ut
3595 728 3727 766 eru-

2095 806 2252 860 ditus
2310 805 2557 859 lectione
2616 804 2880 875 proficiat
2930 805 2987 857 in
3048 801 3432 873 sapientiam;
3492 801 3724 855 duobus

2093 893 2246 949 enim
2280 894 2438 948 hisce
2468 893 2822 965 instructum
2855 908 2981 965 esse
3013 896 3237 961 oportet
3284 891 3557 961 lectorem
3610 905 3724 944 non

2096 982 2383 1037 inutiliter
2422 981 2730 1045 lecturum,
2780 980 3222 1051 perspicacitate
3268 978 3323 1032 in
3378 977 3725 1049 pervidendo

2097 1071 2237 1140 quid
2269 1071 2326 1124 in
2359 1086 2534 1124 sensu
2567 1069 2767 1140 scripti
2805 1069 2995 1133 lateat,
3032 1074 3086 1123 et
3115 1068 3476 1137 providentia
3508 1067 3564 1119 in
3615 1072 3727 1120 sta-

2095 1160 2309 1213 tuendo
2358 1174 2472 1229 quo
2503 1162 2668 1228 pacto
2702 1158 2959 1213 conferre
2990 1158 3046 1211 in
3079 1173 3250 1211 usum
3285 1155 3596 1223 intellecta,
3629 1171 3726 1209 oc-

2096 1247 2357 1302 cursuris
2386 1263 2488 1318 per
2517 1251 2855 1317 sequentem
2886 1246 3059 1299 vitam
3092 1243 3733 1313 oceasionibus,debeat

2097 1352 2158 1389 ac
2190 1335 2396 1413 possit.

2095 1453 2226 1507 CAP.
2258 1452 2353 1506 IV.
2387 1481 2453 1491 —
2483 1448 2783 1504 Sciant-iam
2810 1451 2931 1503 sine
2965 1451 3275 1517 Operatione
3324 1464 3435 1501 non
3482 1447 3730 1517 prodesse

2394 1520 2563 1575 variis
2593 1519 3060 1574 similitudinibus
3090 1520 3415 1589 ostenditur.

2164 1635 2378 1691 Verum
2413 1636 2649 1690 effatum
2692 1635 3040 1706 sapientium
3090 1641 3195 1698 est,
3246 1651 3412 1705 egere
3461 1634 3725 1689 homines

2095 1725 2154 1779 in
2202 1724 2310 1779 hac
2359 1724 2477 1778 vita
2526 1724 2756 1778 duabus
2807 1725 3000 1790 rebus,
3034 1722 3419 1794 intelligentia
3450 1740 3514 1777 ac
3546 1723 3722 1778 disci-

2014 1813 2058 1885 ι
2091 1812 2384 1883 plina,hoc
2406 1816 2495 1866 est
2522 1828 2751 1866 morum
2775 1813 3123 1867 rectitudine
3142 1813 3199 1866 in
3223 1813 3374 1867 bona
3393 1812 3725 1883 operatione

2089 1900 2241 1955 sita:
2274 1900 2365 1954 his
2396 1899 2550 1955 enim
2578 1900 2755 1954 simul
2801 1900 3032 1955 duabus
3085 1905 3369 1971 purgatur
3416 1916 3615 1967 meus;
3668 1904 3723 1955 et

2091 1990 2243 2043 sicut
2290 1990 2349 2043 in
2398 1988 2667 2059 lampade
2716 1988 2907 2043 oleum
2944 1994 2999 2043 et
3022 1988 3381 2060 ellychnium
3409 1991 3724 2058 conjuncta

2090 2093 2260 2147 opera
2296 2077 2589 2131 ﬂammam
2641 2078 2905 2131 efficiunt
2945 2077 3058 2131 alte
3107 2081 3441 2148 surgentem
3492 2077 3725 2147 lateque

2088 2165 2545 2230 illuminantem,
2604 2164 2689 2219 sic
2744 2165 3002 2235 operatio
3058 2170 3114 2220 et
3181 2165 3428 2220 scientia
3486 2166 3544 2219 in
3611 2166 3727 2219 vita

2089 2252 2344 2308 hominis
2374 2252 2605 2307 laudem
2640 2254 2766 2323 ejus
2800 2255 3094 2323 decusque
3121 2253 3429 2325 perﬁciunt
3470 2271 3484 2308 :
3536 2255 3726 2325 iisque

2089 2341 2196 2395 niti
2223 2342 2411 2405 debet,
2445 2346 2510 2395 ut
2557 2346 2613 2395 et
2658 2341 2855 2396 salvus
2907 2343 2985 2396 sit
3033 2347 3089 2397 et
3137 2343 3373 2412 fulgeat,
3420 2344 3468 2397 si
3518 2342 3727 2397 alteru-

2088 2434 2175 2483 tro
2227 2434 2418 2484 careat
2476 2431 2754 2483 damnum
2806 2434 2907 2484 aut
2948 2431 3198 2484 dedecus
3244 2448 3546 2501 passurus.
3602 2436 3717 2485 Hoc

2089 2517 2417 2572 declaratur
2445 2520 2710 2588 exemplo
2741 2518 2998 2573 hominis
3020 2520 3188 2588 cujus
3212 2519 3268 2573 in
3295 2521 3533 2573 domum
3557 2524 3724 2574 nocte

2087 2605 2442 2675 intempesta
2473 2606 2769 2676 subrepsit
2799 2607 2892 2660 fur
2916 2607 3044 2678 ipso
3076 2608 3385 2673 sentiente;
3415 2608 3720 2676 evigilave-

2088 2698 2177 2748 rat
2206 2695 2360 2747 enim
2385 2696 2455 2748 ad
2480 2696 2791 2764 strepitum
2814 2704 2865 2749 et
2889 2696 3221 2765 ingressum
3253 2712 3380 2751 esse
3413 2697 3594 2750 furem
3631 2697 3719 2750 in-

2088 2781 2387 2836 tellexerat
2421 2799 2433 2835 :
2468 2787 2660 2837 tamen
2694 2800 2755 2837 se
2787 2782 2990 2837 callide
3019 2788 3286 2839 acturum
3319 2790 3502 2852 ratus,
3538 2784 3719 2839 dissi-

2089 2870 2333 2924 mulavit
2363 2887 2419 2925 se
2452 2872 2727 2937 sensisse,
2760 2872 2841 2927 ita
2882 2887 3079 2926 secum
3126 2880 3403 2943 reputans
3454 2891 3466 2928 :
3522 2874 3719 2928 Sinam

2086 2958 2263 3013 istum
2317 2960 2619 3014 corradere
2672 2965 2727 3014 et
2774 2976 3089 3015 convasare
3142 2978 3268 3030 quae
3316 2962 3543 3016 auferre
3576 2962 3719 3029 vult,

2088 3052 2304 3102 etcum
2339 3047 2596 3102 collectis
2628 3050 2902 3103 omnibus
2954 3049 3013 3102 in
3047 3051 3342 3119 procinctu
3387 3050 3457 3103 ad
3504 3067 3721 3104 exeun-

2008 3157 2049 3224 Ε
2089 3135 2227 3188 dum
2278 3135 2406 3201 erit,
2452 3137 2668 3191 irruam
2721 3137 2774 3189 in
2826 3153 2956 3191 eum
3010 3142 3065 3191 et
3113 3137 3262 3191 male
3299 3137 3612 3193 mulctabo.
3648 3140 3722 3193 Eo

2088 3224 2330 3277 consilio
2364 3230 2631 3294 perstans
2659 3225 2715 3279 in
2750 3224 2950 3290 cubili,
2986 3224 3158 3296 paulo
3192 3231 3323 3296 post
3354 3227 3564 3280 iterum
3616 3228 3721 3281 ob-

2085 3312 2320 3378 dormit,
2371 3312 2724 3384 interimque
2773 3314 2865 3367 fur
2917 3314 3209 3384 congestis
3269 3331 3387 3369 una
3446 3316 3720 3370 omnibus

2085 3400 2329 3469 aufugit.
2368 3401 2749 3472 Experrectus
2780 3402 2989 3456 deinde
3024 3402 3219 3466 homo,
3253 3419 3429 3473 reque
3461 3403 3715 3474 cognita,

2076 3489 2238 3557 justo
2273 3488 2529 3559 seipsum
2563 3492 2862 3545 damnavit
2893 3492 3043 3559 quod
3077 3508 3183 3545 sua
3213 3492 3418 3546 notitia
3468 3509 3579 3546 non
3630 3509 3717 3546 es-

2084 3581 2173 3631 set
2202 3593 2365 3641 usus,
2402 3583 2464 3631 ut
2495 3578 3096 3633 debuerat.Nimirum
3132 3580 3382 3649 cognitio
3413 3585 3501 3635 est
3532 3582 3716 3635 instar

2085 3664 2308 3719 arboris
2341 3666 2508 3735 cujus
2535 3667 2789 3735 operatio
2823 3667 3047 3721 fructus
3077 3672 3184 3721 est.
3224 3669 3420 3738 Itaque
3449 3673 3509 3722 ut
3542 3672 3716 3723 arbor

2085 3758 2317 3824 propter
2366 3755 2615 3807 fructum
2668 3754 2882 3809 seritur
2930 3760 2986 3809 et
3032 3755 3241 3810 colitur
3292 3771 3303 3808 :
3356 3756 3436 3811 ita
3487 3762 3718 3827 propter

2086 3842 2481 3910 operationem
2517 3843 2821 3895 scientiam
2856 3844 3062 3912 quaerit
3091 3844 3189 3912 qui
3240 3860 3368 3898 vere
3417 3845 3720 3899 studiosus

2086 3932 2196 3994 est,
2220 3929 2432 3983 frustra
2466 3928 2726 3983 videlicet
2756 3931 3028 3984 studendi
3060 3931 3315 3985 laborem
3343 3931 3717 3999 toleraturus,

2087 4016 2132 4069 si
2168 4019 2294 4085 ejus
2325 4016 2447 4087 ipse
2482 4019 2667 4071 fructu
2702 4034 2827 4071 esse
2862 4020 3191 4072 frustretur.
3226 4025 3372 4073 Sane
3421 4022 3469 4073 si
3518 4021 3720 4076 viatori

2088 4106 2156 4158 ad
2209 4105 2319 4159 iter
2360 4107 2624 4174 expedito
2654 4108 2911 4160 indicent
2943 4108 3111 4160 amici
3149 4108 3419 4176 periculis
3448 4109 3719 4164 infestam

2086 4194 2238 4247 viam
2273 4209 2397 4247 esse
2429 4210 2604 4263 quam
2637 4194 3175 4265 cogitet,obsessam
3214 4195 3533 4252 latronibus
3564 4202 3621 4251 et
3644 4199 3725 4251 in-

2089 4281 2253 4337 sidiis
2284 4282 2565 4348 hostium,
2627 4300 2817 4337 nonne
2862 4283 2912 4337 is
2946 4283 3285 4337 irridebitur
3328 4287 3398 4339 ab
3453 4288 3727 4341 omnibus

2088 4387 2136 4425 si
2170 4370 2551 4425 nihilominus
2583 4372 2666 4425 ire
2696 4389 2964 4443 pergens,
2998 4372 3281 4442 spolietur
3316 4379 3372 4427 et
3423 4375 3573 4429 male
3626 4393 3721 4429 va-

2090 4459 2294 4530 pulet?
2324 4459 2528 4513 Dicent
2556 4460 2710 4515 enim
2762 4476 2988 4515 omnes.
3035 4464 3172 4523 Quae
3225 4462 3434 4516 meruit
3486 4464 3726 4534 patitur,

2095 4547 2203 4602 hoc
2247 4547 2450 4615 voluit,
2497 4548 2686 4602 sciens
2718 4549 3090 4618 prudensque
3123 4548 3179 4601 in
3214 4550 3495 4605 damnum
3530 4552 3729 4607 incur-

2099 4636 2194 4697 rit,
2226 4635 2483 4690 stultitiae
2515 4652 2633 4690 suae
2664 4635 2934 4706 imputet.
2969 4636 3250 4691 Similiter
3279 4638 3452 4693 homo
3495 4656 3732 4711 corpore

2099 4724 2354 4792 infirmo,
2382 4723 2475 4778 cui
2507 4740 2639 4779 cum
2670 4723 2820 4779 clare
2850 4728 3050 4778 notum
3085 4725 3156 4779 sit
3187 4728 3429 4796 quinam
3464 4728 3575 4799 ipsi
3621 4728 3735 4783 cibi

2103 4813 2345 4884 prosint,
2382 4812 2600 4883 quique
2652 4817 2913 4879 noceant,
2966 4818 3159 4868 tamen
3210 4814 3348 4885 gula
3399 4817 3738 4887 praevalente

2103 4900 2291 4955 noxiis
2340 4915 2400 4953 se
2451 4900 2791 4971 ingurgitat,
2836 4918 3027 4955 nonne
3059 4902 3106 4955 si
3141 4902 3349 4957 deinde
3382 4906 3621 4959 morbus
3650 4906 3738 4959 in-

2105 4992 2423 5060 gravescat,
2455 4988 2773 5059 culpabunt
2810 5006 2942 5044 eum
2995 5007 3219 5057 omnes,
3270 4995 3327 5045 et
3372 4994 3610 5047 meritas
3650 4993 3737 5047 in.

2105 5077 2503 5149 temperantiae
2535 5076 2693 5132 luere
2725 5094 2925 5148 poenas
2958 5078 3349 5134 dicent?Talis
3382 5081 3618 5135 omnino
3651 5084 3741 5135 est

2103 5165 2195 5219 vir
2224 5166 2487 5220 eruditus
2518 5166 2736 5220 bonum
2770 5183 2799 5219 a
2834 5166 2985 5220 malo
3016 5167 3371 5235 discernens,
3421 5172 3477 5223 et
3526 5176 3738 5236 tamen,

2107 5253 2430 5325 postposito
2474 5254 2646 5321 bono,
2679 5254 2898 5308 malum
2932 5255 3305 5325 praeligens;
3339 5260 3394 5311 et
3423 5255 3557 5311 huic
3586 5257 3740 5311 enim

2108 5342 2454 5413 imputanda
2485 5344 2723 5397 omnino
2773 5347 2943 5397 erunt
2991 5358 3116 5413 quae
3163 5344 3373 5398 deinde
3423 5350 3745 5415 sequentur

2110 5432 2344 5497 damna;
2373 5446 2475 5484 nec
2508 5430 2906 5498 miseratione,
2932 5431 3031 5484 sed
3060 5431 3508 5501 reprehensione
3531 5432 3745 5501 dignus

2107 5518 2296 5575 erit.Si
2318 5518 2473 5573 enim
2508 5520 2622 5574 duo
2654 5520 2892 5592 quidam
2926 5518 3102 5572 simul
3135 5518 3471 5573 incidantin
3499 5522 3743 5589 foveam,

2108 5622 2357 5679 quorum
2393 5606 2539 5662 alter
2568 5625 2753 5663 caecus
2784 5612 2954 5662 antea
2986 5606 3179 5677 fuerit,
3212 5607 3358 5663 alter
3387 5607 3553 5664 oculo
3585 5613 3745 5661 utro-‘-
