4108 6294
438 319 567 374 1231

1938 329 2323 381 APPENDIX.

3676 334 3828 388 1232

425 458 555 513 que
590 441 743 497 clare
774 443 1019 509 videns,
1049 447 1269 511 utrum,
1315 460 1530 514 quaeso,
1576 461 1773 501 eorum
1824 447 2066 504 miserar
2102 452 2156 515 Α
2185 465 2479 506 sesamum
2513 451 2748 507 sindoni
2782 454 3153 525 suppositum
3186 454 3473 526 pertinere
3520 457 3589 510 ad
3640 474 3824 513 suum

429 531 678 600 buntur,
705 535 901 586 utrum
956 530 1278 602 culpabunt
1323 531 1636 587 homines?
1682 532 1930 591 Omnino
1980 535 2069 590 in-

426 619 692 675 felicitati
749 619 880 674 caeci
947 620 1396 690 compatientur,
1458 621 1713 676 videntis
1756 622 2069 679 stultitiam

427 706 691 762 irridehu
702 713 787 763 nt.

427 901 639 957 CAP.V.
660 933 725 943 -—
757 903 1049 973 Pr0priam
1078 902 1377 958 utilitatem
1406 908 1457 959 et
1484 920 1589 958 non
1622 903 1865 959 alienam
1894 905 2067 960 solum

502 988 571 1027 ex
616 975 850 1027 scientia
900 973 1250 1043 captandam,
1299 974 1543 1031 docetur.
1597 975 1831 1030 Maxime
1885 981 2069 1031 autem

498 1044 785 1168 vitandum
831 1060 900 1098 ne
946 1044 1178 1099 scientia
1222 1050 1409 1099 nostra
1439 1062 1498 1100 τη
1530 1047 1799 1101 damnum
1829 1047 2068 1102 aliorum

498 1131 528 1169 a
569 1124 815 1169 utamur.

496 1130 815 1170 abutamur.

493 1271 599 1333 Qui
624 1272 927 1327 scientiam
961 1274 1353 1343 acquisivitin
1404 1275 1723 1330 utilitatem
1777 1278 2068 1332 duntaxat

423 1358 849 1423 aliorum,nihil
871 1377 938 1414 ex
961 1377 1027 1415 ea
1052 1362 1270 1431 proprii
1296 1364 1524 1417 fructus
1558 1364 1682 1433 ipse
1716 1364 2063 1434 percipiens,

423 1447 633 1501 similis
663 1451 751 1502 est
781 1452 945 1501 terrae
978 1464 1106 1517 quae
1138 1450 1353 1504 damno
1385 1450 1620 1520 proprio
1652 1453 1831 1506 servit
1877 1451 2064 1507 homi-

424 1535 596 1589 nibus
648 1540 706 1590 et
736 1534 964 1604 bestiis,
1000 1552 1102 1591 nec
1136 1536 1459 1608 quidquam
1492 1555 1559 1592 ex
1586 1538 1657 1593 iis
1688 1556 1814 1609 quae
1847 1541 2067 1595 confert

422 1622 481 1675 in
510 1622 658 1678 alios
681 1623 1062 1693 juvatur.Par
1092 1631 1178 1679 est
1208 1624 1385 1695 igitur
1418 1627 1753 1681 studiosum
1785 1628 2064 1682 doctrinae

425 1712 677 1781 primum
713 1712 946 1782 quidem
978 1712 1240 1784 seipsum
1273 1714 1585 1768 admonere
1606 1714 1971 1785 dirigereque
1993 1717 2064 1771 ad

426 1816 659 1855 omnem
683 1801 1078 1870 operationem
1105 1801 1430 1868 honestam,
1456 1802 1667 1857 deinde
1698 1808 1892 1857 autem
1924 1820 2060 1858 con-
2096 1814 2142 1877 Β

426 1888 575 1942 ferre
605 1904 843 1958 operam
876 1890 947 1943 ad
981 1889 1125 1944 alios
1158 1890 1472 1945 docendos.
1506 1892 1583 1945 Ac
1614 1891 1673 1945 in
1718 1892 2061 1947 universum

426 1976 822 2031 consideranti
854 1977 979 2031 vitae
1010 1977 1279 2032 humanae
1328 1983 1571 2048 statum,
1624 1979 1738 2034 tria
1787 1979 1932 2034 mihi
1977 1980 2062 2034 vi-

425 2064 635 2118 dentur
670 2063 863 2119 inesse
902 2069 1163 2134 oportere
1184 2065 1407 2120 homini
1431 2065 1681 2138 eleganti
1713 2071 1770 2121 et
1798 2068 2062 2135 honesto,

427 2151 699 2206 videlicet
728 2152 1055 2219 scientiam,
1084 2153 1320 2209 divitias
1346 2159 1404 2209 et
1430 2171 1661 2209 morum
1690 2160 1949 2210 exactam
1983 2156 2067 2210 di-

425 2239 757 2311 sciplinam.
818 2241 925 2305 Qui
984 2241 1138 2296 enim
1198 2243 1407 2313 qumrit
1463 2242 1739 2313 pecunias
1800 2244 2066 2300 nesciens

424 2331 648 2382 rectum
681 2344 883 2383 earum
917 2345 1113 2397 usum,
1146 2329 1364 2384 frustra
1409 2330 1636 2384 laborat
1676 2335 1732 2386 et
1782 2336 2067 2403 praecepta

427 2431 554 2485 quae
606 2415 665 2469 in
722 2431 789 2470 eo
835 2416 1152 2471 traduntur
1216 2433 1330 2472 non
1398 2417 1719 2489 perceperit
1775 2422 1948 2488 atque
2006 2420 2063 2473 in

426 2519 601 2558 usum
651 2504 1013 2559 observando
1063 2504 1355 2576 redegerit
1402 2522 1504 2576 per
1552 2505 1879 2561 socordiam
1911 2506 2063 2561 desi-

431 2592 731 2663 diamque,
764 2609 950 2647 caecus
981 2591 1077 2646 hic
1116 2593 1253 2662 jure
1288 2593 1612 2649 vocabitur.
1661 2594 1764 2648 Est
1814 2599 1870 2648 et
1917 2593 2064 2649 illud

431 2696 783 2751 magnopere
813 2680 1112 2735 vitandum
1137 2697 1209 2736 ne
1239 2681 1323 2735 sic
1355 2686 1553 2736 utatur
1576 2683 1782 2737 doctus
1809 2682 1865 2736 in
1896 2699 2064 2738 suam

434 2766 749 2822 utilitatem
807 2766 1066 2837 scientia,
1118 2771 1183 2821 ut
1238 2767 1404 2824 alteri
1454 2770 1739 2823 damnum
1793 2774 1947 2824 creet
2006 2770 2065 2823 in

431 2856 734 2927 proprium
761 2859 1084 2926 quaestum;
1115 2855 1333 2926 alioqui
1359 2857 1777 2912 circumvenire
1809 2858 2064 2912 amicum

430 2942 542 2997 isto
569 2944 739 2998 modo
789 2944 1053 3011 studens,
1104 2944 1359 3015 patietur
1405 2946 1557 3016 quod
1604 2945 1820 2999 sesami
1866 2944 2068 2999 vendi-

429 3031 540 3085 tori
573 3031 835 3102 contigit.
869 3032 1043 3086 Aiunt
1073 3032 1228 3087 enim
1262 3034 1475 3087 sesami
1508 3032 1831 3088 venditores
1884 3032 2064 3087 fuisse

428 3119 575 3173 duos
606 3136 724 3173 una
755 3119 840 3174 uti
889 3120 1096 3176 solitos
1145 3120 1446 3192 apotheca,
1491 3121 1662 3190 cujus
1711 3120 1770 3174 in
1819 3120 2064 3176 diversis
2096 3148 2139 3214 ρ

428 3205 660 3277 angulis
711 3207 801 3262 sui
861 3209 1175 3278 separatim
1226 3208 1513 3277 cujusque
1565 3208 1825 3278 ipsorum
1877 3210 2064 3264 acervi

428 3295 666 3349 stabant
694 3296 823 3364 eius
856 3296 1123 3366 pretiosa:
1156 3295 1360 3366 frugis.
1394 3296 1528 3350 Erat
1576 3300 1769 3352 autem
1816 3297 2067 3352 duorum

432 3380 578 3436 alter
606 3382 778 3436 homo
811 3384 969 3436 vafer
998 3386 1054 3438 et
1103 3382 1406 3452 subdolus,
1463 3383 1583 3454 qui,
1634 3385 1855 3453 adjecto
1903 3385 2072 3456 cupi-

434 3469 635 3524 ditatis
665 3470 831 3524 oculo
864 3470 922 3524 in
968 3476 1186 3541 partem
1240 3472 1401 3540 socii,
1452 3471 1703 3527 decrevit
1749 3489 1817 3526 ex
1863 3489 1930 3527 ea
1976 3474 2070 3527 fu-

439 3559 577 3629 rari,
628 3559 1050 3630 adornavitque
1082 3560 1345 3615 fraudem
1380 3560 1437 3614 in
1470 3559 1624 3614 hunc
1656 3562 1894 3615 modum
1928 3576 1941 3614 :
1974 3578 2070 3616 ve-

440 3645 527 3699 nit
556 3663 658 3716 per
687 3646 865 3715 diem,
902 3648 1136 3718 quando
1168 3648 1294 3703 sine
1342 3647 1673 3718 suspicione
1716 3653 1959 3719 poterat,
2010 3650 2068 3703 in

440 3750 749 3789 commune
795 3734 1090 3801 horreum,
1140 3741 1195 3791 et
1246 3752 1421 3807 super
1472 3752 1740 3791 acervum
1791 3736 1881 3790 sui
1928 3736 2069 3791 socii

436 3823 683 3879 linteum
716 3825 1006 3895 expandit.
1042 3826 1102 3879 Id
1134 3842 1200 3880 ea
1229 3842 1407 3881 causa
1439 3826 1703 3890 faciebat,
1738 3830 1802 3878 ut
1831 3825 1941 3879 isto
1990 3826 2068 3879 si-

435 3928 550 3982 gno
599 3913 937 3983 superjectae
989 3912 1139 3978 telae,
1191 3928 1294 3984 per
1349 3914 1621 3967 tenebras
1678 3912 2067 3967 internoscere

432 4009 627 4069 posset
659 4000 913 4054 alienum
942 4001 1243 4055 cumulum
1281 4017 1314 4054 a
1361 4002 1613 4070 proprio.
1669 4001 1786 4055 Sub
1839 4000 1957 4055 haec
2009 4018 2068 4055 re

428 4091 550 4142 tota
577 4088 811 4142 cuidam
844 4088 1031 4142 amico
1065 4088 1517 4155 communicata,
1568 4089 1737 4157 cujus
1780 4088 2066 4157 adjutrice

427 4191 601 4244 opera
632 4176 689 4229 in
722 4176 874 4229 furto
904 4176 1166 4231 faciendo
1200 4175 1284 4230 uti
1315 4175 1560 4245 volebat,
1607 4176 1941 4245 procinctus
1990 4179 2060 4231 ad

427 4262 617 4318 scelus
650 4280 780 4317 cum
825 4280 889 4318 eo
942 4264 1154 4331 stabat,
1202 4263 1406 4318 horam
1456 4268 1650 4333 aptam
1699 4268 2057 4334 exspectans.

426 4350 662 4405 Interim
715 4355 908 4404 autem
956 4350 1147 4405 socius
1194 4350 1402 4421 ipsius,
1450 4350 1623 4405 homo
1673 4351 1952 4405 innocens
2004 4358 2062 4406 et

416 4438 638 4508 justus,
671 4440 814 4493 forte
844 4438 1145 4508 ingressus
1178 4438 1541 4508 apothecam,
1586 4438 1684 4492 ubi
1732 4439 2059 4494 observavit

2178 537 2421 604 socium,
2453 554 2521 593 ex
2571 555 2636 595 eo
2682 540 2835 595 haud
2886 558 3058 613 parce
3107 543 3398 612 sumpsit;
3452 550 3824 615 onustusque

2176 626 2415 681 domum
2450 643 2512 681 se
2544 628 2742 700 recipit
2775 646 2908 684 cum
2937 647 3043 685 suo
3076 632 3422 700 subadiuva,
3453 634 3548 688 cui
3594 648 3823 687 merce-

2178 712 2307 767 dem
2332 713 2555 769 collatae
2576 732 2763 787 Operae
2784 717 3095 772 dimidium
3121 718 3297 773 ablati
3324 720 3541 774 sesami
3562 720 3821 787 donavit,

2176 802 2441 857 nesciens
2474 805 2544 859 de
2574 820 2680 859 suo
2711 821 2774 859 se
2804 806 3078 860 furatum.
3114 807 3393 862 Postridie
3433 808 3819 863 dissimulans

2175 890 2401 961 egregie
2432 901 2777 947 nocturnam
2820 894 3083 948 fraudem
3135 911 3264 949 cum
3314 895 3462 950 nihil
3515 896 3661 952 male
3710 914 3819 952 su-

2175 978 2437 1047 spicante
2494 980 2649 1035 socio
2708 981 3037 1051 ingreditur
3087 983 3379 1052 horreum,
3438 983 3678 1054 visoque
3729 985 3819 1039 ibi

2176 1064 2352 1121 linteo
2409 1084 2664 1139 expanso
2724 1086 2903 1141 supra
2960 1071 3259 1141 proprium
3306 1088 3599 1139 acervum,
3640 1072 3818 1127 intel-

2177 1153 2436 1225 lectaque
2469 1172 2537 1209 ex
2570 1157 2825 1212 officiose
2865 1158 3149 1212 referente
3195 1158 3418 1230 collega
3473 1161 3816 1216 mutationis

2173 1257 2371 1307 causa,
2403 1242 2623 1314 ingenti
2658 1245 2961 1314 perculsus
2991 1246 3189 1301 dolore
3218 1252 3332 1315 est,
3374 1264 3503 1302 sero
3556 1248 3816 1304 videlicet

2174 1329 2451 1396 sentiens,
2483 1346 2543 1385 se
2575 1331 2713 1385 dum
2748 1331 3011 1403 improbe
3043 1338 3334 1402 quaestum
3368 1336 3565 1389 studet
3605 1336 3813 1405 facere,

2175 1417 2458 1473 damnum
2492 1419 2747 1474 subiisse
2778 1437 2792 1474 :
2827 1421 2980 1490 quod
3013 1421 3168 1476 enim
3218 1423 3473 1492 adjutori
3526 1424 3658 1478 furti
3710 1425 3812 1477 de-

2173 1506 2355 1571 derat,
2418 1506 2529 1561 sibi
2560 1507 2803 1577 periisse
2831 1509 3067 1562 videbat
3096 1509 3581 1579 irreparabiliter;
3627 1510 3813 1582 siqui-

2175 1594 2303 1648 dem
2338 1609 2411 1647 ne
2445 1594 2515 1648 ab
2547 1611 2612 1648 eo
2647 1599 2932 1665 repeteret
2961 1597 3234 1651 obstabat
3266 1602 3458 1652 metus
3486 1600 3666 1652 totius
3700 1616 3819 1654 ma-

2171 1681 2345 1736 leficii
2375 1683 2651 1753 vulgandi
2682 1683 2937 1753 indeque
2963 1684 3019 1737 in
3052 1701 3253 1755 puenas
3283 1686 3621 1741 incurrendi
3669 1705 3818 1758 prae-

2172 1771 2417 1841 scriptas
2453 1770 2702 1842 legibus.
2747 1771 2981 1840 Oportet
3028 1772 3208 1843 igitur
3254 1789 3386 1828 eum
3437 1775 3534 1844 qui
3586 1774 3815 1845 aliquid

2171 1857 2531 1928 aggreditur,
2564 1858 2861 1928 providere
2891 1858 3068 1913 ﬁnem
3102 1858 3263 1915 illius
3294 1861 3490 1932 coepti;
3530 1863 3630 1931 qui
3676 1879 3810 1917 vero

2173 1944 2470 2015 negotium
2501 1946 2708 2015 incipit
2738 1947 2906 2015 cujus
2932 1947 3109 2001 ﬁnem
3143 1964 3256 2002 non
3285 1950 3606 2019 prospexit,
3658 1950 3811 2004 mul-

2171 2036 2297 2087 tum
2351 2033 2639 2088 laborabit
2696 2038 2754 2088 et
2806 2034 2954 2088 nihil
3012 2034 3335 2090 lucrabitur
3386 2053 3399 2092 :
3446 2053 3619 2093 nemo
3651 2039 3809 2093 enim

2171 2120 2453 2176 ditescere
2484 2125 2673 2191 potest
2698 2121 2824 2176 sine
2856 2138 3069 2194 magno
3094 2122 3310 2179 labore.

2172 2262 2301 2317 CAP.
2334 2261 2427 2317 VI.
2455 2292 2537 2337 _—-
2591 2266 2665 2317 De
2703 2262 2941 2337 reliquis
2978 2263 3199 2337 duobus
3235 2280 3358 2335 quae
3404 2267 3624 2337 requiri
3667 2267 3815 2321 dicta

2240 2337 2371 2407 sunt
2397 2332 2808 2407 adornandum
2826 2332 3135 2407 hominem,
3167 2332 3380 2389 diuitiis
3410 2341 3458 2391 et
3478 2332 3809 2407 disciplina.

2245 2402 2557 2478 Ostenditur
2585 2406 2718 2478 item,
2743 2421 2855 2478 non
2893 2421 3000 2459 esse
3057 2406 3463 2478 desperandum
3518 2406 3583 2460 in
3629 2402 3812 2478 angu-

2240 2475 2380 2548 etiis,
2411 2476 2658 2544 exemplo
2698 2477 2878 2545 inopis
2932 2475 3159 2545 quando
3202 2479 3433 2532 minime
3480 2475 3812 2548 opinabatur

2242 2544 2300 2598 id
2328 2560 2432 2614 quo
2456 2547 2649 2614 agebat
2682 2544 2848 2600 nacti.

2244 2670 2466 2723 Rursus
2501 2684 2688 2739 neque
2718 2672 2943 2739 oportet
2989 2670 3295 2740 desperare
3340 2672 3409 2727 de
3453 2672 3703 2744 negotiis
3750 2677 3805 2728 et

2172 2770 2445 2810 successu
2480 2771 2697 2823 rerum,
2732 2772 2863 2811 cum
2898 2773 3112 2828 magna
3142 2758 3199 2813 in
3224 2758 3296 2813 iis
3322 2775 3525 2814 casum
3557 2760 3803 2815 varietas

2170 2848 2453 2915 versetur,
2486 2849 2541 2899 et
2571 2846 2727 2915 quod
2761 2862 2873 2900 non
2905 2851 2996 2901 est
3018 2846 3317 2918 inopinato
3370 2850 3556 2920 possit
3603 2867 3804 2925 reprae-

2173 2932 2414 2988 sentari.
2463 2933 2618 2988 Ante
2666 2936 2861 2989 omnia
2908 2951 3039 2991 vero
3088 2952 3289 2991 curare
3322 2942 3548 3008 oportet
3573 2943 3805 3008 eterna,

2173 3038 2288 3077 non
2303 3025 2497 3077 autem
2512 3022 2568 3076 in
2584 3023 2938 3078 transitoriis
2962 3024 3414 3081 sollicitudinem
3440 3044 3801 3082 consumere.

2174 3109 2505 3179 Redeojam
2539 3109 2609 3163 ad
2663 3110 2778 3164 duo
2827 3110 2927 3165 illa
2973 3128 3041 3165 ex
3083 3113 3271 3167 tribus
3320 3130 3448 3184 quae
3497 3114 3804 3170 memoravi

2178 3197 2400 3252 homini
2442 3196 2796 3253 absolvenda
2846 3200 3195 3267 necessaria,
3253 3217 3391 3272 opes
3439 3202 3715 3257 videlicet
3764 3208 3815 3257 et

2178 3302 2407 3342 morum
2456 3286 2847 3358 disciplinam.
2898 3289 2965 3343 Et
3009 3289 3150 3345 talia
3198 3297 3358 3361 sunt,
3412 3296 3476 3346 ut
3517 3297 3715 3347 utrum
3747 3308 3812 3347 ex

2174 3376 2322 3449 ipsis
2362 3376 2531 3445 desit,
2600 3378 2845 3433 existere
2899 3379 3024 3433 vitae
3092 3379 3282 3436 felicis
3350 3380 3639 3437 absolutio
3697 3399 3809 3437 non

2178 3466 2397 3536 possit;
2430 3465 2513 3520 sic
2536 3464 2691 3519 enim
2744 3482 2807 3520 se
2850 3466 3068 3521 habent
3122 3468 3392 3538 invicem,
3440 3475 3507 3524 ut
3558 3469 3710 3541 ignis
3756 3476 3810 3524 et

2175 3555 2355 3627 ligna,
2388 3571 2503 3610 non
2534 3553 2761 3609 valente
2787 3555 2997 3609 durare
3051 3561 3108 3611 et
3156 3557 3349 3613 lucere
3396 3564 3631 3614 ﬂamma
3681 3559 3809 3614 sine

2176 3644 2440 3699 materia.
2474 3644 2605 3698 Hanc
2634 3644 2735 3714 qui
2767 3645 3179 3717 observaverit,
3213 3653 3268 3702 et
3301 3650 3366 3703 ad
3398 3648 3551 3703 hanc
3589 3647 3805 3702 doctri-

2176 3750 2310 3788 nam
2340 3733 2519 3787 vitam
2561 3733 2834 3803 exegerit,
2885 3734 3135 3788 multum
3186 3737 3466 3807 percipiet
3511 3735 3803 3791 utilitatis.

2175 3821 2308 3876 Ideo
2336 3824 2528 3876 autem
2561 3820 2677 3874 dixi
2708 3838 2821 3875 non
2862 3838 2989 3877 esse
3037 3822 3467 3894 desperandum
3515 3824 3575 3879 in
3626 3840 3807 3895 angu-

2172 3909 2302 3963 stiis
2345 3908 2577 3979 inopiae,
2610 3908 2750 3978 quia
2779 3908 3013 3964 divitias
3042 3911 3209 3965 multi
3243 3912 3663 3967 nanciscuntur
3689 3911 3803 3964 im-

2172 3996 2421 4068 proviso.
2449 3995 2724 4067 Exemplo
2756 3997 2833 4050 sit
2863 4013 3035 4051 casus
3062 3998 3161 4068 qui
3197 4005 3465 4054 narratur
3494 4000 3802 4068 cujusdam

2169 4085 2443 4157 pauperis
2463 4101 2529 4140 eo
2549 4084 2823 4156 egestatis
2849 4085 3089 4153 redacti,
3121 4091 3186 4141 ut
3218 4103 3289 4142 ne
3320 4094 3531 4143 vestem
3562 4088 3799 4157 quidem

2166 4172 2407 4227 haberet
2429 4189 2545 4244 qua
2579 4171 2904 4227 nuditatem
2945 4178 3183 4244 tegeret.
3214 4176 3322 4230 Ivit
3349 4176 3446 4231 ille
3476 4176 3546 4230 ad
3579 4176 3799 4229 amicos

2166 4265 2223 4316 et
2244 4261 2577 4316 subsidium
2601 4260 2869 4329 quaesivit
2892 4264 3162 4315 extrema:
3187 4263 3267 4318 ibi
3291 4280 3409 4319 suae
3440 4262 3795 4322 necessitati;

2165 4350 2263 4404 sed
2300 4350 2518 4403 frustra
2547 4347 2603 4401 id
2638 4348 2792 4414 fecit,
2815 4364 2985 4403 nemo
3016 4348 3097 4403 illi
3128 4356 3231 4405 aut
3259 4352 3433 4407 voluit
3460 4358 3562 4407 aut
3611 4352 3798 4423 potuit

2165 4452 2522 4492 succurrere.
2574 4435 2903 4490 Revertitur
2958 4452 3091 4507 ergo
3147 4440 3360 4507 nudus,
3422 4444 3490 4494 ut
3538 4444 3794 4504 venerat,

422 4541 596 4579 suum
631 4541 898 4579 acervum
929 4526 1174 4580 sindone
1206 4530 1564 4595 coopertum,
1597 4542 1771 4595 quam
1822 4525 2052 4597 collegae
2089 4509 2130 4572 Ῐ)
2162 4526 2424 4593 domum,
2473 4528 2530 4577 et
2577 4539 2726 4594 aegro
2770 4523 2967 4577 animo
3011 4524 3068 4579 in
3114 4543 3222 4580 suo
3250 4527 3462 4582 lectulo
3492 4526 3789 4582 decubuit.

419 4613 511 4666 sui
547 4612 767 4667 sciebat
796 4629 943 4681 esse,
969 4618 1075 4682 En,
1097 4612 1307 4684 inquit,
1335 4630 1512 4685 quam
1546 4614 1761 4668 bonum
1794 4617 1850 4668 et
1879 4614 2049 4668 bene-

416 4699 593 4754 ficum
627 4700 848 4754 socium
882 4700 1094 4755 habeo!
1121 4703 1374 4757 contexit
1405 4718 1560 4756 meas
1590 4701 1785 4771 fruges
1818 4702 2050 4772 proprio

414 4786 618 4851 linteo,
678 4804 749 4842 ne
808 4789 947 4859 quid
1001 4789 1333 4845 detrimenti
1386 4790 1735 4860 acciperent,
1782 4790 2048 4861 proprias

412 4877 706 4947 expositas
769 4878 1023 4932 fortuitis
1073 4880 1308 4935 casibus
1357 4879 1613 4950 reliquit.
1667 4880 1841 4950 Atqui
1889 4880 2044 4935 haud

413 4965 686 5034 equidem
722 4966 1108 5035 committam,
1149 4972 1215 5022 ut
1246 4982 1337 5021 me
1363 4966 1462 5021 ille
1493 4966 1850 5037 benignitate
1880 4985 2047 5039 supe-

410 5054 661 5121 raverit;
695 5054 999 5109 consulam
1030 5060 1087 5110 et
1114 5071 1219 5126 ego
1249 5054 1618 5109 indemnitati
1650 5070 1841 5110 rerum
1893 5056 2042 5126 ejus,

409 5139 562 5195 ultro
593 5142 751 5196 adito
785 5142 1043 5212 periculo
1097 5158 1381 5197 mearum.
1432 5145 1564 5196 Haec
1612 5142 1811 5197 dicens
1860 5158 1890 5197 e
1939 5161 2043 5200 suo

406 5244 633 5284 sesamo
665 5231 1022 5285 abstractam
1054 5245 1284 5285 sesamo
1316 5219 1409 5284 sui
1434 5230 1571 5284 socii
1598 5230 1879 5300 imposuit
1921 5231 2044 5286 sin-

405 5316 642 5385 donem,
674 5323 850 5388 atque
882 5318 963 5372 ita
994 5318 1254 5372 recessit.
1290 5317 1530 5388 Irrepsit
1560 5318 1772 5372 deinde
1804 5318 1896 5372 fur
1943 5336 2045 5390 per

403 5409 631 5459 noctem
665 5406 722 5460 in
756 5405 1031 5461 horreum
1064 5423 1183 5460 una
1212 5422 1347 5460 cum
1376 5421 1463 5472 eo,
1497 5422 1671 5475 quem
1713 5407 1823 5461 sibi
1873 5424 2041 5478 para-

399 5496 580 5559 verat,
609 5495 911 5562 adjutore;
947 5510 1011 5548 ac
1036 5510 1214 5549 manu
1248 5493 1494 5565 palpans
1545 5493 1603 5547 in
1633 5494 1892 5549 tenebris
1941 5496 2039 5550 ubi

398 5582 778 5637 contrectavit
808 5582 1140 5653 sindonem,
1168 5582 1381 5637 indicio
1418 5582 1547 5652 ejus
1594 5583 1745 5653 signi
1798 5584 2040 5641 credens

2160 4614 2422 4667 Habebat
2450 4616 2642 4665 autem
2679 4611 2788 4665 sub
2822 4611 3031 4667 lectulo
3065 4613 3403 4681 dolium,cui
3432 4616 3788 4669 frumentum

2158 4702 2367 4765 inerat,
2400 4716 2513 4771 quo
2541 4700 2611 4753 ad
2646 4699 2860 4753 victum
2902 4700 3195 4756 utebatur.
3243 4706 3422 4759 Nocte
3472 4720 3640 4775 porro
3690 4702 3791 4758 illa

2157 4790 2462 4861 ingressus
2483 4787 2649 4842 furin
2681 4788 2810 4857 ejus
2840 4787 3106 4856 domum,
3131 4807 3263 4846 cum
3294 4791 3440 4847 nihil
3472 4792 3789 4849 invenisset

2156 4879 2311 4949 quod
2337 4881 2565 4945 raperet
2611 4874 2788 4945 aliud,
2838 4879 2897 4931 et
2935 4892 3155 4933 vacuus
3203 4881 3391 4935 redire
3438 4880 3638 4948 nollet,
3687 4880 3791 4934 do-

2156 4969 2299 5023 lium
2334 4965 2579 5022 extraxit
2609 4964 2762 5035 quod
2793 4969 2916 5020 erat
2946 4967 3057 5020 sub
3088 4966 3236 5023 lecto
3259 4970 3603 5025 dormientis
3646 4986 3787 5041 pau-

2156 5057 2332 5128 peris,
2380 5070 2445 5109 ac
2498 5069 2732 5108 saccum
2784 5068 2896 5107 non
2953 5052 3196 5124 habens,
3251 5063 3464 5112 vestem
3511 5056 3687 5123 exuit,
3727 5056 3785 5109 in

2151 5158 2399 5213 eamque
2432 5140 2704 5195 frumenti
2739 5143 3024 5210 quantum
3056 5157 3262 5213 capere
3311 5145 3500 5215 potuit
3556 5143 3779 5209 evolvit;

2150 5236 2291 5286 tunc
2322 5229 2481 5285 dedit
2512 5245 2573 5283 se
2603 5228 2661 5282 in
2711 5229 2906 5299 fugam
2956 5228 3317 5286 frumentum
3368 5234 3661 5287 auferens.
3709 5232 3781 5286 At

2152 5334 2371 5391 pauper
2419 5316 2701 5389 evigilans
2726 5315 2785 5370 in
2821 5323 3101 5388 tempore,
3132 5319 3324 5375 exsilit
3351 5337 3381 5375 e
3405 5320 3554 5376 lecto
3583 5320 3779 5375 nudus

2149 5405 2633 5478 persequiturque
2682 5404 2901 5471 furem;
2953 5404 3229 5477 brevique
3276 5413 3583 5464 assecutus
3629 5406 3781 5463 male

2148 5495 2495 5550 mulctatum
2518 5493 2742 5563 abjecta
2759 5494 2917 5547 veste
2938 5508 3072 5547 cum
3096 5495 3386 5551 frumento
3410 5497 3610 5567 fugere
3632 5512 3783 5550 com-

2146 5582 2314 5654 pulit.
2351 5582 2434 5637 Ita
2460 5596 2683 5653 pauper
2710 5583 2933 5635 vestem
2966 5584 3174 5638 nactus
3202 5587 3291 5639 est
3319 5599 3436 5655 qua
3463 5583 3681 5654 egebat,
3726 5587 3784 5638 et
