4060 6304
351 383 484 435 1233

1362 381 1714 433 SPEClMEN
1755 380 2154 432 SAPIENTIE
2197 378 2520 430 INDORUM
2563 380 2728 430 VET.

3591 373 3737 427 1234

351 507 703 560 frumentum
755 504 813 557 in
864 504 1018 558 dolio
1066 506 1327 573 reposuit
1377 506 1434 560 in
1485 523 1596 574 quo
1629 515 1747 560 erat
1783 503 1975 574 prius;
2011 505 2062 564 Α
2094 499 2300 552 deinde
2334 506 2395 553 ut
2432 501 2536 554 sibi
2575 501 2875 571 perquirat
2913 501 3307 556 necessarium
3354 500 3719 567 alimentum,

357 594 677 662 didicitque
708 592 947 645 minime
993 592 1422 662 desperandum
1459 593 1514 646 in
1549 591 1860 662 angustiis,
1893 606 1987 643 ex-

355 687 558 752 pertus
590 697 716 750 quae
751 696 862 733 non
915 685 1216 749 acceperat
1247 681 1318 734 ab
1349 680 1576 745 amicis,
1628 697 1688 734 se
1718 697 1751 733 a
1783 679 1907 732 fure
1937 681 1994 730 et

355 770 523 824 hoste
568 773 903 823 assecutum
948 783 960 821 :
1003 769 1170 836 cujus
1203 768 1375 822 etiam
1405 785 1473 822 ex
1500 785 1638 822 casu
1669 763 1991 835 Qintellexit,

358 876 472 913 non
521 874 646 911 esse
699 856 1154 926 aggrediendum
1182 857 1486 926 negotium
1519 856 1686 925 cujus
1727 855 1990 924 explora-

357 953 453 1000 tus
489 962 602 999 non
633 945 709 998 sit
739 945 948 998 exitus.

357 1062 487 1116 CAP.
535 1060 659 1115 VII.
725 1090 794 1099 —
853 1059 1169 1112 Ostenditur
1225 1075 1334 1113 non
1389 1074 1499 1112 esse
1544 1058 1915 1111 desistendum
1961 1073 1994 1111 α

431 1132 649 1256 iubare;
677 1141 727 1186 et
752 1130 1064 1200 prudentiae
1095 1129 1266 1198 magis
1301 1128 1651 1183 innitendum
1682 1145 1846 1199 quam
1879 1131 1992 1197 for-

456 1219 597 1256 unae.

429 1303 557 1352 Haec
613 1301 809 1351 tamen
847 1313 960 1350 non
993 1312 1058 1350 eo
1089 1295 1382 1366 pertinent
1412 1299 1475 1349 ut
1504 1294 1718 1348 ﬁducia
1749 1308 1994 1347 casuum

361 1385 702 1455 hujusmodi
732 1384 1105 1438 fortuitorum
1130 1383 1427 1437 remittere
1453 1382 1802 1435 industriam
1828 1379 1995 1434 omit-

359 1478 602 1544 tereque
632 1476 906 1526 conatum
955 1471 1300 1538 debeamus;
1351 1470 1689 1524 haerendum
1721 1474 1809 1522 est
1838 1467 1992 1522 enim

359 1562 419 1616 in
451 1578 515 1616 eo
547 1561 701 1632 quod
749 1560 1094 1630 plerumque
1143 1559 1238 1624 ﬁt;
1291 1557 1437 1612 solet
1485 1561 1675 1612 autem
1737 1555 1994 1610 invenire

362 1649 462 1719 qui
495 1649 722 1720 quaerit.
757 1647 1080 1713 Quodcirca
1123 1647 1230 1700 etsi
1280 1646 1592 1716 aliquando
1636 1644 1848 1699 videris
1892 1642 1995 1696 ali-

367 1754 539 1808 quem
557 1735 998 1790 invenisselicet
1022 1752 1134 1789 non
1164 1741 1465 1803 quaereret,
1489 1751 1560 1788 ne
1578 1732 1675 1787 tali
1696 1732 1854 1786 casui
1874 1736 1997 1785 tan-

2099 587 2349 656 denique
2383 595 2446 641 ut
2478 593 2629 642 recte
2658 605 2792 642 cum
2827 588 3167 642 hominibus
3198 593 3590 642 conversetur.
3622 588 3730 642 Di-

2098 681 2309 729 xerunt
2339 676 2512 730 etiam
2541 675 2751 744 eidem,
2786 676 3084 730 hominem
3117 676 3376 730 desidem
3418 679 3474 729 et
3520 675 3730 745 supine

2100 779 2393 829 securum,
2428 767 2642 818 temere
2681 766 3009 818 credentem
3057 764 3386 818 rationibus
3435 763 3585 817 male
3633 780 3725 817 co-

2101 851 2478 920 haerentibus,
2510 869 2760 922 quarum
2792 852 3207 908 connexionem
3244 868 3410 906 mens
3440 853 3567 920 ejus
3597 851 3727 921 ipsa

2102 957 2214 993 non
2247 941 2457 1010 capiat,
2490 941 2744 995 similem
2803 957 2928 996 esse
2987 940 3210 994 homini
3267 939 3562 993 voluntate
3607 957 3732 1010 pro-

2104 1029 2229 1098 pria
2262 1029 2406 1082 duce
2439 1029 2496 1082 in
2531 1030 2707 1083 rebus
2737 1046 2864 1098 quae
2896 1031 3014 1099 agit
3045 1030 3165 1082 vice
3199 1028 3529 1082 intellectus
3563 1033 3730 1081 uten-

2102 1116 2169 1184 ti,
2229 1117 2717 1187 persuadentique
2774 1116 2886 1170 sibi
2920 1134 3048 1186 quae
3109 1116 3218 1185 ipsi
3279 1116 3527 1186 placent,
3563 1116 3669 1169 etsi
3703 1134 3736 1169 a

2102 1220 2235 1257 vero
2266 1204 2453 1258 aliena
2501 1221 2566 1258 ea
2612 1204 2748 1257 sint.
2800 1205 3039 1258 Minime
3073 1209 3265 1257 autem
3298 1205 3458 1257 decet
3491 1204 3736 1273 pruden-

2105 1297 2221 1348 tem
2252 1294 2439 1347 virum
2470 1293 2714 1364 obsequi
2745 1310 2866 1348 suae
2900 1292 3209 1361 voluntati,
3245 1291 3561 1362 praesertim
3602 1307 3734 1344 cum

2105 1381 2421 1435 oﬂ'ensione
2452 1380 2730 1448 aliorum;
2765 1396 2954 1451 neque
2987 1381 3185 1435 leviter
3207 1381 3439 1435 credere
3460 1379 3737 1433 sermoni-

2105 1469 2216 1524 bus
2239 1470 2540 1523 hominum
2566 1474 2860 1539 utcunque
2884 1484 3115 1524 veraces
3145 1468 3255 1539 ipsi
3278 1468 3603 1532 videantur,
3625 1466 3738 1520 nisi

2107 1557 2251 1611 ratio
2299 1557 2359 1610 in
2400 1557 2571 1612 dictis
2628 1557 2870 1613 eluceat.
2931 1560 3117 1622 Quare
3171 1557 3220 1611 si
3280 1555 3379 1626 qui
3420 1555 3737 1625 loquuntur

2105 1645 2298 1715 ignavi
2323 1661 2386 1699 ac
2418 1645 2776 1716 negligentes
2821 1649 3158 1716 appareant,
3193 1644 3502 1712 diligenter
3532 1660 3735 1697 caven-

2107 1736 2266 1800 dum,
2288 1749 2359 1788 ne
2388 1733 2446 1788 in
2479 1733 2857 1788 aestimatione
2881 1733 3243 1803 negotiorum
3277 1733 3732 1797 occurrentium,

368 1842 544 1896 quam
576 1826 680 1878 tibi
705 1839 934 1894 quoque
956 1827 1230 1876 eventuro
1263 1823 1542 1889 conﬁdas,
1573 1837 1712 1875 neve
1761 1820 1998 1874 recedas
2032 1843 2077 1905 B
2109 1826 2283 1890 atque
2310 1820 2368 1874 in
2410 1837 2602 1874 rerum
2652 1821 3039 1891 gerendarum
3091 1820 3298 1874 notitia
3345 1819 3736 1884 informanda,

369 1931 400 1968 a
433 1913 729 1968 communi
766 1928 874 1966 usu
917 1910 1250 1981 regulaque,
1304 1910 1733 1963 demonstrante
1765 1910 1846 1961 sic
1891 1908 2002 1961 fere

368 2001 490 2056 fieri
522 2002 706 2055 solere
760 2004 824 2053 ut
880 1999 918 2051 ii
979 1999 1211 2052 demum
1257 1997 1552 2052 inveniant
1584 1997 1683 2067 qui
1714 2001 1999 2066 quaerunt.

367 2090 644 2144 Naturam
706 2103 840 2156 ergo
901 2103 1092 2141 rerum
1145 2091 1201 2140 et
1254 2085 1615 2157 negotiorum
1652 2082 2002 2155 perscrutari

373 2180 620 2247 oportet,
650 2174 1063 2245 explorareque
1096 2172 1422 2243 diligenter,
1466 2171 1814 2242 comparatis
1838 2170 1999 2223 dilI‘e-

371 2264 574 2319 renliis
604 2267 950 2325 eventuum;
982 2277 1050 2314 ex
1090 2276 1273 2329 eaque
1304 2259 1738 2330 comparatione
1771 2258 2000 2312 ratioci-

370 2351 562 2405 nando
609 2350 818 2404 inferre
870 2365 984 2418 qua
1026 2348 1118 2401 via
1151 2347 1404 2416 grassari
1435 2347 1506 2400 ad
1540 2347 1807 2415 quodque
1839 2361 2000 2400 asse-

375 2440 669 2509 quendum
701 2439 990 2507 oporteat;
1027 2440 1089 2489 ut
1118 2443 1174 2489 et
1204 2452 1269 2489 ex
1304 2434 1470 2488 bonis
1506 2450 1632 2502 qua:
1653 2434 2004 2503 contingunt

371 2525 672 2581 industria:
707 2525 1020 2595 prudenter
1040 2521 1323 2593 eperanti,
1351 2520 1749 2588 intelligamus
1782 2521 1916 2590 quid
1950 2526 2005 2576 et

373 2631 489 2686 qua
516 2613 608 2666 via
640 2611 1104 2682 persequendum
1134 2610 1230 2678 sit,
1263 2614 1317 2664 et
1347 2627 1413 2664 ex
1448 2608 1617 2663 malis
1648 2609 1704 2662 in
1743 2625 1868 2679 qua)
1909 2610 2005 2663 de-

371 2703 652 2758 labuntur
680 2697 971 2752 temerarii
1012 2713 1404 2768 aggressores,
1446 2712 1833 2767 agnoscamus
1863 2696 2004 2766 quid

374 2789 545 2843 vitari
577 2785 900 2854 conveniat,
935 2802 1003 2840 ne
1034 2785 1092 2838 in
1125 2783 1340 2838 similia
1370 2785 1586 2838 damna
1617 2784 2003 2838 incurramus.

377 2876 500 2932 Nisi
526 2875 681 2930 enim
719 2874 798 2928 ita
839 2872 1148 2927 fecerimus
1192 2871 1411 2926 similes
1450 2871 1670 2926 erimus
1703 2871 2004 2936 columbae,

383 2981 530 3036 quae,
564 2962 698 3017 licet
717 2961 925 3016 viderit
945 2959 1135 3031 pullos
1161 2975 1298 3014 suos
1338 2959 1521 3014 occidi
1554 2976 1746 3015 coram
1777 2976 1858 3026 se,
1894 2976 2008 3013 non

382 3051 599 3106 deserit
637 3049 830 3103 locum
875 3047 973 3101 ubi
1020 3045 1434 3112 nidificaverat,
1469 3047 1568 3100 sed
1593 3062 1798 3102 rursus
1826 3047 1884 3101 in
1915 3062 2010 3100 eo-

380 3139 510 3193 dem
544 3154 651 3192 ova
680 3135 862 3207 ponit,
888 3135 1077 3206 iisque
1109 3133 1367 3200 incubat,
1393 3133 1574 3188 donec
1605 3137 1660 3188 et
1689 3134 1818 3204 ipsa
1845 3137 2012 3202 capta

379 3229 687 3280 mactetur.
737 3225 912 3278 Decet
964 3222 1143 3292 igitur
1189 3222 1488 3277 hominem
1523 3222 1844 3276 intuentem
1876 3239 2006 3276 sco-

376 3330 517 3386 pum
546 3315 700 3368 viam
732 3311 803 3366 ad
836 3327 970 3366 eum
1001 3313 1216 3365 rectam
1251 3308 1484 3380 eligere,
1535 3309 1764 3381 sibique
1807 3309 2005 3364 termi-

378 3419 487 3456 nos
517 3401 835 3472 praal’igere,
868 3399 1020 3453 ultra
1069 3413 1216 3468 quos
1264 3413 1376 3450 non
1427 3400 1720 3467 evagetur,
1753 3413 2006 3466 curaque

375 3489 534 3560 vigili
569 3489 626 3542 in
660 3505 765 3542 usu
785 3504 850 3541 ac
872 3490 1119 3540 tractatu
1147 3485 1511 3555 negotiorum
1531 3485 1836 3552 excubare,
1863 3501 2004 3555 prae-

375 3584 644 3646 tereaque
693 3576 841 3630 scire
870 3591 1100 3629 omnem
1136 3573 1430 3627 hominem
1465 3573 1564 3642 qui
1597 3573 1789 3627 labore
1832 3577 2007 3642 atque

375 3664 669 3719 industria
720 3663 1076 3717 contendens
1121 3661 1178 3715 in
1231 3661 1486 3714 futurum
1536 3661 1808 3726 consulit,
1850 3678 2005 3715 com-

382 3753 547 3806 mode
592 3751 911 3816 victurum;
972 3749 1070 3819 qui
1119 3766 1249 3802 vero
1307 3753 1652 3819 praesentem
1694 3753 1921 3803 tantum
1955 3755 2010 3803 et

378 3838 615 3894 labilem
649 3837 957 3891 utilitatem
1003 3837 1300 3890 laboribus
1349 3836 1472 3890 suis
1502 3841 1713 3906 captat,
1744 3836 1800 3890 in
1837 3837 2008 3891 mise-

379 3928 526 3981 riam
558 3927 895 3996 lapsurum;
930 3941 1101 3995 porro
1136 3924 1234 3995 qui
1266 3923 1324 3977 in
1356 3929 1597 3994 utroque
1631 3925 2007 3994 contenderit,

381 4015 464 4069 sic
513 4017 854 4086 praesentem
889 4013 1145 4066 fructum
1196 4015 1436 4081 captans
1469 4015 1532 4065 ut
1578 4012 1833 4066 futuram
1867 4028 2010 4082 quo-

383 4119 493 4173 que
528 4101 845 4156 utilitatem
879 4116 1188 4170 procurare
1221 4116 1334 4154 non
1368 4099 1618 4165 desinat,
1649 4116 1780 4154 eum
1804 4104 1860 4154 et
1878 4099 2009 4153 vitae

383 4189 707 4245 commodis
740 4205 852 4243 non
889 4189 1232 4256 cariturum,
1281 4191 1338 4243 et
1385 4187 1616 4242 laudem
1651 4187 2012 4259 gloriamque

386 4281 758 4350 adepturum.

380 4385 515 4442 CAP.
548 4384 696 4440 VIII.
728 4415 794 4424 —
814 4382 1072 4451 Quadam
1098 4383 1211 4436 alia
1228 4384 1438 4438 monita
1460 4384 1625 4438 utilia
1645 4383 2012 4439 :etconclusio

910 4453 1278 4527 Prazfationis
1299 4455 1482 4524 hujus.

2112 1907 2463 1962 testimoniis
2513 1907 2717 1962 talium
2750 1908 3093 1961 innitamur.
3123 1908 3336 1961 Prister
3364 1905 3477 1961 ista
3507 1905 3742 1976 sapiens

2113 1996 2400 2050 monitum
2433 2000 2522 2050 est
2555 2013 2566 2050 :
2611 1996 2758 2060 Quid
2792 1996 3053 2050 studiose
3079 1995 3295 2066 satagit
3324 1993 3382 2049 in
3415 2000 3624 2048 conatu
3662 1993 3742 2047 rei

2112 2101 2237 2156 quae
2273 2084 2394 2138 fieri
2427 2101 2542 2139 non
2575 2089 2784 2154 potest,
2817 2094 2872 2138 et
2902 2083 3234 2139 inconsulto
3281 2083 3400 2137 ruit
3430 2084 3653 2153 impetu
3686 2081 3743 2135 in

2111 2178 2326 2226 metam
2357 2189 2472 2226 non
2521 2173 2852 2243 contiguam
2906 2174 3174 2227 humanae
3220 2171 3504 2238 facultati,
3538 2170 3749 2226 similis

2112 2264 2199 2314 est
2228 2261 2485 2314 currenti
2521 2265 2682 2314 extra
2719 2260 2896 2329 viam,
2933 2264 3092 2314 tanto
3123 2258 3346 2330 largius
3379 2260 3746 2323 aberraturo,

2113 2352 2330 2418 quanto
2361 2347 2617 2402 velocius
2652 2348 3021 2403 contenderit
3049 2365 3062 2402 :
3098 2347 3426 2417 comparari
3460 2348 3633 2402 etiam
3657 2364 3750 2417 po-

2111 2441 2226 2490 test
2256 2435 2476 2489 homini
2507 2436 2601 2490 cui
2634 2453 2766 2490 cum
2799 2436 2946 2491 forte
2975 2436 3199 2491 festuca
3226 2436 3382 2490 intra
3411 2423 3646 2490 oculum
3667 2436 3750 2487 in-

2113 2523 2334 2590 ciderit,
2368 2525 2558 2593 pergit
2608 2540 2742 2578 eum
2803 2524 3125 2578 confricare
3157 2525 3346 2594 quoad
3406 2527 3742 2579 excaecatum

2116 2611 2265 2666 Illud
2299 2627 2530 2681 quoque
2563 2611 2774 2666 habere
2806 2611 2921 2666 alte
2952 2611 3192 2666 inﬁxum
3251 2611 3428 2666 menti
3479 2611 3749 2665 convenit

2117 2701 2410 2755 hominem
2442 2701 2767 2764 cordatum,
2797 2699 2944 2755 volvi
3005 2704 3162 2755 certa
3192 2699 3317 2769 lege
3349 2699 3496 2754 vices
3529 2704 3749 2765 mutas,

2116 2792 2172 2843 et
2200 2788 2503 2843 verissime
2533 2805 2847 2859 passurum
2879 2789 3084 2843 eadem
3109 2804 3592 2858 unumquemque
3623 2803 3749 2857 quae

2118 2876 2360 2943 fecerit;
2435 2878 2632 2948 itaque
2689 2877 2987 2931 attendere
3044 2876 3158 2930 sibi
3213 2876 3327 2946 ipsi
3385 2875 3592 2930 debere
3651 2874 3752 2945 qui

2119 2964 2324 3019 laedere
2355 2964 2534 3018 alium
2568 2973 2753 3035 parat,
2785 2969 3158 3035 statuereque
3204 2964 3443 3019 omnino
3490 2964 3754 3018 futurum

2123 3057 2188 3106 ut
2216 3069 2319 3123 par
2347 3053 2456 3122 ipsi
2506 3053 2805 3108 referatur.
2861 3053 3021 3108 Unde
3070 3053 3444 3106 manifestum
3471 3056 3580 3116 est,
3621 3068 3756 3105 eum

2124 3140 2222 3209 qui
2255 3140 2509 3194 amicum
2530 3140 2872 3195 contristare
2906 3157 3018 3194 non
3054 3139 3286 3194 dubitat
3317 3139 3547 3209 ingrato
3580 3139 3756 3203 facto,

2123 3228 2232 3283 sibi
2280 3243 2485 3282 nocere
2542 3227 2677 3298 ipsi,
2737 3233 2792 3282 et
2844 3229 2903 3281 in
2952 3232 3127 3297 caput
3182 3227 3484 3298 proprium
3535 3230 3756 3296 pestem

2123 3331 2434 3370 accersere.
2461 3316 2798 3370 Extremum
2824 3315 3000 3385 hujus
3023 3314 3374 3386 praefationis
3407 3317 3754 3384 praeceptum

2122 3411 2288 3458 esto:
2324 3402 2424 3474 qui
2455 3404 2675 3458 accedit
2725 3405 2796 3457 ad
2857 3404 3036 3473 hujus
3080 3404 3210 3457 libri
3256 3402 3588 3466 lectionem,
3639 3418 3753 3454 non

2121 3492 2339 3545 cursim
2373 3491 2822 3561 praetervehitor,
2871 3493 2970 3546 sed
3016 3492 3170 3546 lente
3220 3507 3286 3545 ac
3339 3489 3754 3544 meditabunde

2120 3579 2460 3649 perpendito
2484 3579 2740 3650 singula:
2769 3597 2903 3634 nam
2936 3580 3358 3636 considerando
3391 3583 3445 3632 et
3469 3577 3753 3648 profunde

2121 3667 2494 3737 penetrando,
2529 3667 2716 3722 latens
2775 3669 2884 3723 sub
2942 3668 3223 3736 symbolis
3279 3671 3538 3733 eruetur,
3587 3669 3644 3719 et
3693 3665 3752 3718 in

2123 3756 2374 3809 fructum
2401 3755 2680 3824 prodibit,
2710 3755 2952 3810 utilitas.
2979 3756 3109 3809 Haec
3141 3754 3453 3809 habuimus
3480 3753 3538 3805 in
3590 3756 3754 3806 ante-

2123 3859 2350 3897 cessum
2377 3843 2761 3912 suggerenda,
2795 3843 3010 3912 quibus
3042 3843 3198 3896 velut
3240 3842 3606 3895 initiaremus
3629 3840 3754 3908 jam

2124 3949 2154 3984 a
2182 3929 2471 3985 vestibulo
2501 3931 2869 4000 ingressuros
2904 3931 2960 3983 in
2994 3929 3385 4000 cognitionem
3413 3929 3584 3996 hujus
3614 3943 3753 3997 epe-

2123 4019 2223 4082 ris,
2257 4018 2412 4086 quod
2454 4034 2585 4072 cum
2634 4018 2955 4072 viderimus
2988 4017 3134 4071 tanti
3184 4016 3449 4070 habitum
3485 4032 3517 4068 a
3564 4014 3754 4068 Persis

2123 4106 2192 4160 ad
2253 4105 2398 4159 illud
2458 4122 2525 4160 ex
2583 4106 2777 4160 Indico
2836 4105 3112 4160 idiomate
3145 4104 3204 4157 in
3236 4119 3411 4157 suum
3460 4101 3752 4157 Persicum

2123 4194 2531 4264 transferrent,
2590 4211 2694 4249 nos
2752 4209 2983 4264 quoque
3053 4191 3470 4247 elaborandum
3531 4191 3754 4258 putavi-

2125 4300 2256 4337 mus
2313 4287 2377 4336 ut
2425 4287 2627 4337 nostra
2684 4298 2859 4352 opera
2913 4282 3089 4337 Graeci
3147 4283 3436 4334 nostrates
3484 4277 3626 4332 illud
3660 4294 3752 4331 co-

2126 4374 2488 4439 gnoscerent,
2547 4370 2785 4438 haecque
2843 4368 2927 4422 illi
2980 4367 3135 4422 velut
3209 4367 3473 4437 quaedam
3545 4363 3754 4436 praelu-

2126 4459 2222 4512 dia
2277 4459 2668 4530 praeteximus,
2702 4457 2916 4528 quibus
2947 4457 3018 4510 ad
3059 4455 3287 4510 facilius
3319 4453 3750 4524 percipiendam

445 4544 694 4598 Eliatum
765 4546 822 4597 et
868 4541 976 4596 hoc
1046 4542 1375 4612 sapientum
1432 4546 1541 4608 est,
1594 4543 1705 4597 tria
1763 4543 2011 4596 tenenda
2045 4540 2087 4602 D
2123 4564 2188 4600 ex
2220 4563 2285 4600 eo
2319 4546 2627 4601 utilitatem
2658 4545 3343 4616 praeparenturlectores.

375 4632 598 4688 homini
629 4647 803 4686 esse:
846 4631 1101 4701 primum
1149 4634 1212 4685 ut
1260 4631 1435 4685 fidem
1480 4647 1647 4684 suam
1693 4631 2002 4699 custodiat,

1684 4881 2314 4942 PROLEGOMENON
2373 4884 2484 4941 III.

694 4979 990 5059 Prae/alio
1014 4981 1260 5042 Perzm's
1292 4981 1519 5057 medici,
1553 4983 1658 5062 qui
1685 4983 1844 5044 hunc
1874 4985 2094 5046 librum
2123 5006 2200 5046 ea;
2231 4987 2443 5066 lingua
2473 4985 2681 5046 Indica
2712 4988 2773 5045 in
2807 4985 3106 5044 Persicam
3135 4981 3442 5042 convertit.

377 5100 506 5154 CAP.
543 5101 585 5154 Ι.
619 5131 685 5140 ——
717 5103 941 5156 Pe-z-ois
973 5119 1164 5172 genus.
1193 5111 1362 5168 ortus,
1393 5103 1656 5170 educatio,
1690 5107 1869 5160 studia
1899 5125 1910 5161 :
1947 5111 2005 5160 ut

449 5171 547 5224 ille
602 5171 1321 5248 medicinzprofessionem
1374 5191 1484 5244 pra:
1537 5179 1747 5232 caeteris
1778 5179 2010 5248 elegerit

447 5257 657 5312 quoque
687 5253 843 5312 pacto
875 5246 946 5297 sit
974 5246 1033 5298 in
1069 5245 1167 5298 illa
1191 5255 1455 5301 versatus.

456 5363 609 5418 Dixit
648 5365 884 5421 Perzoes
919 5367 1190 5437 princeps
1223 5369 1580 5424 medicorum
1603 5373 1756 5441 apud
1782 5377 2006 5443 Persas,

380 5452 482 5522 qui
512 5460 565 5506 et
593 5451 748 5508 hunc
774 5452 987 5509 librum
1018 5473 1086 5509 ex
1109 5456 1306 5511 Indico
1327 5457 1600 5513 idiomate
1620 5460 1676 5513 in
1697 5461 2005 5515 Persarum

379 5541 644 5610 linguam
679 5544 979 5598 transtulit
1004 5560 1016 5598 :
1045 5544 1186 5598 dixit
1207 5550 1404 5599 autem
1429 5547 1497 5601 de
1524 5547 1728 5618 seipse
1748 5566 1873 5620 qua:
1895 5549 2006 5603 sibi

380 5644 412 5682 a
443 5644 621 5699 puero
644 5631 1013 5703 contigerint,
1054 5632 1268 5704 quibus
1309 5634 1636 5706 disciplinis
1660 5638 2009 5695 informatus

2121 5110 2311 5176 fuerit,
2336 5110 2542 5180 quidve
2564 5109 2699 5163 boni
2717 5107 2981 5163 feceritin
3015 5107 3151 5170 vita,
3181 5119 3452 5159 exercens
3467 5099 3750 5154 medicam

2119 5203 2300 5252 artem
2334 5202 2465 5267 post
2494 5213 2668 5252 suum
2716 5213 2782 5251 ex
2821 5195 2978 5250 Indis
3011 5195 3080 5249 ad
3115 5200 3320 5248 Persas
3365 5189 3618 5244 reditum
3647 5205 3660 5252 ;
3695 5190 3751 5238 et

2118 5289 2183 5338 ut
2241 5289 2441 5339 oratus
2501 5285 2674 5339 fuerit
2726 5301 2759 5338 a
2817 5299 2949 5354 rege
3000 5283 3272 5336 Chosroe.
3328 5276 3482 5332 Dixit
3552 5278 3747 5328 autem

2120 5371 2202 5427 sic
2236 5389 2248 5426 :
2283 5373 2412 5426 Fuit
2470 5376 2632 5442 pater
2688 5388 2852 5426 meus
2909 5386 2976 5425 ex
3037 5368 3363 5423 illustribus
3409 5362 3745 5426 militibus;

2123 5464 2306 5514 mater
2335 5476 2467 5514 vero
2503 5477 2629 5514 mea
2659 5477 2727 5514 ex
2759 5459 2991 5514 filiabus
3025 5470 3369 5526 magnorum
3401 5457 3456 5506 et
3483 5453 3751 5520 praestan-

2120 5550 2271 5603 tium
2295 5553 2657 5619 satraparum
2688 5566 2700 5603 :
2728 5552 2782 5602 et
2820 5545 3007 5617 gratia
3037 5543 3134 5598 Dei
3167 5541 3344 5596 nostri
3377 5540 3455 5592 fui
3498 5538 3568 5592 ab
3607 5535 3752 5606 ipsis

2124 5640 2355 5692 amatus
2403 5641 2459 5691 et
2509 5636 2827 5691 honoratus
2871 5649 3047 5703 supra
3077 5646 3279 5686 omnes
3311 5627 3518 5681 fratres
3567 5639 3748 5679 meos.
