4060 6304
424 381 562 435 1235
1924 374 2311 443 APPENDIX.
3687 365 3861 443 1236

420 507 694 561 Traditus
725 511 919 562 autem
952 509 1248 579 magistris
1278 526 1409 563 sum
1444 513 1506 563 ut
1536 509 1820 564 discerem
1875 516 2056 566 artem
2172 512 2316 567 nihil
2346 538 2358 579 ;
2384 513 2505 567 haec
2560 512 2715 568 enim
2775 512 2910 567 vilia
2957 516 3013 567 et
3059 511 3228 567 nihili
3269 511 3433 568 stulti
3466 512 3693 584 (qualis
3733 528 3859 583 ego

424 596 894 667 grammaticam,
928 597 1097 665 cnjus
1146 601 1343 667 partes
1379 615 1583 675 omnes
1614 599 1881 669 peccurri
1913 617 2072 655 com—
2182 598 2335 672 enm)
2369 611 2801 672 persequuntur
2828 606 2885 657 et
2915 606 3131 657 amant.
3156 606 3469 672 Quousque
3496 617 3610 655 non
3626 601 3857 671 fugies

431 685 833 755 prehendique
910 689 1130 755 septem
1190 686 1401 753 annis;
1456 691 1512 739 et
1552 688 1675 756 jam
1727 687 2071 744 existimans
2180 690 2631 745 momentanea?
2657 707 2770 745 non
2794 706 3018 761 quaeres
3062 687 3461 761 sempiterna?
3493 705 3610 743 non
3642 704 3855 759 parvo

430 772 757 843 percepisse
792 788 883 826 me
914 772 1056 827 satis
1097 772 1384 827 elementa
1423 772 1523 828 illa
1567 774 1775 843 prima,
1820 774 1949 849 dixi
1999 777 2069 830 ad
2180 776 2294 830 eris
2328 778 2598 832 contenta
2629 778 2686 832 in
2720 776 3043 833 necessario
3095 768 3419 832 alimento?
3468 794 3581 831 non
3628 764 3853 847 impe-

430 876 525 915 me
548 860 741 930 ipsum
768 879 779 915 :
806 864 1086 929 Quatuor,
1109 864 1172 916 ut
1207 862 1392 928 video,
1421 878 1512 917 res
1534 869 1672 916 sunt
1696 848 1841 933 quas
1865 881 2071 919 omnes
2182 863 2337 919 rabis
2368 865 2471 919 tibi
2504 862 2560 920 in
2594 870 2833 921 strenua
2862 864 3213 921 exhibitione
3237 864 3521 943 bonorum
3546 880 3852 936 operum,

428 950 697 1005 homines
732 955 1062 1019 εθίιυυηῐυπ
1094 952 1395 1005 sumentes
1455 951 1737 1020 adil’lSCi;
1794 968 1893 1007 88$
1950 953 2070 1007 δίη·
2180 963 2580 1017 contendendo
2613 964 2668 1017 in
2709 963 2802 1017 his
2859 967 3145 1033 quantum
3206 961 3465 1033 poteris?
3522 965 3847 1016 Memento

427 1039 676 1109 gillatim
737 1039 1107 1093 considerare
1161 1056 1252 1093 me
1319 1043 1546 1108 oportet
1603 1039 2071 1111 perpendereque
2180 1066 2351 1120 porro
2381 1051 2823 1121 compositionis
2853 1051 2940 1105 tui
2972 1050 3252 1120 corporis,
3293 1055 3349 1104 et
3398 1050 3619 1119 quibus
3674 1048 3843 1103 illud

429 1145 494 1182 ac
527 1127 854 1181 discernere
912 1138 1405 1197 unamquamque,
1446 1129 1663 1199 ,sicque
1719 1126 2073 1185 constituere
2179 1140 2413 1193 casibus
2434 1139 2868 1193 sitobnoxium.
2910 1138 3231 1193 Recordare
3262 1123 3485 1192 luteum
3518 1137 3688 1191 istud
3726 1154 3839 1192 vas

429 1232 557 1284 quae
589 1216 665 1269 sit
695 1215 937 1285 optima,
962 1220 1027 1268 ut
1057 1215 1217 1269 illam
1251 1232 1585 1286 persequar.
1622 1220 1767 1270 Sunt
1797 1235 1932 1288 ergo
1962 1217 2073 1272 illa:
2180 1227 2495 1282 conﬂatum
2544 1244 2672 1283 esse
2702 1244 2769 1283 ex
2795 1234 3047 1298 quatuor
3097 1227 3442 1281 humoribus
3485 1227 3640 1281 inter
3698 1242 3841 1283 sese

431 1309 681 1391 quatuor
712 1319 801 1357 res
846 1321 857 1356 :
912 1304 1104 1372 prima
1163 1305 1481 1373 opulentia,
1540 1303 1721 1359 altera
1780 1305 2067 1378 voluptas,
2179 1315 2598 1385 pugnantibus,
2634 1333 2883 1387 quorum
2915 1315 3059 1391 illud
3112 1316 3307 1386 ipsum
3357 1320 3655 1369 certamen
3706 1315 3838 1369 vita

431 1390 601 1446 tertia
659 1394 938 1460 potestas,
991 1396 1282 1460 postrema
1328 1408 1547 1446 merces
1597 1392 1716 1448 sive
1765 1393 2070 1465 praemium

442 1494 647 1547 operae.
681 1476 749 1530 Et
781 1477 1016 1547 quidem
1048 1478 1197 1547 quod
1230 1479 1301 1532 ad
1331 1480 1650 1534 mercedem
1702 1480 1933 1547 attinet,
1967 1482 2071 1535 hu-

436 1568 536 1636 jus
569 1564 775 1635 amplae
809 1569 865 1619 et
896 1564 1141 1635 copiosas
1197 1582 1468 1637 magnam
1528 1584 1690 1639 spem
1741 1570 2071 1625 ostentabat

435 1654 721 1726 professio
767 1653 909 1709 artis
951 1655 1215 1722 medicae;
1273 1672 1409 1710 nam
1443 1655 1601 1711 illam
1628 1658 1750 1726 jam
1784 1657 2070 1730 elegeram

434 1744 657 1802 caeteris
708 1745 1042 1815 praeferens,
1078 1761 1142 1799 eo
1189 1746 1343 1814 quod
1387 1744 1613 1800 laudari
1665 1746 1823 1803 illam
1855 1765 1887 1802 a
1933 1754 2073 1820 pru-

2182 1402 2435 1457 humana
2490 1408 2624 1473 est;
2683 1420 2810 1475 quae
2865 1404 3100 1473 quidem
3171 1403 3289 1458 vita
3362 1404 3473 1457 cito
3506 1403 3832 1483 praeterit,

2179 1491 2393 1563 quippe
2424 1492 2635 1547 similis
2685 1496 2893 1548 statuae
2937 1490 3265 1563 compactili
3297 1508 3365 1546 ex
3397 1490 3594 1546 multis
3638 1492 3831 1562 parti-

2179 1579 2289 1634 bus
2323 1580 2474 1635 inter
2499 1598 2626 1636 sese
2650 1580 2981 1635 commissis
3000 1598 3102 1652 per
3122 1579 3312 1635 clavos
3334 1579 3561 1648 inﬁxos,
3596 1580 3831 1651 quibus

2179 1667 2395 1722 avulsis
2427 1668 2673 1723 solvitur
2713 1672 2939 1734 statua;
3006 1668 3085 1722 sic
3134 1684 3196 1722 se
3252 1668 3427 1722 habet
3483 1666 3822 1721 humanum

2178 1772 2389 1827 corpus
2415 1757 2692 1833 temperie
2710 1761 3181 1827 coagmentatum
3206 1757 3616 1826 quadam,quaa
3638 1755 3829 1809 simul

436 1833 712 1888 dentibus
744 1831 1020 1886 omnibus
1054 1831 1331 1898 Viderem:
1364 1833 1420 1887 ϐε
1448 1833 1602 1904 aPlld
1635 1838 1875 1891 ουῐιοῐοε
1915 1842 2071 1907 ξεί]ΰὸ
2098 1860 2146 1933 Β
2179 1845 2435 1911 deﬂuxit,
2458 1832 2653 1917 ipsum
2686 1849 2945 1901 remanet
2976 1849 3294 1919 mortuum.
3328 1844 3455 1900 Noli
3484 1861 3677 1898 errare
3714 1860 3825 1898 nec

432 1921 628 1977 omnis
660 1923 823 1976 sectae
852 1935 917 1974 ac
951 1920 1248 1991 religionis
1280 1920 1547 1976 homines
1580 1923 1636 1976 in
1682 1923 1893 1978 honore
1918 1941 2064 1981 esse.

433 2009 814 2080 Reperiebam
867 2012 1060 2063 autem
1098 2008 1155 2062 in
1206 2006 1373 2064 libris
1424 2000 1724 2064 medicinae
1765 2012 2067 2068 scientiam

434 2095 1195 2165 traeientibus,laudabilem
1221 2098 1278 2151 in
1302 2097 1506 2169 primis
1530 2116 1655 2153 esse
1679 2101 1776 2169 qui
1802 2102 2066 2155 medendi

445 2186 775 2241 facultatem
800 2202 1137 2256 comparare
1160 2186 1269 2240 sibi
1294 2186 1547 2251 studeat,
1582 2192 1884 2258 propterea
1915 2191 2064 2259 quod

435 2293 562 2329 eam
583 2276 810 2329 aﬂ'ectet
828 2278 1008 2328 artem
1034 2273 1126 2328 cui
1146 2274 1488 2343 quotidiana
1512 2276 2062 2346 proveniatmerces.

452 2366 527 2419 Eo
560 2380 897 2435 persuasus,
923 2369 976 2416 et
1007 2362 1113 2416 hac
1146 2378 1247 2432 spe
1280 2362 1532 2430 illectus,
1556 2365 1725 2418 istam
1758 2366 2064 2434 professio-

425 2470 565 2508 nem
622 2453 848 2507 cunctis
906 2451 1037 2505 aliis
1094 2450 1339 2522 praetuli,
1405 2468 1517 2505 non
1578 2454 1779 2523 utique
1836 2460 2068 2525 propter

428 2542 845 2612 temporariam
906 2538 1251 2606 mercedem,
1295 2542 1393 2593 sed
1449 2546 1685 2611 propter
1742 2546 2064 2613 aeternam;

428 2648 500 2685 ne
531 2630 677 2684 forte
708 2628 921 2683 similis
945 2627 1057 2682 sim
1086 2622 1822 2700 mercatoridamnoso,qui
1844 2630 2066 2687 habens

428 2718 811 2785 hyacinthum
844 2716 1099 2787 ingentis
1132 2717 1325 2787 pretii,
1379 2734 1493 2786 quo
1525 2734 1640 2773 uno
1674 2723 1941 2789 potuerat
1978 2720 2065 2775 di-

425 2825 526 2863 ves
562 2807 705 2871 fieri,
738 2805 1093 2879 permutavit
1147 2805 1315 2861 illum
1374 2823 1554 2877 grano
1588 2806 1722 2861 mali
1757 2808 1950 2879 punici
1995 2810 2065 2865 ad

431 2895 578 2951 nihil
636 2884 785 2950 utili.
846 2893 1112 2965 Comperi
1166 2900 1371 2950 rarsus
1430 2886 1707 2965 quaerenti
1739 2913 1841 2966 per
1890 2897 2063 2953 istam

435 2982 856 3056 professionem
890 2984 1218 3039 mercedem
1251 2989 1545 3049 aeternam,
1568 3002 1682 3039 non
1725 2976 2063 3041 defuturum

426 3062 748 3144 quidquam
782 3078 971 3143 neque
1003 3071 1061 3126 in
1094 3072 1202 3127 hoc
1248 3073 1457 3127 saeculo
1491 3064 1679 3143 neque
1723 3073 1780 3125 in
1829 3074 2062 3142 futuro;

2176 1934 2397 2004 imponi
2452 1935 2557 1988 tibi
2611 1934 2791 2002 sinas,
2825 1934 3086 1990 oanima
3145 1950 3269 1987 mea
3328 1932 3497 2005 quasi
3530 1949 3817 2005 magnum

2175 2024 2302 2078 vitae
2360 2024 2602 2089 bonum,
2636 2026 2691 2076 et
2722 2040 2820 2094 pro
2853 2039 2969 2095 quo
2997 2024 3213 2076 certare
3270 2022 3339 2076 ad
3372 2025 3702 2089 extremum
3730 2010 3822 2075 di-

2176 2126 2356 2181 gnum
2389 2110 2485 2176 sit,
2520 2109 2841 2180 repositum
2875 2109 3054 2164 videri
3086 2109 3367 2163 debeatin
3389 2109 3819 2163 consuetudine

2176 2200 2477 2269 tutelaque
2520 2198 2785 2268 gravium
2846 2204 2903 2251 et
2962 2196 3288 2267 potentium
3350 2197 3693 2258 amicorum,
3758 2199 3816 2250 in

2171 2287 2433 2357 jucunde
2460 2286 2861 2353 contubernio,
2884 2291 2939 2340 et
2961 2284 3426 2341 contabulatione
3455 2284 3811 2356 elegantium

2178 2375 2646 2440 adolescentum;
2707 2391 2841 2428 nam
2903 2374 3108 2427 horum
3169 2373 3435 2426 omnium
3493 2374 3813 2441 frequentia

2178 2462 2473 2515 modicum
2508 2461 2726 2530 gaudii,
2763 2461 3015 2515 multum
3050 2458 3267 2515 doloris
3300 2464 3495 2525 creat;
3548 2461 3663 2514 imo
3697 2459 3809 2529 ple-

2177 2566 2423 2619 rumque
2454 2549 2514 2603 in
2547 2549 2744 2603 odium
2787 2555 2841 2603 et
2871 2548 3085 2603 bellum
3122 2534 3533 2614 desinit.Quod
3560 2549 3640 2625 ita
3669 2565 3805 2613 esse,

2177 2639 2275 2693 ubi
2308 2642 2363 2693 te
2394 2655 2596 2692 ansam
2648 2638 2892 2707 experiri
2945 2641 3185 2691 eventus
3228 2637 3519 2703 docuerit,
3566 2638 3794 2707 profecto

2174 2726 2288 2781 icta
2320 2716 2531 2779 damno
2565 2726 2910 2796 improspcri
2946 2742 3277 2793 successus,
3308 2725 3675 2779 succensebis
3705 2724 3791 2777 isti

2174 2813 2560 2885 experientiae;
2583 2813 2962 2883 similiterque
2983 2812 3160 2868 facies
3183 2811 3367 2892 utqui
3402 2813 3503 2893 usi
3530 2812 3793 2869 cochleari

2176 2902 2245 2973 ad
2281 2919 2516 2974 sapores
2549 2903 2881 2975 probandos
2903 2901 3274 2973 jusculorum
3303 2896 3403 2956 aut
3420 2901 3790 2975 sorbitionem

2175 2990 2524 3055 oblatarum,
2551 2991 2597 3045 si
2624 2991 2949 3063 cujuspiam
2975 3007 3175 3045 eorum
3218 2970 3521 3045 amarities
3552 2980 3785 3063 linguam

2175 3080 2576 3148 momorderit,
2601 3065 2984 3135 eversabundi
3007 3082 3063 3134 et
3084 3078 3287 3135 offensi
3308 3089 3619 3150 corrugato
3652 3096 3791 3145 naso,

431 3161 531 3218 sed
564 3166 907 3217 eventurum
940 3161 1053 3230 ipsi
1086 3160 1240 3214 idem
1285 3160 1439 3230 quod
1486 3158 1751 3229 agricolae
1792 3164 2063 3234 purganti
2100 3194 2141 3259 ρ
2181 3167 2351 3222 etiam
2402 3168 2863 3222 instrumentum
2890 3184 3005 3239 quo
3037 3168 3231 3239 liquor
3259 3184 3471 3223 exosus
3497 3154 3699 3224 illatus
3729 3167 3803 3221 ori

432 3250 742 3319 diligenter
800 3265 1006 3317 agrum
1062 3263 1235 3301 suum
1295 3252 1350 3300 et
1408 3250 1642 3302 strenue
1696 3247 1929 3319 colenti,
1977 3251 2070 3305 cui

433 3355 567 3393 cum
623 3337 828 3391 fenum
917 3338 972 3388 et
1049 3334 1305 3388 triticum
1376 3334 1512 3390 inde
1571 3337 1888 3407 proveniat,
1958 3356 2071 3393 non

433 3437 626 3484 tamen
676 3424 773 3480 ille
833 3433 1068 3497 propter
1121 3424 1317 3479 fenum
1365 3424 1669 3492 laboravit,
1713 3427 1811 3481 sed
1845 3435 2074 3499 propter

430 3516 715 3570 triticum.
749 3512 902 3583 Coepi
935 3529 1067 3579 ergo
1120 3510 1316 3566 statim
1365 3529 1567 3567 curare
1613 3513 1875 3569 infirmos
1940 3534 2073 3587 pro.-

445 3609 572 3676 pter
602 3603 927 3656 mercedem
964 3596 1259 3668 aeternam,
1315 3607 1371 3655 et
1420 3594 1750 3656 medicabar
1785 3594 2071 3673 quosdam

436 3692 676 3763 quidem
707 3688 1031 3760 chirurgica
1078 3705 1249 3759 opera
1292 3690 1541 3760 propriis
1596 3688 1908 3759 manibus;
1940 3692 2070 3749 aliis

430 3780 607 3835 verbo
641 3776 1106 3848 praescribebam,
1140 3778 1383 3847 praeberi
1409 3778 1625 3847 jubens
1648 3780 2073 3837 medicamenta

438 3864 859 3933 convenientia,
892 3882 995 3920 nec
1045 3866 1358 3937 querebam
1420 3868 1742 3922 mercedem
1803 3860 1978 3923 aliam
2038 3888 2071 3926 a

435 3972 733 4028 quoquam
764 3955 872 4009 nisi
906 3953 1137 4009 laudem
1171 3972 1203 4009 a
1235 3952 1529 4009 similibus
1579 3955 1714 4021 mei,
1747 3960 1849 4011 aut
1892 3959 2068 4014 etiam

432 4044 805 4109 clarioribus,
838 4044 1103 4114 etmagis
1128 4036 1448 4112 honoratis,
1483 4044 1785 4117 magisque
1835 4046 2070 4117 opulen«

432 4133 524 4200 tis,
562 4128 706 4187 nihil
755 4135 1099 4201 exspectans
1145 4134 1245 4185 aut
1274 4134 1516 4201 captans
1546 4132 1727 4200 aliud,
1762 4132 1874 4189 nisi
1907 4140 1967 4189 ut
1998 4136 2068 4191 ab

430 4220 579 4291 ipsis
608 4219 696 4273 vir
727 4217 911 4274 bonus
942 4221 1117 4273 verbo
1150 4218 1205 4273 et
1234 4235 1403 4288 opere
1434 4219 1697 4276 haberer.

433 4322 568 4373 CAP.
601 4312 671 4372 ΙΙ.
704 4347 773 4357 -
801 4317 1025 4371 Perxois
1055 4316 1356 4370 admonitio
1386 4316 1455 4369 ad
1479 4316 1725 4374 animam
1742 4337 1897 4375 suam
1914 4331 2068 4379 (ran-

891 4388 1085 4442 siloria
1121 4389 1606 4458 concupiscemem.

2183 3261 2289 3325 est,
2325 3255 2595 3310 iracunde
2616 3256 2977 3311 confractum
3006 3256 3063 3311 in
3095 3254 3288 3326 ignem
3336 3252 3634 3327 abjiciunt.
3667 3260 3804 3310 Cave

2174 3344 2396 3398 crucies
2430 3362 2495 3399 ac
2526 3345 2736 3416 perdas
2768 3348 2822 3399 te
2856 3345 3042 3415 ipsam
3077 3344 3327 3399 sollicita
3373 3338 3431 3399 et
3482 3342 3799 3417 periculosa

2172 3432 2503 3487 corrasione
2535 3432 2909 3503 pecuniarum
2941 3434 2997 3487 in
3030 3422 3279 3503 gratiam
3328 3439 3705 3503 cognatorum
3736 3449 3797 3486 ac

2173 3522 2414 3576 fratrum
2467 3524 2700 3575 tuorum
2733 3538 2878 3591 quos
2908 3520 3093 3575 ditare
3136 3520 3360 3575 damnis
3419 3528 3472 3575 et
3530 3522 3798 3575 aerumnis

2173 3610 2287 3664 tuis
2319 3610 2586 3679 studeas;
2609 3609 2762 3663 idem
2788 3626 2959 3678 passa
2981 3609 3135 3680 quod
3170 3608 3305 3663 thus
3328 3614 3427 3664 aut
3458 3609 3794 3678 thymiama,

2172 3715 2301 3768 quae
2332 3704 2393 3752 ut
2419 3696 2561 3752 alios
2589 3698 2762 3752 odore
2785 3696 2993 3767 juvent
3023 3698 3079 3751 in
3114 3694 3245 3768 igne
3276 3715 3402 3752 sese
3423 3702 3796 3763 consumunt,

2174 3795 2230 3849 in
2265 3796 2454 3850 furnos
2486 3795 2910 3850 cvanescentia.
2934 3795 3146 3850 Anima
3176 3812 3325 3864 mea,
3368 3812 3439 3850 ne
3468 3800 3523 3850 te
3556 3796 3801 3867 decipiat

2173 3880 2356 3935 falsus
2413 3879 2689 3951 splendor
2747 3881 3082 3936 divitiarum
3158 3886 3215 3937 et
3267 3882 3464 3954 gloriae
3525 3900 3540 3937 :
3596 3882 3800 3938 harum

2172 3968 2325 4023 enim
2356 3970 2674 4023 vanitatem
2735 3986 2903 4024 nemo
2953 3969 3227 4040 intelligit
3286 3970 3404 4025 nisi
3460 3986 3591 4025 eum
3632 3971 3804 4027 fuerit

2172 4059 2242 4113 ab
2276 4059 2347 4112 iis
2371 4064 2695 4128 separatus.
2727 4058 2957 4113 Similes
2985 4058 3200 4130 quippe
3253 4064 3393 4114 sunt
3425 4059 3671 4131 capillis,
3708 4059 3803 4131 qui

2174 4148 2435 4216 quandiu
2487 4146 2705 4201 haerent
2758 4147 2932 4217 capiti
2992 4163 3122 4202 cum
3178 4163 3243 4202 eo
3304 4148 3705 4217 honorantur;
3757 4148 3800 4204 si

2175 4234 2359 4289 avulsi
2393 4239 2492 4288 aut
2550 4236 2754 4289 resecti
2801 4236 3037 4302 fuerint,
3087 4240 3151 4289 ut
3198 4237 3399 4291 sordes
3447 4237 3803 4305 abjiciuntur

2175 4340 2240 4377 ac
2271 4323 2705 4377 conculcantur.
2738 4324 2986 4378 Attende
3018 4323 3215 4377 anima
3271 4342 3399 4380 mea
3456 4342 3589 4379 cum
3629 4328 3799 4381 sedu-

2176 4409 2336 4465 litate
2367 4410 2725 4465 medicandis
2756 4410 3005 4465 inﬁrmis
3039 4426 3053 4466 :
3088 4429 3192 4466 nec
3233 4412 3409 4479 dicas,
3443 4414 3800 4470 iunctionem

504 4502 969 4573 Concupiscebat
998 4506 1193 4556 autem
1245 4502 1441 4556 anima
1486 4521 1615 4558 mea
1647 4521 1737 4558 res
1768 4506 1972 4566 labiles
2003 4526 2067 4563 ac
2097 4537 2142 4601 D
2177 4516 2298 4554 eam
2334 4516 2459 4553 esse
2504 4499 2701 4567 magni
2748 4497 2964 4555 laboris
2994 4502 3303 4570 gravisque
3334 4502 3643 4572 dispendii,
3680 4503 3801 4557 cui-

431 4592 616 4646 ﬂuxas
644 4609 657 4657 ;
691 4607 794 4661 ego
827 4594 1021 4643 autem
1054 4588 1115 4644 in
1164 4592 1519 4645 contrarium
1563 4593 1755 4647 nitens
1787 4595 2063 4649 admone-

428 4682 560 4735 bam
624 4678 1011 4749 ipsamzNon
1074 4678 1374 4750 intelligis,
1407 4680 1703 4750 inquiens,
1762 4699 1793 4736 o
1846 4683 2059 4751 anima,

428 4771 625 4822 futura
655 4784 722 4821 ea
771 4782 899 4821 esse
943 4783 1069 4835 quae
1128 4783 1257 4820 vere
1309 4775 1576 4837 prosunt,
1621 4787 1733 4824 non
1780 4771 1887 4825 ista
1918 4789 2062 4843 prae-

432 4855 643 4910 sentia.
670 4855 985 4923 Quousque
1017 4869 1131 4907 non
1163 4852 1316 4923 fugis
1346 4854 1600 4911 humiles
1634 4857 1807 4913 hasce
1838 4859 2064 4925 reculas

431 4959 558 5013 quae
590 4942 873 5011 gaudium
902 4956 1105 4995 verum
1139 4941 1261 4995 suis
1294 4944 1734 5011 possessoribus
1767 4963 1878 5001 non
1924 4950 2064 5003 affe-

430 5036 591 5095 runt,
653 5029 753 5083 sed
813 5026 885 5083 iis
947 5029 1140 5099 potius
1203 5046 1408 5099 graves
1466 5020 1758 5086 incutiunt
1816 5024 2062 5105 dolores,

432 5117 851 5187 molestiasque
902 5134 966 5171 ac
1015 5117 1421 5172 tribulationes
1469 5124 1685 5184 creant,
1739 5138 1849 5175 non
1897 5125 2064 5180 evita-

431 5207 535 5261 bili
568 5206 957 5260 subductione
986 5205 1099 5272 sui,
1136 5206 1204 5259 ad
1235 5210 1555 5261 extremum
1603 5214 1795 5263 autem
1843 5212 2063 5283 suppli-

432 5294 537 5348 ciis
561 5310 659 5349 eos
691 5291 1012 5364 subjiciunt
1058 5293 1338 5347 aeternis?
1390 5295 1522 5361 Cur,
1583 5313 1614 5350 o
1674 5297 1868 5353 anima
1918 5318 2064 5370 mea,

433 5399 549 5438 non
575 5383 896 5437 recordaris
927 5381 1319 5436 aeternorum?
1349 5381 1474 5436 Non
1507 5388 1561 5437 te
1595 5384 1770 5453 pudet
1803 5402 2064 5443 commu-

436 5474 630 5525 nicare
661 5488 794 5525 cum
829 5470 1047 5535 stultis,
1084 5470 1141 5523 in
1176 5486 1371 5523 amore
1400 5472 1527 5524 vitae
1563 5471 1739 5541 hujus
1786 5477 2065 5549 corrupti-

435 5558 610 5613 bilis?
637 5560 783 5614 Nam
818 5560 913 5630 qui
945 5573 1012 5614 ex
1052 5558 1160 5613 hoc
1189 5574 1332 5612 vano
1365 5560 1582 5614 mundo
1624 5562 1844 5633 aliquid
1898 5565 2069 5621 habet

440 5648 594 5718 apud
646 5664 727 5718 se,
760 5644 1121 5704 tantumdem
1175 5651 1263 5702 est
1319 5662 1383 5702 ac
1442 5648 1492 5703 si
1550 5648 1799 5707 habebat
1827 5654 2064 5713 omnino
2118 5648 2123 5661 ’

2177 4605 2287 4658 que
2360 4604 2472 4640 non
2534 4584 2877 4656 respondeat
2932 4605 2964 4640 a
3021 4588 3375 4657 gratitudine
3444 4596 3801 4651 servatorum

2174 4692 2391 4730 merces
2452 4674 2677 4743 idonea,
2712 4666 2775 4729 eo
2809 4675 2958 4743 quod
3014 4676 3277 4746 plerique
3336 4676 3638 4732 hominum
3691 4680 3802 4733 vim

2158 4770 2239 4837 ut
2269 4780 2439 4819 usum
2497 4764 2638 4817 artis
2685 4763 2919 4818 medicae
2970 4780 3086 4818 non
3132 4764 3480 4837 intelligant,
3532 4769 3803 4839 casuique

2174 4858 2274 4908 aut
2305 4857 2524 4907 natura:
2568 4851 2861 4921 imputent
2903 4852 3032 4921 ejus
3080 4853 3335 4908 effectus.
3388 4854 3475 4908 Tu
3514 4871 3645 4910 vero
3671 4855 3801 4910 imi-

2171 4948 2295 4998 tata
2352 4942 2561 4996 heroas
2620 4941 2716 5011 qui
2770 4941 3022 5011 pretium
3074 4942 3286 4997 servati
3341 4944 3599 4998 nominis
3645 4943 3797 4999 aliud

2176 5049 2288 5087 non
2322 5035 2528 5085 curant
2576 5046 2753 5099 quam
2804 5029 3048 5099 gloriam
3100 5047 3226 5100 quae
3282 5031 3381 5085 isti
3431 5032 3579 5087 facto
3629 5035 3797 5099 inest,

2176 5126 2259 5183 sic
2292 5127 2465 5182 debes
2531 5130 2807 5192 statuere,
2869 5125 3099 5181 abunde
3153 5130 3210 5183 te
3269 5133 3694 5184 remuneratam
3737 5144 3797 5183 eo

2178 5217 2303 5287 ipso
2361 5216 2513 5287 quod
2575 5215 2902 5270 calamitate
2952 5215 3196 5271 miseros
3267 5216 3568 5285 levaveris,
3648 5216 3797 5286 quod

2177 5323 2359 5375 aegros
2419 5305 2625 5359 mortis
2685 5305 2949 5359 faucibus
3007 5310 3240 5375 ereptos
3298 5306 3684 5361 incolumitati
3737 5320 3798 5358 ac

2177 5394 2434 5449 felicitati
2495 5392 2836 5448 reddideris.
2872 5392 3013 5447 Nam
3048 5393 3255 5448 borum
3305 5412 3452 5465 quos
3500 5394 3616 5447 dixi
3648 5393 3799 5447 forti-

2178 5481 2399 5536 tudinis
2430 5480 2673 5535 heroicae
2696 5481 2849 5534 fama
2875 5480 3189 5535 cclebrium
3220 5482 3474 5536 virorum
3505 5498 3571 5535 ea
3607 5479 3795 5551 opinio

2177 5574 2265 5624 est
2323 5588 2333 5624 :
2391 5569 2533 5623 bene
2600 5568 2905 5640 quantavis
2980 5569 3341 5624 contentione
3399 5586 3463 5624 ac
3519 5583 3791 5633 rerumne,

2176 5673 2376 5714 cruore
2409 5658 2549 5728 quin
2583 5656 2755 5712 etiam
2786 5655 2943 5727 large
2999 5673 3100 5727 per
3138 5655 3373 5713 vulnera
3429 5656 3630 5725 effuso,
3684 5650 3789 5710 erui
