4108 6294
334 370 474 437 1237

1338 386 1695 439 ΒΡΕοιΜΕΝ
1735 358 2137 440 SAPIENTnE
2175 388 2506 442 INDORUM
2545 390 2708 441 var.

3581 383 3719 437 1238

328 508 469 564 civis
492 507 576 575 vel
603 507 777 565 unius
799 509 974 564 vitam
993 509 1064 564 ab
1095 514 1350 564 extremo
1384 508 1721 564 discrimine
1749 509 1960 581 recepti
2075 510 2258 574 Quam
2291 528 2554 567 exercere
2586 494 2927 584 diligentius
2960 527 3298 582 aggressum
3347 508 3716 563 conturbavit

332 597 705 669 restitutique
762 598 961 668 patriae
1026 614 1038 652 :
1098 603 1317 668 quanto
1370 599 1565 667 majus
1623 597 1732 652 erit
1792 599 1969 653 decus

328 688 707 758 professionis
733 692 789 741 et
814 686 1133 741 functionis
1166 686 1344 769 hujus
1375 691 1483 741 tuae
1516 685 1816 756 proprium
1850 704 1968 757 qua

330 792 444 830 non
469 780 650 830 unum
677 781 777 830 aut
800 775 1071 843 alterum,
1094 775 1193 830 sed
1220 773 1675 830 innumerabiles
1696 774 1964 830 homines

329 863 501 918 exitio
532 864 931 936 grassantium
962 848 1297 919 morborum
1331 862 1673 935 quotidiano
1703 863 1964 919 ministe-

329 952 413 1007 rio
472 953 827 1019 subtractos,
876 954 1009 1007 vitae
1066 969 1131 1008 ac
1184 951 1537 1024 reipublicae,
1599 952 1759 1006 uxori
1817 951 1960 1006 libe-

327 1041 526 1111 risque
586 1047 966 1113 repraesentes
1026 1040 1370 1097 incolumes.
1413 1041 1518 1095 Cui
1566 1041 1768 1094 merito
1830 1058 1959 1095 cuiu

324 1132 523 1185 deesse
574 1148 685 1186 non
738 1130 922 1202 possit
973 1134 1137 1185 famae
1171 1149 1234 1185 ac
1268 1130 1454 1184 laudis
1486 1135 1708 1184 aeterna
1742 1146 1958 1199 praeco-

320 1218 507 1286 nium,
544 1219 792 1274 nimium
825 1237 995 1274 avara
1026 1220 1129 1287 sis,
1165 1220 1211 1274 si
1267 1219 1591 1273 mercedem
1623 1218 1750 1286 ejus
1783 1217 1955 1271 aliam

317 1309 694 1375 quaerendam
772 1315 959 1379 putes.
1027 1309 1236 1362 Anima
1303 1324 1451 1373 mea,
1521 1324 1592 1361 ne
1657 1306 1954 1360 adhaereas

316 1396 638 1466 fugacibus,
702 1414 771 1451 ne
830 1397 1069 1451 insistas
1129 1395 1496 1463 nutantibus,
1555 1412 1624 1449 ne
1684 1397 1954 1463 prml'eras

315 1500 493 1553 parva
534 1486 784 1555 magnis,
822 1502 890 1539 ne
923 1486 1150 1539 modico
1201 1485 1454 1538 aestimes
1505 1482 1949 1554 pretiosissima,

311 1572 523 1627 similis
580 1573 883 1627 mercatori
918 1573 1017 1643 qui
1052 1572 1283 1642 plenam
1333 1560 1554 1627 habens
1608 1570 1949 1641 apothecam

309 1660 476 1715 serici
510 1661 877 1728 Damasceni,
912 1666 1317 1730 suggerentem
1369 1660 1483 1713 sibi
1528 1660 1808 1714 desidiam
1842 1676 1947 1713 au-

311 1748 451 1803 divit
486 1766 498 1804 :
536 1749 659 1803 lleu
692 1754 950 1819 quantus
981 1749 1146 1804 labor
1171 1750 1279 1803 erit
1308 1754 1529 1803 tantam
1564 1750 1736 1802 istam
1768 1748 1947 1819 panni

2079 615 2389 655 occurrens
2447 600 2750 671 inquisitio
2777 618 2921 655 vera:
2967 600 3284 670 religionis,
3318 599 3387 651 de
3419 614 3535 667 qua
3560 598 3711 651 nihil

2074 688 2132 742 in
2204 688 2558 744 medicorum
2612 688 2777 744 libris
2834 688 3111 760 legeram.
3171 686 3451 741 Videbam
3512 692 3707 740 autem

2073 792 2200 832 esse
2231 777 2400 831 istam
2444 794 2643 832 curam
2698 778 2922 831 cunctis
2973 777 3422 849 praevertendain
3460 791 3471 828 :
3510 774 3709 844 utique

2072 883 2204 919 cum
2252 866 2320 919 ad
2370 863 2708 921 felicitatem
2737 865 2796 919 in
2828 866 2939 921 alia
2970 866 3222 936 quadam
3272 864 3341 917 ab
3392 863 3499 917 hac
3547 862 3706 916 labili

2070 955 2497 1023 asscquendam
2524 956 2663 1020 vita,
2700 955 2912 1008 frustra
2939 956 3271 1018 contendat,
3306 952 3417 1007 nisi
3451 952 3541 1006 cui
3573 969 3707 1008 vera

2070 1060 2185 1097 una
2208 1043 2408 1113 religio
2432 1041 2568 1096 talis
2592 1058 2719 1097 sese
2739 1044 2843 1095 viae
2876 1044 3081 1096 ducem
3118 1041 3445 1112 praebuerit.
3481 1040 3703 1095 lntento

2067 1149 2237 1202 porro
2272 1131 2331 1185 in
2358 1130 2507 1185 hanc
2558 1131 2965 1201 cogitationem
3012 1130 3155 1185 mihi
3199 1130 3393 1184 multa).
3444 1145 3505 1184 se
3555 1130 3701 1199 obji-

2064 1222 2295 1275 ciebant
2325 1237 2449 1289 quae
2480 1220 2805 1273 humanum
2829 1236 3014 1290 genus
3046 1219 3101 1273 in
3137 1224 3329 1289 partes
3360 1218 3701 1273 innumeras

2064 1308 2399 1363 distrahunt
2431 1314 2600 1362 sectae
2630 1307 2971 1378 opinionum
3004 1308 3073 1360 de
3100 1306 3371 1361 Numinis
3417 1305 3577 1359 cultu
3610 1307 3696 1360 di-

2060 1414 2404 1465 versarum;
2458 1414 2604 1467 quas
2654 1397 2892 1451 adortus
2934 1395 3299 1451 considerare
3331 1392 3696 1464 singillatim,

2061 1484 2145 1540 sic
2177 1486 2536 1555 reperiebam
2560 1501 2572 1539 :
2598 1485 2745 1539 trahi
2771 1502 2833 1539 ac
2857 1485 3039 1539 teneri
3058 1484 3362 1555 plerosque
3394 1483 3697 1537 hominum

2057 1574 2117 1627 in
2174 1573 2451 1643 religione
2508 1590 2683 1643 quam
2744 1578 3060 1639 sectantur,
3095 1572 3303 1643 partim
3359 1572 3699 1626 auctoritate

2056 1661 2413 1716 tradentium
2492 1667 2821 1732 parentum,
2882 1667 2935 1715 et
3005 1660 3209 1715 inclita
3280 1660 3697 1715 consuetudine

2059 1751 2229 1819 longo
2263 1749 2627 1804 educationis
2661 1766 2801 1815 usu;
2840 1750 3049 1820 partim
3086 1747 3339 1801 utilitate
3360 1764 3424 1801 ac
3448 1752 3697 1817 quaestu,

312 1836 524 1893 molem
558 1837 892 1892 minutatim
927 1854 1027 1907 per
1053 1836 1233 1893 libras
1262 1836 1543 1907 ulnasque
1576 1837 1896 1891 distrahere
1929 1835 1942 1891 ι
1977 1859 2025 1921 Β
2057 1837 2530 1909 provenientibus
2572 1854 2638 1890 ex
2689 1836 2799 1890 ritu
2851 1835 3193 1906 praevalente
3251 1835 3475 1889 illectos
3535 1852 3695 1889 com-

309 1940 558 1996 moxque
591 1927 736 1979 citra
769 1926 995 1996 pondus
1028 1942 1094 1979 ac
1125 1941 1461 1980 mensuram
1491 1923 1762 1979 licitatori
1794 1940 1948 1979 mas-

309 2030 436 2067 sam
468 2016 651 2067 totam
683 2010 967 2067 vilissimo
1016 2012 1238 2067 addixit
1282 2012 1500 2083 pretio;
1550 2012 1766 2067 stultus
1813 2012 1947 2068 inde

298 2101 624 2170 judicatus.
643 2090 1252 2155 Haecmibidisserenti
1274 2101 1427 2170 apud
1452 2088 1708 2155 animam
1735 2116 1945 2186 meam,

306 2205 418 2244 non
454 2188 674 2243 habens
706 2187 807 2243 illa
838 2190 992 2259 quod
1025 2188 1422 2244 verisimiliter
1442 2196 1781 2260 opponeret,
1817 2207 1940 2246 ces-

303 2277 380 2330 sit
404 2277 658 2343 tandem,
687 2294 1082 2347 persuasaque
1112 2276 1350 2331 transiit
1373 2276 1431 2330 in
1455 2278 1803 2332 sententiam
1828 2296 1946 2333 mo-

302 2365 517 2429 nentis,
551 2365 843 2419 absistens
877 2382 909 2418 a
939 2365 1359 2434 cupiditatibus
1387 2370 1443 2418 et
1472 2366 1638 2420 vanis
1674 2367 1891 2435 spebus
1926 2384 1939 2421 :

306 2452 566 2523 ccepique
596 2452 951 2522 tranquillus
982 2452 1187 2507 exinde
1218 2469 1384 2523 agere
1418 2470 1607 2507 meum
1642 2455 1939 2526 negotium

294 2542 542 2610 juvandi
574 2541 937 2612 languentes,
969 2541 1091 2597 solo
1124 2542 1339 2596 intuitu
1369 2541 1562 2612 gloria:
1593 2548 1840 2599 aeternae.

299 2673 432 2727 CAP.
487 2673 580 2727 IIl.
634 2703 700 2712 —
748 2675 982 2745 i/Eterna
1042 2676 1307 2743 quaerenti
1370 2675 1539 2729 etiam
1601 2678 1935 2745 temporaria

372 2747 679 2797 occurrunt.
740 2744 958 2801 Medicae
1003 2748 1143 2799 artis
1192 2746 1429 2812 defectus
1500 2744 1863 2815 deprehensus
1904 2765 1938 2802 α

372 2820 597 2879 Persae,
631 2816 871 2880 eiusdem
898 2820 1059 2869 (estus
1090 2818 1147 2870 in
1176 2817 1385 2871 delectu
1414 2818 1722 2885 religionis.

378 2928 662 2983 Caeterum
721 2930 805 2983 sic
864 2944 1059 3001 agens,
1089 2936 1146 2986 et
1193 2935 1410 2986 aeterna
1468 2940 1730 3003 quaerens
1788 2916 1932 3003 sola,

305 3033 420 3093 non
454 3022 647 3072 tamen
680 3019 1047 3089 temporariis
1077 3020 1272 3087 carui;
1306 3020 1443 3091 quin
1474 3019 1681 3075 horum
1705 3034 1934 3093 quoque

303 3092 558 3176 benigna
602 3104 742 3159 mihi
789 3122 917 3162 sese
964 3112 1168 3177 sponte
1218 3109 1384 3179 copia
1426 3108 1687 3179 ingessit.
1722 3092 1932 3181 Opuim,

299 3193 562 3263 inquam,
596 3194 1066 3261 existimationis,
1096 3190 1398 3267 dignitatis
1429 3213 1457 3252 e
1489 3198 1676 3268 gratia
1726 3215 1926 3270 regum
1958 3210 2001 3276 α

292 3286 521 3337 tantum
568 3288 772 3339 nactus
822 3300 977 3348 sum,
1006 3288 1287 3354 quantum
1325 3292 1396 3341 ne
1436 3292 1634 3357 Optare
1691 3276 1926 3358 quidem

294 3386 578 3442 unquam,
601 3372 787 3426 multo
821 3373 1015 3426 minas
1041 3384 1294 3443 sperare,
1313 3373 1370 3428 iu
1398 3379 1646 3430 mentem
1672 3382 1925 3434 venerat:

292 3463 563 3533 ultroque
597 3462 799 3529 fateor,
834 3477 959 3531 quae
1003 3462 1130 3531 ejus
1173 3462 1403 3532 generis
1434 3463 1626 3535 ampla
1660 3466 1925 3536 magnifi-

293 3568 500 3617 caque,
530 3551 617 3605 vel
651 3554 785 3605 ante
815 3566 1000 3605 meam
1032 3549 1091 3604 in
1125 3551 1345 3605 Indiam
1378 3553 1925 3623 peregrinationem,

288 3641 376 3696 vel
411 3649 535 3712 post
567 3639 819 3695 reditum
854 3639 989 3693 inde
1022 3656 1153 3694 sum
1187 3640 1453 3712 adeptus,
1492 3659 1606 3696 non
1660 3648 1923 3698 votorum

288 3729 477 3785 solum
534 3745 819 3794 meorum,
855 3718 953 3783 sed
984 3727 1156 3782 etiam
1192 3729 1529 3785 meritorum
1562 3732 1799 3786 modum
1831 3749 1924 3787 ex-

286 3819 508 3873 cedere.
541 3818 685 3872 CUm
717 3820 909 3872 autem
941 3820 1129 3872 totum
1161 3818 1506 3887 adjecissem
1557 3821 1821 3875 animum
1853 3822 1923 3875 ad

287 3906 893 3977 comprehendendam
936 3906 1509 3977 pernoscen‘d'amQue
1540 3908 1772 3977 penitus
1805 3925 1925 3963 me-

289 3996 478 4050 dicam
509 3999 716 4061 artem,
750 3994 899 4049 illud
946 4010 1039 4051 me
1085 3995 1145 4049 in
1189 4010 1257 4049 ea
1299 3996 1646 4063 otfendebat,
1679 3999 1832 4067 quod
1863 3998 1923 4053 in

286 4084 560 4139 universa
586 4084 713 4153 ejus
744 4083 797 4137 vi
826 4082 1051 4138 nullum
1086 4084 1443 4153 reperiebam
1478 4087 1711 4140 modum
1741 4087 1922 4157 plenae

291 4188 358 4227 ac
410 4172 671 4243 perfecta
702 4172 974 4227 sanitatis
1002 4172 1224 4226 homini
1257 4173 1597 4227 tribuendas.
1632 4174 1772 4229 Cum
1806 4180 1925 4230 tota

290 4262 417 4331 ejus
442 4262 497 4314 in
524 4276 587 4314 eo
612 4261 846 4316 demum
866 4260 1110 4315 facultas
1142 4266 1533 4331 expromatur,
1560 4267 1622 4316 ut
1651 4263 1922 4333 ingruen-

287 4356 401 4403 tem
447 4348 697 4420 depellat
748 4349 1057 4418 morbum;
1108 4350 1366 4421 polliceri
1425 4356 1621 4407 autem
1666 4369 1732 4407 ac
1777 4370 1922 4424 prae-

290 4442 445 4492 stare
478 4454 591 4492 non
624 4442 818 4507 queat,
845 4442 908 4492 ut
930 4440 1163 4509 propria
1192 4448 1585 4512 perpetuaque
1616 4445 1815 4497 curato
1847 4443 1922 4498 sit

288 4529 519 4596 recepta
548 4526 833 4592 valetudo,
862 4544 932 4581 ne
974 4544 1101 4582 eam
1155 4544 1411 4597 unquam
1466 4530 1789 4601 languoris,
1822 4535 1921 4585 aut

288 4614 589 4670 redeuntis
642 4619 953 4687 postquam
1008 4616 1249 4684 abierat,
1305 4623 1405 4672 aut
1454 4619 1523 4672 de
1581 4635 1726 4673 novo
1780 4620 1919 4674 sub-

288 4703 531 4759 orientis
570 4702 840 4759 incursus
870 4703 1195 4759 labefactet.
1231 4706 1292 4759 In
1326 4723 1439 4776 quo
1471 4706 1612 4760 mihi
1644 4706 1918 4765 diffidens

286 4793 504 4846 frustra
533 4792 845 4862 exploravi,
870 4793 1038 4863 ecqui
1071 4793 1168 4847 alii
1202 4796 1557 4865 professores
1600 4796 1728 4865 ejus
1778 4797 1917 4853 artis

286 4896 379 4935 me
408 4880 690 4936 feliciores
720 4887 918 4937 essent
942 4898 956 4937 :
980 4883 1080 4937 sed
1118 4882 1409 4937 neminem
1442 4898 1694 4954 usquam
1724 4885 1917 4941 inveni

284 4968 387 5039 qui
418 4969 553 5041 plus
585 4986 760 5040 quam
788 4970 927 5038 dixi,
956 4976 1168 5041 posset.
1203 4971 1263 5025 Id
1308 4972 1484 5041 quod,
1513 4988 1584 5026 ne
1636 4973 1908 5029 dissimu-

281 5056 398 5111 lem
446 5074 645 5113 verum
706 5059 883 5113 animi
938 5075 1201 5124 sensum,
1250 5059 1502 5114 multum
1561 5060 1919 5132 refrigeravit

279 5147 587 5200 incensum
619 5163 812 5201 meum
838 5148 1100 5202 studium
1135 5148 1192 5202 in
1224 5148 1399 5203 istam
1426 5148 1752 5217 scientiam,
1774 5151 1915 5207 adeo

279 5233 732 5289 insufticientem
810 5236 1252 5306 deprehensam.
1330 5237 1668 5306 Intelligens
1743 5255 1913 5308 porro

278 5322 437 5388 inde,
487 5339 679 5378 veram
739 5324 995 5379 hominis
1042 5324 1292 5381 salutem
1347 5342 1411 5381 ac
1463 5326 1796 5382 felicitatem
1852 5329 1911 5383 in

278 5418 627 5469 zeternarum
688 5414 880 5484 potius
923 5419 981 5468 et
1029 5430 1261 5485 semper
1317 5417 1697 5482 manentium,
1738 5434 1911 5488 quam

276 5504 490 5558 harum
547 5504 900 5558 caducarum
959 5519 1084 5574 quae
1142 5504 1309 5559 nobis
1365 5507 1514 5560 inter
1571 5522 1779 5560 manus
1827 5509 1910 5561 ef-

277 5596 493 5655 ﬂuunt,
517 5594 824 5663 adeptione
855 5609 1048 5647 rerum
1080 5593 1253 5648 sitam
1286 5610 1433 5664 esse,
1466 5600 1631 5650 tanto
1681 5595 1911 5666 impen-

280 5682 407 5738 sius
432 5680 673 5736 incubui
706 5687 761 5740 in
795 5681 1215 5741 abdicationem
1249 5682 1539 5738 ﬂuxorum
1602 5685 1909 5742 bonorum.

2054 1927 2283 1995 modis;
2337 1926 2550 1996 partim
2594 1942 2738 1980 vano
2793 1925 3101 1995 splendore
3159 1929 3399 1979 terrenae
3458 1923 3690 1977 clarita-

2050 2015 2145 2083 tis,
2205 2019 2477 2085 metuque
2534 2014 2898 2069 incurrendze
2958 2014 3234 2082 infamiae,
3296 2012 3343 2066 si
3404 2012 3685 2082 przejudi-

2049 2106 2208 2157 catas
2254 2120 2494 2158 assensu
2527 2103 2680 2173 vulgi
2717 2102 2952 2171 rejicere
2983 2108 3083 2156 aut
3114 2102 3171 2155 in
3205 2101 3450 2155 dubium
3484 2117 3688 2154 vocare

2048 2192 2369 2245 sententias
2401 2191 2672 2245 audeant.
2704 2191 2841 2244 Inde
2873 2207 3078 2244 omnes
3127 2206 3227 2259 pro
3279 2207 3339 2243 se
3394 2205 3686 2259 quemque

2047 2279 2252 2347 obniti,
2334 2294 2805 2349 magnopereque
2887 2278 3157 2332 insistere
3235 2277 3292 2330 in
3374 2278 3691 2331 astruenda

2046 2384 2223 2439 quam
2275 2368 2400 2438 ipse
2430 2383 2623 2421 veram
2676 2367 2866 2437 habet,
2904 2366 3292 2437 improbanda
3351 2382 3527 2437 quam
3586 2365 3683 2420 alii

2045 2458 2375 2527 praeferunt,
2438 2454 2735 2525 religionis
2795 2460 2969 2522 secta,
3016 2456 3074 2509 in
3125 2472 3307 2525 eoque
3364 2455 3682 2510 certamine

2043 2545 2263 2616 passim
2326 2545 2659 2609 ardescunt,
2695 2544 2979 2598 mendacii
3024 2547 3197 2614 atque
3245 2544 3583 2614 imposturze
3623 2562 3683 2599 se

2043 2632 2286 2686 invicem
2345 2636 2707 2697 accusantes,
2751 2632 3131 2702 inﬁnitasque
3188 2632 3420 2685 acribus
3471 2632 3685 2703 jurgiis

2043 2720 2356 2775 miscentes
2416 2720 2767 2791 quaestiones
2827 2721 2896 2773 de
2946 2723 3213 2773 Creatore
3268 2736 3332 2773 ac
3391 2726 3678 2785 creatura,

2041 2806 2111 2863 de
2144 2808 2427 2879 principio
2488 2824 2681 2863 rerum
2731 2826 2793 2862 ac
2845 2810 2957 2862 fine
3008 2808 3237 2871 ultimo,
3272 2806 3677 2878 similibusque

2040 2898 2404 2968 argumentis
2458 2897 2796 2968 dogmatum
2848 2897 3345 2963 gravissimorum.
3379 2896 3507 2950 Haec
3541 2914 3674 2969 ergo

2038 2987 2240 3041 videns
2275 2986 2472 3040 studui
2511 2974 2807 3039 consulere
2842 2984 3108 3055 privatim
3145 2985 3454 3055 magistros
3486 2990 3674 3041 secta-

2038 3092 2192 3144 rum,
2225 3091 2287 3128 ac
2320 3072 2664 3149 placitorum
2712 3074 3086 3128 ﬁrmamenta
3122 3090 3490 3144 cognoscere,
3544 3093 3673 3147 pro-

2041 3162 2307 3237 ponendo
2370 3162 2509 3232 ipsis
2569 3150 2987 3231 dubitationes,
3049 3178 3114 3216 ac
3182 3168 3315 3216 cum
3375 3166 3674 3234 responsis

2039 3258 2263 3320 eorum,
2290 3250 2642 3321 praejudiciis
2673 3250 2964 3321 sepositis,
2990 3251 3380 3321 comparando
3408 3271 3420 3319 ;
3453 3267 3518 3307 eo
3552 3253 3677 3308 ani-

2038 3358 2133 3395 mo
2168 3344 2229 3395 ut
2260 3338 2595 3409 ubicunque
2623 3339 2923 3415 veritatem
2975 3338 3515 3409 deprehendissem,
3548 3358 3676 3397 eam

2038 3433 2094 3484 et
2123 3428 2498 3496 amplecterer
2555 3429 2611 3481 et
2659 3426 2885 3481 sincera
2917 3426 3320 3499 intrepidaque
3352 3431 3677 3487 constantia

2036 3522 2316 3582 tenerem,
2351 3516 2562 3583 rejecta
2618 3515 3010 3586 qualicunque
3055 3516 3327 3571 falsitate.
3376 3518 3468 3573 Sic
3518 3520 3672 3575 enim

2037 3604 2179 3661 mihi
2240 3596 2567 3658 faciendum
2630 3603 2787 3672 duxi,
2849 3620 2941 3671 ne,
3003 3608 3066 3659 ut
3117 3604 3306 3671 multi,
3377 3598 3671 3663 crederem

2037 3693 2189 3765 quod
2241 3691 2577 3763 ignorabam
2613 3708 2625 3746 :
2659 3692 2759 3746 sed
2810 3690 3002 3769 potius
3059 3678 3282 3747 lumine
3340 3695 3556 3750 notitiae
3604 3715 3667 3751 ac

2034 3782 2278 3837 rationis
2336 3782 2628 3851 praeeunte
2666 3778 2753 3859 lin
2818 3780 2911 3835 via
2975 3781 3125 3835 tanti
3184 3782 3464 3837 momenti
3522 3786 3666 3841 duce

2034 3876 2246 3927 uterer.
2274 3870 2413 3924 Ecce
2446 3871 2639 3922 autem
2664 3865 2721 3921 in
2747 3870 2852 3921 hoc
2886 3868 3029 3922 mihi
3062 3885 3123 3923 se
3155 3870 3352 3925 sedulo
3385 3875 3663 3941 versanti,

2031 3956 2436 4030 interroganti,
2470 3946 2735 4026 inquam,
2767 3950 3142 4025 audientique
3185 3950 3476 4015 antistites
3506 3960 3667 4033 ipsos

2031 4048 2096 4103 ac
2154 4047 2343 4119 capita
2407 4045 2723 4099 factionum
2779 4043 2931 4099 circa
2989 4042 3185 4100 divina
3230 4047 3668 4120 dissidentium,

2030 4154 2144 4191 non
2179 4133 2332 4190 aliud
2362 4131 2710 4205 investigare
2741 4126 2954 4188 certius
2998 4131 3182 4203 licuit,
3216 4152 3393 4206 quam
3444 4137 3667 4193 inﬂexi-

2031 4214 2205 4281 bilem
2239 4210 2619 4297 pertinaciam
2646 4223 2877 4295 prOpria
2897 4241 3265 4296 quorumque
3294 4225 3665 4284 lauiantium

2027 4333 2159 4370 cum
2208 4312 2527 4369 alienorum
2585 4312 3007 4383 superbiSsimo
3057 4318 3391 4386 contemptu
3425 4321 3481 4370 et
3518 4316 3661 4373 irre-

2025 4402 2269 4460 vocabili
2330 4403 2460 4457 odio
2526 4402 2917 4470 conjunctam.
2977 4401 3229 4456 Oﬁ‘endit
3283 4419 3349 4456 ea
3398 4421 3489 4459 me
3546 4422 3658 4471 res,

2029 4508 2383 4561 causamque
2407 4491 2651 4561 praebuit
2672 4488 2972 4544 universos
3004 4506 3073 4544 ex
3103 4508 3265 4561 isquo
3292 4493 3657 4563 reprobandi.

1954 4569 1993 4628 Ι)
2034 4580 2253 4637 Insedit
2284 4596 2419 4652 ergo
2451 4578 2629 4633 menti
2663 4595 2821 4643 meae,
2857 4593 3060 4632 omnes
3091 4585 3372 4649 quotquot
3402 4581 3657 4637 adissem

2026 4672 2435 4737 audissemque
2510 4666 2739 4722 libidini
2810 4669 3050 4738 propriae
3101 4668 3365 4739 obsequi,
3437 4687 3470 4724 a
3526 4686 3657 4726 vero

2026 4760 2314 4823 aberrare,
2350 4773 2551 4827 sapere
2582 4761 2752 4827 prout
2782 4753 3003 4823 volunt,
3037 4772 3140 4811 nec
3172 4756 3430 4829 regulam
3492 4759 3659 4813 adhi-

2026 4848 2159 4904 bere
2192 4847 2469 4901 rationem
2522 4843 2858 4911 voluntatis,
2902 4846 2999 4900 sed
3033 4844 3394 4901 intellectum
3426 4836 3657 4902 atfectui

2028 4935 2405 5007 subjungere,
2440 4933 2585 4990 falso
2612 4934 2898 5005 judicare,
2933 4935 3287 4989 mendaciter
3315 4934 3496 5007 loqui.

2024 5054 2151 5109 Car.
2186 5054 2276 5107 IV.
2309 5082 2378 5091 —
2421 5052 2740 5107 Periculum
2808 5056 3003 5106 temere
3062 5051 3330 5107 credendi
3385 5052 3446 5107 in
3504 5055 3661 5109 rebus

2308 5123 2594 5191 religionis
2624 5123 2890 5193 parabole
2923 5120 3296 5178 declaratum.

2094 5238 2289 5309 Itaque
2317 5237 2400 5293 sic
2431 5237 2583 5308 apud
2612 5252 2807 5291 meum
2839 5236 3101 5291 animum
3135 5236 3472 5291 ﬁrmissime
3522 5253 3658 5292 con-

2023 5327 2206 5393 stitui,
2231 5328 2572 5397 quaerendos
2605 5325 2745 5381 mihi
2779 5325 2926 5380 alios
2951 5326 3137 5395 magis
3159 5342 3351 5393 aequos
3383 5326 3655 5381 idoneos-

2023 5426 2137 5487 qde
2165 5417 2505 5485 dogmatum
2537 5419 2801 5469 auctores
2831 5432 2844 5481 ;
2897 5430 2962 5466 ac
3013 5413 3197 5482 quoad
3235 5412 3378 5467 tales
3408 5415 3654 5484 reperis-

2021 5520 2167 5569 sem,
2192 5502 2338 5557 nulli
2372 5502 2578 5556 horum
2610 5519 2758 5572 quos
2798 5501 3051 5555 videram
3091 5501 3482 5571 acquiescere,
3516 5504 3647 5557 nul-

2018 5593 2140 5648 lum
2172 5590 2448 5663 sequi,ne
2478 5591 2622 5645 mihi
2653 5591 3013 5660 contingeret
3044 5590 3196 5658 quod
3229 5590 3459 5645 cuidam
3487 5592 3651 5649 aiunt

2019 5684 2176 5754 gravi
2208 5699 2313 5737 sua
2346 5680 2597 5750 pernicie
2629 5680 2886 5748 decepto.
2920 5677 3045 5732 Non
3094 5677 3263 5748 longa
3311 5684 3401 5735 est
3449 5682 3647 5737 fabula
