4060 6304
516 326 653 381 1239

1995 335 2379 389 ΔΡΡΕΝΒῖΧ.

3798 343 3897 397 1240

514 467 693 520 quam
724 452 836 518 hic,
871 459 937 508 ut
968 456 1136 527 vulgo
1189 459 1393 525 fertur,
1427 460 1625 516 recito.
1656 466 1767 514 Fur
1806 462 1981 515 noctu
2031 473 2142 511 non
2179 461 2231 524 Α
2262 458 2701 513 constitueram.
2756 458 2836 513 Ibi
2894 458 3395 530 pronuntiabam
3440 460 3895 520 incantamentum

515 539 892 597 incomitatus
942 545 1177 616 irrepsit
1219 547 1277 601 in
1314 548 1554 603 domum
1605 549 1744 603 civis
1792 546 2154 619 opulenti.ls

517 628 664 683 lecto
722 629 1079 687 decumbens
1132 635 1550 706 dormiensque
1595 642 1718 691 tum
1753 637 1919 700 forte,
1951 650 2150 705 exper-

520 718 713 770 rectus
736 717 807 769 ad
840 718 1171 788 strepitum,
1198 720 1367 775 facile
1399 722 1684 777 intellexit
1715 724 1870 776 fures
1900 722 2105 775 adesse
2138 735 2151 772 :

521 802 836 874 cubitoque
894 823 1132 861 uxorem
1192 807 1500 879 impellens
1531 817 1587 864 et
1621 812 1807 881 ipsam
1866 808 2151 872 excitavit,

520 893 1028 964 insusurravitque
1056 897 1312 951 excitatae
1356 899 1416 952 in
1468 900 1789 954 auriculam
1818 916 1830 952 :
1862 897 2154 959 Quantum

518 980 804 1050 intelligo,
838 982 1013 1037 chara
1044 985 1272 1052 conjux,
1307 986 1686 1040 circumventi
1722 986 2025 1039 latrocinio
2056 1001 2153 1035 su-

523 1085 674 1134 mus,
706 1085 809 1121 nec
842 1070 1037 1134 procul
1072 1088 1101 1122 a
1130 1070 1481 1138 calamitate,
1517 1074 1625 1127 nisi
1660 1073 1881 1127 malum
1917 1089 2155 1141 praever-

519 1158 701 1210 timus
724 1157 957 1211 astutia.
992 1158 1076 1211 Tu
1108 1175 1243 1213 vero
1275 1160 1359 1214 fac
1393 1162 1545 1231 quod
1571 1162 1769 1230 jubeo.
1805 1160 2059 1214 Inclama
2091 1177 2158 1213 ea

519 1245 677 1298 vocis
704 1244 1073 1299 contentione
1126 1264 1299 1316 quam
1342 1248 1591 1302 videaris
1640 1254 1843 1318 putare
1892 1264 2152 1301 necessa-

524 1333 671 1385 riam
704 1333 772 1385 ad
808 1333 1217 1388 excutiendum
1270 1336 1414 1389 mihi
1465 1352 1733 1406 soporem
1781 1335 2068 1402 altiorem,
2102 1343 2157 1388 et

526 1421 617 1474 dic
651 1426 848 1490 :Rogo
879 1428 958 1489 te,
992 1421 1071 1476 mi
1102 1422 1208 1489 vir,
1244 1425 1393 1477 unde
1445 1430 1544 1479 aut
1590 1425 1883 1488 quomodo
1943 1424 2155 1494 parasti

527 1508 755 1562 divitias
784 1508 961 1563 hasce
1002 1514 1119 1564 tam
1155 1510 1368 1565 multas
1399 1511 1614 1582 quibus
1646 1510 2110 1565 circumfluimus
2132 1510 2159 1564 ?

526 1598 605 1651 Ac
637 1595 781 1651 mihi
812 1597 979 1666 quasi
1013 1599 1272 1652 nondum
1307 1598 1917 1669 sentienti,ingemina
1948 1599 2159 1653 iterum

530 1686 753 1753 eadem,
786 1702 852 1739 ac
886 1686 1072 1752 tertio,
1105 1702 1239 1740 voce
1270 1702 1503 1757 semper
1531 1688 1861 1741 contentius
1910 1686 2159 1741 sublata.

2264 560 2480 611 meum,
2513 546 2569 600 in
2620 546 2809 617 ipsam
2843 547 3177 601 fenestram
3215 546 3627 603 insusurrans
3657 554 3895 623 magicum

2263 632 2372 687 hoc
2392 633 2735 688 vocabulum
2766 633 3000 700 :Semel,
3023 635 3216 689 semel
3234 650 3258 695 ;
3294 637 3641 705 repetebam
3674 645 3895 708 praeterea

2263 721 2595 791 quinquies.
2630 721 2835 776 Statim
2869 738 2901 775 a
2932 721 3238 793 replicate
3290 722 3524 792 septies
3574 726 3758 794 verbo,
3786 729 3893 782 mira

2261 809 2349 862 vis
2378 808 2654 863 carminis
2681 809 2693 862 l
2726 810 3065 879 prebebant
3097 825 3252 865 ecce
3286 826 3428 864 sese
3460 811 3631 866 nobis
3656 814 3890 883 equitabi-

2264 896 2526 967 lesfradii
2558 913 2810 967 superne
2869 897 3163 968 fulgentis
3218 899 3373 952 orbe
3426 898 3600 969 pleno
3646 900 3891 956 luna’.His

2264 984 2474 1038 invecti
2543 985 2872 1038 ferebamur
2937 984 3098 1039 intra
3172 986 3368 1049 aedes,
3428 987 3649 1040 nemini
3702 1004 3887 1057 prorsus

2266 1071 2426 1126 intus
2453 1072 2791 1143 degentium
2824 1073 3137 1143 conspicui
3174 1078 3290 1127 aut
3323 1074 3719 1130 observabiles
3762 1076 3884 1146 signo

2267 1159 2705 1229 sensuvelullo.
2738 1162 2886 1216 Tum
2941 1162 3171 1216 iterum
3235 1177 3352 1232 ego
3414 1161 3880 1217 immurmurabam

2266 1264 2500 1302 carmen
2530 1264 2758 1315 meum;
2806 1265 2922 1319 quo
2971 1250 3135 1304 dicto
3190 1249 3497 1319 quidquid
3532 1250 3814 1320 pretiosum
3841 1252 3877 1306 in

2268 1335 2369 1388 illa
2399 1340 2523 1389 erat
2552 1337 2723 1391 domo
2746 1352 2775 1389 e
2806 1336 3044 1391 latebris
3078 1353 3433 1407 erumpens
3466 1339 3590 1393 suis
3618 1338 3880 1392 conﬂuebat

2267 1429 2473 1495 sponte
2500 1424 2571 1478 ad
2599 1441 2709 1478 me.
2742 1423 3042 1495 Eligebam
3078 1440 3226 1494 quae
3259 1423 3599 1495 placebant,
3630 1427 3876 1496 portanda-

2269 1528 2381 1582 que
2402 1513 2613 1567 dabam
2638 1513 2831 1568 sociis.
2848 1512 2976 1567 Mox
2998 1530 3227 1567 rursus
3264 1515 3664 1568 incantatione
3691 1516 3876 1585 repetita

2270 1600 2756 1655 inscendebamus
2788 1601 2982 1655 radios
3020 1601 3211 1669 lunae,
3246 1600 3773 1669 famulantibusque
3796 1600 3876 1655 illis

2272 1704 2373 1759 per
2401 1689 2632 1743 easdem
2667 1689 2951 1743 fenestras
2982 1688 3420 1757 evolabamus,
3442 1706 3547 1744 nos
3576 1692 3872 1760 praedamque

529 1775 687 1829 Fecit
761 1772 1047 1844 extemplo
1106 1774 1317 1829 mulier
1373 1776 1527 1845 quod
1581 1775 1674 1829 vir
1726 1775 2112 1846 imperaverat
2145 1791 2157 1829 :
2194 1795 2240 1860 Β
2270 1776 2328 1829 in
2361 1780 2552 1830 tutum
2587 1775 2950 1845 recipientes.
2986 1775 3119 1831 Haec
3173 1777 3351 1832 fures
3385 1776 3677 1832 audientes
3702 1778 3749 1829 in
3775 1776 3867 1829 sinu

528 1874 989 1939 mussaruntque
1045 1870 1241 1925 statim
1302 1871 1479 1936 fures,
1511 1876 1568 1926 et
1614 1888 1686 1927 ne
1735 1871 2017 1927 indicium
2071 1872 2161 1927 sui

521 1958 644 2027 jam
697 1956 1079 2027 vigilantibus
1111 1958 1451 2028 praeberent,
1484 1958 1815 2014 immobiles
1849 1959 2163 2028 haeserunt,

526 2044 865 2100 curiositate
894 2050 1169 2116 praeterea
1200 2047 1589 2117 cognoscendi
1630 2047 1769 2118 quid
1801 2048 1891 2103 vir
1919 2064 2164 2119 respon-

527 2150 703 2188 surus
729 2137 903 2199 esset,
937 2134 1008 2187 ad
1061 2133 1353 2188 silendum
1412 2134 1987 2205 auscultandumque
2017 2135 2162 2188 invi-

526 2226 706 2276 tante.
731 2222 880 2275 Tum
925 2219 1083 2275 velut
1111 2238 1261 2293 aagre
1292 2223 1527 2277 tandem
1561 2222 1791 2277 solutus
1821 2239 2028 2277 somno
2059 2223 2165 2287 vir,

531 2311 767 2365 auditus
815 2312 905 2364 est
951 2308 1140 2364 dicere
1175 2326 1187 2363 :
1225 2310 1388 2364 Nacti
1439 2327 1671 2380 sumus,
1702 2327 1734 2366 o
1777 2327 1939 2377 uxor,
1973 2310 2167 2365 divino

532 2397 811 2453 beneﬁcio
843 2396 1040 2466 copias
1067 2413 1323 2467 opesque
1353 2398 1546 2453 omnis
1573 2398 1803 2469 generis
1836 2398 2118 2469 plurimas
2152 2415 2165 2451 :

535 2495 723 2549 fruere
770 2493 863 2548 his
892 2494 1176 2548 vescendo
1218 2493 1605 2565 bibendoque,
1640 2510 1705 2548 ac
1750 2493 1940 2549 laetam
1990 2494 2167 2548 vitam

536 2583 781 2652 agendo,
814 2597 918 2636 nec
962 2581 1192 2634 curiose
1239 2586 1579 2651 percontare
1633 2582 1788 2636 unde
1836 2581 1949 2636 ista
1996 2597 2171 2651 para-

538 2671 688 2738 rim;
744 2670 899 2740 quod
931 2668 1189 2723 indicare
1220 2669 1321 2722 tibi
1356 2685 1595 2738 nequeo,
1630 2674 1785 2724 metu
1839 2685 1909 2724 ne
1959 2668 2171 2741 aliquis

536 2758 808 2814 exaudiat
874 2757 1062 2828 (aiunt
1116 2757 1270 2812 enim
1330 2762 1383 2812 et
1438 2774 1639 2813 muros
1696 2762 1915 2812 auritos
1973 2758 2169 2825 esse):

536 2874 812 2913 arcanum
845 2861 1038 2911 autem
1076 2856 1182 2910 hoc
1213 2856 1358 2911 tanti
1392 2856 1671 2911 momenti
1711 2862 1819 2921 est,
1855 2860 1917 2910 ut
1946 2872 2014 2910 ex
2043 2855 2171 2924 ejus

534 2946 898 3016 evulgatione
931 2944 1135 3007 ultima
1164 2944 1339 3016 capiti
1376 2944 1739 3015 fortunisque
1775 2943 1991 2999 nostris
2043 2959 2171 3013 per-

536 3034 716 3089 nicies
753 3032 1108 3103 impendeat.
1132 3037 1350 3103 Apage,
1378 3033 1457 3087 mi
1487 3034 1576 3086 vir
1606 3031 1837 3102 (mulier
1868 3030 2170 3102 reposuit),

538 3122 1007 3193 intempestivam
1065 3121 1215 3176 hanc
1270 3120 1689 3175 formidinem:
1726 3135 1838 3173 nox
1893 3118 2173 3174 concubia
2204 3136 2248 3202 (ς

539 3215 650 3281 est,
696 3209 895 3265 clausa
951 3210 1182 3277 domus,
1234 3224 1339 3262 nos
1393 3207 1487 3261 hic
1544 3206 1653 3262 soli
1690 3224 1703 3263 :
1738 3223 1911 3279 quem
1970 3208 2176 3262 adesse

544 3315 717 3371 posse
735 3298 843 3353 tibi
864 3296 1036 3367 ﬁngis
1059 3295 1159 3366 qui
1181 3296 1331 3365 quod
1356 3294 1613 3367 loqueris
1644 3296 1889 3351 audiat?
1922 3297 2180 3366 Respon-

545 3391 631 3446 dit
658 3384 1304 3456 vir:Quandoquidem
1358 3402 1451 3440 me
1508 3388 1690 3456 cogis,
1744 3386 2001 3456 aperiam
2059 3402 2181 3440 rem

548 3482 771 3542 totam;
817 3475 916 3529 sed
947 3474 1076 3528 vide
1108 3490 1211 3542 pro
1259 3490 1323 3528 eo
1372 3478 1655 3543 quantum
1711 3473 1873 3528 salus
1924 3472 2030 3527 tibi
2086 3477 2184 3528 tua

547 3580 789 3635 meaque
844 3562 1004 3617 cordi
1042 3565 1150 3628 est,
1180 3576 1251 3616 ne
1300 3577 1561 3630 unquam
1619 3560 1894 3631 cuiquam
1949 3560 2183 3631 prodas,

543 3670 659 3708 non
712 3650 989 3721 cognatis,
1022 3666 1137 3705 non
1183 3648 1483 3704 fratribus.
1517 3654 1663 3704 Nam
1696 3648 1823 3704 dico
1856 3648 1963 3704 tibi
1994 3648 2183 3703 edico-

544 3757 657 3812 que
686 3740 919 3805 iterum,
948 3737 998 3792 si
1032 3754 1065 3792 a
1095 3753 1393 3808 quoquam
1428 3736 1731 3807 resciatur,
1756 3753 1959 3792 omnes
1990 3734 2188 3790 omnia

543 3829 878 3900 perdemus,
947 3841 1238 3897 superque
1312 3824 1423 3896 ipsi
1498 3825 1774 3880 continuo
1845 3823 2183 3894 peribimus.

544 3927 676 3981 H1130
725 3923 998 3984 videlicet
1046 3923 1294 3992 (fatebor
1323 3922 1478 3977 enim
1512 3922 1607 3977 hic
1638 3922 1769 3989 tibi)
1799 3922 1951 3976 furto
1999 3920 2188 3975 lucra-

544 4021 640 4068 tus
674 4012 944 4067 universa
992 4028 1150 4079 sum,
1183 4011 1330 4065 nihil
1382 4028 1497 4065 non
1549 4010 1695 4065 mihi
1753 4014 2088 4078 congestum
2122 4027 2190 4065 ex

546 4101 773 4171 rapina.
818 4082 1091 4154 Perculsa
1140 4097 1293 4152 dicto
1347 4097 1558 4152 mulier
1589 4114 1603 4153 :
1637 4098 1801 4165 Mira,
1850 4098 2061 4167 inquit,
2110 4096 2189 4151 mi

547 4190 655 4253 vir,
688 4205 893 4242 narras
934 4212 948 4253 ;
999 4203 1135 4240 nam
1187 4192 1245 4240 et
1289 4190 1410 4241 tam
1469 4186 1655 4240 multa
1704 4186 1762 4239 in
1824 4186 2191 4255 possessione

550 4281 755 4333 nostra
783 4281 943 4343 sunt,
974 4291 1104 4345 quae
1135 4273 1551 4327 difﬁcillimum
1582 4273 1660 4327 sit
1691 4274 1915 4329 creditu
1967 4274 2191 4328 corradi

554 4367 1007 4436 congregarique
1070 4363 1319 4416 iurando
1378 4363 1687 4432 potuisse;
1735 4367 1792 4416 et
1845 4367 1949 4416 tua
2004 4362 2191 4433 ipsius

553 4456 703 4508 hanc
761 4452 1092 4522 opinionem
1153 4451 1367 4505 refutat
1419 4451 1573 4505 fama
1607 4466 1621 4506 :
1653 4451 1742 4503 vir
1790 4449 1943 4504 enim
2004 4449 2190 4506 bonus

551 4543 724 4613 vulgo
779 4539 1153 4594 existimaris.
1206 4538 1446 4610 Nempe,
1491 4539 1573 4593 ait
1630 4537 1903 4602 maritus,
1960 4554 2190 4593 carmen

554 4631 847 4701 magicum
887 4628 1126 4681 adhibui
1177 4627 1448 4681 efficaciae
1501 4626 1782 4695 miriﬁcae,
1816 4627 1987 4695 cujus
2019 4628 2067 4679 vi
2098 4645 2191 4681 ar—

554 4735 700 4773 cana
727 4716 807 4770 ita
837 4716 1077 4783 iuvabar
1116 4715 1173 4768 in
1224 4716 1493 4781 furando,
1522 4719 1586 4768 ut
1640 4730 2007 4785 quaecunque
2064 4730 2196 4769 con-

555 4807 850 4875 cupieram
898 4803 1208 4873 quantovis
1258 4818 1524 4866 numero,
1567 4802 1863 4873 quantivis
1912 4801 2080 4873 pretii
2131 4819 2196 4857 ac

562 4894 727 4948 molis
783 4895 997 4954 essent,
1069 4889 1421 4943 attraherem
1481 4906 1969 4961 congereremque
2043 4890 2197 4944 unde

560 5000 625 5037 ac
657 4997 772 5051 quo
802 4979 1065 5033 volebam
1102 4993 1115 5035 :
1149 4978 1421 5047 idemque
1453 4981 1673 5043 tamen,
1708 4979 2042 5049 suspicione
2073 4995 2199 5048 pro-

561 5070 653 5127 cul
676 5068 858 5135 omni,
882 5065 1335 5121 existimationis
1367 5066 1517 5135 apud
1542 5081 1746 5121 omnes
1770 5082 1944 5136 quam
1969 5067 2200 5137 optimae

561 5156 993 5230 possessionem
1016 5152 1428 5207 inconcussam
1450 5157 1663 5209 tuerer.
1685 5157 1844 5223 Papae
1862 5151 1874 5206 ἱ
1895 5152 2203 5223 (exclamat

559 5246 655 5302 hic
710 5243 940 5314 mulier)
998 5241 1289 5311 stupenda
1345 5257 1659 5309 memoras,
1692 5246 1756 5296 ut
1812 5240 1962 5297 scire
2016 5242 2200 5312 gestio

563 5352 675 5405 quo
723 5334 781 5387 id
834 5336 1025 5388 actum
1090 5330 1263 5384 modo
1293 5328 1411 5384 sit!
1445 5330 1514 5384 Et
1538 5329 1635 5384 ille
1667 5345 1680 5384 :
1716 5330 1850 5399 Pax,
1886 5328 2096 5399 inquit,
2125 5329 2204 5383 sit

564 5428 740 5481 rebus
772 5440 786 5477 :
820 5422 868 5477 si
901 5420 1176 5492 quiescis,
1210 5423 1400 5475 totum
1460 5418 1682 5475 audies.
1738 5420 2042 5474 Prodibam
2082 5418 2201 5490 ple-

569 5515 647 5569 nil
682 5513 819 5567 unio
852 5528 953 5583 per
991 5516 1218 5566 noctem
1254 5527 1268 5578 ;
1320 5513 1486 5564 erant
1516 5526 1632 5564 una
1665 5525 1890 5564 mecum
1938 5510 2201 5577 comites,

568 5600 1024 5658 escendebamus
1056 5599 1117 5653 in
1149 5598 1433 5654 fenestras
1465 5597 1677 5652 mdium
1710 5613 1857 5669 quas
1884 5595 2205 5669 deprmdaﬁ

2269 1864 2621 1936 gaudebant,
2653 1863 2996 1935 aiebantque
3050 1866 3450 1936 gratulantes
3505 1870 3705 1931 mutuo,
3739 1864 3866 1917 Bonis

2270 1954 2473 2009 avibus
2505 1953 2619 2008 huc
2645 1955 2951 2022 venimus;
2998 1955 3192 2011 nullis
3252 1972 3526 2027 unquam
3560 1954 3755 2008 furibus
3778 1958 3860 2006 tam

2272 2042 2573 2115 propitiam
2622 2042 2877 2097 Laverna
2933 2059 2995 2097 se
3047 2045 3347 2114 praebuit.
3398 2044 3484 2098 En
3541 2044 3631 2098 ubi
3680 2042 3858 2095 minime

2271 2131 2620 2202 putabamus
2641 2133 2821 2184 artem
2846 2130 3174 2186 didicimus
3193 2136 3444 2187 montes
3463 2146 3652 2186 aureos
3665 2127 3859 2199 parandi,

2271 2218 2581 2274 securitate
2621 2219 2693 2273 ab
2743 2218 2903 2272 omni
2954 2223 3111 2274 metu
3169 2236 3446 2275 summa.
3482 2218 3616 2283 Quin
3635 2218 3735 2287 jam
3761 2215 3853 2268 hinc

2272 2307 2524 2361 indicato
2580 2305 2925 2376 compendio
2982 2307 3245 2376 utimur,
3279 2313 3341 2362 et
3372 2307 3554 2362 armis
3604 2305 3732 2359 hunc
3768 2301 3852 2355 suis

2272 2393 2526 2465 petimus
2546 2393 2573 2447 ‘?
2600 2393 2814 2447 Omnes
2841 2400 3275 2450 assenserunt:
3310 2398 3729 2465 exspectatoque
3751 2390 3843 2443 dum

2271 2482 2358 2538 vir
2389 2480 2713 2551 mulierque
2744 2480 2952 2536 iterum
2978 2482 3526 2548 obdormiscerent,
3556 2480 3644 2535 ubi
3691 2476 3842 2547 sopitos

2273 2573 2573 2641 putarunt,
2596 2584 2942 2639 progressus
2964 2569 3167 2625 furum
3202 2572 3493 2641 princeps
3522 2570 3586 2622 ad
3617 2566 3835 2621 fenestram

2276 2674 2378 2729 per
2424 2673 2597 2728 quam
2655 2656 2807 2711 lunae
2867 2657 3068 2712 radius
3119 2658 3400 2723 subibat,
3428 2656 3635 2728 septies
3678 2648 3835 2723 protulit

2275 2745 2541 2801 auditum
2573 2744 3079 2800 incantamentum
3116 2762 3131 2801 :
3168 2747 3385 2813 Semel,
3434 2745 3612 2811 semel,
3640 2743 3831 2804 etc.,tnm

2274 2833 2495 2903 impetu
2558 2831 2823 2886 insiliens
2882 2833 3049 2903 quasi
3099 2835 3178 2888 ad
3237 2832 3668 2905 inequitandum
3708 2822 3825 2879 lunari

2276 2921 2459 2990 radio,
2489 2920 2545 2974 in
2575 2925 2750 2991 caput
2780 2921 3055 2989 concidit,
3085 2924 3295 2977 sonitu
3346 2936 3588 2991 magno;
3629 2916 3687 2970 ad
3723 2924 3820 2981 quem

2276 3024 2590 3079 erumpens
2636 3009 2788 3063 fuste
2829 3013 3093 3080 correpto
3156 3008 3601 3080 paterfamilias,
3640 3000 3821 3058 afﬂictum

2283 3096 2471 3151 valide
2501 3094 2773 3166 pulsavit,
2806 3095 3181 3166 ingeminans
3216 3098 3292 3151 ad
3327 3097 3487 3151 ictus
3511 3088 3731 3162 singulos
3753 3081 3830 3137 :lu

2286 3185 2420 3256 quis
2449 3184 2557 3239 es?
2599 3184 2666 3238 At
2695 3182 2793 3238 ille
2826 3200 2841 3239 :
2874 3186 3065 3253 Cessa,
3098 3185 3327 3256 inquit,
3363 3188 3422 3239 et
3449 3183 3617 3237 dicam
3653 3191 3667 3229 :
3707 3166 3833 3225 Stulte

2287 3271 2559 3328 credulus
2585 3270 2730 3325 mihi
2761 3288 2973 3327 nomen
3005 3276 3114 3327 est.
3150 3275 3320 3329 Idem
3347 3288 3456 3343 ego
3497 3283 3563 3323 ne
3598 3260 3704 3321 mihi

2289 3361 2537 3431 tingeret
2560 3360 2814 3429 verebar,
2839 3360 2888 3415 si
2918 3361 3151 3417 somnia
3182 3342 3563 3417 narrantibus
3589 3368 3673 3407 sua
3696 3342 3837 3400 multi-

2290 3448 2564 3503 formium
2616 3447 3102 3518 superstitionum
3138 3447 3512 3520 prmoonibus
3541 3442 3661 3497 citra
3683 3434 3835 3506 pigmls

2288 3536 2560 3592 idoneum
2594 3536 2767 3592 ﬁdem
2798 3536 3148 3593 addicerem.

2291 3679 2418 3733 CAP.
2450 3676 2617 3748 V.,-—
2651 3677 2875 3748 Persae:
2904 3676 3237 3747 religionem
3260 3696 3296 3733 a
3320 3671 3623 3748 parentibus
3646 3659 3839 3748 "fit?!"

2363 3732 2633 3818 reprobat.
2666 3732 3047 3817 Beneﬁcentié
3092 3732 3407 3803 vacandum
3450 3732 3835 3818 :tatu1'{._P":’_’ﬂ'_'_

2364 3806 2602 3890 ὺάιίοηεδ
2629 3806 3026 3890 vehementiam
3054 3820 3352 3890 alectuum
3392 3831 3547 3889 quam
3580 3807 3675 3864 sint
3704 3806 3840 3855 ποίαιτ

2354 3889 2629 3957 parabola
2657 3888 3009 3945 demonstrat.

2367 4012 2606 4068 Interim
2638 4012 2698 4067 in
2732 4012 2837 4067 hac
2874 4030 3002 4069 mea
3023 4014 3182 4069 varia
3200 4021 3267 4070 et
3283 3985 3840 4076 anxiainquisitionede

2296 4102 2495 4169 sectis,
2527 4101 2671 4155 illud
2728 4102 3020 4173 tenebam,
3082 4119 3155 4157 ne
3195 4104 3257 4158 in
3312 4100 3526 4159 scelera
3566 4087 3835 4173 incurrerent

2297 4205 2501 4258 meque
2541 4206 2750 4259 purum
2780 4190 2852 4243 ab
2884 4190 3044 4245 omni
3092 4190 3417 4246 offensione
3464 4186 3723 4239 servarem,
3748 4172 3834 4230 ιιυεε

2298 4276 2611 4348 perniciem
2658 4283 2852 4348 posset
2884 4279 3103 4334 afferre.
3138 4279 3392 4351 Pergens
3439 4274 3614 4328 autem
3655 4261 3835 4351 interro-

2298 4334 2436 4436 gare
2484 4334 2767 4432 illos,qui
2818 4366 3069 4421 consulti
3115 4334 3407 4437 peritique
3454 4350 3754 4433 putabantur
3780 4334 3831 4437 .de

2300 4429 2670 4524 dogmatibus
2689 4429 2827 4522 quae
2861 4470 2960 4523 pro
2989 4429 3340 4509 indubitatis
3369 4429 3830 4524 venditabantﬁalt'

2302 4522 2505 4612 gebam
2527 4522 2919 4610 proponendis
2934 4542 3295 4611 argumentis
3313 4544 3365 4595 in
3389 4527 3697 4593 contrarium
3712 4522 3826 4612 tntis:

2304 4628 2714 4697 responsisque
2744 4626 3001 4697 ipsorum
3033 4626 3353 4695 eliciendis,
3385 4605 3829 4702 satisfacere-alligo

2305 4694 2455 4781 meo,
2487 4694 3033 4785 deprehendereque
3080 4715 3131 4771 si
3174 4732 3291 4786 qua
3340 4720 3549 4784 possem
3587 4694 3825 4786 verit-alea]:

2305 4808 2500 4858 certus
2521 4804 2571 4856 ei
2590 4802 2765 4857 semel
2796 4778 3042 4858 inventis
3077 4778 3368 4859 mordicus
3395 4800 3603 4854 haerere.
3620 4778 3707 4838 Sed
3733 4778 3825 4826 cum

2305 4908 2373 4947 ea
2404 4907 2529 4960 quas
2558 4890 3029 4961 superciliosizilli
3063 4892 3327 4963 magistri
3361 4874 3674 4963 reponebanf
3702 4868 3825 4963 “ﬁ”:

2310 4941 2373 4947 η
2409 4941 2524 4960 Ὶ-νν
2560 4941 3029 4961 ηττ--η--τ-γη-
3063 4941 3327 4963 ----σ-‹---

2308 4978 2785 5046 mentationibus,
2843 4980 2959 5033 veri
3028 4979 3354 5034 charactem
3402 4988 3506 5029 non
3554 4941 3825 5049 Pmrﬁrfeﬁf’

2309 5084 2412 5123 nec
2444 5066 2681 5121 omnino
2713 5067 3035 5137 quidquam
3086 5066 3446 5124 ostenderent
3472 5054 3597 5113 satis
3620 5037 3824 5137 εοῖξάξωξί

2310 5160 2374 5210 ut
2403 5155 2452 5209 ei
2486 5170 2687 5209 secure
2734 5170 2964 5225 possem
3011 5154 3203 5224 inniti,
3235 5150 3530 5211 metuebam

2309 5208 2567 5298 incertus
2613 5208 2912 5296 sententiae
2964 5208 3524 5312 pendebamjrouare
3558 5208 3826 5319 Yelfltjefff

2310 5330 2847 5402 peregrinationum
2896 5330 3094 5385 anima
3124 5347 3255 5386 mea
3283 5347 3345 5387 eo
3374 5310 3663 5402 inclinabat,
3687 5298 3803 5402 ait:

2311 5387 2622 5488 quiescenti
2634 5434 2664 5471 u
2676 5433 2726 5470 m
2747 5416 2855 5471 sibi
2872 5421 3103 5487 putaret
3115 5417 3268 5472 domi
3287 5407 3605 5491 :tenendunf-
3625 5387 3821 5491 in?in

2311 5473 2369 5560 i‘n
2403 5504 2631 5576 negotio
2664 5473 2959 5596 religionis
2990 5506 3244 5596 duceret,
3269 5473 3802 5596 quidquid-deﬁgis]:

2313 5600 2526 5663 rentes:
2548 5596 2605 5649 et
2632 5592 2897 5664 exemplo
2928 5593 3308 5665 praeivissent,
3338 5594 3387 5646 et
3407 5581 3555 5641 verbo
3597 5563 3816 5623 docerent-
