4060 6304
304 336 435 393 1241

1284 337 1652 409 ΕΕΡΕΟΙΜΕΝ
1689 335 2082 389 ΒΑΡΙΒΝΤΙΛΕ
2119 335 2450 388 INDORUM
2492 334 2647 385 VET.

3543 318 3679 372 1242

304 460 413 512 Sed
450 459 650 513 retorsi
685 475 788 530 ego
821 477 941 515 eam
982 461 1051 514 ab
1083 460 1193 514 isto
1244 459 1575 530 proposito;
1622 456 1938 526 monuique
1970 461 2020 521 Α
2052 459 2382 527 correptum
2417 455 2696 507 miserum
2730 448 2985 505 convicio
3018 446 3196 502 trahit
3226 443 3681 513 adjudicem,ex

306 546 479 617 longe
508 562 635 601 esse
668 547 878 602 melius
910 548 966 602 in
1000 547 1181 617 priori
1208 546 1498 617 quaerendi
1524 545 1766 601 consilio
1814 560 1938 615 per-

305 639 479 688 stare.
515 636 811 689 Inﬁrmam
847 637 1001 689 enim
1052 635 1480 690 excusationem
1533 632 1745 688 erranti
1801 632 1939 697 fore,

302 723 681 776 domesticam
714 723 1040 777 doctrinam
1077 723 1174 778 ubi
1210 723 1353 777 forte
1387 722 1575 792 ipsius
1595 723 1831 775 ductum
1852 737 1939 774 se-

305 815 478 865 cutus
511 812 566 863 in
601 811 841 865 exitium
889 811 1190 867 corruerit.
1241 810 1381 864 Nam
1433 810 1560 877 quis
1609 812 1940 877 compertus

309 898 669 964 magicarum
706 899 943 961 artium,
982 898 1535 969 impunejudicium
1582 895 1763 948 evasit
1804 893 1939 949 alle-

305 986 495 1055 gando
532 985 711 1039 fuisse
745 988 852 1040 sibi
887 1003 984 1040 eas
1017 1004 1049 1040 a
1077 992 1235 1056 patre
1271 1002 1439 1055 mago
1479 983 1769 1039 traditas?
1816 982 1936 1036 Non

307 1090 447 1126 sane
470 1072 653 1141 magis
686 1090 860 1144 quam
895 1074 1173 1128 ebrietate
1225 1090 1290 1127 ac
1321 1072 1558 1143 crapula
1601 1070 1941 1141 quotidiana

301 1169 697 1223 valetudinem
731 1187 1112 1241 corrumpens
1132 1175 1232 1223 aut
1261 1168 1482 1223 censori
1513 1168 1717 1221 vitium
1751 1167 1942 1235 objur-

306 1256 465 1327 ganti
492 1256 941 1325 satisfaciet,aut
967 1258 1268 1312 curabitur
1309 1275 1342 1312 a
1389 1256 1609 1310 morbis
1657 1255 1943 1324 intempe-

310 1343 497 1398 rantia
527 1350 862 1410 contractis,
889 1345 1063 1399 simul
1091 1363 1178 1407 ac,
1210 1345 1316 1399 etsi
1351 1360 1502 1411 vere,
1528 1344 1754 1406 dixerit,
1784 1357 1849 1395 ea
1880 1358 1941 1395 se

305 1432 583 1503 diciplina
613 1435 925 1489 educatum
974 1436 1029 1489 in
1065 1440 1303 1505 paterna
1332 1436 1526 1499 domo,
1558 1433 1697 1487 talia
1725 1432 1938 1501 genito-

307 1539 438 1575 rum
464 1525 728 1590 exempla
760 1524 1208 1578 recordariJstaa
1241 1540 1331 1577 me
1357 1539 1541 1576 causae
1565 1523 1944 1592 perpulerunt

304 1610 373 1664 ad
409 1611 831 1679 reprobandam
881 1616 1189 1681 parentum
1241 1626 1499 1665 meorum
1543 1611 1612 1663 de
1663 1608 1941 1679 religione

308 1698 845 1763 sententiam;unde
876 1699 1012 1754 hinc
1044 1701 1315 1770 repulsus
1346 1698 1510 1769 quasi
1542 1714 1687 1752 novo
1719 1697 1938 1769 princi-

2049 545 2174 613 lege
2206 543 2409 613 utique
2449 546 2739 596 acturum.
2799 539 2946 608 Ergo
3001 536 3268 607 equidem
3317 533 3377 586 in
3416 532 3679 586 animum

2047 633 2248 687 induxi
2280 648 2395 685 non
2429 630 2809 694 committere,
2855 633 2918 682 ut
2974 625 3407 698 perturbatione
3462 620 3677 675 mentis

2047 721 2280 791 ineptus
2310 719 2521 774 actioni
2546 718 2810 783 fiam,sed
2846 732 3046 771 sereno
3078 728 3305 784 semper
3334 707 3679 777 tranquillo-

2047 825 2161 878 que
2187 808 2296 861 sim
2329 807 2543 873 animo,
2577 804 2880 876 expeditus
2932 803 3221 856 alacritate
3281 796 3549 869 prmsenti
3607 796 3674 850 ad

2047 898 2354 950 naxandan
2377 895 2544 964 aegris
2576 908 2833 964 operam;
2860 890 3273 959 juvandosque
3304 886 3538 957 quosvis
3574 901 3680 955 ope

2048 984 2575 1054 quomodocunque
2606 982 2937 1050 indigentes
2971 994 3118 1041 mea;
3153 992 3285 1029 nam
3310 975 3365 1027 in
3391 989 3679 1027 commen-

2048 1071 2242 1125 danda
2271 1067 2969 1133 beneﬁcentia,omues,in
3004 1065 3135 1119 aliis
3167 1063 3301 1117 licet
3328 1060 3677 1116 dissentien-

2047 1164 2155 1223 tes,
2190 1174 2422 1213 summa
2454 1155 2759 1211 concordia
2791 1161 2960 1208 sectae
2985 1151 3352 1206 conveniunt.

2048 1306 2180 1357 CAP.
2214 1300 2306 1353 VI.
2341 1329 2407 1338 —
2439 1300 2685 1361 Perz-oes,
2711 1294 2976 1366 pendente
3004 1288 3681 1366 adhucdeliliorutz’qnede

2117 1371 2396 1438 religione
2427 1359 2750 1422 innocentiae
2773 1382 2838 1419 ac
2868 1363 3205 1438 benignitati
3228 1363 3441 1415 studere
3495 1359 3675 1438 decer-

2117 1430 2371 1508 nitfeius
2401 1440 2496 1509 qui
2524 1454 2674 1492 secus
2701 1436 2898 1506 fecerit
2930 1430 3170 1489 stultitia
3204 1449 3305 1501 per
3356 1430 3679 1502 parabolum

2119 1513 2435 1569 Ostenditur.

2118 1636 2405 1693 Constitui
2423 1638 2695 1705 praeterea
2715 1649 2827 1687 non
2845 1630 3033 1686 solum
3052 1626 3432 1683 homicidium
3455 1640 3679 1688 cavere,

2050 1729 2150 1783 sed
2179 1743 2211 1779 a
2240 1724 2526 1796 pulsando
2558 1722 2919 1792 quodquam,
2950 1736 3016 1773 ac
3046 1718 3099 1773 vi
3146 1716 3349 1787 quavis
3378 1713 3681 1768 inferenda

306 1786 402 1855 pio
434 1785 491 1838 in
541 1802 820 1880 _examen_
842 1787 1414 1880 amomuonémquf
1452 1785 1707 1841 sedulam
1739 1791 1942 1880 ,καθ’
1974 1800 2019 1863 Β
2052 1815 2154 1871 ulli
2186 1785 2424 1869 omnino
2459 1785 2817 1880 temperare;
2851 1806 3071 1862 decrevi
3117 1785 3347 1876 quoque
3389 1803 3681 1857 abstinere

308 1890 435 1927 rum
463 1873 719 1928 animum
753 1874 965 1929 admisi
1001 1893 1014 1931 :
1050 1891 1163 1945 quo
1187 1878 1325 1929 dum
1358 1874 1455 1927 diu
1488 1891 1684 1929 versor
1736 1875 1792 1927 in
1837 1891 1936 1927 ne-

308 1962 876 2031 gotio,animadverti
923 1980 1192 2035 magnam
1232 1981 1321 2018 me
1368 1965 1484 2033 jam
1528 1964 1655 2017 vitae
1716 1968 1937 2034 partem

305 2051 804 2116 emensum,senio
836 2056 892 2106 et
923 2052 1094 2107 morti
1129 2052 1538 2123 propinquare.
1571 2051 1687 2105 Hac
1712 2052 1942 2123 pulsata

310 2138 661 2207 cogitatione
692 2154 857 2192 mens
886 2139 942 2193 in
976 2140 1110 2194 finis
1141 2140 1232 2208 qui
1264 2155 1467 2194 omnes
1499 2145 1698 2193 manet
1747 2146 1803 2193 et
1834 2140 1940 2193 mi-

306 2225 591 2296 grationis
614 2242 681 2280 ex
713 2226 818 2281 hoc
851 2228 1068 2281 mundo
1117 2227 1643 2282 considerationem
1675 2227 1943 2281 incubuit

308 2329 411 2382 per
439 2318 719 2368 attentam
754 2320 927 2384 atque
959 2332 1149 2368 acrem
1184 2330 1249 2369 eo
1291 2315 1495 2369 effectu
1546 2317 1610 2368 ut
1658 2314 1940 2385 quidquid

309 2405 548 2470 apparet
595 2418 773 2472 seque
823 2407 1080 2457 ostentat
1133 2401 1391 2473 speciose
1440 2403 1496 2455 in
1535 2401 1642 2456 hac
1692 2404 1940 2472 quadam

315 2489 518 2543 mundi
553 2506 727 2543 scena
759 2489 904 2544 nihil
936 2491 1047 2546 nisi
1083 2492 1348 2545 umbram
1398 2490 1708 2545 videretur.
1756 2492 1944 2546 Statui

311 2580 510 2631 autem
544 2577 934 2632 insistendum
959 2578 1103 2632 mihi
1127 2578 1521 2633 exercitationi
1554 2579 1943 2634 beneﬁcentiae

314 2680 557 2734 sperans
597 2679 665 2719 ea
709 2670 1160 2720 consecuturum
1219 2682 1331 2733 me,
1366 2670 1430 2720 ut
1475 2665 1643 2720 benis
1698 2668 1837 2721 viris
1891 2675 1947 2723 et

310 2750 587 2822 praeclara
610 2768 711 2823 per
740 2752 914 2807 vitam
950 2754 1203 2824 operatis
1235 2770 1674 2808 annumerarer.
1714 2755 1946 2809 Decrevi

310 2839 487 2893 etiam
510 2840 931 2903 cavendum,ne
960 2841 1177 2895 nimius
1210 2842 1265 2895 in
1300 2840 1442 2895 illud
1475 2841 1667 2911 ipsum
1708 2859 1823 2913 quo
1865 2844 1944 2897 t‘e-

310 2925 479 2980 rebar
507 2925 821 2996 indagandi
857 2925 973 2981 veri
996 2927 1257 2981 studium
1292 2929 1826 2996 aﬂ‘ectus,avocaret
1859 2946 1948 2985 me

311 3030 345 3067 a
375 3013 671 3069 functione
702 3015 1095 3070 curandorum
1125 3016 1638 3087 aegrorum;sicque
1669 3017 1825 3072 iners
1844 3034 1946 3073 ne-

2044 1904 2235 1959 verbis
2265 1900 2565 1956 maledicis
2598 1914 2662 1952 ac
2695 1897 3113 1967 turpibus,non
3145 1890 3677 1957 furari,nonirasci,

2048 1991 2193 2048 nulli
2235 1989 2494 2044 fraudem
2563 1984 2777 2040 moliri.
2847 1982 3119 2038 Abdicavi
3196 1977 3679 2035 consuetudinem

2046 2079 2358 2135 mulierum
2421 2088 2811 2143 venereasque
2868 2070 3233 2140 voluptates;
3308 2065 3571 2121 adamavi
3624 2068 3683 2118 et

2047 2167 2199 2222 colui
2253 2162 2721 2234 temperantiam,
2777 2160 3061 2215 custodivi
3102 2158 3363 2229 linguam
3424 2171 3611 2209 meam
3645 2171 3677 2208 a

2051 2252 2450 2319 mendacio,ab
2484 2249 2642 2305 omni
2673 2249 2847 2304 verbo
2881 2248 3066 2302 otioso
3096 2251 3153 2300 et
3209 2246 3416 2311 noxio;
3477 2243 3677 2297 studui

2049 2346 2250 2399 mitem
2275 2358 2340 2395 ac
2371 2341 2695 2393 humanum
2726 2338 2978 2408 przebere
3009 2353 3101 2391 me
3131 2335 3407 2390 omnibus
3438 2333 3676 2404 ubique.

2052 2436 2234 2501 Atque
2264 2429 2384 2483 haec
2406 2428 2585 2483 statui
2616 2425 2755 2480 licet
2814 2425 3074 2478 nondum
3130 2423 3303 2495 plane
3361 2438 3677 2492 persuasus

2050 2535 2237 2575 essem
2272 2518 2343 2570 de
2386 2516 2582 2569 futura
2603 2512 3048 2577 resurrectione,
3072 2513 3257 2582 deque
3290 2510 3543 2581 praemiis
3576 2510 3680 2564 bo-

2052 2621 2257 2662 norum
2286 2604 2587 2674 poenisque
2627 2601 2914 2655 malorum
2961 2604 3094 2671 post
3142 2598 3301 2653 illam
3362 2613 3683 2669 repraesen-

2051 2695 2269 2750 tandis.
2312 2693 2502 2763 Longe
2532 2707 2624 2744 me
2655 2690 2890 2760 abjunxi
2925 2707 2955 2743 a
2988 2688 3256 2744 convictu
3292 2691 3348 2742 et
3382 2686 3688 2741 familiari-

2050 2784 2165 2839 late
2188 2781 2493 2836 hominum
2528 2779 2949 2849 improborum,
3016 2776 3274 2831 atl‘ectavi
3307 2775 3685 2829 consuetudi-

2055 2886 2187 2926 nem
2212 2884 2343 2923 cum
2369 2867 2629 2921 honestis
2660 2871 2716 2920 et
2740 2866 2941 2935 justis.
3002 2864 3121 2919 Prae
3180 2864 3456 2918 omnibus
3505 2863 3683 2916 ﬁxum

2055 2958 2251 3014 animo
2273 2954 2605 3018 tenui,nihi|
2622 2969 2749 3008 esse
2774 2953 3165 3024 praestantius,
3182 2952 3506 3019 honestius,
3524 2967 3683 3005 ama-

2057 3043 2233 3099 bilius
2290 3040 2708 3105 beneﬁcentia;
2756 3054 2884 3093 eam
2942 3043 2999 3092 et
3046 3037 3250 3092 amicis
3298 3038 3599 3107 potiorem,
3633 3039 3690 3090 et

310 3099 596 3201 gligfmdis
625 3102 1033 3201 occasmnjbus
1064 3104 1212 3158 bene
1243 3105 1526 3201 menitidi’
1560 3109 1792 3175 tempus
1823 3106 1939 3160 otio
1970 3125 2013 3191 C
2051 3132 2297 3201 conjuge
2318 3128 2641 3183 chariorem
2677 3099 2821 3180 mihi
2850 3144 2979 3180 esse
3010 3127 3249 3185 debere;
3270 3099 3420 3178 hanc
3452 3125 3565 3178 Deo
3588 3099 3689 3179 vo-

313 3193 702 3257 oontererem;
723 3190 913 3261 quoad
947 3206 1036 3246 me
1066 3207 1343 3261 suprema
1373 3192 1497 3246 dies
1519 3197 1829 3263 occuparet
1848 3194 1941 3249 de-

316 3276 591 3331 stitutum
622 3277 1015 3347 suppellectili
1047 3280 1414 3345 meritorum,
1448 3296 1625 3350 quam
1660 3297 1863 3350 parare
1888 3281 1949 3335 in

317 3366 854 3436 opportunitatibus
886 3366 1310 3435 neglexissem:
1344 3385 1481 3422 nam
1541 3385 1751 3439 magna
1796 3370 1952 3424 inest

316 3453 402 3507 vis
434 3454 968 3523 perturbationibus
1010 3456 1275 3509 animum
1297 3457 1650 3521 tenentibus,
1686 3459 1755 3511 ad
1788 3474 1949 3511 aver-

315 3542 552 3595 tendam
584 3542 962 3596 attentionem
993 3544 1379 3597 necessariam
1413 3544 1681 3613 gerendis
1710 3561 1777 3598 ex
1808 3562 1949 3614 prte-

319 3628 468 3684 senti
500 3629 693 3698 rebus,
727 3634 900 3699 prout
931 3629 1262 3684 declaratur
1315 3630 1474 3684 brevi
1535 3631 1724 3686 fabula
1773 3650 1949 3703 quam

318 3717 463 3770 tanti
494 3719 584 3770 est
626 3732 880 3770 narrare.
915 3716 1163 3782 Quidam
1212 3721 1577 3773 contraxerat
1629 3722 1948 3776 necessitu-

319 3805 516 3859 dinem
538 3803 728 3858 illiciti
760 3804 976 3859 amoris
1008 3822 1141 3859 cum
1176 3804 1419 3860 muliere
1450 3811 1784 3877 nupta;quaa
1821 3826 1952 3863 Inoa-

318 3895 426 3949 cho
457 3893 785 3965 gratificata
826 3894 1116 3964 posticum
1150 3899 1451 3965 paraverat
1481 3911 1581 3965 per
1619 3898 1772 3966 quod
1806 3898 1950 3968 ipse,

318 3992 628 4062 ingruente
658 3991 853 4045 subito
882 3991 1679 4062 periculo,l’ugeret.Quadam
1694 3994 1785 4049 die
1816 4011 1949 4050 cum

319 4096 434 4134 una
455 4081 671 4145 essent,
705 4078 959 4148 pulsavit
980 4079 1293 4149 improviso
1313 4079 1400 4134 vir
1422 4080 1491 4134 ad
1507 4081 1776 4150 januam,
1805 4099 1914 4152 pan
1932 4114 1951 4125 -

319 4167 495 4238 dique
524 4168 676 4222 fores
708 4167 1041 4236 ingressum
1072 4167 1352 4239 poscebat
1381 4169 1515 4224 sibi.
1551 4170 1806 4225 Turbata
1828 4188 1949 4225 mu-

319 4255 428 4308 lier
455 4255 624 4323 jubet
655 4254 984 4310 adulterum
1018 4258 1310 4327 proripere
1333 4274 1393 4312 se
1423 4258 1492 4311 ad
1514 4259 1785 4314 ostiolum
1821 4277 1950 4329 pro-

326 4359 394 4413 pe
423 4347 684 4412 puteum,
717 4346 886 4413 cujus
917 4344 1134 4399 clavem
1168 4360 1198 4399 e
1237 4345 1424 4401 vicino
1478 4345 1637 4400 clavo
1692 4350 1949 4418 penden-

2054 3219 2205 3274 lente
2238 3216 2402 3271 facile
2430 3214 2617 3286 parari
2657 3232 2671 3280 ;
2713 3213 2850 3268 huic
2882 3231 3049 3283 porro
3081 3212 3227 3268 nihil
3275 3212 3686 3283 eomparabile,

2053 3306 2187 3377 plus
2215 3304 2367 3359 enim
2403 3303 2562 3355 illam
2595 3301 2789 3371 gloria:
2823 3301 3027 3356 all'crre
3069 3300 3389 3371 possidenti
3421 3315 3481 3353 se
3512 3316 3688 3370 quam

2054 3398 2359 3465 parentum
2396 3390 2717 3444 claritatem
2753 3395 2850 3443 aut
2873 3405 3009 3459 Opes
3030 3386 3691 3443 amicorum.Docethzec

2054 3482 2199 3535 bene
2235 3479 2439 3533 mereri
2481 3479 2548 3531 de
2601 3478 2900 3542 omnibus,
2934 3478 3241 3531 benefacta
3270 3476 3488 3546 ubique
3525 3491 3687 3545 spar-

2054 3585 2206 3641 gere.
2234 3568 2466 3632 Eadern,
2505 3568 2659 3635 large
2695 3566 2823 3619 licet
2867 3566 3149 3631 tribuens,
3210 3564 3517 3632 dispendia
3572 3580 3686 3616 non

2054 3655 2358 3722 sentit;sed
2391 3671 2504 3724 quo
2537 3653 2667 3724 plus
2700 3655 2895 3722 donat,
2923 3654 3056 3722 plus
3099 3653 3376 3705 abundat.
3412 3652 3534 3706 Non
3568 3668 3688 3705 cor-

2054 3745 2368 3815 rumpitur,
2400 3758 2512 3796 non
2558 3741 2882 3807 veterascit,
2917 3758 3029 3795 non
3054 3739 3506 3795 circumvenitur
3535 3757 3567 3793 a
3590 3755 3691 3809 po-

2055 3834 2261 3897 tentia,
2297 3848 2413 3885 non
2449 3829 2646 3883 horret
2698 3829 2915 3897 ignem,
2970 3846 3083 3882 non
3116 3829 3283 3881 timet
3336 3827 3514 3894 fures,
3574 3844 3689 3881 non

2053 3921 2327 3976 formidat
2354 3918 2592 3981 bestias,
2619 3933 2731 3970 non
2761 3916 2878 3970 ullo
2914 3917 3068 3969 tristi
3116 3921 3317 3969 eventu
3380 3917 3687 3969 conturba-

2052 4012 2151 4062 tur
2184 4024 2196 4061 :
2234 4008 2416 4077 magis
2444 4006 2585 4075 quin
2615 4005 2789 4059 etiam
2823 4005 2879 4057 in
2913 4002 3237 4057 calamitate
3260 4004 3427 4069 nitet,
3471 4008 3527 4055 et
3560 4003 3686 4056 ubi-

2053 4111 2166 4165 que
2198 4096 2419 4166 perstat
2465 4091 2774 4162 intrepida.
2833 4091 3207 4161 Reperiebam
3261 4095 3474 4158 autem,
3533 4091 3684 4161 apud

2053 4199 2143 4238 me
2175 4186 2585 4253 reputans,eos
2626 4180 2720 4248 qui
2754 4185 2970 4233 sectam
3000 4179 3125 4232 vitae
3149 4178 3285 4232 huic
3335 4179 3683 4231 contrariam

2053 4271 2322 4343 amplexi,
2354 4270 2572 4324 omissa
2603 4268 2997 4323 benefaciendi
3032 4267 3161 4321 aliis
3192 4282 3352 4331 cura,
3403 4264 3513 4319 sibi
3556 4265 3687 4319 unis

2054 4358 2207 4414 omni
2240 4358 2537 4427 voluptate
2580 4355 2922 4426 saginandis
2981 4356 3149 4408 unice
3206 4354 3414 4408 intenti
3473 4358 3689 4419 essent,

322 4435 439 4485 tem
464 4431 573 4500 ipsi
598 4436 768 4485 antea
792 4437 1149 4487 monstrasse
1170 4450 1231 4489 se
1249 4433 1798 4506 aiebat.Curritquo
1819 4437 1953 4491 mit-
1987 4468 2029 4529 D
2064 4447 2174 4501 sibi
2209 4446 2456 4516 pessime
2478 4444 2801 4506 consmepe,
2838 4447 2891 4495 et
2922 4440 3207 4495 amaritiei
3264 4440 3580 4510 plurimum
3602 4441 3689 4494 in-

322 4520 554 4574 tebatur
583 4520 717 4574 hinc
745 4526 923 4587 metu,
957 4520 1117 4575 illinc
1149 4540 1344 4578 amore
1384 4540 1450 4578 ac
1494 4525 1782 4579 desiderio
1832 4530 1952 4579 tur-

321 4608 494 4662 batus
528 4608 872 4676 mmchus,et
902 4614 966 4663 ut
996 4611 1283 4680 contingit
1313 4612 1431 4664 acri
1457 4627 1595 4665 cura
1628 4613 1951 4683 suspensis,

324 4712 427 4751 nec
469 4696 683 4762 locum,
728 4714 1061 4769 quanquam
1094 4703 1512 4769 praeostensum
1547 4716 1955 4770 recognoscere

323 4800 388 4838 ac
419 4801 523 4839 nec
554 4785 769 4840 clavem
787 4787 1106 4855 januamve
1136 4787 1325 4857 ipsam
1358 4787 1610 4857 reperire
1638 4788 1837 4842 valuit.
1890 4789 1951 4843 In

319 4869 411 4924 his
443 4870 780 4941 aliquandiu
815 4873 1234 4941 tumultuatus,
1272 4874 1420 4928 redit
1477 4875 1548 4928 ad
1605 4875 1952 4941 adulteram,

314 4966 439 5033 jam
462 4967 688 5037 magnis
714 4968 974 5035 proximo
998 4969 1102 5022 viri
1120 4970 1367 5039 appulsu
1388 4969 1954 5041 sollicitam,procul—

322 5068 433 5123 que
465 5054 747 5108 acclamat
778 5055 1030 5108 :Ostium
1065 5056 1136 5111 de
1167 5073 1282 5126 quo
1314 5057 1511 5111 dixisti
1540 5059 1806 5127 avanuit;
1834 5059 1954 5114 cla-

322 5142 406 5197 vis
438 5157 553 5195 non
585 5142 1140 5210 comparetzanimus
1158 5160 1324 5198 meus
1354 5146 1506 5216 apud
1543 5150 1595 5199 te
1627 5151 1739 5215 est,
1759 5163 1955 5203 vacare

324 5228 415 5283 his
447 5228 771 5298 quaerendis
800 5229 1128 5299 nequit.Cui
1159 5231 1404 5287 mulier:
1428 5232 1717 5303 Edugium
1754 5250 1957 5304 parare

325 5316 487 5387 potui
521 5333 637 5382 reo,
672 5322 923 5371 mentem
950 5318 1087 5372 dare
1108 5318 1285 5373 stulto
1310 5336 1423 5375 non
1447 5326 1775 5390 possum;tu
1799 5340 1953 5391 vero,

329 5408 394 5458 ut
424 5403 605 5469 lubet,
629 5403 887 5472 addidit;
913 5406 1097 5460 aderit
1125 5407 1283 5461 brevi
1316 5408 1414 5478 qui
1461 5409 1563 5462 tibi
1595 5425 1712 5479 quo
1743 5410 1956 5481 dignus

330 5492 687 5562 es,praebeat.
725 5492 813 5545 Illi
845 5499 1116 5548 (aestuanti
1140 5497 1514 5566 cursantique
1529 5498 1775 5553 maritus
1790 5499 1955 5554 adul-

333 5582 466 5633 terae
496 5580 911 5651 superveniens
943 5581 1146 5652 plagas
1176 5583 1425 5655 imponit
1456 5584 1952 5643 luculentas:tum

2062 4540 2148 4589 ter
2170 4534 2336 4587 luxus
2370 4550 2433 4585 ac
2468 4531 2807 4585 deliciarum
2846 4530 3019 4584 falsas
3052 4528 3387 4583 dulcedines
3421 4533 3685 4597 gustare;

2060 4620 2400 4689 similesque
2434 4619 2575 4672 istos
2606 4633 2733 4671 esse
2763 4616 2984 4670 homini
3021 4632 3220 4687 parum
3253 4633 3415 4686 sano,
3466 4617 3565 4687 qui
3608 4617 3691 4671 1e-

2057 4724 2187 4762 vem
2220 4706 2458 4761 dieculae
2482 4704 3113 4773 uniusjucunditatcm
3167 4721 3373 4775 magna
3430 4705 3690 4776 pecuniis

2053 4799 2286 4868 jactura
2319 4795 2595 4867 gravique
2625 4810 2817 4849 rerum
2852 4811 3091 4849 suaru'n
3141 4795 3489 4849 detrimento
3535 4812 3689 4850 eme-

2062 4887 2159 4942 rit.
2178 4886 2310 4940 Fuit
2332 4885 2611 4939 nimirum
2634 4884 2864 4938 institor
2884 4882 3128 4955 gemmis
3162 4884 3480 4954 peregrinis
3507 4885 3686 4949 dives,

2062 4975 2162 5046 qui
2194 4975 2473 5029 artificem
2509 4974 2828 5027 unionibus
2878 4974 3137 5028 forandis
3189 4974 3398 5029 diurna
3453 4978 3686 5028 centum

2064 5080 2437 5118 nummorum
2483 5062 2749 5116 mercede
2781 5061 3074 5115 conduxit.
3110 5065 3323 5117 Praesto
3368 5079 3435 5115 ex
3486 5062 3690 5115 condi-

2063 5156 2155 5207 cto
2181 5150 2366 5205 adfuit
2393 5149 2693 5221 operarius
2743 5149 2800 5203 in
2850 5148 3093 5204 locantis
3128 5151 3319 5215 domo,
3354 5165 3419 5202 ex
3482 5149 3694 5202 instru-

2066 5240 2274 5293 mentis
2312 5237 2455 5293 artis
2486 5237 2588 5292 Hic
2620 5238 2758 5291 dum
2794 5237 3020 5306 expedit
3043 5253 3103 5291 se
3133 5236 3312 5306 operi,
3336 5236 3490 5289 videt
3548 5236 3691 5289 forte

2063 5342 2409 5398 suspensam
2443 5342 2473 5379 e
2505 5324 2665 5379 clavo
2697 5324 3000 5379 citharam.
3035 5328 3092 5379 et
3122 5340 3247 5377 eam
3279 5322 3425 5377 scire
3456 5340 3516 5377 se
3559 5324 3685 5392 pul-

2064 5431 2191 5470 sare
2234 5413 2543 5485 significat.
2591 5417 2845 5467 Praesens
2893 5412 3339 5481 margaritarum
3393 5411 3689 5475 dominus,

2064 5519 2129 5558 eo
2148 5501 2673 5577 animadverso.Tu
2705 5499 3263 5569 vero,inquit,sume
3295 5498 3375 5552 sis
3407 5496 3689 5567 lyram,“-

2064 5590 2262 5646 benter
2286 5606 2519 5659 operam
2553 5589 2783 5643 canenti
2844 5588 3074 5642 dedero.
3122 5586 3224 5642 Ille
3270 5589 3566 5656 arreptum
3598 5602 3689 5639 or-
