4108 6294
416 362 553 416 1243

1917 345 2302 413 APPENDIX.

3663 341 3824 410 teat

416 502 633 559 ganum
666 502 781 540 non
809 483 1019 539 inscite
1040 487 1275 554 tangere
1297 499 1630 554 aggressus,
1659 483 1802 537 mire
1834 481 2052 554 placuit
2079 481 2133 548 Α
2163 485 2288 539 vitae
2314 487 2665 552 ascetarum,
2698 486 2875 553 gustu
2907 463 3134 534 illectus
3164 483 3282 533 tam
3317 479 3500 534 sancti
3536 497 3600 534 ac
3631 480 3820 534 salu-

417 573 786 645 voluptuario
814 578 1079 644 patrono,
1114 573 1256 626 adeo
1292 578 1353 626 ut
1374 571 1424 626 is
1457 590 1563 627 sua
1594 573 1746 627 seria
1773 569 1907 625 ludo
1931 575 2062 642 post

414 663 854 729 habens,totum
888 661 1040 714 diem
1076 659 1374 714 inhiantcr
1421 660 1671 713 audierit
1727 658 2056 712 vibrantem

415 751 561 805 ﬁdes
592 750 1019 805 tenebratorem
1053 748 1455 803 unionem.Ad
1490 764 1787 818 vesperam
1821 750 2055 801 centum

422 855 697 894 nummos
731 837 1048 892 citharmdo
1082 837 1299 908 petenti
1331 844 1657 891 commotus
1688 835 1942 904 institor,
1963 839 2054 888 At-

415 927 540 997 qui,
574 927 652 981 mi
679 925 1086 996 homo,inquit,
1134 942 1248 980 non
1282 923 1484 995 plectri
1519 923 1804 987 movendi,
1830 924 1931 979 sed
1975 928 2055 977 te-

413 1015 563 1071 rebri
584 1015 870 1070 tractandi
897 1015 1222 1068 mercedem
1241 1012 1416 1068 istam
1438 1013 2055 1084 pronuntiaram.Sane

410 1105 490 1159 ita
517 1104 838 1174 est,artit‘ex
869 1103 1248 1173 ait,cceterum
1280 1101 1420 1156 mihi
1454 1105 1653 1173 parato
1685 1102 1755 1158 ad
1807 1099 2054 1157 locatam

400 1193 795 1265 operam,quis
815 1192 964 1246 alius
985 1207 1162 1262 quam
1181 1195 1243 1244 tu
1264 1191 1385 1262 ipse
1411 1207 1482 1245 ne
1505 1190 1852 1262 defungerer
1869 1191 2051 1247 obsti-

399 1281 514 1336 tit?
546 1279 656 1334 Mei
680 1279 890 1349 judicii
922 1296 1033 1332 non
1073 1283 1198 1333 erat
1238 1279 1441 1349 quanti
1497 1280 1816 1333 aestimares
1850 1296 2051 1334 avoca-

410 1373 602 1424 menta
634 1367 912 1434 tua,mihi
939 1367 1125 1422 fraudi
1147 1384 1274 1421 esse
1300 1375 1411 1421 non
1438 1367 1604 1421 debet
1625 1367 1730 1421 tibi
1763 1368 2054 1438 obtempe-

411 1473 604 1511 rasse:
635 1473 814 1527 quare
840 1471 909 1509 ne
942 1459 994 1510 te
1029 1453 1409 1509 oblectaveris
1434 1453 1792 1509 mercenariii
1816 1455 2049 1524 damno,

410 1546 770 1614 promissum
806 1544 1030 1598 diurnae
1060 1561 1244 1613 operae
1279 1543 1526 1612 pretium
1561 1545 1751 1596 redde.
1798 1543 2046 1614 [Equum

406 1633 658 1701 dicebat,
691 1637 747 1687 et
779 1631 864 1686 vel
896 1632 1116 1685 invitus
1149 1635 1436 1685 mercator
1487 1634 1722 1684 centum
1779 1649 2049 1686 nummos

402 1721 704 1792 persolvit,
732 1719 1107 1775 inelaboratis
1139 1719 1251 1790 ipsi
1285 1719 1658 1773 manentibus
1708 1720 2043 1775 unionibus.

2163 575 2284 629 bris
2317 573 2591 642 instituti,
2623 587 2972 642 magnopere
3005 570 3157 624 afﬁci
3192 587 3283 624 me
3327 570 3482 624 sensi
3516 571 3586 624 ad
3618 572 3814 625 istam

2163 662 2578 734 professionem
2614 660 3054 731 capessendam,
3080 675 3286 728 meque
3312 674 3444 711 cum
3474 658 3564 711 his
3588 676 3816 729 aggre-

2162 753 2439 822 gandum.
2469 748 2824 804 Retrahebar
2855 751 3046 801 autem
3105 747 3175 800 ab
3227 746 3333 801 hac
3383 745 3683 801 voluntate
3740 763 3814 802 eo

2161 843 2320 893 metu
2358 855 2426 891 ne
2460 854 2571 891 non
2607 853 2710 906 par
2738 851 2926 890 essem
2961 833 3214 888 ferendis
3263 831 3426 887 illius
3475 833 3810 904 disciplinae

2161 927 2726 997 laboribus,pr0pter
2758 923 3078 978 contrarios
3122 922 3288 989 longo
3343 939 3447 976 usu
3500 923 3814 978 educatio—

2159 1016 2250 1070 nis
2281 1013 2689 1069 diversissimae
2721 1015 3048 1067 contractos
3079 1010 3336 1075 habitus,
3365 1027 3668 1081 moresque
3702 1029 3808 1066 as-

2157 1103 2466 1159 suetudine
2500 1097 2737 1156 coalitos
2768 1100 2825 1154 in
2857 1104 3167 1163 naturam;
3211 1098 3406 1168 itaque
3428 1101 3670 1152 verebar
3728 1117 3806 1154 ne

2157 1211 2335 1264 supra
2365 1191 2514 1245 vires
2547 1190 2845 1258 connisus,
2894 1204 3006 1242 non
3071 1187 3239 1240 modo
3293 1203 3406 1240 non
3455 1204 3805 1256 assequcrcr

2155 1281 2475 1352 optata,sed
2511 1287 2562 1333 et
2594 1279 2874 1332 damnum
2910 1274 3228 1346 acciperem
3257 1276 3660 1345 jacturamquc
3693 1295 3800 1346 pa-

2154 1375 2307 1424 terer
2338 1369 2461 1439 jam
2513 1363 3030 1436 adeptorum.lllud
3067 1363 3238 1417 etiam
3273 1362 3410 1416 talia
3440 1363 3795 1434 cogitantem

2155 1456 2542 1512 conturbabat
2574 1471 2686 1519 me,
2722 1453 2874 1524 quod
2905 1451 3191 1516 videbam,
3226 1449 3272 1503 si
3318 1451 3533 1504 mundo
3575 1451 3797 1506 valedi-

2153 1563 2290 1601 cens
2325 1546 2634 1614 migrarem
2670 1543 2724 1594 in
2757 1538 3159 1604 solitudinem,
3194 1538 3390 1609 ibique
3421 1538 3801 1610 amplecterer

2152 1634 2489 1689 institutum
2519 1634 2872 1690 ascetarum,
2895 1627 3255 1698 eripiendam
3291 1625 3432 1679 mihi
3459 1628 3794 1683 facultatem

2149 1725 2295 1779 bene
2327 1719 2588 1776 merendi
2609 1719 2689 1772 .de
2724 1715 3080 1780 hominibus,
3101 1714 3464 1785 juvandique
3494 1716 3798 1771 beneﬁciis

404 1810 490 1863 Ad
527 1809 635 1864 hoc
671 1809 999 1879 exemplum
1047 1823 1149 1878 ego
1196 1808 1415 1862 veritus
1474 1815 1544 1862 'ne
1603 1806 1844 1863 ludicris
1891 1809 2043 1864 seria
2071 1825 2118 1888 B
2150 1813 2375 1883 inopes,
2405 1811 2574 1878 cujus
2600 1811 2790 1861 tamen
2829 1804 2884 1858 in
2913 1803 3380 1858 exercitationem
3407 1804 3639 1858 virtutis
3673 1822 3795 1859 ma-

405 1900 727 1970 perderem,
762 1897 1210 1952 remissionibus
1271 1896 1442 1967 posui
1474 1897 1734 1963 modum,
1766 1902 2046 1953 attentus-

399 2003 512 2056 que
535 1986 710 2042 ofﬁcii
736 1985 965 2055 negotio
986 1999 1077 2038 me
1101 1985 1357 2054 impendi
1386 1987 1566 2038 totum
1587 1984 1759 2056 nugis
1776 1985 2038 2054 abjectis.

407 2122 540 2175 CAP:
575 2118 697 2175 VIl.
733 2149 800 2158 -—
833 2121 1096 2173 Perwnes
1127 2117 1428 2172 meditione
1482 2133 1547 2171 ac
1591 2133 1802 2172 secessu
1841 2117 1900 2172 in
1954 2135 2042 2173 re-

478 2191 836 2244 surrectionis
864 2191 1114 2243 notitiam
1146 2189 1445 2256 venit.Ej'us
1492 2187 1754 2241 doctrina:
1798 2187 2039 2244 utilitas.

475 2261 814 2316 Detibcralio
841 2263 986 2315 circa
1014 2262 1402 2330 pro/essionem
1432 2262 1557 2312 vitae
1589 2259 1857 2314 asceticae.

471 2382 761 2432 Pcrtmsus
807 2377 958 2431 inter
975 2376 1096 2430 hinc
1113 2375 1479 2445 voluptatum
1496 2375 1827 2445 vitaquod,
1846 2375 2042 2430 barum

403 2465 848 2521 instabilitalem
881 2469 937 2519 et
968 2463 1310 2518 inanitatem
1340 2480 1564 2531 noram,
1597 2463 1799 2534 collegi
1847 2481 1940 2518 me
1980 2465 2040 2518 in

401 2551 929 2609 considerationem
967 2551 1513 2617 attentiorem,etut
1544 2549 1680 2604 huic
1729 2556 1928 2622 aptum
1977 2570 2039 2607 o-

399 2643 550 2696 tium
583 2641 973 2704 nanciscerer,
1009 2640 1064 2693 in
1100 2637 1480 2694 solitudinem
1505 2655 1594 2693 me
1617 2631 1925 2695 abdidi.lbi
1956 2639 2040 2695 al-

404 2731 525 2796 tius
556 2729 859 2801 ingressus
884 2728 942 2783 in
985 2721 1534 2798 contemplationem
1567 2745 1782 2795 rerum,
1812 2745 2039 2799 perma-

407 2835 587 2890 gnum
620 2818 744 2888 ejus
775 2833 958 2887 Operae
991 2816 1244 2870 fructum
1279 2814 1737 2871 retuli.lutellexi
1763 2818 2042 2884 enim,na-

403 2915 545 2960 turae
578 2905 847 2959 humanae
879 2908 1102 2958 statum
1155 2903 1505 2973 et,universi
1556 2905 2038 2975 gubernationem

407 3010 633 3049 mecum
667 2993 1176 3070 reputans,deesse
1208 3009 1322 3046 non
1375 3009 1543 3062 posse
1603 2994 1742 3062 quin
1804 2994 1881 3047 sit
1933 2993 2038 3049 ali-

409 3082 642 3152 quando
674 3081 866 3134 t'utura
899 3085 1268 3135 mortuorum
1325 3080 1696 3147 resurrectio,
1729 3081 1800 3135 ad
1861 3099 2038 3153 quam

2148 1917 2322 1972 gnam
2351 1896 2491 1952 mihi
2518 1911 2680 1966 spem
2708 1893 3088 1948 constitutam
3113 1891 3426 1946 arbitrarer
3448 1893 3794 1962 perennium

2149 1991 2435 2044 bonorum
2470 1983 2981 2054 acquirendorum.
3017 1981 3202 2044 Quare
3241 1981 3573 2034 metuebam
3608 1999 3679 2036 ne
3712 1983 3790 2036 si-

2149 2077 2308 2133 milis
2340 2077 2532 2128 fierem
2567 2070 2729 2125 canis
2762 2070 3013 2124 frustum
3051 2068 3245 2123 carnis
3284 2085 3380 2122 ore
3404 2070 3790 2140 portanti,qui

2149 2168 2276 2237 ejus
2299 2165 2564 2218 umbram
2597 2161 2652 2216 in
2679 2159 2918 2213 flumine
2974 2157 3162 2212 vicino
3221 2157 3498 2227 majorem
3559 2159 3791 2229 videns,

2149 2255 2366 2311 omisso
2401 2251 2553 2322 quod
2577 2247 2946 2316 tenet,insilit
2968 2248 3038 2302 ad
3063 2247 3412 2316 captandum
3439 2247 3592 2317 quod
3613 2266 3790 2318 appa-

2150 2349 2258 2412 ret,
2293 2359 2357 2396 ac
2389 2339 2470 2395 sic
2501 2343 2819 2408 utrumque
2851 2337 3353 2406 perdens,vacuus
3386 2335 3792 2407 impastusque

2149 2430 2460 2487 stultitiam
2496 2444 2622 2483 sero
2638 2442 2804 2480 suam
2835 2425 3096 2479 damnat.
3118 2424 3210 2478 Sic
3237 2424 3542 2478 subductis
3562 2442 3790 2480 mecum

2151 2518 2476 2575 rationibus
2508 2514 2628 2586 spei
2654 2517 2980 2582 metusque,
3015 2511 3190 2566 statui
3231 2512 3523 2567 sustinere
3575 2530 3666 2567 me
3717 2515 3786 2568 ab

2149 2609 2379 2678 incepto
2404 2622 2518 2659 non
2552 2602 2693 2657 satis
2725 2599 3029 2672 explorata:
3076 2600 3367 2670 utilitatis,
3415 2617 3779 2670 permanere-

2149 2713 2259 2768 que
2292 2693 2523 2748 interim
2551 2691 2609 2744 in
2635 2690 2836 2744 ordine
2866 2705 2931 2742 ac
2963 2691 3117 2742 statu
3136 2687 3264 2742 vitae
3296 2688 3498 2759 priori.

2148 2813 2278 2868 CAP.
2313 2808 2460 2864 VIlI.
2492 2836 2562 2846 -
2590 2807 2771 2860 :Est-us
2801 2805 3064 2858 Permanis
3094 2805 3152 2858 in
3168 2803 3561 2860 deliberatione
3580 2805 3646 2859 de
3675 2805 3785 2870 vita

2238 2879 2586 2949 ascetica,’.et
2613 2877 2923 2930 distinctior
2949 2873 3152 2930 notitia
3175 2876 3434 2930 vanitatis
3465 2876 3687 2933 mundi.

2221 2997 2284 3052 In
2330 2995 2438 3050 hoc
2465 2997 2660 3048 tamen
2694 2989 2776 3046 sic
2807 2989 3115 3046 constituto
3163 3006 3234 3045 ne
3281 2990 3778 3061 conquiescerem,

2150 3084 2473 3156 abripiebat
2504 3096 2595 3136 me
2628 3087 2812 3135 novus
2851 3086 3027 3134 aestus
3077 3085 3511 3150 comparantem
3541 3079 3698 3134 inter
3727 3081 3784 3134 se

409 3187 612 3225 omnes
645 3170 886 3225 tendant
916 3168 1040 3223 suis
1070 3169 1287 3238 quique
1320 3168 1448 3234 viis,
1485 3166 1746 3224 moribus
1777 3161 2109 3239 videlicet
2147 3175 2328 3228 vitam
2389 3189 2454 3227 ac
2502 3173 2744 3238 statum,
2819 3168 2954 3222 hinc
3012 3173 3241 3233 ascetze,
3303 3168 3461 3223 illinc
3509 3170 3784 3224 amatoris

409 3259 693 3328 actisque,
729 3273 940 3326 magno
973 3254 1310 3310 discrimine
1341 3255 1450 3310 sub
1493 3256 1669 3311 ﬁnem
1721 3258 2039 3328 deprehen-

404 3347 592 3401 dendo
625 3347 910 3400 bonorum
948 3342 1374 3413 malorumque,
1408 3360 1562 3399 nunc
1601 3346 1928 3416 permistim
1979 3365 2040 3402 a-

401 3433 820 3504 gentium.Haec
850 3432 1111 3487 asceticze
1143 3431 1470 3500 disciplinae
1499 3433 1560 3486 in
1592 3449 1828 3490 secessu
1879 3453 2037 3490 exer-

403 3524 529 3578 cita
561 3521 826 3576 doctrina
855 3524 963 3588 est,
993 3536 1170 3590 quam
1204 3518 1303 3574 illa
1335 3519 1489 3575 velut
1522 3522 1673 3577 bona
1703 3529 1890 3578 mater
1915 3526 2041 3581 suis

404 3609 747 3678 cultoribus,
774 3609 858 3662 uti
885 3608 1188 3680 morigeris
1211 3607 1367 3679 ﬁliis,
1394 3609 1590 3666 tradit.
1625 3593 1927 3676 Quantivis
1958 3613 2042 3669 is-

400 3700 503 3754 tud
530 3697 701 3769 pretii
733 3688 1128 3766 momentique
1159 3695 1424 3750 omnium
1450 3698 1916 3772 maximidogma
1930 3707 2040 3768 est,

406 3788 560 3842 unde
590 3786 720 3840 vitre
770 3787 921 3838 recte
969 3783 1287 3854 dirigenda:
1335 3802 1468 3856 spes
1517 3791 1575 3841 et
1633 3789 1778 3843 ratio
1830 3791 2042 3859 pendet

406 3877 693 3932 universa.
725 3872 927 3930 Turris
959 3873 1080 3929 haec
1111 3875 1372 3943 quadam
1418 3876 1815 3932 munitissima
1843 3883 1952 3948 est,
1979 3880 2039 3935 in

405 3981 582 4035 quam
615 3964 790 4034 quise
824 3962 1248 4034 receperit,nou
1283 3964 1450 4018 modo
1487 3968 1648 4019 tutus
1680 3969 2043 4035 permanebit

407 4055 479 4111 ab
512 4055 750 4109 incursu
779 4053 1066 4108 malorum
1100 4055 1282 4124 omni,
1316 4055 1415 4109 sed
1447 4059 1503 4110 et
1555 4072 1656 4126 per
1694 4073 1819 4112 eam
1863 4060 2042 4130 pandi

407 4142 520 4197 sibi
552 4142 777 4198 aditum
820 4142 878 4195 in
907 4141 1242 4212 paradisum
1273 4147 1502 4198 aeternae
1535 4144 1868 4216 voluptatis,
1903 4164 2038 4218 quo,

412 4232 461 4286 si
485 4230 642 4295 velit,
659 4247 901 4285 securus
917 4235 1179 4300 penetret
1200 4231 1504 4300 gratulans
1526 4233 2043 4302 experietur.Com-

409 4320 531 4390 peri
564 4318 732 4390 plane
765 4318 910 4372 nihil
945 4317 1152 4372 melius
1183 4322 1404 4374 attenta
1447 4321 1558 4375 ista
1603 4323 2040 4395 tranquillaque

408 4406 785 4462 meditatione
817 4422 1008 4460 rerum
1043 4406 1113 4460 ad
1133 4405 1382 4461 salutem
1403 4408 1612 4463 animm
1626 4412 2039 4480 spectantium:

406 4496 662 4565 comperi
695 4498 888 4549 autem
921 4494 978 4548 id
1009 4510 1121 4548 non
1146 4511 1256 4549 usu
1290 4495 1479 4551 solum
1498 4500 1752 4567 meo,sed
1769 4505 1826 4554 et
1846 4517 2038 4557 exem-

418 4583 530 4655 plis
550 4582 1020 4654 expcrientiaque
1051 4581 1300 4639 aliorum
1323 4585 1370 4639 ei
1407 4601 1468 4640 se
1514 4587 1876 4644 dedentium.
1923 4594 2039 4646 Hos

409 4672 565 4728 enim
594 4671 1001 4740 animadverti,
1032 4688 1309 4743 apparere
1335 4679 1573 4745 pacatos
1604 4681 1662 4732 et
1691 4676 1850 4734 laetos
1882 4695 2042 4734 sem-

415 4778 537 4832 per,
570 4763 768 4830 gratos
790 4776 924 4828 erga
978 4776 1202 4830 omnes,
1251 4779 1357 4818 suo
1412 4768 1736 4833 contentos,
1783 4784 2041 4839 securos,

409 4849 691 4904 subnixos
704 4864 984 4920 generoso
1006 4854 1343 4922 contemptu
1366 4857 1705 4909 cunctarum
1726 4856 1929 4912 mundi
1952 4874 2045 4913 va-

411 4939 681 5005 nitatum,
706 4952 883 5006 snpra
902 4953 1132 4992 omnem
1166 4955 1324 4994 noxae
1342 4937 1526 4994 aleam
1552 4940 1610 4995 in
1643 4942 1761 4997 alta
1791 4945 2043 5014 quadam

409 5041 538 5080 arce
565 5025 774 5080 mentis
821 5029 1137 5081 exstantes.
1195 5025 1413 5082 Horum
1472 5028 1650 5100 igitur
1714 5033 2042 5090 felicitatem

414 5112 741 5181 remulatus,
766 5112 942 5167 livore
970 5118 1144 5183 atque
1175 5113 1490 5171 invidentia
1524 5119 1861 5190 repudiatis,
1904 5123 2042 5177 cha-

410 5202 565 5256 ritati
600 5217 689 5255 me
722 5201 935 5268 dedidi;
970 5202 1296 5273 spretisque
1328 5205 1498 5262 ﬂuxis
1528 5222 1595 5263 ac
1632 5210 1886 5277 caducis,
1922 5228 2044 5282 per-

415 5290 723 5345 fectionem
766 5289 1024 5344 ali‘ectavi
1055 5291 1373 5362 sapientiae,
1397 5311 1513 5365 qua
1532 5302 1895 5355 monstrante
1913 5318 2048 5371 pro—

416 5379 620 5433 videns
653 5379 868 5447 futura,
892 5379 1316 5449 imperterritus
1344 5382 1524 5448 ibam,
1557 5389 1748 5440 certus
1784 5387 1928 5442 nihil
1985 5407 2046 5444 se

420 5467 782 5534 objecturum
816 5468 969 5537 quod
1011 5468 1160 5523 viam
1215 5469 1602 5528 intercludere
1661 5476 1730 5528 ad
1782 5492 2042 5548 scopum,

420 5570 590 5620 quem
614 5555 902 5621 intuebar,
927 5573 1070 5611 verae
1102 5559 1507 5626 beatitudinis,
1529 5578 1736 5633 meque
1768 5572 2048 5622 averteret

421 5645 517 5692 aut
552 5640 827 5697 turbaret.
857 5645 958 5698 Per
989 5645 1142 5702 hunc
1169 5648 1405 5704 modum
1455 5653 1847 5721 experimento
1879 5659 2045 5726 capto

2148 3260 2378 3329 mundi,
2425 3263 2481 3314 et
2539 3274 2606 3314 ea
2661 3255 2966 3311 collatione
3022 3256 3426 3326 reperientem,
3477 3256 3630 3311 haud
3665 3258 3785 3312 fere

2146 3351 2280 3422 plus
2309 3347 2629 3418 voluptatis
2659 3360 2725 3400 ac
2759 3343 3066 3399 suavitatis
3097 3345 3434 3417 'contingere
3469 3346 3786 3400 mundanis

2147 3453 2324 3508 quam
2355 3433 2974 3504 solitariis,utcunque
3004 3431 3066 3486 hi
3096 3432 3403 3488 videantur
3449 3434 3610 3488 omni
3656 3434 3786 3488 vitae

2148 3524 2416 3582 mortalis
2445 3524 2636 3578 fructu
2661 3521 2928 3589 destitui,
2959 3521 3268 3576 contrailli
3317 3521 3541 3576 deliciis
3591 3523 3780 3577 abun-

2149 3617 2303 3668 dare.
2330 3615 2464 3676 Quas
2505 3611 2660 3666 enim
2718 3610 2957 3664 tandem
3002 3610 3126 3664 ista;
3167 3609 3384 3664 deliciae
3431 3616 3595 3682 sunt,
3633 3627 3785 3682 quas

2149 3702 2384 3774 penitus
2425 3699 2836 3771 introspiciens
2885 3697 3244 3768 reperiebam
3290 3697 3422 3768 plus
3473 3699 3542 3753 ad
3591 3703 3786 3754 extre-

2153 3807 2316 3846 mum
2351 3787 2656 3844 conciliare
2705 3787 2904 3841 damni
2935 3785 3339 3857 maestitiaque
3393 3795 3568 3858 Quam
3613 3787 3781 3844 initio

2151 3875 2458 3932 attulerint
2484 3873 2934 3946 voluptatis?Est
2959 3873 3114 3929 enim
3141 3876 3401 3930 mundus
3417 3874 3785 3947 instaraquae

2149 3965 2339 4035 salsae,
2363 3964 2517 4020 unde
2547 3967 2766 4034 quanto
2797 3961 2930 4034 plus
2959 3962 3195 4028 biberis,
3219 3967 3382 4019 tanto
3401 3963 3530 4036 plus
3567 3965 3733 4021 sitias
3767 3982 3782 4032 ;

2148 4055 2335 4111 instar
2355 4053 2507 4109 ossis
2529 4051 2699 4116 aridi,
2731 4050 2924 4106 carnis
2955 4051 3130 4106 odore
3172 4051 3427 4121 quodam
3473 4051 3786 4108 allicientis

2149 4141 2480 4213 canem,qui
2513 4140 2690 4195 miser
2721 4156 2786 4194 eo
2819 4141 3067 4195 redendo
3100 4139 3248 4194 nihil
3300 4140 3409 4194 nisi
3459 4141 3664 4195 dentes
3697 4147 3785 4195 at-

2147 4233 2284 4288 terit
2314 4237 2372 4287 et
2402 4233 2594 4287 fauces
2627 4227 3043 4295 convulnerat;
3075 4228 3260 4284 instar
3304 4228 3540 4283 frustuli
3590 4229 3788 4284 carnis

2151 4324 2325 4392 raptae
2348 4337 2381 4376 a
2409 4318 2724 4384 vulture,iu
2757 4333 2931 4388 quem
2965 4315 3336 4372 convolantes
3365 4317 3625 4386 undique
3658 4317 3785 4372 aliae

2149 4425 2384 4481 rapaces
2419 4424 2572 4475 aves,
2595 4406 2847 4476 abjicere
2880 4407 3134 4478 pradam
3175 4411 3410 4477 cogunt,
3451 4406 3786 4461 necessaria

2149 4500 2242 4555 sui
2268 4496 2466 4553 tuendi
2489 4495 2962 4567 cura,plagisque
2999 4499 3243 4550 contuso
3273 4511 3340 4548 ac
3386 4508 3582 4564 pugna
3629 4494 3784 4548 fesso

2149 4605 2264 4644 non
2283 4586 2464 4642 alium
2487 4585 2701 4655 rapina
2726 4601 2842 4639 sua:
2861 4584 3115 4638 fructum
3141 4583 3482 4652 relinquunt
3503 4598 3680 4652 quam
3697 4582 3783 4636 fa-

2152 4692 2306 4732 mem
2338 4679 2395 4729 et
2426 4677 2690 4728 maestam
2725 4671 3059 4726 memoriam
3085 4670 3349 4726 inanium
3380 4669 3780 4736 1aborum;in-

2153 4770 2275 4822 star
2303 4761 2460 4819 vasis
2493 4759 2700 4816 mellea
2729 4758 3038 4830 superficie
3071 4775 3357 4814 venenum
3407 4757 3781 4827 suppositum

2151 4852 2422 4923 tegentis,
2447 4867 2515 4906 ex
2544 4866 2658 4920 quo
2691 4848 2787 4921 qui
2822 4848 3132 4917 dulcedine
3171 4846 3396 4901 illectus
3430 4845 3644 4912 mellis,
3677 4855 3786 4914 gu-

2154 4936 2411 5009 staverit,
2463 4957 2595 4994 mox
2643 4953 2777 4993 cum
2827 4937 3089 4992 cruciatu
3136 4935 3538 5002 exanimatur;
3597 4933 3789 4988 instar

2156 5033 2352 5086 laetum
2387 5029 2682 5084 somnium
2714 5025 2986 5090 videntis,
3011 5024 3280 5095 qui,mox
3309 5023 3591 5094 evigilans
3616 5023 3672 5078 in
3699 5023 3785 5076 fas

2155 5120 2416 5176 miliares
2450 5117 2715 5172 miserias
2759 5113 3093 5180 revolvitur;
3136 5112 3318 5167 instar
3374 5111 3623 5181 fulguris
3665 5127 3790 5164 mo-

2156 5214 2352 5266 mento
2386 5204 2782 5261 illuminantis
2809 5208 3162 5258 nocturnum
3194 5201 3632 5263 viatorem,suis
3663 5204 3788 5254 sta-

2157 5299 2264 5353 tim
2296 5294 2550 5351 tenebris
2576 5292 2960 5358 reddendum;
3000 5290 3184 5344 instar
3214 5287 3531 5356 bombycis,
3553 5287 3791 5341 assidue

2157 5386 2345 5452 nendo
2377 5382 2522 5438 nihil
2551 5379 2969 5450 lucrantis,nisi
3001 5378 3254 5433 sterilem
3285 5375 3788 5432 continuationem

2156 5475 2370 5531 inﬁniti
2400 5472 2637 5528 laboris.
2674 5470 2834 5525 Talia
2882 5471 3156 5538 reputans
3200 5481 3401 5520 rursus
3444 5463 3790 5518 resorbebar

2155 5566 2215 5620 in
2247 5562 2600 5618 desiderium
2625 5560 2748 5614 vitae.
2779 5556 3048 5613 solitariae
3099 5555 3401 5619 sectandae,
3457 5568 3786 5621 rursusque

2156 5652 2502 5709 netrabebar
2523 5651 2576 5704 in
2603 5648 2959 5720 propositum
2987 5661 3100 5700 non
3131 5642 3439 5698 abdicandi
3471 5641 3596 5696 vitae
3629 5656 3788 5695 com-
