4108 6294
279 367 418 422 1245

1276 368 1633 422 SPECIMEN
1673 344 2071 420 sitnisile
2108 369 2438 426 INDORUM
2476 375 2635 425 vs'r.

3526 364 3661 422 1246

279 490 614 557 moda,dum
648 507 711 545 ea
741 498 1097 562 comparans
1130 506 1263 544 cum
1296 486 1911 560 mrumnis,angustiis,
2024 490 2203 545 renda
2235 497 2291 547 et
2321 494 2577 549 curanda
2609 496 2877 567 conjuge,
2911 494 3111 550 liberis
3143 493 3483 561 educandis,
3523 510 3660 563 pro-

279 579 581 634 laboribus
614 579 741 633 vita
772 578 963 651 inopis
996 577 1054 632 in
1088 576 1403 632 solitudine
1436 570 1919 648 degendaz,haud-

280 683 579 737 quaquam
615 665 755 719 mihi
792 664 1120 720 faciendum
1154 664 1456 736 putabam,
1490 669 1551 718 ut
1601 664 1721 718 haec
1770 662 1919 717 ultro

280 755 611 825 abjicerem,
662 771 784 824 quae
830 754 969 809 forte
997 754 1629 831 postmodumfrustra
1663 752 1917 821 require-

284 860 425 898 rem.
455 844 609 896 Inter
634 842 739 897 hos
768 843 931 913 quasi
965 842 1174 895 ﬂuctus
1207 840 1489 912 ancipites
1522 858 1803 895 sensuum
1854 856 1919 894 ac

280 936 541 986 votorum
577 931 817 985 alternis
853 929 1285 1001 praevalentium
1329 930 1601 1000 ambigue
1642 930 1917 999 jactatus,

281 1018 492 1074 similis
543 1036 699 1074 eram
753 1019 1020 1090 imperito
1047 1019 1257 1089 judici,
1294 1019 1489 1073 leviter
1523 1018 1771 1071 mutanti
1803 1016 1916 1070 cal-

278 1107 459 1175 culos,
505 1112 559 1163 et
610 1110 781 1163 modo
815 1110 1116 1163 damnanti
1165 1125 1337 1179 quem
1389 1105 1734 1173 absolverat,
1787 1123 1919 1159 mox

280 1214 452 1267 quem
483 1198 862 1252 damnaverat
894 1215 1100 1251 rursus
1130 1196 1473 1251 absolventi.

280 1313 412 1367 CAP.
450 1313 547 1368 IX.
579 1343 648 1353 —-—
681 1318 908 1368 Perwes
933 1321 1145 1368 (uerna
1170 1318 1410 1382 Speclare
1438 1310 1721 1365 constituit
1752 1328 1764 1365 :
1792 1310 1917 1365 vita:

646 1384 913 1439 humana:
941 1382 1223 1438 miseriam
1255 1382 1529 1436 describit.

345 1497 585 1568 Aliquid
631 1502 826 1552 tamen
861 1498 1000 1552 certi
1052 1498 1274 1551 fructus
1323 1513 1391 1551 ex
1440 1496 1532 1550 his
1580 1495 1917 1551 altercantis

272 1602 472 1641 secum
504 1587 615 1641 mei
647 1586 827 1641 animi
859 1586 1168 1641 contrariis
1190 1585 1511 1641 assultibus
1534 1584 1913 1654 collegi.Con-

274 1675 544 1729 siderans
575 1674 733 1730 enim
764 1678 989 1730 tantam
1022 1673 1180 1729 illam
1206 1674 1265 1729 in
1287 1674 1441 1729 victu
1464 1672 1743 1743 cultuque
1766 1674 1915 1727 duri-

272 1762 413 1817 tiem
445 1765 799 1831 aecetarum,
822 1760 1185 1817 tolerabilem
1214 1762 1380 1832 ipsis,
1413 1761 1533 1817 imo
1565 1777 1798 1816 suavem
1829 1761 1909 1815 vi-
1944 1814 1961 1832 Δ

2027 581 2361 648 movendis;
2398 583 2727 638 ambiendis
2759 584 3100 651 honoribus,
3135 582 3503 638 commerciis
3555 581 3659 635 mi-

2027 670 2559 738 scendis,amicitiis
2587 673 3014 743 contrahendis,
3033 672 3257 726 invidiae
3285 669 3661 741 petitionibus

2025 756 2695 831 declinandis,periculis
2718 762 3100 831 judiciorum,
3127 761 3399 814 fraudum
3427 759 3660 814 insidiis

2025 847 2193 901 anxia
2250 850 2609 918 providentia
2668 852 2957 926 cavendis.
3018 850 3277 904 Senescit
3330 848 3481 902 inter
3538 849 3660 901 hinc

2024 935 2467 991 circumferrens
2491 939 2547 991 in
2574 938 2695 992 suis
2719 939 2843 1009 ipse
2864 937 3181 992 visceribus
3207 938 3443 991 acvenis
3467 937 3660 990 hostes

2024 1039 2326 1094 nunquam
2352 1027 2683 1096 quiscentes
2706 1025 3653 1098 quatuor,sanguinem,phlegma,

2023 1110 2292 1181 cbymnm
2328 1112 2614 1182 et'bilem;
2652 1114 2924 1170 obsessus
2958 1115 3208 1168 exterius
3240 1113 3471 1167 infestis
3502 1129 3656 1167 sem-

2023 1212 2124 1270 per
2178 1202 2453 1270 periculis
2508 1203 2852 1271 toxicorum,
2902 1204 3253 1272 viperarum,
3315 1206 3651 1271 serpentum

2022 1302 2229 1356 genere
2261 1289 2440 1359 omni,
2464 1295 2587 1344 tum
2623 1290 2855 1344 leonum
2890 1290 3259 1359 ferarumque
3293 1290 3651 1343 rabidarum.

2023 1374 2295 1430 Praetereo
2327 1395 2594 1448 vaporem
2630 1380 2864 1432 noxium
2919 1378 3057 1433 solis
3108 1378 3387 1444 ardentis,
3441 1377 3655 1447 frigora

2019 1463 2278 1518 hiemum
2313 1484 2375 1520 ac
2408 1467 2645 1535 nivium,
2681 1468 2957 1537 pestilens
2992 1468 3471 1535 coelum,luesque
3503 1483 3655 1520 aura:

2017 1555 2202 1605 tractu
2240 1558 2412 1625 atque
2454 1554 2637 1608 halitu
2690 1554 3032 1626 vulgabiles,
3083 1555 3491 1608 inundantium
3543 1555 3652 1609 im-

2018 1639 2235 1705 brium,
2280 1639 2394 1695 tela
2442 1642 2685 1696 nubium
2736 1650 2793 1697 et
2837 1644 3148 1697 fulminum
3201 1643 3492 1697 horrores.
3545 1647 3653 1697 Per

2020 1726 2123 1781 bas
2156 1729 2345 1783 minas
2386 1747 2677 1801 nusquam
2725 1748 2838 1784 non
2890 1730 3167 1797 intentas,
3217 1729 3265 1784 si
3316 1730 3447 1801 quis
3496 1730 3654 1787 varie

278 1816 645 1918 deri,idcirco
670 1816 1040 1919 quodbrevis
1060 1850 1156 1918 sit,
1174 1816 1293 1903 nec
1310 1816 1466 1904 ultra
1486 1848 1611 1902 vitae
1644 1849 1910 1905 mortalis
2016 1816 2401 1919 VitabE’Pdus,
2425 1818 2732 1919 Ρθῗξίῃῧῗδ,
2762 1820 2832 1873 ad
2866 1819 3518 1919 δθθτῗὲίίῖλίηλίείθίθπ
3570 1819 3651 1918 ii”

274 1938 526 2007 spatium
561 1943 761 2004 exeat;
792 1937 1055 1993 vicissim
1086 1941 1282 1993 autem
1313 1937 1635 2007 excipiatur
1677 1939 1910 2007 gaudiis

265 2024 503 2079 aeternis
556 2041 569 2080 :
622 2024 849 2081 decrevi
898 2041 1003 2095 ego
1034 2041 1291 2095 quoque,
1320 2025 1484 2096 parvi
1514 2026 1725 2082 ducere
1754 2028 1909 2081 bona

267 2115 598 2184 praesentia,
632 2131 736 2185 spe
766 2131 830 2170 ac
877 2116 1310 2185 comparatione
1355 2116 1708 2171 futurorum.
1761 2117 1907 2172 Hinc

263 2203 431 2271 quasi
487 2201 797 2257 consolans
846 2201 1100 2257 animam
1151 2217 1365 2267 meam,
1414 2206 1471 2255 et
1518 2203 1905 2272 comprobans

261 2289 635 2359 inexplebilia
662 2290 765 2345 illa
796 2290 1089 2345 desideria
1132 2289 1349 2360 quibus
1397 2290 1721 2346 inhiaverat
1760 2310 1901 2362 pro-

264 2382 502 2437 fessioni
549 2384 674 2436 vitta
721 2398 854 2437 cum
888 2381 1102 2436 virtute
1132 2382 1479 2451 conjunctae,
1514 2382 1776 2437 dicebam
1810 2400 1823 2437 :
1858 2382 1900 2437 0

267 2474 552 2539 quantum
584 2470 641 2523 in
666 2469 774 2524 hoc
818 2469 945 2523 vitaa
999 2484 1209 2539 genere
1257 2486 1462 2540 aspero
1504 2470 1901 2541 destitutoque

270 2556 537 2611 laborum
604 2572 1108 2627 arumnarumque
1173 2558 1469 2613 sentitur!
1522 2559 1623 2613 sed
1693 2576 1900 2615 rursus

270 2661 448 2714 quam
483 2645 673 2699 brevis
722 2650 779 2699 et
827 2650 978 2699 ﬂuxa
1026 2649 1113 2699 est
1155 2644 1420 2715 voluptas
1470 2646 1897 2715 indulgentium

274 2731 481 2802 genio!
516 2749 693 2801 quam
744 2732 916 2787 fallax
963 2734 1220 2788 suavitas
1270 2740 1680 2790 momentaneo
1720 2742 1896 2806 gustu

272 2818 657 2874 evanescens!
708 2819 847 2883 Quis
898 2826 1064 2889 porro
1112 2826 1233 2876 tam
1290 2820 1444 2876 laeva:
1495 2823 1730 2889 mentis,
1782 2840 1895 2879 non

270 2907 504 2962 abunde
532 2908 919 2979 compensari,
970 2926 1081 2963 non
1131 2910 1275 2964 bene
1326 2910 1543 2964 condiri
1596 2916 1759 2981 putet
1800 2929 1896 2967 ex-

268 2996 613 3065 perientiam
643 2997 870 3050 brevem
906 3013 1089 3067 parvas
1141 2998 1550 3053 amaritudinis
1596 3005 1893 3070 exspecta-

273 3082 425 3138 tione
455 3089 610 3138 certa
639 3084 965 3139 dulcedinis
996 3086 1388 3155 sempiternae?
1409 3088 1549 3152 Quis
1578 3086 1752 3143 homo
1783 3097 1891 3158 est,

265 3173 356 3225 cui
392 3172 437 3225 si
471 3172 722 3226 conditio
757 3174 977 3227 feratur
1006 3173 1322 3227 subeundae
1356 3190 1456 3245 per
1500 3179 1733 3246 tempus
1775 3194 1888 3232 non
1922 3170 1965 3238 C

264 3259 503 3330 longum
537 3261 677 3315 arcti
711 3262 960 3316 carceris
991 3261 1294 3333 angustiae,
1326 3267 1389 3316 ut
1421 3279 1554 3318 mox
1583 3264 1638 3318 in
1671 3272 1895 3320 internae

260 3349 610 3404 amzenitatis
642 3349 811 3404 beata
834 3350 1025 3420 spatia
1054 3348 1401 3420 laxetur,qui
1425 3357 1653 3406 recuset
1675 3358 1775 3408 aut
1796 3355 1897 3409 du-

259 3437 404 3491 bitet
428 3436 774 3492 admittere?
800 3439 885 3492 An
919 3454 1033 3492 non
1064 3444 1151 3493 est
1180 3438 1298 3493 haec
1328 3439 1445 3493 vita
1475 3439 1646 3511 plena
1676 3440 1893 3497 dolori-

260 3525 391 3592 bus,
425 3526 630 3580 acerba
666 3523 953 3592 cladibus,
1005 3526 1176 3580 anxia
1226 3525 1536 3596 periculis;
1583 3528 1702 3583 imo
1753 3529 1891 3600 quid

258 3613 513 3668 hominis
544 3614 603 3667 in
634 3619 787 3669 terra
816 3614 1176 3670 conversatio
1207 3613 1362 3669 aliud
1394 3620 1482 3671 est
1512 3633 1687 3686 quam
1731 3618 1891 3688 jugis

257 3702 516 3772 afﬂictio,
568 3706 791 3759 textum
841 3703 1178 3757 necessariae
1227 3703 1497 3773 miserisa,
1547 3706 1888 3762 continuum

256 3796 610 3846 tormentum
643 3808 757 3845 uno
789 3791 1018 3845 saevitiae
1040 3796 1240 3847 tenore
1262 3810 1295 3847 a
1316 3792 1603 3863 principio
1621 3797 1689 3849 ad
1712 3797 1888 3852 finem

256 3879 596 3949 pertinens?
645 3880 944 3935 Enimvero
992 3880 1120 3950 ipsa
1167 3880 1424 3936 hominis
1486 3882 1673 3951 prima
1727 3885 1888 3955 origo

252 3984 429 4037 quam
459 3966 829 4023 vilis?Mucus
860 3984 1067 4038 nempe
1097 3969 1335 4039 quidam
1360 3969 1447 4039 (ut
1467 3969 1632 4026 aiunt
1655 3973 1888 4045 medici)

251 4056 525 4127 delapsus
558 4057 616 4111 in
658 4062 889 4112 uterum
938 4056 1218 4123 mulieris,
1270 4058 1469 4129 ibique
1514 4076 1647 4115 cum
1696 4061 1884 4132 ipsius

249 4145 535 4216 sanguine
565 4147 928 4215 commistus,
960 4146 1097 4201 inde
1126 4162 1505 4203 concrescens
1543 4148 1886 4220 dispertitur

249 4233 309 4287 in
343 4234 624 4302 membra,
656 4250 995 4303 moramque
1026 4234 1189 4289 ducit
1217 4234 1451 4307 longam
1482 4236 1542 4291 in
1572 4236 1690 4293 illis
1722 4244 1883 4295 tene-

248 4320 371 4377 bris
402 4326 458 4376 et
488 4322 778 4391 angustiis
808 4322 935 4377 sine
987 4323 1113 4377 cibo
1163 4328 1219 4377 et
1268 4333 1429 4394 potu,
1479 4328 1603 4379 tum
1654 4335 1881 4383 maturo

246 4414 450 4481 partus
481 4413 760 4480 tempore,
792 4426 925 4463 cum
959 4410 1188 4465 nixibus
1220 4415 1275 4466 et
1306 4413 1552 4469 summis
1582 4413 1880 4472 doloribus

245 4496 681 4567 ejicitur.Natus
704 4514 847 4569 puer
868 4497 1176 4569 multiplici
1200 4498 1523 4556 ministerio
1544 4501 1878 4572 gerulorum
1909 4534 1956 4597 D

245 4591 305 4641 et
336 4584 655 4648 nutricum,
688 4602 787 4656 per
817 4586 987 4640 ﬂetus
1016 4588 1131 4641 fere
1161 4589 1430 4643 assiduos
1475 4590 1545 4643 ad
1598 4592 1877 4647 creberri-

246 4688 408 4730 mum
442 4688 681 4727 sensum
713 4673 1289 4745 famiss,itis,algoris
1320 4675 1722 4748 similiumque
1753 4697 1877 4735 ma-

246 4762 461 4830 lorum,
495 4763 710 4832 quibus
741 4762 1003 4831 subjacet
1028 4762 1320 4819 imbecilla
1349 4764 1613 4833 infantia,
1665 4769 1879 4838 perdu-

248 4851 401 4905 citur
430 4852 497 4907 ad
536 4851 1013 4906 molestissimam
1059 4852 1170 4923 ipsi
1218 4853 1685 4909 ablactationem.
1738 4859 1879 4913 Inde

244 4940 541 5009 magistris
572 4940 923 5006 edocendus,
958 4940 1065 4996 hoc
1095 4945 1183 4996 est
1210 4942 1654 5013 exeruciandus,
1695 4945 1875 5000 tradi-

246 5039 358 5095 tur,
389 5029 870 5099 subigendusque
902 5034 1118 5084 terrore
1152 5047 1219 5084 ac
1270 5030 1458 5102 plagis
1508 5034 1576 5085 ad
1626 5032 1873 5101 litteras,

242 5125 343 5172 aut
372 5122 522 5171 artes
551 5123 934 5187 ceeteramque
963 5118 1337 5189 disciplinam
1371 5120 1633 5191 improbo
1678 5120 1873 5177 labore

239 5205 808 5275 arripiendas.Mitto
843 5206 1029 5261 febres
1077 5208 1388 5278 variosque
1436 5208 1767 5280 languores,
1816 5215 1872 5266 et

233 5296 433 5365 pejora
464 5292 632 5347 malis
682 5293 936 5347 remedia
985 5295 1493 5350 amarissimarum
1544 5297 1865 5367 potionum.

240 5382 337 5435 Sic
366 5381 425 5434 in
455 5382 844 5435 robustiorum
872 5382 1076 5435 educto
1106 5387 1360 5448 :etatem,
1391 5383 1543 5438 alius
1574 5402 1688 5440 non
1731 5387 1867 5440 faci-

233 5469 448 5524 liorum
480 5468 861 5522 certaminum
894 5486 1136 5540 campus
1169 5470 1743 5541 aperitur,latissimc
1768 5491 1865 5543 pa-

232 5563 366 5612 tens
399 5557 455 5609 in
490 5573 661 5611 curas
691 5560 1204 5627 contentionesque
1234 5558 1515 5614 sollicitas
1538 5559 1748 5614 diversi
1775 5578 1867 5633 ge-

230 5644 391 5701 ueris
427 5661 439 5699 :
473 5644 529 5698 in
564 5643 780 5699 divitiis
811 5646 1088 5715 parandis
1120 5648 1420 5719 partisque
1448 5648 1861 5720 tuendis,quze-

2016 1905 2228 1975 reperit
2257 1907 2590 1975 cur_tandiu
2623 1907 2833 1962 vixisse
2881 1908 3174 1979 poeniteat.
3225 1912 3408 1978 Super
3457 1907 3654 1963 omnia

2014 2009 2171 2047 mors
2231 1994 2448 2063 ingruit
2501 1995 2720 2050 incerta
2776 1997 2868 2051 sui
2923 1997 3352 2068 exspectatione
3409 1995 3649 2067 longum

2010 2081 2247 2149 vexatis,
2284 2083 2799 2154 tristissimamque
2831 2102 2863 2140 a
2896 2086 3134 2153 mundo,
3172 2104 3203 2139 a
3234 2086 3417 2155 patria
3448 2087 3650 2141 domo-

2012 2188 2142 2241 que,
2177 2190 2207 2226 a
2241 2174 2544 2243 complexu
2577 2175 2907 2242 charorum,
2943 2193 2975 2230 a
3021 2175 3239 2245 liberis,
3295 2176 3645 2247 consangui-

2010 2260 2157 2329 neis,
2209 2260 2435 2330 amicis,
2486 2263 2778 2330 fratribus,
2811 2282 2842 2317 a
2873 2263 3087 2333 spebus
3117 2266 3245 2318 vita:
3279 2265 3505 2319 cunctis
3537 2264 3649 2319 mi-

2008 2348 2332 2417 grationem
2368 2350 2801 2405 inexorabiliter
2829 2352 3061 2407 edicens
3112 2370 3125 2407 :
3180 2352 3361 2406 multo
3412 2352 3642 2407 interim

2009 2436 2198 2507 magis
2232 2439 2519 2507 crucians,
2556 2440 2784 2495 conscia
2816 2440 3147 2511 suspicione
3180 2456 3501 2511 plenarum,
3527 2440 3645 2493 ani-

2009 2540 2117 2578 mos
2141 2541 2272 2580 mox
2293 2543 2533 2597 corpore
2557 2527 3156 2597 solutae,luendarum,
3178 2530 3250 2582 ob
3274 2546 3385 2583 non
3420 2530 3645 2600 expiata

2005 2611 2130 2665 vitae
2163 2611 2400 2669 scelera.
2452 2614 2648 2670 Eritne
2700 2616 3013 2687 quisquam
3065 2634 3217 2671 sanae
3268 2619 3500 2682 mentis,
3551 2617 3644 2672 his

2004 2702 2329 2771 perpensis,
2361 2719 2531 2773 quem
2564 2703 2744 2773 hujus
2776 2722 3113 2760 aerumnosa:
3146 2723 3209 2760 ac
3242 2706 3641 2775 corruptibilis

2002 2789 2131 2842 vita:
2164 2806 2275 2843 non
2306 2789 2552 2845 taedeat?
2578 2792 2675 2862 qui
2710 2791 2955 2847 libenter
2987 2793 3079 2848 hic
3112 2794 3205 2864 sit,
3243 2795 3342 2864 qui
3373 2794 3638 2867 volupta-

2001 2878 2127 2930 tum
2161 2881 2217 2932 et
2248 2878 2509 2948 turpium
2543 2883 2600 2933 et
2632 2880 2925 2951 fugacium
2960 2886 3132 2953 gustu
3184 2883 3484 2951 capiatur?
3536 2884 3635 2953 qui

2002 2964 2171 3019 ﬂuxis
2218 2970 2275 3019 et
2324 2967 2559 3020 caducis
2613 2967 2965 3023 inaadificare
3014 2987 3146 3039 spes
3195 2971 3535 3027 ambitiosas
3583 2977 3639 3026 et

2002 3068 2203 3106 secure
2251 3052 2521 3108 insistere
2552 3070 2665 3108 non
2697 3055 2964 3110 dubitet?
2995 3058 3075 3111 Sit
3108 3057 3205 3112 ille
3234 3058 3365 3113 licet
3387 3076 3502 3128 rex,
3538 3061 3635 3129 sit,

2004 3141 2105 3196 Dei
2155 3140 2442 3211 singulari
2490 3144 2789 3210 beneﬁcio,
2841 3146 3068 3201 cunctis
3116 3152 3335 3201 naturae
3377 3150 3634 3217 dotibus,

2004 3220 2250 3283 fortunas.
2281 3220 2573 3285 favoribus
2604 3236 2881 3301 ornatus;
2915 3234 3104 3303 vigeat
3132 3236 3634 3307 valetudine,gau-

2002 3318 2134 3372 deat
2164 3319 2395 3389 opibus,
2426 3320 2628 3374 ﬂoreat
2657 3322 3084 3379 existimatione
3117 3342 3181 3378 ac
3212 3326 3398 3391 fama;
3451 3333 3637 3384 exstet

2000 3405 2114 3460 alte
2144 3408 2497 3477 conspicuus
2524 3408 2579 3461 in
2614 3426 2743 3463 arce
2765 3413 3015 3479 quadam
3041 3412 3306 3467 humanae
3341 3415 3633 3472 felicitatis

2000 3510 2032 3547 a
2072 3495 2297 3549 cunctis
2328 3494 2656 3566 vulgarium
2684 3497 3189 3555 incommodorum
3224 3508 3517 3572 protectus
3550 3505 3634 3559 in-

1999 3578 2254 3634 sultibus
2286 3595 2301 3633 :
2336 3581 2477 3635 feret
2507 3584 2705 3638 tamen
2738 3602 2936 3640 secum
2968 3603 3317 3661 quocunque
3362 3594 3633 3647 ascendet

1998 3670 2295 3723 radentem
2330 3669 2490 3724 intus
2521 3672 2736 3726 tineam
2780 3675 2934 3729 lente
2982 3680 3299 3741 grassantis
3346 3680 3525 3746 exitii,
3578 3688 3633 3735 et

1997 3756 2405 3811 insidiantium
2437 3758 2697 3829 undique
2728 3762 3129 3819 calamitatum
3167 3784 3345 3821 unum
3387 3770 3631 3838 reperiet

1995 3847 2210 3901 exitum
2243 3847 2300 3900 in
2332 3846 2494 3902 clade
2529 3848 2750 3918 ultima,
2783 3852 3038 3908 animam
3089 3855 3200 3925 ipsi
3244 3874 3306 3911 ac
3356 3859 3626 3928 spiritum

1994 3937 2266 3991 extremis
2298 3939 2614 4008 angoribus
2646 3944 2867 3995 extortu
2880 3960 2959 3997 ra.

1993 4052 2123 4106 CAP.
2152 4052 2223 4105 X.
2258 4083 2325 4092 —-
2357 4055 3005 4134 Infelicitas‘mprtalz'um
3063 4061 3336 4117 luculento
3385 4065 3624 4134 symbolo

2640 4126 2971 4182 declaratur.

2062 4243 2197 4293 Post
2221 4238 2341 4293 haec
2371 4238 2674 4310 ingressus
2705 4259 2809 4313 ego
2841 4260 3043 4299 rursus
3089 4245 3148 4299 in
3200 4246 3461 4303 altiorem
3486 4268 3624 4305 con—

1988 4327 2403 4382 siderationem
2464 4345 2658 4383 rerum
2714 4348 2842 4401 quae
2900 4332 3171 4388 visuntur
3218 4335 3275 4388 in
3326 4336 3434 4391 hoc
3460 4340 3619 4407 orbe,

1988 4417 2371 4472 animadverti
2406 4423 2806 4474 creaturarum
2840 4423 3103 4479 omnium
3137 4426 3301 4479 facile
3344 4434 3619 4496 praestan-

1986 4505 2283 4560 tissimum
2318 4523 2445 4561 esse
2472 4506 2994 4577 hominem,verum
3028 4513 3296 4568 eumdem
3330 4516 3621 4587 negligen-

1990 4600 2107 4650 tem
2140 4594 2251 4663 sui,
2274 4613 2336 4651 ac
2364 4597 2593 4667 proprie
2618 4599 2822 4653 salutis
2854 4598 3237 4673 incuriosum,
3272 4604 3430 4659 illam
3465 4612 3618 4676 post-

1989 4685 2198 4740 habere
2224 4684 2619 4756 voluptatibus
2645 4703 2950 4746 sensuum.
2984 4692 3130 4745 Tum
3183 4693 3267 4748 sic
3314 4696 3466 4765 apud
3520 4711 3612 4749 me

1986 4773 2101 4827 dixi
2136 4792 2149 4829 :
2178 4774 2399 4829 Similis
2422 4778 2510 4829 est
2532 4774 2706 4831 homo
2729 4778 2846 4833 viro
2870 4780 3124 4850 cuipiam
3148 4784 3389 4853 fugienti
3415 4803 3445 4839 a
3469 4786 3613 4841 facie

1985 4863 2089 4917 feri
2123 4862 2594 4929 monocerotis,et
2626 4880 2873 4921 cursusu
2906 4866 3004 4921 illo
3037 4869 3224 4926 delato
3258 4872 3314 4926 in
3348 4874 3606 4944 praecipi-

1982 4949 2129 5003 tium
2162 4949 2472 5005 imminens
2504 4948 2809 5021 lacui,",ubi
2842 4962 3070 5025 reperta
3118 4958 3334 5029 ingenti
3385 4961 3605 5027 arbore,

1984 5038 2318 5091 conscendit
2350 5038 2405 5092 in
2432 5056 2623 5095 ramos
2654 5041 2783 5110 ejus
2815 5043 3331 5118 inferiores,iisque
3362 5067 3605 5119 suspen-

1981 5142 2083 5180 sus
2114 5125 2296 5180 haesit.
2329 5127 2758 5183 Nidulabantur
2787 5132 2896 5185 sub
2927 5149 3062 5189 cavo
3092 5136 3302 5190 cortice
3332 5137 3459 5206 ejus
3512 5156 3606 5193 ar-

1980 5214 2133 5269 boris
2184 5232 2402 5285 angues
2451 5221 2720 5285 quatuor,
2772 5221 3125 5277 terebrantes
3177 5226 3385 5293 ipsam,
3416 5232 3472 5280 et
3505 5244 3605 5297 per

1976 5302 2281 5367 foramina,
2316 5320 2441 5372 qua:
2476 5306 2724 5360 rodendo
2759 5308 3028 5377 fecerant,
3070 5314 3260 5381 capita
3306 5320 3603 5369 ostentan-

1976 5394 2081 5444 tes.
2116 5389 2453 5460 Despiciens
2483 5390 2615 5446 inde
2639 5395 2704 5446 ad
2741 5395 2963 5450 radices
2994 5399 3237 5465 arboris,
3271 5401 3412 5455 vidit
3443 5419 3604 5456 accn-

1976 5476 2204 5531 bantem
2256 5478 2565 5531 draconem
2628 5480 2963 5550 immanem,
3020 5492 3181 5541 vasto
3232 5489 3600 5545 diductarnni

1974 5566 2228 5619 faucium
2262 5566 2517 5619 hiantem
2554 5568 2761 5637 spatio,
2792 5572 2860 5624 ad
2895 5589 2976 5638 se,
3011 5576 3108 5627 ubi
3143 5577 3471 5643 decidisset,
3499 5582 3598 5631 tili-

1971 5654 2347 5709 sorbendum.
2382 5654 2536 5707 Vidit
2579 5660 2635 5709 et
2680 5672 2876 5711 mures
2919 5660 3086 5728 duos,
3145 5664 3341 5719 album
3392 5684 3594 5737 unum,
