4060 6304
497 338 634 393 1247

494 552 805 606 insistebat
837 570 1049 620 ramos,
1084 555 1498 611 admordentes
1532 574 1628 611 eos
1667 558 1793 612 sine
1839 557 2140 611 intermis-

495 640 658 694 sione
713 658 827 712 qua
860 644 1020 710 parte
1055 644 1571 699 committebantur
1602 650 1845 713 trunco;
1882 646 2139 716 profece-

495 734 742 799 rantque
772 729 1070 785 arrosione
1101 732 1375 786 continua
1406 738 1657 799 tantum,
1691 738 1753 788 ut
1785 733 1915 804 plus
1948 734 2139 787 media

493 817 756 871 crassitie
788 818 1167 885 accisa,tenui
1198 825 1422 874 tantum
1459 821 1718 892 segmine
1742 838 1805 875 ac
1852 820 2009 875 velut
2042 820 2136 873 filo

493 904 997 970 nutanti,ramalia
1018 906 1117 961 illa
1141 907 1473 977 quzeipsum
1496 908 2136 979 sustentabantplanta:

492 992 678 1061 stipiti
715 993 1017 1048 mererent.
1052 996 1113 1047 In
1151 995 1239 1048 his
1274 996 1450 1049 miser
1481 997 1794 1066 angustiis,
1829 1001 2001 1064 prout
2034 1012 2136 1065 pur

491 1084 634 1145 erat,
669 1082 951 1135 aestuabat
980 1082 1197 1150 animo,
1231 1082 1519 1137 sollicitus
1544 1100 1793 1153 quonam
1849 1088 2015 1153 pacto
2064 1099 2131 1135 ex

492 1173 576 1222 tot
599 1170 859 1238 undique
884 1170 1293 1239 ingruentibus
1319 1172 1593 1241 periculis
1617 1170 1814 1226 salvus
1845 1172 2130 1225 evaderet.

492 1255 619 1310 Tali
651 1272 792 1311 cura
824 1257 1153 1327 suspiciens
1186 1258 1331 1312 forte
1362 1260 1708 1327 observavit,
1734 1276 1799 1313 ex
1831 1259 2135 1313 cacumine

495 1344 740 1409 arboris,
774 1345 871 1397 ubi
906 1362 1043 1414 apes
1075 1346 1230 1400 favos
1264 1347 1536 1410 fecerant,
1571 1346 1681 1402 mel
1715 1346 1977 1401 defluens
2010 1345 2133 1399 stil-

492 1431 635 1500 lare,
664 1431 839 1500 quod,
874 1449 1016 1485 usus
1045 1434 1499 1502 opportunitate,
1527 1439 1764 1504 gustare
1797 1434 2133 1505 cmpit,tan-

492 1524 737 1589 tumque
769 1519 869 1572 illa
917 1518 1225 1574 dulcedine
1277 1520 1600 1575 oblectatus
1646 1526 1753 1587 est,
1806 1528 1870 1574 ut
1918 1520 2132 1575 oblitus

492 1607 1002 1662 circumstantium
1071 1614 1490 1673 monstrorum,
1547 1608 1647 1661 feri
1718 1608 2129 1675 monocerotis,

495 1694 790 1750 horribilis
845 1695 1135 1759 draconis,
1187 1693 1505 1765 hydrorum
1554 1701 1821 1765 quatuor,
1876 1697 2130 1749 duorum

1990 349 2375 401 APPENDIX.

490 464 726 534 nigrum
760 463 1029 530 alterum,
1061 467 1260 522 rodere
1291 467 1524 523 assidue
1556 469 1685 524 illos
1717 470 1875 541 ipsos
1910 470 2125 540 quibus
2157 474 2208 536 Α
2240 469 2456 540 quibus
2488 484 2641 536 aegra
2674 466 2998 522 mortalitas
3023 465 3314 520 innititur.
3351 466 3654 529 Quatuor
3709 477 3945 530 angues

3818 337 3991 415 124s!

2246 520 2451 540 Ὶνίνν--π
2498 520 2593 536 "ri’
2678 520 2757 522 ίηί
2836 520 2855 521 νν
2920 520 2925 521 ν
2984 520 2991 521 ί
3359 520 3391 529 τ
3800 520 3840 530 ν
4018 534 4019 537 η

2244 558 2375 611 sinu
2402 557 2530 627 ipso
2553 555 2735 611 clausi
2762 554 3005 619 arboris,
3039 554 3316 608 humores
3340 557 3628 623 quatuor
3651 550 3945 617 ﬁgurae:

2241 660 2489 716 quorum
2522 644 2822 713 temperie,
2856 642 3075 697 mutuis
3122 641 3374 695 invicem
3422 643 3829 694 cunctorum
3885 640 3941 691 lf-
3988 634 4019 657 ³¹

2240 733 2408 787 brata
2430 731 2867 796 certaminibus,
2900 747 3112 802 corpus
3135 729 3291 796 vivit;
3326 728 3667 800 perforant
3695 727 3736 780 ii
3771 734 3937 780 trun-

2239 837 2373 875 cum
2404 826 2694 891 caputque
2723 823 3020 883 exserunt,
3045 818 3272 888 quoties
3297 834 3458 871 unus
3484 832 3700 886 supra
3726 832 3935 869 omnes

2238 907 2577 979 praevalens,
2608 907 2843 961 morbos
2874 911 3051 969 creat,
3099 904 3400 959 interitum
3463 903 3765 969 minans,
3829 904 3933 957 nisi

2236 996 2322 1050 vis
2352 997 2479 1065 ejus
2512 994 2997 1049 medicaminibus
3030 1002 3226 1047 retusa
3247 993 3315 1046 ad
3350 996 3929 1062 temperamentum

2238 1089 2705 1153 concentumque
2736 1081 3045 1151 redigatur.
3096 1081 3276 1134 Draco
3314 1080 3557 1134 inferne
3616 1080 3929 1133 accubans

2238 1172 2422 1226 Oreus
2454 1176 2686 1242 est,quo
2719 1168 3129 1224 inevitabiliter
3158 1168 3349 1222 cuncti
3384 1165 3750 1220 trudimur.
3773 1166 3928 1221 Duc-

2237 1276 2365 1314 rum
2394 1260 2647 1313 murium
2670 1257 2957 1313 candidus
2980 1257 3286 1325 diem,ater
3308 1259 3551 1309 noctem
3579 1255 3924 1324 signiﬁcat:

2238 1348 2323 1402 ha:
2353 1347 2538 1403 fulcra
2581 1346 2709 1400 vitae
2759 1346 3071 1407 subruunt,
3119 1342 3479 1397 indesinenti
3535 1343 3925 1397 detractione

2238 1437 2496 1506 spatium
2528 1434 2754 1489 vivendi
2787 1431 3415 1488 minuentes.Fallaces
3447 1430 3789 1501 noxiaeque
3820 1449 3919 1485 vo-

2237 1525 2491 1594 luptates
2525 1522 2716 1577 mellis
2746 1536 2997 1592 superne
3029 1518 3325 1574 aliluentis
3357 1518 3679 1574 insidiosa
3731 1519 3922 1573 stilla-

2235 1612 2391 1666 tione
2425 1608 3027 1665 adumbranturzhaec
3059 1607 3215 1662 enim
3253 1606 3595 1677 perniciose
3632 1607 3923 1662 mortales

2237 1699 2508 1767 oblectat,
2547 1714 2802 1752 avocans
2852 1700 3075 1752 mentes
3122 1710 3325 1749 eorum
3374 1712 3409 1749 a
3462 1694 3706 1750 salutis
3762 1712 3920 1763 cura,

498 1784 779 1848 murium,
814 1798 1028 1849 ramos,
1061 1782 1272 1851 quibus
1312 1784 1715 1838 sustinebatur
1745 1801 1815 1838 ne
1842 1784 1898 1837 in
1926 1784 2121 1855 gulam
2157 1809 2202 1872 Β
2238 1788 2557 1856 afﬁxosque
2606 1786 2763 1857 ipsos
2791 1785 2960 1840 ﬂuxis
2993 1784 3246 1855 gaudiis,
3278 1800 3350 1838 ne
3380 1783 3775 1854 sempiterna
3806 1784 3917 1839 Sibi

495 1870 763 1926 draconis
796 1872 1045 1935 caderet,
1074 1870 1343 1941 stirpitus
1374 1871 1819 1939 succidentium,
1872 1874 2128 1928 suaviter

496 1960 911 2029 acquiesceret,
946 1959 1111 2012 avide
1142 1975 1207 2012 ac
1238 1974 1437 2013 secure
1469 1964 1711 2030 captans
1741 1977 1991 2031 superne
2030 1962 2133 2015 de-

495 2048 813 2102 stillantem
838 2046 1123 2116 liquorem
1150 2046 1515 2102 melleum.Id
1542 2048 1679 2101 dum
1704 2049 1843 2118 agit,
1868 2048 2135 2118 abruptis

494 2136 731 2190 tandem
766 2135 966 2199 ramis,
999 2134 1273 2189 decidens
1304 2134 1526 2199 infelix,
1570 2151 1703 2190 esca
1749 2137 1939 2190 factus
1991 2137 2133 2191 dra-

497 2224 657 2278 conis
688 2221 993 2291 inhiantia,
1028 2223 1272 2278 interiit.
1308 2223 1370 2277 In
1404 2223 1510 2277 bac
1539 2222 1797 2295 imagine
1827 2224 1985 2279 ferus
2018 2224 2135 2278 rhi-

499 2327 738 2368 noceros
769 2312 1037 2381 designat
1068 2315 1310 2366 mortem
1336 2312 1799 2381 pertinacissime
1820 2312 2135 2368 instantem

500 2398 745 2466 homini,
795 2404 851 2454 et
898 2415 1247 2470 quocunque
1294 2415 1357 2454 se
1405 2400 1714 2455 contulerit
1751 2416 1884 2455 eum
1936 2418 2136 2471 perse-

502 2492 799 2559 quentem,
836 2485 1013 2540 nullis
1047 2503 1297 2556 usquam
1348 2486 1397 2541 ei
1447 2487 1592 2542 tutis
1640 2487 1710 2542 ab
1762 2504 1828 2542 ea
1876 2488 2137 2543 latebris.

500 2575 685 2629 Lacus
737 2577 825 2628 est
872 2574 992 2628 vita
1044 2574 1161 2627 haec
1195 2574 1429 2643 misera,
1463 2575 1739 2629 monstris
1769 2578 2017 2641 scatens,
2050 2576 2136 2630 in-

502 2662 651 2716 festa
680 2662 1022 2731 naufragiis,
1056 2661 1293 2715 infamis
1341 2661 1625 2731 cladibus,
1679 2663 1835 2733 regio
1884 2663 2140 2718 infausta

504 2749 918 2820 lacrymarum.
945 2748 1117 2805 Rami
1148 2749 1264 2803 duo
1306 2749 1591 2820 suppositi
1642 2750 1908 2820 pedibus,
1957 2750 2139 2806 arrosi

504 2855 537 2894 ε.
560 2837 1224 2909 muribus,temporariae
1248 2854 1383 2909 spes
1405 2842 1461 2893 et
1481 2838 1645 2892 ﬂuxzs
1673 2837 2138 2909 commoditates,

2242 1875 2596 1946 provideant,
2654 1873 2943 1927 detinens.
2994 1871 3097 1926 His
3149 1886 3255 1942 ego
3304 1870 3629 1942 perpensis
3692 1876 3913 1926 attente

2244 1962 2539 2030 omnibus,
2588 1960 2815 2015 decrevi
2860 1964 3120 2030 perstare
3166 1962 3479 2013 contentus
3536 1959 3914 2029 professione

2246 2064 2884 2119 mea,magnopereque
2916 2047 3156 2102 incubui
3188 2048 3255 2100 ad
3290 2046 3817 2101 benemerendum
3848 2048 3911 2100 de

2244 2136 2663 2207 indigentibus,
2699 2140 2755 2190 et
2786 2152 3015 2206 quoquo
3049 2134 3240 2200 modo,
3283 2149 3469 2204 quave
3526 2150 3726 2204 opera
3781 2151 3906 2205 pus-

2246 2241 2392 2294 sem,
2424 2225 2625 2294 inopes
2648 2223 2976 2292 juvandos:
3013 2223 3095 2277 sic
3125 2226 3428 2292 reputans,
3462 2220 3627 2275 hanc
3661 2236 3801 2275 esse
3830 2222 3910 2275 de-

2245 2313 2402 2381 bere,
2435 2312 2483 2367 si
2518 2311 2636 2367 ulla
2667 2312 2768 2379 sit,
2801 2310 3014 2366 salutis
3043 2310 3219 2376 viam,
3253 2325 3628 2379 speransque
3663 2308 3904 2364 felicita-

2246 2405 2383 2466 tem,
2417 2400 2587 2470 cujus
2629 2399 2897 2454 innatum
2946 2398 3173 2454 homini
3220 2396 3591 2451 desiderium
3645 2402 3765 2465 est,
3812 2396 3898 2451 tali

2249 2489 2619 2562 potissimum
2651 2487 3057 2543 assectandam
3089 2489 3322 2540 conatu.
3362 2485 3448 2539 lla
3490 2486 3836 2556 composita
3873 2503 3895 2539 ε

2248 2577 2412 2648 prius
2433 2576 2770 2631 memoratis
2792 2572 3275 2630 ﬂuctuationibus
3297 2576 3496 2628 mente
3520 2572 3760 2628 missus
3782 2590 3891 2627 sum

2250 2682 2282 2720 a
2312 2681 2445 2736 rege
2474 2665 2727 2721 Chosroe
2772 2664 2833 2719 in
2885 2664 3112 2719 Indiam
3164 2678 3177 2715 :
3228 2660 3485 2730 indeque
3536 2660 3602 2715 in
3654 2663 3884 2732 patriam

2249 2755 2431 2809 redux
2471 2754 2629 2809 edidi
2678 2752 2896 2808 multos
2943 2750 3143 2817 libros,
3177 2766 3207 2805 e
3237 2748 3458 2820 quibus
3490 2748 3596 2803 hic
3628 2767 3789 2805 unus
3811 2755 3879 2803 est

2249 2846 2644 2913 nuncupatus,
2676 2840 2962 2913 Specimen
3000 2836 3301 2909 Sapientiae
3326 2837 3625 2892 Indorum.

1718 3211 2671 3333 SPECIMEN

586 3448 1701 3611 SAPIENTI/E
1815 3446 2745 3611 INDORUM
2826 3450 3787 3614 VETERUM

2036 3733 2106 3776 EX
2117 3733 2363 3778 HIBITUI

1065 3889 1831 3949 DISSERTATIONIBUS
1872 3886 2394 3946 PARABOLICIS
2437 3888 2871 3954 QUINDECIM
2916 3890 3323 3952 CUJUSDAM

1307 3991 1992 4053 GYMNOSOPHIST/E
2034 3992 2138 4051 AD
2183 3992 2757 4055 ABESSALUMUM
2802 3997 3089 4057 REGEM.

1634 4280 2147 4340 DlSSER'l‘ATIO
2189 4280 2680 4340 PAlIABOLlCA
2720 4284 2769 4342 Ι.

517 4404 921 4489 Repraesentat
950 4405 1009 4462 z'n
1057 4410 1421 4489 Vestigatore
1452 4412 1613 4462 artes
1643 4403 1995 4489 ambitionis
2026 4404 2328 4489 improbae,
2364 4406 2743 4489 conciliantis
2771 4416 2828 4466 et
2853 4407 3181 4489 dz'rimentz's
3218 4409 3376 4468 inter
3425 4414 3587 4469 alios
3633 4412 3873 4489 gratiam

589 4484 669 4542 ad
693 4492 985 4561 quaestum
1009 4486 1319 4562 proprium
1349 4502 1525 4561 eoque
1548 4502 1661 4560 per
1688 4484 1907 4562 omnia
1960 4488 2182 4544 scelera
2228 4488 2574 4562 gressantis.
2628 4486 2832 4546 Obiter
2877 4488 3069 4547 multa
3111 4487 3461 4548 inseruntur
3505 4484 3657 4550 αίιὶί
3690 4494 3865 4551 varia:

589 4563 725 4622 vitae
752 4580 826 4622 ac
854 4561 1102 4623 moralis
1120 4561 1414 4622 doctrina:
1438 4571 1642 4641 partes
1674 4561 2089 4640 in/ormantz'a.

581 4711 1019 4780 Abessalomus,
1054 4711 1324 4765 Indorum
1358 4726 1476 4778 rex,
1510 4710 1803 4766 consuluit
1833 4713 2144 4783 quemdam
2179 4716 2219 4780 C
2260 4714 2457 4782 vitam,
2492 4716 2594 4769 hos
2626 4716 3001 4773 admonuisse
3031 4717 3224 4773 verbis
3256 4718 3595 4789 hujusmodi
3633 4737 3648 4773 :
3684 4720 3728 4775 Ο
3783 4719 3867 4775 mei

514 4813 543 4853 e
575 4797 699 4851 suis
730 4798 1120 4853 familiaribus
1150 4798 1719 4869 gymnosophistam,
1751 4799 2150 4856 dicens:Volo

520 4902 551 4939 a
580 4889 635 4939 te
664 4884 808 4938 mihi
839 4885 1120 4939 declarari
1156 4902 1255 4955 per
1284 4885 1567 4955 exempla,
1601 4902 1715 4955 quo
1767 4889 1934 4942 modo
1992 4889 2147 4943 frau«

513 4972 791 5028 dulentus
846 4978 901 5026 et
954 4972 1249 5045 malignus
1297 4972 1407 5038 vir,
1459 4972 1769 5029 insinuans
1818 4992 1944 5031 sese
1991 4977 2145 5032 inter

512 5060 731 5116 amicos
764 5061 930 5126 duos,
964 5060 1200 5115 dirimat
1230 5064 1285 5115 et
1316 5061 1373 5115 in
1407 5061 1607 5115 odium
1641 5069 1959 5119 commutet
2008 5081 2145 5120 con-

515 5153 762 5204 tractam
796 5149 959 5219 prius
992 5148 1140 5204 inter
1170 5149 1329 5219 ipsos
1360 5149 1696 5204 amicitiam.

588 5236 630 5291 Ι.
666 5237 749 5290 Ad
781 5252 847 5291 ea
886 5237 945 5291 in
990 5236 1149 5290 hunc
1201 5238 1438 5292 modum
1489 5238 1789 5309 respondit
1837 5255 2145 5311 gymnoso-

520 5324 714 5395 phista
747 5340 760 5378 :

590 5415 791 5465 Fertur
820 5418 1105 5469 mercator
1134 5415 1372 5484 quidam
1405 5414 1674 5484 copiosus
1706 5431 1769 5470 ac
1801 5416 2150 5483 dives,ﬁlios

518 5499 738 5554 habens
771 5500 966 5571 pigros
998 5506 1053 5557 et
1101 5517 1202 5573 per
1251 5502 1533 5555 desidiam
1587 5518 1818 5557 aversos
1867 5505 1938 5558 ab
1983 5505 2147 5559 addi—

522 5588 737 5641 sceuda
770 5588 1199 5661 factitandaque
1230 5595 1352 5645 arte
1384 5589 1657 5660 quapiam
1689 5606 1756 5645 ex
1788 5592 2032 5647 utilibus
2079 5594 2149 5647 ad

2258 4802 2384 4867 filii,
2436 4803 2534 4872 qui
2586 4803 2644 4857 in
2696 4804 2804 4858 hac
2851 4805 2968 4860 vita
3017 4810 3413 4873 conversatur,
3445 4808 3638 4862 tribus
3670 4808 3874 4880 indiget

2257 4890 2465 4944 rebus:
2492 4907 2668 4961 opum
2701 4892 2866 4962 cepia
2891 4893 3217 4948 sufficiente
3243 4895 3313 4949 ad
3334 4894 3549 4949 victum
3572 4900 3631 4949 et
3652 4895 3877 4963 cultum,

2258 4978 2409 5032 bona
2441 4978 2592 5034 fama
2622 4983 2678 5034 et
2705 4979 3135 5037 existimatione
3187 4983 3338 5052 apud
3390 4982 3684 5053 homines,
3731 4984 3879 5039 deni-

2257 5081 2369 5135 que
2418 5064 2570 5122 fclici
2618 5068 2983 5123 assecutione
3030 5069 3417 5138 repositorum
3458 5072 3516 5124 in
3550 5070 3670 5125 vita
3701 5073 3883 5127 futura

2249 5152 2429 5223 justis
2456 5154 2762 5210 bonorum.
2788 5160 2919 5210 Haec
2950 5174 3120 5228 porro
3150 5157 3263 5211 tria
3294 5174 3409 5212 non
3442 5157 3611 5212 aliter
3633 5157 3733 5213 ulli
3757 5175 3887 5215 con-

2257 5241 2495 5311 tingunt
2525 5259 2697 5312 quam
2733 5260 2833 5313 per
2861 5244 2973 5299 ista
3015 5249 3287 5315 quatuor,
3335 5262 3586 5315 quorum
3637 5248 3885 5317 primum

2258 5333 2347 5383 est
2380 5345 2392 5383 :
2429 5330 2727 5400 possidere
2757 5332 2989 5387 divitias
3011 5333 3173 5402 juste
3204 5337 3437 5404 partas;
3475 5333 3742 5399 alterum,
3792 5353 3886 5391 eas

2258 5417 2673 5474 administrare
2704 5435 2768 5473 ac
2796 5420 3135 5492 dispensare
3177 5419 3498 5491 sapienter;
3532 5421 3789 5490 tertium,
3822 5441 3886 5479 ex

2258 5505 2328 5559 iis
2361 5521 2596 5577 erogare
2627 5506 3367 5579 indigentibus,prmsertim
3400 5508 3538 5562 dum
3566 5510 3878 5579 postulant:

2259 5592 2368 5649 hoc
2400 5596 2553 5649 enim
2581 5611 2726 5667 Opus
2757 5600 2814 5652 et
2842 5596 2899 5651 in
2932 5595 3039 5651 bac
3068 5597 3183 5652 vita
3212 5595 3351 5651 utile
3379 5601 3469 5651 est
3499 5602 3558 5651 et
3582 5597 3642 5651 in
3670 5599 3876 5668 futura;
