4108 6294
243 358 381 413 1249

1227 354 1582 408 SPECIMEN
1632 352 2030 405 SAPlENTIE
2068 350 2396 403 INDORUM
2439 350 2599 401 VET.

3489 345 3624 399 1250

234 483 515 553 quartum
561 476 831 548 denique,
860 476 918 530 in
950 474 1354 531 occasionibus
1394 476 1464 531 ad
1515 474 1871 546 peccandum
1904 475 1958 539 Α
1988 470 2184 540 puisse
2232 470 2542 524 videatur?
2577 469 2718 524 Huic
2765 468 3083 523 Coronatus
3133 468 3217 523 sic
3274 469 3575 540 respondit
3608 484 3622 523 :

246 566 627 624 invitantibus
659 565 949 619 sustinere
979 580 1040 619 se
1064 581 1096 618 a
1116 563 1285 634 lapsu
1313 564 1650 634 connitique
1682 563 1739 616 in
1773 563 1878 616 hoc

244 654 300 708 vi
332 669 585 708 summa.
615 652 830 706 Horum
865 655 1117 721 quatuor
1145 651 1195 705 si
1227 650 1358 721 quis
1396 652 1483 705 vel
1517 668 1698 705 unum
1734 667 1879 720 pras-

240 741 581 807 termiserit,
619 739 762 794 nihil
795 738 1100 810 perﬁciet;
1146 739 1259 793 nisi
1311 738 1468 793 enim
1517 739 1624 792 erit
1671 738 1883 792 idonea

247 847 423 901 opum
483 828 643 898 copia
693 828 1039 891 instructus,
1073 842 1177 881 nec
1207 826 1397 881 vivere
1444 826 1568 897 ipse
1618 825 1883 891 honeste,

246 934 351 972 nec
386 917 531 971 bene
562 915 692 970 aliis
741 915 951 985 poterit
1000 914 1207 969 facere.
1240 914 1399 977 Quod
1452 915 1500 968 si
1550 912 1880 967 divitiarum

249 1006 485 1076 quidem
537 1003 754 1073 aliquis
800 1002 1021 1057 affatim
1075 1002 1307 1071 habeat,
1346 1002 1496 1056 male
1543 1007 1735 1056 autem
1787 1017 1885 1055 eas

250 1093 620 1148 administret
647 1092 943 1162 vitamque
1000 1092 1284 1162 gubernet
1323 1107 1513 1158 suam,
1543 1091 1656 1146 cito
1688 1091 1886 1160 egenis

253 1180 772 1236 annumerabitur:
807 1194 1042 1233 necesse
1090 1179 1307 1249 quippe
1357 1185 1465 1243 est,
1503 1178 1553 1232 si
1601 1183 1886 1248 quantum

248 1268 542 1339 expendit,
567 1272 865 1337 utcunque
888 1267 944 1321 id
965 1268 1041 1321 sit
1073 1267 1390 1333 modicum,
1418 1284 1530 1322 non
1563 1271 1721 1320 curet
1753 1282 1887 1321 con-

245 1355 415 1410 tinue
464 1356 720 1425 reﬁcere,
755 1355 1087 1409 accessione
1137 1355 1419 1409 damnum
1471 1359 1795 1425 reparante,
1828 1358 1891 1408 ut

247 1442 377 1512 ejus
408 1444 624 1498 sensim
649 1460 740 1498 res
766 1442 1073 1497 familiaris
1098 1447 1381 1497 atteratur
1401 1459 1467 1497 ac
1492 1444 1725 1497 tandem
1757 1459 1888 1496 eva-

247 1536 469 1601 nescat,
501 1530 662 1586 velut
693 1530 958 1598 stibium,
995 1531 1149 1601 quod
1185 1530 1463 1601 paulatim
1514 1530 1890 1584 imminutum

253 1619 314 1673 in
365 1616 677 1689 pulverem,
729 1620 1115 1674 consumitur.
1151 1623 1324 1674 Porro
1373 1620 1421 1673 si
1472 1624 1528 1672 et
1575 1619 1784 1673 divitiae
1833 1619 1890 1671 in

254 1707 737 1778 supplementum
767 1724 1151 1778 expensarum
1192 1707 1591 1777 acquirantur.
1617 1712 1674 1761 et
1700 1707 1758 1761 in
1788 1705 1889 1760 ha-

1982 558 2128 623 Quid
2159 558 2264 612 tibi
2298 574 2431 612 cum
2465 557 2623 611 hisce
2654 556 3003 611 inconsultis
3030 556 3626 626 interrogationibus?

1985 644 2289 700 Enimvero
2331 644 2475 699 nihil
2528 644 2630 699 ulli
2682 651 2948 701 nostrum
2996 645 3314 716 improperi
3363 646 3630 716 contigit,

1985 749 2101 804 quo
2132 734 2328 788 dolere
2357 734 2699 788 debeamus.
2725 733 2836 787 Sed
2870 734 2940 788 ad
2974 734 3124 788 fores
3160 734 3344 788 nostri
3376 733 3529 805 regis
3560 748 3629 787 ex

1984 820 2175 876 ofﬁcio
2208 825 2558 892 apparentes
2580 821 2913 876 dimensum
2940 838 3071 875 cum
3090 822 3203 876 fide
3220 821 3629 893 quotidianum

1988 909 2347 980 accipimus;
2384 910 2444 963 in
2476 925 2679 979 regum
2713 914 2908 964 antem
2943 927 3155 965 arcana
3183 911 3446 965 curiosos
3478 909 3633 978 adji-

1988 1013 2116 1052 cere
2145 995 2368 1060 oculos,
2403 1001 2459 1051 et
2504 998 2845 1052 abscondita
2875 998 3137 1067 improbe
3170 998 3395 1067 rimari,
3428 1002 3637 1068 praeter

1989 1102 2163 1156 quam
2186 1090 2361 1157 captu
2392 1103 2457 1141 ac
2481 1086 2755 1142 facultate
2777 1092 2980 1142 nostra
3005 1089 3197 1157 majus
3220 1088 3500 1158 quiddam
3524 1093 3635 1153 est,

1991 1175 2166 1229 etiam
2198 1175 2456 1245 periculo
2489 1192 2603 1229 non
2627 1180 2814 1229 vacat.
2838 1176 3070 1229 Absiste
3113 1174 3291 1245 igitur
3314 1192 3347 1229 a
3376 1175 3594 1229 talibus
3619 1194 3633 1244 ;

1994 1278 2130 1316 nam
2167 1262 2267 1330 qui
2298 1262 2384 1315 vel
2418 1278 2588 1332 agere
2618 1262 2704 1317 vel
2739 1262 2899 1332 loqui
2931 1279 3047 1316 sua:
3076 1263 3215 1317 sorti
3267 1278 3377 1317 non
3431 1278 3639 1317 conve-

1994 1350 2219 1405 nientia
2242 1352 2755 1413 audebit,omnino
2779 1350 3034 1421 patietur
3064 1352 3215 1421 quod
3235 1351 3406 1406 simio
3429 1350 3636 1406 evenit.

1994 1439 2215 1494 Simius
2247 1439 2426 1506 enim,
2459 1444 2523 1493 ut
2550 1439 2738 1507 aiunt,
2762 1439 3076 1494 observans
3107 1440 3426 1510 aliquando
3456 1441 3636 1511 ligna-

1996 1531 2180 1581 torem
2224 1528 2462 1582 dantem
2496 1543 2734 1598 operam
2766 1531 2971 1581 trunco
3004 1529 3277 1583 ﬁndendo
3310 1531 3638 1586 successiva

1998 1616 2298 1671 adactione
2343 1619 2591 1672 duorum
2643 1632 2982 1684 cuneorum,
3014 1634 3260 1687 quorum
3292 1636 3524 1690 semper
3554 1620 3639 1675 al-

1998 1710 2187 1759 terum
2238 1721 2306 1759 ex
2352 1721 2420 1760 ea
2468 1711 2629 1776 parte
2663 1705 2759 1759 ubi
2793 1703 3099 1760 laxabatur
3138 1707 3434 1762 diductius
3466 1710 3635 1775 rima,

251 1811 387 1850 rum
421 1794 860 1866 dispensatione
896 1795 1038 1849 ratio
1072 1799 1316 1863 constet,
1349 1794 1485 1848 inde
1516 1799 1706 1849 tamen
1751 1795 1894 1848 nihil
1924 1813 1971 1876 B
2003 1794 2059 1846 in
2092 1793 2489 1863 angustiorem
2532 1797 2587 1848 et
2632 1793 2869 1847 tenuius
2900 1793 3155 1849 hiantem
3190 1795 3331 1866 ligni
3367 1798 3637 1853 ﬁssuram

245 1883 549 1937 tribuatur
573 1882 1206 1954 indigentibus,talium
1227 1899 1532 1953 possessor
1560 1882 1894 1937 divitiarum

249 1986 478 2041 pauper
509 1970 895 2041 reputabitur,
932 1976 987 2024 et
1016 1987 1123 2025 sua
1158 1970 1319 2024 illum
1355 1970 1518 2040 copia
1549 1971 1901 2040 disrumpet,

256 2065 328 2113 ut
348 2059 638 2129 contingit
665 2059 724 2112 in
757 2058 1061 2114 canalibus
1079 2062 1179 2112 aut
1199 2057 1416 2113 ﬁstulis
1451 2058 1718 2126 fontium,
1752 2074 1902 2127 quae,

268 2147 508 2218 quando
540 2163 656 2201 non
697 2151 857 2217 patet
901 2147 1089 2201 exitus
1138 2162 1301 2217 aquae
1338 2147 1560 2217 jugiter
1613 2146 1903 2212 inﬂuenti,

271 2239 535 2305 crepant.

347 2341 418 2394 II.
446 2340 542 2395 His
576 2339 739 2411 pueri
769 2340 1007 2410 auditis,
1038 2340 1301 2411 persuasi
1335 2340 1518 2411 patris
1543 2340 1902 2409 auctoritate,

272 2428 673 2499 obtemperare
726 2433 881 2482 recta
931 2428 1191 2483 monenti
1236 2429 1634 2485 decreverunt.
1666 2430 1735 2483 Et
1785 2429 1905 2496 pri-

271 2529 408 2569 mus
465 2532 665 2570 eorum
726 2514 1190 2585 peregrinatione
1244 2524 1515 2586 suscepta
1571 2521 1907 2570 mercaturae

269 2602 477 2670 gratia,
511 2601 671 2658 dedit
701 2620 761 2658 se
791 2603 849 2657 in
881 2603 1033 2657 viam
1078 2604 1299 2658 ducens
1348 2603 1699 2674 plaustrum,
1751 2604 1904 2673 quod

268 2690 426 2744 tauri
457 2691 570 2745 duo
603 2691 932 2746 trahebant.
957 2692 1035 2746 Eo
1072 2691 1279 2745 itinere
1309 2692 1541 2746 devenit
1572 2693 1628 2746 in
1664 2690 1909 2762 paludo-

273 2792 409 2830 sum
442 2777 655 2842 locum,
687 2778 787 2834 ubi
820 2784 1120 2834 taurorum
1153 2778 1298 2834 alter
1327 2780 1463 2834 limo
1495 2780 1743 2835 haustus
1774 2794 1908 2849 pro-

274 2863 499 2919 cubuit.
533 2865 680 2920 Puer
710 2882 843 2921 cum
872 2868 998 2922 suis
1044 2882 1178 2923 eum
1230 2884 1441 2940 magno
1489 2868 1684 2923 labore
1714 2884 1779 2923 ac
1809 2884 1911 2921 co-

274 2955 421 3007 natu
452 2952 572 3007 luto
603 2957 880 3021 extraxit;
927 2960 1197 3010 caeterum
1232 2973 1299 3010 ea
1328 2956 1716 3023 contentione,
1767 2956 1909 3010 dum

272 3040 462 3095 trahit
491 3045 547 3095 et
575 3041 831 3097 vicissim
869 3044 1120 3098 trahitur
1149 3063 1183 3099 a
1212 3044 1418 3113 bestia,
1452 3050 1681 3099 tantum
1713 3044 1908 3115 fatiga-

2008 1881 2345 1935 intrudebat
2376 1896 2390 1947 ;
2442 1882 2641 1952 sicque
2698 1886 2900 1936 trunco
2958 1881 3223 1938 insidens
3252 1886 3323 1939 ab
3360 1903 3473 1940 uno
3510 1889 3638 1955 ejus

2008 1970 2196 2039 capite
2227 1970 2297 2023 ad
2330 1968 2575 2024 alterum
2604 1970 2822 2025 sensim
2854 1971 3198 2039 procedebat
3230 1989 3243 2026 :
3275 1974 3355 2042 id,
3376 1973 3639 2045 inquam,

2010 2056 2308 2112 admirans
2339 2056 2569 2125 simius,
2603 2056 2900 2128 explorare
2948 2058 3085 2128 quid
3136 2067 3401 2129 ageretur
3437 2062 3640 2117 voluit.

2011 2146 2156 2217 Ergo
2204 2144 2362 2217 ligno
2406 2150 2463 2200 et
2509 2146 2635 2217 ipse
2666 2150 2796 2215 post
2828 2146 3053 2201 fabrum
3083 2147 3419 2218 inequitans
3448 2150 3644 2220 inspe-

2010 2234 2202 2288 ctabat
2232 2234 2639 2299 attentissime,
2672 2234 2905 2305 quando
2936 2250 3067 2289 ecce
3097 2236 3532 2292 discedentibus
3562 2238 3645 2293 la-

2012 2321 2127 2375 tius
2185 2321 2526 2392 segmentis,
2569 2323 2829 2392 fragmen
2882 2323 3174 2390 quoddam
3234 2326 3645 2380 acutissimum

2011 2408 2290 2464 curiosuli
2349 2424 2410 2463 se
2469 2408 2825 2480 genitalibus
2873 2409 3083 2463 inﬁxit.
3127 2410 3228 2466 llle
3284 2413 3647 2469 exanimatus

2014 2497 2130 2551 acri
2164 2500 2380 2567 punctu
2413 2496 2629 2551 doloris
2660 2496 2942 2566 ejulatum
2976 2499 3136 2553 dedit
3169 2500 3509 2556 maximum.
3545 2501 3651 2555 Re-

2014 2589 2283 2655 spectans
2305 2585 2373 2637 ad
2396 2600 2608 2639 sonum
2632 2585 3135 2651 faber,molestum
3157 2587 3647 2658 interpellatorem

2014 2671 2207 2740 operis
2249 2670 2437 2743 plagis
2480 2671 2709 2743 egregie
2757 2677 3090 2741 contusum,
3124 2675 3279 2731 calce
3311 2677 3510 2745 procul
3544 2678 3645 2731 ab-

2006 2759 2168 2828 jecit.
2201 2758 2357 2813 Nihil
2390 2758 2592 2815 mitius
2621 2760 2916 2828 impendet
2959 2762 3062 2816 tibi
3114 2764 3163 2818 si
3214 2763 3481 2819 curiosus
3525 2782 3653 2820 esse

2016 2863 2230 2919 pergis.

2088 2970 2182 3024 IV.
2209 2970 2292 3024 Ad
2317 2986 2383 3025 ea
2405 2970 3006 3044 reposuitVestigator
3028 2990 3041 3028 :
3065 2974 3195 3029 Jam
3230 2992 3502 3031 noveram
3526 2993 3649 3047 quas

2017 3074 2252 3125 mones;
2304 3059 2404 3112 sed
2431 3064 2486 3113 et
2517 3058 2660 3112 illud
2710 3060 2861 3113 scias
2889 3061 3087 3129 velim,
3121 3078 3244 3117 esse
3279 3072 3467 3119 tamen
3504 3081 3650 3134 pra:-

269 3138 373 3183 tus
403 3133 510 3226 est,
543 3134 605 3183 ut
632 3131 953 3226 subsistere
1003 3138 1324 3202 cogeretur,
1365 3148 1611 3226 pergere
1662 3132 1906 3226 ulterius
1936 3163 1980 3226 ρ
2020 3146 2241 3200 clarum
2291 3146 2550 3201 attollere
2579 3146 2893 3217 aliquando
2925 3150 3187 3204 animum
3219 3153 3290 3205 ab
3323 3131 3656 3208 humilitate

265 3233 389 3271 non
420 3217 637 3272 valens.
674 3218 802 3289 Ipse
832 3222 1038 3275 taurus
1084 3236 1187 3291 pro
1235 3221 1613 3275 semimortua
1644 3220 1901 3287 relictus,

264 3304 493 3360 sensim
552 3311 781 3375 recepto
838 3306 1046 3377 spiritu
1097 3308 1493 3378 progrediens,
1538 3309 1799 3379 pervenit
1846 3309 1904 3361 in

262 3410 544 3465 campum
580 3394 888 3449 herbosum
922 3395 1186 3466 beneque
1210 3395 1521 3466 irriguum,
1554 3398 1652 3450 ubi
1695 3397 1909 3452 mansit

263 3482 580 3536 attendens
624 3483 836 3550 pastui.
867 3482 981 3537 Nec
1013 3483 1265 3537 multum
1318 3485 1376 3538 in
1430 3485 1620 3539 medio
1651 3489 1905 3555 tempus,

261 3587 405 3624 cum
438 3570 841 3641 impinguatus
872 3570 1345 3641 incrassatusque
1376 3572 1547 3643 coepit
1575 3578 1789 3627 terram
1826 3576 1908 3628 fo-

263 3659 410 3712 dere
441 3658 715 3713 cornibus
738 3664 794 3714 et
823 3660 1086 3729 mugitus
1114 3661 1281 3715 edere
1313 3666 1533 3715 acutos.
1567 3662 1906 3716 Diversaba-

261 3753 371 3803 tur
415 3752 612 3803 autem
661 3765 776 3803 non
807 3748 976 3820 longe
1002 3748 1139 3803 hinc
1168 3748 1254 3804 leo
1287 3767 1385 3804 rex
1418 3750 1764 3819 belluarum,
1800 3768 1910 3804 nu-

265 3852 574 3891 merosum
615 3837 769 3892 circa
811 3853 873 3892 se
920 3837 1140 3892 habens
1194 3837 1534 3892 satellitium
1590 3839 1906 3893 bestiarum

260 3923 469 3979 omnis
492 3924 742 3995 generis.
762 3926 1015 3980 Aderant
1035 3926 1186 3980 enim
1220 3925 1269 3979 ei
1303 3923 1496 3980 leones
1526 3930 1583 3979 et
1614 3926 1755 3993 ursi,
1786 3926 1910 3995 lupi

259 4019 322 4067 et
354 4012 609 4083 lepores,
646 4013 808 4083 pardi
841 4019 896 4067 et
926 4012 1331 4083 vulpes,tboes
1362 4017 1417 4067 et
1445 4012 1909 4083 lycopantheres,

258 4105 612 4171 casteraeque
653 4099 956 4155 brutarum
1006 4100 1395 4156 animantium
1440 4100 1682 4171 species.
1737 4106 1910 4156 Porro

256 4189 355 4243 leo
391 4188 505 4242 iste
527 4203 595 4242 ex
623 4188 817 4242 servili
850 4188 1198 4255 conditione,
1234 4190 1465 4243 fortuna
1496 4190 1751 4261 quadam
1783 4206 1909 4244 eve-

258 4281 403 4331 ctus
434 4277 508 4329 ad
541 4291 805 4347 regnum,
837 4276 992 4331 haud
1025 4278 1241 4348 dignus
1268 4283 1392 4332 erat
1435 4278 1533 4331 illo
1586 4279 1707 4331 loco
1741 4298 1754 4345 ;
1808 4278 1910 4332 sti-

255 4364 529 4435 gmatias
550 4369 605 4418 et
627 4365 952 4434 perforatus
970 4382 1170 4433 nares;
1198 4366 1368 4437 plane
1391 4368 1639 4437 degener
1671 4366 1910 4445 quidam

253 4467 595 4523 expersque
635 4452 881 4509 consilii.
928 4453 1030 4508 Hic
1080 4453 1296 4507 auditis
1353 4454 1506 4509 tauri
1566 4455 1909 4525 mugitibus,

251 4540 395 4595 soni
432 4539 685 4595 minacis
721 4540 1087 4596 vehementia
1134 4541 1439 4612 perculsus
1484 4542 1696 4597 misere
1745 4542 1916 4611 saepit
1949 4512 1992 4575 D

252 4633 527 4682 mstuare
554 4627 859 4698 frangique
889 4628 1083 4683 animo
1110 4645 1123 4694 ;
1158 4628 1529 4684 dissimulare
1572 4634 1767 4683 tamen
1813 4645 1911 4683 cu.

251 4716 415 4770 ravit
433 4714 808 4770 formidinem
833 4715 1190 4785 pudendam,
1214 4733 1284 4772 ne
1305 4715 1733 4771 venerationem
1756 4718 1910 4787 apud

251 4819 410 4859 suos
443 4802 673 4858 detecta
703 4803 930 4872 ignavia
959 4804 1244 4875 perderet.
1293 4804 1465 4861 Stetit
1491 4804 1674 4876 igitur
1703 4821 1819 4860 uno
1850 4804 1910 4859 in

251 4892 392 4947 loco
429 4890 772 4946 immobilis.

329 4997 435 5051 III.
472 4997 840 5066 Apparebant
887 5001 1081 5053 autem
1117 4998 1166 5053 ei
1212 4997 1484 5053 familiari
1534 5014 1907 5054 accensorum

248 5084 606 5141 ministerio
639 5084 807 5141 tboes
851 5085 987 5153 duo,
1022 5102 1270 5157 quorum
1303 5086 1469 5142 alteri
1496 5090 1797 5155 Coronato,
1826 5085 1910 5139 al-

244 5173 367 5228 teri
413 5171 775 5244 Vestigatori
824 5189 1033 5228 nomen
1082 5179 1206 5229 erat
1237 5191 1250 5229 :
1279 5175 1499 5231 versuti
1526 5173 1696 5229 ambo
1727 5177 1783 5227 et
1813 5188 1908 5228 so-

240 5260 479 5326 lertes;
515 5262 613 5314 sed
650 5260 976 5332 Vestigator
1006 5262 1319 5334 aliquando
1353 5262 1597 5318 astutior
1630 5261 1908 5332 pravique

242 5348 474 5414 animi,
500 5349 749 5403 naturali
774 5350 1023 5420 flagrans
1046 5352 1336 5406 desiderio
1367 5366 1461 5406 res
1491 5365 1690 5406 omnes
1720 5364 1910 5420 usque

244 5438 324 5494 ad
353 5435 643 5491 intimum
668 5439 991 5494 scrutandi.
1014 5439 1070 5493 Is
1092 5443 1229 5495 tunc
1260 5441 1544 5495 Coronato
1574 5436 1736 5492 dixit.
1761 5437 1907 5499 Quid

239 5527 559 5587 dicamus,
594 5541 627 5579 o
658 5525 894 5587 sodalis.
929 5544 1058 5582 esse
1085 5544 1273 5583 causae
1303 5544 1403 5582 cur
1434 5527 1528 5581 hic
1577 5528 1665 5580 leo
1714 5528 1910 5580 noster

237 5612 550 5671 dominus
570 5611 948 5670 immobiliter
976 5616 1200 5672 deﬁxus
1230 5621 1441 5688 pra-ter
1469 5630 1689 5670 morem
1721 5614 1909 5669 obtor-

2014 3240 2204 3290 status
2233 3234 2345 3304 sui,
2378 3235 2709 3304 audereque
2766 3236 3026 3307 aspirare
3069 3239 3140 3293 ad
3188 3239 3453 3310 gloriam,
3480 3242 3652 3310 cujus

2012 3323 2113 3393 qui
2163 3322 2311 3376 ﬁunt
2359 3328 2675 3391 compotes,
2708 3328 2764 3378 et
2794 3324 2996 3379 amicis
3041 3328 3323 3395 gaudium
3356 3335 3410 3382 et
3439 3328 3654 3383 invidis

2015 3426 2317 3465 maerorem
2345 3410 2414 3464 de
2446 3426 2506 3464 se
2538 3416 2737 3465 creant
2765 3428 2777 3469 :
2802 3414 2956 3482 quod
2990 3414 3128 3484 quid
3162 3417 3553 3486 praestabilius
3586 3434 3653 3472 ac

2015 3497 2257 3566 majus?
2291 3497 2638 3552 Pusillorum
2690 3516 2860 3568 porro
2910 3506 3083 3572 atque
3128 3501 3291 3557 humi
3324 3505 3651 3576 repentium

2014 3586 2343 3641 animorum
2398 3591 2506 3649 est,
2529 3591 2724 3641 tenere
2754 3603 2815 3641 se
2846 3590 3113 3657 angustis
3145 3592 3381 3657 ﬁnibus,
3415 3598 3652 3648 conten-

2015 3679 2143 3728 tum
2169 3690 2297 3728 esse
2348 3674 2573 3727 modico
2624 3676 2775 3744 quod
2826 3676 3010 3743 adest,
3045 3677 3189 3731 nihil
3222 3679 3376 3734 ultra
3407 3681 3649 3735 ambire.

2013 3761 2157 3815 Nam
2199 3766 2255 3816 et
2304 3760 2466 3815 canis
2500 3761 2617 3815 ossi
2645 3762 2979 3818 aridissimo
3010 3766 3155 3821 forte
3186 3770 3512 3823 occurrenti
3560 3785 3657 3822 ro-

2016 3851 2204 3904 dendo
2238 3866 2438 3904 secure
2480 3851 2761 3916 accubat;
2810 3868 3010 3906 verum
3060 3854 3390 3910 excelsioris
3421 3858 3506 3910 vir
3537 3857 3657 3927 spi-

2018 3940 2188 4004 ritus,
2223 3937 2590 4007 acquiescere
2622 3938 2885 3993 minimis
2912 3941 3246 4011 inﬁmisque
3279 3944 3649 4015 dedignatus,

2016 4042 2363 4097 generosum
2399 4027 2456 4078 in
2490 4041 2551 4078 se
2584 4027 2756 4095 digna
2790 4031 3191 4097 persequenda
3245 4031 3527 4101 impetum
3561 4049 3656 4086 ex-

2018 4115 2197 4184 pedit,
2229 4113 2389 4167 velut
2440 4114 2526 4166 leo
2576 4130 2828 4183 sequens
2860 4114 3137 4185 leporem,
3171 4119 3217 4171 si
3250 4120 3435 4173 obiter
3465 4137 3654 4175 eame-

2021 4202 2111 4258 lus
2134 4200 2464 4266 occurrerit,
2480 4200 2613 4255 huic
2637 4200 2839 4266 instat,
2856 4204 3067 4272 pusilla
3089 4207 3281 4275 praeda
3301 4213 3649 4278 contempta.

2020 4296 2106 4343 An
2132 4289 2323 4342 nescis
2354 4304 2555 4341 canem
2590 4288 2827 4357 quidem
2860 4293 3055 4345 caudae
3102 4293 3441 4349 adulatricis
3495 4302 3650 4350 motu

2021 4375 2237 4440 servili,
2273 4392 2478 4445 panem
2532 4375 2817 4430 cibarium
2869 4377 3173 4446 eblandiri,
3227 4396 3404 4450 seque
3454 4388 3655 4453 putare

2025 4464 2258 4519 beatum
2291 4463 2339 4516 si
2374 4467 2578 4516 nactus
2611 4464 2756 4517 forte
2797 4466 2873 4518 sit
2906 4483 2919 4531 ;
2972 4482 3244 4538 magnum
3290 4474 3491 4525 contra
3538 4470 3656 4525 ele-

2026 4551 2300 4623 phantem
2334 4552 2631 4605 fastidiose
2681 4553 2986 4607 admittere
3037 4556 3217 4609 bonos
3271 4558 3447 4611 etiam
3505 4559 3653 4613 ultro

2021 4638 2245 4693 oblatos
2291 4639 2472 4703 cibos,
2507 4654 2612 4692 nec
2646 4638 2754 4693 nisi
2787 4640 3035 4710 supplici
3068 4643 3159 4696 vix
3190 4645 3425 4699 tandem
3461 4663 3657 4701 assen-

2019 4726 2236 4782 tatione
2284 4731 2578 4781 exoratum
2631 4728 2699 4780 ad
2735 4730 3083 4784 vescendum
3144 4732 3401 4788 adduci?
3457 4736 3653 4806 Apage

2020 4815 2287 4870 sordidas
2337 4813 2637 4883 angustias
2685 4816 3006 4872 constrictas
3045 4818 3103 4871 in
3145 4824 3369 4875 arctum
3418 4823 3651 4890 mentis,

2020 4901 2165 4956 nihil
2199 4900 2351 4955 ultra
2382 4902 2771 4956 necessarium
2792 4903 3116 4960 affectantis
3142 4924 3319 4963 usum
3348 4926 3359 4962 :
3385 4912 3655 4981 mejuvet

2019 4990 2284 5061 adipisci,
2318 5006 2496 5059 supra
2536 4997 2747 5045 sortem
2782 4995 3112 5062 crescendo,
3147 4998 3299 5050 unde
3330 5015 3460 5052 cum
3492 5004 3656 5053 satur

2018 5079 2174 5134 domi
2207 5079 2366 5133 fuero
2388 5077 2446 5131 in
2481 5077 2627 5133 alios
2656 5079 2975 5149 effundam,
3000 5098 3143 5137 aura
3173 5084 3520 5141 mulcendus
3548 5104 3653 5157 po-

2020 5166 2227 5237 pulari.
2251 5170 2368 5221 Hoc
2388 5165 2493 5220 viri
2512 5170 2602 5221 est
2626 5169 3012 5238 magnanimi,
3036 5171 3314 5226 sublimia
3344 5175 3646 5242 tentantis,

2015 5253 2276 5310 liberalis
2307 5270 2320 5307 :
2355 5269 2527 5324 quem
2560 5254 2667 5309 etsi
2699 5271 2870 5312 casus
2914 5261 3047 5313 ante
3092 5263 3326 5329 tempus
3375 5262 3651 5331 praeclara

2017 5348 2320 5398 conantem
2372 5340 2565 5396 fatalis
2622 5343 2913 5413 afﬂixerit,
2970 5346 3172 5416 perdiu
3231 5355 3416 5402 tamen
3476 5350 3649 5420 vulgo

2014 5431 2225 5487 vixisse
2252 5434 2579 5495 censeatur,
2614 5436 2843 5486 tantum
2894 5433 3248 5504 adjungente
3278 5436 3433 5491 fama
3461 5439 3650 5508 spatio

2015 5518 2243 5574 vivendi
2303 5521 2587 5587 quantum
2619 5518 2923 5574 calamitas
2956 5522 3292 5577 detraxerit.
3323 5527 3423 5579 Isti
3452 5534 3649 5581 aulem

2017 5624 2166 5682 quos
2178 5622 2383 5663 narras
2400 5604 2702 5673 minutuli,
2724 5608 3135 5681 circumspecti
3152 5612 3378 5684 trepide
3393 5614 3649 5689 obnoxii,
