4060 6304
511 314 642 381 1251

2015 317 2398 391 Appsnoix.

3899 311 3925 322 ν

3819 309 3955 362 1252

510 438 580 507 ad
614 452 843 490 omnem
901 439 1122 490 motum
1158 435 1276 505 folii
1315 440 1605 507 paventes,
1667 436 1776 505 sibi
1814 436 1947 490 boni
1984 439 2136 507 unis,
2254 442 2391 509 ptus
2424 457 2489 495 ac
2524 442 2723 512 sortis,
2760 441 2923 513 friget
2972 438 3127 511 apud
3156 436 3471 499 audientes
3500 437 3567 489 et
3600 433 3947 517 spernitur.

506 527 709 580 vivunt
736 524 965 596 inglorii
992 528 1047 578 et
1078 524 1303 579 cunctis
1338 525 1729 595 ignorabiles;
1762 524 1848 579 vel
1884 525 1931 589 si
1965 543 2147 595 anno-

508 632 637 669 rum
687 628 997 668 numerum
1035 631 1067 667 a
1098 612 1236 666 leave
1284 612 1679 683 promoverint
1722 615 1791 669 ad
1826 614 2144 680 dexteram,

501 702 560 757 in
594 702 885 773 decrepito
916 700 1051 757 licet
1082 700 1265 770 senio,
1296 701 1441 754 mori
1477 699 1703 772 pueruli
1734 700 2022 761 videntur.

571 810 637 866 V.
671 809 934 865 Occurrit
990 808 1083 863 his
1134 811 1336 862 contra
1391 810 1729 864 Coronatus.
1776 808 1847 863 Et
1893 808 2025 876 ista,
2051 807 2143 862 in-

501 899 730 969 quiens,
753 915 879 968 quae
911 896 1273 963 declamasti,
1299 912 1405 950 nos
1436 911 1689 966 quoque,
1711 912 1743 951 0
1774 896 1943 965 bone,
1976 913 2143 965 nove-

498 1004 732 1052 ramus;
774 991 1047 1040 caaterum
1098 984 1180 1038 sic
1231 983 1399 1051 habe,
1434 1000 1601 1038 suam
1651 1000 1778 1039 esse
1824 984 2139 1055 unicuique

501 1076 880 1130 constitutam
940 1089 1278 1127 mensuram
1330 1070 1612 1127 claritatis
1645 1076 1817 1142 atque
1850 1074 2090 1133 fortunae
2120 1090 2135 1129 :

499 1179 679 1232 quare
709 1161 808 1231 qui
839 1161 989 1214 inter
1019 1159 1331 1214 honoratos
1365 1162 1421 1214 et
1454 1159 1579 1229 ipse
1606 1158 1822 1214 honore
1862 1160 2137 1231 dignatus

498 1251 702 1320 fulget,
728 1254 883 1303 recte
913 1248 1025 1302 sibi
1050 1264 1113 1300 ac
1137 1264 1254 1302 suae
1286 1246 1467 1317 quieti
1498 1246 1878 1312 consuluerit,
1912 1250 1959 1304 si
1994 1267 2131 1320 pru-

499 1339 744 1409 riginem
778 1336 1149 1391 ambitiosam
1171 1336 1515 1405 assurgendi
1534 1336 1711 1391 altius
1732 1352 2134 1408 compescens,

497 1428 557 1481 in
591 1445 695 1482 suo
727 1426 964 1481 sedebat
1012 1425 1197 1495 gradu
1250 1423 1627 1493 tranquillus.
1660 1424 1806 1487 Quid
1848 1442 1980 1496 ergo
2028 1443 2133 1482 nos

494 1518 653 1574 aliud
679 1515 1144 1587 quaeramus,qui
1166 1516 1337 1569 ambo
1358 1515 1600 1585 gratiosi
1621 1517 1770 1585 apud
1807 1517 2129 1588 principem

492 1607 552 1662 in
602 1605 796 1677 amplo
827 1604 1152 1658 ministerio
1182 1604 1530 1658 versamur?
1578 1604 1679 1657 Cui
1728 1605 1836 1658 hoc
1884 1623 2000 1660 non
2045 1611 2133 1661 est

491 1696 654 1761 satis,
688 1693 834 1748 nihil
884 1692 1155 1747 sufﬁciet.
1186 1690 1380 1759 Atqui,
1414 1690 1493 1745 ait
1541 1691 1890 1762 Vestigator,
1925 1710 2129 1750 omnes

491 1782 635 1837 aulae
670 1798 735 1835 ac
767 1781 950 1851 regni,
981 1780 1226 1850 vitaeque
1272 1780 1412 1833 adeo
1463 1796 1527 1833 ac
1579 1781 1783 1834 mundi
1814 1781 2128 1852 dignitates
2162 1796 2206 1865 Β

487 1870 545 1925 in
572 1885 877 1925 commune
908 1871 1317 1939 proponuntur
1348 1868 1586 1937 praemia
1617 1870 1988 1942 merentium,
2009 1874 2128 1930 fru-

490 1963 617 2013 ctus
657 1957 1019 2012 audentium.
1054 1959 1256 2027 Itaque
1312 1960 1593 2026 tanquam
1643 1956 1714 2010 ad
1768 1957 2022 2027 palmam
2067 1963 2127 2017 in

491 2047 681 2102 medio
729 2046 977 2118 positam
1004 2046 1104 2114 jus
1131 2045 1557 2114 arbitriumque
1603 2045 1813 2115 cuique
1856 2053 1945 2102 est
1996 2067 2127 2105 cur-

489 2136 653 2191 rendi
702 2141 759 2191 et
806 2134 1147 2207 experiundi
1205 2134 1346 2205 quid
1405 2134 1607 2203 possit.
1660 2139 1738 2189 Ex
1786 2136 2125 2195 discrimine

490 2242 657 2296 porro
688 2223 953 2295 generosi
992 2229 1048 2279 et
1088 2223 1278 2293 ignavi
1311 2223 1535 2293 patebit
1562 2224 1751 2279 utrius
1782 2224 1948 2280 alteri
1981 2245 2125 2297 pree-

487 2315 739 2384 Optanda
771 2312 1028 2369 conditio
1059 2311 1135 2366 sit
1166 2328 1178 2365 :
1209 2327 1525 2382 generosus
1574 2328 1803 2383 semper
1839 2318 2123 2385 ascendit,

484 2403 733 2475 ignavus
759 2402 1033 2457 continue
1063 2417 1125 2454 se
1157 2399 1454 2468 deprimit.
1489 2400 1631 2454 Cum
1681 2407 1901 2467 autem,
1926 2408 1989 2458 ut
2022 2422 2122 2475 pa-

482 2492 599 2546 lam
624 2496 732 2557 est,
756 2492 1002 2545 arduum
1035 2488 1511 2557 laboriosumque
1533 2489 1611 2542 sit
1634 2489 1693 2543 in
1718 2490 1969 2546 sublime
1993 2492 2120 2558 niti,

483 2580 825 2635 facillimum
849 2594 979 2631 vero
1002 2594 1066 2630 ac
1089 2593 1339 2647 pronum
1371 2577 1643 2631 deorsum
1677 2579 1929 2645 tendere,
1952 2598 2120 2635 nemo

483 2686 597 2723 non
630 2668 783 2721 videt
830 2666 1059 2735 quando
1108 2664 1479 2735 praestantius
1530 2664 2001 2738 laudabiliusque
2044 2670 2123 2724 sit

483 2773 779 2828 emergere
819 2755 875 2809 in
911 2754 1115 2823 altum,
1140 2770 1203 2807 ac
1236 2769 1474 2823 surgere
1503 2755 1725 2819 conari,
1759 2752 1931 2825 quam
1962 2756 2120 2811 desi-

481 2848 613 2901 dere
649 2845 933 2916 patienter
963 2844 1021 2897 in
1053 2843 1279 2897 inﬁmo.
1316 2842 1501 2912 Igitur
1529 2842 1661 2912 quis
1693 2844 1920 2899 dubitet
1951 2846 2115 2915 sequi

480 2950 769 3004 quemque
801 2934 1009 2986 debere
1058 2931 1211 3001 quod
1264 2947 1390 2985 esse
1438 2935 1669 2985 constat
1718 2931 2113 3005 excelleniius,

480 3038 702 3091 nosque
749 3022 891 3075 adeo
926 3020 1055 3074 vilis
1105 3018 1326 3091 inertiae
1371 3019 1754 3087 damnandos,
1788 3019 1836 3072 si
1871 3020 2115 3076 modicis

479 3110 926 3173 indormiamus,
952 3109 1022 3161 ad
1042 3123 1254 3177 magna
1286 3105 1535 3159 invitati.
1562 3105 1837 3177 Equidem
1861 3107 2115 3177 arripere

478 3197 754 3251 constitui
774 3195 1139 3267 occasionem
1164 3192 1459 3253 crescendi
1492 3209 1667 3264 quam
1701 3194 2011 3267 benignam
2036 3198 2115 3267 of-
2145 3159 2187 3224 ϐ

480 3286 585 3338 fert
619 3286 729 3338 ista
761 3281 1008 3336 formido
1042 3280 1263 3334 domini
1293 3279 1499 3349 leonis,
1525 3285 1580 3349 et
1600 3286 1717 3335 tam
1740 3282 1923 3352 ipsius
1942 3300 2116 3355 quam

478 3372 732 3427 cohortis
760 3388 824 3424 ac
856 3370 1167 3439 comitatus
1197 3368 1449 3423 universi
1482 3374 1659 3424 aestus
1708 3374 1881 3440 atque
1927 3372 2118 3443 incer-

476 3461 663 3515 titudo
697 3458 946 3513 consilii.
980 3457 1156 3511 Adire
1206 3456 1371 3510 illum
1409 3458 1579 3527 juvat
1625 3462 1681 3527 et
1723 3461 2114 3529 percontando

475 3548 680 3601 elicere
709 3547 847 3615 quid
881 3546 1108 3615 cogitet.
1144 3545 1284 3608 Quis
1330 3545 1442 3605 scit
1491 3546 1645 3599 enim
1697 3563 1769 3613 an
1822 3564 1937 3621 non
1980 3548 2115 3604 inde

474 3635 620 3689 mihi
680 3637 839 3690 nasci
886 3634 1296 3707 opportunitas
1345 3633 1526 3705 possit
1576 3651 1734 3707 novae
1780 3637 2111 3709 cujuspiam

472 3722 775 3793 dignitatis
808 3722 1207 3792 impetrandae.

536 3829 626 3883 VI.
663 3828 823 3883 Unde
854 3832 1073 3895 autem,
1108 3828 1368 3897 reposuit
1426 3832 1766 3894 Coronatus,
1803 3828 1915 3893 dic,
1949 3845 2108 3885 ama-

465 3918 559 3986 bo,
585 3916 689 3971 tibi
722 3920 971 3979 constat,
1018 3921 1283 3982 aastuare,
1322 3918 1385 3968 ut
1432 3916 1542 3978 ais,
1576 3919 1633 3968 et
1664 3913 1974 3971 formidare
2007 3934 2108 3971 no-

463 4012 650 4060 strum
685 4004 917 4073 regem?
945 4002 1387 4072 Nempe,iuquit
1408 4001 1892 4072 Vestigator,ejus
1923 4005 2106 4059 animi

464 4109 673 4147 sensus
722 4092 968 4145 intimus
1020 4090 1162 4143 mihi
1211 4089 1459 4158 pellucet
1501 4107 1567 4143 ex
1600 4090 1798 4144 habitu
1828 4096 1885 4145 et
1915 4092 2101 4147 vultu.

461 4180 703 4235 Solertis
755 4180 969 4250 quippe
1018 4195 1083 4231 ac
1133 4178 1358 4231 ratione
1407 4194 1520 4231 non
1572 4178 1791 4235 frustra
1849 4181 2103 4249 praedita:

463 4267 672 4322 mentis
705 4273 793 4321 est
822 4282 1035 4319 arcana
1077 4282 1145 4318 ex
1187 4264 1604 4334 apparentibus
1632 4265 1974 4335 intelligere,
2009 4268 2103 4322 ul-

463 4361 668 4425 traque
698 4354 1067 4424 superﬁciem
1127 4354 1469 4422 conjecturae
1507 4354 1684 4407 ductu
1717 4355 1788 4408 ad
1822 4355 2099 4425 introspi-

463 4444 735 4498 ciendum
785 4443 912 4497 niti.
944 4443 1025 4495 Ad
1079 4458 1143 4497 ea
1192 4444 1532 4496 Coronatus.
1567 4442 1652 4495 Tu
1697 4458 1851 4505 vero,
1884 4443 2096 4513 inquit,

463 4548 578 4601 quo
610 4532 987 4585 fundamento
1019 4546 1221 4600 speras
1242 4532 1592 4599 adepturum
1625 4534 1681 4583 te
1710 4511 2098 4601 gratiamﬁleo-
2135 4511 2173 4573 D

460 4622 573 4685 nis,
602 4619 744 4673 nihil
774 4619 823 4672 ei
859 4635 1116 4688 unquam
1170 4618 1456 4687 praecipuo
1488 4616 1682 4672 studio
1713 4618 2098 4687 gratiﬁcatus,

460 4722 646 4777 neque
679 4710 859 4760 artem
891 4706 1109 4759 callens
1141 4704 1302 4759 illam
1335 4704 1716 4775 multiplicem
1748 4722 1814 4759 ac
1843 4706 2095 4775 spissam
2122 4699 2125 4701 ’

459 4794 775 4849 deliniendi
807 4809 1073 4848 sermone
1104 4809 1304 4863 regum
1336 4793 1587 4860 animos,
1620 4809 1995 4865 amoremque
2026 4794 2094 4849 il-

458 4884 648 4938 lorum
695 4883 752 4936 in
804 4885 860 4936 te
898 4881 1151 4935 vertendi
1193 4897 1206 4935 :
1240 4880 1456 4950 quippe
1486 4881 1589 4951 qui
1619 4898 1724 4936 nec
1754 4881 1825 4936 iis
1857 4899 1890 4937 a
1920 4899 2093 4950 puero

460 4972 819 5028 sisimbutus
841 4969 1165 5039 disciplinis
1199 4985 1346 5038 quas
1376 4984 1511 5023 cum
1544 4969 1838 5039 principes
1870 4969 2095 5045 liberali

459 5057 803 5112 educatione
859 5058 1244 5127 perceperint,
1310 5058 1369 5111 in
1425 5056 1499 5109 iis
1556 5055 1732 5113 etiam
1790 5059 2096 5126 requirunt

458 5161 707 5216 quorum
727 5145 1001 5199 familiari
1023 5144 1445 5200 consuetudine
1467 5160 1529 5199 se
1549 5145 1754 5199 ambiri
1774 5147 2090 5215 patiantur,

455 5234 615 5295 Mitte
647 5235 759 5289 ista
792 5249 1065 5303 quaarere.
1098 5233 1427 5303 Vestigator
1465 5233 1569 5300 ait,
1600 5233 1786 5289 dextri
1832 5235 1986 5291 enim
2034 5240 2092 5292 et

457 5322 759 5390 praesentis
815 5320 1032 5392 ingenii
1074 5320 1161 5395 vir
1208 5320 1373 5377 facile
1419 5319 1478 5373 in
1528 5320 1745 5375 talibus
1798 5322 2088 5380 defectum

456 5410 816 5464 educationis
845 5410 1095 5480 supplet,
1124 5407 1304 5479 perite
1333 5406 1673 5463 disserendo
1704 5409 1956 5464 naturali
1990 5410 2088 5479 ju-

458 5496 601 5550 dicio
621 5498 688 5551 do
722 5497 809 5551 his
844 5515 969 5567 qua:
1003 5514 1115 5551 non
1149 5496 1349 5550 didicit
1380 5496 1437 5547 in
1470 5495 1723 5551 scholis:
1758 5497 1855 5569 qui
1891 5502 2084 5553 autem

457 5585 593 5645 talis
624 5602 734 5641 non
769 5596 874 5654 est,
922 5588 970 5643 is
1001 5587 1174 5661 etiam
1210 5590 1549 5657 argumenta
1578 5590 1834 5643 tractans
1865 5588 1957 5644 sui
1987 5605 2083 5645 ca-

2252 528 2336 581 Sit
2385 529 2467 583 ita
2518 546 2676 600 sane,
2710 528 3007 599 respondit
3063 528 3411 593 Coronatus,
3448 524 3665 591 vincas
3729 538 3943 577 omnes

2253 616 2486 686 ingenio
2540 619 2678 689 dum
2720 617 3050 689 disputabis
3081 631 3273 691 coram
3307 628 3446 683 rege
3480 627 3492 666 :
3530 628 3611 665 an
3647 615 3723 665 tu
3763 616 3937 681 putas

2252 703 2437 760 solere
2489 706 2777 779 principes
2822 703 3088 779 amplecti
3121 718 3351 757 summo
3384 704 3591 756 favore
3626 705 3935 771 praestan-

2251 791 2550 848 tissimum
2583 793 2923 865 quemque?
2970 792 3145 861 Atqui
3170 791 3271 846 viti
3320 788 3409 844 illi
3462 799 3615 843 sunt
3667 787 3926 855 similes,

2251 898 2374 951 qua
2400 881 2690 954 pampinis
2723 883 2846 938 suis
2878 881 3058 953 cingit
3089 896 3153 935 ac
3183 879 3422 952 stringit
3470 893 3595 945 non
3654 877 3925 951 nptimas

2249 972 2546 1041 arborum,
2572 975 2671 1028 sed
2705 972 3019 1045 proximas.
3041 972 3281 1026 Favores
3314 968 3469 1041 regis
3500 967 3628 1039 illis
3664 983 3922 1035 servan—

2248 1064 2363 1133 tur,
2398 1062 2493 1133 qui
2536 1062 2743 1117 intimo
2786 1061 2899 1132 ipsi
2946 1061 3343 1131 diuturnoque
3398 1057 3690 1127 convictu
3760 1072 3918 1109 com-

2246 1149 2525 1219 mendati,
2559 1151 2941 1221 praeferuntur
2980 1146 3227 1211 cunctis,
3264 1144 3614 1218 praajudicio
3648 1143 3914 1215 quodam

2244 1236 2496 1308 antiquae
2531 1237 2942 1309 familiaritatis
2978 1253 2989 1289 :
3024 1254 3057 1290 a
3086 1251 3203 1305 qua
3232 1239 3293 1288 tu
3326 1249 3463 1305 cum
3496 1233 3682 1305 longe
3718 1232 3914 1305 hacte-

2243 1340 2355 1379 nus
2415 1326 2690 1395 abt‘ueris,
2726 1342 2908 1381 novus
2934 1323 3156 1379 scilicet
3185 1321 3339 1392 istic,
3371 1322 3554 1399 etiam
3593 1336 3708 1393 pro
3744 1319 3907 1395 igno-

2240 1415 2299 1466 to
2348 1414 2731 1485 negligendus
2778 1411 3109 1484 apparebis.
3142 1411 3224 1465 Ad
3271 1426 3338 1465 ea
3381 1408 3757 1479 Vestigator.
3793 1413 3901 1484 nec

2242 1502 2505 1571 inaudita
2562 1502 2726 1567 mihi,
2785 1517 2889 1561 nec
2946 1499 3113 1566 falsa,
3170 1498 3384 1573 inquit,
3437 1496 3738 1571 disseris;
3795 1513 3897 1550 ca-

2242 1595 2455 1661 terum,
2487 1594 2543 1645 et
2592 1589 2735 1644 illud
2786 1588 2917 1655 novi
2965 1582 3133 1657 istos,
3166 1603 3314 1659 quos
3360 1602 3573 1642 narras
3609 1584 3738 1657 regi
3773 1601 3897 1657 esse

2241 1679 2505 1745 intimos,
2534 1679 2789 1750 primum
2824 1677 3137 1748 aliquando
3169 1676 3240 1745 ad
3272 1691 3402 1749 cum
3437 1690 3759 1747 accessum
3794 1673 3896 1726 ha-

2239 1767 2459 1835 buisse,
2496 1782 2799 1837 nunquam
2848 1768 3018 1837 antea
3065 1764 3242 1830 visos,
3277 1768 3332 1833 et
3363 1777 3431 1829 ex
3462 1762 3681 1833 humili
3723 1762 3796 1835 ad
3834 1762 3898 1814 il-

2235 1856 2352 1911 lam
2403 1855 2799 1926 dignationem
2846 1857 3071 1923 evectos
3106 1868 3119 1923 ;
3153 1851 3358 1923 quidni
3390 1858 3443 1905 et
3470 1866 3581 1921 ego
3616 1850 3892 1905 inchoem

2236 1960 2398 2014 spem
2448 1944 2640 2011 istam,
2675 1948 2731 1998 et
2778 1960 2931 1997 unus
2977 1958 3046 1997 ex
3090 1941 3164 1995 iis
3213 1941 3454 1995 evadere
3503 1940 3889 2009 contendam,

2234 2032 2332 2101 qui
2348 2033 2620 2103 deinceps
2637 2030 3027 2099 familiaritate
3050 2029 3330 2101 principis
3352 2026 3690 2082 honorandi
3709 2024 3889 2079 sunt?

2234 2119 2373 2173 Novi
2421 2124 2614 2187 autem
2660 2127 2712 2191 et
2759 2135 2864 2195 ego
2914 2118 3253 2188 methodum
3314 2116 3551 2187 regibus
3611 2113 3881 2189 plagppdi

2234 2208 2536 2279 praeceptis
2585 2208 2745 2262 hisce
2772 2202 2947 2278 vulgo
2993 2205 3320 2261 celebribus
3349 2207 3691 2277 contentam
3733 2219 3748 2271 ;
3783 2202 3878 2273 Ea-

2231 2300 2383 2367 stum
2444 2296 2650 2373 abjice,
2694 2296 2841 2373 iram
2896 2296 3088 2377 doma,
3140 2290 3558 2365 contumeliam
3627 2292 3876 2365 sustine,

2230 2384 2456 2457 cunctis
2483 2383 2638 2461 cede.
2670 2384 2798 2465 lianc
2831 2374 3145 2457 observans
3192 2378 3508 2443 insinuabo
3543 2396 3641 2457 me
3675 2380 3794 2433 cito
3825 2380 3872 2431 in

2230 2473 2478 2543 gratiam
2536 2471 2836 2545 principis.
2868 2474 2985 2543 Age
3038 2485 3200 2535 sane,
3234 2472 3559 2547 Coronatus
3625 2467 3869 2544 reponit,

2232 2561 2382 2633 ﬁnge
2404 2550 2557 2614 nunc
2581 2559 2830 2631 primum
2853 2564 2908 2625 te
2928 2558 3157 2614 admitti
3191 2558 3260 2611 ad
3294 2572 3685 2631 congressum
3740 2548 3867 2626 quo-

2228 2648 2516 2721 tidianum
2550 2646 2773 2719 domini
2804 2645 3012 2723 leonis,
3047 2646 3334 2723 quomodo
3358 2648 3414 2700 te
3443 2660 3621 2715 geres
3657 2649 3723 2697 ut
3750 2645 3865 2715 ejus

2225 2736 2332 2792 tibi
2365 2736 2635 2803 concilies
2668 2720 2924 2790 amorem
2948 2734 2974 2788 ?
3011 2720 3455 2804 Dicam,inquit
3486 2726 3818 2813 Yestigator
3846 2745 3860 2783 :

2227 2825 2509 2903 principio
2541 2840 2880 2909 pernoscam
2913 2822 3165 2897 indolem
3190 2822 3315 2905 ejus
3338 2816 3403 2907 ac
3426 2812 3738 2909 naturam,
3763 2836 3855 2889 quo

2224 2900 2485 2987 inclinet,
2510 2900 2663 2991 unde
2694 2912 3034 2989 abhorreat;
3068 2900 3194 2991 tum
3226 2900 3711 2987 animadverteris
3743 2926 3851 2981 pro-

2222 3000 2475 3069 pendere
2505 3000 2699 3075 ipsum
2724 3001 2793 3055 ad
2818 2999 3275 3075 aggrediendum
3310 2995 3527 3071 aliquid
3565 2996 3740 3065 utile,
3771 2995 3846 3071 ad-

2221 3074 2353 3142 dam
2386 3070 2657 3143 stimulos
2709 3070 2984 3155 currenti,
3018 3070 3366 3159 magnopere
3398 3070 3605 3155 auctor
3639 3070 3787 3157 ﬁam
3807 3082 3851 3135 id

2227 3176 2434 3253 agendi
2482 3177 2636 3247 quod
2668 3175 2811 3253 vult,
2844 3167 3195 3251 enumerans
3244 3173 3323 3249 rei
3372 3166 3711 3247 commoda,
3746 3187 3857 3241 quae

2226 3250 2326 3318 ubi
2365 3266 2486 3319 voti
2529 3250 2762 3341 compos
2806 3262 3149 3344 perceperit,
3176 3259 3575 3343 melaudabit,
3614 3260 3704 3343 uii
3736 3255 3859 3331 pro-

2224 3352 2741 3425 vidumjmihique
2773 3356 3070 3407 assuescet
3116 3350 3331 3425 ﬁdere;
3381 3346 3620 3422 quando
3666 3353 3860 3421 autem

2224 3456 2543 3515 cognovero
2572 3430 2768 3511 ipsum
2801 3426 3017 3515 aliquid
3053 3440 3209 3511 exitu
3238 3436 3475 3511 noxium
3511 3441 3752 3509 tentare,
3775 3435 3862 3489 de-

2221 3516 2867 3601 hortaborjpericulum
2927 3518 3309 3593 denuntians,
3341 3525 3440 3579 sed
3472 3523 3683 3578 blande
3713 3522 3858 3575 illud

2221 3616 2530 3689 dextreque
2584 3616 2815 3685 faciam,
2848 3619 2913 3668 ut
2961 3614 3342 3691 offensionem
3388 3611 3583 3689 vitem.
3618 3610 3708 3687 S_ic
3761 3628 3856 3665 as-

2221 3708 2527 3759 secuturus
2548 3703 2761 3777 videor,
2787 3707 2954 3758 utme
2975 3701 3063 3758 leo
3086 3706 3260 3771 amet,
3289 3700 3537 3777 aliisque
3564 3698 3855 3771 prgeferat.

2218 3788 2708 3865 Quemadmodum
2742 3790 2898 3845 enim
2928 3790 3149 3863 passim
3183 3776 3452 3865 homines
3482 3782 3708 3863 pictura
3756 3787 3858 3856 de-

2217 3877 2523 3953 lectantur,
2548 3884 2816 3943 naturam
2851 3860 2972 3933 arte
2997 3860 3759 3953 adumbranteﬁesqueuti
3794 3892 3855 3930 se

2216 3964 2466 4022 habente
2496 3967 2803 4039 exhibente
2835 3966 3041 4033 oculis,
3074 3965 3155 4021 ita
3212 3964 3503 4041 principes
3537 3956 3679 4037 puto
3709 3978 3855 4036 gau-

2214 4055 2347 4109 dere
2395 4054 2700 4126 colloquiis
2750 4054 3101 4127 eorum,qui
3137 4057 3436 4108 momenta
3485 4051 3851 4125 negotiorum

2212 4142 2613 4217 ancipitesque
2665 4147 2986 4214 cceptorum
3037 4141 3247 4208 exitus,
3283 4138 3426 4223 ipsis
3471 4139 3669 4217 qualia
3716 4145 3851 4194 sunt

2211 4246 2477 4285 sermone
2535 4235 2970 4302 reprazsentare,
3002 4245 3069 4285 ac
3117 4229 3284 4301 quasi
3337 4229 3607 4300 ﬁgurare,
3661 4229 3847 4298 provi-

2210 4318 2398 4373 dendo
2430 4319 2959 4391 prmmonendoque
2989 4322 3151 4390 grate
3178 4312 3411 4389 norunt.

2277 4442 2396 4497 VII.
2429 4444 2577 4497 Tum
2610 4440 3472 4512 Coronatus,fQuandoquidem
3519 4440 3717 4505 istius,
3746 4440 3842 4505 ait,

2208 4530 2435 4585 consilii
2468 4536 2660 4585 certus
2683 4546 2768 4595 es,
2794 4547 2976 4585 unum
3009 4536 3066 4584 te
3093 4531 3417 4585 admonebo
3452 4545 3465 4583 :
3499 4545 3717 4600 magna
3745 4528 3842 4582 tibi

2210 4635 2357 4688 opus
2388 4618 2583 4688 vigilia
2610 4619 2920 4683 cautionis,
2952 4618 3155 4687 utique
3198 4617 3492 4673 inchoanti
3545 4617 3840 4687 negotium

2208 4707 2553 4776 ambiguum
2615 4706 2929 4776 multaeque
2988 4705 3301 4761 obnoxium
3346 4704 3594 4759 invidias.
3638 4704 3841 4759 Audivi

2207 4794 2494 4864 scriptum
2524 4810 2652 4849 esse
2676 4795 2734 4849 in
2773 4794 2940 4849 libris
2976 4794 3311 4864 sapientum
3344 4793 3513 4848 effata
3547 4793 3843 4847 referenti-

2206 4882 2337 4949 bus,
2358 4881 2470 4935 tria
2498 4882 2763 4951 quaedam
2800 4898 2929 4936 esse
2959 4897 3081 4952 quae
3115 4897 3285 4936 nemo
3313 4881 3574 4951 prudens
3599 4878 3846 4934 libenter

2206 4970 2599 5041 aggrediatur,
2625 4986 2795 5037 nemo
2828 4986 3144 5041 aggressus
3170 4970 3407 5037 innoxie
3431 4968 3646 5035 obierit
3682 4984 3697 5035 ;
3728 4973 3844 5036 tra-

2204 5064 2362 5121 ctare
2410 5059 2617 5123 intime
2665 5076 2799 5121 cum
2856 5059 3144 5131 principe,
3177 5058 3377 5127 bibere
3406 5074 3717 5125 venenum,
3749 5074 3843 5111 ar-

2202 5162 2411 5202 canum
2442 5147 2678 5213 credere
2708 5145 2964 5213 mulieri.
2990 5146 3214 5215 Similis
3244 5147 3401 5213 enim
3432 5146 3705 5217 princeps
3752 5149 3843 5198 est

2198 5234 2398 5290 vertici
2429 5250 2656 5303 amoeno
2687 5234 2772 5303 illi
2804 5235 3041 5315 quidem
3090 5233 3372 5305 uberique
3418 5233 3641 5291 montis
3688 5248 3841 5302 prae-

2198 5324 2357 5399 rupti
2418 5322 2777 5393 protectique
2829 5322 3093 5392 undique
3146 5321 3323 5389 inviis
3369 5321 3635 5392 rupibus,
3669 5320 3842 5388 cujus

2197 5427 2343 5481 apex
2364 5424 2675 5481 supremus
2698 5409 2865 5477 laetus
2889 5409 3595 5481 graminibus,abundans
3622 5407 3837 5479 pomis,

2198 5500 2297 5561 sed
2329 5506 2385 5555 et
2415 5498 2550 5557 feris
2581 5499 2773 5553 omnis
2803 5498 3036 5569 generis
3093 5497 3284 5565 lustra
3312 5497 3430 5553 illic
3459 5496 3840 5562 habentibus,

2199 5587 2668 5658 infestus,aditus
2691 5586 2866 5653 habet
2885 5604 2992 5659 per
3012 5586 3332 5658 praecipitia
3358 5585 3649 5655 difﬁciles,
3680 5600 3837 5649 com-
