4108 6294
298 263 435 319 1253

291 388 669 445 morationem
736 396 1299 463 periculosissimam.
1372 406 1513 462 Vera
1582 428 1803 479 mones,

291 476 626 545 Vestigator,
670 482 769 536 sed
819 486 918 569 qui
968 503 1081 565 non
1131 492 1485 560 periclitatur
1530 504 1699 581 atque
1730 476 1920 570 audet,

292 567 552 619 votorum
584 583 816 638 compos
850 589 1146 646 nunquam
1181 578 1262 633 fit.
1298 567 1801 651 Magnanimorum
1836 596 1923 646 est

290 650 606 710 discrimen
656 674 755 726 pro
803 676 901 731 spe
948 664 1194 734 pacisci;
1235 662 1777 743 circumspectantes
1817 697 1919 734 au-

292 741 407 794 tem
460 744 675 811 omnia,
726 738 843 817 nec.
882 752 1219 818 certaminis
1280 756 1455 827 ullius
1494 762 1686 833 jacere
1736 766 1917 822 aleam

288 828 583 900 audentes,
637 843 788 888 certa
832 842 1023 905 manet
1071 844 1295 899 aeternae
1326 845 1568 904 miseria:
1607 856 1917 922 possessio.

287 913 354 968 Et
390 916 492 971 hoc
524 920 676 974 enim
710 940 814 995 ego
846 942 875 979 e
922 927 1152 984 dictatis
1197 934 1518 1002 sapientum
1560 913 1773 1011 audivi,
1807 944 1920 998 tria

284 1018 405 1057 esse
437 1021 564 1076 quae
613 1025 779 1065 nemo
825 1014 1213 1091 pusillanimis
1260 1025 1629 1094 aggreditur:
1682 1047 1917 1087 conver-

278 1092 392 1146 sari
425 1109 553 1149 cum
585 1097 963 1172 principibus,
998 1121 1138 1161 nave
1171 1110 1344 1165 maria
1390 1116 1675 1185 trajicere,
1728 1138 1919 1192 pugna

284 1183 545 1237 cominus
574 1183 858 1243 lacessere
888 1201 1171 1248 armatum
1204 1183 1530 1273 inimicum.
1565 1183 1916 1275 Duastvideo

282 1270 560 1324 stationes
590 1273 709 1328 viro
729 1280 1098 1347 magnanimo
1122 1287 1463 1356 propositas,
1489 1292 1652 1347 aulas
1676 1311 1915 1365 regnan-

278 1354 449 1423 tium,
498 1364 598 1413 aut
642 1361 984 1421 solitudines
1033 1377 1390 1439 ascetarum:
1442 1354 1591 1434 sicut
1640 1354 1914 1452 elephan-

282 1447 366 1496 tes
420 1447 627 1514 partim
681 1450 736 1504 in
788 1451 945 1535 silvis
1015 1457 1249 1527 degunt,
1320 1466 1524 1532 partim
1581 1470 1637 1523 in
1688 1447 1915 1541 palatiis

274 1528 535 1589 aluntur.
583 1540 733 1604 Herc,
783 1532 907 1610 quis
956 1544 1140 1601 multa
1188 1565 1622 1625 commemoras,
1664 1554 1743 1631 ait
1791 1579 1913 1617 ser-

273 1633 506 1675 monem
540 1622 888 1697 abrumpens
920 1630 1258 1702 Coronatus,
1289 1622 1379 1694 me
1420 1642 1648 1721 quidem
1680 1628 1749 1703 de
1779 1668 1913 1705 sen-

1293 285 1651 343 SPECIMEN
1688 292 2084 377 ΒΑΡΙΕΝᾘᾼΞ
2120 301 2451 357 INDORUM
2492 305 2651 360 VET.

3540 317 3679 371 1254

1850 416 2013 497 ἃὶιᾼ
2045 435 2204 477 error
2254 424 2663 498 imperantium
2717 430 2946 499 publice
3014 434 3397 508 perniciosus,
3446 439 3684 510 dispen-

1996 511 2204 564 sandi
2252 504 2600 585 praepostere
2664 520 2923 589 praemia,
2970 521 3273 594 ofﬁciaque
3342 530 3677 597 mandandi,

2032 602 2397 669 perversione
2446 604 2626 660 multo
2657 606 2897 662 ridicula
2948 612 3129 680 magis
3182 631 3247 666 ac
3301 617 3469 669 noxia
3503 634 3677 689 quam

2030 686 2080 741 si
2157 688 2335 745 tiaras
2410 693 2671 766 pedibus,
2749 695 2971 753 calceos
3046 701 3332 770 capitibus
3391 686 3673 775 aptairent.

2030 773 2211 831 Probe
2241 778 2396 833 enim
2439 790 2734 853 perspecto
2783 786 3069 858 cujusque
3108 794 3272 859 captu
3309 773 3472 847 facile
3504 797 3676 850 tuerit

2028 872 2373 921 ornamenta
2394 869 2623 937 dotibus
2658 888 2787 928 cum
2813 876 3184 947 proportione
3216 883 3674 954 accommodare,

2027 951 2207 1006 vitata
2242 954 2486 1011 stultitia
2515 959 2883 1016 inscitissimi
2931 966 3255 1033 gemmarii,
3291 984 3459 1038 quem
3484 971 3675 1027 ferunt

2028 1038 2404 1110 hyacinthum
2439 1044 2608 1117 longe
2641 1048 3137 1117 speciesissimum
3163 1057 3217 1107 et
3240 1056 3404 1129 pretii
3433 1059 3671 1114 maximi

2026 1129 2165 1196 palaz
2210 1132 2411 1186 annuli
2467 1134 2724 1204 plumbei
2774 1138 3071 1194 vilissimae
3120 1134 3425 1213 indidisse,
3489 1164 3673 1219 eoque

2026 1216 2176 1272 facto
2228 1223 2579 1277 contumelia
2638 1225 2873 1297 quidam
2942 1229 3356 1300 indignissima
3421 1235 3667 1292 violasse

2028 1307 2460 1366 nobilissimam
2494 1304 2804 1384 gemmam,
2850 1316 3184 1386 plustamen
3217 1319 3329 1391 ipsi
3362 1323 3475 1378 sibi
3498 1325 3666 1379 dede-

2026 1394 2176 1450 coris
2208 1399 2576 1456 conscivisse.
2617 1401 2788 1458 Tanti
2820 1406 2990 1459 refert
3024 1412 3190 1464 notos
3243 1410 3475 1478 penitus
3506 1415 3666 1483 prin-

2026 1484 2137 1554 cipi
2181 1485 2458 1558 subditos,
2540 1490 2872 1569 imperatori
2943 1494 3155 1571 milites
3225 1516 3384 1553 esse:
3451 1501 3665 1573 quippe

2025 1586 2329 1627 successus
2365 1577 2730 1647 negotiorum
2762 1585 2817 1633 et
2848 1580 3132 1638 bellorum
3168 1586 3505 1657 plerumque
3525 1582 3664 1661 pen-

2025 1659 2223 1733 dente
2251 1668 2405 1717 certo
2433 1669 2488 1719 et
2532 1668 2804 1739 prudenti
2850 1666 3075 1724 delectu
3108 1661 3446 1729 idoneorum
3500 1659 3670 1731 adbi-

1090 1714 1093 1717 γ
1434 1708 1449 1713 _
1638 1716 1641 1721 ί
2030 1708 2163 1714 ..-,.,
2196 1708 2220 1733 .'
2253 1708 2403 1717 -,.,.ν
2434 1708 2488 1719 ν.
2532 1708 2804 1739 ιμιιυιιυμγι
2851 1708 3075 1724 υυιυυιυ
3108 1708 3446 1729 ιυυηῠυιυιυ
3500 1708 3669 1731 auul'

270 1708 447 1837 tenti'a
480 1727 594 1766 non
636 1714 951 1786 dimovent;
1000 1723 1058 1775 tu
1110 1723 1221 1793 abi,
1266 1732 1320 1781 et
1359 1730 1445 1783 fac
1477 1737 1540 1805 ut
1569 1735 1653 1790 vis
1683 1741 1781 1794 tuo
1809 1757 1911 1811 pe-
1945 1764 1994 1837 B
2026 1745 2278 1821 bitorum
2307 1755 2378 1823 ad
2416 1766 2514 1807 eas
2550 1770 2640 1823 res
2673 1757 2979 1827 gerendas,
3027 1776 3151 1830 quae
3201 1763 3250 1817 si
3304 1764 3482 1819 cuivis
3526 1766 3669 1822 forte

276 1808 394 1837 rlmr
428 1814 459 1837 n
1500 1822 1503 1825 ν

276 1794 478 1851 riculo.

340 1919 487 2012 Ytll.
554 1924 861 1995 Digressus
926 1931 1034 1986 sub
1097 1933 1219 1990 haec
1292 1938 1628 2012 Vestigator,
1692 1949 1912 2010 leonem

269 2008 495 2075 adiens,
529 2014 986 2080 profundissime
1032 2021 1285 2089 primum
1334 2008 1622 2087 adrorav’t.
1648 2039 1749 2092 Cui
1783 2040 1909 2098 leo:

276 2094 433 2150 Heus
482 2104 568 2165 tu,
619 2100 829 2171 inquit,
884 2106 980 2161 ubi
1022 2108 1245 2169 latuisti
1296 2119 1549 2175 tandiu?
1597 2094 1912 2197 Respondit

278 2184 627 2254 Vestigator:
676 2194 919 2251 Assidue
965 2198 1157 2255 adstiti
1206 2204 1275 2259 ad
1327 2209 1509 2277 regias
1561 2184 1907 2289 tuas‘l‘ores,

274 2270 537 2328 intentus
567 2276 625 2333 in
650 2283 1010 2339 occasionem
1043 2291 1315 2346 navandae
1344 2310 1526 2365 operte
1548 2300 1606 2356 in
1632 2270 1906 2377 quopiam

272 2359 550 2430 obsequio
603 2368 918 2435 majestatis
975 2378 1104 2429 tuae.
1151 2378 1276 2433 Scio
1325 2384 1481 2441 enim
1528 2405 1625 2445 vos
1646 2359 1906 2464 ‘malgnos

273 2463 434 2516 reges
484 2452 777 2511 interdum
828 2459 1171 2526 quibusdam
1231 2484 1399 2539 egere
1442 2452 1906 2540 ministeriislvi-

268 2534 412 2590 lium
454 2556 854 2613 personarum,
891 2564 993 2603 nec
1025 2568 1154 2606 raro
1187 2558 1463 2624 quosdam
1495 2582 1525 2618 e
1572 2568 1706 2624 fasce
1750 2575 1905 2645 vulgi

268 2623 531 2645 .-ηιξ-μμ
560 2644 569 2645 κ
887 2635 896 2644 ·
1113 2641 1145 2645 ·“

267 2623 579 2681 utilissime
605 2635 898 2701 cooperari
934 2641 1179 2709 negotiis
1206 2623 1494 2707 maximis
1527 2673 1541 2720 ;
1576 2671 1759 2729 eoque
1788 2623 1903 2720 noon

265 2716 559 2820 aspernari
590 2734 849 2793 summos
896 2724 1269 2797 imperatores
1316 2716 1628 2799 humilium
1665 2716 1901 2820 quoque

265 2798 674 2859 clientulorum
708 2818 969 2880 prompta
998 2814 1057 2870 in
1090 2821 1386 2878 servitium
1419 2798 1901 2897 ipsorumjstudia

265 2887 417 2942 sicut
447 2890 538 2943 cui
586 2894 773 2962 prurit
822 2900 1097 2968 auricula,
1148 2910 1423 2978 stipulam
1473 2933 1896 2995 nonnunquam

267 2976 445 3031 humo
478 2979 705 3047 tollens,
768 3001 834 3039 ea
865 2988 946 3055 uti
970 3007 1083 3047 non
1115 2976 1465 3068 dedignatur
1495 3008 1553 3061 in
1578 2976 1897 3072 aurejsc'al:

263 3068 451 3164 panda
482 3074 918 3164 purgandaque.
951 3078 1111 3150 Papae
1138 3082 1149 3137 Ξ
1183 3088 1466 3149 exclamat
1498 3095 1618 3153 haec
1650 3068 1892 3164 audiens

259 3155 331 3251 ad
384 3155 696 3265 familiares
753 3161 862 3258 leo,
915 3182 1088 3265 quam
1140 3175 1386 3240 probum
1434 3155 1941 3265 ρωάρηιέῶἔᾶἑῖ

254 3242 443 3297 virum
461 3244 743 3311 hactenus
762 3248 1160 3319 ignoravimus
1181 3260 1193 3316 l
1212 3261 1392 3320 Credo
1415 3242 1707 3344 equidem,
1727 3242 1894 3339 mdlti

254 3329 469 3384 talesin
486 3332 711 3387 occulto
729 3344 987 3394 marcent
1002 3344 1100 3413 qui
1127 3349 1346 3417 optimo
1363 3329 1590 3423 publico
1604 3329 1890 3426 infe—mam

250 3419 670 3493 extrahantur:
722 3425 1026 3498 nimirum,
1080 3436 1143 3487 ut
1174 3419 1380 3505 prunis
1423 3445 1615 3504 cinere
1663 3454 1889 3515 obrutis

249 3516 475 3576 ventus,
509 3517 609 3565 aut
639 3529 810 3568 casus
844 3518 1057 3590 aliquis
1098 3540 1244 3593 opus
1276 3535 1383 3593 est.
1418 3550 1519 3603 per
1548 3556 1738 3612 quem,
1774 3549 1887 3604 dif-

246 3595 382 3650 ﬂata
423 3601 535 3652 sub
587 3617 701 3669 qua
752 3603 1028 3671 jacebant
1087 3613 1298 3683 favilla,
1351 3595 1890 3703 lucem‘esp—l’ic‘ent

244 3701 435 3754 suam,
489 3703 735 3759 aereque
786 3695 1118 3763 potiantur:
1156 3702 1236 3759 ita
1280 3707 1435 3765 hunc
1481 3695 1741 3783 quaedam
1787 3726 1887 3782 de-

243 3788 402 3828 mum
434 3774 667 3845 fortuna
699 3795 1047 3850 congressus
1088 3794 1269 3845 nostri
1301 3794 1359 3850 in
1394 3774 1660 3862 notitiam
1694 3818 1886 3880 protu-

242 3861 324 3927 lit,
355 3863 667 3934 indignum
701 3869 953 3937 profecto
997 3877 1097 3942 qui
1125 3878 1346 3936 lateret.
1382 3890 1454 3941 Ex
1487 3890 1577 3948 his
1610 3861 1673 3952 ut

239 3949 565 4022 Vestigator
598 3955 748 4010 haud
800 3975 860 4013 se
911 3962 1215 4033 displicere
1264 3972 1534 4047 principi,
1587 3949 1879 4045 tantbvaii:

239 4038 472 4095 dentius
534 4043 891 4100 subintulit:
972 4051 1181 4109 Vellem
1259 4038 1546 4137 equidem,
1623 4076 1877 4144 domine,

239 4128 392 4195 quod
426 4145 455 4183 e
480 4146 541 4184 re
575 4136 671 4184 tua
698 4138 756 4186 et
786 4136 1014 4203 publica
1062 4128 1324 4201 futurum
1357 4128 1624 4228 arbitror,

234 4218 366 4269 tuos
415 4234 621 4272 omnes
653 4222 908 4289 proferre
936 4230 1089 4296 apud
1124 4235 1177 4285 te
1207 4238 1452 4296 candide
1485 4218 1690 4305 sensus
1736 4252 1878 4310 inti-

236 4318 360 4357 mos
391 4321 634 4360 suorum
658 4310 1006 4381 animorum,
1039 4321 1429 4387 etpraesertim
1464 4332 1522 4387 in
1557 4342 1875 4398 occasioni-

231 4390 340 4446 bus
371 4408 566 4448 rerum
616 4400 1014 4470 gerendarum,
1062 4408 1199 4475 quid
1249 4421 1571 4490 convenire,
1605 4429 1737 4496 quid
1769 4449 1872 4487 ex-

231 4481 429 4548 pedire
477 4482 745 4552 judicent
790 4489 994 4545 edere:
1066 4510 1197 4551 nam
1254 4501 1383 4558 hinc
1434 4481 1749 4573 liet'u‘tﬂeﬁt
1773 4481 1865 4577 ab

229 4572 424 4623 exacta
466 4571 675 4640 judicii
732 4575 812 4629 tui
883 4594 1121 4636 censura
1182 4601 1536 4667 unaquaeque
1574 4571 1864 4667 sent—entia

228 4662 424 4713 notam
476 4675 581 4714 suo
631 4663 836 4718 merito
886 4680 1301 4737 congruentem
1378 4662 1643 4756 accipiat,
1694 4662 1863 4755 erit;

227 4747 516 4815 personis,
550 4748 714 4818 ipsis,
749 4752 889 4822 quid
913 4754 1131 4814 valeant
1162 4778 1229 4817 ex
1263 4766 1417 4825 hisce
1447 4747 1862 4845 speciminibus

228 4832 469 4889 solertiae
502 4853 569 4892 ac
592 4839 879 4909 sapientiae
903 4845 1206 4919 cujusque,
1237 4859 1437 4914 notitia
1460 4832 1589 4921 eum
1614 4872 1860 4947 principi

228 4925 345 4947 lum
374 4926 599 4947 ...Α-..ιηζ
652 4932 824 4947 _.___1,
1006 4937 1013 4947 .
1058 4936 1067 4945 -
1345 4945 1373 4947 η

227 4925 348 5026 Lam
374 4926 602 4980 senatui
652 4932 907 4999 paretur,
960 4936 1219 5007 utrisque
1275 4945 1431 5002 utilis
1478 4954 1549 5008 ad

224 5005 527 5068 Enimvero
559 5016 745 5083 quoad
778 5020 1007 5076 semina
1050 5025 1207 5081 varia
1239 5036 1400 5090 terrae
1429 5005 1743 5104 comngissa
1798 5054 1859 5108 in

222 5094 350 5149 sinu
381 5100 501 5153 arvi
551 5101 916 5177 delitescunt,
963 5111 1121 5168 nullo
1170 5118 1359 5178 adhuc
1402 5132 1660 5197 germine
1705 5094 1858 5196 fora;

220 5182 419 5253 misso,
454 5204 559 5244 nec
587 5191 659 5245 de
689 5193 962 5263 qualitate
991 5199 1251 5270 ipsorum
1284 5227 1386 5267 nec
1402 5182 1487 5273 de
1539 5223 1647 5277 soli
1688 5227 1856 5283 uber-

220 5274 337 5326 tate
378 5275 669 5378 judicium
723 5282 857 5381 ferri
903 5292 1121 5346 certum
1185 5303 1419 5367 potest:
1485 5274 1646 5365 idem?
1686 5274 1857 5384 plane

217 5373 325 5412 usu
350 5365 503 5421 venit
525 5364 580 5418 in
611 5367 882 5437 ingeniis,
903 5388 1029 5442 quae
1069 5384 1265 5449 qualia
1300 5391 1421 5447 sint
1440 5364 1739 5465 ignoreturr
1761 5422 1857 5462 ne-

214 5463 375 5551 cesse
424 5456 531 5519 est,
586 5457 766 5512 donec
814 5476 1057 5521 arconos
1109 5456 1521 5551 cogitationum
1570 5488 1740 5548 foetus
1792 5495 1853 5550 in

210 5533 403 5592 lucem
453 5544 811 5602 enuntianda
884 5533 1281 5621 produxerim.
1355 5548 1503 5629 Hinc
1574 5577 1853 5639 vitabitur

1948 1840 1959 1847 ‘
2022 1838 2349 1909 pecurrenti
2378 1844 2436 1909 et
2466 1841 2664 1912 ignoto
2712 1848 2928 1917 temere
2980 1848 3482 1923 commendentur,
3536 1872 3668 1910 cor-

2022 1925 2217 1995 rumpi
2249 1927 2516 2003 foedoque
2547 1931 2704 1986 exitu
2736 1933 2999 1999 damnari
3033 1953 3268 2011 necesse
3301 1941 3395 1995 sit.
3424 1942 3662 1999 Univer-

2020 2011 2131 2069 sim
2199 2022 2388 2071 autem
2452 2020 2785 2091 promiscua
2834 2027 2889 2077 et
2942 2024 3297 2099 inexplorata
3350 2030 3662 2088 multitudo

2017 2102 2310 2175 praeclaris
2339 2105 2531 2181 inepta
2572 2109 2925 2187 facinoribus
2970 2117 3077 2169 est.
3140 2116 3347 2185 Palmae
3400 2119 3655 2191 illustres

2018 2206 2373 2263 operumque
2405 2195 2819 2275 immortalium
2852 2217 3128 2258 mansura
3159 2203 3216 2259 in
3239 2222 3418 2262 mvum
3453 2210 3661 2265 decora

2017 2294 2337 2353 paucorum
2371 2283 2488 2355 fere
2538 2302 2602 2340 ac
2644 2289 2851 2358 praevia
2903 2290 3115 2359 notisia
3163 2293 3216 2346 in
3268 2298 3661 2366 experimenta

2013 2369 2425 2441 productorum
2484 2374 2678 2447 virtuti
2747 2382 2919 2449 atque
2994 2380 3292 2437 industriae
3353 2386 3655 2444 debentur.

2013 2455 2103 2509 Sic
2153 2472 2395 2527 gemmae
2447 2463 2696 2535 parvulae
2742 2472 2935 2522 vastas
2978 2485 3253 2525 saxorum
3303 2478 3401 2527 aut
3448 2475 3657 2532 similis

2013 2544 2272 2613 cujusvis
2304 2551 2558 2622 materiae
2607 2552 2791 2625 moles
2838 2572 2943 2627 usu
2997 2574 3062 2611 ac
3106 2560 3289 2627 pretio
3333 2561 3503 2633 longe
3553 2581 3651 2619 su-

2012 2639 2234 2701 perant.
2270 2638 2404 2709 Quae
2438 2644 2802 2715 reputantem
2838 2643 2999 2698 decet
3052 2648 3395 2720 principem,
3433 2651 3652 2723 nullius

2009 2719 2120 2774 sibi
2141 2723 2531 2801 subjectorum
2552 2732 2924 2807 quantamvis
2946 2719 3337 2811 humilitatem
3360 2720 3650 2811 sortisque

2007 2809 2347 2877 tenuitatem
2382 2814 2458 2883 ita
2492 2804 2808 2887 despicere,
2858 2825 2922 2889 ut
2969 2804 3316 2893 cognoscere
3370 2828 3508 2897 quid
3561 2830 3649 2884 in-

2006 2899 2101 2951 tus
2134 2898 2343 2955 habeat
2372 2918 2485 2958 non
2518 2894 2698 2975 curet.
2737 2908 2915 2975 Parvr
2944 2910 3100 2965 enim
3141 2928 3272 2983 cum
3314 2915 3383 2988 ad
3438 2933 3650 2987 magna

2005 2986 2326 3058 conferunt,
2363 3007 2557 3061 parva,
2591 2999 2657 3048 ut
2682 2995 2854 3067 vulgo
2888 2996 3118 3073 dicitur,
3154 3016 3280 3075 esse
3329 2986 3639 3062 desinunt:

2007 3074 2161 3128 unde
2188 3092 2289 3145 par
2305 3082 2392 3133 est
2414 3081 2775 3152 recipublicaz
2800 3086 3173 3157 prmpositum
3192 3074 3306 3163 non
3330 3106 3427 3146 eos
3453 3093 3639 3148 solum

2005 3176 2113 3216 sua
2144 3163 2530 3227 familiaritate
2571 3170 2820 3245 dignari,
2881 3174 2978 3244 qui
3027 3191 3237 3246 genere
3284 3183 3385 3233 aut
3435 3180 3640 3251 Opibus

2000 3250 2366 3323 praefulgent,
2398 3257 2495 3323 sed
2545 3260 2600 3325 et
2645 3274 2743 3313 eos
2787 3261 3096 3333 admittere
3142 3280 3288 3335 quos
3337 3250 3516 3321 animi
3569 3286 3632 3324 ac

1999 3343 2217 3407 naturae
2250 3343 2411 3397 dotes
2443 3344 2831 3402 instrumenta
2875 3350 3242 3419 publicorum
3288 3358 3630 3412 commodo-

1995 3442 2125 3481 rum
2178 3434 2314 3499 apta
2360 3432 2659 3501 efﬁciunt;
2708 3452 2773 3489 ac
2823 3452 3011 3508 neque
3068 3443 3364 3503 attendere
3413 3446 3481 3498 ad
3533 3462 3629 3502 eos

1992 3518 2217 3570 tantum
2250 3533 2393 3587 quos
2425 3520 2576 3583 circa
2606 3539 2667 3579 se
2688 3523 2879 3591 habet,
2904 3543 3103 3582 verum
3135 3530 3429 3601 explorare
3459 3533 3631 3607 longe

1992 3606 2277 3675 notosque
2319 3623 2384 3661 ac
2446 3615 2781 3667 numeratos
2838 3613 3051 3671 habere
3099 3617 3339 3685 solertes
3388 3606 3629 3692 gnavos,

1989 3692 2325 3765 ubicunque
2357 3696 2590 3761 demum
2626 3700 2845 3767 vivant,
2885 3704 3237 3777 eosdemque
3281 3707 3339 3761 in
3370 3713 3630 3781 tempore

1988 3795 2301 3837 accersere.
2348 3784 2508 3851 Sicut
2557 3787 2736 3855 enim,
2786 3790 2920 3861 licet
2964 3793 3131 3848 nobis
3181 3796 3420 3866 propius
3482 3798 3627 3851 nihil

1989 3868 2303 3939 intimeque
2322 3873 2389 3927 ad
2403 3873 2613 3930 motius
2633 3892 2807 3945 quam
2833 3895 3046 3951 corpus
3069 3886 3124 3935 et
3147 3883 3407 3955 membra
3426 3890 3625 3940 nostra

1988 3956 2081 4025 sit,
2118 3966 2309 4016 tamen
2341 3978 2471 4016 cum
2506 3963 2625 4018 haec
2658 3966 2875 4022 turbari
2910 3969 3109 4023 morbo
3145 3970 3473 4042 contigerit,
3510 3988 3620 4027 me-

1986 4045 2312 4102 dicamenta
2339 4065 2368 4103 e
2402 4049 2721 4124 longinquo
2752 4056 3132 4126 requirimus.
3166 4074 3266 4128 per
3289 4076 3410 4129 quis
3442 4077 3616 4115 suum

1984 4131 2056 4186 iis
2100 4141 2619 4206 temperamentum
2651 4149 2708 4196 et
2754 4143 2911 4212 prior
2941 4144 3219 4200 habitudo
3269 4152 3618 4217 reponatur:

1982 4219 2068 4275 sic
2090 4223 2284 4294 pigere
2297 4226 2701 4305 dominantem
2732 4248 2845 4287 non
2865 4232 3054 4300 debet,
3081 4234 3620 4305 peregreinterdum

1982 4324 2239 4378 quaerere
2270 4315 2369 4383 qui
2400 4317 2733 4387 reipublicae
2778 4321 3087 4377 consulant
3136 4323 3289 4392 quod
3333 4339 3483 4393 saepe
3516 4325 3619 4379 do-

1981 4398 2203 4453 mestici
2236 4402 2430 4458 minus
2461 4413 2729 4475 possunt.
2764 4414 2957 4463 Mures
3002 4408 3060 4462 in
3112 4409 3345 4479 palatiis
3385 4419 3438 4465 et
3486 4428 3618 4467 nas-

1900 4459 1944 4523 D
1979 4491 2192 4541 cuntur
2239 4494 2297 4544 et
2342 4459 2540 4547 vivu‘nt
2600 4496 2857 4564 adeoque
2904 4514 2972 4551 ex
3024 4459 3223 4558 eadem
3277 4498 3620 4572 plerumque

1976 4588 2130 4642 penu
2178 4593 2311 4633 cum
2374 4582 2739 4654 principibus
2800 4592 3151 4641 vescuntur:
3186 4587 3479 4641 neminem
3530 4594 3616 4642 ta-

1976 4679 2110 4720 men
2133 4664 2251 4721 vidi
2265 4668 2595 4740 principum
2622 4671 2722 4741 qui
2745 4674 3191 4729 contubernales
3207 4677 3423 4730 sorices
3437 4692 3611 4746 quam

1976 4753 2179 4820 procul
2212 4755 2271 4808 in
2304 4756 2467 4811 silvis
2501 4774 2568 4814 ac
2600 4762 2898 4817 montibus
2945 4767 2999 4817 et
3029 4768 3185 4818 ortos
3236 4767 3290 4817 et
3337 4764 3614 4820 educatos

1974 4842 2276 4911 accipitres
2334 4844 2486 4915 pluri
2531 4849 2795 4904 aestimet.
2848 4850 2970 4911 Imo
3025 4851 3169 4917 istae,
3218 4850 3349 4906 licet
3397 4853 3455 4907 in
3514 4870 3612 4923 pe-

1973 4931 2296 4989 netralibus
2327 4936 2535 5004 genitis
2570 4937 2842 5009 altaeque,
2878 4941 3122 4995 sordida:
3155 4958 3218 4995 ac
3258 4942 3480 4997 furaces
3511 4943 3613 4997 be-

1972 5018 2154 5074 stiolae
2182 5028 2582 5092 spernuntur;
2617 5028 2955 5099 peregrinus
2989 5028 3086 5083 ille
3113 5046 3179 5083 ex
3209 5030 3329 5084 suis
3361 5030 3516 5102 agris
3548 5047 3613 5085 ac

1970 5108 2271 5165 montibus
2306 5120 2537 5182 propter
2570 5115 2877 5171 utilitatem
2930 5116 3073 5172 falco
3128 5119 3449 5188 expetitur;
3484 5136 3611 5189 per-

1971 5196 2081 5251 dus
2154 5198 2305 5267 regie
2372 5202 2651 5271 pascitur,
2735 5204 3134 5277 principisque
3201 5222 3351 5276 saepe
3426 5207 3610 5277 ipsius

1967 5283 2205 5340 brachio
2234 5292 2513 5357 gestetur.

2038 5409 2134 5463 IX.
2174 5410 2299 5465 Haac
2332 5410 2526 5469 locuto
2580 5416 2960 5489 Vestigatore,
3004 5417 3376 5473 vehementer
3421 5419 3606 5473 admi-

1968 5513 2102 5552 rans
2131 5498 2241 5566 leo,
2274 5516 2589 5559 conversus
2618 5507 2684 5559 ad
2711 5505 3025 5562 familiares
3057 5506 3239 5561 dixit:
3288 5506 3460 5573 Plane
3481 5508 3605 5577 jam

1963 5600 2282 5655 persuasus
2304 5605 2460 5660 sum,
2494 5592 2705 5650 debere
2732 5594 3052 5666 principem
3079 5612 3194 5653 non
3236 5599 3608 5661 contemnere
