4108 6294
479 340 614 394 1255

1970 338 2351 391 ΔΡΡΕΝΒΙΧ.

3716 338 3861 394 1256

473 467 628 522 viros
677 466 995 522 industrios
1049 469 1106 519 et
1158 464 1391 520 dotibus
1460 463 1731 534 praeditos
1795 461 2486 532 praeclaris,Abecillem
2531 462 2981 534 instabilemque
3042 463 3296 518 turbavit
3362 464 3647 518 animum.
3706 466 3855 528 Quid

472 557 645 611 etiam
678 555 727 609 si
758 555 963 608 inﬁma
991 562 1141 608 sorle
1173 569 1239 606 ac
1270 554 1404 607 faece
1447 550 1607 621 vulgi
1663 551 1817 617 sint;
1871 551 1973 604 sed
2021 554 2108 604 ta-

474 642 559 698 les
582 647 637 697 et
658 642 903 713 negotiis
925 640 1201 696 adhibere
1223 645 1280 694 et
1302 640 1624 695 honoribus
1656 639 1903 703 afficere,
1938 642 2111 708 prout

472 733 633 803 digni
660 737 821 801 sunt,
849 740 1142 801 utcunque
1173 731 1361 785 caeteri
1394 745 1598 784 omnes
1648 728 1701 782 id
1754 726 1992 782 moleste
2023 726 2107 779 fc-

470 825 618 875 rant.
652 821 730 875 Ea
759 821 933 875 verba
964 836 1177 873 novum
1229 818 1580 889 Vestigatori
1612 825 1664 872 et
1696 815 1900 870 fortius
1932 829 2108 884 quam

467 908 659 977 priora
688 914 1098 977 argumentum
1134 906 1366 960 fuerunt
1395 906 1457 959 ad
1484 902 1932 973 intelligendum
1959 901 2107 955 bene

470 996 740 1051 affectum
772 1011 907 1065 erga
938 1011 1066 1049 sese
1096 995 1319 1049 leonem
1341 1008 1488 1060 esse,
1513 1009 1576 1046 ac
1600 1008 1712 1045 non
1745 1005 1950 1060 parum
1975 1005 2108 1059 pro—

470 1100 719 1155 pensum
742 1084 814 1137 ad
846 1083 1156 1137 favendum
1190 1082 1340 1152 ipsi;
1375 1085 1801 1150 quaretempus
1826 1078 1881 1130 id
1906 1080 2107 1146 aptum

470 1176 634 1226 ratus
666 1188 797 1226 cum
828 1171 925 1225 illo
959 1172 1139 1225 libere
1170 1170 1401 1239 agendi,
1433 1184 1692 1223 seorsum
1726 1184 1789 1222 ac
1841 1167 1968 1221 sine
2018 1181 2108 1220 ar-

469 1259 639 1313 bitris
670 1263 1018 1313 conventum
1050 1258 1142 1312 his
1174 1258 1365 1311 verbis
1410 1256 1763 1326 alloquitur:
1800 1254 1950 1319 Quid
1998 1258 2105 1320 est,

474 1364 504 1401 ο
539 1347 791 1414 domine,
828 1347 982 1417 quod
1007 1346 1182 1416 longo
1213 1346 1333 1413 jam
1366 1349 1623 1414 tempore
1662 1345 1943 1398 immotus
1987 1358 2105 1396 ma-

474 1451 599 1503 nes,
632 1450 734 1490 nec
764 1451 833 1489 ex
862 1433 986 1488 loco
1017 1433 1126 1488 isto
1153 1433 1212 1486 in
1246 1432 1497 1486 alterum
1535 1432 1747 1486 transis
1767 1431 1793 1484 ‘I
1823 1437 2104 1486 Decreve-

474 1528 561 1577 rat
605 1523 724 1577 haec
773 1522 1016 1577 audiens
1064 1521 1151 1576 leo
1220 1518 1611 1587 dissimulare,
1682 1517 2105 1589 respondendo,

471 1611 839 1666 formidinem
873 1626 1037 1665 suam
1064 1627 1076 1663 :
1113 1610 1212 1664 sed
1239 1624 1368 1664 cum
1391 1609 1533 1662 forte
1561 1608 1867 1662 accidisset
1889 1623 1954 1661 eo
1981 1608 2106 1675 ipso

474 1703 770 1755 momento
803 1697 1150 1769 ingeminari
1186 1698 1446 1767 mugitus
1467 1696 1639 1764 tauri,
1672 1702 1867 1766 tegere
1891 1698 2107 1749 metum

476 1804 589 1841 non
622 1786 828 1857 potuit,
874 1802 990 1855 quo
1036 1789 1124 1839 est
1169 1784 1370 1837 intime
1420 1800 1740 1838 concussus
1796 1798 1982 1850 usque
2034 1781 2106 1835 ad

474 1874 751 1945 pallorem
783 1878 1213 1942 tremoremque
1236 1871 1635 1926 manifestum.
1664 1871 1867 1937 Quare,
1889 1868 2105 1923 omisso

470 1966 773 2032 tamquam
802 1959 994 2015 inutili
1023 1966 1230 2016 conatu
1263 1958 1489 2015 celandi
1534 1958 1589 2012 id
1621 1958 1774 2029 quod
1807 1962 2015 2027 sponte
2044 1973 2104 2011 se

464 2050 766 2120 prodebat,
801 2049 1005 2103 Vereor
1036 2048 1332 2113 nimirum,
1368 2047 1470 2111 ait,
1528 2061 1597 2099 ne
1647 2061 1859 2115 corpus
1904 2043 2103 2097 bestias

466 2139 637 2207 cujus
663 2137 755 2190 isti
771 2136 1031 2206 mugitus
1049 2140 1207 2201 sunt,
1231 2133 1619 2205 magnitudini
1642 2132 1903 2187 terrilicaa
1927 2132 2104 2201 hujus

466 2226 621 2280 vocis
638 2225 1007 2296 proportione
1030 2225 1377 2294 respondeat
1404 2242 1418 2287 ;
1444 2222 1707 2291 adeoque
1730 2226 1850 2274 tam
1868 2225 2101 2274 vastum

468 2319 524 2369 ct
552 2314 807 2368 validum
837 2313 931 2381 sit,
966 2317 1029 2365 ut
1060 2312 1228 2366 nobis
1261 2310 1588 2380 imparibus
1621 2310 1693 2364 ad
1726 2309 1911 2363 ferum
1944 2307 2101 2362 istud

466 2400 683 2455 animal
718 2399 1153 2465 debellandum,
1187 2398 1506 2453 necessitas
1539 2397 1837 2451 incumbat
1880 2411 1948 2449 ex
1997 2395 2103 2448 hoc

466 2488 592 2543 loco
629 2488 909 2558 fugiendi.
942 2487 1202 2556 Subjecit
1246 2486 1609 2557 Vestigator:
1643 2485 1724 2540 Ne
1772 2488 2103 2539 consternet

463 2582 539 2642 te,
576 2576 831 2641 domine,
864 2576 973 2629 hoc
1011 2576 1253 2639 tonitru,
1307 2574 1505 2628 inania
1552 2573 1707 2627 enim
1752 2570 2102 2642 plerumque

460 2664 738 2719 terricula
768 2662 1057 2734 ejusmodi
1107 2663 1625 2732 deprehenduntur
1662 2660 2101 2731 explorantibus

465 2754 534 2807 ad
567 2752 877 2822 liquidum.
908 2752 1091 2815 Quam
1127 2752 1183 2805 in
1219 2767 1339 2805 rem
1374 2750 1568 2821 accipe
1598 2748 1737 2819 quid
1769 2748 1928 2818 vulpi
1961 2764 2099 2801 con-

463 2840 661 2910 tigerit
688 2856 702 2895 :
737 2844 864 2895 Haec
896 2839 1165 2894 famelica
1196 2839 1450 2909 praedam
1475 2852 1762 2906 quaerens,
1788 2835 2008 2905 largam
2032 2851 2101 2889 ex

460 2934 593 2982 voto
627 2929 840 2998 reperit
869 2927 925 2981 in
951 2928 1205 2998 quadam
1238 2926 1415 2993 silva;
1450 2925 1550 2981 sed
1584 2941 1653 2979 ne
1676 2940 1876 2980 secure
1907 2939 2098 2976 vesce-

464 3019 625 3070 retur
657 3016 924 3070 obstabat
956 3013 1234 3069 terribilis
1264 3014 1545 3084 strepitus
1562 3028 1630 3067 ex
1651 3011 2056 3079 altoiugruens
2082 3026 2095 3075 ;

464 3119 674 3173 nempe
704 3107 1046 3174 tympanum
1081 3101 1374 3173 quispiam
1407 3102 1477 3155 de
1507 3116 1668 3154 ramo
1696 3099 1898 3153 vicinae
1930 3097 2096 3151 arbo-

464 3191 544 3245 ris
575 3157 995 3260 suspenderat;
1029 3194 1086 3244 et
1102 3157 1285 3243 .motaa
1317 3205 1459 3243 aura
1489 3188 1721 3242 frondes
1751 3187 1822 3241 ad
1855 3185 1997 3240 illud
2021 3185 2099 3240 al-
2127 3157 2173 3227 c

463 3278 584 3332 lisse
619 3279 906 3347 fragorem
937 3278 1188 3332 edebant
1218 3276 1331 3331 alte
1352 3280 1720 3331 resonantem
1743 3281 1799 3330 et
1820 3274 2099 3329 formido-

469 3365 589 3420 lose
620 3365 928 3420 minacem.
962 3365 1040 3419 Eo
1072 3365 1306 3419 turbata
1338 3364 1551 3420 misera
1578 3362 1782 3434 vulpes
1833 3362 2095 3429 saginam

464 3458 598 3507 ante
648 3452 846 3507 oculos
897 3457 1156 3523 paratam
1208 3451 1442 3523 pinguis
1486 3455 1542 3507 et
1587 3451 1831 3521 copiosae
1878 3450 2094 3519 ferinae,

465 3556 667 3610 pressa
697 3539 830 3594 licet
860 3539 977 3594 acri
1030 3538 1317 3594 desiderio
1366 3539 1597 3603 edendi,
1647 3537 1928 3609 attingere
1978 3554 2093 3593 non

464 3629 735 3696 audebat,
767 3628 966 3683 timide
998 3626 1498 3697 circumspiciens.
1543 3642 1670 3682 sese
1720 3626 2089 3694 contrahens,

458 3720 515 3769 ct
544 3715 613 3769 ad
647 3732 848 3769 omnes
878 3715 1167 3785 impulsus
1206 3715 1465 3786 tympani
1526 3714 1733 3784 (crebri
1787 3720 1979 3768 autem
2030 3714 2088 3767 hi

458 3809 623 3858 erant
653 3804 948 3875 aspirante
978 3805 1167 3873 vento)
1190 3805 1324 3859 totis
1348 3804 1594 3858 artubus
1616 3802 2086 3858 contremiscens.

458 3891 713 3946 Durante
742 3892 970 3963 longius
1011 3910 1077 3946 ea
1128 3892 1383 3957 miseria,
1437 3891 1678 3946 consilio
1735 3907 1763 3945 e
1813 3907 1872 3944 re
1918 3898 2087 3961 capto

454 3978 762 4049 vulpecula
792 3997 922 4033 cum
948 3980 1311 4035 observasset
1341 3996 1643 4049 erumpere
1670 3996 1877 4032 sonum
1908 3980 2084 4032 istum

453 4065 789 4121 horrificum
824 4084 891 4121 ex
922 4084 1055 4121 arca
1086 4069 1339 4137 quadam
1372 4066 1714 4121 orbicularis
1748 4069 1939 4120 formae
1973 4067 2086 4120 alte

454 4170 761 4224 suspensa,
795 4155 953 4208 dedit
984 4172 1239 4224 operam,
1274 4170 1529 4221 omnem,
1574 4156 1727 4223 quod
1760 4156 1940 4219 aiunt,
1992 4155 2081 4207 fu-

453 4256 584 4294 nem
617 4258 854 4297 movens
887 4246 948 4295 ut
978 4258 1105 4295 eam
1138 4242 1271 4295 inde
1314 4242 1625 4309 dejiceret:
1680 4260 1791 4297 non
1843 4244 2080 4305 frustra,

451 4328 702 4382 concidit
731 4330 885 4383 enim
919 4330 1153 4383 tandem
1187 4335 1527 4399 tympanum
1569 4333 1625 4384 et
1655 4330 1821 4401 lapsu
1855 4331 2077 4385 confra-

449 4418 606 4471 ctum
640 4422 744 4472 est.
780 4419 1127 4483 Uoulingere
1160 4418 1212 4470 id
1249 4424 1373 4471 tum
1408 4417 1606 4488 vulpes
1637 4435 1781 4472 ausa
1814 4418 2075 4488 propius-

2217 549 2327 620 egi,
2360 550 2550 605 aiebat
2588 567 2785 605 secum
2834 552 3047 607 tacitus
3091 551 3201 617 leo,
3251 554 3405 622 quod
3463 557 3699 607 versuto
3754 554 3849 607 isti

2216 654 2370 692 nunc
2402 638 2657 709 primum
2685 645 2819 695 noto
2844 656 2936 695 me
2965 644 3151 695 totum
3175 640 3349 695 effudi
3376 642 3399 693 Ρ
3424 642 3597 710 Atqui
3632 642 3846 696 artium

2215 725 2543 797 imperandi
2576 744 2693 782 una
2730 743 2833 782 nec
2883 732 3179 798 postrema
3226 732 3337 797 est,
3387 744 3500 782 non
3552 728 3727 783 ﬁdere
3776 730 3846 784 iis

2216 829 2362 883 quos
2408 814 2509 871 diu
2554 816 2802 887 superbe
2868 815 3315 887 contempseris,
3360 832 3473 871 non
3520 816 3849 873 ambitiosis

2216 920 2330 958 non
2361 904 2613 974 cupidis,
2650 922 2761 960 non
2796 905 3082 959 fraudatis
3116 907 3377 959 mercede
3417 905 3703 972 laborum,
3736 924 3847 961 non

2214 991 2425 1062 opibus
2455 997 2555 1046 aut
2584 992 2869 1062 dignitate
2901 992 3186 1063 spoliatis.
3222 992 3323 1045 Hic
3355 992 3700 1064 Vestigator,
3750 995 3838 1049 in-

2214 1080 2388 1149 genii,
2422 1085 2487 1134 ut
2516 1085 2776 1151 apparet,
2796 1080 3169 1147 astutissimi,
3203 1079 3530 1135 diutissime
3550 1081 3842 1151 neglectus

2216 1192 2246 1227 a
2274 1192 2362 1230 me
2393 1176 2465 1230 ad
2499 1192 2657 1231 meas
2693 1179 2840 1231 fores
2871 1176 3155 1247 inglorius
3178 1176 3403 1244 jacuit;
3438 1182 3493 1230 et
3521 1193 3624 1248 ego
3649 1176 3747 1232 tali
3770 1178 3844 1232 ir-

2216 1264 2451 1318 ritatum
2485 1263 2838 1319 contumelia
2868 1265 3054 1335 primo
3107 1269 3341 1334 repente
3390 1281 3704 1335 congressu
3755 1283 3847 1319 ar-

2215 1368 2493 1406 canorum
2543 1352 2885 1422 imprudens
2934 1368 3195 1406 meorum
3258 1352 3523 1406 omnium
3584 1353 3844 1408 festinavi

2214 1440 2512 1494 conscium
2564 1441 2768 1495 facere.
2815 1440 2962 1503 Quid
3012 1444 3206 1494 autem
3274 1440 3514 1494 attinuit
3576 1446 3847 1509 praztcrea

2216 1529 2483 1582 eumdem
2518 1528 2588 1581 ad
2622 1532 2854 1581 taurum
2888 1526 3201 1581 videndum
3230 1528 3483 1597 mittere,
3506 1544 3636 1582 cum
3664 1529 3848 1583 mani-

2214 1615 2360 1669 festo
2390 1614 2666 1685 periculo,
2699 1631 2768 1668 ne
2813 1615 2861 1668 is
2902 1614 3002 1668 ubi
3049 1631 3239 1669 meum
3291 1616 3687 1670 adversarium
3723 1633 3846 1669 ma-

2206 1702 2396 1771 jorem
2465 1719 2528 1756 ac
2588 1701 2969 1757 valentiorem
3031 1702 3445 1768 observaverit,
3520 1710 3849 1758 contemnat

2137 1814 2183 1878 B
2215 1789 2485 1860 deinceps
2517 1807 2629 1860 me,
2668 1806 2839 1859 quem
2884 1794 3124 1845 eatenus
3173 1794 3395 1844 tantum
3443 1791 3846 1856 honoraverat,

2216 1884 2507 1949 quatenus
2547 1880 2806 1933 nondum
2860 1884 3293 1949 comparaverat
3335 1895 3468 1933 cum
3518 1881 3849 1949 potentiori.

2216 1968 2343 2023 Haec
2373 1967 2525 2038 apud
2558 1984 2620 2022 se
2648 1967 2937 2037 reputanti
2971 1968 3140 2021 anxie
3168 1966 3317 2021 leoni
3358 1968 3696 2037 supervenit
3744 1969 3847 2023 Ve-

2214 2055 2460 2125 stigator
2488 2072 2521 2108 a
2551 2060 2716 2109 tauro
2748 2060 3027 2109 convento
3055 2056 3258 2121 redux,
3288 2072 3462 2124 quem
3512 2055 3600 2110 leo
3652 2057 3842 2112 solum

2213 2143 2599 2214 conspicatut,
2642 2148 2875 2213 sumpto
2902 2143 3098 2197 animo
3146 2143 3638 2211 dissimulataque
3671 2145 3848 2199 tristi-

2213 2232 2315 2297 tia,
2348 2230 2713 2302 compellavit
2744 2230 2803 2284 in
2835 2231 2991 2284 hunc
3024 2232 3260 2285 modum
3288 2248 3300 2284 :
3333 2237 3714 2303 Exspectatus
3747 2235 3852 2287 ad-

2212 2319 2409 2385 venis;
2445 2335 2569 2389 age,
2602 2319 2751 2372 refer
2779 2318 2917 2388 quid
2950 2319 3119 2389 egisti
3147 2320 3174 2372 ?
3204 2319 3353 2387 Vidi,
3388 2321 3467 2374 ait
3497 2322 3847 2391 Vestigator,

2213 2412 2273 2461 ut
2293 2407 2552 2476 jussisti,
2581 2406 3022 2462 vocalissimum
3057 2407 3204 2462 illud
3230 2408 3465 2463 animal.
3496 2410 3729 2463 Taurus
3754 2411 3847 2466 hic

2210 2501 2317 2552 est.
2346 2495 2567 2551 Accessi
2600 2497 2670 2549 ad
2709 2512 2839 2550 eum
2888 2496 3177 2566 cominus,
3232 2496 3643 2568 allocutusque
3695 2516 3846 2565 sum,

2211 2601 2315 2639 nec
2346 2584 2666 2654 quidquam
2696 2600 2765 2638 ex
2794 2599 2859 2639 eo
2904 2583 3105 2639 damni
3154 2590 3255 2639 aut
3302 2586 3583 2640 molestiae
3627 2588 3848 2657 accepi.

2208 2682 2355 2745 Quid
2388 2686 2511 2734 tum
2548 2680 2793 2751 postea?
2824 2680 2911 2735 leo
2955 2680 3145 2750 inquit
3168 2681 3408 2747 ;indene
3426 2682 3845 2753 colligisimbc-

2209 2770 2406 2824 cillum
2440 2770 2509 2822 ad
2543 2770 2869 2823 nocendum
2903 2773 3138 2823 taurum
3170 2786 3295 2825 esse
3316 2769 3343 2823 ?
3382 2772 3470 2824 An
3502 2770 3689 2825 nescis
3720 2771 3839 2825 vio-

2206 2856 2566 2911 lentissimae
2591 2855 2855 2910 turbines
2886 2872 3120 2926 parcere
3170 2857 3464 2911 interdum
3517 2857 3839 2912 humilibus

2208 2942 2486 3009 arbustis,
2513 2943 2867 3013 eosdemque
2914 2943 3357 3013 procerissimae
3404 2960 3660 3014 quercus
3710 2946 3835 2999 imis

2206 3031 2555 3102 exstirpatas
2576 3030 2873 3085 radicibus
2895 3031 3158 3101 frangere
3177 3030 3205 3085 ?
3226 3031 3311 3085 Ad
3345 3047 3412 3086 ea
3432 3031 3758 3101 Vestigator
3777 3034 3831 3085 ﬁ-

2212 3120 2415 3174 denter
2444 3119 2727 3185 arridens,
2759 3122 2902 3173 Cave
2930 3119 3158 3183 credas,
3189 3117 3401 3188 inquit,
3434 3119 3696 3187 domine,
3737 3121 3841 3174 hu—

2206 3205 2469 3276 jusmodi
2534 3204 2749 3260 animal
2804 3204 3286 3260 robustissimum
3337 3221 3502 3261 esse:
3571 3207 3740 3276 quin,
3795 3208 3844 3261 si

2208 3293 2372 3362 velis,
2405 3293 2606 3347 sistam
2640 3292 2753 3347 huc
2785 3291 2929 3346 illud
2960 3292 3088 3358 tibi,
3131 3290 3563 3364 obnoxiumque
3608 3310 3678 3348 ac
3734 3295 3845 3349 sub

2207 3398 2383 3435 manu
2416 3386 2516 3435 tua
2548 3384 2820 3434 statuam.
2856 3380 3181 3435 Delectatus
3226 3381 3513 3451 promisso
3561 3380 3671 3447 leo,
3721 3387 3846 3453 Age

2206 3493 2347 3532 sane
2377 3477 2530 3548 quod
2565 3475 2876 3546 polliceris,
2911 3476 3012 3540 ait,
3047 3476 3193 3531 nihil
3227 3476 3371 3530 mihi
3398 3477 3590 3548 possis
3619 3478 3848 3548 gratius

2206 3566 2408 3619 facere.
2440 3566 2840 3633 Continuoque
2872 3564 3207 3635 Vestigator
3255 3582 3556 3635 regressus
3604 3566 3677 3620 ad
3710 3571 3841 3620 tau-

2204 3670 2354 3722 rum,
2391 3653 2530 3706 dicit
2574 3651 2657 3705 illi
2713 3653 3114 3721 praefidenter:
3151 3655 3302 3708 licus
3350 3659 3434 3718 tu,
3494 3653 3586 3707 hic
3628 3656 3839 3709 adsum

2203 3743 2272 3794 ad
2316 3747 2370 3794 te
2401 3740 2619 3794 missus
2651 3755 2684 3793 a
2730 3738 2915 3805 leone,
2948 3740 3046 3810 qui
3094 3756 3443 3811 magnopere
3490 3742 3729 3795 mandat
3776 3747 3843 3796 ut

2202 3829 2474 3883 continuo
2506 3827 2702 3882 venias
2732 3828 2802 3881 ad
2838 3844 2919 3895 se,
2954 3828 3334 3893 denuntians,
3369 3828 3416 3883 si
3465 3830 3841 3899 obtempera-

2199 3916 2373 3982 veris,
2407 3916 2657 3987 gratiam
2688 3915 2789 3969 tibi
2820 3932 2880 3969 se
2915 3916 3202 3969 facturum
3255 3916 3498 3987 neglecti
3548 3917 3843 3971 hactenus

2200 4006 2395 4075 ofﬁcii,
2432 4022 2537 4059 nec
2585 4021 2783 4075 pmnas
2843 4005 3223 4075 repetiturum
3277 4022 3343 4060 eo
3395 4006 3633 4059 meritas
3683 4008 3841 4076 quod

2198 4095 2399 4147 tandiu
2430 4092 2487 4145 in
2520 4098 2681 4146 tanta
2712 4091 2924 4145 vicinia
2955 4090 3222 4145 omiseris
3255 4092 3509 4145 debitam
3544 4092 3838 4160 majestati

2194 4183 2322 4251 ejus
2359 4179 2786 4233 venerationem
2819 4178 3076 4232 reddere.
3110 4179 3211 4232 Ais
3246 4196 3315 4232 an
3380 4180 3603 4245 negas?
3633 4180 3839 4249 expedi

2195 4284 2537 4338 responsum
2565 4287 2577 4333 ;
2615 4282 2748 4319 nam
2780 4265 2827 4319 si
2855 4266 3107 4330 dubitas,
3132 4268 3310 4321 refero
3333 4266 3532 4320 statim
3553 4268 3621 4320 ad
3642 4268 3835 4337 ipsum

2194 4356 2481 4428 quidquid
2514 4355 2582 4408 de
2613 4358 2670 4407 te
2701 4354 2953 4423 comperi
2986 4370 2998 4408 :
3034 4371 3224 4409 moras
3254 4353 3406 4408 enim
3443 4355 3671 4409 trahere
3720 4371 3837 4408 non

2194 4450 2378 4500 vacat.
2411 4444 2620 4513 Ecquis
2661 4449 2877 4505 autem,
2910 4442 3212 4512 respondit
3243 4448 3468 4509 taurus,
3502 4442 3591 4497 leo
3624 4444 3718 4496 hic
3749 4448 3840 4497 est

450 4505 1247 4600 qu?infueriv.d‘39"°h3"‘“t
1276 4522 1476 4600 E‘wum
1498 4507 1699 4600 _i'm'_‘e
1732 4505 1875 4576 pene
1922 4505 2081 4560 ίθθυί
2116 4506 2161 4568 D
2194 4535 2425 4598 horum,
2457 4505 2661 4585 auctor
2692 4505 3120 4600 mandatorum,
3153 4535 3209 4584 et
3260 4505 3498 4585 ubinam
3544 4530 3779 4584 habitat
3802 4530 3829 4582 ?

449 4596 802 4659 contectum,
836 4592 1240 4663 irridensque:
1276 4594 1463 4664 Papaa,
1496 4593 1706 4663 inquit,
1729 4610 1903 4663 quam
1927 4610 2083 4648 men-

445 4680 553 4732 dax
597 4681 822 4750 species
858 4679 1185 4749 falsumque
1235 4681 1514 4736 indicium
1545 4682 1793 4736 tumoris
1841 4682 1969 4736 estl
2019 4687 2085 4737 ut

446 4767 681 4837 turgida
712 4767 831 4821 haec
865 4768 1350 4838 vocalissimaque
1382 4786 1623 4840 corpora
1666 4770 1877 4824 inaniis
1920 4771 2081 4827 intus

444 4854 727 4909 exhausta
758 4856 1110 4920 vanissimis,
1154 4856 1398 4911 ridicule
1438 4858 1737 4912 minantur
1782 4863 1839 4912 et
1896 4859 2079 4913 risum

444 4942 657 4996 debent
691 4943 702 4996 ι
738 4941 937 4996 Simile
971 4960 1074 4997 nos
1106 4944 1432 5013 quidpiam,
1485 4946 1739 5010 domine,
1772 4946 1944 5001 hodie
1979 4963 2077 5016 pa-

440 5029 644 5098 timur,
678 5030 908 5085 fremitu
940 5048 1113 5100 quam
1145 5031 1379 5099 minaci,
1426 5038 1543 5087 tam
1594 5033 1756 5087 irrito
1806 5034 2079 5088 animalis

439 5115 616 5184 hujus
647 5118 853 5173 territi.
890 5120 1038 5185 Quin
1072 5119 1119 5173 si
1144 5120 1320 5189 jubes
1360 5121 1432 5175 ad
1484 5120 1628 5175 illud
1683 5123 1974 5191 accedam,
2022 5127 2078 5177 et

440 5205 735 5276 explorato
762 5207 901 5278 quid
947 5209 1180 5262 demum
1213 5208 1311 5274 sit,
1364 5208 1433 5262 ad
1482 5214 1537 5263 te
1593 5208 1878 5265 curriculo
1928 5212 2075 5266 refe-

443 5308 588 5348 ram.

504 5507 567 5561 X.
601 5508 822 5562 Annuit
854 5508 961 5573 leo,
991 5508 1271 5579 misitque
1302 5508 1516 5580 ipsum.
1549 5515 1833 5566 Caeterum
1873 5513 2071 5568 statim

433 5607 499 5648 eo
529 5595 784 5664 profecto
821 5595 1201 5652 maestissima
1229 5599 1358 5668 ejus
1392 5598 1525 5654 facti
1571 5599 1914 5670 pcsnitentia
1961 5603 2073 5660 im-

2191 4622 2276 4676 Ad
2308 4637 2375 4675 ea
2406 4618 2745 4688 Vestigator,
2784 4618 2901 4672 Rex
2932 4623 3041 4684 est,
3075 4617 3282 4688 inquit,
3319 4633 3569 4689 magnus
3606 4618 3828 4672 bestia-

2190 4726 2344 4776 rum,
2375 4712 2430 4762 et
2461 4706 2554 4760 hic
2588 4706 2643 4760 in
2693 4706 3019 4777 propinquo
3060 4711 3251 4760 castra
3277 4710 3530 4760 metatus
3561 4722 3670 4761 sua
3721 4712 3832 4773 est,

2190 4807 2289 4861 ubi
2324 4802 2526 4861 statin
2557 4802 2871 4871 augustali,
2905 4817 3215 4857 numeroso
3236 4800 3658 4856 circumstante
3680 4801 3832 4855 fera-

2189 4910 2315 4951 rum
2348 4891 2622 4955 exercitu,
2656 4890 2872 4960 quibus
2904 4890 3167 4960 imperat.
3211 4889 3469 4944 Territus
3501 4889 3593 4943 his
3625 4894 3835 4944 taurus

2188 4983 2444 5045 secutus,
2477 4978 2769 5031 dicentem
2800 4976 3195 5047 est,leonique
3226 4975 3635 5047 aVestigatore
3666 4976 3837 5031 obla-

2186 5075 2304 5137 tus,
2335 5067 2386 5121 ei
2414 5081 2477 5120 se
2509 5064 2839 5119 humillime
2870 5065 3138 5133 subjecit.
3173 5068 3334 5119 Hunc
3365 5064 3707 5119 humaniter
3737 5065 3835 5119 leo

2186 5155 2479 5226 excipiens
2509 5153 2685 5207 etiam
2718 5157 3088 5223 percontatus
3115 5152 3362 5220 benigne
3410 5160 3499 5207 est
3522 5154 3594 5206 de
3639 5151 3824 5205 fortu-

2186 5263 2272 5302 nae
2304 5261 2368 5299 ac
2400 5258 2594 5298 rerum
2626 5257 2867 5295 suarum
2898 5245 3074 5295 statu.
3112 5238 3330 5295 Retulit
3380 5256 3451 5294 ex
3477 5239 3591 5295 ﬁde
3616 5245 3835 5294 taurus

2185 5337 2412 5399 cuncta,
2456 5328 2769 5401 gratiaeque
2817 5345 2932 5383 non
2979 5328 3234 5399 vulgaris
3275 5329 3430 5399 apud
3483 5328 3709 5383 leonem
3743 5327 3835 5382 lo-

2184 5439 2317 5479 cum
2349 5418 2591 5485 invenit,
2613 5418 2758 5472 adeo
2792 5422 2854 5472 ut
2885 5417 2980 5472 hic
3010 5417 3061 5472 ei
3106 5417 3251 5473 bona
3282 5417 3480 5472 omnia
3520 5417 3831 5488 promitte-

2182 5516 2297 5581 ret,
2320 5509 2644 5576 eodemque
2678 5506 2802 5575 jam
2836 5522 2991 5560 nunc
3024 5504 3296 5559 ministro
3329 5520 3702 5560 summarum
3736 5520 3833 5560 re-

2182 5620 2314 5661 rum
2346 5603 2558 5655 utetur.
2604 5594 2678 5649 Ac
2727 5592 2885 5650 brevi
2933 5599 3138 5651 taurus
3186 5609 3251 5649 eo
3294 5593 3579 5664 pervenit,
3631 5598 3697 5649 ut
3726 5609 3839 5650 au-
