4108 6294
271 294 406 349 1257

1287 287 1640 342 SPECIMEN
1675 287 2072 338 SAPIENTIE
2109 286 2439 342 INDORUM
2476 289 2639 340 VET.

3511 280 3646 332 1258

270 416 534 470 ctoritate
560 431 623 468 ac
654 413 916 484 polentia
944 411 1114 481 longe
1144 409 1418 464 omnibus
1446 407 1593 462 leoni
1625 407 1905 477 subjectis
1935 420 1985 484 Α
2018 411 2398 479 przeberc,ubi
2430 406 2937 464 mansuetudinem
2972 410 3027 459 et
3058 404 3306 475 speciem
3331 403 3651 458 clementiae

273 502 665 559 antecelleret.

343 718 434 771 Xl.
464 716 593 769 Haec
624 730 867 769 cernens
897 712 1230 783 Vestigator
1278 710 1394 764 acri
1435 709 1609 763 livore
1643 708 1912 780 ringeba-

274 808 474 860 tur.Ac
505 820 639 857 eum
671 802 770 856 diu
824 817 1023 855 secum
1083 804 1361 870 reputans
1418 798 1736 852 volutasset
1793 795 1915 866 plu-

282 894 720 958 rima,'veterem
753 890 988 943 tandem
1023 886 1283 942 sodalem
1306 885 1656 940 Coronatum
1688 883 1915 952 adiens,

280 980 467 1051 erupit
500 980 559 1031 in
605 979 738 1031 sinu
798 976 967 1030 amici
1019 974 1413 1041 stomachum,
1454 977 1511 1026 et
1564 972 1719 1041 apud
1772 971 1918 1024 ﬁdas

278 1086 450 1124 aures
482 1064 889 1137 aegritudinem
923 1063 1103 1117 animi
1126 1075 1451 1131 arcanaque
1483 1058 1727 1113 consilia
1752 1058 1916 1112 fateri

278 1172 478 1217 ausus,
529 1154 593 1207 Et
635 1151 887 1215 miraris,
947 1154 1003 1203 et
1034 1149 1332 1202 miseraris
1366 1147 1643 1217 profecto,
1704 1144 1917 1214 inquit,

281 1241 505 1311 me,qaai
541 1245 656 1294 tam
682 1238 990 1292 infeliciter
1012 1252 1245 1307 operam
1270 1234 1529 1289 locaviin
1556 1232 1920 1286 conciliando

294 1330 444 1386 leoni
476 1334 663 1395 tauro,
689 1325 879 1395 utipsi
914 1324 1092 1378 miser
1123 1323 1263 1377 mihi
1298 1323 1538 1376 exitium
1572 1320 1917 1375 confecerim

293 1415 711 1487 ingratissimis
760 1413 1146 1467 benefaciens.
1197 1411 1322 1465 Scis
1372 1427 1547 1463 unam
1609 1411 1803 1463 dextre
1859 1424 1924 1462 ac

280 1506 464 1576 perite
497 1502 754 1557 discussi
787 1500 1312 1571 suspicionemque;
1344 1503 1578 1552 taurum
1609 1503 1666 1551 et
1698 1497 1922 1551 leonem

284 1592 526 1646 invicem
564 1590 965 1644 commissurae
1000 1587 1369 1651 videbantur,
1413 1586 1571 1656 gravi
1618 1585 1925 1654 utriusque

284 1680 558 1749 periculo.
605 1678 743 1732 Inde
774 1682 967 1730 autem
999 1675 1137 1745 quid
1186 1675 1421 1727 evenit?
1451 1674 1666 1744 Nempe
1720 1677 1786 1725 ut
1842 1670 1925 1724 illi

2017 499 2271 552 affectari
2321 515 2411 553 res
2463 497 2773 568 poscebat;
2824 494 3085 560 tertium,
3130 510 3244 547 non
3297 494 3434 546 dare
3494 493 3655 561 ipsos

2017 592 2346 655 operam,ut
2374 582 3469 653 eruditorum,prudentorum,ﬁdorum
3502 596 3660 633 sem-

2020 690 2120 743 per
2150 675 2303 744 apud
2326 690 2387 727 se
2405 672 2871 727 consiliariorum
2908 671 3132 740 copiam
3168 670 3459 737 habeant;
3492 684 3661 739 quar-

2020 762 2510 831 tum,permittere
2542 760 2847 832 digladiari
2882 760 3031 813 inter
3078 774 3139 812 se
3181 758 3448 812 subditos
3493 772 3558 810 ac
3598 756 3658 808 in

2024 850 2299 904 factiones
2325 850 2550 911 scindi;
2603 848 2897 918 quintum,
2950 864 3062 901 non
3117 846 3398 901 moderari
3441 843 3658 898 affecti-

2024 937 2265 1000 bus,sed
2299 935 2907 1006 cupiditate,libidine
2951 951 3017 989 ac
3070 934 3387 1004 praesertim
3440 933 3527 986 ira
3574 932 3656 986 ef-

2028 1025 2158 1078 ferri
2192 1042 2253 1079 se
2286 1026 2512 1089 sinere;
2545 1029 2773 1078 sextum
2808 1024 3079 1093 denique,
3106 1039 3219 1077 non
3252 1020 3663 1089 invigilareju-

2024 1113 2173 1183 giter
2202 1114 2458 1167 intentos
2502 1129 2600 1166 eos
2652 1112 2711 1165 in
2773 1112 3107 1180 contingere
3167 1110 3513 1180 plerumque
3572 1125 3662 1161 so-

2026 1200 2160 1253 litas
2213 1201 2564 1254 mutationes
2623 1204 2977 1268 temporum,
3028 1204 3081 1251 et
3135 1199 3443 1251 adversum
3495 1213 3667 1250 casus

2028 1291 2545 1357 omnes,quotquot
2574 1287 2853 1340 exsistere
2886 1287 3089 1355 quavis
3130 1284 3508 1338 conversione
3538 1299 3668 1352 pos-

2029 1376 2163 1439 sint,
2217 1393 2328 1429 non
2381 1392 2448 1429 ex
2508 1374 2680 1445 longo
2730 1373 3055 1444 providisse
3108 1374 3315 1427 idonea
3377 1370 3669 1441 praesidia,

2031 1469 2353 1534 parataque
2385 1464 2455 1517 ad
2489 1479 2725 1517 manum
2762 1469 2976 1516 tenere.

2104 1678 2534 1739 Xll.Quomodo
2567 1692 2700 1729 vero
2752 1674 2988 1744 poteris,
3025 1674 3104 1727 ait
3151 1673 3495 1737 Coronatus,
3551 1675 3675 1722 tau-

287 1785 388 1836 per
420 1783 510 1820 me
542 1765 835 1820 conciliati
889 1764 1084 1816 felices
1118 1764 1425 1832 imperent,
1462 1777 1793 1830 rerumque,
1834 1775 1923 1812 me
1958 1786 2003 1849 Β
2036 1784 2164 1820 rum
2198 1766 2615 1820 circumvenire
2663 1764 2843 1817 multo
2890 1762 3268 1833 potentiorem
3324 1770 3396 1825 te,
3454 1759 3669 1813 amico-

284 1853 857 1922 excluao,potiantur
890 1867 902 1903 :
938 1866 1091 1920 rege,
1115 1851 1208 1904 cui
1260 1865 1460 1903 curam
1516 1850 1699 1902 exemi
1752 1847 1925 1901 mole-

288 1943 635 2006 stissimam,
670 1945 792 1993 tam
829 1939 944 1992 sibi
971 1938 1131 1992 utilis
1160 1937 1273 1990 mei
1306 1937 1614 1991 ministerii
1649 1935 1852 2000 oblito,
1875 1940 1932 1988 et

285 2031 482 2101 ipsum
514 2028 679 2081 illum
713 2027 878 2098 prius
912 2025 1292 2080 formidatum
1325 2024 1740 2088 adversarium,
1774 2027 1927 2093 post-

290 2133 461 2185 quam
485 2132 614 2169 mea
644 2112 934 2167 industria
965 2112 1075 2166 sibi
1108 2112 1437 2181 subjectum
1472 2110 1696 2179 habuit,
1724 2110 1781 2163 in
1814 2113 1929 2167 mei

292 2206 461 2273 longe
501 2202 755 2257 submoti
814 2200 1007 2255 locum
1050 2202 1119 2253 ad
1154 2200 1499 2271 dignitatem
1534 2204 1925 2268 promovente.

298 2293 492 2356 Video,
546 2291 736 2359 inquit
782 2291 1128 2356 Coronatus,
1173 2294 1229 2342 et
1280 2288 1493 2342 sentire
1535 2287 1659 2354 jam
1716 2286 1929 2356 incipio

296 2397 411 2433 non
438 2395 674 2449 prorsus
700 2393 850 2430 vana
882 2376 1183 2429 monuisse
1220 2392 1330 2442 me,
1373 2390 1503 2427 cum
1534 2374 1636 2428 illa
1665 2391 1790 2444 qua:
1821 2375 1926 2427 du-

293 2469 428 2521 dum
463 2466 703 2527 audisti,
729 2463 966 2535 aggredi
989 2464 1058 2516 ad
1095 2462 1202 2517 hoc
1234 2463 1529 2533 negotium
1554 2462 1657 2515 tibi
1681 2462 1930 2532 paranti,

299 2555 711 2608 disserueram.
745 2552 891 2615 Quid
925 2554 1120 2604 autem
1162 2550 1311 2604 circa
1355 2566 1423 2605 ea
1460 2567 1584 2620 quae
1647 2566 1802 2603 nunc
1846 2550 1931 2602 in-

299 2647 454 2696 stant
487 2640 715 2695 consilii
759 2640 940 2710 capis,
998 2638 1209 2709 quidve
1269 2655 1437 2709 paras
1495 2638 1709 2710 agere?
1764 2638 1929 2705 Volo,

298 2731 493 2799 inquit
518 2729 942 2798 Vestigator,in
969 2727 1275 2797 pristinam
1309 2727 1506 2798 reponi
1540 2726 1808 2797 gratiam,
1846 2743 1928 2780 re-

295 2832 689 2886 cuperareque
712 2816 1051 2885 dignitatem
1084 2816 1486 2880 interversam;
1512 2820 1570 2869 et
1592 2830 1757 2885 spero
1778 2815 1931 2868 viam

298 2905 369 2959 ad
402 2904 457 2957 id
492 2902 751 2973 aliquam
784 2903 1156 2957 inventurum
1190 2917 1303 2966 me,
1329 2902 1442 2956 tria
1490 2903 1749 2957 faciendo
1806 2918 1931 2972 quae

296 2992 484 3045 virum
519 2991 860 3061 prudentem
894 3006 1062 3061 agere
1093 2989 1378 3044 convenit.
1415 2989 1602 3059 Hujus
1631 2989 1786 3044 enim
1805 2989 1931 3043 offi-

301 3079 454 3133 cium
480 3083 589 3145 est,
622 3076 876 3147 primum
907 3077 1273 3130 considerare
1317 3092 1444 3146 quae
1476 3076 1589 3148 ipsi
1618 3080 1932 3131 evenerunt

306 3168 455 3220 bona
485 3164 776 3235 malaque,
801 3181 867 3219 ac
895 3164 1092 3218 causis
1121 3167 1497 3234 utrorumque
1526 3164 1929 3235 deprehensis,
1961 3130 2004 3195 ϐ

305 3254 406 3308 illa
437 3253 671 3323 quidem
705 3253 903 3322 fugere
934 3252 1087 3305 unde
1109 3255 1235 3306 crta
1253 3250 1365 3306 sibi
1392 3251 1545 3306 mala
1568 3253 1936 3323 compererit,

302 3359 370 3396 ea
398 3344 603 3396 contra
634 3340 801 3410 sequi
824 3355 889 3393 ac
920 3353 1230 3409 procurare
1262 3352 1494 3395 summo
1515 3341 1708 3395 studio
1728 3339 1939 3408 quibus

305 3446 365 3485 se
396 3426 644 3483 senserit
690 3426 979 3495 adjutum.
1012 3426 1303 3497 Inspicere
1344 3428 1553 3482 deinde
1575 3427 1725 3483 idem
1747 3432 1941 3483 atten-

300 3523 471 3587 teque
505 3515 674 3569 debet
705 3515 1059 3584 perpendere
1108 3531 1232 3584 quas
1265 3515 1459 3586 ipsum
1492 3516 1795 3587 praesentia
1826 3517 1937 3570 cir-

306 3609 604 3659 cumstant
634 3605 938 3659 commoda
970 3604 1474 3675 incommodaque,
1528 3610 1765 3677 totoque
1805 3606 1937 3659 nisu

306 3694 501 3748 conari
546 3692 645 3746 illa
690 3692 923 3762 quidem
974 3697 1165 3747 tenere
1212 3693 1440 3763 sibique
1490 3709 1768 3759 asserere,
1822 3693 1941 3747 haec

304 3786 497 3837 autem
541 3796 716 3851 quam
774 3779 1115 3849 longissime
1163 3786 1415 3835 avertere
1455 3797 1520 3835 ac
1577 3782 1937 3853 propulsare.

308 3870 605 3923 Postremo
638 3869 697 3922 in
727 3869 987 3922 futurum
1014 3868 1125 3938 ipsi
1157 3868 1580 3923 consulendum
1614 3875 1721 3924 est.
1753 3870 1814 3924 In
1848 3870 1940 3925 his

308 3974 413 4027 ego
444 3959 583 4011 dum
616 3957 877 4011 animum
912 3973 1076 4011 verso
1100 3973 1211 4010 non
1245 3956 1519 4027 segniter,
1571 3958 1655 4013 sic
1718 3958 1940 4027 reperio

307 4047 564 4110 tandem,
598 4046 889 4099 subducta
925 4044 1300 4098 consiliorum
1335 4045 1765 4115 summa,plane
1797 4045 1938 4098 mihi

309 4134 687 4188 occidendum
725 4133 855 4187 dolo
886 4133 1139 4201 quodam
1192 4137 1422 4187 taurum
1455 4148 1581 4187 esse
1614 4150 1628 4187 :
1663 4134 1746 4187 sic
1783 4134 1938 4188 enim

307 4226 368 4276 et
399 4222 509 4275 iter
540 4221 803 4289 aperiens
834 4221 901 4273 ad
936 4221 1432 4291 recuperationem
1479 4224 1747 4291 potentia:
1786 4223 1939 4292 prio-

305 4310 388 4364 ris
419 4310 636 4379 Optime
672 4310 816 4363 mihi
864 4310 1189 4376 consulam,
1224 4314 1280 4362 et
1308 4309 1533 4365 leonem
1568 4311 1759 4380 ipsum
1795 4327 1941 4365 novo

308 4398 586 4453 beneficio
619 4398 966 4452 devinciam.
993 4398 1110 4452 Hoc
1133 4403 1493 4468 postremum
1521 4400 1673 4469 quod
1708 4399 1792 4452 ais
1826 4417 1939 4454 non

2040 1873 2284 1925 rumque
2352 1873 2415 1909 ac
2460 1856 2735 1909 clientum
2799 1854 3006 1907 validis
3052 1852 3261 1923 opibus
3311 1848 3675 1904 subnixum?

2040 1943 2361 2013 Respondit
2424 1944 2789 2012 Vestigator:
2833 1940 2913 1995 Ne
2962 1946 3322 2005 contemnas,
3384 1938 3530 1991 heus
3588 1940 3673 2003 tu,

2040 2030 2286 2085 nimium
2322 2031 2662 2085 tenuitatem
2697 2034 2752 2083 et
2799 2027 3255 2082 imbecillitatem
3308 2042 3515 2079 meam.
3576 2022 3675 2075 Vi-

2039 2119 2241 2179 ctoria.
2277 2118 2323 2173 si
2360 2119 2692 2183 nescis,non
2724 2121 2811 2171 est
2839 2116 3073 2185 alligata
3105 2114 3336 2168 lacertis
3361 2130 3423 2167 ac
3458 2111 3672 2177 robori,

2040 2223 2303 2276 saepeque
2332 2207 2586 2259 vidimus
2620 2204 2964 2258 valentiores
2996 2203 3065 2256 ab
3099 2201 3518 2255 infirmioribus
3543 2216 3676 2269 pro-

2039 2300 2271 2348 stratos.
2306 2295 2389 2348 Ad
2436 2311 2502 2347 ea
2548 2296 2887 2358 Coronatus,
2940 2291 3086 2345 Vera
3133 2290 3407 2358 loqueris,
3442 2289 3541 2351 ait,
3577 2289 3679 2341 sed

2038 2384 2186 2445 vide,
2222 2399 2291 2437 ne
2324 2382 2420 2435 ubi
2455 2380 2871 2452 perpetraveris
2918 2380 3069 2449 quod
3126 2395 3317 2449 paras,
3378 2378 3434 2430 in
3494 2374 3680 2445 perni-

2040 2470 2185 2524 ciem
2223 2471 2513 2524 laborasse
2544 2474 2599 2522 te
2634 2469 2927 2538 propriam
2961 2483 3090 2520 sero
3122 2465 3449 2535 intelligas;
3476 2462 3680 2517 multis

2039 2559 2193 2612 enim
2220 2558 2380 2628 paria
2412 2557 2761 2610 machinatis
2791 2556 2849 2609 id
2877 2553 3140 2625 contigit,
3173 2559 3231 2607 et
3251 2553 3398 2606 tanti
3423 2558 3507 2607 est
3531 2568 3680 2620 quae-

2039 2647 2172 2699 dam
2214 2646 2308 2699 hic
2329 2647 2455 2714 ejus
2487 2644 2715 2714 generis
2744 2642 3008 2714 exempla
3052 2658 3428 2695 memorasse.
3464 2644 3678 2693 Ascetze

2040 2733 2272 2787 cuidam
2305 2732 2641 2787 solitudinis
2674 2748 2790 2785 suae
2826 2736 3064 2800 pertaeso
3097 2730 3369 2783 accedere
3400 2728 3573 2781 libuit
3605 2727 3675 2780 ad

2040 2820 2282 2891 regiam,
2315 2825 2464 2886 et,ut
2492 2820 2573 2873 ibi
2617 2825 2704 2874 est
2760 2819 3022 2882 solitum,
3083 2833 3221 2887 opes
3282 2817 3677 2871 assentatione

2040 2907 2509 2961 nundinari.Nec
2540 2911 2668 2960 voto
2695 2905 2909 2960 excidit
2956 2921 2969 2958 :
3024 2903 3301 2958 delinitus
3348 2903 3502 2958 enim
3550 2904 3678 2973 ejus

2041 2995 2338 3065 obsequiis
2370 3010 2469 3049 rex
2501 3010 2710 3065 magno
2742 3010 2876 3047 eum
2900 3008 3143 3047 numero
3170 2992 3407 3046 donavit
3436 2991 3683 3063 conchy-

2041 3083 2316 3137 liatorum
2349 3084 2696 3137 stromatum
2730 3085 2786 3135 et
2816 3081 2991 3135 vestis
3025 3079 3269 3135 attalicze
3305 3079 3523 3134 summi
3552 3096 3679 3150 pre-

2045 3170 2332 3225 tii.Rediit
2361 3174 2609 3225 onustus
2650 3169 2847 3241 opima
2873 3169 3067 3240 praeda
3112 3167 3410 3222 solitarius
3469 3184 3684 3222 avarus

2046 3262 2106 3315 in
2140 3276 2313 3314 suum
2345 3257 2672 3323 rusculum,
2706 3261 2761 3313 et
2794 3274 3003 3327 magno
3055 3258 3247 3310 fructu
3311 3272 3372 3310 se
3412 3271 3686 3325 peccasse

2045 3354 2245 3403 contra
2279 3346 2699 3417 professionem
2751 3363 2919 3401 suam
2972 3345 3031 3399 in
3072 3344 3203 3399 sinu
3254 3343 3682 3416 gratulabatur.

2048 3436 2224 3489 Breve
2254 3434 2532 3505 gaudium
2566 3434 2622 3487 id
2673 3432 2803 3488 fuit.
2866 3432 3273 3500 Latrunculus,
3324 3448 3382 3487 re
3431 3432 3682 3503 cognita,

2048 3538 2245 3577 senem
2280 3522 2626 3577 adit:narrat
2660 3522 2877 3576 fessum
2927 3538 2989 3575 se
3042 3520 3248 3577 mundi
3297 3520 3681 3586 tumultuum,

2048 3609 2345 3681 appulisse
2378 3610 2639 3663 animum
2676 3609 2744 3663 ad
2782 3608 3133 3662 desiderium
3168 3607 3295 3660 vita:
3326 3607 3677 3676 tranquilla);

2047 3703 2221 3768 atque
2255 3697 2395 3750 adeo
2426 3695 2575 3766 ipso,
2613 3697 2659 3749 si
2716 3696 3075 3763 dignaretur,
3134 3694 3411 3765 magistro
3469 3712 3680 3765 cupere

2046 3801 2258 3857 ponere
2286 3784 2619 3838 tirocinium
2657 3783 2966 3837 sanctioris
2989 3781 3309 3852 disciplinae
3343 3798 3356 3837 :
3383 3781 3465 3837 sic
3496 3783 3672 3849 enim,

2046 3874 2426 3929 consideratis
2457 3872 2927 3941 comparatisque
2959 3870 3182 3937 multis,
3216 3870 3674 3937 statuisse,haud

2046 3979 2107 4017 se
2130 3977 2299 4031 posse
2330 3959 2468 4014 alibi
2509 3960 2759 4030 reperire
2792 3958 3104 4029 perfectius
3162 3956 3459 4028 exemplar
3498 3959 3674 4011 virtu-

2043 4056 2166 4104 tum
2191 4049 2578 4119 egregiarum,
2614 4047 2826 4118 cuique
2855 4046 3134 4101 intuendo
3183 4046 3676 4117 exprimendoque

2045 4137 2371 4192 imitatione
2404 4135 2609 4190 utilius
2642 4136 2988 4189 attenderet.
3012 4134 3157 4199 Quid
3192 4133 3378 4187 multa
3405 4134 3432 4187 ?
3462 4134 3673 4188 admit-

2046 4226 2228 4292 titur;
2259 4223 2498 4278 simulat
2531 4224 2817 4288 studium,
2850 4222 3025 4276 ﬁdem
3060 4221 3196 4276 facit
3215 4224 3449 4276 sincerae
3480 4221 3679 4276 volun-

2044 4314 2206 4378 tatis,
2240 4329 2304 4366 ac
2324 4311 2524 4381 paucis
2556 4310 2766 4365 diebus
2798 4309 3133 4365 facultatem
3167 4314 3373 4363 nactus
3390 4325 3564 4378 quam
3584 4326 3682 4365 vo-

2044 4401 2544 4468 1ebat,convasata
2573 4399 2732 4453 senis
2764 4396 3123 4467 supellectile
3164 4401 3403 4450 strenue
3433 4398 3681 4467 aufugit.

307 4485 592 4558 intelligo,
626 4486 819 4556 inquit
867 4486 1223 4552 Coronatus;
1285 4503 1419 4540 nam
1471 4491 1536 4540 ut
1595 4487 1938 4541 beneficium
1971 4473 2015 4534 υ
2049 4489 2203 4542 lctus
2225 4488 2439 4541 damno
2473 4486 2792 4540 solitiarius
2823 4486 2922 4539 dat
2949 4501 3011 4540 se
3067 4485 3125 4538 in
3174 4484 3327 4538 viam
3385 4488 3449 4538 ut
3496 4485 3681 4539 furem

306 4575 463 4629 leoni
492 4578 646 4629 esset
676 4575 859 4628 cedes
887 4575 1064 4641 tauri,
1107 4578 1396 4644 oporteret
1434 4574 1589 4629 hunc
1620 4575 1944 4629 incommo-

307 4663 445 4717 dare
490 4662 597 4727 illi,
631 4662 783 4733 quod
844 4665 1048 4717 contra
1096 4666 1216 4729 est;
1270 4679 1404 4717 nam
1462 4678 1531 4717 ex
1590 4679 1702 4732 quo
1742 4667 1948 4718 taurus

309 4750 465 4804 leoni
496 4750 693 4812 servit,
722 4750 865 4805 satis
899 4750 1069 4815 bono,
1106 4754 1170 4804 ut
1198 4751 1449 4817 videtur,
1480 4750 1603 4805 loco
1645 4768 1737 4805 res
1767 4751 1946 4820 hujus

311 4843 469 4892 sunt.
505 4837 767 4905 Falleris,
791 4838 1093 4909 respondit
1142 4838 1491 4910 Vestigator,
1533 4840 1943 4909 contemptibi-

309 4926 422 4981 lem
456 4926 673 4997 quippe
703 4942 764 4981 se
795 4926 967 4995 leo,et
996 4943 1096 4995 per
1125 4926 1233 4981 hoc
1280 4926 1508 4981 insidiis
1552 4932 1944 4997 opportunum

313 5016 468 5083 apud
499 5031 638 5070 suos
670 5031 869 5070 omnes
902 5016 1169 5082 reddidit,
1212 5016 1325 5070 isto
1371 5014 1551 5069 nimio
1601 5015 1661 5069 in
1712 5021 1943 5070 taurum

314 5103 532 5169 studio,
565 5120 738 5173 quem
771 5102 1099 5158 inconsulte
1130 5103 1357 5157 cunctis
1409 5103 1678 5173 praetulit.
1712 5110 1819 5158 Sex
1849 5122 1946 5159 au.

310 5195 430 5246 tem
457 5196 648 5247 errata
680 5207 879 5261 regum
914 5196 1070 5258 sunt,
1112 5191 1328 5261 quibus
1385 5191 1785 5247 auctoritatem
1820 5209 1948 5263 per-

311 5281 463 5334 dunt
492 5285 547 5334 et
578 5280 803 5349 gladios
833 5279 1134 5334 rebellium
1167 5280 1224 5333 in
1276 5296 1337 5334 se
1389 5283 1624 5334 acuunt.
1684 5281 1946 5335 Primum

311 5372 402 5422 est
430 5367 512 5421 ibi
544 5367 751 5422 resolvi
804 5367 862 5421 in
896 5367 1190 5421 lenitatem
1225 5367 1546 5432 ﬂaccidam,
1585 5367 1679 5421 ubi
1716 5372 1951 5423 austera

311 5456 617 5510 severitate
647 5473 795 5527 opus
828 5458 1052 5522 fuerat;
1104 5458 1453 5523 secundum,
1498 5456 1556 5509 in
1591 5457 1948 5511 contrarium

309 5545 638 5597 extremum
673 5559 941 5612 peccans,
974 5544 1053 5597 ibi
1086 5560 1147 5597 so
1180 5544 1425 5598 ferocem
1468 5546 1524 5597 et
1568 5543 1947 5613 implacidum

594 5660 851 5720 PATROL.
901 5657 1012 5720 Gn.
1058 5658 1312 5719 CXLIII.

2055 4581 2356 4647 quaereret.
2381 4578 2633 4646 Apparet
2656 4576 2819 4630 eunti
2851 4574 3104 4645 primum
3156 4590 3345 4643 omen,
3370 4578 3685 4629 commissa

2053 4665 2110 4719 in
2144 4680 2281 4735 agro
2313 4681 2509 4735 pugna
2535 4665 2780 4719 arietum
2814 4664 3086 4728 duorum,
3109 4662 3687 4734 magnaira,lateque

2053 4756 2362 4807 resonante
2394 4751 2740 4806 collinarum
2795 4750 2986 4807 sonitu
3049 4749 3327 4804 frontium
3378 4749 3686 4805 incursan-

2053 4840 2198 4893 tium
2233 4839 2503 4894 invicem.
2527 4837 2865 4910 Tulpecula,
2924 4854 3067 4892 sono
3092 4836 3300 4902 excita,
3334 4837 3566 4909 utrique
3596 4838 3680 4892 in-

2057 4926 2280 4982 sidians
2312 4929 2583 4993 accurrit,
2617 4930 2673 4980 et
2728 4927 2867 4980 dum
2901 4929 3173 4980 eventum
3206 4931 3520 4996 exspectat,
3553 4926 3690 4993 sibi,

2057 5020 2119 5070 ut
2145 5015 2416 5085 sperabat
2447 5015 2709 5069 futurum
2743 5014 2971 5077 utilem,
3000 5013 3143 5067 tanti
3186 5014 3547 5080 certaminis,
3596 5014 3692 5068 in-

2055 5103 2226 5157 terim
2260 5102 2502 5173 sanguis
2538 5102 2697 5173 large
2738 5102 2926 5156 ﬂuens
2978 5118 3009 5155 e
3052 5099 3390 5156 vulneribus
3432 5118 3693 5173 pugnan-

2059 5191 2201 5245 tium
2246 5191 2331 5244 illi
2382 5190 2623 5245 salivam
2686 5190 2902 5258 movit;
2959 5206 3139 5260 quare
3197 5190 3477 5246 accedens
3522 5191 3695 5261 ccepit

2058 5280 2298 5351 lingere,
2332 5280 2739 5351 auSpicarique
2764 5280 2931 5351 quasi
2960 5279 3381 5350 promulsidem
3406 5280 3694 5336 uberioris

2061 5385 2189 5423 mox
2242 5369 2539 5422 afﬂuxuraa
2592 5384 2789 5424 omnes.
2848 5368 3062 5423 Verum
3122 5366 3206 5421 illi
3266 5385 3397 5422 caro
3437 5370 3698 5424 constitit

2060 5473 2167 5511 sua
2199 5456 2487 5526 cupiditas
2520 5472 2533 5509 :
2569 5473 2704 5511 nam
2738 5456 2849 5512 acti
2891 5455 3060 5510 furiis
3097 5456 3194 5509 irae
3234 5457 3695 5511 recrudescentis

2059 5546 2230 5600 ambo
2260 5544 2478 5609 remuli,
2506 5545 2645 5599 dum
2680 5545 2877 5600 infesti
2910 5560 2969 5599 se
3003 5548 3207 5598 mutuo
3230 5545 3541 5616 impctunt,
3570 5545 3696 5599 vul-

3347 5663 3425 5721 40
