4108 6294
455 319 591 382 1259

1968 336 2349 387 API’ENDIX.

3607 371 3610 375 ι
3695 339 3840 393 1260

452 471 582 524 pem
637 455 783 508 forte
833 455 1222 508 incurrentem
1286 454 1535 508 mediam
1573 453 2082 512 vehementissimo
2112 461 2166 525 Α
2201 458 2310 512 vita
2344 461 2654 531 indignum
2686 465 2986 533 profitetur
3012 466 3274 520 obnoxie.
3320 466 3532 520 Tundit
3578 466 3648 520 ad
3709 465 3837 521 haec

452 543 708 613 capitum
744 542 915 597 allisu
949 542 1362 597 contriverunl.

523 668 668 722 XIII.
741 669 991 738 Pergens
1051 672 1242 722 asceta
1316 673 1500 737 ccepto
1567 669 1793 739 itinere,
1853 685 2087 742 vespere

454 757 658 811 incidit
713 757 767 810 in
821 756 1131 810 coriarium
1167 757 1311 810 satis
1343 757 1687 823 humanum,
1722 759 1822 828 qui
1871 759 2084 813 reveri-

453 851 547 899 tus
603 845 912 916 hospitem.
971 845 1210 900 deduxit
1284 846 1522 900 domum
1596 846 1878 915 uxorique
1925 863 2084 902 com-

455 935 771 999 mendavit,
805 951 1084 987 excusans
1108 950 1169 986 se
1212 932 1542 987 condixisse
1598 934 1784 989 amico
1842 936 1910 988 ad
1971 952 2085 989 cce-

454 1022 881 1076 nam.Habebat
913 1027 1232 1075 amatorem
1265 1022 1474 1091 conjux
1507 1021 1756 1089 coriarii,
1788 1028 1842 1076 et
1875 1037 2087 1094 seque-

451 1117 572 1165 stra
595 1109 865 1180 flagitiosi
899 1110 1227 1164 commercii
1247 1110 1434 1164 vicina
1461 1111 1979 1177 utebantur,uxore
1995 1129 2084 1164 ar-

452 1199 626 1253 tificis
658 1197 1086 1260 umbellarum;
1121 1200 1213 1251 cui
1247 1202 1383 1251 tunc
1414 1199 1466 1251 in
1512 1215 1726 1268 aurem,
1761 1216 1963 1254 secura
1984 1201 2084 1254 ho-

452 1288 644 1358 spitis.
666 1287 977 1353 Curre,ait,
1012 1287 1196 1339 amico
1228 1286 1677 1356 nuntiatempus
1700 1303 1827 1341 esse
1855 1288 2087 1342 venien-

453 1376 507 1429 di
536 1391 670 1429 cum
702 1374 789 1428 vir
820 1373 1002 1428 abest.
1039 1373 1232 1427 Fluxit
1261 1374 1398 1428 inde
1451 1380 1536 1428 sat
1584 1376 1834 1430 multum
1893 1376 2085 1446 spatii,

453 1462 939 1530 morante,nescio
973 1477 1147 1531 quam
1209 1464 1283 1517 ob
1328 1478 1589 1528 causam,
1641 1463 1903 1518 adultero
1937 1481 1950 1518 :
1987 1464 2086 1529 'qui

453 1552 550 1607 ubi
585 1553 823 1606 tandem
858 1552 926 1604 ad
963 1551 1114 1605 fores
1137 1551 1341 1619 astitit,
1374 1567 1505 1605 ecce
1522 1553 1644 1620 jam
1681 1553 1858 1606 redux
1899 1554 2083 1607 coria-

453 1642 574 1694 rius
605 1642 844 1694 domum
879 1639 1150 1693 intrabat.
1176 1638 1417 1693 Multum
1451 1639 1501 1694 is
1527 1639 1642 1693 vini
1675 1655 1836 1695 omna
1869 1640 1967 1694 illa
1997 1658 2086 1714 ex-

452 1728 747 1793 hauserat,
784 1743 887 1780 nec
933 1726 1235 1780 constabat
1296 1727 1464 1795 plane
1522 1728 1833 1796 sensibus;
1892 1733 2083 1783 tamen

2194 549 2488 617 pectus,in
2515 567 2707 621 genua
2736 553 3006 622 procidit,
3056 554 3278 608 veniam
3323 558 3507 622 rogat,
3547 558 3832 608 internum

2193 651 2448 715 amorem
2485 640 3031 711 venerationemque
3057 641 3378 711 pollicetur.

2245 759 2412 814 .XIV.
2459 762 2618 817 Lena
2668 762 2895 818 interim
2964 764 3178 820 misera
3223 764 3632 828 dormientem,
3666 769 3833 820 nocte

2193 849 2394 917 utique
2431 851 2734 917 concubia,
2771 852 2928 906 domi
2959 853 3148 908 virum
3181 858 3373 918 nacta,
3406 853 3704 908 assidebat
3732 869 3831 922 ge-

2193 953 2356 991 mens
2385 939 2636 1006 jacentis,
2664 940 2832 1002 lecto,
2867 939 3112 995 sollicita
3139 957 3310 1011 quam
3345 957 3582 994 causam
3617 940 3832 1010 allega-

2192 1028 2280 1082 ret
2309 1025 2780 1090 deprehendendi
2815 1044 2946 1082 mox
2979 1027 3259 1084 vulneris.
3299 1030 3442 1082 Dum
3477 1027 3663 1083 multa
3692 1027 3831 1081 deli-

2194 1113 2372 1178 berat,
2408 1119 2463 1168 et
2495 1114 2638 1167 nihil
2669 1117 2919 1186 expedit,
2952 1116 3118 1184 signo
3163 1116 3502 1170 admonitus
3557 1115 3832 1170 familiari

2193 1202 2432 1254 secundi
2467 1202 2749 1271 gallicinii
2783 1203 3188 1271 umbellarius,
3221 1209 3399 1258 strato
3446 1221 3508 1259 se
3562 1204 3828 1274 proripit,

2193 1305 2259 1342 ac
2291 1288 2441 1342 inter
2459 1292 2990 1352 sumendasvestes
3012 1293 3084 1346 de
3108 1308 3266 1346 more
3289 1308 3524 1346 uxorem
3548 1291 3826 1356 excitans,

2192 1378 2362 1440 Cedo,
2384 1377 2592 1446 inquit,
2626 1379 2701 1433 da
2747 1380 2804 1432 in
2846 1395 3050 1436 manus
3081 1381 3522 1450 quamprimum
3553 1380 3610 1433 in
3643 1380 3827 1434 ot‘tici-

2194 1480 2328 1519 nam
2359 1466 2430 1519 ad
2463 1482 2608 1536 opus
2649 1468 2975 1536 profecturo
3027 1469 3422 1523 instrumenta
3467 1467 3688 1523 laboris
3735 1485 3833 1522 no-

2193 1553 2582 1614 stri,.Utuntur
2641 1556 3116 1611 umbraculorum
3177 1574 3206 1611 e
3265 1555 3519 1626 pellibus
3575 1562 3825 1621 sutores,

2191 1647 2398 1709 praeter
2429 1658 2566 1696 acus
2596 1647 2654 1697 et
2681 1644 2912 1700 forﬁces
2941 1643 3475 1714 similiaque,brevi
3509 1644 3829 1713 pressi-tim

2151 1774 2156 1784 ..
2190 1730 2289 1783 sed
2325 1729 2440 1785 lato
2473 1731 3065 1799 cultro,semilunaris
3099 1732 3316 1797 formae,
3355 1748 3491 1785 cum
3525 1732 3833 1786 manubrio

453 1816 558 1870 tali
592 1815 714 1870 loco
746 1807 1077 1883 ettempore
1109 1817 1321 1883 compti
1347 1815 1583 1882 juvenis
1617 1833 1896 1872 occursus
1927 1799 2083 1872 haud
2118 1799 2163 1875 Β
2195 1834 2227 1870 a
2255 1823 2437 1888 tergo,
2471 1820 2718 1874 rota-edo
2750 1837 2853 1874 nec
2885 1820 3078 1890 longo,
3113 1837 3228 1890 quo
3265 1826 3496 1888 arrepto
3530 1819 3712 1890 pelles
3743 1837 3840 1873 su-

455 1908 671 1957 temere
705 1902 1097 1971 suspicionem
1135 1902 1332 1956 movit.
1382 1903 1746 1972 Temperavit
1786 1904 2082 1978 nihilomi-

455 2009 564 2046 nus
599 1993 744 2045 facto
779 1991 1003 2045 dictove
1052 1990 1321 2060 graviori,
1365 1996 1421 2044 et
1479 1990 1644 2045 illum
1704 1993 1871 2046 modo
1933 1999 2086 2048 torve

455 2079 724 2145 intuitus,
761 2079 906 2133 aedes
939 2079 1112 2142 subit,
1152 2083 1390 2148 portans
1439 2079 1597 2133 intus
1647 2096 1772 2136 acre
1824 2081 2088 2151 jurgium

452 2170 523 2223 ad
555 2185 789 2222 uxorem
813 2172 1106 2238 ;quam,ut
1138 2167 1386 2238 primum
1422 2154 1708 2238 apparuit,
1745 2168 1930 2238 plagis
1961 2186 2088 2224 cen-

455 2265 649 2310 tusam
676 2257 746 2309 ad
771 2255 901 2309 lecti
937 2254 1187 2308 fulcrum
1220 2254 1512 2324 alligat;ac
1544 2259 1958 2326 repente,quod
1985 2259 2090 2312 du-

457 2349 596 2401 dum
630 2346 908 2417 poscebat
937 2350 1239 2415 gravatum
1293 2362 1450 2399 mero
1501 2353 1696 2416 caput,
1748 2364 1973 2401 sommo
2032 2364 2093 2402 se

459 2435 658 2490 tradit.
691 2437 976 2488 Stertente
1011 2433 1136 2502 jam
1187 2433 1332 2498 viro,
1380 2441 1543 2488 vocat
1587 2452 1825 2490 susurro
1886 2435 2095 2491 mulier

460 2540 637 2593 prope
667 2523 943 2576 latentem
967 2521 1158 2576 lenam
1179 2523 1529 2597 °,et,Amab_o,
1557 2522 1768 2593 inquit,
1789 2523 1944 2577 solve
1973 2529 2095 2578 tan-

459 2613 642 2682 tisper
668 2627 780 2675 me,
814 2614 984 2679 teque
1016 2609 1286 2663 vicariam
1347 2611 1416 2662 ad
1472 2611 1642 2664 breve
1699 2611 1953 2681 spatium
2005 2613 2096 2666 his

464 2700 769 2756 commoda
816 2696 1085 2751 vinculis.
1132 2697 1468 2751 Admonebo
1517 2713 1546 2752 e
1601 2699 1852 2753 fenestra
1898 2699 2097 2769 paucis

465 2788 654 2843 verbis
685 2786 994 2851 amasium,
1029 2790 1189 2840 extra
1239 2790 1299 2839 ut
1348 2790 1470 2840 tute
1528 2785 1801 2842 indicasti
1860 2793 2095 2857 praesto-

463 2878 700 2943 lantem,
735 2892 838 2928 nos
880 2873 972 2928 hic
1011 2874 1137 2943 ejus
1187 2890 1366 2927 causa
1401 2875 1616 2941 vexari,
1656 2875 2096 2945 quamprimum

467 2966 634 3020 abeat
654 2970 710 3018 et
739 2962 1100 3032 suspiciones
1129 2962 1288 3028 vitet,
1323 2978 1567 3032 moxque
1599 2963 1711 3016 huc
1762 2979 1854 3017 me
1909 2962 2098 3032 ligan-

467 3055 599 3108 dam
635 3053 842 3106 iterum
878 3050 1139 3104 reddam.
1176 3050 1421 3105 Necesse
1473 3054 1661 3104 autem
1705 3054 1794 3104 est
1853 3050 1946 3102 hic
1987 3049 2096 3103 mei

2196 1923 2296 1975 per
2330 1907 2590 1962 tabulam
2621 1913 2886 1963 extensae
2916 1908 3324 1972 incumbendo,
3357 1912 3410 1961 et
3453 1907 3837 1962 semiorbicu-

2195 1991 2375 2047 larem
2409 1993 2578 2048 cultri
2611 1995 2896 2049 ambitum
2919 1995 3197 2064 gyrando,
3229 1998 3458 2058 secant;
3495 1992 3836 2047 novaculam

2197 2082 2500 2137 coriariam
2533 2083 2770 2138 dixeris.
2792 2084 2952 2138 Hanc
2979 2101 3154 2138 unam
3182 2100 3251 2137 ex
3271 2083 3568 2144 omnibus,
3593 2098 3836 2151 poscen-

2196 2170 2236 2223 ti
2265 2171 2406 2224 artis
2437 2187 2651 2238 organa
2690 2172 2919 2235 marito,
2978 2173 3228 2242 perrexit
3275 2171 3335 2225 in
3384 2170 3643 2225 tenebris
3696 2187 3837 2224 uxor

2197 2259 2857 2329 obtrudere,excipiente
2887 2266 3089 2315 contra
3117 2259 3238 2328 illo,
3270 2265 3354 2314 Da
3385 2264 3596 2313 cuncta
3653 2256 3840 2311 simul

2198 2347 2256 2399 in
2289 2364 2463 2401 unam
2499 2347 2736 2402 collecta
2767 2349 2996 2411 cistam,
3036 2365 3148 2402 non
3211 2350 3314 2402 hoc
3369 2349 3837 2401 instrumentum

2199 2435 2389 2490 solum
2421 2439 2569 2504 peto.
2613 2442 2762 2506 Cum
2801 2441 2996 2490 autem
3030 2435 3128 2490 illa
3176 2435 3357 2490 nihilo
3418 2435 3611 2489 secius
3671 2434 3844 2487 tertio

2200 2529 2529 2592 quartoque
2570 2525 2823 2578 cultrum
2883 2523 3347 2578 semirotundum
3376 2528 3705 2594 oggereret,
3740 2521 3838 2576 ille

2200 2611 2419 2680 impetu
2456 2627 2707 2682 praeceps
2739 2611 2835 2665 irae
2869 2611 3116 2665 furentis
3151 2629 3163 2666 :
3196 2611 3286 2665 Dii
3318 2615 3372 2664 te
3421 2611 3674 2680 perdant
3722 2625 3843 2678 per-

2202 2699 2486 2752 ducantve
2519 2699 2577 2752 in
2616 2698 2826 2752 malam
2858 2715 2978 2752 rem
3010 2715 3142 2752 cum
3175 2703 3277 2752 tua
3309 2697 3497 2753 isthac
3531 2696 3844 2762 novacula,

2203 2803 2377 2856 quam
2416 2786 2472 2839 in
2504 2792 2678 2856 caput
2709 2787 2830 2854 tibi,
2874 2792 2938 2840 ut
2967 2785 3145 2856 digna
3174 2803 3255 2852 es,
3291 2785 3545 2852 remitto,
3608 2785 3836 2853 quando

2203 2874 2378 2929 istum
2416 2876 2603 2944 placet
2630 2875 3063 2944 ejus,tanquam
3097 2873 3321 2944 pilaa,ad
3348 2889 3440 2927 me
3473 2888 3666 2943 usque
3697 2873 3839 2925 mis-

2205 2964 2469 3028 sitandaa,
2518 2963 2720 3018 ludum
2772 2961 3082 3017 ridiculum
3116 2961 3336 3016 ludere.
3371 2961 3475 3014 Hic
3506 2968 3742 3031 arrepto
3772 2961 3836 3013 ad

2203 3055 2398 3105 votum
2455 3057 2716 3121 tempore
2765 3051 2977 3105 mulier
3033 3051 3374 3105 acutissime
3428 3048 3834 3103 vociferatur:

466 3142 589 3196 loco
633 3143 890 3211 perstare
951 3144 1024 3205 te,
1062 3156 1130 3191 ne
1180 3137 1294 3205 ille,
1352 3139 1494 3191 forte
1550 3137 1854 3207 evigilans,
1904 3142 1961 3191 et
2016 3139 2098 3191 fu-
2129 3153 2174 3217 ρ
2211 3139 2327 3194 Heu
2356 3141 2568 3194 nasus!
2597 3139 2707 3193 heu
2737 3157 2915 3194 nasus
2941 3142 2951 3194 l
2979 3140 3180 3194 Excita
3209 3138 3401 3193 sonitu
3425 3137 3680 3191 accurrit
3701 3136 3845 3190 vici-

467 3231 622 3300 gisse
653 3246 744 3282 me
775 3227 1056 3295 sentiens,
1091 3229 1359 3295 erumpat
1382 3225 1439 3279 in
1474 3225 1669 3280 furias.
1723 3225 1974 3293 Dictum,
2009 3226 2096 3280 fa-

470 3316 728 3370 ctum.At
757 3330 887 3368 ecce
923 3315 1064 3367 dum
1097 3315 1360 3366 moratur
1389 3311 1674 3378 adultera,
1692 3312 1973 3366 coriarius
2003 3329 2102 3367 ex-

473 3403 844 3477 pergiscitur,
919 3418 1154 3455 uxorem
1231 3405 1418 3454 vocat.
1487 3401 1640 3454 Lena
1688 3418 1758 3455 ne
1813 3417 1947 3454 voce
2005 3403 2104 3455 de-

475 3489 1068 3563 prehendatur,silet;
1103 3489 1545 3554 iterum,tertio,
1575 3489 1918 3559 contentiori
1951 3505 2104 3544 sem-

476 3598 576 3650 per
606 3595 749 3634 sono
781 3595 990 3632 nomen
1026 3576 1318 3632 inclamat.
1367 3576 1550 3630 Surdo
1588 3577 1836 3631 canitur.
1891 3579 1974 3631 Ad
2008 3595 2102 3631 ex-

475 3674 726 3724 tremum
759 3666 1104 3722 vociferatur
1133 3664 1559 3720 excandesceus
1593 3682 1604 3718 :
1639 3669 1773 3731 Quae
1806 3665 1948 3734 haec,
1984 3682 2105 3720 ma-

477 3756 618 3811 lum!
656 3754 1062 3811 contumacia?
1093 3752 1383 3823 simulque
1414 3758 1640 3824 arrepto
1687 3770 1786 3822 per
1837 3754 2104 3808 tenebras

475 3843 1096 3914 cuitello,uegantis,ut
1123 3841 1387 3912 putabat,
1412 3841 1833 3895 contumeliose
1866 3857 2103 3911 respon-

469 3952 600 3990 sum
633 3933 831 3988 uxoris
866 3948 1068 3988 nasum
1103 3931 1429 3996 abscindit;
1481 3946 1803 4000 rursusque
1859 3947 2105 4000 praegra-

469 4029 634 4078 vante
665 4021 904 4092 crapula
935 4036 1200 4089 seporem
1237 4018 1462 4089 repetit.
1509 4018 1676 4072 Redit
1732 4035 1893 4085 uxor,
1944 4018 2104 4072 adul-

466 4118 588 4166 tero
621 4111 885 4175 dimisso,
920 4109 1320 4178 ejulatumque
1345 4123 1557 4176 magno
1588 4112 1800 4160 conatu
1834 4123 2099 4177 premen-

470 4201 545 4255 tis
578 4199 931 4254 lenaelocum
964 4203 1021 4252 et
1075 4197 1301 4250 vincula
1354 4195 1620 4260 resumit,
1677 4195 1803 4264 ipsa
1861 4195 2100 4250 domum

468 4305 600 4342 cum
634 4305 774 4343 naso
808 4288 866 4340 in
903 4304 1079 4340 manu
1115 4283 1466 4338 remissa.Ea
1496 4283 1760 4354 digressa
1790 4283 1994 4354 incipit
2012 4300 2102 4338 va-

466 4379 553 4431 fra
586 4376 794 4431 mulier
821 4375 979 4430 clara
999 4390 1137 4428 voce
1170 4373 1435 4426 invocare
1481 4373 1620 4426 deos
1669 4387 1891 4438 omnes,
1925 4377 2100 4426 testes

2213 3227 2310 3280 nia
2340 3243 2470 3280 cum
2506 3228 2752 3292 facibus,
2785 3229 2982 3282 vident
3012 3244 3223 3282 nasum
3247 3226 3506 3281 mulieris
3534 3243 3565 3279 a
3585 3225 3734 3278 facie
3759 3241 3850 3278 re—

2209 3315 2394 3370 cisum
2423 3315 2668 3370 :tollunt
2695 3318 2976 3384 jacentem
3009 3315 3264 3369 cultrum
3297 3319 3612 3378 auctorem,
3637 3318 3702 3366 ut
3732 3329 3846 3382 pu-

2210 3405 2432 3468 tabant,
2448 3403 3057 3458 vulneris.Accersitus
3080 3402 3266 3456 aedilis
3290 3418 3423 3456 cum
3442 3400 3843 3467 lictoribus,vi-

2213 3507 2336 3545 rum
2355 3493 2572 3545 frustra
2588 3507 2691 3546 cau
2701 3496 2922 3545 santem
2939 3491 3210 3546 tenebras
3227 3493 3282 3543 et
3292 3505 3541 3544 errorem
3553 3493 3850 3557 ,tanquam

2212 3578 2488 3633 immanis
2501 3579 2849 3634 carnificina
2867 3584 3228 3649 compertum
3252 3578 3482 3648 abripit,
3501 3577 3623 3647 lege
3643 3577 3844 3646 utique

2213 3667 2602 3736 plectendum.
2636 3668 2930 3722 Crebescit
2959 3667 3251 3722 tumultus
3271 3669 3389 3720 toto
3410 3666 3534 3720 vico
3558 3683 3571 3731 ;
3613 3665 3845 3735 inquie-

2209 3758 2368 3809 tatur
2399 3754 2483 3810 vel
2509 3756 2758 3810 maxime
2779 3755 3010 3810 coriarii
3038 3755 3277 3822 domus;
3312 3754 3490 3823 hujus
3521 3768 3699 3808 uxore
3729 3769 3847 3823 quo

2209 3859 2379 3904 suum
2414 3844 2601 3914 magis
2629 3845 2885 3899 dedecus
2915 3848 3152 3914 tegeret,
3193 3843 3469 3897 admirari
3499 3859 3562 3896 se
3594 3841 3848 3896 maxime

2209 3931 2621 4004 indignarique
2652 3931 3064 3988 simulante.At
3091 3947 3287 3986 secum
3311 3930 3635 3986 solitarius:
3665 3930 3849 3995 Itane,

2211 4020 2423 4089 inquit,
2449 4020 2509 4074 in
2542 4020 2792 4091 singulis
2841 4019 3112 4090 hospitiis
3159 4021 3474 4090 tragoedias
3515 4019 3845 4074 inveniam!

2209 4109 2452 4163 Praestat
2483 4110 2721 4162 domum
2747 4108 2977 4176 reverti,
2999 4110 3427 4179 desperareque
3458 4108 3848 4178 recuperatio-

2211 4213 2343 4251 nem
2374 4196 2700 4251 ablatarum
2726 4197 2880 4252 furto
2900 4197 3172 4252 vestium.
3199 4197 3306 4250 Sed
3328 4196 3488 4267 prius
3511 4195 3850 4250 obitercon-

2208 4286 2402 4339 venire
2431 4301 2623 4355 regem
2644 4284 3066 4354 placet,uteum
3094 4300 3235 4339 mea;
3256 4284 3606 4355 paenitentia:
3637 4286 3845 4339 testem

2210 4375 2543 4430 adhibeam.
2571 4375 2649 4428 Ad
2683 4374 2879 4429 aulam
2907 4374 3191 4445 pervenit,
3245 4373 3597 4439 admittitur,
3634 4373 3848 4427 aﬂ'atur

465 4465 810 4519 innocentiae
842 4463 1062 4518 scilicet
1094 4479 1232 4527 suae,
1261 4478 1324 4514 ac
1356 4462 1425 4515 de
1459 4459 1748 4514 industria
1779 4475 1922 4514 sono
1970 4464 2098 4514 tan-
2141 4497 2182 4560 Β
2214 4461 2534 4532 principem
2577 4461 2668 4516 his
2696 4462 2886 4516 verbis
2921 4479 2932 4516 :
2967 4461 3224 4526 Peccavi,
3271 4460 3529 4528 domine,
3558 4475 3694 4513 eum
3728 4475 3848 4514 ere-

463 4557 520 4608 to
549 4553 646 4624 qui
682 4557 876 4623 posset
907 4551 1162 4621 sopitum
1204 4550 1472 4614 excitare,
1526 4547 1848 4603 vetularum
1901 4564 2105 4618 super-

463 4641 804 4696 stitionibus
837 4641 1032 4694 tristas
1053 4637 1332 4693 formulas
1357 4639 1482 4692 sine
1497 4637 1608 4692 line
1623 4636 2104 4708 replicat.Excus-

465 4747 527 4785 so
560 4730 718 4784 hisce
752 4728 1110 4783 clamoribus
1134 4743 1338 4781 somno
1361 4726 1704 4797 indignatus
1727 4724 1962 4778 vir:Non
1987 4741 2108 4780 ces-

464 4818 644 4884 sabis,
682 4817 888 4886 inquit,
935 4817 1268 4886 obstrepere
1299 4813 1384 4869 vel
1417 4814 1566 4869 malo
1598 4815 1820 4869 domita
1851 4815 2100 4868 trivene-

465 4906 664 4961 ﬁcaPSi
684 4905 898 4977 pergis,
933 4910 1062 4976 post
1088 4920 1298 4959 nasum
1333 4903 1593 4974 linguam
1617 4903 2102 4958 exscindam.Non

465 4995 628 5066 prius
661 4992 1117 5065 quidem,inquit
1137 4992 1257 5060 illa,
1276 5008 1454 5061 quam
1469 5007 1536 5045 ex
1550 4991 1658 5045 hac
1677 4991 1956 5058 audieris,
1989 4990 2102 5045 vir-

464 5088 649 5139 tutem
683 5100 869 5137 meam
888 5080 1106 5137 caelesti
1129 5098 1256 5135 esse
1277 5079 1611 5135 testimonio
1633 5079 1960 5149 probatam;
1976 5097 2106 5135 nam

463 5172 680 5229 exorati
698 5171 878 5241 justis
902 5170 1047 5225 meis
1071 5168 1338 5239 precibus
1362 5167 1688 5236 dei,nasum
1705 5166 1848 5220 mihi
1872 5171 1980 5222 ate
2003 5169 2108 5223 im-

466 5263 557 5331 pie
597 5266 937 5315 truncatum
990 5256 1390 5311 reddiderunt.
1448 5255 1758 5311 Perculsus
1809 5255 1961 5310 dicto
2020 5256 2108 5309 vir

465 5350 674 5421 raptim
707 5363 1024 5418 exsurgens
1059 5345 1336 5416 lychnum
1364 5343 1712 5412 accendit,et
1737 5360 1945 5399 nasum
1972 5361 2109 5398 uxo-

465 5439 740 5509 ris,cujus
775 5436 988 5492 exsecti
1019 5451 1224 5489 cruore
1257 5449 1465 5487 manus
1497 5432 1688 5486 adhuc
1736 5432 1984 5486 habebat
2014 5450 2104 5486 1n-

465 5527 798 5592 fectas,sine
830 5523 1120 5578 cicatricis
1151 5521 1396 5590 vestigio
1426 5536 1634 5574 sanum
1697 5521 1923 5586 videns,
1977 5537 2106 5576 san-

470 5617 617 5666 ctam
652 5614 836 5684 ipsam
870 5618 923 5664 et
955 5611 1065 5664 diis
1099 5627 1203 5664 suo
1241 5609 1444 5663 merito
1477 5608 1812 5678 charam,se
1845 5625 2006 5662 reum
2051 5612 2108 5663 et

2221 4566 2379 4605 mum
2413 4550 2555 4604 urbe
2586 4549 2741 4621 regia
2774 4548 3024 4615 mutavi;
3063 4565 3194 4603 cum
3229 4546 3564 4601 eblanditus
3595 4551 3708 4601 ate
3732 4563 3853 4601 mu-

2215 4655 2374 4704 nera,
2406 4636 2594 4692 libens
2617 4637 3029 4707 gratulansque
3059 4637 3295 4691 domum
3329 4635 3523 4701 retuli,
3557 4651 3673 4689 non
3707 4633 3853 4689 talia

2216 4726 2530 4797 pollicitus,
2581 4727 2815 4797 quando
2845 4725 2904 4780 in
2941 4726 3085 4780 hanc
3119 4728 3337 4782 sectam
3371 4740 3582 4778 nomen
3613 4724 3849 4779 dabam.

2213 4814 2321 4868 Sed
2356 4817 2656 4884 peccatum
2681 4811 2766 4866 lui
2798 4813 3225 4868 circumventus
3245 4812 3398 4866 furto
3423 4810 3747 4865 domestico
3778 4812 3850 4865 ab

2213 4901 2560 4958 ementiente
2591 4901 2859 4966 ascesim,
2892 4901 3045 4955 sicut
3073 4901 3394 4970 ego'vitam
3424 4899 3673 4954 aulicam
3708 4917 3853 4954 con-

2212 4994 2303 5043 tra
2335 4988 2671 5043 institutum
2713 4988 3135 5042 aﬁ'ectaveram.
3173 4985 3429 5057 Spoliato
3453 4991 3508 5041 et
3538 4986 3852 5057 requirenti

2213 5076 2584 5147 rapta,biduo
2618 5075 2869 5146 plurima
2887 5075 3260 5146 contigerunt
3281 5091 3409 5146 quae
3441 5091 3532 5130 me
3555 5076 3853 5136 docerent,

2211 5164 2513 5236 invigilare
2546 5164 2764 5218 mundo
2799 5163 3303 5234 providentiam,id
3326 5163 3529 5218 sedulo
3561 5167 3853 5231 agentem,

2220 5259 2284 5307 ut
2315 5253 2373 5307 in
2403 5253 2718 5323 perniciem
2752 5257 3054 5307 auctorum
3080 5268 3253 5322 prave
3279 5257 3402 5307 acta
3433 5253 3711 5306 recidant.
3745 5250 3854 5304 Hic

2218 5341 2337 5411 regi
2363 5341 2613 5395 narravit
2643 5357 2771 5411 quae
2801 5340 3083 5394 hactenus
3105 5339 3262 5395 dicta
3291 5344 3452 5404 sunt,
3483 5341 3684 5410 sicque
3710 5353 3854 5393 con-

2218 5429 2380 5484 tinuo
2411 5428 2692 5498 colligens
2723 5426 2922 5482 intulit
2956 5444 2968 5482 :
3001 5427 3183 5482 Avida
3207 5427 3411 5498 vulpes
3463 5426 3714 5498 ingluvie
3745 5442 3857 5480 sua

2217 5515 2806 5589 periit;temulentum
2821 5515 2974 5572 etira
2986 5515 3336 5586 praecipitem
3361 5515 3674 5570 curiarium
3709 5531 3858 5569 suus

2216 5623 2376 5660 error
2393 5605 2549 5659 ultus
2566 5604 2808 5671 estglena
2829 5602 3040 5674 proprii
3064 5603 3494 5674 nasijacturam
3520 5602 3859 5658 nundinan-
