4108 6294
333 326 464 384 1261

1298 420 1301 421 ν
1343 343 1699 395 SPECIMEN
1737 344 2135 397 SAPlENTl/E
2176 345 2497 400 INDORUM
2538 350 2697 400 VET.

3576 347 3713 401 1262

332 454 416 507 dae
448 451 646 507 aliena:
680 454 969 523 pudicitiae
991 456 1241 526 pretium
1268 460 1419 528 tulit;
1455 461 1705 534 denique
1738 464 1962 518 umbel-
1995 466 2047 534 Α
2080 464 2199 519 Etsi
2232 470 2287 520 te
2319 466 2485 522 nobis
2518 466 2911 523 adversarium
2943 466 3184 536 seimus,
3218 473 3411 523 tamen
3428 470 3713 541 quiapru-

328 541 516 595 larum
549 542 755 595 artifex
779 544 1010 612 justum
1037 546 1146 599 sub
1181 546 1321 603 falso
1341 549 1584 604 crimine
1607 551 1963 623 supplicium

328 647 540 700 passus
566 636 653 685 est
683 632 753 687 ob
786 648 897 685 non
950 632 1301 702 prohibitam
1356 636 1644 693 lenocinio
1706 658 1962 697 uxorem.

330 718 467 772 Vere
499 715 579 772 ita
609 722 731 772 est:
766 719 916 773 male
947 721 1212 776 consulta
1244 723 1301 776 in
1336 730 1508 796 caput
1550 728 1701 781 male
1751 746 1963 782 consu-

326 804 569 860 lentium
602 806 885 871 recidunt;
920 808 1169 878 quisque
1200 812 1414 865 damno
1439 831 1543 867 suo
1577 819 1812 884 peccat;
1840 833 1963 885 quae

335 892 602 959 facimus,
636 894 913 964 patimur.
948 895 1149 950 Refero
1202 915 1292 953 me
1323 899 1377 952 in
1412 917 1607 955 meum
1659 904 1962 973 angulum,

327 980 469 1034 satis
502 982 740 1035 edoctus
774 981 863 1036 his
891 985 1282 1041 successibus:
1318 988 1413 1057 qui
1438 990 1633 1059 cupiat
1682 992 1867 1044 vivere
1902 994 1966 1045 ut

327 1069 529 1133 vult,ei
552 1069 865 1124 cavendum
894 1072 1043 1126 serio
1074 1089 1200 1128 esse
1224 1091 1292 1129 ne
1316 1081 1444 1146 agat
1466 1077 1617 1147 quod
1645 1096 1755 1131 non
1781 1080 1962 1133 decet.

396 1192 515 1247 XV.
553 1194 648 1247 llis
680 1195 980 1264 expositis,
1022 1196 1380 1253 concludens
1421 1217 1749 1255 sermonem
1796 1205 1964 1257 Curu-

322 1284 518 1347 natus,
553 1280 916 1336 familiariter
946 1300 1261 1341 conversus
1291 1288 1363 1341 ad
1391 1288 1833 1359 Vestigatorem,
1859 1293 1959 1346 ait:

318 1369 461 1424 Vide
492 1375 623 1441 post
654 1371 775 1426 hac
804 1375 1067 1443 exempla
1089 1377 1229 1445 quid
1247 1377 1316 1430 de
1339 1381 1394 1432 te
1422 1382 1669 1434 statuas.
1692 1382 1802 1450 Ego
1828 1383 1960 1451 qui-

318 1458 448 1511 dem
491 1458 638 1513 male
673 1465 888 1529 metuo,
914 1478 984 1515 ne
1016 1480 1141 1531 quae
1174 1464 1233 1517 in
1266 1470 1501 1520 taurum
1526 1472 1581 1521 te
1633 1470 1958 1524 machinari

316 1546 636 1615 significas,
669 1548 776 1602 tibi
808 1550 1182 1618 potissimum
1213 1552 1327 1621 ipsi
1349 1561 1613 1611 noceant.
1649 1557 1735 1611 Illi
1762 1559 1955 1614 statim

318 1634 645 1703 Vestigator
673 1637 968 1705 reposuit:
993 1638 1117 1693 Non
1150 1641 1348 1694 iverim
1374 1644 1619 1708 inficias,
1660 1661 1793 1699 vera
1832 1662 1958 1701 esse

316 1738 443 1791 quae
476 1722 694 1789 dixisti;
722 1729 917 1780 tamen
949 1732 1005 1780 et
1025 1742 1129 1796 ego
1179 1743 1377 1783 verum
1421 1730 1565 1785 illud
1599 1748 1954 1787 commemo-

314 1826 474 1864 rasse
516 1827 608 1865 me
639 1817 902 1878 autumo,
935 1816 1088 1883 quod
1121 1815 1331 1869 iterum
1366 1818 1617 1884 afﬁrmo,
1668 1838 1817 1890 saepe
1854 1840 1951 1891 po-
1985 1828 2029 1891 Β

314 1898 593 1953 tentiores
623 1900 694 1952 ab
722 1900 1146 1956 infirmioribus
1184 1903 1356 1957 vinei.
1415 1908 1773 1975 Argumenta
1829 1928 1954 1965 ser-

312 2001 456 2055 pens
480 1991 539 2040 et
568 2003 782 2058 cycnus
814 1988 952 2056 sint;
975 2006 1089 2043 non
1110 1989 1284 2060 longa
1303 1996 1392 2046 est
1414 2009 1517 2048 nec
1536 1997 1843 2051 incelebris
1868 2000 1951 2052 la-

316 2073 471 2126 bula.
505 2074 747 2139 Corvus,
776 2075 1102 2145 inquilinus
1132 2083 1370 2133 vetustas
1398 2082 1622 2137 arboris
1654 2084 1710 2137 in
1734 2090 1949 2153 monte,

308 2159 669 2216 luculentam
720 2164 1036 2233 quotannis
1067 2164 1343 2234 injuriam
1378 2169 1707 2236 patiebatur
1747 2189 1781 2225 a
1828 2189 1949 2226 ser-

310 2255 481 2319 pente
511 2252 567 2305 in
603 2269 738 2307 cavo
783 2255 1044 2320 ejusdem
1090 2256 1317 2311 arboris
1367 2263 1571 2313 trunco
1625 2260 1947 2318 nidulante.

308 2337 448 2391 Cum
482 2341 632 2393 enim
687 2358 843 2395 more
884 2342 1076 2395 avium
1110 2360 1314 2397 corvus
1341 2361 1479 2399 suos
1521 2364 1693 2403 verna
1723 2355 1949 2420 tempe-

307 2430 455 2481 state
476 2428 663 2496 pullos
682 2429 1136 2499 excluserat,eos
1166 2432 1315 2486 clam
1342 2434 1628 2504 adrepons
1659 2438 1831 2492 draco
1856 2440 1950 2492 de-

307 2516 567 2585 vorabat,
601 2521 828 2587 captato
887 2524 1076 2572 astute
1130 2524 1413 2590 tempore,
1456 2539 1569 2592 quo
1602 2528 1948 2591 necessariis

312 2599 423 2655 alio
447 2602 748 2671 digressus
771 2605 984 2670 causis,
1011 2623 1042 2659 a
1067 2606 1199 2659 nido
1223 2624 1426 2662 corvus
1450 2611 1670 2666 aberat.
1704 2616 1820 2667 Hoc
1845 2616 1947 2668 ite-

314 2704 442 2742 rum
478 2692 534 2742 et
564 2692 733 2744 tertio
752 2690 1079 2763 saepiusque
1102 2694 1315 2748 factum
1339 2708 1563 2767 corvus,
1592 2704 1652 2753 ut
1675 2718 1778 2771 par
1800 2706 1945 2771 erat,

315 2777 613 2844 aegerrime
655 2779 861 2845 ferens,
895 2781 1120 2835 consilii
1155 2799 1331 2837 causa
1378 2784 1573 2840 thoem
1637 2793 1945 2857 quemdam

313 2879 532 2927 senem,
568 2865 759 2919 multa;
792 2870 1108 2938 prudentia:
1158 2870 1309 2925 fama
1358 2872 1658 2943 inclytum,
1694 2878 1854 2931 adiit.
1890 2878 1946 2932 Ei

310 2968 441 3015 cum
476 2954 841 3023 exposuisset
871 2972 995 3025 quae
1030 2975 1240 3026 passus
1262 2964 1403 3027 erat,
1433 2964 1789 3033 proponebat
1819 2983 1947 3036 qua“:

311 3040 1199 3114 cogitarat:Ego,inquiens,quo
1231 3047 1405 3101 simul
1439 3050 1652 3104 damna
1701 3053 1948 3108 ulciscar

312 3128 619 3197 praeterita,
654 3135 707 3183 et
742 3130 939 3183 futura
963 3140 1320 3200 praevertam,
1355 3136 1596 3205 decrevi,
1621 3139 1727 3192 nisi
1762 3144 1821 3193 tu
1856 3158 1943 3195 se-

314 3232 418 3270 cus
450 3215 652 3281 sentis,
686 3217 992 3271 observare
1034 3222 1265 3288 quando
1297 3223 1569 3279 inimicus
1602 3228 1775 3281 draco
1808 3230 1942 3282 dor-

311 3304 470 3370 miat,
506 3309 763 3375 tuncque
794 3306 920 3359 sine
961 3308 1204 3377 strepitu
1254 3311 1551 3378 accedens,
1612 3316 1809 3370 oculos
1864 3320 1943 3373 illi

307 3397 494 3446 rostro
527 3392 795 3446 effodere.
828 3393 911 3446 Ad
934 3410 1000 3448 ea
1032 3396 1163 3449 thos
1192 3398 1437 3452 vetulus:
1465 3400 1585 3454 Non
1622 3402 1729 3457 hoc
1758 3408 1942 3461 tenta-

306 3480 416 3543 bis,
436 3480 650 3548 inquit,
677 3479 723 3533 si
760 3496 848 3534 me
878 3481 1102 3547 audies;
1126 3500 1331 3551 magno
1362 3486 1517 3541 enim
1540 3490 1689 3545 malo
1710 3497 1806 3547 tuo
1827 3500 1943 3550 ten-

311 3570 484 3620 tares.
518 3566 587 3619 Et
623 3564 1130 3637 vigilantissimus,
1182 3576 1236 3624 et
1293 3573 1584 3643 facillime,
1620 3578 1667 3632 si
1712 3584 1945 3650 quando

310 3654 630 3721 conniveat,
666 3655 985 3709 excitabilis
1019 3657 1192 3711 draco
1243 3664 1350 3728 est,
1404 3662 1686 3735 habetque
1718 3684 1948 3740 semper

311 3741 369 3794 in
397 3744 669 3811 promptu
706 3758 867 3797 arma
902 3743 1077 3798 nimis
1102 3747 1371 3816 expedita
1402 3749 1458 3802 in
1493 3755 1760 3810 cominus
1794 3775 1947 3814 acce-

303 3828 436 3882 dere
454 3845 652 3893 ausos,
687 3829 890 3884 dentes
914 3836 969 3884 et
997 3848 1306 3887 venenum.
1337 3834 1673 3895 Cumulares
1696 3846 1945 3912 graviori

308 3920 410 3970 tua
440 3915 599 3970 clade
623 3917 886 3986 jacturas
918 3917 1215 3987 priores,si
1249 3926 1645 3992 aggredereris
1673 3934 1825 4001 qucd
1854 3936 1944 3989 di-

302 4005 408 4059 cis.
446 4007 632 4069 Quare
660 4006 839 4059 aliam
872 4024 1081 4062 censeo
1109 4009 1387 4066 adhibeas
1442 4016 1795 4085 machinam,
1830 4039 1945 4093 qua

300 4092 526 4147 hostem
565 4109 765 4163 queas,
815 4094 959 4148 citra
1002 4100 1161 4150 tuam
1207 4098 1394 4168 ipsius
1441 4105 1778 4173 perniciem,
1814 4127 1941 4180 per—

303 4182 457 4249 dere,
493 4196 562 4234 ne
593 4181 832 4251 patiaris
865 4184 1018 4251 quod
1054 4201 1229 4255 cycno
1254 4189 1514 4259 contigit.
1544 4192 1757 4248 Ferunt
1787 4197 1940 4252 enim

304 4285 549 4340 cycnum
585 4272 899 4340 quemdam
928 4272 1236 4327 stationem
1270 4275 1548 4333 habuisse
1580 4298 1937 4350 percommo-

302 4358 435 4411 dam
462 4374 638 4428 prope
656 4362 925 4426 stagnum
948 4359 1178 4428 plenum
1203 4362 1738 4437 piscibus,quorum
1755 4375 1944 4442 praeda

303 4444 645 4514 quotidiana
674 4446 811 4499 vixit
842 4448 911 4500 ad
944 4453 1305 4506 senectutem
1338 4470 1524 4526 usque
1572 4456 1939 4529 lautissime;

2072 554 2263 608 dentia
2298 561 2665 625 prazstantem
2700 557 2965 611 eumdem
3004 563 3055 611 te
3084 558 3373 625 novimus,
3403 574 3513 612 non
3548 558 3711 613 dubi-

2071 646 2262 696 tamus
2293 660 2359 697 ex
2391 650 2444 698 te
2474 661 2725 713 quaerere
2756 646 3085 712 consilium,
3137 647 3288 716 quod
3347 653 3483 700 tunc
3532 649 3707 701 etiam

2074 730 2143 783 ab
2168 731 2331 785 hoste
2365 749 2477 786 non
2510 733 2685 787 stulte
2718 734 2952 803 petitur,
2982 733 3216 804 quando
3240 735 3297 787 in
3332 751 3389 787 re
3427 734 3705 790 utilitate-

2074 833 2184 887 que
2214 820 2508 876 communi
2544 820 2970 875 consulentium
3006 822 3217 891 pariter
3248 826 3302 875 et
3333 823 3584 877 consulti
3609 826 3705 879 de-

2072 906 2338 961 liberatio
2370 915 2650 963 versatur.
2688 913 2818 981 Age,
2847 910 2984 979 quid
3018 902 3521 981 censes'optimum
3550 912 3702 966 factu

2073 1010 2183 1064 quo
2218 996 2387 1049 istam
2422 997 2588 1050 nobis
2638 999 3027 1052 communiter
3074 999 3372 1053 exitiosam
3434 1002 3705 1054 omnibus

2072 1082 2422 1150 piscatorum
2457 1085 2945 1156 conspirationem
2982 1084 3289 1140 eludamus
3319 1087 3346 1139 ‘I
3400 1087 3702 1158 Equidem,

2070 1185 2284 1239 cycnus
2318 1170 2507 1241 inquit
2534 1178 2840 1244 postquam
2892 1173 2960 1227 ad
2996 1174 3188 1228 omnia
3219 1192 3308 1228 me
3361 1176 3501 1229 verti
3559 1176 3704 1229 nihil

2070 1260 2455 1327 opportunius
2489 1261 2711 1330 reperio
2743 1278 2917 1331 quam
2954 1263 3151 1331 fugere
3184 1263 3456 1316 infestum
3490 1264 3702 1330 locum,

2068 1350 2124 1397 et
2156 1346 2401 1415 migrare
2432 1365 2528 1401 vos
2560 1364 2762 1401 omnes
2794 1366 2857 1402 ex
2885 1349 2992 1403 hoc
3036 1349 3163 1403 lacu
3205 1350 3260 1403 in
3314 1350 3483 1403 aliam
3544 1350 3703 1419 igno-

2067 1435 2186 1487 tam
2246 1428 2575 1506 inviamque
2630 1436 2787 1491 hisce
2849 1438 3218 1508 pradonibus
3271 1437 3559 1507 paludem,
3605 1439 3701 1491 ubi

2067 1537 2198 1574 cum
2232 1522 2368 1575 satis
2403 1541 2563 1593 aquae
2594 1525 2805 1589 subsit,
2839 1541 2909 1577 ne
2939 1525 3021 1579 illi
3046 1532 3424 1596 supernatent
3458 1527 3703 1596 piscato-

2066 1608 2161 1661 ria:
2194 1610 2432 1680 cymbae,
2467 1616 2758 1665 exstantes
2822 1612 3131 1681 prohibent
3190 1614 3526 1669 aruudines.
3562 1613 3702 1669 Novi

2063 1694 2278 1763 locum,
2302 1703 2358 1752 et
2387 1716 2451 1753 eo
2473 1700 2567 1769 qui
2601 1699 2792 1754 volent
2815 1706 3089 1769 vestrum,
3118 1719 3226 1756 non
3252 1709 3484 1773 gravate
3510 1709 3700 1761 trans-

2064 1784 2261 1840 feram.
2296 1787 2538 1843 Oramus
2564 1794 2638 1855 te,
2675 1788 2997 1844 acclamant
3035 1806 3170 1844 voce
3208 1808 3321 1845 una
3362 1794 3547 1862 pisces
3571 1810 3698 1847 om-

2062 1892 2183 1943 nes,
2221 1877 2425 1931 exhibe
2459 1879 2609 1947 quod
2643 1877 2834 1945 offers,
2897 1896 3117 1949 nosque
3169 1879 3302 1934 hinc
3362 1898 3582 1935 amove.
3636 1882 3701 1937 Et

2058 1963 2173 2018 ille:
2202 1964 2411 2019 Vereor
2442 1966 2675 2036 quidem
2714 1970 2776 2021 ut
2809 1984 2921 2020 non
2956 1985 3150 2021 serum
3186 1968 3462 2023 auxilium
3490 1969 3586 2039 sit,
3618 1969 3699 2025 ita

2062 2053 2333 2109 festinare
2368 2056 2684 2126 piscatores
2714 2057 2900 2111 video:
2936 2060 3129 2111 tamen
3158 2075 3259 2127 pro
3286 2058 3432 2112 virili
3467 2064 3698 2114 conten-

2059 2144 2211 2195 dam.
2247 2144 2345 2197 Ilis
2370 2144 2539 2199 dictis
2572 2142 2817 2215 piscium
2853 2146 3079 2215 aliquos
3111 2148 3396 2216 majorum
3432 2148 3693 2201 certatim

2058 2249 2118 2285 se
2159 2235 2477 2302 praebentes
2522 2232 2789 2303 arripuit,
2854 2239 3130 2304 tanquam
3194 2235 3602 2304 deportaturus
3632 2236 3691 2289 in

2057 2321 2409 2391 promissum
2435 2327 2731 2391 stagnum;
2752 2338 2847 2374 eos
2881 2324 3097 2389 autem,
3124 2322 3350 2376 simula
3382 2328 3693 2392 conspectu

2056 2409 2353 2473 abscessit,
2378 2409 2436 2462 in
2466 2409 2586 2463 loco
2614 2410 2849 2463 seducto
2874 2410 3185 2464 devoravit.
3221 2411 3369 2463 Tum
3404 2412 3567 2479 quasi
3593 2427 3695 2480 ge~

2057 2496 2304 2551 statione
2326 2497 2662 2567 perfunctus
2685 2495 2830 2551 alios
2847 2496 3107 2568 aliosque
3123 2498 3393 2552 similiter
3408 2500 3695 2569 sumebat,

2056 2584 2325 2638 similiter
2355 2585 2718 2651 absumebat,
2745 2585 2988 2639 subinde
3014 2586 3266 2641 rediens.
3285 2586 3445 2640 Tunc
3468 2603 3694 2657 cancer,

2057 2670 2412 2740 multisjam,
2440 2678 2503 2726 ut
2525 2674 2788 2741 putabat,
2808 2672 2864 2725 in
2890 2678 3081 2726 tutum
3106 2674 3527 2740 subductis,sui
3551 2688 3695 2745 quo-

2056 2776 2187 2829 que,
2220 2760 2318 2828 qui
2348 2775 2523 2813 causa
2546 2759 2766 2813 cantoris
2797 2760 3060 2814 beneficii
3123 2761 3346 2815 fuisset.
3413 2762 3695 2816 rationem

2054 2846 2276 2911 haberi,
2310 2863 2552 2917 cycnum
2588 2864 2819 2917 rogans,
2874 2849 3061 2919 petiit.
3125 2849 3237 2904 Nec
3297 2846 3390 2902 ille
3452 2850 3691 2918 abnuit;

2054 2936 2377 3006 deportavit
2407 2940 2603 2989 autem
2637 2940 2691 2989 et
2724 2934 2887 2989 illum
2930 2936 2988 2989 in
3023 2936 3325 2991 macellum
3366 2954 3562 3001 suum,
3597 2938 3693 2991 ubi

2054 3022 2300 3095 piscium
2338 3023 2551 3094 perfide
2582 3024 2653 3077 ab
2680 3023 2775 3077 illo
2801 3030 3190 3079 comestorum
3212 3026 3410 3080 tristes
3436 3025 3694 3095 reliquias

2048 3113 2340 3181 jacebant,
2358 3129 2423 3165 ac
2446 3112 2908 3166 dissimulatione
2929 3111 3191 3179 dimissa,
3218 3128 3278 3166 se
3302 3116 3365 3167 ad
3391 3130 3522 3166 eum
3549 3129 3695 3182 quo-

1975 3176 2017 3241 (ἶ
2056 3218 2167 3270 que
2199 3201 2521 3253 vorandum
2555 3199 2823 3253 accinxit.
2856 3200 3112 3253 Territus
3146 3210 3351 3254 Cancer
3382 3206 3437 3255 et
3468 3204 3689 3270 specta-

2053 3289 2179 3342 culo
2211 3294 2268 3341 ct
2315 3287 2566 3358 periculo
2620 3287 3127 3357 inopinatissimis,
3163 3293 3354 3343 tamen
3390 3288 3693 3343 constituit

2054 3393 2166 3429 non
2202 3376 2403 3430 deesse
2436 3375 2569 3441 sibi,
2598 3392 2703 3429 nec
2733 3375 2790 3428 in
2824 3376 3305 3431 miserrimalicet
3328 3377 3694 3431 circumven-

2052 3464 2206 3517 tione
2238 3464 2489 3517 inultum
2523 3482 2583 3519 se
2613 3463 2861 3535 opprimi
2895 3464 3102 3518 sinere.
3135 3464 3411 3535 Juvitque
3442 3482 3567 3520 sors
3596 3482 3693 3519 au-

2054 3552 2283 3605 dentem
2312 3568 2325 3615 ;
2361 3552 2624 3621 nihilque
2655 3551 2810 3606 aliud
2832 3551 2945 3606 nisi
2965 3556 3207 3607 mortem
3235 3571 3345 3608 non
3380 3553 3691 3624 ingloriam

2054 3641 2163 3695 isto
2193 3640 2554 3709 repugnandi
2587 3644 2793 3693 conatu
2847 3640 3124 3710 captanti,
3157 3642 3337 3695 vitam
3396 3642 3571 3695 etiam
3602 3642 3691 3694 vi-

2052 3728 2233 3783 ctoria
2264 3727 2540 3798 inclytam
2574 3727 2894 3782 concessit:
2930 3728 3213 3797 siquidem
3266 3744 3472 3784 cancer
3510 3729 3692 3783 chelis

2051 3816 2174 3870 suis
2209 3820 2363 3869 arcte
2382 3808 2719 3885 complexus
2746 3816 3097 3886 robusteque
3120 3818 3513 3886 comprimens
3528 3816 3689 3887 cycni

2051 3904 2287 3972 collum,
2321 3902 2515 3974 ipsum
2568 3903 2787 3958 frustra
2846 3902 3221 3958 reluctantem
3276 3904 3684 3974 etrangulavit.

2052 3982 2178 4048 llmc
2210 4008 2273 4047 eo
2308 3992 2600 4062 pertinent
2642 3996 2703 4045 ut
2750 3990 3067 4061 intelligas,
3121 4008 3308 4060 corve,
3358 3993 3488 4047 aliis
3543 3993 3687 4046 insi-

2051 4080 2308 4135 diantem
2341 4096 2454 4133 non
2490 4096 2617 4133 raro
2650 4079 2902 4133 incidere
2935 4082 3123 4149 ipsum
3169 4080 3225 4133 in
3260 4080 3478 4135 foveam
3514 4098 3689 4152 quam

2050 4169 2205 4223 facit.
2240 4168 2520 4231 Quocirca
2553 4183 2904 4239 magnopere
2935 4170 3139 4221 auctor
3164 4167 3269 4220 tibi
3296 4185 3426 4222 sum
3455 4185 3523 4221 ne
3558 4186 3691 4238 pro-

2050 4258 2183 4327 pius
2205 4261 2259 4309 te
2291 4257 2601 4311 admoveas
2632 4255 3010 4310 astutissime:
3045 4271 3109 4310 ac
3143 4257 3569 4311 nocentissima:
3594 4258 3691 4312 be-

2050 4345 2193 4405 stiae;
2228 4344 2442 4397 docebo
2476 4349 2529 4397 te
2560 4349 2752 4398 autem
2786 4343 3069 4397 rationem
3086 4343 3134 4397 ei
3162 4348 3335 4405 certo,
3362 4348 3417 4398 et
3445 4345 3695 4415 graviter

2050 4435 2105 4484 et
2127 4430 2252 4483 sine
2282 4434 2381 4483 tuo
2416 4429 2672 4500 periculo
2706 4429 2981 4484 nocendi.
3016 4433 3170 4499 Rape
3202 4446 3318 4499 qua
3347 4430 3501 4485 vales
3550 4436 3691 4501 arte,

299 4534 400 4587 sed
433 4537 572 4588 tunc
602 4533 899 4589 debilitate
929 4536 1121 4605 gravis
1152 4540 1357 4609 aetatis,
1388 4517 1501 4598 nim
1547 4547 1799 4617 amplius
1842 4517 1939 4620 pi_'
1962 4535 2002 4596 ί)
2036 4518 2372 4620 edomiblus‘
2388 4536 2453 4573 ac
2486 4519 2714 4620 scriniis
2739 4517 3050 4618 hominum
3075 4519 3461 4619 aliquiddpsis
3478 4524 3689 4620 pretiof

301 4620 771 4676 scationislabori
794 4623 1693 4693 sufficiens,ascenditfamelicus
1711 4636 1762 4688 in
1783 4654 1942 4691 mon-

301 4713 441 4776 tem,
470 4708 571 4762 ubi
606 4709 749 4763 forte
780 4709 986 4765 obvius
1010 4727 1237 4770 cancer:
1262 4716 1377 4769 Cur
1398 4721 1472 4785 te,
1506 4718 1716 4791 inquit,
1747 4741 1942 4795 cyone,

304 4795 620 4850 sollicitum
647 4804 849 4867 praeter
868 4815 1084 4853 morem
1112 4807 1434 4875 maestoque
1465 4807 1714 4864 similem
1748 4812 1947 4869 video?

304 4882 538 4947 Quidni,
573 4884 652 4938 ait
680 4884 795 4951 ille,
830 4885 1117 4942 sollicitus
1148 4890 1258 4944 sim
1293 4898 1349 4945 et
1381 4900 1645 4963 Incestus,
1679 4900 1777 4970 qui
1811 4918 1943 4956 cum

307 4972 589 5027 hactenus
608 4973 829 5028 fruerer
858 4974 1067 5045 opibus
1101 4976 1336 5046 piscosi,
1361 4983 1451 5035 cui
1480 4986 1834 5055 assidebam,
1857 4991 1943 5045 la-

307 5077 410 5116 cus
430 5061 643 5117 victum
678 5063 1042 5134 suggerentis
1076 5066 1569 5138 copiosissimum,
1602 5077 1789 5131 audivi
1842 5079 1943 5134 ho-

308 5148 399 5203 die
430 5150 745 5219 piscatores
769 5152 1138 5209 consulentes
1162 5155 1310 5212 inter
1330 5177 1390 5214 se
1418 5163 1766 5236 saginaeque
1798 5185 1949 5224 com-

311 5242 605 5307 parantes,
639 5240 850 5309 quibus
882 5245 1065 5296 totum
1099 5245 1415 5303 everriculo
1446 5255 1715 5323 stagnum
1740 5256 1948 5313 exhau-

313 5324 485 5392 riant,
511 5325 734 5381 nullum
765 5345 835 5382 ne
868 5330 935 5382 ad
953 5330 1210 5386 sobolem
1232 5335 1459 5404 quidem
1488 5339 1831 5409 pisciculum
1857 5364 1945 5402 re-

312 5412 541 5481 liquum
572 5412 805 5470 facturi.
841 5416 966 5470 Haec
998 5434 1205 5474 cancer
1231 5424 1429 5479 audita
1448 5426 1705 5496 piscibus
1727 5434 1946 5499 retulit,

315 5499 582 5555 indicans
614 5520 712 5573 pro
742 5505 1004 5560 amicitia
1062 5508 1407 5577 perieulum.
1440 5514 1529 5569 llli
1562 5534 1700 5575 sane
1720 5527 1950 5576 contur-

312 5586 433 5640 bati
465 5603 709 5657 cycnum
742 5590 1022 5647 adeuntes
1056 5594 1211 5649 aﬂ‘ati
1244 5604 1382 5653 sunt
1412 5600 1468 5654 in
1503 5603 1656 5658 hunc
1689 5609 1945 5665 modum:

2056 4605 2493 4677 sum,illudque
2513 4607 2591 4661 ita
2622 4607 2680 4661 in
2715 4606 3107 4661 cavuminvisi
3132 4607 3341 4677 anguis
3375 4610 3697 4679 conjice,ut

2056 4695 2275 4748 laciniae
2319 4695 2605 4751 similiave
2655 4696 2869 4751 indicia
2916 4695 3166 4751 exterius
3225 4698 3520 4767 prodeant.
3574 4697 3697 4753 Fiet

2056 4782 2209 4847 inde,
2232 4786 2296 4835 ut
2322 4784 2401 4836 rei
2435 4784 2665 4837 amissaa
2700 4784 2944 4848 domini,
2978 4784 3164 4855 signis
3196 4784 3357 4839 hisce
3389 4786 3692 4842 admoniti.

2056 4871 2195 4925 dum
2228 4875 2491 4938 quaarunt
2520 4872 2706 4938 anxie,
2751 4872 3059 4926 latibulum
3082 4872 3139 4926 id
3156 4873 3695 4943 pervadant,male—

2055 4974 2168 5028 que
2194 4958 2444 5013 multent
2474 4960 2894 5029 deprehensum
2913 4962 3050 5015 ineo
3079 4962 3480 5015 subsessorem
3504 4966 3694 5019 tuum.

2060 5047 2204 5101 Feci!
2265 5063 2468 5102 corvus
2529 5049 2682 5117 quod
2761 5049 3120 5103 suadebatur
3174 5065 3384 5119 magno
3443 5065 3549 5104 suo
3607 5048 3696 5103 lu-

2056 5150 2173 5200 cro;
2209 5149 2343 5187 nam
2379 5134 2463 5187 sic
2486 5134 2675 5189 occiso
2708 5150 2884 5189 manu
2918 5140 2975 5189 et
3005 5135 3186 5189 armis
3220 5136 3522 5189 hominum
3565 5137 3697 5192 dra-

2057 5236 2218 5289 cone,
2244 5221 2564 5291 hospitium
2595 5223 2870 5293 deinceps
2893 5239 3065 5278 suum
3092 5221 3271 5277 nullis
3298 5224 3577 5279 infestum
3610 5224 3698 5278 in-

2049 5308 2227 5379 juriis
2248 5308 2548 5363 insidiisvo
2579 5310 2803 5364 habuit.

2126 5435 2269 5490 XVI.
2306 5436 2431 5490 llaec
2468 5437 2655 5493 fusius
2706 5439 2858 5509 apud
2912 5443 2986 5499 te.
3049 5438 3356 5509 subjungi‘t
3416 5457 3699 5509 perorans

2059 5524 2339 5577 Coronato
2368 5524 2930 5594 Vestigator,amice,
2956 5524 3226 5591 disserui,
3255 5531 3317 5579 ut
3338 5526 3700 5581 ostenderem

2059 5609 2244 5682 pluris
2274 5627 2401 5666 esse
2426 5613 2798 5680 prudentiam
2818 5628 2990 5683 quam
3024 5612 3220 5667 robur.
3260 5617 3329 5668 At
3377 5615 3697 5669 Coronatus
