4060 6304
422 257 559 310 1263

1910 258 2301 312 APPENDIX.

3750 249 3893 302 1'36;

419 383 593 434 Recte
614 380 745 445 ista,
764 379 977 451 inquit,
1008 381 1253 449 diceres,
1285 383 1335 438 si
1367 384 1543 438 robur
1578 389 1781 438 taurus
1825 380 2059 437 solertia
2087 381 2136 445 Α
2172 380 2365 450 ipsum
2400 398 2601 437 ausus.
2634 382 2778 437 Fabi
2810 398 2938 453 ego;
2972 381 3112 452 quid
3136 379 3299 435 enim
3329 381 3639 449 poteram
3681 373 3889 427 aliud?

422 466 768 520 destitutum
802 466 1126 531 obtineret;
1161 469 1323 539 atqui
1381 469 1534 524 idem
1589 475 1866 540 praeterea
1915 486 2054 540 pru-

421 553 799 609 dentissimus
846 559 953 609 est.
1003 555 1168 623 Vere,
1222 557 1303 611 ait
1342 557 1691 629 Vestigator,
1739 563 1794 611 et
1821 557 1931 611 hoc
1971 556 2056 610 lo-

422 643 638 711 queris.
681 644 966 698 Caeterum
1013 648 1070 697 et
1118 660 1223 699 nos
1267 644 1487 715 aliquid
1534 646 1794 701 valemus
1835 647 1891 699 in
1949 644 2058 698 hac

421 734 585 799 parte
634 746 746 799 quo
810 748 924 784 non
983 731 1276 787 immerito
1330 749 1631 802 speremus
1691 732 2060 803 praevalitura

422 818 798 888 quantaelibet
827 819 1130 891 sagacitati
1160 822 1285 889 ejus
1310 822 1556 876 artificia
1587 827 1804 887 nostra,
1848 837 2057 891 passu-

419 909 668 974 rumque
700 904 866 958 illum
900 906 1012 959 tale
1037 905 1335 976 quidpiam
1361 924 1392 960 a
1423 908 1589 961 nobis
1613 908 1781 977 quale
1811 907 1946 961 olim
1972 904 2059 959 leo

418 991 657 1062 quidam
688 1010 721 1046 a
744 992 958 1062 lepore,
990 994 1252 1063 dejectus
1279 995 1349 1047 ab
1372 1011 1436 1049 eo
1468 1001 1628 1050 tanto
1660 996 1976 1049 infirmiore
1995 1011 2060 1049 ac

419 1078 751 1149 perculsus,
786 1083 848 1132 ut
880 1096 1011 1133 mox
1043 1081 1263 1135 audies.
1294 1081 1611 1135 Incubabat
1644 1082 1864 1152 regioni
1918 1082 2059 1135 laetae

422 1168 681 1237 pascuis,
698 1172 753 1221 et
769 1185 866 1237 per
880 1168 985 1222 hoc
1006 1171 1162 1222 omni
1180 1171 1568 1225 animantium
1585 1188 1792 1241 genere
1816 1172 2056 1237 refertas,

419 1256 577 1310 ferus
625 1256 861 1326 quidam
927 1255 1035 1319 leo,
1090 1258 1449 1327 quotidianis
1507 1259 1826 1314 latrociniis
1883 1276 2061 1329 agens

426 1344 733 1415 ferensque
766 1344 1009 1399 miseras
1030 1346 1267 1414 bestias,
1292 1348 1435 1401 adeo
1454 1351 1519 1400 ut
1542 1348 1708 1401 anxio
1736 1347 2061 1402 constrictae

422 1435 605 1496 metu,
669 1431 780 1485 frui
843 1433 1009 1501 copia
1068 1434 1378 1504 nequirent
1431 1451 1604 1504 quam
1660 1434 1766 1489 soli
1828 1435 2063 1488 ubertas

421 1520 796 1589 suggerebat.
830 1521 978 1592 Ergo
1010 1521 1144 1591 illa,
1167 1522 1410 1577 consilio
1438 1524 1659 1589 habito,
1715 1524 2061 1593 legationem

418 1607 487 1660 ad
551 1623 683 1661 eum
734 1608 1055 1663 decernunt
1120 1610 1297 1679 hujus
1347 1611 1679 1665 sententiae:
1739 1614 1953 1664 Omnes
2008 1615 2063 1662 te

2164 476 2219 523 et
2250 486 2462 541 magno
2494 472 2761 538 circuitu,
2786 470 3209 540 laboriosisque
3236 468 3525 532 latebris,
3559 465 3697 518 huc
3750 470 3885 517 tan-

2163 558 2290 611 dem
2352 575 2422 612 ne
2483 559 2837 629 promissum
2902 558 3005 612 tibi
3071 560 3435 611 demensum
3507 553 3617 607 vel
3687 554 3879 607 seu}?!

2164 645 2400 711 deferet,
2434 663 2611 716 quam
2645 648 2896 717 primum
2919 646 3085 700 licuit
3113 645 3365 699 accurri.
3403 643 3759 696 Turbatus
3798 642 3875 694 ira
3952 632 3953 635 “

2165 732 2219 784 in
2278 732 2547 786 aemulum
2606 733 3118 788 vehementissima
3177 731 3700 803 superbissimus
3766 730 3873 789 lea,
3946 754 3953 815 ri

2164 818 2349 883 Potes,
2376 820 2583 889 inquit,
2618 837 2705 875 me
2736 822 2806 875 ad
2840 821 3017 876 istum
3051 820 3339 875 latronem
3389 820 3645 873 ducere
3668 818 3697 868 ?
3738 822 3873 869 Pes-
3948 818 3955 829 '

2164 924 2318 975 sum,
2373 907 2564 977 inquit
2618 909 2807 980 lepus,
2865 926 2969 963 nec
3030 910 3196 979 longe
3247 909 3441 961 abest.
3511 904 3869 972 Statimque

2164 996 2404 1064 przniens
2437 996 2591 1050 sistit
2616 997 2840 1051 leonem
2865 982 2941 1050 ad.
2985 1014 3048 1051 os
3080 997 3258 1067 putei,
3306 1011 3495 1065 quem
3534 995 3608 1046 in
3670 993 3866 1045 vicino

2165 1083 2340 1136 situm
2407 1083 2843 1151 observaverat;
2902 1100 3358 1154 conversusque,
3430 1082 3549 1147 Ibi,
3638 1081 3863 1150 inquit.

2163 1171 2409 1237 habitat,
2468 1173 2602 1226 inde
2659 1174 2727 1226 ad
2765 1189 2870 1226 nos
2909 1172 3135 1242 erupit;
3178 1172 3405 1242 inspice
3463 1172 3588 1235 sis,
3652 1171 3859 1222 statim

2162 1258 2405 1323 videbis,
2431 1259 2777 1328 Despectant
2808 1260 2980 1314 ambo
3019 1259 3214 1323 simul,
3236 1264 3293 1313 et
3315 1275 3491 1329 aqua:
3515 1258 3863 1327 superﬁcie

2164 1345 2479 1416 imaginem
2511 1347 2759 1401 intuenti
2804 1347 2957 1402 leoni
3008 1347 3302 1417 propriam
3340 1348 3689 1407 reddente,
3737 1346 3859 1399 Noe

2162 1433 2556 1504 vides,inquit
2576 1440 2901 1505 opportune
2947 1436 3136 1505 lepus,
3186 1440 3628 1489 contumacem
3685 1440 3747 1488 et
3782 1434 3861 1486 fe-

2162 1521 2322 1574 rum?
2353 1521 2403 1574 is
2434 1522 2558 1592 ipse
2589 1528 2677 1576 est
2707 1526 3072 1593 contemptor
3110 1524 3218 1589 tui,
3270 1521 3603 1593 vectigalis
3673 1523 3855 1573 inter-

2163 1625 2380 1676 versor,
2413 1610 2719 1664 devorator
2752 1610 3003 1664 ministri
3037 1611 3276 1681 publici.
3310 1615 3439 1663 Non
3476 1612 3699 1664 tenuit
3741 1610 3851 1661 im-

422 1695 728 1749 dominum
744 1697 1140 1767 agnoscimus,
1163 1703 1219 1751 et
1242 1698 2063 1762 uttalistudentcs,rationem
2096 1716 2141 1779 B
2170 1702 2371 1766 petum
2404 1698 2721 1752 iracundiae
2749 1697 2978 1751 ultricis
3031 1714 3098 1752 ea
3144 1714 3392 1751 cernens
3458 1698 3852 1766 audiensque

427 1784 848 1852 exquisivimus
874 1802 989 1854 qua
1018 1790 1075 1839 et
1106 1790 1168 1840 tu
1203 1786 1459 1841 laborem
1516 1786 1844 1841 venationis
1893 1784 2070 1842 lucri-

428 1870 667 1938 faceres,
694 1876 750 1925 et
772 1888 899 1941 nos,
934 1874 1086 1943 quod
1121 1878 1222 1928 tua
1250 1873 1425 1928 etiam
1459 1874 1723 1940 interest,
1752 1872 1909 1945 pasci
1930 1872 2074 1926 citra

435 1959 988 2027 consternationem,
1020 1965 1192 2032 atque
1224 1962 1305 2016 ita
1334 1963 1714 2033 pinguescere
1734 1976 2071 2033 possemus:

435 2072 550 2110 non
582 2071 922 2111 recusamus
948 2057 1127 2124 enim,
1177 2058 1411 2127 quando
1465 2058 1585 2111 haec
1640 2062 1742 2112 tua
1790 2062 1847 2111 et
1875 2062 2076 2113 nostra

430 2145 667 2199 fortuna
699 2150 810 2209 est,
843 2145 987 2216 quin
1019 2145 1315 2215 carnibus,
1350 2151 1413 2200 ut
1462 2146 1634 2213 soles,
1670 2146 1885 2201 nostris
1928 2163 2073 2217 epu-

431 2231 589 2286 leris.
615 2232 1016 2288 Conditionem
1038 2250 1167 2288 ecce
1193 2234 1373 2304 igitur
1392 2234 1498 2287 tibi
1530 2234 1769 2288 ferimus
1802 2235 2073 2304 utrinque

433 2320 841 2375 commodam:
884 2327 947 2374 ut
1002 2321 1109 2375 tibi
1169 2337 1349 2376 unum
1401 2337 1429 2375 e
1479 2322 1693 2376 nostris
1752 2338 1963 2393 corpus
2013 2323 2071 2375 in

434 2406 629 2461 cibum
664 2408 955 2475 mittatur,
992 2413 1054 2462 tu
1113 2413 1306 2463 autem
1360 2425 1427 2462 eo
1486 2408 1695 2463 diurno
1741 2413 2071 2478 contentus,

435 2495 678 2564 fatigare
706 2498 762 2549 te
794 2511 859 2549 ac
882 2499 1096 2550 terrere
1124 2512 1228 2551 nos
1279 2496 1531 2551 desinas.
1586 2496 1808 2551 Placuit
1864 2513 2072 2567 propo-

435 2581 566 2636 sitio
589 2580 738 2636 leoni
763 2597 776 2636 :
798 2582 1188 2654 deincepsque
1218 2583 1558 2653 quotidiana
1597 2584 1896 2639 sortitione
1922 2584 2071 2639 desi-

436 2673 680 2740 gnatum
739 2668 953 2725 animal
1005 2686 1205 2737 unum,
1262 2688 1296 2725 a
1348 2671 1567 2726 delecto
1615 2672 1686 2726 ad
1735 2672 1792 2726 id
1843 2672 2072 2742 publice

437 2757 704 2812 ministro
734 2759 1132 2814 deducebatur
1161 2760 1230 2813 ad
1264 2758 1510 2814 leonem.
1534 2760 1671 2815 Post
1702 2760 1918 2815 multos
1948 2760 2073 2814 dies

438 2850 591 2900 sorte
624 2849 934 2901 damnatus
957 2847 1122 2918 lepus
1154 2848 1237 2902 sic
1268 2847 1326 2901 in
1359 2848 1601 2903 concilio
1632 2848 1951 2902 bestiarum
1984 2851 2074 2901 est

437 2936 700 2991 locutus:
725 2938 782 2991 Si
820 2954 910 2992 me
941 2955 1056 2993 non
1082 2937 1231 2992 fallit
1261 2939 1513 3003 animus,
1556 2946 1609 2992 et
1638 2938 1791 2992 Deus
1822 2938 2074 3007 cogitata

438 3026 711 3094 fortunat,
744 3025 1003 3081 liberabo
1034 3043 1135 3081 vos
1165 3026 1325 3098 gravi
1347 3043 1519 3080 onere
1548 3026 1831 3095 tyrannici
1866 3025 2069 3078 tributi

436 3115 607 3168 modo
638 3116 791 3183 quod
825 3120 976 3184 peto,
1011 3114 1351 3167 facillimum
1391 3128 1693 3180 concessu,
1744 3112 2068 3183 impetrem.

432 3209 744 3264 Jusserunt
783 3225 985 3263 omnes
1024 3210 1213 3263 dicere
1263 3224 1386 3277 quae
1421 3207 1611 3263 vellet.
1662 3210 1729 3263 Et
1770 3208 1902 3275 ille;
1964 3209 2072 3263 Po-

434 3296 611 3363 stulo,
644 3297 855 3365 inquit,
890 3297 1005 3350 duo
1036 3296 1107 3349 ab
1138 3312 1203 3351 eo
1227 3295 1323 3365 qui
1359 3313 1450 3350 me
1479 3298 1549 3349 de
1580 3313 1738 3350 more
1786 3297 2072 3352 ducturus

434 3386 503 3439 ad
546 3383 770 3438 leonem
806 3389 915 3439 est:
942 3384 1197 3454 primum
1230 3399 1300 3437 ne
1332 3400 1425 3438 me
1466 3388 1667 3453 urgeat
1692 3385 1751 3438 in
1809 3384 1919 3451 via,
1966 3385 2067 3439 sed

436 3487 526 3525 me
549 3470 802 3525 arbitatu
828 3487 955 3525 meo
974 3471 1261 3526 moderari
1312 3486 1579 3540 gressum
1612 3472 1785 3527 sinat:
1820 3471 2068 3526 alterum

436 3563 500 3613 ut
531 3576 663 3613 cum
696 3575 875 3630 prope
905 3560 1323 3614 accesserimus
1342 3560 1414 3613 ad
1437 3559 1621 3614 leonis
1642 3576 1905 3630 specum,
1929 3560 2071 3613 deli-

433 3651 619 3702 tescat
650 3647 795 3717 ipse;
832 3664 966 3702 nam
999 3664 1092 3701 me
1108 3663 1381 3716 apparere
1405 3651 1629 3717 oportet
1646 3647 1835 3701 solum
1864 3652 2070 3716 utquaa

435 3735 721 3790 destinavi
779 3752 1118 3790 successum
1179 3735 1464 3790 habeant.
1523 3735 1847 3804 Utrumque
1912 3735 2067 3789 haud

433 3829 667 3894 gravate
697 3823 925 3891 datum,
958 3828 1015 3878 et
1044 3824 1196 3893 quod
1227 3824 1373 3877 bene
1418 3827 1663 3877 verteret
1716 3824 2067 3893 imperatum

434 3914 704 3967 ministro
762 3914 994 3983 publico
1063 3911 1523 3982 repraesentatori
1578 3910 1780 3965 tributi
1839 3916 1955 3976 est,
2006 3915 2070 3965 ut

432 4000 611 4071 lepori
650 4018 775 4071 quae
838 4000 1010 4055 vellet
1059 4001 1492 4069 obsequeretur.
1552 3999 1835 4054 Postridie
1896 3999 2067 4066 profi-

430 4090 751 4153 ciscuntur,
784 4105 977 4143 moras
1004 4090 1073 4142 de
1101 4088 1393 4143 industria
1426 4091 1691 4141 nectente
1732 4086 1923 4155 lepore
1955 4103 2067 4156 quo

429 4193 605 4247 quam
631 4176 968 4231 tardissime
1018 4193 1079 4229 se
1138 4176 1387 4229 sisteret.
1446 4175 1554 4227 Leo
1614 4174 1867 4240 interim,
1927 4174 2070 4227 hora

428 4265 652 4320 dudum
711 4263 1004 4335 praeterita
1060 4263 1319 4317 consueti
1371 4267 1595 4331 pastus,
1656 4262 1803 4315 fame
1867 4261 2066 4330 iraque

425 4351 1393 4421 stimulantibusimpatientissime
1424 4349 1673 4411 furebat,
1714 4365 1845 4402 cum
1899 4349 2066 4401 offert

423 4454 553 4493 ecce
602 4439 682 4492 illi
734 4456 796 4494 se
841 4439 950 4494 sub
1008 4454 1311 4508 vesperam
1373 4436 1533 4492 solus
1587 4440 1796 4505 praeter
1842 4452 2062 4490 morem

424 4525 614 4598 lepus,
645 4527 749 4583 Cui
779 4527 895 4591 ille,
920 4527 1053 4590 Quae
1104 4525 1299 4580 istheac
1359 4524 1575 4580 malum
1625 4524 1868 4594 perfidia
1924 4523 2059 4578 est?

421 4625 631 4694 inquit:
667 4625 882 4679 docebo
915 4640 1018 4694 ego
1039 4640 1139 4678 vos
1163 4624 1345 4694 pactis
1367 4628 1539 4677 stare.
1566 4620 1739 4675 Plura
1761 4621 2056 4676 dicturum

420 4717 477 4766 et
541 4712 879 4775 irruentem,
946 4711 1277 4781 interpellat
1333 4710 1757 4765 demississime
1810 4709 2056 4779 supplex

418 4798 608 4870 lepus.
651 4800 710 4854 Si
734 4816 826 4855 me
856 4799 1049 4865 audis,
1070 4799 1324 4868 domine,
1348 4799 1501 4868 quod
1523 4803 1624 4852 tua
1644 4798 1791 4851 scire
1813 4797 2059 4867 magno?

416 4902 551 4957 pere
582 4887 843 4955 interest,
877 4885 1194 4954 dicturum,
1219 4903 1333 4941 non
1356 4887 1548 4940 solum
1572 4885 1838 4956 ignosces
1862 4885 2051 4955 nobis,

412 4985 515 5039 sed
546 4988 602 5039 et
632 4983 902 5038 laudabis
932 4984 1105 5038 fidem
1143 4988 1415 5039 nostram.
1448 4982 1685 5037 Obvium
1722 4999 1784 5037 se
1814 4982 2049 5037 venien-

404 5072 565 5127 tibus
597 5072 712 5127 huc
743 5071 916 5126 nobis
945 5071 1186 5126 tulitleo
1210 5072 1380 5138 alius,
1406 5071 1501 5141 qui
1525 5071 1826 5125 ductorem
1849 5085 2045 5124 meum

406 5178 497 5214 me
556 5161 837 5231 majorem
896 5159 1189 5229 arripuit;
1249 5177 1313 5215 ac
1344 5158 1814 5215 contestantibus
1882 5159 2046 5213 enixe

402 5250 592 5315 nobis,
630 5254 957 5305 commeatu
997 5264 1099 5302 nos
1132 5252 1264 5302 tuos
1296 5264 1362 5301 ac
1386 5249 1560 5315 jussu
1618 5246 1877 5300 debitum
1938 5246 2044 5301 tibi

404 5338 638 5407 vectigal
720 5354 1005 5409 pensuros
1081 5336 1394 5406 proficisci,
1466 5334 1649 5389 nihilo
1706 5334 1801 5388 ille
1852 5335 2044 5389 secius

401 5428 625 5495 peregit
657 5428 807 5496 quod
842 5432 1090 5497 cceperat
1124 5423 1498 5478 contumeliis
1529 5424 1702 5478 etiam
1738 5439 1803 5477 ac
1862 5422 2039 5477 male-

400 5514 588 5582 dictis,
626 5533 749 5583 qua:
793 5515 847 5567 in
881 5518 1055 5583 caput
1084 5514 1212 5581 ejus
1260 5516 1507 5577 vertant,
1566 5511 1928 5565 incomitiare
1986 5517 2039 5565 te

2177 1782 2287 1849 leo,
2311 1786 2410 1838 sed
2458 1785 2689 1838 fremitu
2749 1784 2946 1839 statim
3005 1785 3246 1839 immani
3276 1784 3441 1838 velut
3474 1786 3541 1837 in
3613 1785 3851 1837 hostem

2179 1870 2428 1940 irruens,
2461 1872 2629 1941 aquis
2652 1872 2808 1943 putei
2832 1872 3079 1926 haustus
3110 1880 3161 1926 et
3191 1872 3529 1927 suffocatus
3573 1872 3853 1936 interiit;

2180 1958 2372 2028 lepore
2394 1976 2525 2013 cum
2559 1959 2739 2013 accito
2760 1976 2789 2013 e
2812 1958 3051 2033 latebris
3080 1960 3339 2023 ductore,
3366 1959 3557 2013 salvis
3594 1960 3679 2013 ad
3717 1975 3847 2012 suos

2178 2048 2580 2114 redeuntibus,
2616 2064 2680 2101 ac
2739 2047 2966 2117 magnis
3015 2048 3272 2117 ipsorum
3318 2047 3847 2117 gratulationibus

2176 2136 2449 2205 exceptis.
2484 2137 2569 2188 Ad
2602 2134 2710 2188 hoc
2759 2135 3086 2204 exemplum
3145 2135 3375 2188 confido
3434 2152 3541 2189 me
3603 2151 3845 2205 quoque

2180 2238 2598 2293 persuasurum
2629 2228 2819 2289 tauro,
2855 2240 2979 2293 qua;
3011 2222 3174 2275 illum
3208 2221 3391 2276 stulte
3418 2224 3751 2277 credulum
3786 2224 3846 2275 in

2177 2312 2415 2365 exitium
2448 2310 2829 2380 praecipitent.

2247 2434 2407 2488 XVII.
2442 2433 2526 2487 Tu
2589 2449 2742 2503 vero,
2788 2432 2869 2486 ait
2916 2431 3253 2496 Coronatus,
3306 2431 3625 2502 siquidem
3696 2434 3840 2503 quod

2178 2524 2323 2578 dicis
2349 2529 2529 2594 potes,
2555 2522 2855 2592 providere
2879 2525 3097 2590 tamen,
3124 2522 3472 2592 priusquam
3516 2523 3579 2575 id
3640 2541 3837 2595 aggre-

2178 2612 2377 2677 diaris,
2417 2611 2592 2665 debes
2626 2626 2697 2664 ne
2730 2626 2903 2680 quam
2949 2609 3302 2664 machinaris
3358 2613 3541 2665 tauro
3591 2618 3833 2682 pestem.

2179 2715 2246 2755 ea
2276 2715 2407 2754 cum
2434 2698 2618 2753 leonis
2644 2698 2797 2768 regis
2828 2697 3009 2751 nostri
3042 2696 3295 2767 pernicie
3323 2702 3428 2751 aut
3450 2698 3834 2753 incommodo

2179 2788 2493 2856 conjuncta
2523 2786 2599 2840 sit
2623 2804 2636 2852 ;
2660 2785 2942 2840 denuntio
2964 2786 3120 2839 enim
3154 2785 3257 2839 tibi
3318 2801 3413 2839 me
3466 2792 3831 2858 cazterasque

2180 2876 2507 2929 animantes
2558 2891 2683 2944 quae
2725 2878 3089 2928 sacramento
3162 2873 3309 2927 leoni
3368 2874 3673 2944 diximus,
3731 2893 3831 2930 nos

2178 2962 2569 3032 permissuros
2588 2962 2714 3031 (nec
2730 2962 2883 3015 enim
2906 2961 3065 3015 salva
3084 2962 3191 3015 fide
3216 2965 3570 3032 possumus}
3597 2964 3833 3018 domine

2103 3061 2145 3124 ο
2188 3055 2381 3104 nostro
2414 3066 2760 3121 quocunque
2793 3054 3067 3119 praetextu
3099 3053 3153 3103 te
3185 3064 3408 3103 nocere.
3448 3052 3647 3113 Quare
3682 3068 3829 3119 cum,

2180 3153 2293 3207 quo
2336 3137 2460 3191 loco
2520 3154 2609 3191 res
2659 3138 2828 3191 modo
2888 3141 3047 3201 sunt,
3104 3141 3223 3190 tam
3273 3138 3656 3192 necessarius
3684 3138 3827 3193 leoni

2179 3225 2441 3295 regnanti
2461 3225 2804 3279 administer
2821 3223 3039 3295 publici
3064 3224 3363 3295 regiminis
3386 3224 3519 3279 tolli
3542 3227 3615 3280 de
3636 3227 3825 3280 medio

2178 3329 2291 3366 non
2324 3312 2508 3382 possit
2543 3313 2670 3366 sine
2701 3312 2860 3383 gravi
2910 3312 3253 3382 imperantis
3311 3313 3557 3372 damno.
3623 3330 3822 3368 revoca

2174 3400 2315 3454 dum
2348 3400 2481 3454 licet
2503 3400 2713 3455 rebelle
2737 3403 3124 3472 propositum,
3149 3404 3319 3471 teque
3342 3400 3400 3454 in
3436 3402 3824 3470 subjectionis

2174 3487 2363 3541 ofﬁcio
2422 3487 2673 3543 contine.
2733 3489 2834 3542 His
2890 3487 3222 3559 Vestigator
3280 3489 3545 3554 auditis,
3610 3490 3825 3559 quievit

2175 3575 2363 3627 adhuc
2396 3574 2517 3628 dies
2547 3574 2787 3644 aliquot.
2814 3575 2948 3629 Post
2990 3592 3136 3645 quos
3164 3574 3387 3629 leonem
3422 3576 3631 3630 adiens
3682 3578 3821 3631 atie-

2175 3666 2327 3716 ctata
2352 3664 2628 3716 mmstitia
2657 3664 3109 3733 cogitabundus,
3142 3664 3212 3717 ab
3262 3680 3327 3717 eo
3385 3680 3507 3717 rem
3573 3665 3819 3719 mirante

2174 3750 2430 3804 audivit:
2466 3752 2599 3815 Quae
2630 3756 2683 3805 te
2716 3767 2923 3805 causa:
2961 3750 3184 3805 tristem
3207 3750 3384 3805 facit?
3412 3753 3499 3805 An
3521 3753 3629 3807 tibi
3662 3755 3816 3822 quod

2175 3837 2357 3892 nolles
2416 3838 2634 3908 aliquid
2694 3839 2947 3893 accidit?
2994 3842 3060 3892 Et
3104 3838 3239 3893 ille:
3302 3838 3523 3893 Accidit
3580 3842 3816 3897 omnino

2172 3926 2474 3979 infandum
2511 3931 2567 3979 et
2586 3928 2880 3980 funestum
2901 3926 3004 3980 tibi
3023 3926 3190 3995 juxta
3207 3926 3471 3997 mihique
3492 3930 3816 3999 quidpiam,

2175 4018 2347 4083 atque
2380 4012 2519 4067 illud
2547 4014 2835 4083 ejusmodi
2896 4014 3049 4084 quod
3109 4014 3246 4083 quia
3299 4014 3403 4068 tibi
3441 4016 3557 4070 fore
3619 4019 3814 4073 auditu

2176 4100 2483 4155 molestum
2505 4101 2644 4167 scio,
2660 4102 2730 4155 ab
2745 4118 2811 4156 eo
2829 4102 3139 4156 indicando
3165 4102 3498 4157 deterrebar
3520 4106 3811 4173 equidem,

2176 4195 2332 4243 metu
2357 4189 2682 4243 offendendi
2717 4206 2886 4245 aures
2917 4194 3049 4245 tuas
3081 4190 3292 4244 indicio
3324 4191 3547 4261 ingrato
3579 4209 3591 4247 :
3627 4198 3806 4249 tamen

2175 4277 2271 4330 ubi
2307 4293 2499 4332 meum
2533 4278 3053 4347 ﬂagrantissimum
3087 4277 3292 4332 salutis
3312 4296 3375 4332 ac
3403 4281 3805 4350 prosperitatis

2098 4398 2138 4460 D
2173 4370 2283 4418 tua:
2328 4365 2588 4419 studium
2640 4368 2903 4436 consulo,
2968 4366 3164 4437 potius
3214 4366 3542 4421 habendam
3606 4371 3803 4439 capitis

2172 4468 2347 4521 quam
2380 4453 2609 4507 aurium
2644 4454 2919 4507 rationem
2961 4454 3198 4523 judico;
3261 4471 3363 4508 nec
3413 4455 3800 4511 dubitandum

2170 4545 2281 4593 tuze
2311 4541 2627 4595 imminens
2655 4542 2781 4595 vitae
2814 4542 3136 4611 periculum
3172 4554 3447 4607 avertere,
3478 4541 3566 4595 vel
3614 4545 3801 4598 obtru-

2168 4630 2377 4697 dendo,
2407 4646 2539 4683 cum
2572 4630 2651 4683 ita
2680 4648 2826 4701 opus
2851 4630 2948 4699 sit,
2977 4630 3206 4685 fastidio
3229 4630 3613 4701 inauspicata
3647 4650 3801 4687 men-

2168 4717 2360 4771 tionis.
2398 4720 2581 4783 Quare
2615 4723 2733 4786 tua,
2767 4718 3021 4783 domine,
3065 4718 3355 4789 sapientia
3396 4735 3513 4771 rem
3567 4719 3795 4790 dignam

2165 4804 2387 4869 feceris,
2422 4804 2469 4858 si
2504 4821 2592 4858 me
2624 4805 2909 4874 patienter
2939 4805 3141 4859 audies
3171 4822 3238 4859 ea
3279 4806 3619 4858 referentem
3670 4808 3787 4875 qui-

2162 4892 2271 4945 bus
2304 4890 2626 4946 clarissime
2659 4893 2966 4963 perpicias,
3001 4897 3056 4945 et
3115 4909 3301 4947 meam
3337 4893 3391 4945 in
3425 4898 3479 4945 te
3513 4894 3787 4948 sinceram

2162 4980 2356 5048 fidem,
2389 4984 2445 5033 et
2474 4996 2673 5034 eorum
2690 4981 3031 5050 perlidiosas
3051 4979 3514 5049 molitiones,qui
3549 4982 3788 5036 summis

2160 5068 2277 5122 tuis
2293 5068 2585 5121 beneficiis
2606 5069 2914 5122 malefacta
2938 5071 3253 5139 rependere
3278 5069 3490 5122 nefaria
3521 5070 3785 5138 cogitant.

2160 5160 2344 5225 Atque
2375 5172 2479 5225 ego
2513 5155 2568 5208 in
2605 5155 2903 5225 procinctu
2939 5156 3249 5209 delationis
3286 5156 3645 5219 necessariae,
3679 5174 3781 5211 non

2157 5245 2396 5314 ignarus
2427 5241 2802 5297 artificiorum
2835 5243 3247 5309 simulationis,
3302 5244 3468 5297 facile
3525 5244 3685 5297 video
3723 5244 3777 5297 in

2154 5336 2437 5402 quantum
2472 5346 2563 5385 me
2582 5331 2978 5385 discriminem
3006 5332 3331 5401 projiciam,
3358 5330 3651 5401 periturus
3677 5332 3776 5385 nisi

2153 5434 2498 5491 persuasero
2529 5420 2681 5487 quod
2735 5419 2949 5474 dicam.
3009 5419 3277 5489 Erumpit
3333 5425 3527 5473 tamen
3581 5420 3774 5487 jurate:

2152 5510 2254 5563 tibi
2290 5505 2589 5561 ﬁdelitatis
2621 5505 2876 5561 officium
2911 5512 3072 5560 trans
3106 5507 3299 5560 minas
3331 5505 3775 5576 formidinesque
