4108 6294
325 388 465 442 1265

1333 386 1691 439 SPECIMEN
1728 388 2124 441 SAPIENTLE
2168 390 2500 448 INDORUM
2536 396 2699 447 VET.

3578 387 3716 442 1266

319 512 885 581 omnes,subigitque
911 508 1611 578 aleamjacereinfortunii
1642 509 1958 578 quantivis,
1992 513 2041 575 Α
2074 529 2201 566 rum
2236 520 2472 583 putans,
2510 534 2683 571 manu
2719 518 3070 588 prehensum
3093 516 3337 587 projecit
3360 515 3417 569 in
3442 514 3709 582 ﬂuvium,

317 603 456 654 dum
495 599 621 664 tibi,
650 599 884 653 domine
915 599 1086 666 cujus
1122 612 1218 651 ore
1248 596 1561 651 venerabili
1597 596 1838 666 spiritus
1870 597 1965 651 hic

319 704 483 742 meus
519 687 789 751 trahitur,
822 686 909 739 vel
944 702 1072 739 meo
1106 685 1276 739 exitio
1325 684 1651 750 consulam,
1706 702 1772 738 ac
1826 698 1964 755 quo‘

320 792 549 846 cunque
582 791 859 829 successu
892 774 1113 844 aperire
1139 774 1409 839 audeam,
1432 789 1558 842 qua
1593 773 1704 827 nisi
1739 790 1965 843 prauo-

314 864 489 931 veris,
512 863 778 918 ultimam
802 867 910 917 ate
941 861 1164 916 cladem
1201 861 1304 930 (dii
1335 869 1505 913 'omen
1525 862 1961 931 averruncent!)

316 954 537 1006 frustra
569 951 871 1005 conaberis
894 948 1196 1019 depellere.
1218 948 1341 1001 Erit
1372 948 1579 1001 solatio
1607 948 1964 1003 conscientia

320 1041 418 1092 tali
454 1056 627 1093 causa
656 1038 918 1107 pereunti
950 1055 963 1094 :
1012 1053 1115 1090 nec
1146 1036 1503 1106 generositas
1552 1036 1960 1105 imprudentia

316 1127 666 1196 culpabitur,
697 1127 899 1195 utique
930 1127 1335 1178 auctoritatem
1371 1128 1569 1178 secuta
1601 1124 1960 1192 sapientum,

314 1241 563 1295 quorum
623 1222 796 1293 vulgo
854 1222 1077 1276 celebre
1137 1222 1414 1291 probatur
1466 1221 1686 1274 dictum
1724 1238 1736 1274 :
1769 1221 1881 1275 Nec
1927 1239 1959 1276 a

314 1312 544 1365 subdito
578 1310 1037 1365 benevolentiam
1076 1308 1344 1379 principi,
1380 1325 1483 1363 nec
1517 1309 1587 1361 ab
1620 1326 1772 1379 aegro
1808 1326 1959 1363 mor-

313 1401 451 1453 buzn
485 1400 730 1464 medico,
764 1416 869 1453 nec
903 1418 932 1453 a
964 1414 1215 1469 paupere
1248 1397 1503 1467 inopiam
1557 1397 1719 1451 diviti
1765 1416 1797 1451 a
1828 1400 1955 1453 “ico

316 1488 595 1542 abscondi
631 1504 887 1558 unquam
921 1492 1204 1557 oportere.
1257 1487 1456 1556 Accepi
1508 1502 1611 1555 ego
1635 1504 1666 1539 a
1698 1487 1951 1555 quodam

312 1575 423 1629 ﬁde
479 1575 676 1645 digno,
725 1580 959 1629 taurum
996 1573 1327 1642 proceribus
1361 1573 1471 1627 sibi
1504 1573 1768 1627 obnoxiis
1803 1573 1951 1628 clam

312 1662 645 1717 convocatis
678 1662 896 1716 dixisse
931 1678 943 1713 :
976 1660 1450 1731 Experimentum
1482 1661 1628 1731 capi
1656 1665 1747 1714 sat
1781 1662 1948 1731 longo

312 1752 429 1820 jam
455 1768 565 1804 usu
599 1750 958 1804 fortitudinis
989 1752 1045 1801 et
1076 1748 1396 1818 prudentia
1427 1746 1631 1813 leonis,
1664 1750 1952 1820 comperi-

2079 600 2177 653 tibi
2207 603 2516 657 confestim
2550 604 2646 658 ille
2678 605 2852 659 sociis
2882 604 3186 674 gratulans
3224 603 3477 657 narravit
3503 602 3707 657 mortis

2074 704 2135 741 se
2166 688 2536 746 simulatione
2568 693 2740 747 vitam
2772 693 3107 748 redemisse.
3139 690 3708 760 Tertiusimplicitus

2074 776 2181 829 reti
2234 783 2449 833 temere
2480 781 2793 851 cespitans,
2854 797 2918 835 ac
2961 797 3198 835 sursum
3233 780 3504 833 deorsum
3540 777 3705 832 caecis

2074 865 2325 919 motibus
2360 866 2708 937 impingens,
2740 868 3002 923 stultitiae
3029 884 3225 939 panes
3248 884 3364 921 sua
3382 869 3586 936 captus
3608 866 3704 919 de-

2075 952 2413 1007 dit.Similia
2438 956 2689 1023 patietur
2707 955 2974 1026 quisquis
2988 953 3706 1009 denuntiatoindormiens

2073 1040 2348 1109 periculo,
2375 1044 2693 1112 neglexerit
2722 1043 2807 1097 vel
2841 1044 3186 1115 tempestive
3220 1046 3577 1113 pravertere,
3614 1040 3703 1095 vel

2072 1127 2313 1182 solerter
2334 1130 2566 1185 eludere
2599 1131 2845 1187 insidias
2874 1132 2988 1186 ﬁdo
3038 1131 3252 1185 indicio
3296 1130 3702 1201 pracognitas.

2139 1231 2331 1288 XVIII.
2356 1234 2615 1305 Percipio
2638 1237 2791 1305 quod
2816 1236 2985 1302 dicis,
3010 1235 3096 1290 leo
3150 1237 3255 1301 ait;
3295 1236 3394 1288 sed
3419 1250 3530 1289 non
3564 1239 3703 1304 puto

2068 1324 2299 1374 taurum
2333 1322 2474 1375 nihil
2517 1340 2548 1376 a
2582 1338 2671 1376 me
2704 1340 2941 1393 passum
2978 1323 3136 1391 mali,
3186 1322 3349 1376 dolos
3381 1327 3581 1375 contra
3612 1338 3704 1375 me

2067 1408 2279 1463 moliri.
2313 1410 2525 1464 Contra
2564 1410 2893 1479 Vestigator
2919 1427 2932 1465 :
2961 1411 3077 1465 Hoc
3099 1408 3699 1480 ipsum,inquit,nihil

2065 1512 2097 1548 a
2129 1500 2182 1549 te
2208 1497 2344 1549 mali
2379 1514 2619 1567 passum
2651 1515 2779 1553 esse
2811 1503 3065 1565 taurum,
3099 1498 3292 1568 ipsum
3342 1495 3579 1567 impulit
3628 1496 3698 1549 ad

2064 1584 2463 1639 insidiandum
2504 1586 2607 1639 tibi
2644 1604 2657 1639 :
2691 1604 2823 1640 nam
2875 1587 3039 1642 illum
3098 1603 3278 1656 supra
3327 1600 3531 1640 omnes
3559 1584 3695 1638 effe-

2063 1690 2218 1742 rens,
2250 1674 2307 1727 id
2330 1674 2519 1745 egisti,
2544 1680 2606 1729 ut
2628 1681 2683 1729 te
2705 1675 2895 1729 solum
2927 1674 3494 1746 intueretur,quippe
3518 1688 3694 1744 quem

2060 1777 2243 1814 unum
2275 1761 2513 1816 haberet
2542 1780 2718 1833 supra
2749 1780 2830 1833 se,
2860 1763 3140 1834 depositis
3180 1762 3333 1817 infra
3358 1762 3582 1817 cunctis
3606 1776 3696 1815 re-

314 1855 427 1909 que
458 1843 768 1908 utramque
802 1837 1177 1904 mediocrem,
1210 1852 1281 1889 ῐιθ
1309 1837 1595 1890 τηοάίοάτη
1628 1852 1691 1890 ac
1724 1837 1947 1891 “unum
1977 1851 2024 1915 B
2058 1848 2253 1919 liquis.
2308 1850 2407 1903 Est
2451 1854 2642 1903 autem
2699 1855 2908 1905 natura
2938 1852 3339 1921 improbarum
3383 1848 3694 1916 mentium,

309 1927 503 1981 verius
532 1926 740 1980 dicam.
779 1926 854 1979 Ex
885 1924 992 1978 hoc
1024 1925 1152 1993 ejus
1182 1924 1412 1978 exordio
1446 1924 1695 1977 divinavi
1749 1926 1946 1980 statim

310 2015 446 2083 quid
481 2013 716 2068 sceleris
748 2028 813 2065 ac
847 2011 1093 2066 monstri
1126 2010 1345 2079 reliqua
1389 2013 1705 2081 parturiret
1738 2014 1944 2067 oratio.

310 2101 545 2156 Minime
603 2100 873 2154 videlicet
929 2100 1241 2153 obscurum
1282 2103 1370 2153 est
1414 2099 1564 2153 hanc
1594 2100 1722 2169 ejus
1754 2100 1946 2171 impu-

309 2191 565 2243 dentiam
598 2206 663 2243 co
697 2203 1092 2259 prorumpere,
1128 2191 1192 2240 ut
1213 2191 1288 2255 te,
1321 2187 1421 2257 qui
1450 2203 1582 2241 eum
1606 2189 1863 2243 extulisti
1887 2190 1944 2242 in

310 2279 487 2332 ferme
517 2292 716 2346 parem
759 2275 864 2330 tibi
912 2275 1216 2343 honorem,
1251 2274 1465 2329 nefarie
1514 2276 1825 2329 deturbare
1877 2278 1945 2331 de

309 2365 456 2419 solio
497 2365 831 2433 contendat,
876 2362 1100 2432 tibique
1131 2366 1421 2416 extortum
1457 2362 1766 2433 imperium
1802 2365 1945 2418 arri-

311 2466 463 2522 pere.
506 2451 743 2520 Oportet
796 2454 987 2504 autem
1055 2465 1218 2519 reges
1278 2450 1472 2503 subito
1531 2466 1595 2503 ac
1655 2451 1947 2505 senserint

314 2538 627 2593 machinari
686 2537 913 2608 aliquos
1002 2553 1245 2608 regnum
1318 2536 1577 2606 ipsorum
1635 2537 1942 2607 invadere,

317 2650 719 2707 praoccupare
751 2639 986 2688 strenue
1017 2633 1235 2687 nefaria
1267 2633 1529 2699 consilia,
1579 2634 1945 2706 dejicereque

316 2728 538 2777 mature
567 2722 837 2792 perfidos,
863 2738 965 2775 nec
988 2721 1346 2775 committere
1374 2722 1779 2792 intempestiva
1800 2723 1942 2777 leni-

321 2815 432 2864 tate
482 2815 545 2863 ut
592 2810 1016 2864 scelestissima
1042 2808 1372 2863 molitiones
1404 2811 1607 2880 ignava
1639 2812 1941 2866 nutricata

316 2894 602 2965 patientia
631 2894 947 2949 valentium
984 2894 1289 2965 principiis
1322 2895 1573 2958 obstare,
1606 2897 1941 2952 adolescant

312 2984 371 3037 in
395 2983 509 3036 vim
541 2983 750 3036 deinde
783 2983 1079 3051 maiorem,
1131 2998 1309 3052 quam
1361 2986 1423 3035 ut
1482 2983 1531 3036 ei
1586 2988 1849 3053 apertum
1882 2987 1939 3039 in

308 3078 581 3126 conatum
614 3072 937 3140 erumpenti
971 3075 1144 3140 queat
1202 3071 1430 3125 obsisti.
1478 3070 1659 3139 Cujus
1708 3072 1942 3127 laudate

2053 1937 2368 2004 praesertim
2399 1938 2717 1992 ambitione
2738 1944 3170 2009 corruptarum,
3196 1938 3484 2009 quidquid
3510 1936 3697 1991 oculis

2051 2023 2326 2091 objicitur
2358 2024 2731 2094 splendidum
2765 2026 2924 2079 omni
2956 2026 3011 2080 vi
3045 2043 3342 2097 prensare,
3368 2042 3432 2080 ac
3464 2029 3583 2079 toto
3606 2040 3695 2079 co-

2052 2117 2191 2165 natu
2224 2111 2453 2181 insequi
2487 2117 2548 2166 ut
2580 2114 2881 2183 arripiant.
2916 2116 2996 2168 Ex
3029 2115 3133 2168 hoc
3183 2131 3397 2186 genere
3442 2117 3692 2183 taurus;

2050 2200 2156 2253 etsi
2199 2216 2300 2269 per
2327 2204 2486 2253 tuam
2535 2216 2829 2256 summam
2862 2202 3284 2273 indulgentiam
3318 2202 3531 2257 solium
3556 2202 3681 2271 jam

2049 2287 2230 2340 ferme
2254 2290 2420 2341 tuum
2444 2289 2948 2360 attigit,suprema
2972 2296 3082 2344 tua
3106 2290 3470 2345 auctoritatis
3506 2294 3691 2363 parti-

2050 2390 2185 2445 ceps
2218 2374 2275 2427 in
2308 2374 2487 2429 libera
2544 2392 2734 2430 rerum
2791 2377 3293 2433 administratione
3326 2379 3538 2446 factus,
3575 2400 3690 2439 non

2049 2466 2244 2516 tamen
2266 2462 2321 2516 id
2356 2462 2439 2517 illi
2472 2463 2711 2529 sufficit,
2739 2465 2838 2518 sed
2860 2470 2914 2519 et
2934 2470 2989 2519 te
3006 2464 3286 2537 collegam
3307 2466 3674 2541 indignatur,

2048 2550 2326 2620 solusque
2348 2551 2590 2622 imperio
2615 2553 2785 2622 potiri
2819 2554 3199 2609 studensvias
3231 2555 3375 2609 adid
3416 2556 3683 2629 obliquas

2049 2644 2231 2708 parat,
2256 2638 2404 2692 male
2426 2639 2534 2693 sibi
2564 2640 2930 2695 consciorum
2974 2658 3132 2697 more
3179 2659 3482 2714 nunquam
3529 2652 3689 2704 recta

2047 2726 2437 2796 tendentium,
2496 2742 2600 2797 per
2657 2729 2957 2783 anfractus
3016 2746 3246 2799 semper
3284 2748 3349 2786 ac
3397 2733 3685 2792 circuitus

2048 2812 2462 2885 grassantium.
2520 2814 2599 2869 Eo
2660 2816 2909 2869 tendunt
2940 2818 3400 2873 assentationum
3446 2826 3598 2877 artes
3629 2830 3684 2879 et

2047 2901 2314 2954 affectata
2344 2900 2642 2956 simulatio
2670 2903 2954 2974 obsequii,
2988 2920 3091 2959 nec
3124 2921 3323 2975 speres
3352 2906 3673 2980 inexplebi-

2046 2987 2125 3042 lia
2157 2988 2445 3043 desideria
2474 2988 2678 3043 talium
2713 2991 2904 3045 dando
2926 2993 3139 3049 satiare
3160 3010 3172 3048 :
3193 3011 3305 3064 quo
3349 2994 3515 3065 plura
3546 3014 3686 3054 con-

2044 3078 2291 3145 gesseris
2326 3076 2459 3147 plus
2503 3082 2806 3149 appetunt.
2835 3079 2905 3133 Ut
2935 3079 3088 3150 ignis
3120 3081 3184 3134 fit
3215 3083 3468 3137 voratior
3499 3102 3679 3140 accu-

312 3164 491 3230 atque
523 3161 592 3214 ad
625 3160 900 3229 probrum
930 3159 987 3212 in
1018 3159 1337 3213 infortunio
1368 3159 1665 3214 vitandum
1700 3177 1937 3231 prorsus
1968 3190 2009 3253 ρ
2049 3163 2364 3219 mulatione
2395 3166 2647 3220 materia
2683 3183 2695 3233 ;
2730 3183 2832 3221 nec
2866 3172 3022 3222 recta
3048 3168 3224 3239 hujus
3285 3170 3534 3227 ﬂamma
3588 3175 3682 3229 via

306 3250 644 3306 necessaria
678 3248 967 3303 cautionis
998 3250 1142 3303 duos
1189 3250 1478 3318 quosdam
1511 3249 1725 3319 gradus
1746 3250 1935 3315 video,

305 3338 658 3411 provisionis
688 3336 977 3391 celeritate
1006 3336 1357 3391 differentes.
1392 3337 1556 3391 Prior
1587 3337 1769 3391 multo
1805 3342 1938 3392 ante

304 3428 547 3482 odorata
578 3423 921 3494 periculum,
956 3423 1092 3478 huic
1124 3424 1313 3479 adhuc
1344 3424 1513 3495 longe
1548 3426 1735 3494 posito
1768 3442 1935 3480 secu-

305 3532 437 3569 rum
469 3513 744 3583 effugium
778 3512 1091 3582 pravertit;
1122 3511 1305 3567 altera
1326 3513 1537 3579 cautio,
1560 3514 1796 3582 segnius
1820 3518 1936 3567 sat-

299 3620 483 3675 agens
516 3604 586 3657 ad
625 3601 909 3655 iudicium
942 3600 1287 3655 insidiarum
1320 3602 1596 3671 primum,
1642 3602 1935 3658 admoveri

296 3709 362 3747 se
400 3691 543 3746 sinit
599 3689 952 3756 discrimini;
1014 3694 1284 3743 caterum
1342 3690 1401 3743 in
1460 3694 1681 3744 erctum
1740 3698 1935 3748 coacta

295 3795 535 3836 summo
566 3778 797 3832 tandem
831 3781 1038 3831 conatu
1102 3777 1350 3831 salutem
1399 3778 1645 3848 expedit.
1699 3780 1781 3833 Ab
1842 3782 1934 3836 his

292 3869 472 3923 tertia
502 3872 591 3921 est
618 3864 869 3936 ingloria
901 3864 1105 3919 classis
1142 3865 1361 3918 inertia
1395 3868 1932 3938 contemptissima,

289 3963 547 4035 opprimi
581 3979 642 4017 se
674 3978 775 4032 per
800 3960 1248 4016 somnolentiam
1277 3961 1645 4031 patientium,
1673 3964 1930 4019 immise-

290 4052 466 4108 rabili
500 4053 651 4122 apud
684 4067 885 4105 omnes
916 4049 1267 4115 conditione,
1294 4051 1509 4119 quippe
1537 4067 1784 4121 quorum
1813 4055 1930 4107 exi-

289 4142 470 4205 tium,
504 4142 779 4195 dedecore
801 4138 1076 4193 socnrdia
1104 4138 1491 4205 cumulatum,
1517 4155 1683 4194 nemo
1706 4146 1792 4195 est
1832 4142 1930 4212 qui

291 4245 413 4283 non
449 4228 592 4297 ipsis
626 4227 833 4281 merito
890 4226 1149 4280 evenisse
1209 4226 1471 4281 fateatur.
1522 4227 1837 4297 Imaginem
1870 4229 1929 4283 in

290 4316 564 4385 exemplo
592 4330 909 4385 proponam
943 4314 1190 4384 triplicis
1224 4314 1392 4368 istius
1424 4315 1664 4369 ordinis.
1706 4317 1931 4371 Lacuna

292 4409 422 4458 erat
453 4403 659 4467 brevis,
686 4402 839 4455 amni
864 4401 1048 4455 vicino
1073 4402 1408 4470 commissa,
1434 4403 1489 4456 in
1526 4420 1637 4473 qua
1668 4409 1785 4458 tres
1819 4406 1929 4459 ha-

288 4491 566 4546 bitabant
595 4490 902 4544 dissimilis
945 4491 1095 4543 inter
1127 4505 1187 4543 se
1230 4480 1529 4560 qualitatis
1563 4490 1769 4561 pisces.
1804 4492 1924 4545 Pri-

286 4597 426 4633 mus
460 4583 586 4633 erat
615 4578 1125 4650 prudentissimus,
1153 4577 1298 4631 alter
1330 4594 1439 4632 non
1463 4596 1701 4649 prorsus
1726 4580 1923 4647 hebes,

280 4668 499 4721 tertius
531 4666 923 4721 stolidissima
957 4671 1291 4736 compertus
1312 4665 1579 4721 inscitia.
1608 4667 1925 4723 Piscatores

282 4757 354 4809 ad
394 4756 616 4809 lacuna
641 4770 799 4808 oram
823 4755 1005 4807 auditi
1031 4755 1100 4807 ab
1124 4756 1397 4807 omnibus
1417 4759 1555 4807 sunt
1587 4773 1716 4809 cum
1739 4756 1926 4827 palam

286 4843 669 4897 condicerent
690 4843 888 4897 horam
920 4847 1135 4895 certam
1157 4858 1270 4910 qua
1290 4843 1605 4897 everriculo
1644 4844 1925 4913 piscinam

288 4935 474 4985 totam
534 4935 954 4985 scrutarentur.
1016 4931 1363 4983 Admonitus
1395 4930 1494 4984 illa
1521 4947 1655 4984 voce
1704 4933 1926 5002 primus

288 5030 496 5101 piscis,
533 5030 857 5099 periculosa
892 5030 1083 5083 subito
1117 5030 1398 5083 excedens
1430 5031 1697 5099 statione,
1728 5031 1784 5084 in
1821 5032 1926 5086 flu-

288 5122 454 5173 vium
489 5136 550 5174 se
584 5120 906 5173 transtulit.
941 5119 1244 5173 Secundus
1278 5135 1470 5171 moras
1498 5118 1688 5174 adhuc
1721 5120 1775 5173 in
1805 5120 1928 5173 loco

290 5207 494 5273 traxit,
530 5208 839 5276 quamdam
873 5206 1227 5276 voluptatem
1281 5223 1549 5276 sequens,
1584 5208 1771 5276 quoad
1802 5210 1925 5277 jam

282 5295 582 5364 expeditis
612 5295 835 5348 retibus
866 5294 1053 5347 adorti
1088 5294 1382 5363 negotium
1418 5295 1733 5363 piscatores
1765 5311 1930 5365 agere

283 5385 564 5453 ferreque
599 5384 868 5438 lacunam
894 5387 1203 5453 caperent.
1238 5384 1398 5437 Tunc
1423 5384 1540 5449 ille,
1574 5384 1658 5437 vel
1686 5401 1812 5438 sero
1844 5402 1931 5439 sa-

283 5472 490 5541 piens,
548 5472 863 5526 intercluso
910 5472 1033 5540 jam
1080 5471 1235 5525 exitu
1273 5473 1325 5524 in
1363 5472 1601 5537 ﬂumen,
1637 5477 1929 5526 mortuum

284 5558 606 5630 simulans,
634 5562 946 5631 resupinus
970 5560 1234 5628 ﬂuitavit,
1255 5577 1526 5615 successu
1550 5565 1935 5631 strategemat-

275 5653 305 5701 t
322 5653 373 5705 is
397 5663 513 5702 non
546 5649 823 5717 infausto;
842 5665 975 5703 nam
997 5648 1344 5704 exstinctum
1361 5667 1488 5704 eum
1515 5666 1665 5704 unus
1688 5651 1935 5721 piscato-

2047 3257 2154 3317 est,
2188 3252 2244 3306 in
2278 3268 2511 3306 omnem
2544 3258 2768 3323 partem
2796 3255 3025 3310 fumosa
3046 3272 3174 3311 sese
3205 3258 3393 3312 vibrat
3419 3275 3483 3314 ac
3506 3261 3683 3331 repli-

2046 3345 2138 3393 cat
2173 3356 2185 3394 :
2221 3340 2302 3394 sic
2349 3339 2494 3395 istos
2542 3357 2749 3411 pravos
2780 3347 3126 3415 astutosque
3157 3345 3392 3401 assidue
3424 3347 3677 3403 circum-

2046 3432 2227 3497 agunt
2251 3428 2579 3498 caliginosa
2602 3429 2877 3501 ambages
2898 3431 3131 3487 malitia
3154 3438 3429 3490 versuta:
3456 3440 3521 3491 ut
3541 3452 3676 3491 cau-

2045 3514 2177 3568 dam
2210 3516 2371 3569 canis
2403 3521 2610 3571 natura
2641 3517 2933 3586 inﬂexam,
2961 3520 3005 3573 si
3032 3521 3166 3589 quis
3215 3521 3309 3575 filo
3347 3523 3582 3593 ligatam
3614 3525 3674 3580 in

2044 3601 2327 3656 directum
2359 3606 2697 3674 extenderit,
2729 3606 2880 3661 haud
2906 3608 3249 3663 duraturam
3285 3612 3333 3664 ei
3369 3611 3670 3666 rectitudi-

2044 3706 2173 3743 nem
2216 3690 2479 3744 tribuerit
2508 3711 2521 3757 ;
2582 3692 2683 3747 illa
2730 3695 2884 3748 enim
2918 3696 3114 3749 statim
3148 3712 3213 3750 ac
3245 3714 3305 3751 se
3338 3697 3674 3754 relaxaverit

2041 3779 2329 3833 contentio
2360 3778 2665 3847 trahentis,
2699 3782 3030 3853 obliquitati
3078 3798 3139 3838 se
3190 3786 3391 3839 reddet
3436 3786 3671 3843 innata.

2041 3866 2239 3921 Sentio
2285 3867 2435 3936 quod
2475 3867 2642 3921 initio
2677 3871 3075 3938 pravideram,
3110 3871 3264 3926 haud
3300 3872 3404 3926 tibi
3452 3874 3674 3943 placere

2040 3971 2169 4024 quae
2190 3970 2467 4010 memoro.
2499 3959 2784 4011 Caeterum
2821 3974 2922 4011 nec
2953 3959 3263 4028 pharmaca
3294 3966 3507 4031 aegroto
3549 3962 3674 4032 pla-

2039 4048 2205 4098 cent:
2230 4049 2425 4099 tamen
2452 4046 2561 4099 nisi
2587 4062 2652 4099 ea
2674 4046 3025 4117 deglutierit,
3057 4048 3174 4102 vita
3199 4050 3460 4118 excidet;
3513 4056 3672 4106 eate-

2042 4148 2269 4201 nusque
2300 4131 2382 4187 illi
2442 4133 2756 4187 benevolus
2809 4139 2895 4188 est
2939 4135 3220 4203 medicus,
3256 4143 3545 4207 quatenus
3577 4139 3670 4192 in-

2039 4224 2205 4290 grata
2232 4220 2515 4291 praecipit,
2541 4222 2735 4291 qualia
2768 4222 3060 4294 languenti
3084 4224 3340 4280 salubria
3359 4226 3483 4280 sola
3507 4232 3667 4281 sunt.

2040 4312 2117 4361 Ac
2149 4308 2230 4363 sic
2260 4308 2410 4362 habe
2458 4310 2743 4379 optimum
2776 4326 2903 4364 esse
2934 4311 3252 4377 subditum,
3284 4313 3384 4383 qui
3447 4331 3557 4367 non
3593 4316 3664 4369 ad

2040 4398 2291 4467 gratiam
2348 4397 2563 4466 servit;
2624 4400 2873 4453 amicum
2934 4399 3028 4466 qui
3081 4398 3267 4465 utilia,
3304 4417 3417 4455 non
3454 4401 3669 4457 blanda

2037 4484 2317 4549 consulit;
2353 4486 2646 4553 negotium
2707 4487 2859 4555 quod
2921 4485 3069 4540 felici
3127 4486 3281 4540 exitu
3340 4486 3664 4557 clauditur;

2039 4572 2422 4642 laudemgqua
2455 4590 2487 4626 a
2518 4572 2685 4626 bonis
2716 4574 2921 4640 datur;
2953 4574 3271 4643 principem
3300 4576 3669 4644 prasidentia

2038 4676 2150 4713 non
2182 4660 2516 4729 turgidum;
2570 4660 2806 4714 divitem
2853 4677 2964 4714 non
3000 4660 3173 4715 nimis
3207 4666 3496 4716 attentum
3545 4663 3665 4729 rei;

2035 4748 2290 4802 sodalem
2318 4765 2430 4802 non
2472 4749 2921 4804 contentiosum.
2957 4750 3178 4804 Dicitur
3197 4750 3375 4805 ethoc
3403 4752 3571 4822 vulgo
3602 4767 3667 4806 ac

2034 4852 2186 4903 vere,
2219 4835 2531 4905 Optabilius
2564 4852 2690 4891 esse
2721 4853 2899 4907 supra
2929 4854 3148 4908 prunas
3187 4838 3384 4893 cinera
3412 4844 3666 4910 opertas,

2035 4928 2136 4977 aut
2165 4940 2338 4992 super
2367 4924 2591 4994 viperas
2621 4925 2909 4989 incedere,
2937 4942 3113 4996 quam
3145 4926 3355 4981 habere
3382 4927 3438 4980 in
3461 4932 3664 4983 contu-

2036 5012 2238 5065 bernio
2268 5010 2645 5066 insidiantem
2678 5013 2806 5066 vita
2838 5030 2976 5067 sua.

2108 5116 2244 5171 XIX.
2280 5118 2407 5171 Hac
2434 5132 2645 5186 magno
2672 5118 2876 5171 ardore
2920 5117 3302 5173 disserentem
3334 5120 3664 5191 Vestigato-

2039 5222 2157 5260 rem
2194 5206 2428 5259 intuens
2458 5204 2678 5274 placide
2707 5205 2791 5259 leo
2824 5205 3376 5262 Benevolentissime
3427 5215 3486 5262 tu
3536 5209 3665 5279 qui-

2040 5295 2192 5359 dem,
2226 5294 2329 5360 ait,
2351 5310 2549 5346 verum
2573 5294 2753 5347 cruda
2777 5295 3041 5363 quadam
3059 5298 3114 5349 et
3140 5294 3342 5348 auditu
3376 5296 3523 5350 dura
3553 5296 3667 5352 ista

2039 5398 2350 5436 memoras.
2384 5381 2493 5434 Sed
2538 5381 2743 5436 demus
2770 5381 2851 5435 ita
2876 5397 3002 5437 esse
3032 5382 3102 5435 de
3131 5386 3320 5449 tauro,
3365 5388 3430 5438 ut
3485 5385 3665 5439 refers

2040 5477 2232 5522 tamen
2276 5468 2580 5522 herbivora
2601 5469 2781 5522 bestia
2802 5469 2938 5536 quid
2966 5485 3171 5523 nocere
3197 5469 3342 5523 mihi
3363 5471 3663 5525 carnivoro

2044 5556 2289 5629 poterit?
2315 5555 2533 5609 Natura
2562 5555 2723 5609 illum
2752 5573 2895 5611 mea
2926 5556 3072 5627 gula
3112 5556 3450 5627 vectigalem
3483 5559 3614 5613 fecit
3647 5577 3661 5615 :

2043 5662 2167 5717 ego,
2201 5645 2314 5699 nisi
2346 5643 2568 5698 lactura
2626 5644 2756 5696 fiam
2792 5649 2891 5698 aut
2925 5644 3129 5713 malva,
3164 5646 3364 5701 dentes
3393 5645 3553 5701 illius
3585 5648 3660 5701 ti—
