4060 6304
412 326 549 380 1267

1916 330 2295 397 arpsnmx.

3700 326 3820 380 1268

411 465 568 503 mere
602 466 712 505 non
747 450 943 505 debeo.
979 451 1081 506 Hic
1113 454 1445 523 Vestigator
1470 469 1481 506 :
1508 452 1587 507 Ne
1626 468 1803 516 erres,
1837 451 2049 520 inquit,
2083 452 2133 517 Α
2171 449 2477 518 praeferens
2512 448 2959 502 mmstitudinem
2990 447 3187 503 vultus
3219 451 3275 503 et
3306 447 3545 503 indicia
3589 449 3822 518 εει-ἰω-

410 538 667 605 domine,
704 538 855 593 haud
908 538 1155 594 solidam
1216 541 1388 597 habet
1448 541 1633 595 basim
1666 541 1777 595 ista
1810 540 2050 594 fiducia.

411 624 574 680 Ultro
607 626 789 682 fateor
820 632 1049 683 taurum
1104 644 1207 699 per
1253 644 1313 685 se
1368 628 1519 687 haud
1572 628 1844 682 idoneum
1893 628 1963 681 ad
1997 632 2052 687 te

410 714 844 773 deturbandum
889 732 1017 773 esse
1068 733 1265 775 verum
1294 718 1446 787 quod
1476 734 1576 789 per
1601 733 1661 775 se
1694 732 1807 776 non
1840 719 2049 784 potest.

410 819 512 872 per
541 802 685 856 alios
719 804 920 869 faciet;
956 807 1053 861 aut
1084 805 1152 859 de
1197 805 1481 863 industria
1540 804 1837 860 concitans
1890 804 1945 856 in
2001 808 2053 856 te

412 890 719 961 populum,
740 895 842 945 aut
861 892 1222 951 occasionem
1254 892 1552 953 rebellioni
1581 892 1864 962 praebens,
1890 892 2051 945 odio-

415 994 547 1033 sum
614 982 665 1032 te
727 979 1041 1033 reddendo.
1092 980 1253 1033 Sicut
1286 980 1603 1048 aliquando
1638 978 1808 1051 pulex
1863 980 2053 1032 acrius

416 1080 685 1135 pungens
715 1065 970 1135 sopitum
1005 1067 1301 1121 hominem
1335 1084 1511 1123 causa
1563 1067 1841 1137 pereundi
1891 1066 2054 1137 pedi-

420 1153 547 1206 culo
582 1154 869 1222 fuitjuxtai
906 1154 1096 1224 ipsum
1150 1156 1472 1209 modestius
1522 1172 1587 1209 ex
1636 1156 1836 1209 eodem
1880 1156 2055 1208 ubere

424 1241 675 1308 sugenti.
717 1242 1049 1311 Experrecti
1081 1243 1233 1295 enim
1273 1260 1478 1297 manus
1513 1260 1575 1296 eo
1599 1260 1903 1297 accurrens
1940 1258 2054 1313 quo

422 1343 627 1381 sensus
650 1328 865 1382 doloris
888 1330 1082 1395 traxit,
1108 1331 1356 1402 pulicem
1410 1332 1642 1401 quidem
1697 1330 1866 1384 celeri
1900 1331 2051 1384 saltu

422 1414 746 1469 evolantem
782 1417 1067 1487 corripere
1121 1434 1234 1471 non
1270 1419 1475 1489 potuit,
1526 1418 1704 1472 alium
1738 1417 1901 1472 illum
1936 1422 2055 1472 tar-

422 1505 665 1571 diorem,
692 1521 797 1559 nec
830 1523 1061 1561 morsus
1086 1524 1353 1563 somnum
1380 1507 2054 1573 excutientisauctorem,

422 1592 587 1647 alinae
619 1593 843 1663 injuriae
879 1594 1105 1664 piaculo
1141 1596 1433 1650 mactavit.
1477 1597 1535 1649 In
1570 1612 1795 1649 summa
1829 1595 1911 1649 sic
1942 1594 2056 1663 col-

425 1681 541 1751 ligo
565 1699 577 1736 :
605 1681 993 1751 peregrinanti
1026 1699 1127 1753 per
1173 1682 1433 1753 ignotam
1468 1684 1759 1754 regionem
1802 1681 2058 1737 certissi-

429 1770 542 1822 mis
575 1769 919 1840 pignoribus
962 1770 1169 1824 debere
1201 1776 1462 1825 constare
1493 1772 1563 1824 de
1597 1771 1707 1825 ﬁde
1739 1788 1802 1825 ac
1834 1770 2059 1823 sincera

429 1856 829 1912 benevolentia
858 1858 985 1929 ejus
1008 1859 1097 1911 cui
1124 1875 1184 1919 se
1207 1860 1566 1923 ductandum
1589 1857 1783 1913 tradit.
1813 1862 2057 1911 Persua-

432 1961 533 1998 sus
559 1944 647 1999 his
684 1946 1056 1999 sermonibus
1097 1947 1181 2001 leo
1208 1963 1220 2001 :
1248 1947 1391 2013 Quid
1418 1947 1616 2019 igitur,
1651 1945 1859 2016 inquit,
1887 1961 2059 2016 agen-

430 2035 567 2086 dum
614 2034 743 2088 est?
784 2033 886 2089 Cui
936 2034 1268 2105 Vestigator
1301 2052 1312 2088 :
1348 2035 1498 2089 Dens
1550 2034 1913 2104 putrefactus
1946 2050 2057 2086 non

426 2124 591 2177 aliter
626 2122 814 2181 curari
864 2138 1038 2192 quam
1072 2122 1365 2178 evulsione
1415 2128 1619 2199 potest,
1654 2126 1708 2175 et
1738 2123 1903 2175 cibus
1934 2138 2057 2175 cor-

425 2216 629 2281 ruptus
661 2226 906 2280 gravans
942 2210 1329 2276 stomachum,
1373 2210 1481 2263 nisi
1536 2208 1750 2263 vomitu
1804 2209 2056 2277 ejicitur,

419 2297 645 2351 occidit.
681 2296 880 2351 Dicam
914 2297 1091 2368 igitur
1136 2303 1323 2361 tauro,
1360 2297 1447 2349 leo
1487 2296 1699 2366 inquit,
1737 2302 1798 2350 ut
1829 2297 2060 2349 recedat

417 2402 531 2455 quo
562 2384 795 2443 libitum
830 2386 1018 2439 fuerit.
1045 2388 1257 2456 Apage,
1285 2385 1363 2437 ait
1393 2384 1724 2453 Vestigator
1764 2385 2056 2454 (metuens

420 2490 491 2528 ne
524 2489 839 2544 congressu
874 2474 1021 2526 tauri
1048 2490 1177 2526 cum
1200 2472 1363 2525 leone
1388 2489 1493 2525 sua
1520 2472 1743 2526 malitia
1763 2473 2055 2541 detegere-

421 2563 563 2632 tur),
584 2578 718 2615 cave
736 2562 960 2615 feceris.
985 2560 1086 2614 Ille
1113 2560 1329 2631 quippe
1354 2560 1454 2613 tali
1486 2565 1587 2614 tuo
1615 2577 1881 2614 sermone
1922 2577 2054 2613 sen-

419 2652 568 2704 tiens
616 2648 947 2703 suboluisse
996 2649 1100 2701 tibi
1154 2649 1449 2720 quidpiam
1475 2650 1543 2702 de
1565 2649 1793 2703 arcanis
1824 2650 1950 2719 ejus
1998 2648 2056 2703 in

426 2745 481 2794 te
515 2739 936 2805 molitionibus,
974 2738 1305 2811 properabit
1362 2738 1595 2808 exsequi
1630 2739 1782 2807 quod
1839 2737 2054 2792 sensim

423 2827 1054 2897 machinabaturzquae
1088 2843 1265 2881 causa
1313 2824 1801 2899 prudentissimis
1854 2842 2055 2896 regum

422 2920 532 2982 est,
568 2914 795 2986 publice
819 2914 1051 2989 quidem
1078 2914 1357 2984 puniendi
1388 2914 1577 2985 palam
1610 2912 1899 2969 convictos
1933 2929 2057 2967 sce-

420 3002 633 3068 lerum,
682 2998 1010 3071 compertos
1070 3007 1265 3065 autem
1326 3002 1642 3056 coitionum
1699 2999 2054 3053 occultarum

421 3095 569 3144 clam
598 3092 667 3144 de
702 3089 891 3144 medio
926 3090 1178 3145 tollendi.
1214 3091 1412 3160 Atqui,
1447 3085 1874 3157 responditleo,
1900 3087 2052 3158 prin-

418 3196 553 3250 ceps
574 3180 668 3248 qui
701 3195 766 3231 ex
800 3179 1131 3247 suspicione
1169 3176 1525 3247 supplicium
1558 3180 1950 3246 repraesentat,
2002 3176 2050 3232 si
2083 3149 2123 3213 C

424 3272 624 3335 postea
646 3265 937 3319 enotuerit
964 3264 1088 3317 sine
1109 3280 1284 3317 causa
1316 3268 1654 3333 suspectum
1682 3263 1861 3317 fuisse
1891 3280 2059 3333 quem

425 3353 574 3406 male
607 3350 938 3418 mutaverit,
970 3368 1243 3419 magnam
1293 3351 1592 3420 injustitim
1642 3351 1863 3404 subibit
1918 3351 2057 3404 invi-

420 3440 597 3493 diam.
631 3440 711 3492 Ne
742 3440 1010 3493 timueris
1053 3438 1162 3493 hoc
1229 3440 1489 3509 quidem,
1539 3439 1762 3508 reponit
1798 3439 2058 3510 Vestiga-

421 3534 538 3592 tor;
572 3532 688 3580 tam
718 3526 891 3580 certis
923 3526 1076 3581 enim
1109 3528 1318 3581 indicis
1342 3528 1492 3582 tauri
1522 3526 1804 3581 malitiam
1832 3528 2058 3599 perspi-

424 3616 562 3683 cies,
598 3619 661 3668 ut
692 3615 1013 3685 periculum
1066 3614 1293 3669 nullum
1328 3618 1405 3669 sit
1436 3632 1505 3669 ne
1538 3615 1584 3669 is
1628 3616 2058 3670 circumventus

424 3720 526 3773 per
556 3701 913 3757 calumniam
947 3703 1125 3757 videri
1169 3703 1442 3773 cuiquam
1476 3704 1677 3775 possit.
1713 3704 1859 3759 Voca
1892 3705 2058 3758 modo

428 3791 594 3845 illum
626 3794 682 3845 et
729 3791 973 3844 observa
1020 3795 1201 3845 nutus
1245 3794 1372 3861 ejus
1422 3794 1774 3860 obtutusque
1809 3808 1820 3843 :
1855 3792 2055 3861 depre-

426 3879 645 3932 hendes
678 3878 834 3932 vultu
869 3878 1173 3948 pallidum,
1216 3884 1555 3934 trementem
1608 3880 1743 3933 totis
1794 3881 2058 3948 artubus,

423 3967 644 4020 incerto
681 3968 814 4020 laeva
847 3968 1163 4036 dextraque
1190 3968 1638 4037 circumspectu,
1674 3972 1830 4020 motu
1869 3967 2057 4021 inten-

425 4061 605 4123 tuque
635 4069 918 4107 cornuum
951 4059 1178 4108 tantum
1215 4072 1327 4109 non
1369 4057 1520 4109 clare
1551 4056 1884 4124 prodentem
1919 4055 2056 4126 quid

423 4143 661 4196 sceleris
684 4141 877 4196 animo
905 4144 1211 4213 parturiat.
1244 4143 1297 4195 Si
1333 4142 1453 4196 haec
1486 4160 1609 4213 quae
1644 4143 1811 4208 dicis,
1843 4143 1923 4196 ait
1946 4143 2055 4213 leo,

424 4231 590 4297 signa
634 4231 882 4293 videam,
934 4229 1163 4300 plenam
1199 4231 1368 4283 ﬁdem
1404 4230 1658 4285 tribuam
1699 4231 1887 4284 verbis
1920 4232 2055 4285 tuis.

424 4318 666 4371 Volebat
684 4318 775 4371 his
802 4317 1017 4371 auditis
1037 4317 1363 4387 Vestigator
1388 4319 1546 4371 adire
1571 4324 1801 4374 taurum
1836 4320 1903 4371 ad
1940 4320 2056 4373 dis-

430 4407 760 4476 ponendum
794 4422 925 4459 eum
962 4410 1134 4475 prout
1165 4423 1309 4474 opus
1342 4412 1483 4472 erat,
1519 4407 1747 4476 injectis
1772 4406 2057 4477 suspicio-

424 4494 595 4547 nibus
623 4498 677 4548 et
707 4494 822 4546 odii
854 4493 1178 4547 seminibus
1209 4493 1265 4548 in
1300 4494 1563 4562 leonem;
1599 4496 1695 4547 sed
1730 4494 1837 4548 hoc
1874 4498 2059 4549 facere
2091 4508 2137 4571 D
2172 4539 2266 4573 ως

424 4584 548 4636 sine
576 4581 929 4635 conscientia
974 4598 1379 4653 consensuque
1426 4583 1604 4638 leonis
1636 4601 1748 4637 non
1781 4583 2050 4649 audebat,

422 4686 495 4723 ne
526 4671 671 4723 forte
702 4668 933 4723 aliunde
964 4669 1331 4725 innotescens
1376 4671 1458 4725 illi
1489 4671 1914 4725 clandestinum
1950 4673 2050 4725 de-

420 4758 618 4812 latoris
637 4773 769 4811 cum
794 4754 983 4835 delato
1016 4758 1391 4827 colloquium,
1428 4760 1647 4813 fraudis
1681 4776 1745 4814 ac
1776 4758 2047 4815 collusio-

422 4846 512 4898 nis
545 4848 695 4898 inter
738 4844 897 4915 ipsos
938 4846 1333 4915 suspicionem
1387 4853 1659 4915 moveret,
1718 4854 1818 4902 aut
1872 4848 2044 4902 aliam

420 4931 673 5002 aliquam
732 4932 883 4984 viam
948 4932 1225 5000 panderet
1286 4932 1510 4986 technis
1544 4934 1772 4987 artiﬁcii
1809 4934 2046 5004 maligni

414 5018 773 5087 detegendis.
808 5018 894 5071 Ait
932 5018 1116 5087 igitur
1166 5019 1341 5072 nimis
1376 5020 1609 5073 credulo
1643 5019 1791 5073 leoni
1826 5036 1839 5076 :
1874 5024 2042 5088 Quin,

409 5106 666 5173 domine,
700 5107 746 5160 si
774 5106 970 5175 jubes,
1006 5108 1345 5160 conveniam
1388 5124 1491 5175 ego
1528 5110 1651 5177 ipse
1686 5109 2044 5164 machinato-

412 5209 529 5246 rem
570 5194 863 5258 fraudum,
899 5192 1350 5261 observaboque,
1397 5202 1451 5247 et
1500 5194 1724 5247 eliciam
1759 5195 1903 5248 forte
1937 5195 2045 5249 ali-

416 5283 568 5351 quod
632 5281 911 5335 indicium
973 5281 1373 5335 abstrusorum
1425 5283 1550 5351 ejus
1592 5299 1894 5338 sensuum.
1927 5287 2044 5356 Age

424 5369 783 5438 sane,inquit
814 5369 921 5432 leo,
948 5367 1360 5438 explorataque
1385 5372 1452 5423 ad
1491 5386 1593 5424 nos
1628 5371 1776 5424 refer
1799 5389 1923 5442 quae
1946 5374 2043 5427 de-

415 5456 814 5526 prebenderis.

486 5582 612 5635 XX.
639 5581 759 5635 Sub
780 5580 899 5641 haec
917 5580 1057 5634 adiit
1081 5580 1412 5651 Vestigator
1436 5585 1692 5649 taurum,
1714 5583 2041 5641 affectatam

2162 537 2316 589 dinis
2350 536 2622 604 ingentis.
2666 536 2925 605 Exceptit
2958 536 3122 590 illum
3159 553 3262 607 pro
3299 537 3479 590 reteri
3538 537 3821 599 amicitia,

2160 641 2298 678 sane
2332 622 2719 692 familiariter,
2754 622 2898 677 nihil
2953 623 3173 679 sinistri
3210 627 3539 695 suspicans
3581 632 3819 681 taurus:

2159 720 2338 776 Heus!
2366 725 2451 783 tu,
2472 720 2811 790 inquiens,o
2837 720 3112 785 bene,ubi
3135 725 3366 776 tantum
3394 726 3491 777 est
3518 724 3823 777 moratus?

2159 808 2435 863 saeculum
2463 811 2649 862 estex
2680 825 2796 877 quo
2841 807 3083 862 invicem
3117 825 3231 863 non
3264 809 3580 873 vidimus;
3621 811 3729 863 sed
3761 826 3817 865 eo

2160 914 2250 951 me
2281 896 2552 951 consolor
2590 897 2743 966 quod
2796 901 3187 965 qumstuosam
3244 897 3349 951 tibi
3393 898 3595 951 fuisse
3651 914 3821 952 more

2160 1002 2396 1041 causam
2421 1001 2607 1055 spero.
2634 985 2735 1039 Dic
2757 985 2969 1055 agesis,
2992 985 3125 1053 quid
3150 986 3223 1039 ab
3247 984 3461 1042 ultimo
3486 1002 3825 1056 congressu

2162 1078 2360 1127 nostro
2393 1073 2653 1127 lucratus
2683 1072 2818 1127 boni
2852 1073 2953 1129 es?
3003 1073 3086 1127 Ad
3137 1090 3202 1128 ea
3250 1071 3625 1141 Vestigator,
3662 1073 3827 1128 nullo

2160 1162 2349 1216 arrisu
2376 1160 2677 1233 tristitiam
2730 1165 3058 1230 temperans
3083 1177 3095 1213 :
3121 1160 3262 1215 Nam
3282 1161 3453 1231 quid,
3478 1162 3591 1227 ait,
3630 1168 3834 1232 potest

2162 1249 2648 1319 bonicontingere
2681 1248 2985 1302 arbitrium
3030 1249 3118 1302 sui
3153 1265 3263 1302 non
3298 1248 3572 1312 habenti,
3619 1251 3729 1304 sed
3767 1266 3834 1305 ex

2163 1337 2381 1391 domini
2411 1337 2735 1407 arrogantis
2754 1342 2810 1391 et
2837 1337 2998 1390 inﬁdi
3026 1341 3165 1390 nutu
3192 1337 3456 1392 instabili
3481 1354 3833 1408 suspensas

2160 1426 2289 1480 vitae
2312 1442 2374 1480 ac
2397 1429 2585 1483 status
2604 1426 2813 1479 misere
2832 1425 3081 1478 trahenti
3105 1424 3397 1479 rationes?
3425 1425 3602 1479 Bona
3623 1428 3833 1490 verba,

2161 1519 2366 1568 taurus
2416 1513 2634 1583 inquit;
2665 1530 2735 1567 an
2769 1529 2979 1583 passus
3008 1529 3069 1568 es
3118 1512 3337 1583 aliquid
3371 1515 3535 1583 quod
3577 1514 3781 1569 nolles
3807 1514 3833 1567 7

2162 1610 2267 1663 ede
2296 1609 2434 1676 quid
2455 1624 2614 1662 novae
2638 1608 2715 1662 rei
2761 1612 2870 1665 est.
2906 1606 3007 1661 Hic
3046 1606 3414 1677 Vestigator:
3447 1608 3605 1671 Quis
3639 1610 3831 1664 vitare

2164 1702 2339 1766 queat
2370 1696 2528 1750 fatali
2561 1695 2903 1751 necessitate
2963 1695 3242 1766 ingruens
3298 1695 3553 1765 malum,
3590 1703 3699 1751 aut
3732 1683 3830 1751 cui

2165 1785 2367 1839 aulicus
2399 1784 2696 1839 servitutis
2752 1784 2809 1836 in
2870 1783 3111 1853 obsequi
3170 1784 3504 1853 principum
3558 1785 3831 1839 trahenti

2161 1874 2396 1943 jugum,
2423 1888 2538 1926 non
2571 1872 2761 1927 evenit
2806 1872 3076 1940 denique,
3111 1871 3230 1925 vice
3262 1873 3488 1942 przsmii
3516 1872 3828 1938 laborum,

2168 1961 2371 2030 ingens
2401 1958 2744 2014 calamitas?
2774 1959 2916 2013 Nam
2971 1959 3063 2013 isti
3126 1959 3362 2028 superbi
3395 1961 3658 2028 domini,
3694 1963 3830 2017 suis

2167 2050 2333 2102 unice
2363 2046 2571 2101 intenti
2601 2048 2948 2113 commodis,
2970 2046 3115 2102 alios
3145 2047 3407 2117 aliosque
3430 2048 3826 2105 subditorum

2165 2135 2583 2204 experiuntur;
2629 2151 2840 2206 eosque
2872 2135 2970 2189 ubi
3029 2150 3096 2188 ex
3125 2134 3207 2188 eis
3240 2136 3619 2205 perceperint
3659 2139 3823 2206 quod

2157 2224 2346 2292 juvat,
2372 2222 2616 2277 miseros
2648 2221 3070 2277 obliviscuntur
3102 2223 3478 2291 abjectosque
3499 2230 3835 2294 spernunt,

2166 2310 2310 2364 nihil
2344 2309 2508 2379 pensi
2532 2309 2835 2375 habentes,
2862 2310 3012 2363 male
3032 2326 3105 2363 an
3129 2310 3272 2364 bene
3295 2314 3513 2380 agatur
3547 2327 3682 2365 cum
3712 2314 3829 2365 mi-

2165 2397 2366 2451 nistris
2398 2398 2711 2461 veteribus,
2745 2398 2884 2451 dum
2921 2397 3377 2467 novisuppetant
3410 2398 3512 2467 qui
3539 2400 3832 2455 suasillis

2165 2486 2475 2539 conﬁciant
2531 2485 2893 2555 voluptates;
2953 2485 3178 2539 similes
3223 2487 3609 2541 meretricum
3661 2488 3829 2543 inex-

2166 2573 2329 2644 pletae
2351 2573 2632 2642 libidinis,
2673 2590 2799 2643 quae
2819 2573 2963 2628 alios
2991 2578 3163 2643 atque
3180 2573 3347 2639 alios,
3375 2574 3632 2629 fatiditis
3662 2592 3823 2631 δρω-

2166 2677 2265 2731 per
2296 2661 2609 2731 prioribus,
2640 2666 2931 2716 amatores
2986 2666 3304 2732 appetunt;
3361 2668 3462 2716 aut
3497 2665 3822 2735 magistro-

2164 2766 2293 2805 rum
2317 2766 2548 2819 operam
2579 2750 2821 2805 docendi
2838 2750 3105 2803 mercede
3122 2750 3492 2805 vendentium
3506 2793 3519 2816 ,
3548 2769 3819 2823 quorum

2165 2854 2346 2892 unum
2367 2843 2561 2893 votum
2585 2842 2673 2891 est
2695 2837 2932 2908 plenum
2958 2837 3146 2891 videre
3178 2836 3274 2892 lud
3294 2855 3385 2895 um
3412 2838 3644 2895 afﬁuxu
3673 2858 3823 2911 prte-

2162 2930 2510 2980 textatorum
2551 2924 2826 2980 minerval
2864 2926 3192 2992 ferentium,
3218 2926 3620 2982 securissimis
3648 2930 3824 2999 ipsis,

2162 3016 2469 3087 proﬁciant
2524 3031 2703 3069 necne
2759 3015 2942 3085 pueri,
2985 3019 3085 3069 aut
3116 3015 3354 3069 omnino
3400 3015 3542 3085 quid
3577 3017 3654 3072 iis
3690 3020 3821 3086 ﬁat,

2165 3112 2265 3165 ubi
2299 3111 2638 3167 recesserint
2688 3110 3019 3166 mercedula
3058 3112 3634 3167 numeratn.Hmcita
3669 3131 3814 3169 con-

2164 3200 2407 3254 ﬁdenter
2427 3207 2617 3255 tecum
2654 3199 2881 3253 fabulor
2912 3199 3092 3254 fretus
3122 3200 3293 3254 veteri
3320 3200 3597 3266 amicitia,
3649 3208 3711 3257 et
3763 3204 3817 3257 si

2165 3289 2353 3343 dicere
2386 3304 2477 3342 me
2508 3288 2675 3353 sinis,
2699 3288 3033 3342 conscentia
3057 3287 3316 3342 benevoli
3344 3289 3545 3353 ofﬁcii,
3599 3307 3722 3360 quo
3758 3296 3813 3345 te

2166 3379 2222 3431 in
2255 3376 2439 3430 leonis
2462 3376 2704 3445 gratiam
2730 3375 3041 3442 insinuavi,
3066 3393 3362 3447 causaque
3384 3377 3486 3431 tibi
3514 3377 3597 3432 fui
3622 3378 3811 3447 hujus

2165 3482 2281 3534 qua
2334 3466 2554 3519 emines
2608 3463 2898 3534 potentiae,
2933 3479 3109 3533 quam
3169 3464 3388 3519 utinam
3425 3466 3530 3519 tibi
3579 3472 3807 3521 certam

2167 3554 2575 3623 propriamque
2602 3553 2683 3606 dii
2715 3556 2979 3619 servent;
3043 3552 3231 3607 nescis
3284 3553 3438 3607 enim
3472 3560 3695 3623 quanto
3744 3556 3805 3610 in

2167 3641 2421 3710 periculo
2442 3640 2714 3705 verseris,
2737 3642 2905 3711 cuius
2940 3657 3045 3711 ego
3079 3642 3351 3696 conscius
3380 3642 3568 3696 celare
3598 3648 3653 3696 te
3688 3660 3805 3697 non

2168 3746 2407 3800 possum
2439 3729 2598 3784 salva
2627 3729 3082 3787 necessitudinis
3115 3730 3249 3784 ﬁde.
3282 3730 3375 3785 Sic
3406 3730 3587 3801 igitur
3631 3732 3807 3795 habe,

2167 3822 2526 3886 compertum
2561 3817 2702 3871 mihi
2752 3833 2819 3871 ex
2876 3821 3022 3871 teste
3072 3818 3283 3884 aurito,
3332 3816 3615 3872 excidisse
3648 3818 3804 3873 leoni

2167 3906 2319 3975 apud
2353 3904 2671 3961 familiares
2702 3906 2845 3960 hanc
2876 3921 3071 3961 vocem
3107 3923 3119 3961 :
3152 3905 3335 3961 Cerno
3360 3906 3510 3960 hunc
3528 3912 3801 3962 nostrum

2169 3998 2396 4047 taurum
2434 3993 2823 4065 praepinguem
2847 3994 2971 4063 jam
2996 4009 3144 4061 esse,
3172 4011 3474 4065 nunquam
3497 3997 3801 4065 tempesti-

2166 4082 2288 4134 vior
2309 4082 2375 4135 ad
2412 4081 2615 4152 epulas
2648 4082 2820 4136 fuerit
2852 4099 2863 4136 :
2895 4082 3022 4138 volo
3052 4098 3185 4137 eum
3219 4084 3658 4153 quamprimum
3699 4084 3794 4137 de-

2166 4186 2385 4224 vorare.
2412 4169 2616 4224 Horrui
2650 4171 2876 4238 auditu,
2912 4171 3198 4241 miserans
3224 4172 3398 4225 amici
3433 4176 3647 4226 sortem
3705 4189 3800 4226 ao-

2167 4258 2439 4327 currique
2471 4259 2540 4311 ad
2574 4262 2647 4324 te,
2683 4262 2746 4311 ut
2778 4260 3171 4313 communiter
3226 4259 3531 4314 videamus
3591 4261 3800 4330 ecquid

2166 4346 2419 4415 expediri
2453 4345 2678 4400 consilii
2712 4346 2896 4415 possit
2924 4348 3085 4402 utilis
3112 4348 3181 4401 ad
3210 4347 3431 4403 cladem
3459 4354 3801 4418 praeverten-

2167 4434 2322 4487 dum.
2357 4433 2770 4500 Conturbatus,
2824 4438 2885 4488 ut
2934 4452 3035 4504 par
3060 4440 3201 4501 erat,
3236 4435 3336 4489 tali
3370 4451 3637 4488 sermone
3669 4441 3797 4491 tau-

2301 4538 2312 4573 :
2346 4522 2491 4584 Quid
2526 4521 2627 4575 feci
2662 4526 2761 4576 aut
2820 4521 2958 4591 quid
2993 4523 3109 4576 dixi
3160 4522 3355 4588 miser,
3390 4523 3600 4593 inquit,
3636 4526 3793 4593 quod

2163 4610 2300 4664 talia
2332 4610 2403 4663 de
2430 4626 2520 4663 me
2553 4611 2843 4680 cogitandi
2879 4627 3082 4665 ansam
3117 4617 3217 4665 aut
3249 4616 3585 4682 praetextum
3640 4613 3792 4667 leoni

2162 4699 2505 4767 praebuerit?
2539 4715 2748 4769 nempe
2778 4699 2862 4752 has
2895 4704 3031 4754 sunt
3061 4704 3213 4754 artes
3244 4700 3643 4771 improborum
3690 4703 3794 4771 qui

2108 4834 2109 4837 η
2160 4812 2250 4848 me
2280 4794 2441 4850 falsis
2460 4796 2610 4866 apud
2636 4812 2767 4851 eum
2788 4796 3132 4851 criminibus
3155 4797 3789 4868 inlamaverint.Suspi-

2156 4883 2702 4951 cabarjamdudum
2736 4884 3009 4939 invidiam
3061 4884 3448 4955 malignorum
3484 4902 3629 4954 quos
3662 4902 3790 4941 mea

2160 4970 2407 5025 felicitas
2435 4971 2657 5038 urebat,
2694 4988 2797 5025 nec
2829 4973 3072 5026 obscura
3105 4973 3306 5028 horum
3339 4974 3534 5029 livoris
3564 4975 3779 5029 indicia

2162 5060 2373 5113 notavi.
2411 5059 2797 5129 Nunquamne
2830 5060 2899 5115 ab
2934 5062 3163 5116 insidiis
3209 5062 3621 5117 sceleratorum
3655 5069 3779 5119 tuta

2155 5148 2263 5201 erit
2320 5147 2693 5201 innocentia?
2741 5150 2888 5202 Tum
2938 5149 3305 5221 Vestigator:
3342 5152 3533 5215 Erras,
3568 5153 3775 5223 inquit,

2154 5236 2291 5288 dum
2327 5235 2469 5288 alios
2492 5252 2748 5290 accusas.
2785 5237 2926 5291 'l‘ota
2960 5238 3014 5291 in
3048 5237 3210 5291 leone
3241 5239 3409 5306 culpa
3439 5246 3545 5293 est.
3569 5240 3773 5305 Scires,

2154 5322 2201 5376 si
2236 5340 2368 5377 eum
2404 5340 2626 5392 nosses,
2663 5331 2725 5377 ut
2748 5341 2851 5378 nos
2884 5324 2975 5395 qui
3012 5327 3233 5379 diutius
3274 5327 3422 5396 apud
3477 5328 3630 5381 hunc
3669 5328 3774 5380 fui-

2155 5427 2304 5465 mus.
2340 5412 2518 5465 Crede
2568 5412 2701 5465 ﬁdis
2732 5417 2787 5466 et
2817 5414 3087 5482 expertis,
3122 5413 3265 5467 nihil
3301 5414 3395 5468 illo
3425 5415 3775 5479 instabilius,

2153 5498 2845 5569 perﬁdiosius,crudelius
2876 5506 2982 5555 est.
3036 5502 3200 5557 lnitio
3236 5502 3330 5557 ille
3370 5504 3605 5573 quidem
3659 5503 3773 5574 pla-

2154 5588 2385 5643 ciditate
2438 5588 2685 5657 quadam
2741 5588 2940 5658 allicit,
2974 5589 3369 5645 accedentium
3428 5593 3769 5663 sanguinem
