4108 6294
274 340 412 393 1269

1287 351 1644 404 SPECIMEN
1682 354 2078 424 SAPIENTlgE
2121 355 2450 420 lNDORUM
2489 356 2648 406 VET.

3528 354 3664 410 1‘370

274 465 468 518 statim
502 464 626 518 sitit
653 481 968 538 paremque
993 469 1259 538 rependit
1285 471 1575 527 dulcedini
1602 474 1911 538 admissio-
1945 496 1989 563 Α
2026 478 2092 530 ad
2127 477 2237 546 ipsi
2268 477 2524 532 officiose
2557 481 2902 547 apparentes
2936 494 3081 548 quos
3115 477 3231 531 dixi
3258 477 3521 532 aulicos:
3555 495 3658 533 vos

280 553 372 607 nis
403 553 599 621 primm
621 555 834 608 ultimae
852 558 1255 628 catastrophes
1277 560 1600 614 amaritiem
1618 564 1917 618 acerbissi-

280 657 456 694 mam.
492 643 857 713 Vera,inquit
889 648 1111 711 taurus,
1139 663 1466 715 memoras;
1497 653 1552 702 et
1584 666 1688 720 ego
1719 650 1919 706 infelix

279 730 586 798 degustata
616 729 719 784 illa
754 730 929 802 priori
962 733 1266 802 suavitate,
1322 752 1475 788 nunc
1522 753 1586 791 eo
1620 738 1819 792 deveni
1854 745 1917 794 ut

281 817 636 870 amarissimi
659 819 816 871 exitii
845 819 995 874 feces
1018 820 1251 876 haurire
1282 825 1452 877 modo
1484 825 1801 879 debeam.0
1826 843 1917 881 me

277 903 708 976 imprudentem
737 908 835 977 qui
863 912 980 961 tam
1015 909 1112 962 diu
1147 909 1242 964 hic
1275 910 1578 966 haeseriml
1616 930 1719 968 nec
1750 931 1915 985 repu-

277 993 472 1061 tarim,
506 996 655 1063 quod
693 996 840 1050 ratio
872 998 1162 1064 monebat,
1196 999 1350 1054 haud
1377 1006 1560 1055 tutam
1599 1019 1724 1057 esse
1755 1020 1911 1058 com-

276 1081 660 1136 morationem
687 1083 917 1153 longam
943 1084 1255 1140 herbivorae
1277 1089 1593 1144 animantis
1622 1093 1769 1161 apud
1797 1110 1908 1146 Car-

273 1169 687 1224 nivoram.Mod
700 1188 792 1224 um
811 1174 1111 1241 oportebat
1128 1191 1215 1228 me
1232 1179 1486 1230 statuere
1502 1181 1910 1246 consuetudini

271 1266 574 1326 suspectae,
619 1265 962 1330 matureque
1007 1278 1038 1314 a
1090 1262 1329 1316 macello
1377 1267 1662 1319 recedere.
1700 1267 1907 1322 Fraudi

271 1349 357 1398 est
390 1345 640 1400 incautis
672 1347 920 1401 aviditas
953 1366 1079 1416 sua,
1116 1349 1252 1403 dum
1304 1367 1450 1422 {egre
1495 1353 1829 1408 evelluntur
1876 1375 1908 1411 a

271 1434 660 1502 placentihus,
700 1435 854 1505 passi
888 1437 1037 1505 quod
1061 1437 1317 1508 apiculas
1352 1439 1750 1510 imprudentes
1778 1462 1906 1512 per-

270 1521 375 1585 dit,
409 1539 532 1591 quce
565 1523 703 1575 dum
742 1524 1038 1578 mordicus
1071 1525 1354 1580 inhazrent
1387 1527 1649 1584 dulcibus
1694 1532 1904 1585 floscu-

269 1609 672 1678 lis,volucrum
706 1611 1003 1681 rapacium
1037 1614 1230 1682 prieda
1263 1615 1534 1680 tiunt,aut
1565 1618 1904 1690 superlapso

268 1697 415 1751 forte
468 1699 737 1768 pondere,
789 1698 846 1752 in
899 1701 1201 1770 complexu
1259 1703 1646 1774 intemperant
1704 1713 1902 1762 amata:

265 1785 584 1857 voluptatis
616 1785 1047 1855 opprimuntur.
1105 1789 1384 1844 Decuerat
1434 1792 1634 1862 paucis
1666 1801 1898 1850 conten-

263 1878 414 1936 tum,
450 1890 574 1944 quae
608 1873 794 1944 prima
825 1875 1049 1929 modica
1078 1879 1230 1932 bona
1281 1895 1642 1949 perceperam
1693 1887 1892 1952 procul

262 1966 390 2016 tuto
438 1963 683 2016 fruenda
733 1963 1057 2032 deportare,
1111 1982 1214 2019 nec
1270 1967 1576 2036 periclilari
1623 1988 1689 2025 ex
1736 1971 1895 2026 inex-

260 2049 418 2120 pleta
448 2049 783 2119 gulositate,
818 2067 1150 2107 muscarum
1188 2053 1461 2124 similem,
1488 2058 1702 2128 quibus
1725 2062 1892 2130 quasi

259 2154 376 2191 non
410 2136 662 2190 sufﬁciat
695 2138 976 2208 pabulum
1013 2143 1166 2201 quod
1201 2143 1421 2198 affatim
1475 2145 1532 2198 in
1568 2146 1892 2214 frondibus,

257 2225 314 2278 in
349 2224 658 2290 fructibus,
691 2225 749 2279 in
786 2227 942 2280 omni
980 2245 1169 2284 rerum
1205 2232 1510 2301 superficie
1542 2235 1700 2302 jacet
1747 2238 1894 2306 ipsis

261 2315 611 2384 expositum,
643 2315 819 2368 etiam
854 2317 1056 2370 sordes
1108 2317 1476 2376 leoninarum
1530 2324 1761 2380 aurium
1796 2343 1894 2380 ca-

261 2405 446 2470 ptant,
477 2417 691 2471 easque
714 2401 1041 2473 scalpentes
1070 2405 1422 2476 importune,
1453 2409 1753 2467 irritabilis
1780 2413 1894 2467 bel-

260 2487 369 2541 luas
401 2489 694 2557 unguibus
728 2495 989 2561 pereunt.

331 2701 486 2755 XXI.
522 2702 680 2756 Mitte
710 2701 820 2757 ista
855 2719 968 2758 non
1003 2705 1180 2774 hujus
1230 2709 1531 2779 temporis,
1562 2713 1894 2784 interpellat

259 2788 624 2858 Vestigator;
656 2807 812 2844 nunc
842 2792 997 2847 enim
1029 2797 1409 2862 qemrendum
1443 2801 1637 2868 potius
1668 2808 1890 2873 estqua

256 2875 481 2931 ratione
515 2882 760 2932 mortem
791 2879 1052 2950 effugias.
1085 2884 1281 2952 Atqui,
1316 2885 1398 2940 ait
1417 2890 1888 2953 taurus,evellcre

253 2963 396 3018 illud
434 2964 598 3034 mihi,
627 2967 764 3020 dum
787 2981 916 3037 quae
943 2969 1059 3023 vidi
1091 2977 1299 3026 cuncta
1331 2977 1762 3044 reputo,animo
1787 2995 1886 3032 ne-

256 3068 430 3123 queo,
465 3053 764 3109 innoxium
816 3055 1048 3126 propria
1089 3058 1283 3114 indole
1330 3061 1554 3117 leonem
1597 3079 1746 3131 esse,
1798 3071 1884 3121 to-

253 3143 494 3244 t‘amque
523 3141 709 3244 labem
741 3159 772 3198 e
797 3145 988 3242 pravis
1039 3146 1164 3216 ejus
1215 3148 1599 3244 familiaribus
1644 3155 1884 3210 descen-
1920 3179 1962 3244 ρ

255 3230 412 3295 dere,
444 3229 544 3299 qui
576 3230 796 3285 bonum
830 3231 1023 3302 ipsum
1057 3250 1184 3290 esse
1211 3253 1324 3291 non
1358 3238 1887 3311 sinant,proritent-

255 3333 368 3388 que
387 3318 760 3372 voracitatem
785 3319 929 3374 nihil
945 3337 1044 3391 per
1066 3339 1126 3378 se
1152 3323 1586 3396 talecogitaturi
1608 3329 1668 3384 in
1690 3346 1888 3386 excar-

257 3405 656 3460 nificationem
692 3407 1036 3474 insontium,
1064 3412 1236 3482 quale
1268 3429 1496 3482 passam
1530 3417 1676 3472 alias
1707 3436 1888 3475 came-

253 3493 377 3548 lum
404 3493 643 3548 memini
666 3494 869 3550 fraude
882 3499 1348 3568 conspirantium
1372 3502 1687 3560 bestiarum
1710 3512 1885 3564 trium

253 3581 400 3652 lupi,
433 3581 590 3636 corvi
621 3587 678 3637 et
707 3583 882 3640 thois.
916 3585 1220 3657 Regnabat
1251 3587 1338 3645 leo
1381 3591 1621 3660 quidam
1654 3595 1712 3650 in
1744 3595 1892 3651 silva

255 3670 355 3723 viae
386 3670 634 3740 publica;
668 3671 940 3738 finitima,
992 3674 1305 3732 familiares
1351 3677 1573 3735 habens
1621 3684 1890 3739 subditos

250 3760 370 3812 tres
401 3774 552 3829 quos
584 3762 923 3829 memoravi,
951 3762 1176 3832 lupum,
1211 3781 1443 3820 corvum
1477 3772 1535 3822 et
1563 3769 1888 3844 thoem,ap-

248 3845 437 3915 prime
461 3848 617 3901 inter
638 3864 700 3902 se
730 3850 1068 3906 concordes.
1116 3855 1449 3908 Pertransiit
1505 3873 1620 3926 qua
1650 3860 1766 3914 dixi
1799 3863 1890 3916 via

247 3935 570 3990 comitatus
603 3941 1328 4005 mercatorum,mandram
1362 3959 1538 4014 agens
1569 3947 1885 4018 ingentem,

243 4038 313 4075 ex
344 4040 462 4094 qua
515 4023 772 4078 camelus
825 4043 942 4082 una
987 4028 1354 4085 inobservata
1409 4049 1472 4085 se
1512 4035 1885 4103 subtrahens,

241 4110 300 4164 in
335 4129 551 4167 nemus
583 4129 644 4168 se
673 4115 938 4182 abdidit;
972 4121 1030 4170 et
1052 4117 1172 4186 jam
1193 4119 1262 4172 ab
1286 4119 1522 4175 homine
1545 4125 1780 4180 domino
1803 4143 1887 4181 se-

241 4204 769 4271 cura,prasoptavit
797 4203 1109 4275 imperium
1143 4211 1486 4279 congeneris
1517 4213 1626 4267 sibi
1662 4215 1884 4278 belluas,

242 4287 598 4359 leonemque
630 4290 710 4344 ibi
751 4292 1151 4350 dominantem
1197 4300 1566 4364 conveniens,
1620 4303 1702 4361 illi
1754 4321 1885 4374 per-

242 4375 493 4431 libenter
529 4377 855 4433 admittenti
877 4389 1242 4438 sacramento
1272 4387 1496 4442 addixit
1515 4390 1881 4462 obsequium.

244 4463 390 4527 Quid
423 4465 684 4536 quaeris?
714 4468 1032 4525 Videbatur
1053 4473 1165 4527 sibi
1198 4475 1363 4531 beata
1399 4494 1410 4531 :
1447 4495 1615 4535 nemo
1646 4484 1882 4552 eratqui

242 4569 390 4608 onus
421 4533 770 4625 imponeret,
805 4557 955 4614 viam
987 4561 1332 4634 injungeret,
1369 4565 1569 4637 plagas
1590 4569 1751 4624 fessa:
1773 4533 1880 4624 a‘d-
1913 4533 1956 4595 Β

242 4641 425 4709 deret,
475 4653 528 4697 et
580 4642 668 4698 leo
712 4647 941 4717 quoties
1011 4658 1344 4708 occurrerat
1393 4656 1677 4723 arridens,
1727 4660 1878 4713 bono

242 4745 372 4784 esse
399 4731 600 4785 animo
642 4732 910 4802 jubebat,
961 4737 1102 4792 nihil
1153 4740 1308 4796 aliud
1365 4750 1666 4800 curantem
1699 4765 1874 4817 quam

235 4817 501 4886 jucunde
533 4823 715 4892 pasci.
749 4823 963 4879 Verum
999 4827 1091 4882 die
1122 4831 1371 4898 quadam
1413 4848 1682 4902 egressus
1714 4853 1879 4891 vena-

243 4911 367 4992 tum
400 4907 488 4962 leo
523 4909 694 4964 malls
724 4912 1203 4982 avibus,incurrit
1224 4919 1282 4973 in
1313 4919 1874 4992 elephantem,quem

244 4991 530 5050 lacessere
563 5014 765 5068 ausus,
800 5000 947 5056 male
979 5020 1011 5057 a
1040 5004 1260 5060 fortiori
1305 5007 1641 5079 mulctatus,
1675 4991 1874 5067 vulne-

243 5082 406 5138 ribus
453 5085 666 5140 debilis
715 5104 862 5159 a=gre
907 5105 969 5144 se
1024 5094 1238 5164 recepit
1287 5095 1343 5149 in
1396 5112 1631 5166 specum
1685 5118 1872 5158 suam.

247 5168 327 5221 lbi
364 5169 523 5226 lenta
545 5179 603 5227 et
634 5191 833 5244 parum
854 5179 1183 5248 proficiente
1211 5185 1507 5239 curatione
1529 5187 1876 5245 decumbere

241 5264 498 5327 coactus,
537 5263 686 5316 fame
716 5266 886 5335 coepit
921 5267 1259 5335 conflictari,
1288 5289 1387 5325 nec
1412 5273 1875 5348 viribus,quippe

248 5345 491 5402 defectis
522 5366 730 5417 magna
750 5354 916 5422 copia
947 5358 1250 5426 sanguinis
1284 5363 1632 5429 amissa,ncc
1655 5345 1871 5433 praeda-

243 5449 369 5486 rum
404 5435 813 5495 instrumentis
845 5445 1108 5513 artubus,
1144 5446 1277 5502 hinc
1311 5449 1541 5516 luxatis,
1577 5453 1708 5508 inde
1738 5472 1871 5509 con-

243 5521 462 5609 fractis,
499 5528 752 5593 amplius
777 5531 899 5599 jam
932 5532 1130 5588 valens
1161 5538 1582 5608 quotidianam,
1619 5546 1682 5594 ut
1705 5549 1873 5598 antea

243 5615 364 5664 erat
395 5612 626 5684 solitus,
659 5618 920 5688 saginam
956 5623 1064 5676 sibi
1101 5639 1320 5694 parare.
1374 5627 1516 5696 Ergo
1562 5646 1871 5687 conversus

2023 565 2501 636 quidcm,inquit,
2528 582 2618 618 me
2650 565 3047 635 honoratis,at
3078 583 3180 637 ego
3212 566 3447 621 tabesco
3481 568 3652 632 fame,

2023 655 2143 718 Quo
2179 655 2284 706 ista
2313 653 2454 707 mihi
2479 652 2699 707 sterilia
2722 653 3002 723 obsequia
3024 654 3050 707 ?
3072 654 3148 708 ite
3172 655 3364 725 potius
3387 659 3442 710 et
3459 655 3657 710 afferte

2023 743 2176 804 unde
2207 743 2514 817 vescar.Ad
2550 758 2616 794 ea
2650 741 2730 794 illi
2766 759 2778 795 :
2816 742 3042 796 Dudum
3079 743 3423 798 fecissemus
3451 753 3653 814 sponte

2021 831 2173 894 quod
2223 830 2415 898 jubes,
2475 835 2532 882 et
2581 837 2778 884 noster
2811 831 2864 884 in
2901 835 2953 883 te
3003 847 3166 884 amor
3198 831 3649 886 admonitionem

2021 919 2412 988 przevertisset
2444 919 2744 981 tuam,nisi
2778 920 2929 972 vires
2962 919 3273 972 deﬁcerent
3303 920 3372 972 ad
3392 922 3657 976 conanda

2019 1024 2144 1078 quae
2193 1007 2494 1075 vellemus,
2547 1008 2875 1078 quibusque
2928 1024 3080 1062 nunc
3127 1008 3373 1077 indiges.
3427 1009 3653 1063 Tenues

2019 1114 2123 1151 nos
2158 1114 2386 1162 sumus,
2422 1102 2475 1149 et
2518 1113 2721 1167 pugna-2
2781 1095 3034 1168 impares
3088 1097 3456 1150 conserendae
3515 1114 3648 1152 cum

2017 1184 2339 1255 pinguibus
2371 1190 2426 1238 et
2458 1185 2667 1237 torosis
2716 1184 2872 1252 leris,
2927 1184 3130 1255 quales
3180 1184 3373 1254 palato
3424 1189 3522 1239 tuo
3556 1204 3646 1239 sa-

2015 1273 2221 1344 piunt:
2257 1274 2394 1342 quin
2434 1273 2596 1325 nobis
2632 1272 2774 1342 ipsis
2807 1276 2895 1325 vix
2928 1273 3257 1325 sufficimus
3297 1272 3521 1325 exiliter
3554 1291 3647 1343 pa-

2013 1361 2243 1414 scendis
2277 1361 2541 1430 hancque
2575 1361 2758 1430 ipsam
2795 1378 2990 1413 suram
3044 1361 3236 1413 studio
3286 1360 3646 1430 imputamus

2011 1450 2094 1503 tui
2130 1466 2243 1502 non
2299 1449 2411 1502 alia
2462 1451 2530 1502 de
2579 1466 2755 1502 causa
2802 1448 3101 1518 cupientes
3149 1448 3358 1511 vivere,
3414 1449 3524 1502 nisi
3577 1464 3645 1502 ne

2011 1537 2203 1591 desint
2235 1537 2330 1606 qui
2366 1542 2476 1590 tuae
2511 1538 2800 1608 majestati
2835 1535 3210 1590 famulentur.
3236 1537 3314 1590 En
3341 1553 3445 1590 nos
3479 1554 3642 1606 para-

2008 1632 2100 1680 tos
2131 1626 2310 1680 habes
2344 1627 2412 1679 ad
2449 1626 2681 1697 quidvis
2714 1632 2813 1679 tua
2844 1643 3020 1679 causa
3052 1624 3290 1696 periculi
3324 1626 3641 1697 damnique

2009 1713 2380 1766 subeundum
2412 1730 2424 1779 ;
2460 1729 2657 1766 verum
2701 1711 2950 1780 optima),
2997 1715 3062 1764 ut
3108 1711 3383 1776 diximus,
3430 1711 3638 1765 volun.

2007 1799 2110 1854 tati
2143 1800 2387 1854 facultas
2420 1800 2572 1854 haud
2609 1817 2712 1870 par
2744 1799 3073 1868 respondet.
3125 1799 3205 1852 De
3251 1804 3444 1853 vestra
3472 1799 3639 1870 equi-

2007 1889 2159 1954 dem,
2195 1888 2420 1958 reponit
2450 1887 2557 1957 leo,
2591 1887 2991 1942 benevolentia
3030 1905 3144 1942 non
3178 1888 3406 1956 dubito,
3455 1904 3638 1958 eoque

2000 1993 2102 2032 vos
2134 1994 2233 2031 oro
2265 1975 2667 2042 confidentius,
2695 1981 2759 2030 ut
2785 1980 2990 2031 euntes
3015 1976 3073 2030 in
3097 1975 3636 2047 consilium,exqui-

2003 2065 2143 2119 ratis
2171 2065 2319 2120 viam
2342 2064 2595 2135 aliquam
2621 2064 2998 2119 succurrendi
3017 2064 3200 2135 lapsis
3224 2065 3588 2137 rebus.Agite
3616 2082 3631 2142 ε,

2002 2180 2119 2216 non
2153 2163 2333 2217 deerit
2355 2164 2585 2217 fortuna
2610 2181 2624 2231 ;
2649 2163 2847 2216 afferte
2871 2161 3136 2216 alicunde
3158 2162 3269 2216 cibi
3297 2162 3628 2234 quidpiam:

2002 2251 2190 2305 brevis
2218 2255 2306 2304 est
2336 2252 2563 2305 occasio
2592 2251 2778 2304 charm
2828 2251 2995 2304 vobis
3046 2251 3253 2304 animm
3285 2253 3581 2305 servanda:
3616 2267 3628 2306 :

2001 2340 2048 2394 si
2083 2339 2412 2404 moramini,
2449 2338 2683 2393 morior.
2730 2340 2847 2390 Sub
2881 2338 3000 2392 haec
3049 2338 3133 2390 illi
3166 2355 3277 2392 non
3316 2339 3511 2406 procul
3549 2356 3633 2394 re-

2001 2428 2292 2495 cedentes,
2325 2427 2510 2496 capita
2545 2429 2866 2480 conferunt.
2911 2428 3112 2480 Cuncti
3139 2429 3262 2495 jam
3311 2432 3481 2482 antea
3512 2445 3632 2482 ma-

2001 2516 2178 2586 lignis
2227 2515 2409 2569 oeulis
2458 2515 2743 2569 camelnm
2813 2515 3210 2568 intuebantur.
3279 2516 3426 2569 Tum
3479 2533 3634 2582 vero,

1999 2608 2232 2674 tempus
2283 2603 2459 2668 nacti,
2510 2603 2655 2664 Quid
2708 2603 2898 2670 nobis,
2959 2602 3254 2673 inquiunt,
3308 2610 3362 2657 et
3417 2605 3632 2675 ignavae

1997 2691 2134 2745 huic
2169 2690 2410 2746 bestiae?
2442 2707 2748 2760 quousque
2779 2691 3020 2745 ferimus
3056 2691 3234 2760 victu,
3269 2690 3483 2758 indole,
3520 2710 3634 2746 mo-

1998 2780 2160 2834 ribus
2192 2779 2535 2833 dissimilem
2568 2779 2944 2846 animantem,
2980 2779 3129 2834 civili
3165 2780 3332 2834 nobis
3365 2780 3633 2835 societate

1998 2868 2244 2922 misceri.
2281 2873 2355 2921 Eo
2387 2884 2522 2938 ergo
2545 2868 2961 2938 conspirabant
2992 2869 3290 2926 sententiae
3324 2874 3386 2922 ut
3433 2870 3630 2924 decer-

1995 2940 2249 3024 neretur,
2283 2957 2641 3010 suadendam
2666 2956 2817 3010 leoni
2845 2955 3048 3010 cameli
3081 2972 3302 3024 necem,
3336 2958 3504 3026 cujus
3530 2974 3629 3012 va-

1994 3051 2151 3100 stum
2186 3062 2397 3116 corpus
2429 3062 2544 3100 non
2581 3061 2726 3099 unas
2783 3045 2838 3098 in
2882 3044 3084 3113 epulas
3129 3031 3511 3122 suffecturum
3544 3047 3630 3100 vi~

1995 3135 2248 3188 deretur.
2282 3133 2433 3188 'I‘hos
2493 3137 2687 3206 tamen
2740 3150 2805 3186 ea
2858 3134 3210 3188 disserentes
3259 3133 3626 3201 admonebat,

1999 3223 2153 3279 haud
2187 3239 2248 3277 se
2287 3238 2517 3291 sperare
2566 3238 2947 3278 assensurum
2993 3221 3042 3274 ei
3093 3221 3333 3294 consilio
3378 3221 3628 3293 leonem,

1997 3321 2198 3389 utique
2263 3334 2577 3374 memorem
2623 3320 2754 3372 ﬁdei
2809 3321 2975 3386 datae,
3022 3335 3127 3373 nec
3179 3324 3343 3374 antea
3390 3320 3629 3376 solitum

1996 3407 2289 3477 supplices
2323 3409 2380 3462 in
2415 3408 2746 3462 clientelam
2788 3409 3075 3463 admissos
3127 3410 3386 3477 prodere.
3443 3409 3628 3480 Nego-

1996 3497 2140 3548 tium
2177 3496 2288 3551 sibi
2320 3501 2512 3550 tamen
2544 3514 2748 3558 corvus
2771 3497 3026 3566 sumpsit
3058 3497 3137 3552 rei
3161 3499 3630 3566 tentandae,con-
3699 3495 3706 3503 ’

1994 3584 2279 3654 tinuque
2312 3585 2538 3640 leonem
2590 3586 2817 3653 adiens,
2851 3586 3249 3656 interrogatus
3298 3587 3370 3641 ab
3419 3604 3485 3642 eo
3516 3593 3624 3657 est,

1993 3671 2196 3742 ecquid
2231 3671 2426 3726 auxilii
2459 3674 2910 3742 expedivissent,
2933 3679 2989 3728 et
3021 3691 3092 3727 an
3147 3674 3352 3728 saltem
3386 3676 3508 3743 spei
3535 3693 3622 3730 ra-

1992 3759 2130 3814 dius
2160 3760 2459 3830 atl‘ulgeret
2479 3760 2772 3816 alicunde.
2804 3762 2907 3816 Cui
2939 3778 3146 3816 corvus
3180 3777 3193 3816 :
3227 3761 3357 3831 Spei
3392 3764 3620 3817 radium

1994 3865 2297 3918 memoras,
2332 3848 2585 3916 domine,
2634 3849 2822 3919 qualis
2861 3851 2945 3906 vel
2980 3852 3029 3906 si
3085 3852 3367 3923 benignos
3413 3851 3622 3906 alluce-

1994 3943 2098 4005 ret,
2131 3939 2322 3993 videre
2353 3943 2547 3994 tamen
2576 3938 2950 4008 nequiremus
2983 3957 3086 3994 nos
3118 3941 3377 4010 quidem,
3405 3940 3620 4011 quibus

1991 4027 2163 4096 longa
2196 4026 2389 4081 inedia
2419 4043 2697 4081 sensuum
2751 4026 2942 4081 afticia
2989 4027 3262 4082 turbavit.
3315 4044 3381 4082 ac
3428 4028 3619 4082 visum

1992 4115 2313 4184 praesertim
2333 4115 2582 4186 eripuit:
2609 4117 2869 4187 suppetit
2890 4119 3083 4174 tamen
3107 4117 3176 4169 ad
3203 4132 3440 4170 manum
3467 4117 3620 4170 unde

1991 4204 2234 4273 spiritus
2267 4203 2853 4275 recipere,aciemque
2872 4203 3109 4258 defectis
3133 4205 3256 4273 jam
3289 4204 3468 4260 ferme
3490 4221 3623 4258 ocu-

1989 4291 2064 4346 lis
2098 4285 2402 4347 restituere
2436 4292 2740 4362 pristinam
2788 4291 3098 4362 possimus.
3153 4291 3424 4346 Versatur
3470 4291 3620 4348 inter

1990 4397 2096 4435 nos
2146 4381 2382 4451 pinguis
2431 4387 2486 4435 et
2536 4381 2690 4435 iners
2735 4397 2847 4434 non
2895 4383 3074 4434 nostri
3129 4380 3358 4449 generis
3407 4380 3614 4446 bestia,

1989 4483 2228 4548 paratus
2262 4478 2346 4532 vel
2379 4479 2437 4532 in
2477 4479 2736 4533 triduum
2794 4478 2979 4545 cibus,
3027 4477 3073 4531 si
3121 4477 3380 4547 jugulari
3417 4476 3612 4546 jubes.

1990 4568 2415 4622 Exhorrescens
2441 4569 2511 4621 ad
2546 4567 2897 4621 mentionem
2941 4565 3174 4620 sceleris
3227 4565 3334 4632 leo,
3394 4575 3614 4634 Apage,

1986 4654 2199 4726 inquit,
2235 4657 2553 4710 remedium
2589 4655 2738 4710 malo
2782 4655 2969 4726 pejus.
3029 4655 3221 4723 Egone
3251 4655 3349 4723 jus
3375 4653 3613 4722 hospitii

1987 4744 2248 4813 etjurati
2301 4745 2532 4797 fmderis
2577 4743 2913 4814 religionem
2967 4742 3246 4814 polluam,
3297 4757 3362 4794 eo
3395 4742 3612 4794 interﬁ-

1987 4831 2193 4886 ciendo
2225 4833 2325 4901 qui
2353 4832 2462 4886 sub
2491 4832 2601 4886 mei
2643 4832 2949 4902 patrocinii
2980 4831 3220 4885 tutelam
3278 4830 3429 4884 ultro
3484 4846 3616 4884 con-

1988 4919 2150 4987 fugit,
2186 4920 2296 4974 fide
2320 4921 2647 4975 securitatis
2701 4920 2981 4990 accepta?
3030 4920 3110 4972 Ad
3163 4920 3281 4973 haec
3327 4917 3614 4972 malitiose

1986 5024 2194 5063 corvus
2231 5024 2243 5063 :
2279 5008 2566 5063 Generosa
2592 5017 2763 5079 atque
2786 5014 2842 5062 ut
2870 5014 2922 5062 te
2942 5008 3182 5077 dignum
3200 5013 3288 5061 est
3320 5005 3611 5074 loqueris;

1984 5106 2655 5175 tamen,domine,etiam
2682 5106 2831 5159 inter
2859 5105 3327 5176 religiosissimos
3351 5119 3617 5174 quosque

1986 5193 2041 5246 in
2077 5196 2341 5248 confesso
2373 5211 2500 5249 esse
2547 5195 2718 5247 audio
2769 5195 2854 5248 fas
2903 5211 3027 5249 esse
3073 5193 3240 5247 unius
3288 5192 3495 5262 capitis
3520 5192 3615 5260 ja-

1986 5286 2152 5335 ctura
2185 5282 2387 5335 redimi
2420 5282 2665 5336 salutem
2700 5284 2908 5336 domus
2937 5282 3194 5351 integrae,
3226 5297 3430 5333 rursus
3465 5286 3615 5333 recte

1988 5370 2222 5423 domum
2263 5387 2434 5423 unam
2483 5389 2583 5441 pro
2629 5371 3029 5424 incolumitate
3087 5369 3247 5421 urbis
3303 5369 3482 5421 totius
3514 5369 3612 5421 de-

1985 5457 2152 5522 strui,
2178 5458 2464 5512 civitatem
2502 5477 2731 5529 quoque
2765 5476 2936 5512 unam
2980 5459 3271 5511 servandae
3306 5456 3610 5527 provinciae

1976 5547 2137 5614 justc
2170 5546 2463 5615 impendi;
2500 5548 2748 5617 denique
2800 5548 2896 5600 ubi
2932 5547 3086 5610 regni
3138 5545 3437 5615 imperiive
3477 5545 3608 5596 uni-

1981 5632 2127 5686 versi
2179 5634 2261 5686 sic
2310 5635 2561 5688 rationes
2617 5640 2881 5705 poscunt,
2929 5636 3051 5689 sine
3103 5633 3343 5686 crimine
3376 5633 3605 5701 provin-
