4108 6294
484 412 615 465 1271

1981 422 2215 474 APPEN
2226 419 2370 471 DIX.

3729 418 3865 471 1272

481 539 631 593 ciam
666 538 923 608 aliquam
959 542 1168 610 praedis
1200 542 1513 597 hostilibus
1545 545 1772 614 expeni.
1808 546 1894 598 Ita
1912 559 2119 613 nempe
2150 551 2199 613 Α
2303 544 2489 597 XXII.
2522 545 2604 597 Ad
2640 560 2705 598 ea
2736 544 2821 598 sic
2853 548 3057 598 contra
3088 543 3389 613 ingressus
3420 543 3725 597 vaferrime
3756 542 3862 596 Ve—

484 632 614 681 est:
649 626 705 680 in
739 644 1099 681 summorum
1146 630 1557 685 discriminum
1603 632 1869 686 articulis
1918 633 2118 686 conni-

486 720 621 768 vent
652 716 946 769 interdum
979 717 1133 787 leges
1162 738 1175 783 ;
1212 723 1312 772 aut
1346 720 1556 789 potius,
1611 719 1920 774 silentibus
1953 725 2119 774 caete-

491 803 593 870 ris,
624 822 731 857 una
779 804 1005 858 cunctis
1061 806 1376 875 praevalens
1433 809 1680 877 imperat
1732 826 2001 878 suprema
2033 807 2123 861 lex

492 891 717 944 invictae
749 892 1116 947 necessitatis
1144 912 1157 960 ;
1194 893 1377 963 qualis
1430 894 1547 949 haec
1580 901 1667 950 est
1697 913 1821 965 quas
1868 912 1973 950 nos
2020 896 2119 948 ho-

490 979 583 1033 die
616 980 881 1033 faucibus
913 986 1067 1034 arcte
1099 982 1427 1036 constrictis
1479 983 1676 1050 trahit,
1711 983 1915 1053 utique
1948 985 2120 1037 mori-

493 1073 675 1135 turos,
706 1068 753 1121 si
777 1086 810 1121 a
841 1074 1040 1137 parato
1082 1070 1249 1123 famis
1280 1075 1549 1124 extremm
1595 1069 1801 1124 solatio
1836 1070 2125 1140 supersti-

489 1154 657 1209 tiosis
696 1155 1054 1225 respectibus
1087 1172 1372 1210 arcemur.
1407 1158 1510 1211 His
1542 1157 1711 1211 dictis
1744 1159 2021 1212 revolavit
2051 1158 2121 1213 ad

492 1243 681 1296 socios
724 1259 952 1309 corvus,
1015 1248 1069 1297 et
1118 1243 1257 1312 quid
1313 1246 1713 1314 respondisset
1761 1244 1847 1299 leo
1905 1246 2120 1299 tetulit.

491 1331 654 1382 Tunc
687 1329 746 1382 hi
782 1336 898 1383 tres
930 1331 1079 1385 hanc
1133 1334 1517 1386 communiter
1568 1334 1830 1387 fraudem
1885 1335 2125 1388 adorna-

493 1424 651 1481 runt,
686 1434 801 1487 qua
830 1418 1114 1472 camelum
1149 1419 1394 1473 nimium
1432 1421 1760 1491 simplicem
1796 1423 2122 1491 perderent.

494 1504 887 1559 Decreverunt
941 1506 1100 1560 adire
1131 1507 1309 1560 simul
1342 1524 1472 1561 cum
1509 1525 1574 1562 ea
1604 1510 1849 1579 leonem,
1882 1510 2123 1564 oﬂ'erre-

494 1609 606 1663 que
638 1609 698 1646 se
728 1592 810 1645 illi
843 1593 1183 1664 singillatim
1232 1597 1288 1648 in
1338 1596 1554 1650 cibum.
1604 1601 1816 1650 Verum
1866 1598 1947 1651 ita
1980 1598 2127 1651 inter

495 1697 592 1734 eos
622 1688 988 1745 convenerat,
1042 1688 1104 1735 ut
1147 1682 1321 1737 talem
1356 1684 1808 1754 propositionem
1847 1686 2132 1740 uniuscu-

486 1770 704 1838 jusque
753 1769 953 1834 trium,
1009 1787 1123 1823 una
1166 1786 1370 1825 omnes
1441 1774 1704 1842 quaesitis
1756 1775 2127 1844 praetextibus

2227 632 2472 700 stigator
2501 636 2608 697 est,
2641 631 2945 702 implicare
2987 632 3268 685 miserum
3301 635 3536 684 taurum
3570 630 3694 684 suis
3725 630 3863 683 arti-

2230 718 2379 772 ticiis
2413 735 2682 789 pergens,
2716 724 2772 772 et
2803 720 2883 773 sic
2914 735 3045 773 eum
3078 718 3135 770 in
3168 718 3407 771 exitium
3453 717 3687 771 trudere
3723 735 3735 769 :
3768 724 3864 770 (;a-

2229 807 2479 859 vendum
2540 807 2809 875 equidem
2860 806 3189 861 censuerim
3255 805 3375 859 viro
3444 804 3739 874 prudenti,
3792 820 3859 857 ne

2228 900 2444 947 temere
2479 911 2539 947 se
2572 894 2840 964 projiciat
2884 894 2944 947 in
2976 893 3162 948 aleam
3194 893 3466 961 ancipitis
3498 897 3553 945 et
3583 892 3734 945 exitu
3763 909 3859 961 pe-

2230 983 2466 1037 riculosi
2487 984 2697 1053 negotii
2724 984 3015 1053 ;adeoque
3041 982 3461 1053 sapientissimi
3488 982 3863 1035 consentiunt

2226 1072 2538 1124 tentandas
2573 1087 2774 1124 omnes
2807 1070 3245 1138 compositionis
3278 1070 3768 1139 vias,priusquam
3795 1071 3864 1123 ad

2228 1160 2343 1212 vim
2397 1158 2735 1227 bellumque
2790 1159 3079 1225 veniatur,
3131 1158 3303 1211 etiam
3355 1174 3487 1210 cum
3537 1159 3864 1211 adversario

2231 1246 2465 1300 infirmo
2497 1247 2655 1317 (nam
2679 1247 2874 1299 varius
2908 1246 3058 1299 Mars
3096 1245 3475 1315 ambiguique
3518 1251 3862 1311 successus),

2230 1342 2447 1403 quanto
2482 1334 2662 1404 magis
2684 1334 2727 1387 si
2762 1333 3113 1404 praevalidus
3145 1334 3193 1387 is
3242 1333 3437 1397 fuerit,
3482 1338 3538 1386 et
3568 1350 3699 1387 cum
3742 1334 3865 1403 opi-

2232 1423 2341 1475 bus
2381 1420 2629 1474 vallatus
2680 1420 3121 1491 praepotenlium
3181 1420 3522 1483 multorum,
3574 1426 3693 1473 tum
3746 1422 3863 1490 ipse

2234 1525 2331 1577 per
2362 1526 2488 1562 sese
2519 1526 2649 1562 acer
2679 1525 2743 1562 ac
2777 1508 2983 1563 solers.
3016 1511 3205 1571 Quare
3262 1508 3307 1561 si
3344 1525 3432 1561 me
3484 1508 3725 1578 dignum
3760 1509 3866 1561 du-

2231 1598 2314 1651 cis
2346 1598 2515 1666 cujus
2543 1596 2802 1651 consiliis
2836 1596 3060 1650 deferas
3092 1596 3415 1667 quidpiam,
3461 1601 3695 1666 propter
3724 1597 3869 1650 satis

2232 1691 2552 1756 spectatam
2588 1685 2760 1737 lidem
2795 1685 2853 1737 in
2887 1690 2941 1738 te
2974 1701 3191 1745 meam,
3250 1684 3655 1754 sinceramque
3686 1684 3873 1737 chari-

2230 1777 2432 1840 tatem,
2464 1773 2621 1837 audi,
2656 1773 2915 1837 obsecro,
2961 1787 3073 1838 me,
3127 1789 3194 1827 ne
3226 1771 3275 1825 si
3324 1771 3493 1824 amici
3548 1771 3872 1841 suggestio-

492 1858 832 1921 refutarent,
859 1858 915 1910 in
964 1858 1137 1912 unius
1170 1860 1374 1913 cameli
1419 1860 1768 1915 oblationem
1804 1862 1928 1916 sine
1960 1879 2124 1917 exce-
2158 1894 2203 1956 Β
2238 1877 2337 1914 nes
2369 1859 2541 1913 utiles
2575 1859 2866 1927 rejeceris,
2902 1859 3054 1912 idem
3087 1859 3399 1928 experieris
3455 1859 3606 1926 quod
3641 1858 3869 1929 alcyon,

491 1944 687 2015 ptione
718 1945 1081 1999 consensuri.
1113 1947 1343 2001 Sistunt
1374 1964 1503 2002 ecce
1534 1947 1714 2019 igitur
1764 1965 1890 2003 sese
1924 1967 2125 2004 omnes

490 2048 638 2102 aegro
672 2038 727 2086 et
775 2033 1096 2087 tabescenti
1150 2034 1301 2087 fame
1349 2035 1522 2089 leoni.
1573 2042 1650 2089 Ac
1697 2053 1902 2091 corvus
1946 2038 2123 2107 prior.

488 2121 632 2174 Dum
668 2122 924 2187 domine,
958 2127 1013 2175 et
1046 2138 1158 2192 quo
1208 2122 1329 2177 loco
1362 2124 1443 2177 sis
1493 2124 1682 2189 video,
1734 2130 1791 2179 et
1837 2131 2122 2194 quantum

486 2209 592 2263 tibi
626 2210 866 2263 debeam
925 2216 1154 2281 reputo,
1188 2211 1266 2265 sic
1312 2218 1531 2279 statuo,
1580 2213 1721 2266 nihil
1756 2216 2125 2284 essejustius

488 2314 661 2367 quam
699 2302 761 2351 ut
790 2304 992 2367 sponte
1016 2305 1202 2353 morte
1217 2316 1343 2355 mea
1371 2301 1549 2354 vitam
1584 2307 1905 2355 sustentem
1932 2308 2122 2358 tuam:

488 2404 559 2440 en
590 2386 788 2455 igitur,
824 2391 1013 2440 macta
1045 2402 1136 2440 me
1169 2388 1251 2441 sis
1295 2392 1349 2441 et
1381 2389 1637 2443 comede.
1692 2389 1792 2443 Hic
1826 2405 2029 2444 omnes
2060 2408 2127 2445 ex

490 2475 814 2543 composito
848 2473 1187 2541 reclamant,
1221 2474 1382 2530 Mitte
1431 2476 1574 2530 istas
1606 2493 1814 2547 nugas,
1845 2483 1906 2531 tu
1942 2479 2127 2532 minu-

490 2568 615 2616 tum
646 2579 705 2616 es
739 2562 1076 2627 animal,vix
1099 2564 1153 2616 in
1192 2563 1509 2617 buccellam
1536 2582 1711 2618 unam
1745 2565 2125 2620 sutl‘ecturum

493 2652 631 2705 Inde
662 2650 795 2703 thos
828 2666 1145 2720 assurgens
1175 2667 1187 2703 :
1222 2654 1305 2705 Me
1330 2652 1545 2720 potius,
1597 2654 1855 2720 domine,
1888 2654 2127 2708 devores

491 2755 735 2805 censeo;
773 2755 902 2791 nam
936 2738 994 2791 in
1046 2739 1222 2793 unius
1273 2738 1478 2793 saltem
1534 2740 1647 2794 diei
1703 2746 1931 2811 pastum
1983 2743 2127 2796 satis

492 2826 636 2880 mihi
670 2825 883 2880 habere
915 2827 1178 2880 carnium
1216 2828 1521 2881 videor.Ibi
1554 2845 1759 2883 corvus
1790 2830 1969 2883 vicem
1996 2831 2127 2883 red-

496 2916 663 2982 dens,
696 2914 1096 2969 conclamaute
1129 2917 1280 2969 idem
1328 2917 1466 2985 lupo
1500 2931 1512 2970 :
1550 2917 1778 2980 Desine,
1830 2918 2125 2987 inquiunt,

493 3008 549 3057 et
578 3008 638 3056 tu
690 3002 971 3069 delirare;
1027 3021 1232 3058 carnes
1282 3006 1462 3059 habes
1515 3006 1777 3070 fetentes,
1813 3021 1915 3057 nec
1961 3012 2126 3074 aptas

495 3092 563 3143 ad
596 3091 807 3143 cibum.
842 3096 929 3145 Me
971 3093 1187 3162 potius,
1231 3092 1310 3145 ait
1343 3094 1515 3160 lupus
1565 3109 1875 3145 conversus
1907 3093 1976 3146 ad
2011 3092 2126 3146 leo-

494 3196 650 3246 nem,
684 3179 938 3244 domine,
972 3183 1256 3245 comede;
1291 3181 1443 3232 haud
1480 3181 1651 3249 paulo
1696 3180 1826 3249 plus
1860 3197 2030 3246 quam
2066 3180 2122 3232 hi

2234 1948 2324 2001 cui
2360 1963 2471 1999 non
2507 1946 2930 2017 obtemperanti
2963 1947 3120 2000 sanis
3163 1945 3421 2009 monitis,
3453 1945 3651 1999 Nereis
3684 1945 3876 2000 furata

2233 2033 2425 2106 pullos
2453 2038 2561 2100 est,
2594 2033 2701 2087 etsi
2734 2050 2831 2087 eos
2873 2035 3075 2087 eadem
3133 2038 3355 2103 postea,
3400 2032 3746 2087 intentatam
3802 2036 3874 2088 ab

2231 2139 2296 2175 eo
2325 2124 2435 2174 vim
2487 2123 2688 2188 verita,
2740 2121 3081 2175 restituerit.
3133 2121 3445 2174 Habitabat
3498 2120 3556 2173 in
3606 2122 3867 2190 quodam

2233 2210 2424 2263 littore
2457 2209 2575 2262 avis
2609 2210 2843 2263 nomine
2876 2208 3096 2280 alcyon,
3129 2225 3263 2263 cum
3296 2209 3561 2278 conjuge,
3598 2211 3873 2278 quaejam

2234 2296 2421 2366 partui
2456 2296 2662 2359 vicina,
2697 2296 2817 2350 viro
2849 2297 2991 2350 dixit
3026 2313 3038 2350 :
3074 2296 3272 2358 Quaare
3320 2298 3402 2349 sis
3452 2296 3643 2349 locum
3696 2298 3876 2350 sedu-

2232 2391 2391 2438 ctum
2420 2401 2483 2437 ac
2516 2385 2805 2437 munitum
2843 2384 2939 2437 ubi
2982 2383 3171 2455 pullos
3220 2383 3640 2449 excludamus;
3678 2391 3875 2440 metuo

2232 2476 2385 2528 enim
2421 2491 2512 2539 ne,
2546 2474 2968 2527 intumescente
3002 2474 3167 2528 statis
3199 2474 3441 2528 aestibus
3473 2474 3644 2541 mari,
3679 2476 3877 2530 veniat

2234 2564 2345 2617 huc
2377 2563 2575 2617 Nereis
2625 2568 2681 2617 et
2712 2562 2901 2632 pullos
2950 2569 3178 2617 nostros
3221 2562 3491 2633 abripiat.
3549 2563 3875 2633 Respondit

2231 2654 2281 2706 ei
2316 2653 2401 2705 vir
2434 2669 2445 2704 :
2483 2652 2606 2719 Abi,
2640 2651 3034 2719 formidolosa,
3070 2652 3341 2705 umbram
3388 2652 3593 2719 times;
3626 2653 3867 2722 periculi

2232 2740 2325 2793 hic
2357 2740 2592 2809 quidem
2627 2738 2773 2793 nihil
2797 2746 2904 2808 est,
2959 2739 3199 2793 exclude
3242 2738 3431 2809 pullos
3463 2756 3693 2794 secura.
3731 2741 3870 2795 Her-

2233 2830 2433 2882 bosam
2457 2835 2511 2881 et
2542 2827 2821 2898 irriguam
2853 2827 3136 2881 habemus
3181 2827 3488 2882 stationem
3526 2846 3538 2881 :
3581 2828 3680 2882 ubi
3714 2846 3871 2883 com-

2234 2917 2486 2982 modius,
2520 2916 2616 2969 ubi
2643 2916 2965 2984 jucundius
2995 2914 3470 2970 diversabimus?
3520 2916 3625 2969 Cui
3679 2930 3825 2971 HXO!‘
3856 2935 3867 2971 :

2233 3004 2521 3056 Denuntio
2554 3003 2761 3057 iterum
2795 3004 2924 3069 tibi,
2959 3003 3246 3057 obnoxius
3278 3003 3541 3057 Nereidis
3573 3005 3752 3058 furtis
3780 3004 3869 3058 hic

2230 3090 2393 3144 locus
2425 3096 2512 3143 est
2532 3107 2552 3149 ;
2587 3090 2876 3157 fugiamus
2914 3096 3046 3144 ante
3100 3091 3384 3144 damnum
3418 3108 3430 3144 :
3466 3108 3593 3144 sero
3646 3091 3743 3144 icti
3780 3108 3876 3145 sa-

2237 3177 2484 3246 piemus.
2515 3178 2790 3241 Beposuit
2812 3178 3012 3247 alcyon
3050 3196 3062 3231 :
3095 3178 3266 3246 Tace,
3318 3179 3583 3248 inquam,
3618 3196 3731 3231 non
3769 3196 3871 3231 au-

490 3266 736 3320 idoneus
768 3268 837 3320 ad
867 3267 922 3319 id
970 3284 1122 3331 sum,
1174 3283 1279 3320 nec
1330 3266 1525 3319 minus
1574 3284 1752 3337 quam
1805 3268 2118 3338 quisquam
2154 3243 2195 3308 C
2234 3262 2394 3316 debit
2436 3268 2633 3317 Nereis
2678 3265 2907 3319 irritare
2958 3280 3067 3333 me,
3110 3264 3261 3319 vires
3312 3281 3472 3319 meas
3526 3267 3704 3332 novit,
3758 3267 3868 3319 sibi

498 3360 758 3424 paratus,
793 3354 893 3422 qui
949 3360 1109 3407 tuam
1163 3370 1393 3424 semper
1426 3355 1884 3408 incolumitatem
1941 3360 1996 3408 et
2042 3356 2130 3408 di-

497 3444 777 3513 gnitatem
812 3447 945 3495 ante
975 3443 1172 3495 omnia
1204 3442 1517 3513 posuerim.
1564 3443 1662 3495 Hic
1696 3444 2022 3497 coorientes
2054 3444 2130 3497 si-

502 3529 624 3583 mul
656 3529 787 3582 thos
817 3534 874 3583 et
902 3536 1132 3599 corvus,
1166 3529 1292 3597 Qui,
1347 3529 1529 3597 aiunt,
1564 3531 1915 3600 strangulari
1944 3547 2132 3584 come-

501 3618 690 3671 dendo
722 3616 864 3683 vult,
898 3617 1101 3687 lupum
1136 3618 1444 3672 manducet
1480 3637 1493 3685 ;
1548 3634 1725 3688 rapax
1778 3624 1865 3672 est
1915 3619 2131 3687 bellua,

505 3707 673 3774 cujus
704 3705 871 3759 etiam
906 3710 1073 3759 sectaa
1106 3707 1161 3758 in
1197 3705 1413 3759 frustra
1443 3721 1647 3761 carnes
1679 3711 1735 3759 et
1774 3710 1979 3775 guttur
2008 3706 2133 3775 glu-

502 3793 703 3847 tientis
730 3800 785 3847 et
816 3794 1036 3848 viscera
1065 3794 1479 3863 discerperent.
1506 3794 1672 3848 Absit
1704 3795 1809 3847 hoc
1842 3811 1872 3847 a
1904 3795 2134 3849 domins

502 3881 666 3936 leone
704 3882 850 3935 tnon
890 3883 1144 3952 patimur
1183 3882 1293 3952 ipsi
1346 3883 1557 3953 apponi
1607 3898 1825 3936 veneno
1882 3885 2131 3953 pejorem

502 3986 714 4024 escam.
749 3969 1022 4023 Omnium
1057 3975 1195 4023 tunc
1227 3969 1379 4023 oculi
1419 3968 1799 4023 convolarunt
1849 3971 1904 4023 in
1952 3987 2136 4025 came-

502 4057 647 4120 lum,
682 4073 807 4127 quae
843 4058 1053 4110 misera
1087 4074 1157 4110 ne
1187 4058 1376 4110 officio
1410 4074 1525 4111 una
1572 4059 1774 4111 deesse
1823 4060 2135 4130 videretur,

500 4145 801 4199 confidens
832 4152 1027 4198 tamen
1060 4148 1116 4197 et
1145 4145 1271 4214 ipsa
1302 4150 1725 4215 repugnaturos
1758 4147 2134 4216 propositioni

506 4238 765 4294 caeteros,
804 4234 879 4285 En
915 4248 1029 4295 me,
1071 4232 1280 4301 inquit,
1333 4233 1565 4285 domine
1615 4232 1724 4298 leo,
1770 4236 2003 4288 comede
2034 4237 2136 4303 sis,

505 4336 639 4372 nam
673 4321 970 4381 carnibus,
1020 4326 1076 4373 et
1120 4319 1193 4373 iis
1243 4319 1296 4371 ni
1351 4319 1516 4373 fellor
1556 4323 1852 4388 suavnbus,
1886 4325 2135 4377 abundo.

503 4406 959 4462 Conclamarunt
994 4406 1185 4461 statim
1225 4424 1428 4461 omnes
1484 4426 1496 4462 :
1543 4408 1771 4479 Optime
1831 4410 1996 4477 dicis,
2044 4429 2136 4464 ca-

508 4494 674 4556 mele,
727 4512 791 4547 ac
856 4496 949 4548 vix
987 4501 1315 4564 exspectato
1366 4496 1548 4551 leonis
1598 4502 1768 4559 nutu,
1803 4499 2136 4565 jugulatam

2237 3356 2472 3404 metuet.
2507 3350 2549 3405 Ο
2582 3357 2657 3415 te,
2690 3352 2880 3422 inquit
2912 3369 3072 3421 uxor,
3107 3353 3617 3423 temerarium,qui
3652 3355 3870 3406 minari

2237 3439 2352 3492 deae
2403 3440 2637 3493 audeas.
2680 3440 2881 3493 Metire
2930 3445 2983 3493 te
3028 3446 3127 3494 tuo
3180 3440 3434 3505 modulo,
3478 3448 3531 3494 et
3590 3456 3864 3509 agnosce,

2239 3527 2501 3580 mortalis
2542 3543 2673 3580 cum
2724 3528 3041 3582 immortali
3084 3530 3233 3583 male
3289 3535 3685 3599 comparatum
3736 3546 3871 3583 esse

2236 3620 2547 3668 certamen.
2582 3615 2689 3669 Fac
2721 3616 2901 3685 igitur
2939 3617 3091 3686 quod
3137 3617 3321 3685 suasi,
3362 3617 3720 3672 domicilium
3755 3617 3871 3670 alio

2236 3705 2486 3756 transfer
2519 3720 2530 3756 :
2568 3720 2699 3757 nam
2734 3705 2780 3757 si
2813 3704 3091 3758 obﬁrmas
3122 3705 3497 3774 pertinaciam
3528 3707 3585 3758 in
3621 3722 3730 3758 non
3764 3706 3873 3758 ob-

2238 3791 2533 3859 sequendo
2567 3791 2845 3845 momenti
2876 3797 3048 3858 recta,
3094 3794 3318 3846 eveniet
3347 3792 3500 3846 idem
3554 3794 3655 3846 tibi
3709 3795 3869 3862 quod

2239 3878 2537 3931 testudini.
2577 3878 2786 3932 Ferunt
2817 3879 3031 3950 quippe
3079 3880 3139 3933 in
3196 3882 3449 3950 quodam
3503 3882 3657 3935 fonte
3708 3882 3879 3934 babi-

2240 3972 2394 4019 tasse
2443 3967 2589 4020 duos
2638 3972 2835 4021 anates
2884 3984 3013 4021 eum
3078 3985 3195 4022 una
3244 3970 3605 4023 testitudine.
3660 3970 3873 4024 Exare-

2241 4058 2437 4107 scente
2467 4060 2658 4108 autem
2695 4072 2794 4124 per
2824 4061 3079 4110 aestatem
3115 4058 3291 4122 fonte,
3325 4058 3635 4111 consilium
3671 4064 3877 4112 anates

2242 4149 2516 4211 ceperunt
2547 4143 2682 4196 alibi
2715 4143 3097 4198 diversorium
3133 4146 3451 4215 quaerendi.
3496 4146 3562 4200 Ut
3594 4148 3873 4217 ergojam

2242 4229 2511 4283 collectas
2541 4231 2740 4283 efferre
2781 4231 3040 4285 sarcinas
3070 4240 3383 4302 cceperant,
3428 4235 3775 4304 stabantque
3810 4238 3871 4289 in

2244 4320 2607 4390 migrationis
2652 4319 2972 4387 procinctu,
3022 4321 3170 4374 dixit
3211 4320 3329 4374 illis
3380 4322 3613 4376 testudo
3648 4340 3659 4375 :
3696 4323 3875 4378 Vobis

2244 4408 2476 4477 quidem
2510 4409 2695 4461 vivere
2727 4407 2851 4461 sine
2891 4424 3041 4476 aqua
3079 4408 3432 4477 valentibus,
3485 4412 3598 4464 isto
3647 4411 3872 4465 alarum

2244 4496 2485 4565 remigio
2520 4496 2700 4562 fretis,
2744 4513 2947 4564 parum
3008 4497 3173 4550 affert
3230 4498 3641 4552 sollicitudinis
3702 4500 3878 4553 fontis

506 4585 909 4636 deartuarunt.
946 4587 1157 4636 Vereor
1188 4591 1243 4637 et
1263 4602 1368 4655 ego
1405 4602 1472 4638 ne
1492 4588 1537 4639 si
1571 4601 1739 4654 agam
1775 4587 2130 4651 molliter,si-
2168 4594 2207 4656 ι)
2241 4584 2545 4638 exsiccatio
2576 4600 2595 4643 ;
2629 4584 2770 4637 mihi
2805 4586 3030 4638 miserae
3065 4602 3176 4639 non
3211 4587 3631 4651 consulitis,cui
3663 4594 3719 4641 et
3750 4588 3879 4640 vitae

509 4670 671 4723 milia
701 4671 907 4739 patiar.
940 4671 1060 4724 Non
1095 4688 1229 4741 ergo
1262 4690 1351 4727 me
1377 4674 1734 4727 committam
1763 4675 2137 4728 insidiisisto-

510 4774 658 4822 rum,
710 4764 810 4811 aut
854 4759 1119 4813 subdolis
1174 4762 1616 4829 parasitantium
1671 4760 1824 4816 leoni
1874 4764 2137 4817 artificiis

509 4846 701 4898 locum
773 4845 1043 4908 tribuam,
1111 4847 1317 4917 ignava
1391 4850 1756 4920 obnoxiaque
1825 4852 2127 4906 patientia.

516 4934 702 4986 Lenta:
735 4934 966 4987 fraudes
1002 4934 1315 5003 aliquando
1358 4938 1534 4990 robur
1583 4954 1859 5005 magnum
1893 4939 2135 5005 elidunt,

514 5028 685 5090 prout
714 5021 895 5087 aiunt,
933 5025 1045 5091 pati
1082 5028 1300 5092 petram
1352 5041 1383 5076 a
1431 5024 1603 5077 stillis
1647 5027 1867 5094 jugiter
1897 5026 2138 5081 illaben-

514 5110 690 5163 tibus.
727 5111 1037 5180 Expediam
1072 5129 1316 5181 quarum
1343 5112 1483 5165 mlhi
1509 5129 1637 5166 sum
1672 5115 2139 5183 conscius,vires,

512 5202 568 5250 et
614 5214 705 5251 me
754 5200 822 5252 ad
873 5199 1062 5269 palam
1119 5199 1523 5253 reluctandum
1594 5202 1849 5256 armabo.
1904 5202 2141 5257 Nullum

510 5285 870 5340 laudabilius
897 5302 1044 5355 opus
1087 5291 1175 5340 est
1220 5303 1393 5356 quam
1442 5304 1667 5343 servare
1716 5291 2140 5360 semetipsum;

514 5373 765 5443 plusque
792 5374 1073 5428 mercedis
1096 5375 1173 5427 dii
1203 5381 1633 5444 proposuerunt
1652 5379 2143 5448 caputproprium

518 5464 589 5515 ab
621 5466 877 5515 extremo
909 5461 1246 5517 discrimine
1276 5464 1484 5529 tuenti,
1533 5480 1703 5532 quam
1755 5471 1854 5519 aut
1884 5466 2007 5520 dies
2040 5485 2143 5521 no-

517 5558 755 5617 ctesque
784 5551 1146 5613 orationibus
1176 5551 1427 5616 vacanti,
1463 5557 1563 5604 aut
1594 5552 1953 5607 misericordi
1988 5554 2148 5624 large

525 5636 900 5706 hilariterque
944 5640 1206 5702 donanti,
1262 5644 1362 5693 aut
1411 5642 1714 5694 asceticam
1768 5641 1917 5695 ultro
1970 5645 2147 5696 susci-

524 5724 701 5792 pienti
733 5729 1180 5797 constanterque
1215 5726 1481 5783 toleranti
1513 5728 1908 5799 disciplinam.

2248 4672 2392 4725 ratio
2427 4688 2490 4724 ac
2524 4688 2655 4741 spes
2687 4672 2877 4727 omnis
2908 4673 2962 4725 in
3000 4690 3151 4743 aqua
3192 4681 3302 4739 est,
3335 4678 3391 4727 et
3437 4675 3600 4728 tarde
3645 4676 3881 4729 mobilis

2247 4764 2483 4813 onerata
2516 4760 2665 4814 mole
2693 4777 2846 4827 sum,
2882 4778 2953 4815 ne
2985 4761 3096 4814 alio
3147 4779 3259 4830 quo
3310 4780 3398 4816 res
3452 4767 3639 4832 poscit
3670 4781 3882 4833 queam

2248 4864 2337 4901 me
2370 4849 2702 4902 transferre.
2738 4850 2961 4912 Quaeso,
3005 4849 3189 4904 tollite
3242 4868 3330 4905 me
3357 4852 3685 4919 vobiscum,
3714 4859 3767 4906 et
3805 4852 3882 4904 il-

2252 4936 2544 4990 litcsimul
2580 4939 2871 5006 deportate
2903 4954 3015 5007 quo
3050 4940 3334 5008 migratis.
3386 4941 3487 4993 Cui
3525 4941 3881 4994 arate~.I\'isi

2243 5026 2432 5094 juras,
2464 5025 3018 5095 inquiunt,nobis,te
3036 5026 3180 5078 nihil
3211 5045 3311 5097 per
3345 5027 3490 5082 viam
3526 5030 3884 5089 locuturum,

2253 5130 2364 5166 non
2400 5122 2448 5165 te
2479 5111 2763 5167 tollimus.
2808 5113 3051 5166 Admisit
3098 5114 3489 5169 conditionem
3540 5122 3595 5169 et
3638 5118 3884 5185 juravit.

2253 5216 2499 5270 moxque
2528 5206 2746 5265 anates,
2777 5201 3025 5270 oblongo
3058 5202 3244 5272 tigillo
3285 5218 3555 5273 congruae
3610 5204 3888 5257 latitudi-

2254 5288 2344 5342 nis
2378 5292 2598 5358 parato,
2631 5288 2967 5358 impositam
2999 5289 3046 5342 ei
3084 5290 3273 5343 medio
3297 5291 3678 5355 testudinem,
3711 5294 3889 5346 dorso

2254 5378 2427 5432 ambo
2460 5378 2733 5447 utrinque
2763 5376 3012 5432 sublatis
3046 5378 3188 5447 tigni
3223 5379 3518 5450 capitibus
3548 5381 3891 5436 extulerunt

2256 5466 2569 5520 avolantes.
2603 5464 2889 5529 Viatores,
2922 5465 3088 5519 elatis
3119 5467 3262 5519 forte
3291 5467 3497 5533 oculis,
3531 5470 3631 5522 ubi
3667 5471 3886 5524 mirum

2257 5552 2312 5607 id
2348 5554 2739 5622 spectaculum
2776 5554 3063 5617 viderunt,
3105 5554 3479 5623 Prodigium!
3535 5557 3893 5625 exclamant,

2256 5642 2448 5696 videte
2494 5642 2845 5695 testudinem
2900 5642 3050 5695 inter
3113 5643 3259 5697 duos
3322 5647 3525 5698 anates
3573 5640 3891 5700 volantem.

2257 5730 2506 5787 Collecta
2524 5730 2697 5785 turba
2726 5729 3089 5786 curiosorum
3123 5733 3211 5786 est
3248 5731 3576 5804 auditaeque
3607 5749 3731 5789 rem
3763 5751 3898 5791 am-
