4108 6294
310 370 335 422 1
345 369 449 422 273

1321 370 1678 444 SPECIMEN
1714 371 2110 426 SAPIENTUE
2149 373 2477 429 INDORUM
2514 377 2676 430 VET.

3553 375 3690 429 1274

308 491 514 545 bitiose
540 489 958 544 celebrantium
993 506 1198 556 voces;
1260 491 1475 562 quibus
1533 490 1814 545 delectata
1853 492 1940 545 in-
1971 497 2018 559 Α
2058 510 2170 548 non
2190 495 2405 565 ignavae
2423 495 2832 567 aleamjacere.
2859 498 2974 553 Hoc
2996 498 3191 570 ipsum
3213 497 3559 553 vaferrimas
3580 498 3691 551 Ve-

307 580 563 648 flataque
611 579 864 644 testudo,
909 578 1081 632 etiam
1137 583 1394 633 vectores
1457 578 1753 647 despicere
1806 595 1940 632 suos

308 671 521 741 cmpit;
547 686 610 724 ac
646 669 920 724 titiliante
961 669 1204 740 gloriola
1261 687 1374 724 non
1398 675 1605 724 tenens
1641 670 1938 740 linguam:

308 760 408 827 En,
443 759 654 830 inquit,
688 759 862 814 etiam
888 775 1010 824 vos,
1046 776 1076 812 ο
1109 764 1331 828 anates,
1366 759 1690 830 supervolo.
1715 758 1801 812 llli
1834 759 1941 812 hoc

309 848 512 902 audito
554 835 908 902 excutientes
967 847 1217 918 pondus,
1279 847 1574 917 perjuram
1615 846 1941 917 praecipita-

308 942 466 1004 runt,
499 952 625 1006 qua:
643 935 892 988 contrita
911 935 1078 1004 lapsu
1104 935 1341 988 interiit.
1371 935 1530 989 Talis
1554 936 1723 988 ruina
1746 939 1942 988 manet

312 1042 429 1078 non
464 1024 818 1094 morigerum
851 1027 1008 1077 recta
1042 1023 1434 1078 monentibus.

383 1147 590 1201 XXIII.
628 1146 949 1216 Respondit
973 1145 1177 1216 alcyon
1215 1161 1228 1200 :
1261 1147 1489 1200 Auditis
1544 1163 1670 1216 quae
1718 1147 1940 1213 dixisti,

314 1239 507 1304 persto
539 1239 734 1287 tamen
764 1234 820 1286 in
854 1234 1163 1288 sententia.
1199 1233 1307 1286 Fac
1339 1235 1491 1302 quod
1519 1234 1697 1302 jubeo
1731 1251 1743 1287 :
1793 1252 1943 1305 pone

312 1339 438 1386 ova,
467 1320 704 1376 exclude
738 1320 948 1391 pullos,
983 1337 1088 1374 nec
1119 1321 1326 1374 timeas
1379 1319 1703 1376 Nereidem.
1763 1322 1940 1378 Natos

311 1426 482 1480 porro
507 1408 715 1479 pullos,
739 1409 1053 1463 adveniens
1071 1409 1270 1462 Nereis
1289 1425 1422 1463 cum
1439 1408 1564 1479 ipso
1585 1398 1719 1463 nido
1743 1426 1940 1465 secum

309 1496 590 1562 abstulit;
624 1513 737 1566 quo
757 1497 904 1550 facto
922 1513 1061 1549 uxor
1074 1495 1330 1567 alcyonis
1345 1497 1415 1550 ad
1429 1496 1616 1550 virum
1641 1514 1744 1552 cou
1757 1514 1938 1554 versa:

307 1585 427 1654 Ego
459 1585 716 1654 quidem,
741 1583 841 1652 ait,
873 1583 982 1638 hoc
1009 1583 1090 1637 ita
1124 1589 1185 1637 ut
1215 1583 1404 1638 evenit
1434 1583 1695 1638 futurum
1720 1589 1776 1639 et
1796 1602 1942 1655 pra:-

305 1672 564 1725 videram
595 1676 653 1726 et
685 1671 1082 1741 praedixeram.
1113 1671 1222 1725 Sed
1241 1672 1416 1726 surdo
1435 1671 1637 1736 cecini,
1655 1682 1707 1726 te
1731 1675 1801 1727 ad
1827 1690 1942 1728 non

311 1760 668 1814 credendum
692 1748 1034 1824 obfirmato;
1060 1775 1183 1827 quae
1215 1775 1391 1814 causa
1410 1760 1577 1814 nobis
1600 1761 1742 1814 tanti
1768 1761 1942 1830 hujus

308 1848 509 1900 damni
543 1845 668 1900 fuit.
702 1846 805 1900 Cui
838 1845 1036 1914 alcyon
1073 1863 1084 1898 :
1120 1847 1185 1900 Et
1216 1847 1564 1917 praedixeras
1607 1851 1663 1902 et
1706 1849 1943 1902 audive-
1973 1865 2020 1928 B

306 1951 471 2001 ram;
507 1935 607 1988 sed
639 1933 849 1988 videris
882 1933 1057 1987 oblita
1113 1935 1253 2003 quid
1314 1938 1438 1988 tum
1497 1936 1894 2001 responderim
1928 1953 1941 1992 :

307 2037 500 2076 nonne
525 2022 639 2076 dixi
660 2022 791 2090 tibi,
825 2021 873 2076 si
903 2021 1040 2091 quid
1073 2022 1298 2090 injuriae
1335 2022 1502 2076 nobis
1534 2023 1733 2076 Nereis
1791 2025 1943 2078 face-

306 2115 414 2176 ret,
444 2111 720 2164 daturum
756 2126 846 2164 me
878 2126 1115 2178 operam
1149 2115 1212 2163 ut
1249 2126 1362 2164 non
1417 2111 1591 2164 terret
1649 2111 1890 2181 impune
1920 2113 1946 2165 ‘2

307 2198 427 2252 Hoc
458 2199 610 2268 quod
645 2203 782 2252 tunc
797 2198 1037 2268 promisi
1054 2198 1324 2253 effectum
1341 2197 1519 2264 dabo;
1541 2216 1671 2252 mox
1699 2199 1942 2254 videbis.

309 2287 389 2340 Ea
421 2285 648 2340 locutus
680 2290 954 2355 cognatos
985 2286 1321 2356 amicosque
1349 2303 1487 2340 suos
1517 2286 1717 2342 adiens
1749 2287 1946 2357 singil-

310 2374 498 2439 latim,
533 2391 657 2444 quzn
681 2390 890 2444 passus
922 2377 1074 2428 esset
1117 2390 1148 2427 a
1204 2373 1446 2428 Nereide
1504 2375 1787 2441 narravit;
1820 2380 1943 2429 tum

311 2463 396 2517 ait
431 2478 442 2516 :
476 2461 726 2516 Obsecro
759 2461 1133 2532 obtestorque
1162 2478 1264 2515 vos
1299 2478 1367 2515 ne
1399 2478 1488 2516 me
1519 2459 1823 2530 deseratis,
1844 2463 1943 2517 sed

314 2552 650 2620 frequentes
673 2548 1034 2602 auxiliamini
1069 2554 1398 2620 pugnaturo
1432 2558 1634 2604 contra
1663 2550 1944 2620 injustam

313 2637 730 2707 praedatricem,
765 2641 1102 2706 reputantes
1131 2642 1324 2691 vestra
1375 2638 1655 2692 interesse
1700 2645 1761 2693 ut
1818 2641 1946 2707 ejus

317 2726 545 2795 generis
577 2725 734 2778 ausis
764 2726 877 2778 cita
908 2723 1050 2779 ultio
1081 2742 1196 2778 non
1230 2725 1412 2791 desit;
1447 2743 1577 2779 nam
1622 2726 1691 2780 ad
1728 2743 1946 2780 unum—

329 2829 620 2885 quemque
649 2817 902 2866 vestrum
935 2813 1102 2868 facile
1158 2814 1450 2884 perveniet
1506 2814 1833 2882 calamitas,
1897 2815 1945 2870 si

320 2901 442 2954 haec
473 2899 732 2970 exempla
777 2900 1057 2954 invitante
1112 2900 1437 2971 inpunitate
1489 2903 1944 2972 frequentantur.

322 2988 770 3059 Responderunt
800 3004 1049 3042 omnes:
1093 2992 1304 3043 Praesto
1363 3006 1591 3055 sumus,
1650 3007 1718 3044 en
1768 2991 1943 3057 imus,

318 3077 431 3130 duc
464 3092 579 3145 quo
603 3077 704 3130 vis.
731 3077 837 3131 Sed
860 3093 1062 3145 parum
1084 3093 1401 3147 possumus
1423 3082 1623 3131 contra
1644 3077 1945 3132 Nereidem

318 3181 427 3219 suo
459 3165 603 3218 mari
635 3169 821 3219 tutam
851 3181 863 3216 :
889 3180 992 3218 nec
1023 3181 1127 3218 nos
1160 3164 1426 3233 alcyones
1458 3169 1684 3219 tantum
1718 3164 1826 3231 ala,
1853 3183 1944 3221 ro-

317 3260 437 3308 stro
470 3259 571 3308 aut
599 3253 891 3322 unguibus
920 3253 1199 3316 valemus,
1254 3257 1317 3306 ut
1374 3254 1642 3324 persequi
1701 3270 1829 3308 eam
1888 3254 1945 3307 in

320 3360 495 3396 suum
556 3342 790 3411 penitus
843 3357 1082 3411 regnum
1143 3341 1340 3412 ibique
1383 3340 1582 3395 ulcisci
1631 3342 1948 3411 possimus.

313 3431 546 3499 Mcrgis,
583 3430 799 3500 cycnis,
832 3435 934 3483 aut
963 3429 1138 3483 etiam
1173 3429 1494 3493 vulturum,
1528 3429 1859 3499 aquilarum
1896 3435 1952 3484 et

320 3516 631 3572 milvorum
672 3521 1129 3585 ceterarumque
1186 3514 1485 3568 volucrum
1547 3514 1946 3582 auxiliaribus,

321 3606 649 3675 iisdemque
683 3604 1031 3672 numerosis,
1065 3621 1212 3674 opus
1244 3605 1312 3658 ad
1374 3605 1479 3659 hoc
1537 3608 1692 3659 esset
1745 3605 1946 3675 copiis.

318 3696 489 3764 Ergo,
513 3693 704 3763 inquit
734 3692 958 3762 alcyon,
983 3693 1168 3746 venite
1193 3708 1418 3746 mecum
1444 3709 1669 3761 omnes,
1692 3699 1748 3746 et
1768 3693 1947 3746 simul

317 3799 450 3837 aves
486 3797 757 3852 rogemus
792 3797 860 3833 ne
890 3786 1203 3850 graventur
1226 3781 1426 3833 adesse
1441 3780 1628 3843 nobis,
1661 3781 1836 3835 chara
1860 3781 1946 3852 pi-

317 3887 504 3942 gnora
535 3869 734 3940 inique
764 3873 931 3938 rapta
962 3868 1380 3938 repetentibus.
1433 3866 1559 3922 Una
1593 3869 1699 3922 fuit
1750 3870 1942 3924 avium

311 3959 577 4014 omnium
604 3957 903 4028 responsio
932 3956 1262 4011 :Faciemus
1286 3955 1438 4025 quod
1465 3955 1658 4025 petitis
1678 3956 1943 4022 libenter,

313 4047 488 4102 modo
520 4046 575 4100 in
610 4047 664 4100 id
699 4062 797 4099 rex
828 4049 1022 4099 noster
1053 4048 1312 4110 annuat;
1347 4060 1481 4097 nam
1517 4044 1738 4114 absque
1766 4045 1942 4114 hujus

315 4142 461 4189 nutu
489 4133 632 4187 nihil
668 4133 779 4188 tale
811 4132 978 4187 nobis
1011 4132 1142 4186 licet
1171 4131 1488 4202 suscipere.
1527 4132 1670 4195 Quid
1702 4132 1887 4187 multa
1917 4135 1944 4188 ‘?

314 4224 572 4277 defertur
603 4238 693 4275 res
726 4222 796 4275 ad
838 4237 1028 4291 regem
1058 4220 1381 4274 volucrum.
1416 4220 1468 4274 Is
1492 4221 1784 4290 negotium
1808 4239 1939 4289 pro-

317 4312 429 4375 bat,
469 4309 684 4364 bellum
716 4315 836 4364 toto
857 4309 1000 4363 caelo
1031 4309 1087 4362 in
1117 4309 1420 4362 Nereidam
1455 4308 1656 4362 indicit
1687 4325 1751 4363 ac
1773 4327 1939 4379 expe-

315 4399 592 4453 ditionem
629 4403 810 4468 parat.
844 4398 1099 4451 Audiens
1129 4398 1243 4450 ista
1272 4396 1492 4462 Nereis,
1527 4396 1709 4450 etlate
1728 4398 1941 4452 fervere

316 4493 662 4558 apparatum
696 4486 906 4540 ruituri
932 4502 1063 4539 mox
1093 4486 1152 4537 in
1178 4485 1364 4554 ipsam
1401 4486 1683 4538 exercitus
1714 4485 1934 4550 videns,

2049 583 2294 650 stigator
2323 585 2552 655 agebat,
2584 586 2852 655 quamvis
2883 586 3241 640 contrarium
3269 585 3574 655 simulans,
3625 591 3688 640 ut

2048 674 2283 723 taurum
2301 671 3152 728 insidiosissimissermonibus
3171 673 3229 727 in
3253 674 3466 729 ferocia
3483 674 3686 729 isthicc

2048 773 2190 810 ausa
2226 758 2587 828 propelleret.
2622 762 2770 831 Ergo
2800 767 3054 833 emptum
3088 779 3154 817 ex
3185 771 3311 816 voto
3344 762 3455 816 sibi
3488 763 3688 817 videns

2049 845 2381 910 succedere,
2415 853 2479 900 ut
2503 847 2785 904 scelerato
2819 849 3284 904 machinamento
3315 849 3683 904 committen-

2049 933 2255 987 dorum
2290 935 2634 991 remotorum
2661 954 2902 992 manum
2936 939 3200 994 ultimam
3235 941 3555 1009 inponeret,
3589 940 3684 994 des

2047 1019 2324 1077 ciaranda
2354 1025 2584 1094 putavit
2614 1029 2782 1081 tauro
2811 1026 2981 1097 signa
3012 1044 3136 1097 quin
3157 1029 3214 1081 in
3235 1026 3419 1094 leone,
3443 1027 3582 1081 dum
3609 1028 3681 1080 ad

2051 1109 2402 1164 szeviendum
2419 1128 2480 1166 se
2495 1112 2610 1166 acci
2623 1113 2960 1183 ugit,notari
2980 1120 3422 1182 consueverunt,
3444 1115 3685 1170 sicutvi-

2051 1194 2251 1250 cissim
2277 1199 2615 1254 antealeoni
2638 1209 2984 1271 exposuerat
3005 1203 3219 1257 indicia
3247 1204 3465 1257 ferociae
3489 1203 3547 1256 in
3572 1203 3686 1257 vim

2051 1289 2288 1338 exsertae
2311 1286 2462 1339 tauri
2489 1292 2604 1341 toto
2630 1305 2759 1343 mox
2781 1295 2988 1343 conatu
3016 1290 3364 1360 pugnaturi;
3391 1296 3454 1344 ut
3474 1306 3605 1344 cum
3628 1290 3684 1344 in

2054 1376 2323 1427 mutuum
2341 1391 2472 1428 mox
2485 1383 2793 1446 conspectu
2807 1395 2857 1430 m
2875 1379 3046 1432 ambo
3061 1378 3372 1433 adversarii
3392 1378 3691 1432 venissent

2052 1475 2120 1513 ex
2151 1466 2357 1516 mutua
2380 1463 2491 1517 ista
2514 1465 2914 1520 observatione
2932 1466 3234 1537 signorum
3257 1467 3686 1537 praedictorum,

2053 1548 2121 1601 ad
2153 1549 2417 1618 praelium
2454 1569 2518 1604 ac
2550 1552 2764 1606 caedem
2797 1553 3188 1609 irritarentur.
3220 1554 3459 1609 Intuéns
3509 1555 3690 1625 igitur

2050 1640 2285 1690 taurum
2305 1637 2434 1691 ﬁcta
2462 1639 2872 1694 benevolentiae
2894 1642 3102 1711 specie.
3133 1643 3605 1712 Quandoinquit,
3627 1642 3684 1696 in

2052 1724 2104 1777 vi
2137 1724 2528 1804 dissuadenda
2561 1727 2749 1782 frusta
2776 1746 2928 1795 sum,
2963 1730 3280 1801 etexperiri
3304 1731 3455 1786 vires
3479 1731 3687 1786 tuasin

2053 1811 2276 1867 leonem
2311 1813 2768 1870 irrevocabiliter
2789 1824 2980 1871 certus
3004 1834 3084 1882 es,
3103 1819 3255 1888 quod
3282 1817 3554 1872 ultimum
3582 1819 3686 1874 tali

2049 1905 2308 1971 tempore
2330 1901 2513 1957 fidelis
2537 1904 2805 1958 amicitia:
2830 1905 3083 1961 ofﬁcium
3107 1923 3176 1959 ex
3196 1923 3288 1961 me
3318 1906 3420 1960 tibi
3441 1923 3566 1962 esse
3593 1924 3688 1978 po-

2048 1993 2181 2055 test,
2224 1991 2506 2044 admoneo
2528 1995 2601 2057 te,
2629 1993 2841 2062 quibus
2865 2010 2930 2047 ex
2951 1994 3136 2064 signis
3160 1999 3314 2048 certo
3339 2011 3692 2066 queas'prae—

2050 2093 2286 2132 noscere
2306 2080 2669 2146 ignoscentes
2689 2080 2743 2134 in
2763 2086 2815 2134 te
2839 2082 3021 2136 leonis
3045 2083 3246 2149 furias,
3265 2082 3465 2137 moxin
3481 2084 3619 2137 imm
3631 2101 3692 2137 a~

2050 2165 2322 2219 nissimos
2349 2165 2602 2221 insultus
2627 2174 2958 2238 erupturas.
2989 2169 3088 2224 Ubi
3113 2186 3249 2240 ergo
3271 2169 3457 2225 leonis
3479 2171 3680 2226 effera-

2050 2256 2139 2305 tos
2171 2256 2226 2305 et
2253 2253 2538 2323 sanguine
2571 2256 2826 2310 suffusos
2850 2256 3048 2312 oculos
3080 2257 3313 2323 videris,
3345 2258 3442 2313 ubi
3474 2259 3674 2314 eodem

2049 2344 2309 2410 tempore
2341 2343 2632 2397 notaveris
2665 2345 3062 2415 impatientem
3097 2350 3405 2400 tremorem
3439 2363 3586 2417 mgre
3619 2363 3680 2402 se

2051 2429 2473 2483 continentium
2497 2447 2528 2482 a
2550 2433 2771 2485 rueudo
2787 2438 3043 2502 artuum,
3062 2433 3239 2487 simul
3255 2451 3387 2488 cum
3403 2436 3602 2489 crebro
3621 2441 3678 2489 et

2047 2515 2370 2570 vehementi
2402 2518 2597 2572 caudae
2622 2525 2779 2590 terga
2811 2521 3157 2590 flagellantis
3187 2527 3369 2588 motu,
3393 2539 3528 2578 cave
3553 2527 3678 2578 tum

2049 2603 2174 2671 tibi,
2208 2608 2264 2658 et
2294 2610 2496 2658 contra
2527 2607 2728 2676 expedi
2762 2612 3047 2678 quantum
3082 2608 3262 2663 habes
3305 2609 3415 2663 vim
3453 2626 3466 2663 :
3524 2616 3679 2666 certo

2049 2691 2205 2745 enim
2242 2693 2455 2746 certius
2487 2695 2678 2747 statim
2715 2695 3026 2765 experieris
3087 2696 3438 2751 smvissimos
3495 2697 3680 2768 impe-

2052 2783 2148 2833 tus
2182 2778 2368 2834 hostis
2399 2780 2842 2851 immanissimi,
2871 2784 3008 2836 totis
3042 2784 3099 2836 in
3129 2788 3184 2838 te
3213 2784 3436 2838 viribus
3487 2787 3672 2839 usuri.

2123 2904 2327 2957 XXIV.
2368 2905 2428 2957 In
2465 2905 2619 2959 hunc
2651 2906 2889 2959 modum
2921 2905 3213 2976 instigatis
3247 2905 3302 2960 in
3338 2923 3398 2960 se
3429 2906 3677 2962 invicem

2051 2989 2332 3045 scelerato
2364 2990 2742 3061 Vcstigatoris
2774 2993 3016 3047 artificio
3049 2993 3212 3047 leone
3262 3000 3436 3064 atque
3492 2998 3681 3062 tauro,

2053 3079 2144 3132 hic
2174 3079 2245 3132 ad
2283 3079 2446 3133 illum
2481 3081 2823 3150 ingreditur.
2845 3082 3142 3136 Ambobus
3166 3088 3359 3136 autem
3393 3099 3454 3136 se
3479 3089 3682 3138 mutuo

2061 3167 2445 3236 intuentibus,
2481 3187 2544 3224 ac
2569 3169 2734 3224 leone
2765 3170 3000 3240 quidem
3034 3175 3265 3225 notante
3293 3171 3352 3224 in
3388 3174 3554 3226 tauro
3603 3173 3686 3226 si-

2062 3272 2176 3325 gna
2207 3256 2633 3311 effervescentis
2665 3257 2722 3310 in
2746 3257 2860 3311 vim
2907 3258 3002 3312 ira-3
3037 3275 3161 3329 quae
3183 3259 3517 3330 Vestigator
3540 3278 3682 3330 prie-

2062 3348 2368 3397 monuerat
2399 3361 2418 3397 :
2452 3347 2615 3397 tauro
2646 3343 2905 3398 vicissim
2939 3347 3100 3414 paria
3127 3346 3341 3399 indicia
3373 3346 3686 3416 prurientis

2058 3433 2115 3483 in
2151 3446 2408 3500 pugnam
2442 3432 2684 3496 ferociae,
2717 3448 2842 3502 quae
2877 3433 3027 3486 idem
3047 3433 3408 3503 praedixerat,
3442 3434 3499 3489 in
3522 3433 3689 3491 leone

2057 3523 2349 3585 cernente,
2384 3519 2540 3588 prior
2571 3523 2773 3573 taurus
2793 3519 2873 3574 sic
2907 3518 3065 3589 loqui
3093 3538 3262 3576 orsus
3288 3527 3376 3576 est
3409 3540 3420 3578 :
3447 3527 3690 3577 Praestat

2057 3604 2311 3659 assidere
2331 3605 2617 3674 spelunca:
2642 3608 3020 3676 quantumvis
3052 3609 3159 3661 diri
3188 3610 3480 3674 draconis,
3505 3628 3681 3681 quam

2055 3693 2199 3748 aula:
2231 3693 2382 3763 regis
2411 3694 2493 3745 tui
2533 3695 2766 3762 similis,
2803 3713 2832 3750 ο
2863 3695 2972 3761 leo,
3007 3696 3218 3751 hocest
3242 3698 3444 3768 injusti
3468 3715 3684 3752 acsan-

2055 3782 2302 3852 guinarii
2335 3799 2348 3850 ;
2383 3787 2435 3835 et
2469 3785 2595 3850 post
2625 3781 2772 3836 hanc
2805 3783 2970 3853 quasi
3004 3784 3467 3856 clarigationem,
3500 3787 3682 3856 impe-

2056 3875 2178 3922 tum
2212 3870 2281 3923 ad
2313 3869 2430 3922 vim
2463 3868 2709 3939 expedit.
2741 3870 2849 3924 Sed
2884 3879 3128 3942 occupat
3160 3873 3268 3941 leo,
3297 3891 3362 3928 ac
3386 3874 3682 3929 violentis-

2052 3957 2481 4012 simeinsiliens
2539 3957 2819 4012 miserum
2869 3959 3146 4031 discerpit
3204 3965 3260 4016 et
3290 3961 3678 4018 excarnificat.

2049 4045 2142 4099 Sic
2171 4045 2443 4100 occubuit
2474 4053 2671 4099 taurus
2703 4045 2760 4098 in
2784 4044 2967 4099 oculis
2989 4047 3368 4118 Vestigatoris
3400 4053 3457 4102 et
3511 4052 3680 4104 Coro-

2050 4133 2168 4187 nati
2200 4135 2355 4202 (nam
2390 4137 2446 4186 et
2475 4133 2568 4187 hic
2602 4135 2742 4188 forte
2771 4151 3022 4204 praesens
3056 4135 3289 4206 adfuit),
3330 4136 3428 4206 qui
3489 4136 3681 4192 sciens

2049 4221 2180 4292 quis
2211 4221 2563 4292 compositor
2593 4221 2772 4291 hujus
2802 4223 3096 4293 tragmdiee
3119 4223 3343 4291 fuisset,
3369 4241 3680 4279 conversus

2011 4319 2022 4326 ”
2047 4309 2116 4362 ad
2152 4309 2427 4363 artiﬁcem
2462 4308 2697 4363 sceleris
2727 4310 3168 4379 Vestigatorem,
3204 4310 3273 4363 iis
3307 4310 3466 4364 illum
3501 4312 3682 4366 intui-

2047 4402 2137 4449 tus
2167 4397 2458 4451 cstoculis
2492 4397 2589 4467 qui
2623 4399 2764 4450 satis
2796 4398 3166 4450 ostenderent
3199 4404 3253 4450 et
3313 4415 3489 4467 quam
3545 4415 3676 4469 gra-

2048 4483 2191 4538 viter
2206 4487 2559 4555 improbaret
2583 4489 2818 4547 factum,
2849 4491 2902 4538 et
2921 4493 3202 4554 quantum
3220 4485 3354 4540 inde
3387 4486 3608 4540 maloru
3623 4504 3675 4540 m

315 4577 578 4629 diffidere
608 4574 915 4644 ccepitsuis
940 4573 1184 4641 viribus,
1226 4573 1584 4642 consilioque
1615 4590 1810 4628 secum
1839 4573 1942 4626 ha-
1975 4561 2020 4620 Ι)
2056 4573 2107 4625 in
2143 4575 2398 4628 auctoris
2429 4577 2603 4643 caput
2642 4573 3102 4626 redundaturum
3162 4579 3314 4626 esset
3371 4575 3680 4644 praedicere

317 4663 457 4731 bito,
517 4663 768 4718 decrevit
819 4661 1135 4732 periculum
1191 4661 1529 4732 paenitentia
1583 4666 1936 4730 praevertere.

318 4751 508 4806 Rediit
538 4767 672 4820 ergo
705 4751 774 4803 ad
801 4750 1119 4818 alcyonem,
1153 4753 1207 4803 et
1239 4765 1376 4802 suos
1396 4747 1477 4802 illi
1503 4748 1691 4818 pullos
1723 4749 1939 4803 incolu-

320 4855 438 4893 mes
471 4838 741 4892 reddidit.
775 4842 906 4890 Haec
936 4837 1051 4890 dixi
1085 4841 1148 4890 ut
1182 4835 1490 4906 intelligas,
1516 4841 1702 4899 taure,
1723 4836 1858 4906 quid
1885 4841 1940 4890 te

319 4933 567 4982 statuere
594 4927 894 4980 conveniat
925 4927 980 4979 in
1014 4925 1121 4979 hoc
1144 4925 1448 4978 temerario
1486 4925 1779 4994 procinctu
1803 4923 1939 4978 belli

321 5015 659 5084 capessendi
685 5015 960 5068 adversus
991 5013 1240 5078 leonem,
1273 5014 1363 5065 cui
1399 5012 1534 5066 totis
1557 5012 1678 5066 suis
1703 5019 1757 5065 et
1779 5013 1938 5083 regni

320 5102 524 5171 opibus
559 5101 796 5156 bellanti
832 5101 986 5155 haud
1032 5102 1219 5170 magis
1266 5106 1323 5154 te
1368 5101 1688 5155 resistendo
1741 5116 1938 5170 parem

323 5204 492 5257 quam
527 5189 830 5244 Nereidem
865 5189 984 5258 regi
1026 5188 1391 5256 avium,tute,
1420 5193 1482 5241 ut
1522 5189 1770 5241 arbitror
1797 5190 1936 5240 fate-

321 5276 492 5332 beris.
527 5277 706 5332 Cedes
737 5293 893 5347 ergo,
929 5276 977 5330 si
1021 5293 1111 5330 me
1163 5277 1388 5341 audias,
1448 5280 1504 5330 et
1548 5274 1938 5345 pacatioribus

320 5362 580 5420 intendes
614 5367 878 5419 animum
911 5363 1187 5418 consiliis.
1223 5364 1345 5418 Non
1378 5363 1703 5434 acquiesco,
1746 5363 1936 5432 inquit

321 5450 578 5508 ferociter
599 5458 802 5507 taurus
831 5471 844 5507 :
867 5456 1070 5522 pacata
1096 5453 1208 5507 ista
1233 5451 1344 5507 ista
1366 5451 1609 5506 consilia
1630 5451 1850 5504 lentum
1873 5451 1933 5506 in

323 5539 562 5594 exitium
596 5558 687 5596 me
723 5540 1142 5609 pertraherent.
1178 5539 1434 5606 Praestat,
1462 5546 1518 5593 et
1545 5543 1765 5593 certum
1824 5546 1933 5608 est,

333 5628 510 5683 semel
548 5629 887 5700 periclitari,
921 5634 975 5682 et
1003 5628 1090 5682 vel
1125 5628 1339 5684 nobilis
1365 5627 1940 5696 victoriae,\'clmortis

2048 4663 2207 4718 taciti
2239 4663 2747 4718 viderentur.Tum
2780 4679 2911 4717 eum
2946 4663 3678 4734 privatim,quamprimum

2047 4752 2234 4817 licuit,
2268 4769 2335 4805 ac
2367 4752 2491 4804 sine
2516 4750 2754 4804 arbttris
2787 4752 3159 4816 conveniens,
3195 4751 3288 4806 his
3326 4757 3414 4806 est
3470 4752 3679 4807 affatus

2048 4840 2248 4894 vrrbia
2281 4857 2292 4893 :
2328 4840 2453 4893 Scis
2483 4839 2621 4909 quid
2655 4839 2880 4908 egeris;
2933 4845 2988 4892 et
3037 4840 3088 4892 in
3151 4839 3283 4893 sinu
3344 4839 3677 4909 gratularis,

2051 4933 2244 4982 nactas
2277 4944 2402 4980 esse
2431 4944 2598 4994 quem
2625 4932 2854 4995 optaras
2877 4943 3209 4979 successum
3237 4932 3364 4981 tuas
3387 4926 3678 4981 scelestis-

2051 5017 2232 5070 simas
2265 5014 2528 5070 insidias.
2561 5015 2734 5082 Atqui
2769 5019 2820 5067 te
2852 5014 3149 5083 providere
3181 5031 3245 5066 ac
3306 5019 3680 5084 prmmctnere

2059 5103 2525 5157 f‘unestissimum
2561 5102 2668 5171 ipsi
2705 5101 2802 5154 tibi
2839 5101 2916 5153 tui
2953 5101 3218 5156 screleris
3263 5102 3477 5154 exitum
3513 5118 3679 5171 opor-

2052 5195 2258 5244 tuerat.
2280 5187 2581 5242 Maculasti
2602 5187 2785 5240 leonis
2808 5188 3041 5253 famam,
3066 5187 3520 5242 invidiosissime
3545 5205 3677 5242 sua-

2051 5281 2240 5334 dendo
2299 5278 2583 5344 facinore;
2638 5281 2873 5331 taurum
2933 5277 3298 5331 innocentem
3355 5277 3676 5346 perdidisti,

2055 5366 2400 5422 commisisti
2433 5365 2596 5435 prius
2617 5365 2934 5419 concordes
2967 5364 3122 5433 regni
3158 5380 3421 5432 proceres
3453 5365 3509 5417 in
3545 5381 3679 5434 per-

2051 5453 2503 5508 niciosissimam
2567 5453 2913 5506 discordiam
2948 5457 3004 5505 et
3033 5450 3460 5504 commilitones
3500 5452 3559 5504 in
3617 5467 3678 5504 se

2035 5544 2313 5607 jnvicem,
2358 5541 2532 5610 jactis
2592 5541 2946 5595 seditionum
3007 5538 3351 5602 seminibus,
3413 5539 3674 5593 armasti.

2049 5635 2130 5686 An
2160 5632 2399 5700 impune
2421 5635 2477 5685 et
2505 5630 2758 5682 laturum
2792 5644 2992 5698 speras
3013 5627 3258 5681 crimina
3279 5631 3394 5681 tam
3420 5627 3636 5682 atrocia
3652 5629 3680 5683 ?
