4108 6294
452 338 472 390 1
485 338 591 392 275

1947 356 2333 439 manus

3698 368 3827 422 1276

448 462 689 561 ᾘξιιιθςὶε
722 482 847 561 mea
884 469 1171 534 sententia
1204 470 1546 557 plurimum,
1582 475 1627 529 si
1652 475 1706 528 id
1731 478 1940 533 credis.
1966 481 2067 535 La-
2098 484 2146 559 Α
2184 485 2441 561 adeoque
2465 486 2654 561 facere
2701 505 2790 543 me
2847 489 2904 544 in
2963 488 3092 554 hoc,
3152 502 3280 545 meo
3334 492 3569 558 damno,
3630 498 3824 546 contra

446 555 563 605 teat
596 553 741 609 forte
780 556 912 610 licet
949 574 1140 628 regem
1179 556 1401 616 malitia
1430 550 1550 627 tua,
1585 569 1641 618 at
1670 580 1795 623 eam
1841 568 2079 635 penitus

446 641 746 711 pervident
764 645 1053 715 sapientes
1074 666 1252 718 supra
1272 648 1567 721 vulgarem
1594 658 1828 723 captum
1854 658 2078 711 consilii

446 729 585 797 regii
622 732 916 801 praasides,
952 733 1050 802 qui
1074 736 1380 793 conﬂatam
1408 743 1520 795 ate
1553 741 1860 795 factionem
1910 742 2077 798 intel-

444 814 709 888 ligentes,
743 819 967 874 dabunt
998 828 1299 879 strenuam
1333 830 1387 880 et
1418 826 1708 882 efficacem
1743 846 1977 899 operam
2005 834 2076 886 ad

441 910 864 975 praevertendos
896 917 1140 967 conatus
1174 913 1385 984 impios
1408 920 1463 969 et
1493 917 1733 972 infestas
1758 920 1937 989 quieti
1967 938 2074 991 pu-

436 994 595 1050 blicae
630 997 960 1055 molitiones
986 1002 1039 1055 in
1066 1002 1189 1072 ipsa
1214 1004 1441 1057 nefariae
1474 1008 1844 1061 conscientiae
1879 1010 2073 1065 adhuc

436 1088 670 1143 innoxia
703 1091 1104 1161 designatione
1147 1095 1600 1163 opprimendas:
1664 1114 1767 1152 nec
1824 1099 2069 1153 dubium

437 1177 577 1246 quin
620 1179 921 1247 perficiant
952 1183 1105 1250 quod
1138 1182 1361 1238 volunt.
1398 1185 1515 1238 Etsi
1539 1185 1692 1240 enim
1750 1188 2066 1243 multorum

434 1265 538 1318 tibi
564 1267 760 1319 studia
791 1273 845 1320 et
873 1269 1089 1323 auxilia
1112 1272 1349 1340 parasti,
1377 1273 1683 1341 prievalere
1706 1280 1896 1328 tamen
1921 1275 2069 1329 solet

436 1353 750 1422 tranquilla
782 1372 1099 1424 paucorum
1124 1358 1380 1428 capitum
1405 1362 1712 1428 prudentia
1743 1364 2066 1432 quamlibet

434 1440 753 1495 multarum
773 1442 1144 1499 tumultuosae
1168 1445 1454 1502 violentiae
1478 1464 1779 1504 manuum.
1804 1455 1934 1505 Haec
1959 1467 2062 1521 ego

430 1529 739 1597 providens
775 1536 933 1585 tuam
968 1538 1405 1604 prorumpentis
1439 1537 1493 1590 in
1517 1537 1660 1592 tales
1684 1555 1862 1592 ausus
1888 1540 2063 1609 repri-

431 1632 585 1671 mere
616 1618 1028 1675 canfidentiam
1062 1624 1334 1689 conabar,
1399 1631 1604 1694 praeter
1655 1632 1815 1681 tuam
1875 1628 2059 1699 ipsius

426 1703 696 1771 salutem,
731 1706 901 1760 etiam
937 1710 1090 1779 regis
1120 1726 1183 1763 ac
1203 1711 1362 1780 regni
1387 1711 1848 1769 incolumitatem
1870 1716 1928 1770 in
1953 1715 2059 1771 hoc

2190 573 2599 643 praescriptum
2632 576 2938 645 cujusdam
2974 577 3277 647 sapientis,
3311 579 3409 649 qui
3442 584 3594 633 recte
3623 581 3816 650 praeci-

2191 659 2275 728 pit
2309 676 2320 713 :
2356 660 2483 714 Noli
2518 678 2762 733 arguere
2785 664 3053 732 stultum,
3088 680 3158 719 ne
3189 671 3245 719 te
3293 666 3422 731 odio
3481 664 3714 730 habeat,
3769 672 3821 721 et

2189 747 2237 801 si
2269 752 2481 817 potest,
2514 752 2765 821 perdat;
2817 753 3314 822 quemadmodum
3372 753 3523 807 simii
3588 771 3814 809 corvum

2187 836 2565 905 perdiderunt
2613 839 3127 909 reprehendentem
3190 842 3371 913 ipsos.
3430 842 3608 895 Aiunt
3667 844 3811 897 enim

2185 924 2393 979 simios
2419 925 2475 979 in
2509 927 2761 995 quadam
2787 927 2933 982 silva
2951 933 3230 983 montana
3261 946 3359 999 per
3389 928 3641 984 hiemem
3667 932 3815 1002 frigi-

2183 1011 2487 1067 dissimam
2519 1014 3151 1079 degentes,trementes
3203 1016 3262 1069 in
3320 1033 3552 1070 summo
3603 1017 3812 1083 algore,

2181 1100 2398 1154 vidisse
2432 1100 2574 1155 forte
2605 1101 2856 1171 lapidem
2908 1104 3260 1158 carbunculo
3314 1105 3588 1168 similem,
3648 1108 3807 1174 cujus

2182 1187 2409 1258 fulgore
2442 1205 2763 1258 prunarum
2797 1193 3049 1261 speciem
3086 1193 3354 1257 habente,
3387 1194 3442 1246 in
3486 1193 3694 1247 falsam
3718 1196 3807 1247 in-

2178 1277 2335 1329 ducti
2369 1276 2721 1345 opinionem,
2740 1279 2901 1333 arida
2926 1280 3077 1333 circa
3096 1279 3260 1333 illum
3285 1287 3624 1350 aggerentes
3653 1282 3803 1345 folia,

2174 1363 2437 1416 certatim
2473 1365 2806 1434 congregati
2838 1365 3055 1419 circum
3080 1382 3174 1419 om
3188 1382 3305 1431 nes,
3328 1367 3385 1419 in
3406 1366 3660 1435 lapidem
3686 1369 3800 1421 suf-

2174 1451 2413 1518 ﬂabant,
2461 1450 2782 1517 ﬂammam,
2825 1457 2889 1506 ut
2944 1454 3247 1523 putabant,
3300 1454 3570 1507 elicituri.
3639 1455 3797 1510 Hunc

2172 1540 2417 1593 stultum
2444 1556 2641 1593 eorum
2676 1539 2931 1594 laborem
2965 1541 3306 1612 despectans
3337 1558 3405 1595 ex
3434 1542 3549 1597 alto
3574 1559 3797 1611 corvus,

2169 1627 2270 1695 Ne,
2302 1628 2513 1698 inquit,
2542 1629 2763 1693 erretis,
2799 1644 2829 1681 o
2875 1628 3030 1697 boni,
3065 1633 3224 1698 petra
3283 1629 3403 1683 haec
3440 1630 3632 1699 gelida
3687 1636 3793 1698 est,

2169 1717 2315 1770 nihil
2356 1717 2474 1787 igni
2506 1718 2725 1773 habens
2753 1722 2958 1787 praeter
3012 1717 3284 1774 colorem.
3340 1720 3468 1773 Haec
3526 1736 3657 1774 cum
3715 1721 3793 1774 illi

430 1797 724 1864 spectans.
767 1795 919 1849 Nihil
953 1799 1104 1851 enim
1134 1799 1434 1855 exitiosius
1494 1803 1787 1874 principes
1846 1806 2056 1875 princi-
2093 1840 2137 1903 Β
2171 1805 2453 1859 dicentem
2490 1806 2827 1876 irridebant,
2862 1809 3253 1863 intentissime
3304 1809 3373 1861 de
3406 1812 3609 1862 czetero
3643 1811 3791 1878 quod

430 1888 717 1955 patusque
750 1888 1042 1954 pervertit,
1065 1903 1238 1957 quam
1263 1889 1484 1943 auditio
1506 1891 1903 1963 admissioque
1925 1912 2059 1967 sug-

427 1973 757 2041 gcstionum
791 1973 1018 2041 talium,
1054 1976 1257 2045 quales
1291 1983 1351 2031 tu
1386 1978 1587 2049 tuique
1613 1982 1833 2036 similes
1865 1982 2063 2039 soletis

431 2062 722 2116 inculcare
756 2062 1009 2119 incautis
1043 2067 1411 2137 regnantium
1446 2070 1706 2124 auribus.
1743 2071 1881 2124 Mihi
1905 2089 2061 2128 sem-

425 2167 527 2221 per
557 2151 634 2204 ita
668 2152 854 2208 visum
892 2158 1018 2209 est:
1055 2154 1217 2209 doles
1250 2156 1630 2227 virtutesque,
1665 2159 1879 2229 quibus
1936 2160 2060 2214 vitae

422 2238 668 2295 felicitas
700 2240 1037 2307 absolvitur,
1074 2242 1179 2296 has
1211 2260 1337 2300 esse
1370 2264 1381 2299 :
1410 2246 1759 2313 doctrinam,
1785 2247 2057 2318 eloquen-

414 2330 590 2399 tiam,
633 2332 952 2404 justitiam,
985 2333 1397 2390 liberalitatem
1458 2334 1726 2401 hilarem,
1801 2335 2059 2407 legitime

419 2423 615 2488 partas
637 2438 797 2491 opes,
834 2422 1289 2478 misericsrdiam
1324 2422 1639 2477 beneﬁcam
1702 2422 1760 2476 in
1820 2440 2053 2494 egenos,

416 2505 1208 2577 longaavitatem,sanitatem,
1254 2510 1606 2566 comitatem.
1656 2511 1757 2565 His
1789 2513 1887 2582 qui
1928 2513 2055 2567 niti-

421 2597 530 2659 tur,
566 2599 620 2648 et
647 2598 1038 2665 profecturum
1070 2615 1269 2653 eorum
1303 2615 1429 2669 ope,
1471 2606 1527 2653 et
1582 2614 1693 2668 quo
1753 2604 2054 2669 promotus

419 2683 624 2738 merito
658 2685 851 2754 fuerit,
886 2686 963 2740 ibi
1020 2687 1304 2742 stabiliter
1364 2704 1812 2758 permansurum
1864 2693 2050 2758 puto;

416 2776 649 2830 fraudes
680 2780 734 2829 et
766 2776 877 2829 doli
917 2777 1051 2831 mali
1085 2778 1303 2831 caduca
1338 2777 1715 2830 fundamenta
1746 2782 1884 2832 sunt
1917 2778 2050 2833 bea-

414 2864 691 2918 titudinis
723 2865 1081 2919 mortalium.
1118 2870 1195 2918 Ex
1228 2865 1318 2919 his
1351 2865 1585 2920 dotibus
1626 2866 1851 2935 aliquas
1888 2867 1943 2919 in
1993 2870 2050 2919 te

410 2968 683 3023 agnosco,
716 2952 1008 3008 solertiam
1036 2958 1091 3007 et
1128 2954 1454 3019 scientiam,
1479 2954 1577 3008 sed
1601 2969 1700 3008 eas
1722 2954 2050 3024 corrumpis

411 3058 585 3111 pravo
622 3059 751 3096 usu.
786 3042 1032 3096 Fructus
1055 3049 1247 3096 autem
1274 3030 1386 3096 non
1415 3048 1699 3110 corruptae
1727 3041 2044 3110 sapientiae,

415 3131 731 3185 moderatio
764 3134 870 3197 est,
904 3137 959 3185 et
990 3131 1254 3200 quaedam
1298 3129 1580 3183 sobrietas
1615 3129 1839 3197 agendi,
1864 3146 2038 3199 quam
2073 3170 2115 3237 ϐ

424 3236 429 3237 ,
456 3219 509 3237 ΠΒ
548 3236 567 3237 η
600 3236 603 3237 ,
642 3236 647 3237 ,
695 3225 773 3237 1-,
806 3236 815 3237 κ
848 3224 889 3237 ,1
950 3235 1041 3237 καί
1083 3218 1198 3237 3,s_-
1243 3216 1475 3237 ..-3-ηιέη
1518 3216 1651 3237 ,1...13
1688 3232 1795 3237 _____
1845 3216 2038 3237 __2J-_.L

413 3219 511 3290 qui
544 3236 657 3273 non
693 3224 912 3283 tenent,
946 3235 1052 3272 sua
1083 3218 1209 3288 ipsa
1240 3216 1482 3269 scientia
1513 3216 1653 3269 ebrii
1688 3232 1801 3269 non
1845 3216 2040 3270 vident

410 3324 534 3379 quae
568 3311 705 3360 sunt
735 3310 865 3359 ante
897 3304 1118 3369 oculos,
1148 3308 1204 3357 et
1234 3304 1451 3357 invidia
1491 3308 1835 3357 noctuarum
1896 3304 2039 3372 ipsis

410 3401 677 3449 naturam
711 3394 1009 3458 inducnte,
1044 3392 1299 3462 caligant
1332 3392 1399 3444 ad
1422 3390 1899 3455 multamlucem,
1923 3393 2037 3447 vir-

410 3487 599 3536 tutum
638 3481 957 3535 .ilienarum
989 3478 1357 3550 splendorem
1393 3496 1504 3533 non
1540 3481 1807 3533 ferentes.
1842 3479 2039 3542 Qualis

406 3570 634 3641 generis
659 3568 895 3624 asseclis
925 3568 1024 3639 qui
1058 3567 1460 3623 cirdumdatus
1496 3585 1591 3621 rex
1620 3572 1726 3633 est,
1786 3567 2037 3622 similem

407 3676 539 3713 cum
572 3658 812 3713 dixerim
840 3656 1035 3724 fluvio,
1067 3656 1311 3726 limpido
1345 3654 1426 3709 illi
1470 3656 1705 3725 quidem
1766 3661 1821 3710 et
1874 3656 2037 3710 uberi

406 3747 818 3819 prespicuitate
851 3746 1121 3804 invitanti
1152 3746 1401 3800 viatores
1429 3749 1740 3799 aestuantes
1768 3745 1839 3798 ad
1866 3760 2037 3799 usum

408 3837 520 3905 sui,
552 3838 650 3891 sed
685 3838 871 3891 eidem
905 3839 1113 3891 referto
1158 3833 1485 3900 crocodilis,
1547 3849 1796 3905 quorum
1858 3835 2038 3886 terror

404 3925 574 3996 longe
605 3931 761 3981 arcet
786 3925 857 3980 ab
890 3942 1126 3981 accessu
1160 3923 1409 3979 crudelis
1468 3923 1603 3993 ripis
1664 3921 2037 3992 praemonitos

403 4013 643 4085 periculi
676 4013 956 4084 hospites,
992 4012 1159 4085 longe
1190 4012 1376 4066 satius
1401 4012 1679 4065 ducentes
1719 4014 2033 4081 quantum-

398 4102 540 4156 libet
563 4108 823 4157 urentem
855 4102 1011 4154 sitim
1044 4102 1158 4170 pati
1193 4116 1366 4170 quam
1392 4114 1453 4153 se
1480 4098 1762 4152 vorandos
1782 4098 2035 4167 praebere

397 4190 847 4245 immanissimis
880 4187 1114 4244 belluis.
1148 4189 1233 4241 Tu
1268 4203 1393 4240 vero
1443 4187 1735 4240 neminem
1793 4186 2027 4241 voluisti

2170 1898 2460 1961 coeperant
2489 1899 2743 1962 agentes.
2800 1897 3125 1950 Arbitratus
3176 1912 3379 1950 corvus
3427 1912 3539 1949 non
3596 1912 3791 1965 perve-

2169 1979 2323 2033 nisse
2356 1981 2423 2033 ad
2458 1980 2613 2050 ipsos
2640 1998 2855 2047 vocem,
2892 1981 3191 2035 descendit
3216 1982 3273 2035 in
3299 1982 3629 2036 viciniorem
3655 1982 3792 2050 ipsis

2168 2084 2417 2131 ramum,
2438 2074 2493 2122 et
2514 2069 2710 2122 eadem
2742 2070 3065 2137 admonuit,
3094 2071 3213 2139 pari
3240 2087 3535 2136 successu;
3558 2072 3789 2139 quando

2164 2173 2293 2209 eum
2331 2158 2661 2227 praateriens
2690 2159 2926 2227 quidam
2953 2158 3136 2212 viator
3155 2164 3211 2212 et
3252 2160 3464 2212 frustra
3523 2168 3788 2228 satagen-

2163 2248 2276 2297 tem
2312 2244 2614 2299 miserans.
2651 2245 2878 2313 Desine,
2914 2262 3100 2311 corve,
3135 2246 3349 2316 inquit,
3394 2247 3556 2316 paria
3614 2253 3671 2300 et
3726 2261 3789 2301 tu

2162 2348 2290 2385 cum
2338 2332 2411 2387 iis
2444 2335 2741 2403 quosjure
2764 2333 3056 2405 vituperas
3090 2350 3347 2404 peccare,
3383 2335 3565 2389 nihilo
3611 2352 3787 2404 quam

2158 2420 2197 2473 ii
2218 2422 2413 2475 minus
2430 2421 2718 2475 inutiliter
2741 2422 3183 2477 laborans.Tam
3207 2424 3360 2476 enim
3382 2425 3784 2493 nequidquam

2158 2510 2350 2577 sudat,
2386 2510 2483 2580 qui
2519 2510 2859 2565 naturaliter
2890 2511 3084 2565 bardis
3112 2516 3168 2565 et
3190 2516 3379 2565 mente
3395 2510 3791 2583 cassisinspi-

2156 2613 2283 2651 rare
2305 2598 2627 2667 sapientam
2662 2601 2878 2663 studet,
2912 2615 2976 2652 ac
2995 2599 3092 2669 qui
3112 2616 3229 2653 rem
3251 2603 3457 2653 natura
3483 2599 3783 2670 obliquam

2155 2685 2400 2756 dirigere
2432 2687 2487 2739 in
2521 2686 2733 2740 lineam
2767 2688 3096 2751 contendit;
3133 2688 3269 2758 quin
3304 2688 3625 2757 periculum
3676 2694 3785 2749 est.

2153 2773 2199 2827 si
2223 2775 2436 2844 pergis,
2461 2791 2531 2828 ne
2550 2779 2935 2845 praeterquam
2961 2777 3107 2846 quod
3136 2775 3280 2828 nihil
3302 2776 3588 2845 proficies,
3611 2777 3787 2830 etiam

2152 2862 2431 2915 damnum
2466 2862 2569 2916 tibi
2596 2863 3057 2932 accersas,quale
3088 2862 3541 2933 illicontigitqui
3570 2866 3789 2919 acutis-

2150 2948 2368 3003 simum
2401 2949 2595 3003 eximii
2624 2950 3069 3020 temperamenti
3100 2966 3297 3004 ensem
3323 2951 3379 3004 in
3403 2957 3529 3006 cote
3551 2969 3791 3023 aggres-

2149 3054 2251 3091 sus
2285 3038 2603 3092 durissima
2635 3040 2901 3109 probare,
2932 3038 3091 3092 illum
3128 3039 3315 3109 primo
3348 3039 3488 3106 ictu,
3542 3057 3643 3094 ceu
3704 3041 3784 3094 vi-

2152 3130 2306 3178 trum
2341 3125 2521 3191 futile,
2540 3125 2810 3194 diffregit.
2830 3126 2950 3179 Non
2973 3127 3528 3196 pervasitmonitum
3550 3129 3788 3198 sapiens

2156 3213 2212 3265 in
2241 3213 2503 3266 animum
2537 3213 2715 3267 stulte
2747 3213 2929 3267 seduli
2964 3214 3136 3280 corvi,
3172 3216 3271 3284 qui
3306 3216 3603 3286 prurigine
3632 3232 3787 3285 qua-

2148 3300 2278 3353 dam
2313 3301 2669 3354 ostentandae
2729 3300 3043 3370 sapientiae,
3099 3302 3268 3372 quasi
3325 3318 3392 3356 ex
3449 3304 3778 3373 propinquo

2146 3406 2557 3460 persuasurus,
2591 3391 2743 3459 quod
2778 3391 3006 3445 distans
3041 3392 3438 3461 nequidquam
3472 3393 3775 3461 suadebat,

2146 3479 2215 3533 ad
2248 3478 2451 3533 simios
2483 3479 2862 3545 descendens,
2895 3479 3157 3548 ipsisque
3189 3480 3550 3535 familiariter
3580 3482 3773 3534 immi-

2146 3570 2275 3621 stus
2304 3582 2316 3619 :
2350 3568 2562 3637 Apage,
2592 3566 2899 3632 clamabat,
2936 3568 3202 3622 absistite
3236 3568 3483 3622 ridiculo
3515 3575 3718 3622 conatu
3758 3588 3773 3635 ;

2144 3672 2216 3709 an
2250 3656 2493 3724 speratis
2525 3654 2735 3724 spiritu
2769 3671 2797 3709 e
2830 3660 2993 3725 petra
3046 3656 3341 3710 ﬂammam
3399 3658 3712 3711 extundere
3744 3659 3773 3711 ?

2142 3743 2301 3798 Talia
2334 3742 2501 3797 illum
2536 3744 2980 3798 concionantem
3012 3745 3332 3799 coorientes
3366 3746 3631 3799 concordi
3676 3763 3771 3799 rae

2141 3832 2233 3885 bie
2264 3831 2320 3885 in
2358 3832 2700 3887 monitorem
2736 3832 3209 3903 intempestivum
3262 3834 3414 3888 simii
3449 3834 3775 3903 discerpse-

2142 3924 2298 3975 runt.
2334 3920 2441 3974 Par
2471 3919 2658 3975 exitus
2691 3937 2759 3975 ne
2784 3938 2874 3975 me
2909 3926 3163 3989 maneat,
3222 3924 3492 3993 equidem
3551 3940 3775 3979 vereor.

2140 4008 2261 4062 Non
2287 4008 2525 4063 cessabo
2548 4014 2740 4063 tamen
2775 4009 2984 4078 adhuc,
3014 4009 3297 4064 charitate
3316 4016 3617 4080 provectus
3640 4028 3778 4065 vera

2138 4097 2243 4165 tui,
2279 4097 2463 4151 ethoc
2493 4097 2855 4166 denuntiare,
2891 4099 2939 4152 si
2970 4099 3112 4152 forte
3145 4100 3375 4154 tandem
3408 4100 3492 4153 vel
3526 4099 3633 4153 hoc-
3669 4117 3777 4170 pos

2138 4189 2356 4239 stremo
2388 4200 2456 4239 ex
2488 4202 2578 4239 me
2604 4184 2890 4240 audiendo
2922 4186 3184 4257 exemplo
3214 4188 3429 4241 moveri
3491 4189 3560 4242 ad
3613 4188 3774 4242 salu-

397 4282 603 4348 prceter
624 4281 677 4332 te
707 4276 983 4347 peculiari
1016 4275 1201 4330 leonis
1234 4275 1384 4344 regis
1416 4272 1603 4344 gratia
1661 4274 1862 4328 ﬂorere
1896 4290 1909 4338 ;
1972 4275 2063 4346 in.
2135 4273 2297 4327 brem
2331 4272 2786 4343 resipiscentiam
2821 4275 3030 4344 possis.

406 4381 520 4435 quo
554 4364 806 4435 pessime
838 4365 907 4417 de
938 4364 1064 4433 ipso
1098 4361 1385 4417 meruisti.
1447 4361 1609 4416 Sicut
1663 4362 2023 4430 majestatem

398 4453 577 4508 maris
601 4469 834 4508 omnem
859 4470 924 4508 ac
949 4452 1203 4522 speciem
1228 4450 1473 4515 tolleret,
1501 4451 1683 4522 quiad
1715 4450 1949 4503 unicum
1968 4451 2022 4503 id

394 4542 639 4597 fluctum
671 4542 843 4595 vellet
868 4541 1148 4611 redigere,
1182 4556 1312 4594 cum
1348 4557 1415 4594 ex
1445 4538 1823 4594 multitudine
1854 4539 2023 4593 innu-

390 4629 649 4684 merabili
683 4629 1044 4684 trudentium
1080 4629 1195 4683 illic
1225 4645 1350 4683 sese.
1382 4645 1447 4682 ac
1506 4626 1851 4698 stipantium
1913 4628 2018 4681 llu-

392 4727 590 4773 cluum
622 4722 793 4786 atque
823 4717 1135 4783 undarum,
1167 4717 1345 4770 maris
1378 4716 1678 4787 dignatus,
1711 4720 1767 4769 et
1799 4732 1924 4785 quae
1956 4732 2024 4769 ex

390 4807 499 4860 hac
530 4805 733 4870 oritur,
769 4805 1166 4875 navigantium
1189 4804 1456 4874 quaedam
1486 4804 1798 4869 veneratio,
1821 4819 2023 4857 nasca-

390 4899 506 4947 tur.
544 4898 823 4946 lnsanum
857 4909 989 4947 vero
1022 4909 1259 4963 prorsus
1291 4896 1379 4946 est
1409 4892 1677 4946 amicitia
1707 4892 1843 4945 foris
1884 4908 2023 4961 pra:-

392 4986 539 5036 ferre
572 4980 981 5049 simulacrum,
1017 4982 1301 5037 foventem
1337 4980 1493 5035 intus
1527 4981 1671 5034 nihil
1708 4979 1863 5034 aliud
1912 4980 2023 5033 nisi

390 5077 756 5142 quaestuosae
786 5072 1156 5141 cupiditates,
1191 5071 1430 5141 privatis
1484 5070 1648 5124 unice
1703 5071 2023 5129 rationibus

384 5162 668 5227 intentas,
720 5160 958 5213 sordido
1021 5158 1359 5212 avidissime
1390 5157 1787 5215 inhiabundas
1842 5161 2024 5227 lucro,

393 5249 655 5319 nihilque
687 5249 853 5317 pensi
889 5248 1195 5307 habentes,
1230 5248 1518 5317 propriam
1554 5248 1662 5301 sibi
1714 5252 2027 5318 quomodo-

388 5354 616 5405 cunque
646 5336 770 5389 utili
809 5342 980 5389 tatem
1016 5337 1318 5401 coniicere,
1353 5335 1434 5387 vel
1465 5335 1765 5405 dispendio
1824 5339 2025 5391 exitio-

390 5441 502 5492 que
535 5424 879 5493 quoruuivis
914 5422 1240 5492 quamlibet
1272 5422 1611 5476 insontium.

470 5546 639 5600 XXV.
683 5546 811 5599 Haec
843 5562 947 5615 ego
976 5548 1119 5599 satis
1153 5544 1439 5616 intelligo,
1475 5547 1696 5616 pridem
1730 5554 2027 5634 expertus,

409 5640 463 5685 et
492 5636 668 5687 surdo
700 5650 791 5687 me
822 5634 1103 5689 cecinisse
1134 5635 1435 5703 hactenus,
1462 5642 1520 5690 et
1577 5652 1746 5705 porro
1799 5654 2029 5704 canere,

2203 4399 2403 4453 XXVI.
2434 4399 2559 4465 Aio,
2596 4403 2671 4465 te,
2724 4399 2767 4453 si
2801 4399 3063 4455 consiliis
3091 4399 3499 4455 benevolorum
3533 4401 3777 4471 spretis,

2055 4513 2103 4576 D
2138 4487 2353 4541 astutia
2384 4492 2440 4541 et
2469 4504 2615 4541 caeco
2656 4489 2736 4541 tui
2791 4505 2984 4542 amore
3042 4505 3207 4543 ruere
3267 4505 3494 4559 perges,
3552 4489 3778 4543 similia

2137 4592 2447 4646 passurum
2478 4581 2713 4630 versuto
2748 4576 3020 4630 nebuloni
3055 4578 3176 4631 suis
3202 4576 3390 4646 ipsius
3451 4578 3518 4630 ad
3580 4582 3775 4631 extre-

2134 4681 2296 4718 mum
2334 4665 2726 4719 circumvento
2758 4664 3002 4718 technis.
3050 4665 3444 4719 Scholasticus
3504 4667 3775 4737 quidam,

2134 4754 2222 4806 vir
2252 4752 2501 4822 simplex
2532 4759 2589 4806 et
2621 4753 2732 4807 fuci
2768 4769 2992 4823 expers,
3015 4754 3115 4806 via:
3149 4753 3463 4822 aliquando
3525 4754 3776 4809 societa-

2137 4848 2254 4897 tem
2286 4841 2458 4896 inivit
2480 4858 2611 4897 cum
2648 4841 2941 4897 ardalione
2972 4841 3373 4897 callidissimo.
3420 4843 3593 4901 Bonis
3647 4846 3777 4897 avi-

2138 4932 2249 4987 bus
2328 4932 2435 4985 iter
2490 4932 2756 5001 ingressi,
2818 4947 3053 5002 peregre
3110 4934 3168 4987 in
3224 4932 3563 4987 thesaurum
3625 4934 3782 4986 inci-

2140 5021 2289 5074 dunt
2312 5020 2652 5083 maximum,
2686 5019 2843 5073 mille
2866 5021 2991 5074 auri
3024 5020 3399 5075 talentorum.
3464 5025 3592 5075 Post
3645 5038 3780 5089 gra-

2138 5108 2477 5163 tulationem
2513 5114 2629 5163 tam
2690 5108 2864 5162 fausti
2924 5125 3116 5169 casus,
3169 5108 3575 5177 scholasticus,
3632 5128 3779 5164 cou-

2142 5214 2344 5251 versus
2401 5198 2471 5250 ad
2533 5197 2780 5259 socium,
2840 5196 2982 5250 Mihi
3039 5197 3285 5265 videtur,
3346 5198 3561 5267 inquit,
3614 5200 3779 5252 factu

2138 5286 2425 5355 optimum
2455 5285 2654 5354 partiri
2687 5301 2755 5339 ex
2784 5301 2945 5354 inquo
2976 5285 3130 5338 inter
3190 5301 3294 5340 nos
3354 5286 3462 5339 hoc
3526 5288 3781 5342 fortunae

2140 5376 2382 5441 donum,
2412 5376 2624 5429 etdare
2662 5374 2933 5444 deinceps
2966 5392 3257 5445 quemque
3316 5380 3583 5429 nostrum
3636 5393 3782 5445 ope-

2146 5479 2268 5517 ram
2303 5463 2720 5531 comportando
2753 5463 2809 5515 in
2842 5467 3030 5515 tutum
3064 5462 3256 5517 locum
3293 5463 3447 5533 quod
3480 5463 3593 5533 ipsi
3628 5464 3785 5517 obti-

2140 5551 2334 5621 gerit:
2368 5552 2478 5604 nisi
2503 5550 2550 5604 si
2581 5550 2718 5619 quid
2754 5556 2813 5603 tu
2849 5566 3019 5604 secus
3049 5551 3254 5604 sentis.
3294 5550 3438 5604 Huic
3470 5550 3788 5621 improbus

2140 5639 2357 5707 socius,
2396 5640 2493 5709 qui
2552 5644 2709 5708 parte
2767 5638 2967 5707 praedae
3023 5639 3230 5707 opimae
3280 5655 3392 5693 non
3437 5646 3789 5708 contentus,
