4060 6304
112 358 321 417 12⁸7⁸7

1204 352 1565 409 SPECIMEN
1604 353 2001 437 ειΑΡιειιξ-ιυψ
2039 348 2370 431 lanosum
2406 347 2568 401 var.

3443 330 3584 388 1278

106 486 373 536 totum
419 496 590 536 avara
620 477 940 550 cupiditate
979 476 1396 530 devoraverat:
1433 473 1831 529 Periculosum
1864 476 1917 540 Α
2019 471 2245 526 XXVII.
2296 470 2603 538 Digressus
2646 464 2943 521 fraudator
2995 458 3274 528 nefarius,
3328 460 3575 550 patrem,

114 567 729 641 inquit,consilium
764 564 1067 635 suggeris;
1104 580 1235 617 nam
1261 564 1400 616 dum
1430 578 1832 626 numeramus,

115 660 163 711 d
189 676 327 713 um
369 657 669 711 efferimus
701 670 934 719 aurum,
976 651 1360 705 intervenient
1391 649 1621 704 molesti
1651 656 1706 704 ct
1743 667 1839 704 ra-

125 762 367 817 paces
402 743 628 800 arbitri.
663 748 780 812 Age
806 740 998 812 potius
1029 738 1379 793 infodiamus
1404 739 1839 808 quamprimum

127 836 288 888 sub
330 832 443 887 illa
493 848 703 902 quercu
755 830 908 900 quod
962 828 1306 898 reperimus,
1356 826 1491 879 inde
1542 824 1843 895 sumpturi

128 922 447 976 subinde
480 920 634 991 quod
667 936 810 972 usus
845 920 1082 988 poscet;
1127 915 1211 969 sic
1242 915 1397 968 enim
1449 918 1837 985 praeterquam

134 1011 345 1080 quod
384 1008 575 1063 securi
605 1008 823 1062 erimus
855 1003 1214 1059 acalumniis
1247 1002 1515 1067 litium,a
1548 1002 1837 1056 ﬁscalium

136 1096 707 1160 concussionibus,
742 1094 811 1147 ab
848 1091 1078 1147 insidiis
1106 1091 1321 1153 furum,
1357 1091 1528 1144 etiam
1555 1089 1662 1143 hoc
1696 1104 1840 1149 novo

141 1184 466 1238 indivisa:
499 1180 887 1254 possessionis
945 1180 1176 1232 vinculo
1207 1180 1603 1247 astringemus
1634 1177 1839 1231 fortius

144 1272 411 1326 initam
439 1271 589 1325 inter
610 1287 715 1324 nos
756 1267 1030 1322 amicitiae
1060 1267 1416 1330 societatem,
1453 1266 1619 1333 cujus
1652 1264 1839 1333 initia,

153 1360 287 1429 qui
328 1359 484 1413 tanti
539 1373 848 1411 successus
904 1354 1150 1425 augurio
1196 1354 1569 1408 fortunarunt
1621 1353 1835 1422 superi,

144 1447 496 1503 declarare
547 1446 819 1500 videntur
868 1443 1123 1498 voluisse
1179 1442 1326 1503 nihil
1384 1458 1494 1496 non
1551 1440 1840 1494 felicitatis

148 1552 243 1589 ex
288 1536 431 1603 ejus
473 1550 577 1588 nos
630 1548 864 1603 sperare
912 1531 1347 1604 perseverantia
1403 1529 1629 1583 debere.
1692 1528 1834 1594 Quid

148 1620 755 1676 rnulta?Persuasit
793 1619 941 1673 latro
991 1618 1245 1688 perﬁdus
1304 1617 1507 1688 ignaro
1568 1618 1837 1670 fraudum

152 1710 346 1780 quod
382 1708 657 1763 volebat:
697 1708 980 1777 amboque
1013 1706 1310 1760 communi
1352 1722 1549 1776 opera,
1583 1705 1691 1758 sub
1724 1720 1842 1775 qua

150 1800 421 1855 dictum
454 1803 541 1853 est
565 1814 787 1853 annosa
816 1813 1055 1867 quercu,
1090 1795 1151 1849 in
1203 1795 1326 1849 loco
1358 1795 1482 1849 avio
1543 1794 1677 1859 sita,
1708 1793 1835 1847 the-

147 1904 438 1943 saurum
470 1886 769 1941 inventum
820 1884 1225 1951 condiderunt,
1286 1881 1479 1936 ablata
1531 1882 1589 1936 in
1658 1898 1829 1936 usum

153 1980 541 2048 praesentem
621 1973 847 2027 modica
906 1978 1106 2043 parte;
1193 1972 1393 2040 sicque
1471 1974 1834 2024 recesserunt

157 2066 441 2118 domum
469 2062 720 2132 quisque
751 2076 940 2127 suam,
970 2059 1185 2114 omisso
1215 2057 1456 2113 consilio
1490 2057 1823 2127 peregrina-

160 2150 397 2217 tionis,
434 2149 602 2219 cujus
636 2146 916 2202 institutae
941 2146 1087 2201 lucri
1126 2145 1353 2201 honesti
1401 2145 1617 2210 studio,
1678 2149 1834 2200 certa

157 2240 310 2308 jam
374 2241 551 2291 tantae
612 2236 869 2307 pecuniae
930 2235 1165 2304 adeprio
1216 2250 1429 2287 causus
1488 2233 1830 2288 abstulerat.

172 2333 420 2381 Paucos
455 2330 583 2394 post
623 2324 746 2378 dies
802 2321 1171 2391 consumptis
1228 2319 1634 2385 scholasticus,
1687 2338 1833 2392 quos

171 2432 255 2469 ex
290 2414 571 2467 thesauro
599 2411 973 2475 delibaverat,
1027 2410 1305 2474 nummis,
1357 2410 1579 2463 socium
1630 2425 1835 2463 convc-

172 2504 297 2567 nit,
334 2506 412 2566 et,
450 2500 508 2555 Si
541 2500 644 2553 tibi
696 2499 941 2563 videtur,
977 2498 1189 2567 inquit,
1233 2514 1436 2558 eamus
1483 2498 1552 2550 ad
1600 2498 1832 2552 thesau-

176 2607 367 2655 rum;
430 2588 673 2658 expendi
727 2588 883 2642 enim
933 2587 1087 2656 quod
1139 2585 1478 2639 extuleram.
1533 2586 1703 2651 Sane,
1754 2587 1835 2640 ait

176 2680 310 2744 ille,
348 2678 458 2733 hoc
496 2679 689 2749 ipsum
725 2677 1055 2747 cupiebam,
1104 2675 1406 2729 vaferrime
1454 2674 1833 2731 dissimulans

180 2772 371 2822 noctu
409 2783 467 2820 se
502 2766 820 2836 profectum
849 2765 917 2817 ad
936 2779 1213 2834 quercum
1242 2778 1372 2817 eum
1399 2763 1558 2817 cistis
1590 2768 1647 2816 et
1665 2763 1834 2832 baju-

182 2856 288 2922 lis,
315 2859 521 2909 cuncta
555 2857 867 2908 convasata
896 2852 1288 2922 praeripuisse.
1323 2852 1475 2906 Eunt
1509 2851 1829 2919 ,eﬂ'odiunt,

188 2942 346 2998 nihil
381 2943 702 2997 inveniunt.
745 2940 939 2995 Mirari
991 2938 1407 3005 scholasticus;
1441 2944 1499 2994 at
1531 2942 1620 2995 l'ur
1650 2939 1831 2993 scele—

190 3031 499 3086 stissimus
558 3028 823 3085 bacchari
883 3027 1120 3098 tragicis
1155 3027 1541 3097 intemperiis,
1590 3025 1832 3098 capillos

194 3119 311 3174 sibi
380 3118 606 3183 vellere,
660 3122 835 3189 caput
900 3117 1169 3183 tundere,
1246 3115 1449 3169 insane
1508 3114 1830 3181 vociferari,

195 3209 373 3262 deum
407 3206 826 3275 hominumque
858 3206 1132 3259 obtestari
1163 3203 1827 3272 ﬁdem,circumventum

198 3312 329 3349 sese
361 3312 393 3349 a
435 3292 778 3349 scholastico
828 3292 1108 3361 dejerare.
1159 3292 1266 3356 Tu,
1302 3290 1511 3357 aiebat,
1547 3289 1659 3343 ista
1692 3288 1836 3343 falsa

199 3381 507 3449 probitatis
558 3381 746 3451 specie
796 3383 1015 3433 tantam
1048 3378 1349 3448 perﬁdiam
1399 3376 1652 3447 legebas.
1704 3375 1832 3431 Tibi

198 3468 305 3522 soli
340 3474 507 3523 notus
546 3470 703 3522 locus
736 3472 877 3535 erat;
914 3473 971 3521 tu
1019 3483 1108 3519 me
1157 3464 1689 3533 circumscripsisti,
1743 3480 1830 3517 ra-

199 3557 537 3625 pacissimis
568 3556 695 3609 istis
730 3555 1022 3621 manibus,
1058 3559 1251 3621 noctu,
1296 3569 1519 3607 mecum
1554 3552 1830 3605 tibicom-

201 3661 459 3709 munem,
486 3645 787 3714 pecuniam
824 3660 974 3696 unus
1005 3644 1293 3695 auferens.
1319 3641 1421 3693 Hic
1454 3641 1632 3694 miser
1662 3640 1828 3694 scho-

202 3732 461 3800 lasticus,
494 3732 589 3786 ubi
630 3749 727 3801 per
757 3746 956 3785 omnes
1005 3732 1238 3799 juratus
1286 3730 1425 3782 deos
1481 3745 1596 3782 suae
1654 3728 1827 3781 ﬁdem

206 3820 545 3875 innocentiae
578 3837 688 3873 non
726 3820 875 3881 fecit,
928 3818 1277 3887 adjudicem
1314 3835 1346 3871 a
1377 3817 1559 3871 sodali
1595 3816 1830 3887 nequis-

202 3909 348 3963 simo
405 3914 628 3962 tractus
687 3911 791 3961 est.
854 3907 1087 3969 Prmtor,
1151 3921 1261 3958 non
1342 3906 1581 3973 ignarus
1630 3904 1828 3972 ofﬁcii,

200 4012 461 4050 severum
524 3994 765 4049 delatori
822 3994 1050 4047 vultum
1125 3994 1430 4047 obvertens
1479 4009 1490 4046 :
1551 3998 1827 4058 Accusas,

202 4084 405 4153 inquit,
432 4087 764 4154 negantem,
800 4082 987 4135 neutri
1015 4085 1271 4136 vestrum
1306 4080 1623 4134 credimus.
1658 4082 1831 4134 Crete-

202 4189 325 4226 rum
358 4170 458 4225 tibi
497 4171 677 4225 actori
710 4187 860 4224 onus
890 4169 1178 4223 incumbit
1235 4168 1614 4223 convincendi
1656 4169 1830 4223 certis

199 4259 420 4313 indiciis
454 4259 678 4323 rei.Age
712 4259 911 4329 igitur,
969 4274 1081 4327 quo
1117 4262 1265 4311 teste
1313 4257 1524 4327 probas
1574 4258 1826 4311 furatum

209 4348 351 4401 hunc
383 4348 686 4418 pecuniam
725 4347 833 4401 sub
879 4362 1092 4417 quercu
1138 4346 1427 4400 defossam
1454 4345 1481 4398 ?
1512 4347 1632 4410 Quo
1664 4350 1827 4414 teste,

200 4436 400 4506 inquit,
435 4435 691 4506 quaeris?
731 4436 895 4504 quasi
928 4435 1176 4489 arbitros
1205 4434 1322 4487 illic
1350 4434 1681 4488 adhibuerit
1706 4451 1828 4488 ma-

200 4524 371 4579 leﬁcio
407 4528 691 4579 nocturno
717 4542 730 4589 ;
774 4527 966 4577 tamen
1023 4526 1087 4575 ut
1116 4522 1223 4575 diit
1254 4523 1469 4577 scelera
1498 4522 1679 4576 latere
1710 4539 1825 4575 non

202 4612 411 4679 sinunt,
474 4615 679 4665 testem
740 4610 889 4664 dalvo
950 4610 1137 4681 ipsam
1216 4610 1481 4663 arborem
1531 4610 1820 4664 consciam

211 4699 352 4752 furti.
384 4701 521 4753 Cras
554 4714 623 4753 ne
673 4699 929 4769 graveris
987 4715 1051 4753 eo
1111 4698 1416 4751 nobiscum
1480 4700 1603 4761 (nec
1653 4696 1826 4765 longa

200 4783 283 4837 via
309 4786 405 4852 est)
450 4786 723 4850 tendere;
777 4784 978 4838 audies
1028 4800 1141 4837 rem
1201 4784 1433 4846 miram,
1491 4781 1821 4852 loquentem

214 4872 457 4925 arborem
479 4877 534 4926 et
550 4872 768 4927 facinus
795 4872 1304 4941 improbissimum
1328 4872 1820 4941 prodentem.Jam

205 4959 404 5011 dudum
442 4959 750 5012 subolebat
808 4959 1081 5027 prudenti
1133 4959 1323 5027 judici
1383 4975 1449 5011 ex
1510 4959 1636 5028 ipsa
1694 4961 1821 5027 ejus

199 5045 610 5116 inquietissima
637 5047 980 5114 jactatione,
1001 5052 1057 5098 et
1088 5046 1424 5100 scholastici
1449 5045 1819 5116 simplicitate

198 5135 463 5188 eminente
509 5151 572 5187 ex
619 5150 714 5187 ore
770 5139 943 5204 atque
1001 5134 1208 5202 oculis,
1270 5134 1577 5189 nebulonis
1625 5137 1814 5203 fraus;

199 5239 315 5287 ergo
367 5222 694 5291 suspicans,
757 5223 908 5290 quod
974 5238 1064 5275 res
1123 5226 1264 5288 erat,
1327 5223 1523 5276 dolum
1602 5224 1673 5276 ab
1751 5240 1814 5277 eo

199 5311 485 5387 quemdam
528 5311 897 5373 adornatum;
941 5310 1039 5363 sed
1077 5310 1393 5380 prudenter
1418 5312 1810 5382 suspicionem

202 5398 577 5465 dissimulans,
613 5398 1003 5452 conditionem
1051 5399 1334 5464 admisit;
1395 5400 1699 5469 edictoque
1751 5406 1813 5453 ut

195 5488 445 5556 postridie
487 5490 629 5543 hora
680 5489 849 5542 tertia
906 5491 1020 5539 tam
1077 5492 1379 5541 accusator
1436 5505 1612 5557 quam
1675 5505 1808 5543 reus

194 5575 254 5629 ad
285 5592 544 5643 quercum
580 5578 870 5643 adessent,
906 5575 1102 5629 eodem
1165 5575 1291 5643 ipse
1334 5575 1640 5631 lictoribus
1695 5593 1801 5630 cre-

191 5667 416 5735 teraeque
448 5665 665 5720 forensi
700 5664 925 5719 familiae
960 5662 1233 5718 condixit.

1866 1814 1913 1912 li

1949 578 2115 632 quem
2166 559 2319 612 domi
2380 556 2628 611 habebat
2672 554 2959 615 vetulum,
2993 550 3279 613 convenit,
3316 551 3389 608 et,
3416 546 3574 611 Quod

1947 648 2193 704 docuisti
2246 662 2336 701 me
2380 661 2629 715 semper,
2684 642 2897 712 inquit,
2928 640 3086 693 omni
3120 642 3239 690 arte
3272 652 3337 689 ac
3368 638 3579 688 conatu

1947 754 2067 791 rem
2110 751 2334 806 parare,
2368 734 2423 801 in
2459 750 2523 788 eo
2555 731 2831 787 navandae
2864 745 3047 800 operae
3080 724 3334 795 benigna
3383 739 3445 777 se
3476 739 3578 775 no-

1948 828 2038 883 bis
2071 827 2283 897 przebet
2314 824 2560 890 occasio,
2594 822 2693 876 sed
2728 836 2851 891 quae
2903 823 3067 873 tuum
3118 814 3374 885 exposcit
3418 810 3578 866 auxi-

1946 917 2090 970 lium
2139 915 2197 969 in
2250 930 2307 973 re
2367 930 2480 966 non
2538 909 2713 981 gravi.
2775 909 2900 962 Scis
2951 911 3093 976 quot
3150 906 3275 958 auri
3338 902 3573 969 talenta,

1950 1008 2205 1063 Laverna
2235 1005 2478 1070 favente,
2512 1003 2750 1054 domum
2796 1013 2979 1069 nuper
3013 993 3304 1049 intulerim
3334 1008 3347 1045 :
3382 1008 3448 1045 ea
3478 1007 3576 1044 cu-

1949 1094 2172 1149 mulare
2227 1092 2549 1146 addicendo
2609 1088 2775 1143 nobis
2836 1084 3189 1158 patrimonio
3248 1079 3581 1137 scholastici

1948 1183 2118 1238 istius
2150 1178 2573 1250 simplicissimi
2629 1175 2906 1243 hominis,
2939 1178 2996 1227 et
3045 1172 3277 1226 animus
3332 1174 3389 1223 et
3447 1184 3580 1238 spes

1947 1276 2054 1338 est,
2093 1270 2261 1325 modo
2286 1285 2399 1323 non
2432 1266 2691 1337 graveris
2739 1261 3029 1333 cooperari
3064 1278 3165 1330 pro
3220 1258 3369 1312 virili
3403 1262 3585 1327 coepto

1948 1365 2155 1413 nostrae
2188 1356 2425 1411 familiae
2460 1351 2978 1425 questuosissiiiio.
3006 1347 3247 1418 Exponit
3277 1347 3410 1400 inde
3442 1345 3582 1415 quid

1940 1446 2125 1516 judici
2159 1443 2512 1516 promiserit,
2541 1442 2680 1512 quid
2712 1440 2763 1494 is
2813 1436 3201 1495 constutuerit
3254 1435 3311 1489 in
3372 1432 3580 1488 crasti-

1949 1550 2110 1589 num.
2144 1534 2293 1588 Tum
2343 1532 2518 1585 infert
2555 1547 2567 1584 :
2605 1527 2902 1599 Exploravi
2947 1525 3258 1595 diligenter
3301 1538 3580 1593 quercum

1947 1622 2132 1691 illam,
2168 1637 2344 1692 quam
2379 1617 2659 1675 afﬁrmavi
2691 1615 3088 1675 testimonium
3115 1630 3215 1681 pro
3267 1628 3357 1665 me
3391 1611 3582 1664 dictu-

1947 1728 2112 1778 ram;
2146 1726 2348 1764 cavum
2382 1710 2540 1762 intus
2600 1711 2871 1760 truncum
2929 1703 3126 1769 habet,
3184 1705 3239 1755 et
3289 1700 3347 1754 in
3406 1701 3579 1754 istam

1944 1816 2182 1872 specum
2216 1813 2465 1869 superne
2498 1800 2655 1868 patet
2685 1796 2881 1851 aditus
2916 1792 3097 1849 facilis
3156 1808 3259 1846 nec
3311 1790 3581 1849 observa-

1942 1889 2078 1950 bilis
2111 1887 2479 1943 intuentibus
2513 1902 2581 1940 ex
2613 1884 2807 1955 plano.
2838 1888 2980 1953 Age,
3016 1886 3147 1936 ante
3189 1880 3379 1934 lucem
3412 1894 3585 1931 occu-

1943 1994 2147 2048 pemus
2178 1993 2242 2032 eo
2295 1976 2467 2031 ambo
2525 1991 2630 2030 nos
2688 1972 2969 2028 conferre.
3016 1969 3202 2024 Scalis
3260 1969 3326 2022 ad
3391 1983 3583 2020 ramos

1944 2072 2209 2123 evectum
2242 2070 2296 2121 te
2325 2082 2429 2136 ego
2489 2063 2897 2135 percommode
2950 2061 3251 2115 demittam
3304 2058 3361 2111 in
3412 2073 3583 2127 pene-

1939 2155 2111 2211 tralia
2137 2172 2284 2210 cavai
2316 2155 2539 2209 arboris
2566 2171 2578 2220 ;
2603 2153 2683 2207 ibi
2715 2156 2840 2206 tuto
2873 2147 3583 2216 delitescens,ubislatuta

1940 2245 2101 2314 hora,
2138 2249 2419 2316 praesente
2444 2245 2568 2312 jam
2605 2247 2867 2312 praetore,
2902 2238 3355 2309 interrogabitur
3412 2251 3581 2304 quer-

1938 2349 2043 2389 cus
2074 2332 2203 2402 quis
2228 2332 2567 2386 thesaurum
2602 2327 2929 2393 abstulerit,
2984 2330 3279 2380 memento
3336 2340 3403 2379 ex
3460 2325 3577 2378 imo

1940 2422 2311 2491 respondere,
2345 2420 2762 2475 scholasticum
2817 2416 3207 2487 praeripuisse.
3261 2415 3580 2484 Respondit

1941 2511 2010 2562 ad
2045 2526 2111 2563 ea
2141 2526 2316 2563 senex
2348 2525 2360 2561 ε
2388 2508 2617 2562 Faciam
2648 2506 2937 2575 equidem,
2989 2503 3090 2571 ﬁli,
3141 2505 3292 2573 quod
3327 2503 3445 2570 vis;
3475 2505 3572 2557 sed

1940 2602 1996 2652 te
2027 2597 2198 2652 etiam
2232 2603 2405 2666 atque
2454 2596 2628 2650 etiam
2663 2595 3029 2648 considerare
3077 2600 3285 2645 cuncta
3317 2592 3477 2663 prius
3510 2609 3575 2645 ac

1941 2701 2260 2755 praecavere
2292 2701 2585 2755 cuperem,
2620 2699 2688 2735 ne
2724 2683 2865 2735 forte
2906 2680 3022 2735 tuis
3080 2680 3203 2750 ipse
3244 2680 3571 2749 implicitus

1942 2772 2189 2841 laqueis,
2227 2770 2463 2842 patiaris
2522 2770 2672 2841 quod
2706 2786 2883 2840 cycno
2915 2768 3180 2838 contigit,
3235 2767 3461 2821 insidiis
3507 2768 3575 2821 ad

1940 2866 2260 2913 extremum
2294 2875 2590 2928 oppresso,
2626 2874 2772 2928 quas
2806 2856 2900 2910 ille
2940 2855 3177 2909 inimico
3209 2850 3576 2925 comparave-

1939 2946 2200 3001 rat.Audi
2235 2946 2514 3012 fabulam,
2549 2963 2664 2999 non
2700 2945 2871 3014 longa
2902 2948 3137 2998 narratu
3201 2948 3309 2998 est.
3364 2944 3582 2996 Ferunt

1939 3035 2236 3088 nidiﬁcare
2256 3034 2492 3088 solitum
2511 3050 2754 3103 cycnum
2775 3050 2888 3086 non
2917 3033 3084 3101 longe
3101 3048 3283 3085 acavo
3311 3031 3579 3085 familiari

1946 3120 2075 3173 fera!
2099 3120 2551 3189 scrpentis.quae
2587 3119 2847 3173 maleﬁco
2877 3118 3189 3187 indulgens
3223 3117 3414 3187 genio,
3451 3117 3576 3187 pul-

1942 3206 2029 3261 los
2061 3207 2221 3278 cycni
2253 3206 2429 3261 simul
2480 3206 2696 3260 exclusi
2734 3207 2979 3270 fuerant,
3004 3207 3126 3275 jam
3163 3206 3375 3275 saepius
3405 3206 3578 3258 devo-

1943 3300 2186 3349 raverat.
2223 3296 2487 3349 lrritatus
2546 3295 2761 3362 injuria
2823 3300 2943 3349 tam
2983 3294 3307 3349 vehementi
3340 3310 3577 3364 cycnus,

1944 3383 2185 3436 consilia
2208 3388 2401 3437 tamen
2439 3382 3249 3453 neglexitamicorum,locum
3274 3382 3579 3445 infestum,

1944 3476 2239 3540 utcunque
2273 3470 2353 3523 illi
2388 3472 2455 3523 ad
2491 3480 2696 3524 caetera
2751 3472 3146 3538 commodum,
3207 3469 3318 3523 alio
3378 3470 3581 3522 tutiori

1940 3563 2298 3611 commut-zre
2328 3558 2718 3612 suadentium.
2754 3559 2861 3612 Sed
2926 3563 3079 3613 totus
3111 3559 3373 3612 intentus
3404 3557 3461 3611 in
3497 3557 3581 3611 ul-

1939 3646 2154 3699 tionem
2191 3644 2391 3713 injusti
2426 3646 2792 3715 grassatoris,
2826 3646 3167 3715 quuirebat
3207 3662 3405 3700 secum
3452 3640 3576 3700 mo-

1938 3734 2042 3787 dos
2086 3732 2400 3803 reponendi
2460 3734 2509 3785 ei
2544 3734 2762 3788 damni.
2799 3733 2962 3787 Talia
2995 3734 3372 3787 meditantem
3400 3734 3579 3787 adivit

1937 3839 2162 3890 cancer,
2197 3825 2272 3888 et,
2307 3822 2441 3888 Cur,
2477 3822 2577 3888 ait,
2611 3838 2807 3893 cyone,
2840 3822 3271 3892 cagitabundus
3302 3827 3356 3875 et
3390 3823 3575 3876 tristis

1937 3925 1997 3964 es
2020 3910 2047 3963 ?
2077 3911 2248 3964 Justa
2278 3909 2445 3976 mihi,
2482 3926 2697 3977 cycnus
2722 3908 2936 3979 inquit,
2967 3915 3023 3963 et
3053 3909 3470 3963 sollicitudinis
3521 3914 3577 3963 et

1939 3998 2200 4052 maeroris
2251 4015 2427 4051 causa
2474 4001 2562 4050 est
2602 3996 2811 4050 vicinia
2840 3996 3228 4050 voracissimze
3258 3997 3575 4067 serpentis,

1939 4103 2078 4139 mea}
2140 4083 2357 4139 sobolis
2408 4100 2606 4137 cruore
2652 4084 2903 4153 saginari
2939 4084 3142 4138 solitm.
3198 4085 3295 4138 llic
3345 4102 3576 4149 cancer,

1936 4171 2465 4243 Vides,inquit,hoc
2493 4172 2726 4225 cavum?
2757 4173 3125 4241 (ostendebat
3182 4188 3245 4226 os
3304 4173 3571 4243 palulum

1938 4260 2288 4315 carvernulaa
2316 4260 2649 4329 oppositum
2685 4276 2714 4313 e
2736 4260 2969 4329 regione
2992 4258 3242 4329 hospitio
3261 4261 3571 4332 serpentis)

1936 4352 2013 4404 ibi
2051 4351 2270 4405 habitat
2308 4350 2775 4420 nymphe,nostri
2805 4366 3147 4403 cancrorum
3183 4351 3411 4420 generis
3444 4353 3569 4405 ani-

1939 4439 2054 4493 mal
2086 4456 2261 4492 vorax
2284 4444 2340 4491 et
2371 4437 2556 4491 valide
2587 4441 2900 4497 armatum.
2963 4438 3032 4491 ad
3082 4438 3199 4491 haec
3233 4439 3573 4493 inimicissi-

1938 4545 2095 4581 mum
2132 4526 2683 4596 serpentibus.Aﬁ‘er
2713 4541 2740 4577 e
2773 4525 3027 4594 piscibus
3059 4526 3273 4595 quibus
3299 4530 3571 4596 vescaris,

1935 4619 1989 4668 et
2024 4632 2122 4686 per
2154 4613 2525 4668 intervallum
2562 4613 2914 4666 foraminum
2946 4612 3195 4668 duorum
3229 4632 3458 4686 sparge,
3494 4617 3571 4671 ita

1936 4707 1999 4756 ut
2032 4708 2221 4773 partes
2250 4700 2923 4755 ultimusostiocavcrnm
2948 4701 3234 4771 serpentis
3258 4704 3566 4759 admoveas

1934 4791 2211 4862 proxime.
2247 4791 2515 4859 Egressa,
2550 4797 2607 4841 ut
2664 4790 2831 4855 solet,
2894 4790 3145 4860 nymphe
3204 4791 3272 4843 ad
3334 4792 3569 4846 odorem

1931 4877 2260 4947 praedambi
2298 4876 2559 4946 saginam
2595 4891 2870 4946 sequens,
2905 4878 2972 4929 ad
3011 4894 3246 4947 specum
3282 4881 3569 4950 serpentis

1930 4964 2473 5035 pervenerit,isthuc
2506 4980 2736 5034 quoque
2768 4966 3287 5036 penetransipsam
3322 4968 3567 5022 occidet.

1928 5054 2080 5106 Fecit
2112 5053 2262 5122 quod
2299 5052 2723 5105 admonebatur
2753 5057 3063 5121 cycnus,et
3095 5054 3309 5107 factum
3335 5072 3562 5110 succes-

1928 5140 2022 5208 sit,
2059 5139 2211 5193 ultra
2238 5138 2467 5209 quidem
2505 5140 2689 5209 ipsius
2721 5144 2941 5207 votum,
2975 5140 3044 5193 ad
3079 5142 3390 5210 perniciem
3416 5146 3565 5212 ejus;

1925 5244 2057 5279 nam
2092 5228 2280 5280 occisa
2316 5232 2602 5294 serpente,
2656 5227 2926 5297 nymphe,
2992 5244 3229 5297 cycnum
3292 5235 3570 5297 praeterea

1923 5328 2098 5381 prope
2133 5312 2515 5364 dormientem
2553 5318 2740 5371 nacta,
2797 5313 3061 5371 confecit.
3124 5313 3300 5383 pullis
3349 5316 3564 5383 quibus

1920 5398 2228 5453 incubabat
2265 5400 2479 5467 pariter
2510 5398 2855 5467 absumptis.
2911 5399 3095 5452 Simili
3132 5403 3419 5469 exemplo,
3453 5404 3563 5470 fili,

1916 5503 2115 5540 vereor
2149 5504 2217 5540 ne
2253 5504 2357 5540 nos
2390 5504 2619 5557 quoque
2653 5488 2998 5541 insidiantes
3033 5486 3219 5551 alteri,
3267 5494 3563 5544 confracta

1915 5574 1970 5627 in
2009 5592 2111 5628 nos
2149 5591 2321 5644 quam
2344 5575 2628 5628 struimus
2653 5574 2916 5627 machina
2944 5574 3562 5643 Opprimamur,Filius

1913 5663 1981 5715 ad
2009 5680 2075 5717 ea
2111 5680 2122 5717 :
2159 5664 2315 5717 Bono
2366 5663 2560 5717 animo
2616 5667 2758 5727 esto,
2795 5666 2977 5731 pater,
3029 5661 3233 5729 inquit,
3291 5664 3562 5719 terricula
