4060 6304
493 338 630 392 1279

1984 349 2373 406 APPENDIX.

3782 346 3808 398 1
3820 345 3916 396 28ὓ

487 463 690 517 isthmc
721 479 866 517 vana
909 467 1092 530 sunt;
1143 464 1486 537 navigamus
1530 467 1586 520 in
1634 473 1824 537 portu.
1877 467 2121 523 Talenta
2149 470 2202 535 Α
2233 471 2315 524 tni
2351 472 2574 525 reditus
2633 473 2944 528 incolumis
2993 473 3364 545 interpellare
3426 469 3908 542 gratulationem

489 555 657 605 modo
690 559 745 605 et
778 553 1026 621 [‘irzedam
1061 554 1313 622 opimam
1335 555 1523 624 cogita
1545 556 1794 612 fructum
1823 557 2118 627 paratissi-

485 658 644 694 mum
677 658 786 694 non
824 641 1119 694 laboriosa:
1155 643 1398 696 fraudis.
1435 643 1579 707 Quid
1618 644 2117 699 multa?Persua-

482 746 586 784 sus
617 745 790 783 senex
821 745 1018 782 cavam
1055 730 1323 784 arborem
1355 730 1532 784 subit.
1566 731 1753 786 Judex
1791 733 1860 785 ad
1923 733 2119 787 condi-

482 823 640 870 ctum
676 817 1231 887 adest.Interrogata
1264 834 1474 888 magna
1517 835 1654 873 voce
1697 836 1936 889 quercu,
1989 819 2121 889 quis

484 907 710 959 furatus
739 906 1078 959 thesaurum
1112 906 1310 959 esset?
1351 907 1505 960 senis
1554 923 1899 976 responsum
1950 906 2117 960 audi-

481 998 598 1059 tur,
633 1011 664 1047 a
705 993 1054 1046 scholastico
1094 993 1364 1048 effossam
1417 995 1785 1064 oblatamque
1819 994 2119 1064 pecuniam

485 1084 805 1136 affirmans.
841 1081 1189 1137 Mirantibus
1219 1083 1472 1146 cunctis,
1505 1099 1680 1153 sagax
1713 1088 1923 1153 praetor
1953 1081 2120 1136 intel-

484 1169 623 1224 lexit
653 1170 805 1239 quod
843 1186 934 1223 res
967 1175 1108 1233 erat,
1145 1169 1275 1223 dolo
1307 1170 1457 1224 malo
1489 1171 1788 1224 conditum
1839 1170 1995 1224 intra
2035 1186 2123 1223 ca-

482 1275 609 1312 vam
644 1273 916 1326 quercum
952 1256 1248 1310 hominem
1283 1258 1492 1310 auditas
1523 1258 1680 1313 vocis
1713 1263 2040 1323 auctorem;
2066 1262 2124 1311 et

488 1345 718 1400 sublato
751 1345 807 1397 in
842 1359 1108 1398 severum
1143 1345 1997 1416 supercilio:Mentiris,inquit,
2031 1361 2122 1400 ar-

491 1434 596 1487 bor
624 1433 909 1502 improba,
937 1432 1269 1486 innocentia
1290 1433 1621 1488 scholastici
1649 1439 1950 1504 perspecta
1980 1432 2124 1486 mihi

491 1522 691 1574 est.Tu
714 1537 843 1575 vero
865 1519 987 1573 falsi
1005 1521 1318 1574 testimonii
1336 1521 1556 1590 justam
1585 1538 1811 1591 pa-nam
1830 1520 2125 1590 mejudice

493 1625 603 1663 non
639 1608 899 1677 effugies.
933 1613 1062 1662 Mox
1091 1609 1160 1662 ad
1205 1609 1584 1678 apparitores,
1620 1609 1852 1674 Aﬂ'erte,
1883 1609 2119 1672 clamat,

489 1697 683 1767 ignem
703 1695 1010 1760 ocius,huc
1023 1695 1300 1764 stipulam
1325 1703 1380 1748 et
1406 1695 1905 1766 faces;contlagret
1925 1694 2123 1749 statim

485 1784 732 1838 mendax
753 1788 1129 1849 truncus,nec
1145 1783 1365 1837 diutius
1381 1783 1594 1838 mundo
1610 1782 1914 1838 fallacibus
1928 1799 2127 1837 oracu-
2157 1816 2205 1882 B

484 1873 558 1927 lis
591 1873 816 1926 illudat.
854 1873 1090 1926 Paretur
1119 1872 1270 1926 illico
1304 1890 1317 1928 :
1345 1875 1468 1942 jam
1501 1877 1694 1927 cortex
1741 1873 1948 1938 fumat,
1983 1873 2109 1941 jam

486 1962 734 2016 flammas
764 1963 847 2016 vis
877 1963 1032 2016 intus
1058 1963 1461 2032 penetrat.jam
1479 1979 1655 2017 sensu
1680 1963 1964 2018 excitatus
1988 1960 2126 2015 mali

484 2055 541 2104 et
571 2050 826 2119 imagine
857 2052 1262 2103 consternatus
1296 2049 1541 2119 periculi
1577 2065 1774 2119 senex,
1792 2047 2078 2102 exclamat
2111 2063 2124 2102 :

486 2137 664 2190 Vivus
691 2138 886 2201 ardeo,
928 2136 1156 2191 educite
1201 2153 1312 2191 me.
1367 2138 1671 2191 Extractus
1719 2135 2124 2191 semiustulato

487 2230 696 2279 trunco
728 2231 891 2294 pater
921 2229 977 2278 et
1006 2241 1175 2278 suum
1209 2233 1261 2278 et
1291 2224 1396 2277 ﬁlii
1456 2223 1649 2278 scelus
1686 2224 2124 2294 impudentissi-

489 2330 650 2367 mum
685 2315 968 2384 prodit.ln
1003 2313 1207 2366 ambos
1236 2313 1360 2382 lege
1388 2317 1602 2366 actum:
1638 2317 1696 2367 et
1723 2312 2034 2366 thesaurus
2065 2313 2122 2366 in

487 2401 742 2456 solidum
768 2401 1139 2470 adjudicatus
1172 2401 1519 2454 scholastica
1541 2401 1967 2470 est.Ejusmodi
1999 2417 2127 2454 suc-

484 2506 684 2544 cessus
707 2489 896 2543 solent
919 2505 1046 2542 esse
1067 2488 1414 2542 insidiarum
1435 2487 1722 2543 malitiose
1745 2492 2124 2545 structarum.

560 2604 804 2659 XXVIII.
862 2604 1048 2666 Quare
1122 2603 1333 2673 (pergit
1402 2603 1753 2675 Vestigatori
1808 2607 2127 2659 Coronatus

493 2693 703 2762 dicere)
738 2692 1029 2746 infaustus
1063 2692 1190 2758 tibi,
1237 2697 1291 2746 et
1321 2693 1542 2747 utinam
1578 2693 1760 2748 falsus
1791 2697 1973 2761 vates,
2006 2697 2126 2748 exi-

494 2785 641 2839 tium
667 2783 987 2851 denuntio;
1022 2784 1221 2838 deesse
1253 2784 1543 2854 siquidem
1583 2801 1696 2839 non
1747 2787 1934 2855 potest
1983 2783 2126 2853 quin

497 2874 645 2929 male
703 2891 768 2928 ac
801 2879 1024 2929 mature
1057 2891 1258 2944 pereas
1309 2873 1524 2928 scelere
1560 2873 1782 2946 lingua:
1821 2873 1992 2928 istius
2024 2873 2126 2927 ob-

494 2964 840 3019 trectatricis
888 2968 944 3017 et
992 2963 1246 3017 rixarum
1279 2963 1512 3018 satricis
1543 2968 1674 3031 tuae,
1708 2979 1882 3032 quam
1917 2965 1981 3015 ut
2005 2978 2125 3015 ser-

495 3054 792 3124 pentinam
830 3052 1054 3120 horreo,
1081 3051 1263 3107 nihilo
1295 3052 1448 3107 enim
1485 3067 1660 3121 quam
1694 3050 1812 3104 haec
1845 3049 2038 3103 minus
2071 3054 2128 3104 et

495 3144 596 3198 illa
624 3159 912 3198 venenum
946 3143 1186 3213 spargit.
1221 3143 1337 3197 Nec
1369 3141 1557 3211 magis
1603 3145 1660 3194 te
1714 3144 1880 3194 vetus
1929 3144 2127 3194 nostra

500 3234 643 3288 mihi
676 3233 1043 3288 necessitudo
1074 3231 1544 3299 conciliat,quam
1570 3246 1797 3284 morum
1829 3246 1893 3284 ac
1923 3228 2126 3284 volun-

498 3323 636 3376 tatis
693 3319 1089 3376 irrevocabilis
1149 3319 1484 3387 malignitas
1534 3334 1772 3372 exosum
1810 3319 1962 3374 facit.
1993 3318 2130 3372 Novi

499 3411 650 3464 enim
688 3414 745 3464 et
777 3409 954 3479 probo
988 3407 1268 3477 sapientis
1324 3407 1583 3472 effatum,
1644 3405 1979 3472 sceleratos,
2031 3411 2128 3460 ut-

505 3513 733 3567 cunque
763 3495 1370 3564 intimi,quantumvis
1401 3494 1743 3566 cognatione
1777 3499 1876 3548 aut
1926 3494 2132 3564 quovis

504 3585 619 3640 alio
652 3584 736 3637 vel
767 3583 1091 3638 arctissimo
1137 3581 1440 3637 afﬁnitatis
1486 3581 1716 3636 vinculo
1756 3581 1950 3651 juncti
2001 3598 2130 3652 pro-

503 3673 654 3727 xime
680 3673 814 3737 sint,
847 3687 985 3725 cane
1010 3672 1176 3741 pejus
1207 3676 1263 3724 et
1293 3686 1478 3737 angue
1507 3668 1832 3740 fugiendos.
1865 3670 1973 3723 Sed
2003 3674 2132 3724 tan-

507 3761 686 3832 tisper
708 3762 876 3830 juvat
908 3760 1198 3814 remittere
1234 3775 1324 3812 me
1351 3774 1418 3812 ex
1449 3758 1760 3813 acerbitate
1790 3757 2131 3820 tanta,tibi-

507 3865 620 3920 que
679 3849 1084 3902 imminentem
1146 3847 1597 3918 detegendarum
1672 3861 1803 3899 mox
1859 3844 2132 3900 fraudum

507 3937 882 4007 ignominiam
919 3935 1414 4005 mitioriexemplo
1464 3949 1803 4005 proponere.
1855 3933 2137 4007 Mercator

506 4024 819 4095 aliquando
854 4041 1054 4078 navem
1089 4023 1319 4077 solvens
1349 4022 1407 4076 in
1461 4021 1871 4091 profectionem
1906 4021 2132 4091 longin-

508 4129 700 4183 quam,
728 4112 978 4167 laminos
1005 4111 1137 4165 ferri
1165 4110 1388 4181 probati
1423 4115 1659 4163 centum
1695 4110 1844 4178 apud
1880 4109 2132 4163 amicum

507 4200 969 4271 deposuit.Redit
1000 4198 1194 4254 salvus
1225 4203 1356 4269 post
1387 4213 1618 4250 menses
1654 4196 1959 4266 aliquot,et
1990 4197 2132 4251 ami-

507 4306 636 4343 cum
671 4289 949 4355 invisens,
978 4288 1048 4340 ab
1099 4302 1184 4354 eo,
1234 4285 1282 4340 si
1332 4286 1614 4348 videatur,
1659 4284 1987 4354 depositum
2048 4302 2134 4339 re-

507 4377 670 4448 petit.
705 4376 806 4431 Ille
859 4374 1134 4445 perfidus.
1177 4373 1275 4442 qui
1310 4373 1519 4426 ferrum
1570 4372 1790 4425 dudum
1833 4373 2132 4428 venditum

506 4467 563 4518 in
598 4481 715 4518 rem
751 4479 917 4517 suam
950 4466 1218 4524 verterat,
1256 4460 1514 4529 Ignosce,
1547 4461 1758 4528 inquit,
1792 4464 1846 4512 et
1895 4461 2134 4515 condole

506 4551 779 4605 humanis
807 4551 1060 4603 casibus.
1087 4548 1198 4617 Ego
1225 4553 1390 4600 tuum
1452 4547 1782 4616 depositum
1842 4548 2130 4616 apotheca:
2171 4547 2194 4563 "

503 4641 810 4694 tutissimae
843 4637 1277 4702 commiseram,
1311 4639 1502 4704 portas
1536 4638 1592 4688 et
1637 4650 1797 4688 seras
1847 4634 2136 4688 validissi-

506 4745 630 4781 mas
674 4727 967 4780 obducens
1014 4725 1290 4777 adversus
1348 4728 1613 4776 externos
1674 4721 1849 4790 fures,
1895 4722 2137 4794 ignarus

503 4815 812 4883 nequiores
835 4813 984 4882 apud
1021 4827 1106 4865 me
1127 4810 1284 4864 nasci
1311 4827 1374 4862 ac
1402 4811 1556 4862 domi
1585 4811 1893 4864 nundinari
1919 4810 2137 4864 latrun-

503 4903 668 4958 culos
700 4900 1226 4968 mures,quiquam
1282 4901 1422 4951 bene.
1467 4898 1680 4950 dentati
1743 4899 1857 4952 sint
1909 4899 2133 4952 labora-

507 4991 868 5061 bis,opinor,
910 4989 965 5041 in
1003 4988 1323 5053 credendo;
1389 5003 1519 5039 nam
1579 5002 1649 5038 ne
1705 4985 1843 5038 mihi
1899 4988 2132 5057 quidem

505 5077 841 5149 persuaderi
873 5075 1174 5145 potuisset,
1211 5073 1320 5126 nisi
1365 5073 1664 5127 vidissem.
1725 5073 1903 5127 Narro
1936 5080 2132 5131 autem

504 5183 633 5237 quze
664 5166 844 5219 oculis
882 5179 1133 5235 praesens
1165 5161 1386 5230 subjeci
1441 5178 1454 5216 :
1506 5160 1748 5216 Circiter
1801 5171 1925 5232 post
1971 5180 2132 5218 men-

504 5271 626 5308 sem
662 5271 837 5323 quam
873 5251 1122 5304 laminas.
1163 5253 1296 5302 tuas
1340 5250 1395 5302 in
1446 5253 1572 5302 tuto
1630 5266 2022 5319 reposueram,
2075 5252 2132 5306 in

502 5344 773 5397 intimum
809 5341 953 5395 illud
1000 5342 1301 5410 ingressus
1357 5337 1673 5407 penetrale,
1727 5342 1948 5409 reperio
1980 5357 2129 5410 ecce,

505 5436 710 5489 miram
758 5433 910 5486 rem!
946 5429 1161 5486 comesi
1201 5447 1232 5484 a
1272 5428 1560 5482 soricibus
1594 5429 1724 5482 ferri
1743 5431 2130 5499 exiguasdun-

502 5527 662 5578 taxat
689 5520 982 5589 reliquias,
1027 5525 1082 5572 et
1112 5517 1245 5571 vilia
1291 5515 1430 5569 nulli
1484 5515 1563 5568 rei
1624 5515 1787 5570 utilia
1846 5526 2126 5576 ramenta.

499 5612 718 5667 Verum
754 5626 865 5662 non
899 5624 966 5664 ea
997 5606 1141 5660 tanti
1174 5610 1296 5660 tota
1335 5605 1567 5658 demum
1611 5605 1840 5675 jactura
1898 5612 2006 5676 est,
2064 5615 2126 5663 ut

2228 559 2468 626 debeat;
2535 560 2954 616 obliviscamur
3013 563 3142 626 ista,
3199 567 3257 617 et
3315 561 3546 614 soteria
3589 563 3704 612 tua
3757 557 3905 609 cele-

2233 645 2473 700 bremus
2507 647 2744 714 hilares,
2791 667 2908 704 una
2939 651 3126 704 simus
3160 649 3331 704 hodie
3364 650 3438 702 ad
3475 663 3752 701 cmnam.
3789 649 3909 702 Div.

2229 735 2421 800 sodes,
2473 737 2701 806 spernis
2751 737 3029 805 sodalem,
3061 754 3133 790 an
3165 741 3592 807 exspectamus
3641 740 3706 788 te
3732 734 3762 786 ’ἲ
3785 738 3909 786 Hac

2234 829 2518 876 mercator
2548 825 2812 892 audiens,
2850 826 2953 880 etsi
2991 825 3220 896 penitus
3253 823 3724 894 indignabatur,
3779 822 3902 874 inﬁ-

2231 910 2466 964 ciatoris
2503 912 2926 981 impudentiam
2978 914 3298 978 admirans,
3352 913 3504 966 iram
3563 916 3781 964 tamen
3855 912 3900 962 ir.

2233 1003 2520 1069 potestate
2551 999 2772 1068 habuit,
2832 1007 2888 1054 et
2943 1001 3067 1056 suis
3111 1003 3294 1054 furem
3356 1001 3597 1053 artibus
3658 998 3903 1067 aggredi

2233 1092 2445 1151 certus,
2479 1088 2842 1142 occasionem
2885 1089 3232 1159 exsequendi
3267 1088 3586 1150 meditata,
3621 1087 3690 1138 in
3748 1102 3901 1138 coena

2234 1173 2347 1228 ista
2379 1175 2446 1228 ad
2483 1192 2656 1244 quam
2691 1176 3067 1242 invitabatur,
3124 1176 3480 1229 offerendam
3537 1176 3663 1228 sibi
3715 1180 3901 1226 ratus.

2233 1261 2459 1316 vocanti
2495 1263 2735 1316 comiter
2765 1263 3051 1334 promisit.
3105 1264 3252 1317 Tum
3289 1261 3466 1332 paulo
3495 1267 3644 1314 ante
3682 1263 3904 1314 consti-

2232 1353 2423 1403 tutum
2450 1350 2783 1415 adveniens,
2816 1351 3114 1404 ludentem
3149 1351 3206 1404 in
3239 1349 3386 1404 ostio
3447 1349 3670 1419 perfidi
3734 1349 3900 1401 amici

2234 1437 2476 1490 filiolum
2513 1443 2742 1502 nactus,
2777 1437 3144 1493 familiariter
3173 1439 3230 1491 in
3265 1437 3435 1491 ulnas
3463 1436 3792 1491 sublatum
3845 1436 3899 1488 in

2233 1541 2400 1578 suam
2433 1526 2668 1580 domum
2698 1526 2907 1596 aufert,
2939 1532 2997 1580 et
3039 1527 3163 1580 suis
3191 1525 3268 1578 ibi
3327 1524 3654 1594 diligenter
3711 1539 3902 1576 asser-

2233 1613 2487 1666 vandum
2521 1615 2896 1667 commendat
2927 1613 3143 1683 pueris.
3197 1613 3486 1666 Reversus
3529 1613 3710 1665 vultu
3751 1611 3902 1664 reni-

2235 1699 2414 1764 denti,
2443 1705 2704 1771 paratum
2739 1716 2801 1754 se
2835 1701 2905 1754 ad
2937 1700 3428 1754 discumbendum
3463 1700 3661 1752 offert.
3701 1702 3779 1753 At
3810 1715 3903 1768 pa-

2235 1788 2605 1852 terinfantis,
2638 1790 2766 1856 ejus
2812 1789 3078 1842 absentia
3131 1787 3442 1851 sollicitus,
3494 1788 3711 1840 statim
3779 1788 3899 1839 viso

2235 1881 2597 1930 mercatore:
2633 1876 2825 1930 Heus!
2873 1892 2988 1946 quo
3047 1875 3256 1943 inquit,
3301 1874 3620 1945 pusionem
3677 1876 3894 1944 depor-

2231 1963 2418 2018 tasti‘?
2471 1981 2603 2018 nam
2638 1969 2692 2018 te
2723 1963 3038 2017 abstulisse
3087 1962 3273 2032 geruli
3330 1967 3684 2016 narrarunt.
3747 1963 3893 2015 Tum

2234 2053 2668 2118 mercator,llcu
2703 2068 2902 2105 casum
2936 2051 3260 2105 infelicem!
3298 2050 3660 2104 exclamavit
3716 2066 3730 2102 :
3781 2055 3893 2102 sta-

2231 2141 2337 2193 tim
2372 2139 2629 2194 sedatius
2660 2139 3461 2209 subjungens:Referendum
3496 2138 3661 2191 enim
3700 2143 3765 2190 et
3796 2153 3896 2206 ego

2235 2228 2415 2281 habeo
2483 2227 3021 2296 inOpinatissimum
3094 2232 3149 2280 et
3221 2226 3325 2280 tibi
3386 2225 3480 2278 vix
3531 2224 3886 2278 credibilem

2231 2319 2521 2370 eventum.
2555 2317 2847 2369 Teneham
2898 2316 3164 2384 amplexu
3224 2315 3504 2368 suavians
3546 2312 3888 2383 parvulum,

2233 2420 2365 2458 cum
2397 2404 2674 2474 accipiter
2702 2403 3211 2474 impeludevolans
3265 2407 3534 2471 ereptum
3587 2418 3621 2455 e
3662 2402 3888 2471 gremio

2233 2492 2411 2549 altum
2445 2495 2657 2563 rapuit,
2718 2491 3085 2564 avolavitque
3143 2491 3338 2546 nescio
3395 2506 3533 2560 quo,
3590 2490 3890 2560 disparuit

2231 2581 2448 2651 quippe
2497 2597 2562 2634 ex
2621 2580 2806 2635 oculis
2849 2580 3154 2635 citissime.
3216 2581 3428 2650 Apage,
3479 2583 3738 2632 vocator
3791 2577 3883 2640 ait,

2233 2685 2416 2736 nugas
2448 2669 2612 2732 istas,
2643 2669 2815 2723 redde
2845 2668 2927 2722 sis
2959 2669 3236 2722 infantem
3271 2684 3283 2720 :
3317 2665 3634 2737 accipitres
3667 2681 3881 2735 pueros

2235 2757 2726 2828 rapiant,scilicet.
2753 2756 2960 2819 Quidni
2995 2755 3267 2825 rapiant?
3299 2754 3530 2824 reponit
3562 2759 3883 2814 mercator,

2234 2845 2452 2900 ironico
2485 2845 2702 2910 arrisu;
2732 2843 3000 2914 equidem
3035 2859 3102 2897 ex
3133 2859 3266 2912 quo,
3302 2846 3365 2896 ut
3397 2858 3726 2902 memoras,
3797 2858 3884 2894 ro-

2235 2934 2366 2988 dere
2417 2949 2614 2987 mures
2673 2933 2887 2986 ferrum
2947 2935 3262 3001 cceperunt,
3323 2930 3521 2984 eadem
3571 2934 3879 2982 astrorum

2234 3021 2323 3075 vis
2355 3037 2570 3075 arcana
2590 3037 2720 3090 quas
2745 3021 2948 3074 dentes
2987 3021 3243 3073 sericum
3285 3018 3702 3072 adamantinos
3757 3019 3884 3070 red-

2235 3108 2403 3171 didit,
2440 3125 2664 3179 ungues
2697 3124 2925 3179 quoque
2986 3107 3274 3161 falconum
3336 3122 3447 3159 zrre
3504 3110 3629 3159 tam
3689 3106 3884 3175 rigido

2240 3198 2508 3263 armavit,
2543 3202 2606 3250 ut
2629 3199 2751 3266 jam
2804 3195 2891 3249 vel
2935 3195 3274 3266 elephantes
3305 3194 3360 3248 in
3397 3193 3582 3248 altum
3644 3193 3879 3248 tollant.

2238 3285 2332 3340 Sic
2361 3285 2542 3355 igitur
2563 3285 2730 3350 habe,
2763 3284 2886 3353 pari
2925 3282 3211 3337 ambobus
3244 3281 3412 3336 nobis
3441 3297 3583 3334 casu
3632 3282 3878 3351 periisse

2238 3374 2381 3428 mihi
2414 3375 2650 3439 ferrum,
2705 3372 2810 3425 tibi
2845 3371 3049 3426 filium.
3097 3370 3497 3435 Deprehensus
3554 3369 3715 3422 dicto
3778 3386 3874 3422 ne-

2237 3461 2395 3524 bulo,
2458 3460 2688 3514 nonnisi
2765 3459 3032 3530 abnegati
3103 3457 3347 3528 depositi
3406 3455 3706 3526 persoluto
3770 3457 3875 3511 rite

2238 3549 2420 3620 pretio
2453 3558 2650 3602 natum
2685 3547 2932 3616 denique
2963 3547 3198 3615 recepit.

2310 3669 2710 3725 XXIX.Talem
2744 3675 2799 3724 et
2821 3675 2875 3724 te
2894 3670 3291 3724 confusionem
3312 3673 3647 3738 exspectare
3675 3669 3880 3736 jubeo,

2239 3758 2357 3814 tuis
2389 3760 2626 3812 tandem
2662 3758 2966 3812 fraudibus
2994 3756 3431 3826 mendaciisque
3469 3755 3882 3825 deprehensis.

2237 3847 2348 3901 Sed
2380 3845 2507 3900 lavo
2538 3846 2778 3900 laterem
2821 3846 2940 3900 haec
2996 3845 3341 3908 admonens,
3371 3859 3702 3913 aquamque
3737 3845 3894 3914 pari-

2239 3939 2324 3988 ter
2356 3941 2524 4003 atque
2555 3950 2788 4006 operam
2823 3934 2878 3986 in
2911 3934 3260 4004 detergenda
3301 3930 3581 4001 Ethiopis
3617 3932 3883 4000 nigredi-

2242 4041 2333 4089 ne,
2394 4039 2522 4092 quae
2584 4023 2815 4092 penitus
2861 4026 3129 4076 concreta
3181 4019 3342 4074 nullo
3394 4018 3543 4073 nitro
3601 4019 3875 4073 delebilis

2241 4111 2494 4175 inolevit,
2531 4111 2726 4181 perdo.
2760 4110 2854 4164 Sic
2878 4110 3049 4164 homo
3081 4108 3292 4174 malus,
3330 4111 3640 4179 postquam
3677 4109 3878 4160 omnia

2241 4200 2574 4266 tentaveris,
2611 4196 2754 4251 nihil
2788 4197 3025 4252 demum
3059 4196 3213 4251 aliud
3247 4211 3423 4266 quam
3459 4195 3630 4248 homo
3689 4196 3878 4248 malus

2244 4293 2374 4342 est:
2411 4292 2473 4341 ut
2495 4303 2728 4357 pomum
2773 4285 3068 4350 acerbum,
3117 4289 3416 4354 utcunque
3461 4283 3658 4353 ipsum
3708 4285 3875 4337 melle

2244 4377 2456 4446 saipius
2488 4376 2735 4442 oblinas,
2761 4375 3034 4429 acerbum
3060 4379 3253 4427 tamen
3295 4376 3490 4426 manet
3521 4388 3534 4426 :
3571 4389 3689 4424 non
3722 4372 3874 4426 enim

2247 4471 2474 4520 mutare
2509 4468 2773 4517 naturam
2808 4462 3081 4534 applicita
3112 4461 3363 4516 exterius
3396 4465 3584 4532 potest
3635 4461 3875 4513 unctio:

2249 4559 2347 4606 aut
2378 4553 2487 4606 mel
2516 4554 2571 4605 in
2605 4551 2908 4621 superﬁcie
2965 4551 3274 4620 atl‘rictum,
3300 4549 3625 4604 amaritiem
3683 4565 3878 4602 emen-

2246 4643 2381 4695 dare
2403 4639 2558 4694 succi
2577 4639 3233 4711 maligni,substantiam
3258 4638 3520 4692 intimam
3540 4636 3878 4691 inlicientis.

2245 4733 2430 4796 Quare
2461 4728 2644 4781 satius
2675 4728 3091 4797 est,desperata
3120 4727 3419 4782 curatione
3450 4725 3877 4795 improborum,

2246 4819 2508 4872 recedere
2538 4817 2610 4871 ab
2640 4832 2835 4870 eorum
2865 4815 3322 4880 consuetudine;
3356 4814 3692 4882 versarique
3744 4829 3874 4866 rum

2245 4906 2412 4960 bonis
2441 4910 2497 4958 et
2527 4902 3294 4958 innocentibus.Periculum
3328 4903 3481 4955 enim
3515 4906 3603 4954 est
3630 4917 3704 4953 ne
3730 4918 3878 4953 mor-

2243 4993 2349 5044 bus
2371 4989 2712 5059 contagione
2745 4995 3115 5059 propagetur,
3176 4995 3234 5042 et.
3283 4990 3408 5042 sani
3443 5004 3872 5056 supervacanea

2243 5078 2428 5132 seduli
2463 5077 2822 5146 injuvaudis
2873 5077 3042 5148 aegris
3087 5077 3440 5138 istiusmodi,
3493 5093 3594 5129 nec
3645 5078 3875 5144 prosint

2240 5167 2381 5235 illis,
2414 5171 2470 5219 et
2500 5166 2610 5218 sibi
2647 5170 2926 5230 noceant;
2959 5181 3025 5219 ac
3055 5165 3104 5218 si
3138 5165 3332 5218 minus
3374 5163 3685 5233 languores
3714 5164 3874 5231 ipso-

2241 5272 2364 5308 rum
2403 5253 2782 5320 contrahant;
2812 5256 2965 5306 certe
2996 5253 3171 5307 afﬂati
3209 5252 3360 5306 malo
3411 5267 3480 5304 ex
3528 5249 3600 5303 iis
3630 5249 3874 5304 halante

2241 5344 2436 5407 odore,
2472 5341 2722 5405 feteant;
2757 5356 2868 5394 non
2904 5341 3057 5394 enim
3090 5341 3236 5394 bene
3284 5339 3435 5393 olere
3494 5343 3741 5406 possunt
3769 5339 3872 5408 qui

2241 5429 2470 5483 latrinis
2502 5433 2602 5481 aut
2630 5427 2843 5481 cloacis
2869 5429 3148 5493 assident,
3184 5434 3249 5481 ut
3293 5444 3324 5482 e
3375 5427 3664 5479 contrario
3726 5443 3875 5480 nun-

2241 5533 2415 5588 quam
2475 5517 2639 5570 abest
2681 5515 2818 5585 quin
2874 5516 3127 5570 suaviter
3183 5517 3404 5588 spirent
3450 5517 3545 5584 qui
3597 5512 3871 5583 seplasiis

2242 5605 2724 5660 aromatariorum
2785 5603 3187 5659 immorantur.
3248 5604 3361 5660 Nec
3385 5618 3475 5657 me
3504 5602 3654 5672 fugit
3685 5618 3866 5670 quam
