4108 6294
222 359 353 415 1281

1232 360 1593 412 SPECIMEN
1633 359 2030 411 SAPIENTIE
2068 356 2399 410 lNDORUM
2436 357 2599 409 VET.

3463 355 3488 408 1
3498 355 3603 407 282

222 482 380 537 nulla
406 500 541 553 spes
572 481 848 552 aﬂ‘ulgeat
879 483 1015 537 huic
1032 499 1178 537 vano
1201 487 1257 536 et
1288 481 1432 535 mihi
1464 480 1632 535 noxio
1662 479 1845 535 labori
1877 488 1928 548 Α
1962 496 2082 546 rus,
2107 480 2318 534 nedum
2353 493 2594 548 regnare
2629 476 2760 531 felix
2783 482 3034 547 poteras.
3070 480 3255 543 Quare
3298 479 3447 531 refer
3467 480 3601 533 ani-

227 589 375 636 meo,
408 570 605 641 gratia:
639 570 847 624 saltem
881 571 1149 625 ineundae
1175 588 1208 624 a
1236 575 1309 636 te,
1332 585 1506 640 quem
1530 569 1649 624 scio
1673 567 1860 638 gravi-

227 663 311 714 ter
339 659 550 712 offendi
588 658 825 712 monitis
857 658 1017 712 hisce
1050 658 1208 723 meis,
1242 674 1305 711 ac
1339 673 1409 711 ne
1439 658 1586 711 ferre
1626 656 1861 726 quidem

225 746 472 801 libenter
518 751 895 816 conspectum
948 762 1165 799 meum.
1209 745 1300 798 Sic
1349 745 1504 798 enim
1555 759 1858 813 compara-

229 838 353 889 tum
395 839 605 888 natura
653 840 762 901 est,
800 838 862 887 ut
920 834 1131 903 ingrati
1195 838 1398 886 mutuo
1449 832 1569 885 sint
1628 836 1861 885 contra-

226 923 441 976 riorum
494 938 820 976 occursus:
883 926 937 976 et
987 920 1154 975 stulti
1207 920 1583 989 sapientium,
1643 919 1860 973 indocti

224 1010 625 1075 eruditorum,
679 1010 832 1079 parci
888 1008 1222 1079 largorum,
1272 1007 1587 1061 irritabiles
1636 1007 1863 1076 patien-

226 1103 371 1163 tum,
423 1114 773 1166 congressus
823 1102 1184 1163 aversentur,
1245 1100 1301 1149 et
1342 1095 1685 1149 exhorreant
1731 1094 1857 1147 visu

226 1186 351 1254 ipso
411 1186 577 1253 quasi
642 1185 832 1238 avium
896 1185 1133 1237 infausti
1194 1183 1461 1253 augurii.
1523 1182 1650 1235 Haec
1702 1180 1860 1235 locu-

230 1277 326 1326 tus
385 1272 708 1326 Coronatus
767 1274 1019 1326 recesuit
1062 1274 1320 1325 domum.
1370 1270 1649 1323 Caeterum
1685 1269 1862 1323 inter-

228 1362 374 1415 fecto
395 1365 581 1428 tauro,
599 1360 793 1415 statim
819 1360 1044 1414 leonem
1062 1360 1192 1413 facti
1212 1358 1500 1429 pmnituit,
1522 1357 1861 1411 exstabant-

223 1466 337 1519 que
365 1450 417 1501 in
440 1448 567 1517 ejus
590 1448 752 1502 vultu
784 1465 901 1502 non
924 1446 1401 1502 obscuraindicia
1426 1444 1711 1510 mceroris;
1736 1460 1861 1514 quae

225 1555 358 1592 cum
379 1538 748 1591 observasset
774 1537 1228 1591 scelestissimus
1259 1534 1609 1605 Vestigator,
1660 1538 1716 1587 et
1750 1532 1863 1587 sibi

227 1625 379 1697 male
406 1625 675 1679 conscius
707 1631 990 1679 metueret
1021 1642 1088 1678 ne
1122 1623 1488 1678 retractanda
1513 1621 1665 1675 tauri
1688 1637 1865 1675 causa

226 1713 448 1783 aliquid
481 1714 868 1782 detegeretur,
910 1714 1064 1782 quod
1108 1729 1214 1766 sua
1264 1712 1514 1765 maxime
1557 1710 1865 1764 interesset

1970 586 2131 623 mum
2165 570 2235 622 ad
2260 569 2644 623 constantiam
2670 572 2726 621 te
2749 568 3006 637 dignam,
3031 574 3106 632 et,
3130 584 3374 622 excussa
3396 568 3601 624 mulie-

1971 656 2057 710 bri
2092 657 2357 722 mollitie,
2391 655 2684 727 gratulare
2718 657 2823 710 tibi
2844 660 2901 710 et
2933 656 3099 709 nobis
3130 658 3603 711 cornmunemfe-

1968 743 2269 810 licitatem,
2302 761 2403 814 pro
2464 749 2618 797 certo
2652 744 2895 809 habens,
2953 743 3009 797 id
3051 745 3203 813 quod
3267 749 3458 797 actum
3520 749 3607 799 est

1970 832 2363 885 necessarium
2401 831 2724 885 remedium
2762 831 2898 884 mali
2931 831 3265 901 gravissimi
3300 831 3501 886 fuisse.
3536 833 3608 887 Ut

1967 918 2121 972 enim
2152 920 2481 973 membrum
2513 920 2665 990 quod
2698 919 2890 989 vipera
2934 919 3267 985 momordit,
3317 920 3427 974 nisi
3480 938 3609 974 sca—

1969 1008 2247 1076 riﬁcetur,
2282 1014 2385 1063 aut
2423 1010 2597 1061 etiam
2646 1009 3015 1078 praecidatur,
3063 1024 3351 1063 venenum
3405 1028 3604 1081 propa-

1968 1100 2066 1165 gat
2123 1096 2179 1148 in
2243 1112 2455 1164 corpus
2512 1096 2826 1165 reliquum,
2888 1097 3075 1165 quoad
3136 1097 3195 1149 in
3255 1096 3380 1167 ipso
3434 1101 3604 1153 corde

1969 1184 2142 1236 vitam
2175 1185 2524 1251 exstinguat,
2554 1182 2637 1236 sic
2669 1187 2876 1237 taurus
2900 1185 3005 1235 iste
3026 1185 3273 1254 negotiis
3307 1203 3339 1238 a
3372 1190 3426 1239 te
3458 1204 3607 1256 pra:-

1970 1272 2219 1340 positus,
2254 1275 2369 1325 ete
2414 1271 2694 1325 membris
2755 1277 2964 1325 nostrae
3026 1272 3353 1340 reipubliczs
3416 1276 3611 1344 praeci-

1970 1378 2178 1432 puum,
2210 1361 2696 1431 indulgentiatua
2726 1362 2938 1425 factus,
2984 1366 3293 1432 postquam
3346 1364 3609 1433 viperino

1971 1449 2223 1519 quodam
2251 1449 2652 1521 ingratissima;
2675 1448 3097 1503 invidiaalivore
3118 1466 3303 1520 usque
3326 1452 3394 1504 ad
3411 1452 3608 1505 odium

1972 1537 2057 1590 tui
2114 1541 2170 1589 et
2232 1537 2525 1590 nefarium
2584 1536 2899 1590 insidiandi
2958 1538 3089 1590 vitae
3128 1542 3238 1591 tua;
3297 1538 3609 1593 consilium

1972 1622 3010 1692 cxtabuit,abscindimaturedebuit,
3036 1640 3105 1677 ne
3132 1628 3314 1677 totum
3341 1640 3609 1695 regnum.

1973 1714 2029 1763 et
2058 1718 2113 1764 te
2147 1711 2419 1775 maxime,
2452 1728 2551 1765 cor
2599 1727 2663 1764 ac
2695 1715 2870 1780 caput
2920 1710 3099 1779 hujus
3144 1713 3424 1783 corporis,
3461 1714 3611 1769 male

230 1801 524 1855 occultum
566 1817 923 1870 permanere,
960 1798 1455 1854 conﬁdentissime
1488 1798 1713 1851 leonem
1758 1797 1857 1850 ad-
1900 1823 1941 1884 Β
1976 1802 2258 1873 perderet.
2304 1803 2382 1856 Ea
2430 1800 2637 1871 perfidi
2688 1803 3026 1855 veteratoris
3071 1803 3225 1856 dicta
3276 1803 3427 1858 leoni
3474 1810 3613 1859 tunc

228 1892 374 1944 iens:
400 1890 548 1955 Quid
575 1893 651 1956 te,
685 1888 895 1957 inquit,
931 1887 1185 1951 domine,
1216 1885 1445 1940 tristem
1503 1885 1668 1939 video
1729 1900 1863 1937 cum

228 1984 447 2052 injuria
480 1984 742 2049 fortunas,
777 1982 871 2036 cui
901 1981 946 2036 si
980 1985 1200 2051 gratus,
1238 1984 1301 2034 ut
1334 1980 1529 2047 debes,
1582 1994 1710 2032 esse
1755 1976 1863 2042 vis,

231 2085 548 2140 agnoscere
605 2074 662 2123 et
695 2068 1005 2138 praedicare
1061 2072 1116 2120 te
1169 2070 1396 2135 oportet
1454 2080 1749 2118 summum
1811 2067 1868 2116 et

231 2156 706 2209 recentissimum
753 2156 880 2223 ejus
908 2152 1278 2221 beneﬁcium,
1309 2168 1423 2222 quo
1470 2168 1503 2204 a
1546 2150 1867 2221 proditione

228 2243 581 2313 insidiisque
612 2242 763 2297 tauri
828 2246 1095 2295 servatus
1130 2257 1211 2294 es.
1240 2243 1310 2294 At
1366 2244 1426 2293 tu
1462 2244 1667 2294 contra
1724 2237 1867 2292 mihi

229 2332 473 2397 videris,
507 2331 675 2385 fatuae
708 2329 938 2383 cuidam
990 2328 1304 2397 indulgens
1353 2328 1544 2381 cordis
1585 2326 1866 2380 teneritu«

230 2418 398 2487 dini,
476 2418 713 2472 fallaces
775 2415 1136 2471 insidiatoris
1204 2414 1499 2469 vaferrimi
1557 2412 1869 2467 blanditias

230 2506 545 2571 recordari,
571 2507 833 2575 adeoque
858 2521 1002 2575 pene
1024 2502 1359 2557 desiderare
1382 2503 1546 2572 justo
1579 2499 1868 2571 supplicio

230 2599 624 2664 peremptum,
660 2610 775 2664 quo
807 2591 1085 2646 incolumi
1120 2607 1190 2645 ne
1217 2590 1404 2645 vivere
1436 2589 1670 2661 quidem
1705 2603 1869 2642 secu-

1975 1887 2321 1959 scrupulum
2347 1892 2704 1948 exemerunt.
2730 1888 2810 1942 ita
2834 1893 2895 1941 ut
2920 1905 3151 1958 aequum
3170 1891 3293 1958 jam
3325 1892 3609 1959 animum,

1976 1980 2041 2029 ut
2072 1979 2225 2040 ante,
2260 1976 2513 2045 negotiis
2557 1976 2900 2039 adverteret,
2948 1992 3265 2044 persuasus
3327 1980 3613 2035 meruisse

1976 2068 2210 2117 taurum
2242 2079 2367 2132 quae
2388 2080 2598 2133 passus
2623 2063 2827 2117 fuerat.
2858 2062 2958 2116 His
2978 2065 3466 2136 gymnosophista
3488 2083 3612 2137 per.

1976 2151 2154 2207 oratis
2212 2152 2672 2221 disputationem
2732 2151 3086 2206 concludens
3147 2154 3264 2224 regi
3308 2155 3504 2210 dixit:
3549 2157 3613 2211 In

1977 2236 2132 2291 hunc
2165 2239 2426 2303 modum,
2460 2238 2715 2307 domine,
2748 2239 2900 2308 quod
2927 2240 3262 2309 quaesieras,
3288 2242 3461 2297 homo
3485 2260 3613 2298 sce-

1978 2325 2197 2380 leratus
2228 2331 2285 2381 et
2318 2327 2549 2381 invidus
2584 2330 2727 2380 duos
2776 2330 2947 2381 antea
2981 2327 3131 2381 inter
3178 2346 3239 2383 se
3298 2333 3614 2387 concordes

1978 2414 2359 2471 calumniosis
2392 2415 2660 2469 artiﬁciis
2692 2415 2935 2471 invicem
2968 2419 3301 2484 committit,
3339 2437 3407 2474 ex
3430 2421 3621 2475 aliena

1979 2506 2036 2555 et
2066 2520 2217 2574 saepe
2249 2503 2481 2574 publica
2510 2503 2843 2557 calamitate
2902 2504 3190 2574 privatum
3246 2507 3619 2564 astutissime

1983 2595 2273 2659 quaestum
2305 2596 2569 2662 captans.

1348 2822 1868 2884 DISSERTATIO
1894 2822 2389 2884 PARABOLICA
2420 2825 2501 2881 II.

239 2942 579 3015 Ezrprimit
634 2939 958 3017 ingenium
1014 2943 1112 2995 rei
1168 2937 1431 2996 audacis
1479 2946 1539 2995 et
1594 2938 1817 2998 callidi
1872 2945 1944 2997 in
1990 2938 2298 3000 eludendo
2352 2937 2619 3005 iudicio,
2678 2945 2739 2993 et
2794 2938 3183 2997 demonstrat
3241 2946 3474 3001 inutile
3535 2946 3622 3002 ad

1249 3026 1602 3075 extremum
1630 3037 1754 3075 esse
1786 3027 1987 3077 totum
2028 3019 2202 3077 istud
2232 3020 2603 3093 artiﬁcium.

312 3140 464 3195 Dixit
490 3146 685 3194 autem
718 3157 815 3195 rex
846 3139 1359 3211 gymnosophistae:
1393 3139 1675 3209 Cuperem
1705 3141 1873 3195 audi-
1906 3152 1949 3218 ρ
1989 3140 2217 3212 pungit,
2248 3155 2460 3209 corpus
2490 3137 2683 3208 ipsum
2716 3138 2905 3193 exedit
2926 3144 2982 3193 et
3014 3147 3287 3197 macerat.
3342 3144 3620 3202 Praeterea

239 3245 301 3283 re
335 3228 475 3299 quid
527 3229 877 3298 Vestigatori
930 3227 1183 3281 evenerit
1214 3231 1346 3297 post
1372 3243 1570 3281 necem
1604 3228 1777 3282 tauri.

322 3317 366 3370 .l.
402 3316 721 3387 Respondit
749 3314 1249 3385 gymnOSOphista:
1275 3314 1473 3368 Occiso
1504 3318 1692 3381 tauro,
1718 3318 1883 3369 nocte

244 3405 506 3475 quadam
583 3420 851 3473 egressus
938 3401 1289 3472 leopardus,
1366 3402 1467 3472 qui
1540 3401 1679 3457 olim
1760 3404 1883 3456 fue-

245 3496 338 3545 rat
372 3491 650 3563 magister
706 3491 912 3558 leonis,
943 3494 999 3543 et
1046 3495 1184 3543 tunc
1241 3489 1394 3543 inter
1442 3489 1569 3559 ejus
1614 3488 1882 3543 consilia-

241 3579 362 3633 rios
398 3579 637 3633 intimos
660 3578 771 3631 fide
794 3584 969 3648 atque
990 3576 1328 3631 auctoritate
1352 3578 1680 3648 praecipuus
1702 3576 1883 3631 habe-

242 3668 445 3736 batur,
478 3666 762 3738 applicuit
808 3682 1006 3721 aurem
1042 3665 1187 3719 forte
1230 3668 1521 3720 transiens
1562 3667 1632 3719 ad
1667 3665 1883 3719 ostium

243 3755 656 3825 Vestigatoris,
688 3771 754 3809 eo
786 3755 1158 3809 commodum
1190 3757 1451 3823 tempore
1473 3770 1587 3821 quo
1618 3770 1685 3809 ea
1713 3757 1882 3808 Coro-

246 3848 477 3899 nantus
500 3843 548 3897 ei
583 3858 914 3907 succesens,
961 3841 1331 3911 loquebatur,
1353 3857 1478 3911 quae
1513 3840 1682 3895 retuli
1711 3840 1883 3911 paulo

236 3932 543 4003 superius.
575 3930 808 3984 Audivit
839 3930 1012 3997 igitur
1041 3928 1482 3999 exprobrantem
1537 3928 1882 3999 Vestigatori

235 4022 600 4076 Coronatum
640 4019 925 4090 malignas
970 4022 1123 4073 artes
1170 4017 1407 4087 quibus,
1442 4017 1667 4072 invidiae
1709 4025 1883 4089 atque

234 4109 375 4163 odio
408 4107 725 4178 indulgens
768 4106 1037 4177 prOpriis,
1073 4114 1302 4159 laurum
1355 4105 1720 4161 innocentem
1771 4110 1882 4163 cir-

235 4199 639 4259 cumvenerat,
675 4195 899 4249 leonem
934 4194 1048 4247 fido
1078 4198 1135 4247 et
1167 4192 1293 4246 utili
1329 4192 1597 4247 ministro
1630 4196 1883 4264 privave-

236 4289 352 4338 rat:
391 4282 853 4337 comminantem
887 4283 1061 4336 etiam
1095 4282 1240 4334 iram
1278 4282 1540 4350 deorum,
1592 4286 1649 4336 et
1696 4300 1882 4355 augu-

234 4376 476 4426 rantem
511 4370 559 4424 ei
589 4388 621 4423 a
652 4370 815 4424 leone
845 4369 972 4439 ipso
1018 4383 1188 4438 quem
1253 4369 1575 4438 deceperat,
1635 4370 1879 4441 dignum

232 4477 346 4513 suo
382 4458 601 4512 scelere
633 4458 1008 4529 supplicium.
1042 4461 1173 4510 stc
1213 4457 1525 4525 leopardus
1583 4458 1881 4529 inepinato

229 4545 480 4616 cognita
510 4545 711 4598 statim
750 4560 961 4598 arcano
1011 4543 1220 4598 detulit
1266 4544 1335 4596 ad
1377 4543 1561 4598 leonis
1613 4550 1879 4603 matrem.

230 4634 484 4688 Interim
518 4638 712 4686 autem
748 4632 832 4686 leo
854 4631 993 4702 quid
1025 4632 1244 4700 egisset
1276 4637 1574 4701 reputans,
1628 4633 1878 4689 revolve-

230 4723 417 4775 batur
447 4720 507 4773 in
538 4719 893 4773 desiderium
927 4719 1114 4772 tauri:
1147 4734 1248 4772 nec
1289 4718 1508 4772 ultimae
1552 4719 1663 4773 illa:
1695 4720 1879 4776 Vesti-

228 4810 461 4877 gatoris
486 4824 659 4862 voces
685 4808 808 4876 jam
838 4810 1069 4861 tantum
1094 4807 1245 4875 apud
1279 4807 1407 4874 ejus
1436 4806 1697 4861 animum
1722 4809 1875 4863 vale-

230 4897 406 4962 bant,
435 4901 500 4950 ut
530 4911 645 4949 non
680 4895 806 4965 ipse
832 4894 1161 4964 Vestigator
1192 4894 1415 4947 fraudis
1437 4897 1609 4962 atque
1642 4896 1876 4951 insidia-

228 5001 365 5037 rum
403 4982 742 5053 suspicione
773 4981 1083 5037 laboraret.
1116 4983 1258 5036 Cum
1294 4981 1405 5035 ista
1435 4983 1649 5035 mentis
1673 4984 1869 5037 conﬂi-

227 5078 494 5129 ctantem
520 5072 866 5143 aegritudine
890 5071 1161 5127 convenit
1192 5075 1455 5125 materna
1478 5071 1875 5127 familiaritate

222 5178 432 5232 regem
471 5161 697 5215 leonem
726 5161 851 5230 ejus
901 5177 1109 5229 parens
1144 5164 1238 5226 ;et
1282 5164 1558 5213 maestum
1608 5159 1774 5214 illum
1806 5177 1874 5215 ea

226 5266 416 5321 quam
437 5250 557 5302 dixi
578 5265 772 5313 causa,
798 5248 1155 5316 conspicata,
1180 5247 1420 5301 Vultum
1448 5248 1870 5315 habes,inquit,

221 5340 333 5399 lili,
370 5338 613 5392 solliciti
646 5354 710 5391 ac
745 5338 893 5391 male
924 5338 1033 5392 sibi
1064 5337 1303 5393 conscii:
1340 5339 1493 5407 quod
1521 5336 1789 5406 equidem
1818 5344 1873 5392 et

220 5428 416 5480 miror
448 5430 507 5478 et
531 5442 677 5495 aegre
706 5426 847 5491 fero,
875 5426 1020 5479 satis
1042 5442 1244 5496 gnara,
1278 5426 1420 5479 nihil
1448 5426 1628 5495 magis
1652 5426 1867 5479 valetu-

217 5514 351 5569 dini
385 5515 698 5566 adversum
734 5528 909 5581 quam
938 5528 1137 5567 curam
1172 5529 1387 5579 acrem,
1436 5517 1491 5566 et
1545 5513 1866 5581 praesertim

215 5599 643 5672 paenitentiam
675 5596 964 5662 inutilem,
996 5615 1122 5668 quas
1155 5600 1292 5653 dum
1329 5598 1592 5653 animum
1630 5597 1867 5653 moleste

1992 3231 2144 3301 quod
2180 3228 2566 3299 perniciosum
2599 3227 2684 3280 vel
2718 3227 2970 3283 maxime
3011 3231 3277 3301 regnanti
3326 3238 3437 3300 est,
3489 3235 3624 3289 cali-

1989 3321 2184 3389 ginem
2217 3315 2452 3370 obducit
2484 3314 2683 3382 menti,
2709 3332 2885 3385 quam
2917 3316 3012 3371 ille
3044 3334 3275 3389 semper
3305 3321 3533 3390 vigilem
3565 3328 3621 3378 et

1989 3404 2307 3476 tranquille
2363 3406 2643 3458 attentam
2676 3403 2952 3458 adbibere
3010 3407 3261 3476 negotiis
3316 3410 3616 3465 debuerat.

1988 3495 2119 3561 Sed,
2153 3507 2348 3562 quaeso
2379 3496 2453 3559 te,
2488 3490 2665 3545 fatere
2696 3490 2837 3544 mihi
2872 3492 3010 3562 quid
3053 3498 3107 3547 te
3138 3501 3350 3565 angat;
3414 3504 3515 3553 aut
3571 3499 3622 3553 si

1988 3581 2178 3636 dicere
2212 3577 2528 3645 cunctaris,
2561 3577 2708 3643 sine,
2743 3578 3018 3640 divinem;
3052 3597 3161 3635 non
3214 3584 3369 3638 enim
3404 3591 3623 3642 temere

1989 3667 2353 3721 aftirmatura
2409 3663 2628 3731 videor,
2686 3664 2931 3718 cruciari
2986 3671 3039 3719 te
3094 3683 3222 3721 sera
3282 3672 3624 3739 pcenitentia

1990 3756 2147 3810 necis
2181 3752 2356 3819 tauri,
2389 3751 2557 3821 quasi
2587 3751 2713 3819 ejus
2745 3760 3049 3807 accusator
3089 3754 3264 3810 nimis
3310 3758 3474 3814 facile
3506 3778 3625 3816 cre-

1989 3843 2229 3897 dideris:
2263 3855 2392 3893 cum
2423 3838 2711 3892 aestimare
2744 3844 2796 3892 te
2830 3842 3023 3909 potius
3055 3842 3124 3895 de
3156 3845 3284 3912 ejus
3320 3846 3375 3899 in
3411 3851 3464 3900 te
3496 3850 3622 3902 ani—

1990 3950 2083 3988 mo
2114 3950 2181 3987 ex
2206 3937 2306 3986 tuo
2338 3930 2397 3983 in
2429 3945 2562 3983 eum
2590 3928 2797 3982 affectu
2831 3946 2935 3999 par
2988 3931 3223 4001 fuisset;
3272 3935 3386 3989 fere
3436 3939 3619 4007 siqui-

1989 4024 2119 4077 dem
2154 4021 2264 4073 ista
2311 4018 2420 4071 sibi
2473 4019 2678 4071 mutuo
2728 4019 3118 4087 respondent:
3171 4038 3488 4095 rarumque
3533 4032 3622 4081 est

1989 4125 2101 4163 non
2134 4105 2422 4161 reclamari
2456 4105 2678 4159 sincere
2736 4106 2834 4174 qui
2869 4120 2997 4158 vere
3052 4106 3267 4178 diligit,
3312 4112 3454 4165 adeo
3510 4112 3624 4168 ista

1987 4197 2336 4251 commercia
2367 4194 2627 4248 cordium
2667 4192 2864 4248 fucum
2896 4193 3232 4249 excludunt.
3267 4200 3383 4268 Age
3419 4202 3620 4271 igitur,

1988 4284 2078 4337 dic
2112 4282 2254 4336 mihi
2277 4281 2567 4353 quomodo
2598 4284 2659 4332 tu
2692 4280 2930 4333 affectus
2962 4296 3098 4350 erga
3125 4287 3354 4339 taurum
3371 4290 3622 4343 eras?Ad

1988 4388 2053 4425 ea
2090 4370 2196 4425 leo:
2232 4369 2536 4441 Equidem,
2569 4371 2775 4436 mater,
2810 4367 3024 4437 inquit,
3068 4369 3310 4424 charum
3353 4389 3485 4428 eum
3520 4376 3625 4431 ha-

1992 4458 2199 4512 bebam
2254 4456 2621 4524 ﬁdebamque
2662 4454 2744 4508 illi
2807 4453 3056 4509 maxime
3090 4462 3186 4521 ;et
3245 4475 3378 4514 cum
3426 4468 3624 4519 mente

1994 4550 2187 4614 repeto
2219 4561 2395 4615 quam
2429 4546 2698 4613 prompta
2729 4557 2955 4611 semper
2978 4544 3105 4613 ejus
3155 4548 3213 4598 et
3253 4546 3534 4603 benevola
3568 4551 3624 4604 in

1989 4650 2080 4686 me
2111 4633 2301 4686 officia
2330 4633 2643 4696 exstarent,
2669 4629 2853 4683 facere
2874 4629 2966 4683 vix
2999 4647 3237 4697 possum
3269 4635 3409 4703 quin
3432 4639 3625 4708 suspi-

1987 4737 2080 4773 cer
2111 4720 2302 4774 scelus
2336 4718 2569 4786 aliquod
2602 4716 2843 4770 artificis
2898 4718 3274 4789 Vestigatoris
3334 4723 3432 4792 qui
3491 4741 3624 4781 eum

1985 4808 2149 4862 falsis
2180 4808 2335 4878 apud
2369 4821 2458 4859 me
2490 4803 2994 4859 criminationibus
3028 4806 3416 4879 infamaverit,
3451 4818 3507 4867 et
3559 4831 3624 4869 eo

1985 4897 2235 4965 denique
2262 4912 2353 4950 me
2384 4893 2643 4964 adegerit
2674 4896 2740 4946 ut
2788 4893 3032 4946 facerem
3062 4897 3217 4964 quod
3282 4900 3622 4957 n‘eminisse

1984 4987 2179 5042 horret
2209 4987 2463 5051 animus,
2496 4989 2551 5039 et
2572 4982 2881 5053 quantovis
2900 4985 3083 5053 pretio
3108 4989 3476 5060 redemptum
3505 4993 3623 5046 vel-

1982 5073 2095 5129 lem
2131 5092 2244 5129 non
2276 5074 2481 5144 egisse.
2509 5073 2593 5126 Tu
2627 5087 2783 5136 vero,
2803 5086 3012 5139 parens
3040 5074 3278 5143 optima,
3306 5095 3375 5131 ne
3398 5095 3594 5149 quaeso
3613 5124 3627 5149 ,

1981 5163 2276 5216 czelaveris
2307 5161 2353 5216 si
2382 5160 2516 5230 quid
2552 5159 2678 5228 eius
2713 5158 2856 5211 forte
2888 5159 2970 5211 rei
3002 5159 3283 5229 didicisti;
3320 5165 3435 5220 fere
3466 5169 3620 5223 enim

1981 5249 2340 5303 emanantin
2375 5246 2639 5302 notitiam
2676 5244 3038 5313 quantalibet
3085 5253 3206 5302 arte
3251 5251 3623 5311 dissimulata

1980 5340 2222 5402 scelera,
2260 5354 2363 5391 nec
2393 5335 2579 5390 caveri
2613 5333 2765 5388 dolis
2796 5333 3070 5387 omnibus
3122 5342 3330 5405 potest,
3378 5343 3475 5411 qui
3509 5345 3619 5399 sal-

1978 5430 2097 5478 tem
2115 5424 2340 5478 timidis
2353 5422 2610 5478 susurris
2635 5419 2994 5492 proditiones
3010 5422 3467 5482 abstrusissimae
3485 5446 3619 5499 pro-

1980 5513 2208 5565 dantur.
2243 5512 2321 5563 Ea
2353 5528 2520 5581 porro
2563 5511 2712 5563 fame
2744 5506 2876 5561 licet
2902 5507 3132 5563 incertae
3166 5528 3229 5565 ac
3278 5513 3614 5585 vulgarium

1978 5616 2286 5654 rumorum
2324 5598 2755 5669 qualiacunque
2794 5594 3153 5663 testimonia,
3188 5616 3339 5671 saepe
3387 5602 3625 5662 interio.
