4108 6294
501 382 638 434 1283

493 506 661 560 ribus
694 506 925 560 indiciis
954 507 1231 576 adjuncta
1259 506 1509 561 multum
1554 508 1857 563 conferunt
1888 506 1957 561 ad
2004 523 2141 560 con-

494 594 816 648 victionem
849 594 1250 648 scelestorum.
1312 596 1589 663 Reposuit
1630 595 1699 649 ad
1750 593 1868 647 haec
1900 597 2087 647 mater
2117 609 2131 646 :

503 683 777 737 Audivia
826 683 1072 752 quodam
1136 683 1247 736 ﬁde
1307 683 1651 753 dignissimo
1710 682 2133 750 Vestigatorem

493 771 728 825 invidize
763 771 1077 825 instinctus
1112 773 1416 825 mentitum
1452 771 1559 825 tibi
1615 787 1743 825 esse
1790 774 2000 825 cuncta
2032 768 2134 823 illa

495 876 625 929 quae
659 861 726 913 de
762 864 928 914 tauro
961 858 1186 927 detulit,
1224 859 1444 929 alioqui
1494 858 1848 913 alienissima
1899 877 1929 911 a
1977 873 2129 924 vero,

490 951 545 1001 et
576 946 698 1001 sola
730 949 856 1015 ejus
896 948 1100 999 fraude
1132 947 1399 1000 conﬁcta.
1441 947 1652 1000 Amabo
1682 949 1759 1011 te,
1796 950 1997 1011 mater,
2044 942 2130 998 leo

489 1034 704 1104 inquit,
744 1036 866 1101 ede,
903 1035 947 1087 si
986 1051 1095 1088 non
1120 1050 1290 1103 grave
1323 1038 1432 1097 est,
1467 1034 1597 1103 quis
1628 1035 1737 1087 iste
1781 1033 1856 1085 sit
1898 1049 1965 1085 ex
2016 1048 2129 1101 quo

489 1124 630 1177 talia
661 1122 905 1177 audisti?
934 1123 1013 1176 Ne
1043 1140 1255 1193 quaere,
1318 1122 1442 1187 ﬁlii,
1486 1123 1567 1176 ait
1616 1127 1821 1188 mater,
1876 1125 2128 1173 actorem

497 1212 657 1279 dicti,
695 1212 792 1281 qui
827 1212 1172 1264 nominatim
1206 1228 1265 1264 se
1290 1210 1453 1281 prodi
1483 1212 1682 1275 vetuit,
1710 1226 1840 1261 cum
1874 1225 1993 1261 rem
2018 1207 2130 1261 sibi

495 1298 1023 1368 compertissimam
1070 1298 1213 1351 mihi
1262 1314 1471 1351 arcano
1520 1300 1925 1361 commztteret,
1978 1294 2118 1348 indi-

492 1388 761 1453 candam,
793 1386 840 1441 si
872 1387 1141 1457 expedire
1173 1402 1484 1454 censerem,
1520 1384 1644 1439 tibi.
1689 1383 1807 1437 Etsi
1856 1393 2044 1437 autem
2080 1382 2129 1436 is

498 1475 653 1541 talis,
689 1481 753 1529 ut
786 1475 923 1543 dixi,
975 1480 1080 1537 est,
1118 1476 1209 1529 cui
1264 1479 1387 1527 tuto
1421 1473 1651 1543 quidvis
1710 1473 1859 1526 credi
1924 1470 2125 1540 possit,

495 1581 607 1617 non
640 1569 770 1635 peto
829 1569 1022 1618 tamen
1054 1570 1117 1617 ut
1148 1568 1247 1618 aut
1293 1580 1452 1627 meae,
1504 1566 1604 1615 aut
1661 1561 1820 1623 illius
1876 1559 2129 1615 auctori-

489 1652 591 1705 tati
622 1652 979 1720 acquiescas,
1034 1669 1097 1705 ac
1156 1657 1357 1705 nostro
1415 1650 1747 1717 testimonio
1808 1648 2128 1720 praecipites

486 1739 842 1795 sententiam
877 1740 934 1793 in
970 1756 1132 1794 reum
1158 1738 1513 1802 inauditum,
1553 1738 1772 1807 nequid
1808 1735 1998 1791 simile
2028 1752 2125 1807 pa-

488 1828 653 1882 tiaris
685 1833 813 1898 post
844 1827 1218 1897 Vestigatoris
1250 1844 1479 1896 poenam
1513 1825 1562 1880 ei
1595 1827 1745 1895 quod
1805 1830 1933 1896 post
1979 1822 2125 1878 tauri

493 1916 848 1986 supplicium
885 1930 945 1969 es
978 1932 1209 1985 passus,
1246 1932 1308 1968 ac
1332 1919 1469 1968 tunc
1502 1930 1733 1985 quoque
1756 1912 1886 1965 ﬁdei
1914 1917 2128 1965 temere

490 2003 699 2057 habitae
734 2004 851 2057 acri
884 2019 1079 2056 morsu
1121 2001 1487 2057 conscientias
1536 2018 1732 2071 pmnas
1778 2000 1927 2054 luas.
1958 2003 2129 2052 Recte

485 2106 709 2159 mones,
735 2097 945 2156 mater,
974 2091 1167 2160 inquit
1192 2090 1300 2143 leo.
1329 2090 1473 2159 Ergo
1497 2089 1761 2158 quamvis
1784 2088 1886 2141 tibi
1909 2087 2124 2154 tribuo,

489 2179 574 2232 uti
607 2179 808 2245 debeo,
844 2178 1164 2247 plurimum
1200 2177 1355 2239 ﬁdei,
1417 2182 1612 2230 tamen
1671 2175 1968 2245 explorare
2026 2190 2128 2244 per

494 2284 584 2321 me
619 2266 912 2336 negotium
969 2266 1214 2328 decrevi,
1280 2281 1381 2317 nec
1413 2264 1778 2318 committere
1812 2264 2023 2316 iterum
2062 2266 2124 2314 ut

498 2358 807 2411 festinasse
841 2372 931 2409 me
964 2371 1091 2409 sero
1122 2354 1414 2424 poeniteat.

552 2484 620 2535 II.
653 2481 756 2534 His
787 2480 873 2533 leo
906 2484 960 2533 et
991 2497 1023 2533 a
1081 2483 1268 2532 matre
1298 2478 1515 2531 auditis
1541 2482 1596 2530 et
1625 2478 1696 2530 ad
1750 2480 1996 2529 matrem
2039 2476 2123 2528 di-

478 2569 612 2634 ctis,
647 2585 786 2621 suos
814 2584 1016 2621 omnes
1049 2567 1407 2633 convocavit,
1440 2573 1491 2618 et
1524 2580 1654 2618 cum
1688 2563 1762 2617 iis
1795 2563 2121 2631 Vestigato—

478 2673 621 2709 rem.
657 2655 893 2724 Quipro
928 2672 1031 2708 sua
1060 2653 1232 2708 solita
1263 2652 1615 2707 conlidentia
1646 2652 1869 2705 leonem
1916 2650 2119 2704 videns

479 2743 934 2815 cogitabundum
960 2751 1014 2795 et
1046 2746 1251 2796 moesto
1282 2740 1555 2807 similem,
1582 2739 1731 2793 ultro
1756 2739 1824 2791 ad
1860 2742 2117 2791 astantes

481 2848 793 2886 conversus
829 2847 841 2884 :
876 2831 1023 2892 Quid
1057 2846 1267 2893 causae,
1331 2828 1536 2897 inquit,
1584 2831 1671 2880 est
1731 2842 1835 2879 cur
1886 2824 2113 2879 leonem

479 2919 799 2973 sollicitum
830 2936 895 2972 ac
926 2919 1154 2972 tristem
1188 2933 1358 2971 cerno
1389 2916 1415 2969 ‘?
1445 2913 1547 2969 Cui
1584 2917 1767 2968 mater
1823 2912 2027 2977 leonis,
2058 2916 2117 2965 et

480 3009 610 3077 ipsa
641 3024 919 3078 praesens,
946 3006 1245 3076 respondit
1276 3005 1331 3058 in
1367 3003 1521 3058 hunc
1552 3004 1806 3056 modum:
1829 3003 1913 3054 Tu
1939 3016 2116 3055 causa

477 3096 728 3150 tristitiae
760 3094 943 3149 leonis
973 3112 1033 3149 es
1068 3112 1080 3149 :
1117 3095 1270 3147 hunc
1302 3092 1456 3146 enim
1508 3089 1662 3144 dolet
1711 3089 1863 3158 quod
1900 3095 1952 3141 te
2007 3088 2114 3142 hac

480 3188 649 3237 tenus
683 3183 871 3237 vivere
898 3200 962 3235 ac
992 3181 1171 3236 libere
1202 3197 1367 3249 agere
1392 3180 1467 3233 sit
1488 3195 1719 3249 passus,
1748 3182 1817 3247 te,
1843 3177 2108 3247 inquam,
2137 3201 2182 3259 ω

482 3271 583 3341 qui
614 3270 726 3323 sibi
758 3270 1064 3323 fraudibus
1097 3285 1160 3321 ac
1194 3266 1514 3321 mendaciis
1561 3267 1824 3335 decepto,
1870 3270 1932 3319 ut
1980 3270 2108 3319 tau-

480 3375 611 3411 rum
640 3358 1009 3411 innocentem
1036 3356 1251 3424 injuste
1278 3354 1604 3425 perimeret,
1631 3352 2107 3423 persuaseris.Ad

478 3462 546 3500 ea
580 3445 825 3498 minime
856 3445 1126 3497 turbatus
1154 3443 1503 3511 Vestigator,
1528 3441 1766 3509 Nempe,
1800 3440 2111 3510 inquit,bic

482 3550 607 3588 mos
642 3533 909 3588 aularum
940 3538 1027 3585 est
1067 3537 1129 3585 ut
1160 3533 1418 3602 ingratas
1446 3536 1596 3584 recte
1628 3534 1885 3583 actorum
1938 3528 2109 3595 vices,

477 3621 764 3692 supplicia
819 3638 921 3691 pro
983 3619 1278 3674 beneﬁciis
1339 3623 1671 3688 exspectare
1734 3616 2112 3671 verisimilius

478 3726 655 3779 quam
690 3708 949 3779 praemia,
970 3709 1066 3778 qui
1092 3705 1813 3779 principibusinserviuut,
1840 3705 2107 3759 debeant.

474 3800 606 3863 Quae
634 3796 971 3865 justissima
1002 3800 1091 3849 est
1116 3795 1327 3849 ascetis
1356 3794 1411 3847 in
1439 3793 1788 3849 solitudines
1821 3809 1850 3847 e
1875 3792 2108 3862 palatiis

474 3889 646 3954 atque
679 3884 924 3938 urbibus
968 3882 1275 3937 secedendi
1308 3899 1502 3950 causa,
1542 3897 1614 3935 ne
1664 3898 1777 3935 non
1830 3880 2108 3933 virtutem

470 3988 735 4027 exercere
768 3972 1015 4043 possint,
1042 3971 1142 4025 ubi
1173 3971 1222 4025 ei
1254 3979 1471 4025 certam
1496 3968 1832 4038 intelligunt
1879 3984 2108 4038 poenam

473 4076 599 4114 esse
630 4059 1030 4114 constitutam.
1088 4059 1205 4111 Ista
1253 4074 1358 4127 ego
1405 4056 1528 4127 lege
1578 4055 1871 4127 periclitor
1915 4055 2110 4121 hodie,

473 4146 573 4216 qui
606 4147 761 4217 quod
798 4145 931 4199 ﬁdei
964 4146 1153 4199 ofﬁcio
1187 4145 1523 4211 instinctus,
1552 4142 1829 4198 benevole
1860 4142 2108 4197 iudicavi

469 4234 591 4305 regi
624 4239 858 4303 paratas
905 4251 938 4287 a
996 4237 1161 4286 tauro
1220 4233 1489 4295 insidias,
1525 4239 1579 4286 et
1638 4232 2105 4301 coujurationem

474 4339 628 4391 mox,
661 4322 719 4375 ni
753 4325 1118 4392 praecaveret,
1152 4321 1210 4374 in
1245 4319 1431 4389 ipsius
1463 4336 1528 4373 ac
1579 4322 1740 4389 regni
1792 4319 2106 4389 perniciem

470 4414 833 4481 erupturam,
869 4425 1021 4462 nunc
1056 4409 1236 4462 miser
1266 4408 1323 4461 in
1354 4407 1750 4477 suspicionem
1783 4406 2104 4462 calumnia-

473 4515 604 4552 rum
632 4514 805 4551 vocor
839 4514 851 4549 :
885 4498 944 4551 in
972 4514 1087 4567 quo
1110 4513 1242 4551 cum
1278 4495 1461 4550 multa
1520 4500 1659 4550 sunt
1712 4496 1947 4560 misera,
1981 4502 2106 4550 tum

473 4585 615 4639 illud
653 4585 1099 4653 enimverojure
1154 4601 1280 4639 meo
1312 4586 1607 4654 deprecor,
1668 4599 1737 4637 ne
1772 4590 1988 4638 temere
2036 4586 2105 4639 de

472 4690 561 4729 me
591 4673 730 4727 talia
761 4674 1087 4727 credantur.
1114 4672 1457 4742 Exploretur
1488 4672 1650 4741 prius
1683 4687 1797 4737 res,
1838 4672 2105 4741 inquira-

466 4767 563 4815 tur
593 4761 904 4830 diligenter
934 4762 1004 4815 de
1044 4761 1295 4830 impacto
1330 4759 1473 4813 mihi
1497 4760 1775 4828 crimine;
1804 4777 2103 4831 nunquam

467 4857 591 4905 tam
625 4850 741 4905 alte
771 4850 911 4905 latet
933 4851 1123 4905 scelus
1155 4850 1350 4904 animo
1383 4855 1731 4921 conceptum
1759 4852 1901 4920 quin
1923 4850 2107 4923 legiti-

475 4938 587 4991 mis
605 4937 1086 5008 indagationibus
1107 4935 1372 4991 eliciatur
1391 4937 1623 4991 tandem
1648 4953 1713 4991 ac
1735 4938 2109 5007 protrahatur

471 5027 527 5079 in
562 5026 774 5080 lucem:
812 5040 947 5080 nam
977 5029 1035 5079 et
1064 5024 1429 5094 penitissime
1480 5025 1792 5079 abstrusus
1836 5025 1894 5080 in
1944 5027 2105 5085 venis

473 5113 705 5169 silicum
738 5113 923 5184 perito
951 5115 1157 5168 attritu
1206 5113 1357 5183 ignis
1409 5112 1791 5182 exsculpitur,
1826 5118 1879 5168 et
1928 5132 2104 5185 quam

472 5218 643 5256 nemo
685 5201 1087 5270 suspicaretur
1145 5200 1333 5256 inesse
1390 5200 1644 5270 putridis
1676 5198 1852 5272 lignis
1900 5204 2105 5260 artifex

474 5290 733 5345 aﬂ‘rictus
766 5290 982 5345 excitat
1016 5289 1337 5344 flammam.
1391 5289 1642 5344 Omnino
1686 5291 1736 5343 si
1785 5291 1923 5360 quid
1973 5308 2107 5347 cou-

471 5377 715 5432 scientia
748 5383 923 5448 turpe
951 5376 1277 5443 abscondit,
1313 5377 1488 5431 odore
1510 5392 1572 5430 se
1601 5376 1692 5431 sui
1720 5378 2108 5447 prodet,certa

472 5467 744 5521 methodo
777 5468 833 5520 in
879 5468 1006 5535 ejus
1050 5464 1444 5536 exploratione
1489 5465 1896 5520 versantibus:
1949 5468 2103 5525 haud

470 5554 636 5607 aliter
668 5571 733 5608 ac
767 5554 1162 5624 graveolentes
1196 5558 1403 5608 natura
1434 5571 1541 5608 sua
1572 5555 1745 5622 feces,
1792 5556 1929 5611 dum
1981 5576 2107 5629 per-

468 5645 589 5697 stat
620 5641 903 5699 immotus
935 5642 1027 5697 cui
1087 5641 1342 5697 subsunt
1400 5640 1611 5712 liquor,
1646 5640 1875 5696 narium
1931 5651 2106 5710 etiam

1998 374 2380 437 APPENDIX.

3743 391 3869 443 1284

2173 494 2225 572 Α
2256 510 2661 560 emunctarum
2695 507 3069 577 sagacitatem
3104 508 3345 577 fallunt;
3378 512 3610 580 quando
3654 528 3868 567 moveu-

2243 598 2339 648 tur
2369 595 2799 665 agitauturque,
2834 595 3137 667 mephitim
3172 598 3459 665 exhalant,
3495 603 3549 652 et
3570 602 3865 657 manifesto

2242 681 2439 736 fetoris
2494 682 2705 736 indicio
2766 685 3307 754 deprehenduntur.
3372 687 3571 757 Itaque
3630 688 3868 743 viderint

2242 787 2419 841 quam
2450 776 2878 841 consequenter
2907 778 3279 828 accusatores
3311 774 3422 827 mei
3465 778 3734 829 eumdem
3764 793 3865 845 me,

2243 876 2414 929 quem
2450 860 2640 914 nimiae
2670 860 3007 915 calliditatis
3038 860 3407 928 insimulant,
3459 868 3575 917 tam
3638 864 3865 919 stultum

2242 952 2463 1017 putent,
2498 953 2561 1001 ut
2586 948 2725 1001 mihi
2763 948 2912 1001 male
2962 950 3253 1015 conscius,
3307 949 3457 1003 ultro
3503 952 3748 1007 examini
3782 970 3864 1007 me

2240 1036 2571 1105 subjiciam.
2596 1037 2901 1106 Nunquam
2928 1038 3178 1106 profecto
3200 1034 3530 1092 inevitabile
3561 1041 3864 1095 convictio-

2241 1124 2329 1176 nis
2364 1123 2688 1194 periculum
2722 1124 3116 1193 deposcerem,
3149 1124 3274 1179 alea
3298 1126 3510 1195 judicii
3548 1128 3861 1193 subeunda,

2240 1211 2351 1264 nisi
2384 1228 2509 1265 mea
2543 1228 2634 1266 me
2674 1216 2862 1265 tutum
2920 1212 3253 1267 innocentia
3291 1219 3588 1283 praestaret
3620 1234 3634 1283 ;
3672 1216 3756 1269 siu
3791 1217 3862 1269 ita

2238 1305 2411 1364 esset,
2449 1316 2559 1352 non
2596 1316 2686 1353 me
2719 1300 2810 1353 hic
2845 1299 3047 1370 utique
3079 1301 3493 1371 videretis;jam
3511 1303 3665 1356 enim
3698 1304 3861 1358 alicu-

2238 1386 2295 1440 bi
2328 1391 2611 1441 terrarum
2647 1404 2915 1441 securum
2954 1388 3279 1458 perfugium
3314 1395 3549 1460 captare
3598 1408 3859 1461 occupas-

2237 1490 2377 1536 sem,
2412 1476 2579 1543 cujus
2612 1477 2691 1528 rei
2725 1476 3055 1529 facultatem
3090 1492 3364 1547 magnam
3420 1476 3601 1531 cuivis
3663 1479 3863 1549 praebet

2236 1559 2525 1617 latissime
2552 1568 2755 1633 patens
2788 1562 2943 1617 orbis
2984 1563 3239 1618 universi
3297 1564 3559 1619 vastitas.
3622 1566 3704 1619 Ab
3762 1566 3861 1620 hoc

2237 1647 2502 1720 ingressu
2535 1650 2884 1704 vaferrimus
2916 1650 3269 1720 Vestigator,
3304 1659 3537 1722 repente
3556 1667 3862 1708 conversus

2236 1737 2305 1789 ad
2332 1735 2581 1800 leonem,
2615 1735 2725 1791 Oro
2772 1736 2971 1807 igitur,
3022 1736 3122 1805 ait,
3174 1737 3554 1808 obsecroque,
3610 1740 3856 1799 domine,

2159 1859 2203 1920 Β
2236 1824 2451 1894 regiam
2476 1825 2831 1893 maiestatem
2856 1828 3043 1887 tuam,
3070 1824 3363 1895 utinquiri
3388 1826 3662 1881 continuo
3691 1844 3860 1896 quam

2235 1911 2674 1966 accuratissime
2708 1912 2776 1965 de
2810 1912 3159 1980 mejubeas,
3215 1929 3315 1982 per
3354 1914 3614 1983 judicem
3667 1930 3862 1983 quam-

2231 1988 2373 2053 libet
2404 2016 2693 2061 severum,
2730 2000 3047 2053 dummodo
3075 2001 3270 2067 justus
3318 2001 3471 2055 idem
3526 2002 3860 2073 integerque

2232 2089 2326 2155 sit,
2359 2104 2463 2142 nec
2485 2089 2778 2143 veritatem
2818 2088 2973 2141 sinat
3004 2090 3169 2142 obrui
3205 2088 3560 2169 przejudiciis
3612 2091 3860 2159 invidiae,

2229 2196 2403 2250 quam
2440 2178 2579 2232 mihi
2615 2194 2887 2248 magnam
2922 2176 3183 2250 intelligo
3218 2180 3551 2245 conflatam,
3588 2198 3703 2235 non
3749 2180 3861 2235 ullo

2231 2282 2356 2320 meo
2388 2264 2698 2333 maleﬁcio,
2732 2262 2829 2319 sed
2866 2266 3095 2335 magnis
3130 2260 3244 2320 tuis
3277 2283 3414 2337 erga
3446 2284 3537 2322 me
3563 2267 3859 2322 beneﬁciis

2228 2372 2350 2425 quae
2385 2355 2620 2408 livorem
2645 2352 3015 2406 concitarunt
3039 2352 3400 2424 iniquorum.
3426 2348 3570 2419 Tua,
3598 2356 3861 2425 inquam,

2228 2448 2346 2511 tua,
2379 2444 2635 2504 domine,
2672 2441 2964 2512 praecipua
2998 2434 3051 2495 in
3083 2459 3170 2495 me
3199 2443 3385 2513 gratia
3410 2460 3607 2497 meum
3642 2445 3858 2497 crimen

2224 2536 2330 2583 est:
2365 2546 2476 2599 quo
2508 2533 2561 2583 te
2593 2534 2679 2583 est
2705 2528 2927 2601 aequius
2988 2529 3126 2583 dare
3157 2546 3416 2600 operam,
3476 2547 3545 2584 ne
3570 2531 3859 2601 pernicio-

2224 2636 2288 2672 sa
2320 2625 2420 2672 tua
2445 2634 2687 2671 munera
2724 2622 3025 2687 putentur,
3057 2624 3112 2671 et
3144 2635 3317 2687 quem
3352 2635 3547 2673 amore
3582 2616 3861 2689 dignatus

2226 2707 2404 2760 fueris
2454 2705 2747 2776 amplecti,
2799 2704 3057 2760 voluisse
3102 2707 3342 2775 perdere
3386 2707 3660 2760 videaris.
3718 2707 3858 2762 Nam

2224 2797 2269 2852 si
2298 2797 2448 2851 hanc
2481 2795 2871 2850 conditionem
2898 2795 3033 2849 ferri
3064 2796 3262 2849 virtuti
3289 2795 3458 2859 sinis,
3492 2812 3623 2866 quae
3676 2802 3863 2850 tutam

2224 2886 2365 2937 forte
2397 2880 2857 2955 benevolentiam
2893 2882 3299 2951 promeruerit,
3331 2886 3393 2936 ut
3412 2882 3594 2937 vitare
3616 2889 3864 2952 nequeat

2222 2973 2361 3041 quin
2394 2966 2639 3027 dedatur
2670 2969 2823 3025 odiis
2848 2970 3274 3040 improborum,
3308 2964 3602 3041 quodnam
3640 2976 3741 3025 aut
3766 2971 3864 3024 ubi

2221 3067 2508 3115 terrarum
2543 3058 2766 3129 asylum
2799 3059 3009 3113 deinde
3043 3059 3335 3129 reliquum
3381 3060 3457 3114 sit
3509 3060 3741 3113 afflictae
3800 3076 3864 3114 ac

2224 3147 2513 3203 laboranti
2533 3146 2951 3201 innocentiam
2967 3164 3103 3201 num
3125 3142 3482 3202 restattanta
3500 3147 3743 3201 fortunae
3759 3164 3859 3200 sae-

2222 3237 2360 3289 vitia
2381 3234 2667 3301 exercitis,
2700 3238 2905 3289 testem
2957 3234 3225 3289 invocare
3279 3235 3373 3289 Dei
3405 3242 3612 3288 cuncta
3644 3234 3857 3288 intime

2219 3325 2604 3393 pervidentem
2665 3322 2922 3377 oculum.
2974 3324 3256 3393 Equidem
3300 3322 3497 3393 hujus,
3539 3316 3856 3393 puritatem

2221 3430 2357 3467 meae
2397 3412 2763 3466 conscientiae
2797 3411 3107 3476 cernentis,
3145 3412 3327 3465 fretus
3376 3410 3713 3481 incormpto
3764 3416 3859 3465 te-

2219 3501 2765 3569 sti.nonio,mortem
2783 3499 2970 3569 ipsam
2988 3498 3360 3553 inimicorum
3378 3500 3859 3555 mihifraudibus

2218 3594 2482 3661 paratam
2516 3589 2700 3642 audeo
2724 3591 3113 3649 contemnere:
3148 3572 3252 3642 nec
3278 3589 3400 3658 jam
3453 3604 3655 3642 recuso
3707 3590 3861 3657 quin

2217 3677 2372 3749 quod
2426 3666 2742 3744 aliquando
2790 3674 3122 3730 necessitati
3164 3681 3381 3730 natura
3437 3676 3639 3739 debeo,
3693 3674 3867 3729 livori

2218 3762 2658 3834 praevalentium
2706 3762 3118 3817 sceleratorum
3178 3764 3473 3817 exsolvere
3525 3778 3810 3832 occupem
3851 3806 3865 3830 ,

2219 3856 2548 3905 extremum
2615 3842 2822 3917 fatum,
2860 3851 3075 3921 quippe
3130 3852 3229 3921 qui
3287 3844 3468 3905 vitam
3521 3852 3873 3919 impendere

2216 3944 2329 3993 tuae
2370 3938 2567 4008 gloriae
2622 3928 2793 4008 atque
2828 3938 3107 4008 obsequio
3143 3940 3262 4007 jam
3296 3944 3423 3993 tum
3480 3955 3547 3991 ex
3581 3956 3695 4009 quo
3728 3938 3871 4003 tibi,

2216 4035 2472 4101 domine,
2508 4036 2681 4089 ﬁdem
2717 4035 2912 4090 addixi
2946 4050 3157 4103 meam,
3209 4036 3484 4090 omnibus
3537 4033 3867 4089 mementis

2216 4128 2460 4195 paratus
2499 4124 2602 4178 fui.

2289 4248 2557 4304 IlI.Talia
2571 4264 2782 4318 magna
2799 4248 3010 4303 ﬁducia
3024 4249 3444 4319 Vestigatorem
3464 4252 3867 4318 perorantem,

2214 4338 2594 4409 interpellans
2626 4354 2656 4392 e
2706 4337 2995 4392 militibus
3055 4338 3392 4393 astantibus
3442 4338 3685 4407 quidam
3726 4353 3740 4390 :
3792 4337 3877 4391 Ne

2216 4428 2389 4497 ﬁnge,
2421 4425 2767 4495 Vestigator,
2802 4426 3028 4496 inquit;
3064 4443 3177 4481 non
3211 4432 3263 4481 te
3312 4426 3382 4480 ad
3433 4426 3605 4479 istam
3660 4425 3873 4479 defen-

2140 4514 2391 4605 Ddeudi
2453 4513 2883 4567 contentionem
2943 4513 3203 4567 studium
3276 4514 3432 4583 quod
3494 4510 3755 4566 simulas
3818 4513 3873 4565 in

2217 4603 2560 4674 principem,
2590 4604 2689 4657 sed
2743 4619 2883 4658 cura
2912 4602 3145 4674 tegendi
3177 4603 3264 4657 tui
3294 4601 3530 4657 sceleris
3590 4607 3650 4656 et
3681 4617 3876 4671 paene

2214 4706 2384 4762 quam
2419 4707 2479 4745 es
2540 4691 2783 4746 meritus
2824 4709 2857 4747 a
2910 4696 3010 4745 tuo
3062 4692 3249 4762 capite
3307 4690 3572 4745 arcenda:
3626 4689 3873 4743 incitat.

2216 4779 2407 4845 Salus,
2437 4780 2699 4849 inquam,
2733 4784 2837 4834 tua
2879 4780 3132 4849 propria,
3192 4795 3306 4834 non
3356 4778 3515 4833 zelus
3567 4777 3879 4847 obsequii,

2217 4872 2318 4923 aut
2349 4868 2668 4922 reverentia
2700 4869 3047 4937 majestatis,
3074 4875 3130 4924 te
3154 4868 3436 4923 disertum
3461 4866 3521 4920 in
3544 4866 3655 4923 hac
3684 4882 3882 4920 causa

2218 4955 2375 5010 facit.
2410 4956 2575 5010 Hunc
2597 4956 2992 5011 audacissimo
3026 4957 3211 5027 ﬁgens
3268 4957 3479 5010 obtutu
3507 4953 3879 5023 Vestigator,

2217 5043 2339 5099 Non
2377 5048 2431 5097 te
2480 5044 2681 5114 pudet,
2735 5044 2945 5114 inquit,
2998 5043 3347 5098 stultissime
3400 5042 3756 5109 viventium,
3812 5058 3884 5095 eo

2219 5132 2523 5187 mortalem
2556 5132 2878 5198 criminari,
2912 5133 3069 5202 quod
3102 5138 3313 5187 natura
3371 5131 3653 5187 omnibus
3720 5129 3885 5184 lucis

2219 5236 2462 5274 usuram
2516 5220 3002 5290 participautibus
3060 5220 3186 5292 lege
3244 5218 3661 5289 antiquissima
3723 5234 3891 5289 prae-

2218 5307 2482 5377 scripsit?
2513 5311 2673 5362 Itane
2719 5313 2819 5364 tuo
2861 5308 3087 5378 judicio
3146 5307 3467 5364 sceleratus
3517 5324 3676 5372 sum,
3740 5306 3894 5377 quia

2220 5394 2492 5464 salutem,
2522 5412 2636 5465 quo
2671 5412 2909 5465 possum
2941 5396 3420 5466 prmsidio,tutari
3445 5410 3639 5450 meam
3663 5409 3890 5455 conor,

2220 5483 2372 5553 quod
2407 5483 2455 5537 si
2488 5500 2612 5553 quae
2644 5483 3035 5539 animantium
3070 5484 3125 5537 in
3173 5483 3357 5538 multo
3390 5483 3607 5537 minori
3659 5481 3891 5537 discri-

2222 5587 2380 5626 mine
2410 5588 2525 5625 non
2559 5572 2751 5641 faciat,
2786 5572 3060 5626 omnibus
3102 5573 3245 5627 orba
3288 5572 3604 5636 sensibus,
3636 5576 3700 5626 et
3766 5570 3894 5623 vita

2221 5658 2468 5730 indigna
2524 5659 2859 5715 censeatur?
2916 5658 3091 5731 Atqui
3144 5659 3228 5715 sic
3286 5658 3457 5727 habe,
3524 5672 3892 5715 mensuram
