4060 6304
192 375 362 430 1285

1231 375 1591 451 ΒΡΕΟΙΜΕΝ
1632 370 2029 425 ΒΔΡΙΕΝΤΙΛΕ
2066 370 2397 423 INDORUM
2439 370 2596 423 VhT.

3466 372 3608 425 12:6

199 496 588 553 fortitudinis
621 498 676 551 in
712 497 1029 551 amicorum
1074 501 1128 552 et
1186 495 1555 567 dominorum
1589 491 1861 562 periculis
1891 493 1943 556 Α
1974 492 2212 545 modum
2247 507 2259 544 :
2292 490 2451 545 Paris
2486 490 2682 561 ﬂagitii
2716 492 3048 547 viderentur
3078 493 3159 547 rei
3192 494 3286 564 qui
3336 496 3608 565 mysteria

200 574 287 642 ab
326 588 527 658 aliquo
588 587 910 658 sperandae,
941 603 1011 640 ex
1047 586 1311 654 ejusdem
1362 600 1465 653 pro
1516 599 1624 636 suo
1677 579 1864 650 ipsius

203 677 414 746 capite
446 676 763 730 certamine
794 674 947 729 sumi
980 674 1221 739 debere;
1251 688 1357 726 nec
1407 686 1610 740 regum
1661 684 1864 739 quem-

208 780 405 834 quam
489 767 843 833 exspectare,
902 760 952 815 si
1011 760 1249 831 quidem
1320 759 1530 829 sapiat,
1621 756 1864 810 militem

210 852 490 921 quemvis
522 836 696 905 suum
722 852 778 905 in
812 850 956 913 acie,
990 866 1096 903 sua
1128 865 1304 903 causa
1328 847 1415 901 vel
1450 846 1704 917 publica,
1755 862 1865 914 pu-

213 940 474 1010 gnacius
507 940 923 993 dimicaturum
965 954 1140 1007 quam
1197 936 1346 990 idem
1395 934 1579 989 soleat
1609 934 1667 986 in
1698 948 1864 986 occa-

215 1027 500 1082 sionibus
532 1027 742 1082 salutis
777 1027 1020 1096 propriae
1065 1042 1099 1077 a
1146 1024 1383 1078 casibus
1432 1022 1664 1077 infestis
1694 1036 1867 1089 expc-

216 1117 460 1170 diendae
482 1131 825 1185 repugnare.
850 1114 1158 1168 Tacuisses
1180 1128 1316 1182 ergo
1343 1110 1669 1166 consultius
1691 1124 1866 1177 quam

217 1204 342 1259 ista
366 1204 568 1257 insana
592 1202 943 1273 professione
960 1207 1071 1255 ture
1089 1204 1314 1255 contem
1326 1199 1603 1268 ptissimae
1628 1196 1867 1261 inertiae,

220 1292 427 1362 palam
490 1293 640 1361 quod
679 1291 887 1353 fecisti,
948 1288 1327 1353 declarasses,
1370 1292 1424 1342 te
1482 1303 1585 1341 nec
1645 1284 1871 1345 ﬁdelem

229 1381 572 1442 subditum,
609 1396 713 1451 nec
747 1380 982 1433 ﬁrmum
1018 1379 1297 1444 amicum,
1349 1392 1452 1431 nec
1492 1376 1699 1430 fortem
1746 1390 1874 1429 esse

229 1470 509 1538 militem,
544 1468 807 1538 nihilque
839 1470 1073 1522 demum
1104 1466 1260 1521 aliud
1313 1482 1487 1534 quam
1521 1463 1873 1518 vilissimum

228 1556 599 1626 mancipium
633 1555 1007 1625 injustissimi
1039 1560 1214 1624 atque
1246 1552 1609 1623 ignavissimi
1653 1550 1873 1605 livoris.

231 1662 353 1719 quo
387 1646 575 1698 eti‘erri
608 1649 662 1699 te
694 1644 989 1699 levissime
1021 1643 1103 1697 sis
1136 1659 1344 1712 passus
1378 1644 1434 1695 in
1462 1642 1609 1695 hanc
1641 1639 1879 1709 probro-

235 1733 548 1788 sissimam
608 1738 718 1787 tuae
777 1732 964 1803 ipsius
1022 1730 1444 1785 confessionem
1476 1727 1810 1799 ignominiae
1863 1742 1874 1778 :

1976 596 2089 634 non
2123 580 2375 635 initiatis
2406 580 2949 651 vulgat,muliebres
2981 598 3170 636 mores
3201 584 3288 636 vir
3308 584 3606 650 atfectans,

1974 666 2187 722 mulier
2202 668 2393 723 virum
2416 669 2720 735 simulans,
2759 670 2972 741 hospes
2994 688 3055 727 se
3078 688 3181 741 pro
3204 673 3441 727 domino
3477 673 3605 742 ejus

1973 756 2031 810 in
2064 774 2180 825 qua
2213 758 2469 826 precario
2492 758 2833 828 diversatur,
2859 760 3071 826 domus
3094 762 3283 815 ferens
3315 777 3327 815 :
3355 761 3607 831 denique

1974 844 2071 913 qui
2102 844 2221 914 regi
2253 845 2445 911 dehis
2478 848 2789 916 respondet
2837 849 2905 903 de
2956 849 3171 917 quibus
3203 866 3312 902 non
3364 851 3608 904 interro-

1974 936 2164 999 gatur.
2200 931 2360 985 Talia
2389 934 2741 1012 garrientem
2786 951 3021 989 rursum
3055 936 3434 1006 interpellans
3458 938 3612 1005 regis

1979 1026 2162 1075 mater
2195 1036 2207 1073 :
2242 1022 2379 1091 Age,
2435 1021 2675 1091 inquit,
2708 1023 2800 1076 his
2857 1022 3156 1079 tralatitiis
3188 1025 3333 1079 nihil
3366 1028 3435 1079 ad
3490 1043 3611 1080 rem

1981 1108 2327 1163 facientibus
2358 1110 2616 1175 omissis,
2650 1110 2742 1165 die
2772 1112 2979 1181 ecquid
3013 1116 3257 1175 sentias,
3290 1116 3523 1183 quantis
3556 1122 3612 1169 te

1979 1195 2299 1251 sceleribus
2328 1196 2725 1267 inquinaveris
2746 1199 2772 1253 ‘2
2794 1201 2873 1253 Ad
2904 1217 2967 1253 ea
3026 1202 3353 1271 Vestigator
3377 1220 3388 1257 :
3411 1205 3516 1267 Qui
3550 1222 3610 1259 se

1979 1283 2109 1341 istis
2140 1300 2268 1353 quze
2290 1286 2381 1347 ais,
2403 1285 2720 1341 sceleribus
2740 1288 3027 1357 inquinat,
3053 1290 3272 1343 nemini
3299 1291 3608 1346 benevolus

1980 1380 2059 1427 est
2099 1373 2317 1428 nullam
2348 1375 2701 1443 Operationis
2732 1376 2984 1441 nefariaa,
3041 1362 3111 1431 ad
3161 1394 3338 1448 quam
3389 1383 3610 1449 qumvis

1984 1459 2162 1513 libido
2221 1461 2537 1531 impulerit,
2573 1462 2761 1517 labem
2816 1468 3136 1519 aversatur.
3188 1467 3274 1521 Me
3334 1485 3431 1522 rex
3489 1468 3612 1537 ipse

1982 1549 2191 1611 fatetur
2221 1548 2332 1602 sibi
2362 1549 2706 1605 benevolum
2742 1552 2922 1607 fuisse
2976 1570 2986 1605 :
3030 1553 3376 1609 innocentiae
3415 1561 3611 1609 autem

1984 1652 2122 1690 meae
2155 1642 2371 1690 caeteras
2404 1642 2486 1691 tot
2517 1644 2695 1692 testes
2737 1639 3064 1695 habeantur
3102 1647 3263 1712 quot
3319 1650 3457 1699 sunt
3515 1645 3615 1714 qui

1984 1723 2128 1777 nihil
2149 1741 2240 1779 me
2259 1726 2775 1796 agereimprobum
2799 1729 3357 1785 viderunt.Nonduin
3379 1733 3494 1786 haec
3515 1734 3613 1787 ab-

237 1834 377 1901 post
406 1846 581 1899 quam
615 1828 849 1899 spoliari
885 1829 1160 1884 continuo
1181 1842 1477 1881 merueras
1507 1825 1640 1879 istis
1671 1824 1874 1889 armis,
1907 1837 1955 1900 B
1984 1811 2250 1901 δοιγθτᾶῐ,
2271 1830 2402 1868 cum
2446 1815 2662 1884 regina;
2692 1817 2771 1871 Ne
2797 1834 3016 1886 speres,
3040 1819 3142 1887 ait.
3176 1819 3614 1891 Scelestissime,

242 1918 378 1972 istis
409 1917 746 1987 insignibus
772 1916 1033 1969 muneris
1066 1914 1319 1983 publici,
1340 1918 1395 1967 et
1426 1914 1496 1967 ab
1547 1912 1680 1966 ostii
1733 1910 1877 1980 regii

239 2006 528 2070 custodia,
565 2004 661 2058 ubi
693 2003 887 2058 locum
918 2003 1173 2057 melioris
1205 2002 1486 2071 indiguus
1516 2016 1788 2069 occupas,
1816 2003 1881 2052 ut

241 2092 493 2145 inﬁdum
524 2098 700 2161 atque
731 2091 961 2145 imbelle
985 2107 1159 2160 pecus
1208 2090 1381 2159 abigi.
1406 2089 1559 2141 lctus
1584 2087 1881 2155 inopinata

244 2179 698 2248 reprehensione
733 2178 921 2245 miles,
952 2182 1291 2233 cunctorum
1318 2177 1443 2245 jam
1476 2175 1658 2230 oculis
1682 2173 1879 2243 ipsum

243 2267 582 2335 figentibus,
641 2265 849 2335 plenus
910 2266 1187 2319 dedecore
1244 2263 1484 2318 recessit
1511 2262 1878 2316 erubescens.

246 2356 489 2419 Quando
522 2352 870 2408 exsultantis
893 2370 1010 2408 suae
1040 2350 1413 2422 impudentiae
1445 2366 1720 2404 successu
1741 2348 1880 2403 Ves-

248 2442 514 2510 tigatoris
546 2443 855 2497 retundere
907 2440 1320 2495 conﬁdentiam
1370 2439 1521 2509 regis
1573 2443 1757 2492 mater
1785 2454 1882 2490 vo-

249 2529 400 2594 lens,
435 2530 612 2584 Miror
642 2536 802 2583 tuam
862 2529 1071 2597 inquit,
1105 2546 1136 2582 o
1168 2528 1519 2597 Vestigator,
1579 2525 1881 2580 eﬁ'rontem

250 2618 579 2684 audaciam,
625 2634 742 2687 qua
798 2621 955 2671 totus
1014 2615 1300 2670 conﬂatus
1359 2630 1427 2668 ex
1483 2612 1719 2677 scelere,
1768 2629 1881 2667 non

253 2706 489 2759 dubitas
509 2705 645 2758 huic
663 2704 1097 2774 sapientissimo
1120 2702 1444 2769 consessui,
1470 2708 1525 2755 te
1550 2719 1650 2771 pro
1671 2699 1883 2754 insonti

253 2794 634 2857 vanditando,
668 2794 867 2847 fucum
900 2790 1407 2861 impudentissime
1448 2790 1632 2845 facere
1662 2788 1881 2844 conari.

254 2891 335 2944 Ne
367 2891 475 2945 hoc
506 2890 740 2960 quidem
796 2895 915 2943 tam
972 2904 1115 2944 acrze
1159 2893 1327 2941 tanta:
1360 2904 1618 2957 personae
1662 2886 1884 2939 dictum

255 2978 624 3033 conturbavit
652 2981 926 3047 argutum
968 2975 1341 3043 nebulonem,
1392 2980 1455 3029 ut
1512 2991 1626 3029 non
1685 2973 1884 3028 statim

257 3066 543 3137 intrepide
576 3070 922 3136 reponeret:
959 3063 1149 3119 Altero
1200 3064 1499 3132 nimirum,
1549 3079 1581 3116 ο
1626 3061 1885 3126 domina,

262 3171 351 3209 me
426 3155 746 3208 etiamnum
818 3152 1081 3215 intueris.
1122 3149 1309 3220 oculo,
1368 3152 1467 3227 qui
1528 3150 1890 3205 calumniosa

262 3243 598 3313 prtejudieia
628 3242 953 3312 grassantis
986 3241 1043 3294 in
1078 3244 1343 3294 nostrum
1367 3239 1605 3294 exitium
1634 3238 1888 3304 invidiae,

264 3330 566 3399 caliginem
593 3330 947 3385 effuderunt.
968 3332 1049 3382 Tu
1077 3343 1209 3382 vero
1231 3328 1382 3391 vide,
1415 3343 1485 3380 an
1511 3343 1625 3380 non
1649 3326 1893 3396 dignum

265 3419 461 3488 potius
491 3418 667 3472 fuerit
696 3418 809 3471 ista
835 3416 1020 3470 aetatis
1070 3419 1125 3469 et
1174 3413 1496 3469 nobilitatis
1528 3415 1894 3469 auctoritate.

272 3514 719 3584 periclitantium
797 3514 991 3569 causis
1066 3516 1247 3567 totam
1306 3520 1361 3565 et
1418 3511 1662 3564 liberam
1722 3526 1896 3580 aequae

272 3603 481 3656 mentis
505 3602 686 3659 aciem
709 3602 1025 3667 advertere,
1064 3598 1629 3669 circumspicereque
1664 3613 1896 3652 omnem

272 3691 331 3743 in
364 3693 584 3759 partem
616 3694 847 3755 cuncta,
880 3704 945 3742 ac
973 3688 1200 3741 nullum
1252 3685 1562 3755 vestigium
1608 3684 1899 3755 negligere

274 3777 612 3846 indaganda
669 3775 929 3829 veritatis
978 3790 991 3827 :
1040 3774 1143 3838 rei,
1212 3773 1355 3828 heul
1407 3772 1578 3828 hodie
1634 3773 1899 3828 omnium

268 3864 644 3927 exosissimae,
676 3879 852 3932 quam
886 3866 950 3917 ut
980 3862 1234 3931 impune,
1270 3860 1353 3915 sic
1404 3860 1642 3929 passim,
1697 3876 1898 3914 omnes

267 3956 624 4015 aversantur,
650 3968 854 4006 omnes
886 3950 1069 4004 libere
1089 3952 1450 4019 oppugnant;
1468 3948 1727 4017 rege,qui
1744 3964 1899 4001 unus

268 4045 461 4110 posset
485 4037 1307 4103 obsistere,connivente,dum
1334 4053 1449 4106 prie
1491 4035 1673 4089 nimia
1708 4036 1897 4089 facili-

266 4133 379 4181 tate
408 4144 473 4182 ac
508 4126 887 4195 benignitatis
918 4125 1280 4180 ostentanda;
1310 4124 1532 4189 studio,
1576 4122 1805 4178 nullum
1840 4127 1898 4179 in

270 4215 483 4270 malum
516 4230 764 4285 pronum
798 4212 1211 4269 comminando
1241 4213 1553 4277 deterrere,
1604 4212 1899 4266 neminem

268 4308 627 4374 compertum
642 4301 887 4372 neglecti
904 4300 1079 4355 officii
1093 4299 1379 4370 castigare
1398 4300 1760 4370 objurgando
1775 4316 1903 4353 sus-

262 4395 424 4446 tinet.
444 4396 561 4445 Hac
586 4388 968 4460 Vestigatoris
989 4388 1257 4443 libertate
1280 4387 1507 4442 irritata
1530 4387 1810 4455 majorem
1842 4388 1901 4440 in

268 4480 501 4534 modum
525 4478 679 4549 regis
706 4482 908 4532 mater.
954 4475 1177 4541 Videte,
1218 4476 1431 4546 inquit,
1463 4476 1571 4529 hoc
1601 4474 1895 4546 nequissi-

258 4584 390 4622 mum
406 4572 463 4622 et
479 4566 997 4621 sceleratissimum
1015 4569 1380 4635 caput,utom
1393 4564 1554 4618 nium
1569 4565 1833 4634 ﬂagitoru
1846 4579 1895 4616 In
1929 4540 1976 4603 D

267 4657 624 4711 deformatus
647 4654 893 4709 maculis
926 4659 981 4708 et
1010 4653 1494 4724 gravissimorum
1520 4657 1748 4706 tantum
1784 4669 1893 4705 non

262 4754 554 4808 convictus
587 4753 928 4817 criminum,
958 4756 1153 4806 tamen
1216 4751 1391 4805 audet
1437 4749 1609 4803 istam
1658 4750 1898 4803 menda-

275 4842 491 4895 ciorum
526 4841 809 4895 artificem
841 4840 1109 4911 linguam
1166 4853 1449 4905 exserere,
1506 4853 1613 4892 nec
1669 4838 1900 4893 dubitat

266 4934 743 4997 argumentorum
776 4928 1067 4993 inanium,
1092 4932 1194 4980 aut
1227 4926 1420 4995 potius
1469 4924 1896 4995 sophismatum

266 5014 1198 5083 vanissimorum,captiosissimis
1226 5012 1452 5082 laqueis
1482 5012 1783 5083 implicare
1804 5020 1898 5069 σοί

270 5104 390 5158 nari
421 5102 744 5168 veritatem,
773 5119 837 5157 eo
874 5117 1081 5171 usque,
1118 5107 1183 5154 ut
1213 5116 1343 5154 cum
1380 5100 1595 5169 injuria
1616 5100 1899 5156 intolera-

270 5192 363 5247 bili
396 5196 477 5245 tot
508 5190 835 5259 sapientum
864 5189 953 5243 hic
978 5187 1445 5259 praesentium,se
1466 5187 1561 5243 his
1584 5189 1897 5259 praestigiis

269 5284 454 5351 speret
480 5296 545 5333 os
576 5277 869 5333 sublinere
925 5275 1201 5331 omnibus
1258 5292 1449 5346 posse.
1505 5276 1629 5331 Non
1674 5276 1898 5332 inultus

266 5368 407 5421 hanc
437 5371 556 5421 tam
590 5381 848 5420 amaram
902 5365 1359 5435 increpationem
1412 5363 1630 5418 ardelio
1674 5365 1895 5435 impro-

267 5455 541 5511 bissimus
571 5455 811 5509 audivit.
843 5453 948 5507 Per
978 5453 1252 5522 ambages
1275 5451 1430 5506 enim
1452 5453 1735 5521 quasdam
1755 5453 1900 5508 obli-

273 5562 376 5616 que
423 5543 825 5614 perstringens
866 5542 1147 5611 reginam,
1182 5539 1556 5611 generalibus
1587 5542 1898 5596 sententiis

266 5631 682 5701 declamandis,
742 5630 1049 5686 audientiae
1127 5627 1313 5683 illusit
1368 5627 1426 5681 in
1480 5628 1639 5683 hunc
1714 5631 1894 5687 ferme

1985 1904 2042 1953 te
2073 1900 2179 1954 hac
2213 1903 2573 1972 impudentia
2605 1906 3081 1967 mendacissimte
3111 1908 3468 1963 defensionis
3500 1911 3616 1963 veri

1980 1988 2186 2057 judicii
2216 1990 2577 2045 severitatem
2610 1992 2929 2047 elusurum.
2957 1996 3037 2049 Ad
3075 1995 3181 2053 hoc
3204 1997 3376 2053 solita
3405 1998 3616 2068 linguae

1988 2077 2450 2147 promptitudine
2526 2080 2783 2149 reposuit
2860 2081 3208 2153 Vestigator,
3289 2086 3396 2149 Qui
3472 2087 3618 2142 falsa

1990 2165 2534 2231 comminiscuntur,
2585 2169 2682 2237 qui
2738 2172 2985 2227 scientes
3040 2174 3110 2226 ab
3170 2190 3333 2243 aequo
3392 2181 3447 2230 et
3485 2178 3619 2244 jure

1990 2252 2306 2319 declinant,
2368 2254 2581 2325 quibus
2658 2258 2726 2311 ad
2816 2261 3185 2329 purgandum
3247 2262 3617 2320 innocentem

1992 2340 2245 2410 impacto
2296 2359 2396 2411 per
2450 2344 2805 2399 calumniam
2866 2348 3112 2404 crimine
3162 2368 3265 2405 nec
3310 2354 3485 2407 verba
3516 2372 3619 2409 nec

1992 2446 2161 2498 opera
2203 2430 2526 2498 sufﬁciunt,
2553 2434 2704 2500 paris
2736 2450 2939 2489 omnes
2993 2436 3294 2507 injustitiae
3327 2445 3618 2511 tenentur,

1993 2517 2149 2572 Inter
2180 2518 2298 2571 haec
2332 2520 2585 2587 prudens
2621 2522 2818 2590 regina
2848 2524 3017 2578 silere
3046 2525 3270 2581 leonem
3292 2529 3513 2593 videns,
3565 2539 3623 2586 et

1996 2606 2205 2661 merito
2237 2606 2413 2661 verita
2435 2623 2505 2662 ne
2540 2626 2636 2678 per
2671 2611 2846 2666 frictae
2876 2614 3079 2667 frontis
3104 2619 3405 2683 praesentis
3437 2621 3616 2675 animi

1995 2694 2255 2748 etmultaz
2270 2697 2493 2749 astutia:
2518 2698 2725 2751 nebulo
2749 2700 2943 2754 fucum
2970 2702 3052 2755 illi
3079 2704 3310 2775 faceret,
3343 2710 3622 2763 accedens

1997 2781 2114 2836 ﬁlio
2147 2783 2203 2835 in
2238 2800 2434 2837 aurem
2472 2791 2732 2841 materna
2776 2791 3121 2845 auctoritate
3152 2798 3469 2866 suggessit,
3504 2798 3621 2853 ﬁeri

1998 2880 2168 2939 posse
2200 2876 2260 2923 ut
2287 2873 2385 2939 qui
2420 2877 2529 2926 tam
2557 2880 2889 2931 constanter
2918 2892 3112 2933 coram
3139 2898 3269 2952 rege
3302 2901 3365 2937 ac
3418 2893 3623 2940 senatu

2000 2973 2101 3027 pro
2134 2975 2193 3011 se
2225 2959 2413 3013 dicere
2445 2962 2702 3029 auderet,
2738 2981 2931 3021 revera
2956 2968 3252 3037 innocens,
3274 2978 3425 3027 esset
3448 2991 3628 3045 quare

1998 3045 2179 3101 videri
2226 3049 2577 3103 sumendum
2625 3052 2881 3120 spatium
2914 3058 3317 3114 examinandis
3362 3065 3627 3118 testimo-

2000 3135 2130 3189 niis.
2168 3135 2244 3189 Eo
2277 3152 2371 3189 rex
2401 3137 2597 3192 audito
2630 3139 2815 3207 palam
2853 3147 3266 3213 pronuntiavit,
3311 3150 3518 3218 jubere
3567 3169 3628 3207 se

2003 3222 2061 3275 in
2115 3224 2422 3292 praesentia
2469 3225 2889 3296 Vestigatorem
2922 3235 3200 3288 custodite
3249 3238 3414 3304 tradi,
3450 3241 3631 3295 donec

2004 3316 2267 3366 accurate
2294 3317 2414 3367 tota
2443 3330 2619 3369 causa
2649 3325 3050 3385 cognoscatur.
3085 3325 3352 3393 Conjecto
3385 3344 3517 3383 mox
3540 3346 3632 3384 reo

2003 3397 2062 3451 in
2094 3416 2405 3467 carcerem,
2440 3403 2583 3457 adiit
2631 3404 2853 3460 leonem
2916 3418 3114 3477 mater,
3160 3418 3216 3465 et
3274 3415 3322 3466 ei
3365 3418 3633 3470 confessa

2006 3491 2093 3541 est
2122 3504 2182 3541 se
2214 3505 2340 3558 quae
2372 3491 2441 3544 de
2477 3493 2834 3561 vestigatore
2883 3497 3194 3565 detulerat,
3238 3518 3305 3555 ex
3362 3502 3634 3574 leopardo

2007 3579 2152 3628 teste
2183 3576 2371 3629 aurito
2404 3580 2773 3649 cognovisse;
2829 3585 3001 3653 hujus
3054 3588 3311 3655 probitas
3344 3607 3514 3661 quam
3551 3593 3633 3646 illi

2006 3667 2160 3717 esset
2187 3670 2488 3734 perspecta
2516 3668 2665 3721 scire
2688 3686 2836 3736 sese,
2872 3690 3038 3741 posse
3063 3676 3225 3729 illum
3265 3678 3633 3750 interrogari,

2006 3762 2212 3806 cuncta
2265 3753 2597 3809 distinctius
2629 3756 3045 3817 indieaturttm.
3073 3766 3155 3818 Ad
3184 3772 3250 3819 ea
3281 3765 3388 3830 leo,
3423 3769 3638 3823 Secura

2008 3839 2109 3906 sis,
2145 3845 2350 3907 mater,
2385 3842 2495 3908 ait;
2531 3844 2641 3897 cito
2693 3846 2916 3902 videbis
2968 3851 3167 3918 judice
3194 3869 3287 3907 me
3318 3871 3431 3909 non
3480 3857 3637 3911 abire

2006 3925 2294 3995 impunita
2327 3930 2562 3986 scelera.
3398 3947 3406 3954 '

2082 4051 2170 4106 ιν.
2203 4051 2379 4105 Nocte
2411 4053 2671 4110 insecuta
2701 4059 2972 4113 convenit
3007 4063 3422 4133 Vestigalorem
3465 4068 3635 4121 Coro-

2008 4144 2202 4207 natus,
2235 4145 2289 4194 et
2317 4141 2571 4196 vinctum
2606 4161 2735 4199 eum
2760 4162 3022 4213 cernens,
3044 4166 3157 4205 non
3183 4151 3309 4205 sine
3340 4152 3635 4226 lacrymis,

2008 4227 2333 4283 Evenerunt
2368 4248 2575 4302 nempe
2637 4234 2846 4304 inquit,
2895 4252 3021 4305 quae
3079 4239 3183 4292 tibi
3243 4241 3638 4311 praedixeram.

2006 4315 2089 4368 Tu
2122 4322 2339 4383 autem,
2373 4334 2521 4374 caeco
2562 4324 2645 4375 tui
2676 4338 2872 4378 amore
2928 4342 2991 4378 ac
3041 4328 3395 4395 praeﬁdentia
3426 4329 3636 4398 elatus,

2008 4406 2422 4461 contemnebas
2454 4424 2598 4462 sana
2631 4410 2867 4476 monita,
2899 4418 2957 4467 et
2985 4415 3478 4483 denuntiationes,
3513 4436 3637 4488 quae

2009 4506 2181 4559 quam
2245 4508 2387 4547 verm
2438 4496 2653 4551 fuerint
2728 4514 2851 4553 sero
2910 4502 3162 4571 denique
3220 4521 3373 4558 nunc
3431 4507 3636 4560 sentis.

2013 4579 2721 4653 Respondit,Vestigator
2778 4605 2790 4641 :
2849 4588 2996 4642 Vera
3078 4593 3415 4660 exprobras,
3493 4594 3638 4649 nihil

2009 4667 2115 4721 tibi
2177 4670 2467 4737 relictum,
2524 4690 2555 4726 o
2609 4674 2814 4743 amice,
2874 4681 3006 4735 est:
3081 4680 3440 4735 admonuisti
3523 4684 3641 4735 uti-

2008 4754 2087 4809 lia
2145 4756 2554 4814 interminatus
2610 4778 2671 4815 es
2728 4780 2883 4817 vera.
2934 4765 3049 4835 Ego
3108 4773 3303 4822 autem
3364 4785 3480 4823 non
3539 4771 3643 4824 ob-

2012 4846 2326 4913 temperavi
2385 4847 2509 4914 tibi,
2569 4850 2936 4920 inexplebilis
3007 4856 3339 4924 cupiditatis
3416 4859 3646 4912 insania

2014 4932 2191 4986 miser
2219 4933 2605 4991 dementatus.
2656 4943 2874 4993 Passus
2906 4941 3059 4997 enim
3093 4958 3264 4997 suum
3299 4944 3453 4999 idem
3486 4949 3640 5014 quod

2010 5018 2463 5091 intemperantes
2516 5027 2674 5095 aegri,
2735 5030 2835 5097 qui
2896 5029 3030 5084 licet
3071 5032 3311 5102 experti,
3344 5034 3503 5103 gravi
3537 5051 3643 5088 suo

2009 5109 2245 5177 damno,
2277 5111 2391 5165 vim
2424 5112 2748 5169 maleﬁcam
2782 5116 3098 5173 insalubris
3127 5120 3240 5173 cibi
3290 5125 3483 5174 tamen
3517 5123 3644 5191 ejus

2010 5196 2496 5255 malesuadavicti
2526 5201 2856 5269 dulcedine,
2898 5221 3012 5260 non
3045 5222 3106 5260 se
3130 5208 3431 5261 continent
3479 5210 3549 5261 ab
3578 5225 3644 5262 eo

2010 5288 2389 5355 regustando.
2477 5289 2568 5343 Me
2625 5307 2756 5347 vero
2811 5309 2967 5348 nunc
3024 5294 3083 5348 in
3143 5295 3251 5349 has
3336 5297 3643 5366 angustias

2008 5374 2309 5429 redactum
2371 5392 2483 5430 non
2543 5394 2672 5432 mea
2730 5380 2942 5448 solum,
3029 5398 3205 5451 quam
3267 5383 3440 5452 culpa
3500 5384 3645 5437 mihi

2006 5461 2277 5517 accersivi
2337 5464 2597 5535 propria,
2652 5466 2955 5521 calamitas
3013 5470 3191 5541 angit,
3262 5472 3359 5526 sed
3452 5476 3646 5523 metus

2004 5554 2283 5617 praeterea
2341 5553 2652 5607 conturbat
2680 5555 2751 5608 de
2792 5560 2846 5609 te
2890 5571 2960 5610 ne
2999 5556 3279 5613 innocens
3335 5557 3646 5611 involvaris

2008 5653 2138 5693 meo
2199 5639 2465 5695 crimine.
2529 5642 2779 5697 Pronum
2836 5644 2992 5698 enim
3052 5644 3206 5699 factu
3266 5650 3374 5713 est,
3417 5649 3656 5714 propter
