4108 6294
410 358 415 363 ,
443 301 580 354 1287

1924 298 2301 350 APPENDIX.

3680 298 3701 350 1
3710 300 3809 351 288

446 430 639 481 notam
670 425 823 479 inter
856 441 958 479 nos
1005 423 1344 492 amicitiam,
1388 425 1452 477 ut
1504 421 1600 492 qui
1658 438 1746 475 me
1779 420 2072 490 perditum
2103 426 2155 491 Α
2187 419 2555 475 excruciatur
2578 421 2705 489 ejus
2728 422 2980 488 animus,
3008 438 3111 475 nec
3133 422 3344 493 quietis
3375 438 3577 493 capere
3601 430 3811 495 partem

443 514 709 584 cupiunt,
743 530 809 567 ex
860 518 913 567 te
960 529 1153 568 rerum
1185 514 1446 567 omnium
1498 511 1734 564 conscio
1790 526 2076 577 mearum,

441 602 845 657 testimonium
916 606 1198 655 conentur
1258 605 1618 670 extorquere,
1680 614 1745 651 ac
1803 601 1905 650 tua
1968 596 2081 649 ﬁde

444 691 744 761 cupiditati
780 708 980 746 eorum
1014 707 1127 745 non
1174 690 1554 760 obsequente,
1599 693 1715 741 tam
1751 686 1894 740 diris
1928 701 1992 740 ex
2026 689 2082 738 te

445 780 862 849 questionibus
921 780 1073 850 quod
1135 796 1225 833 me
1292 782 1491 847 gravet
1561 774 1816 843 eliciant,
1879 779 1938 826 ut
2017 778 2080 825 tu

447 867 805 922 cruciatibus
868 869 1292 921 tormentorum
1352 867 1613 927 enectus,
1682 877 1786 931 ego
1845 858 2081 913 indiciis

446 955 734 1025 expressis
807 953 1127 1025 quaestione
1212 952 1530 1016 convictus,
1618 948 1834 1019 pariter
1911 947 2080 1001 ambo

446 1058 775 1112 pereamus.
838 1041 1160 1111 Respondit
1214 1039 1538 1093 Coronatus
1574 1054 1585 1089 :
1620 1040 1733 1090 Hoc
1783 1035 1975 1105 ipsum
2027 1038 2083 1087 et

444 1146 548 1201 ego
606 1130 828 1201 providi
885 1130 1166 1194 futurum,
1201 1132 1256 1181 et
1318 1131 1514 1181 metuo
1547 1142 1661 1179 non
1700 1125 1887 1193 magis
1935 1122 2079 1177 mihi

446 1235 621 1288 quam
652 1218 771 1271 tibi.
806 1218 863 1271 Si
908 1218 1060 1271 enim
1121 1216 1306 1269 alieno
1364 1213 1700 1269 testimonio
1759 1212 2078 1279 convictus,

446 1313 758 1361 contumax
790 1311 846 1360 et
873 1306 1248 1376 imposnitens
1298 1309 1481 1358 morte
1531 1303 1827 1369 afﬁciaris,
1861 1301 1974 1355 scis
2025 1304 2081 1353 te

447 1396 514 1449 ad
549 1395 734 1448 dirius
796 1393 952 1448 aliud
1012 1394 1161 1447 trahi
1220 1392 1500 1459 tribunal,
1531 1409 1562 1445 a
1593 1408 1706 1461 quo
1752 1389 2081 1458 inexpiatus

451 1483 868 1552 deprehensus,
920 1481 1293 1552 sempiternis
1373 1479 1659 1534 addiceris
1738 1476 2079 1547 suppliciis;

447 1588 571 1641 qua:
630 1588 760 1625 cum
815 1574 1175 1624 commutare
1232 1568 1507 1623 brevibus
1566 1567 1741 1636 hujus
1776 1564 2079 1634 temporis,

445 1659 631 1729 poenis
663 1659 815 1713 ultro
848 1658 1157 1712 subeuntis
1190 1656 1378 1710 adhuc
1432 1653 1644 1725 possis,
1696 1669 1943 1723 suggero
1976 1651 2079 1705 tibi

2190 506 2368 561 ullam
2393 509 2563 575 valet,
2586 510 2773 578 quoad
2798 510 3300 565 calumniatiorem
3319 511 3812 580 scelestissimum,

2188 596 2355 663 cujus
2387 596 2613 650 artibus
2640 597 2878 652 nefariis
2930 598 2986 651 in
3031 615 3156 653 eam
3193 600 3454 653 fraudem
3492 600 3818 670 implicatus

2188 687 2295 747 est,
2324 682 2507 752 poenis
2531 685 2757 739 meritis
2806 686 3139 753 subjecerit.
3161 689 3348 751 Quare
3371 688 3539 756 agite,
3572 690 3816 743 conferte

2191 771 2245 822 in
2298 771 2407 825 hoc
2455 788 2690 842 operam
2725 777 2781 826 et
2812 774 3140 844 reipublicae
3184 778 3240 829 et
3287 777 3427 845 regi,
3462 786 3527 829 ut
3559 778 3664 830 rite
3695 794 3815 831 reus

2192 860 2383 929 peragi
2418 859 2939 930 legitimojudicio,
2970 866 3253 916 veterator
3287 863 3686 933 nequissimus
3716 865 3813 919 iste

2189 945 2520 1017 Vestigator
2543 950 2747 1019 possit.
2770 950 3049 1019 Pernegat
3071 950 3226 1004 enim
3247 952 3458 1005 factum
3477 968 3586 1005 non
3613 953 3812 1007 minori

2191 1035 2507 1099 pervicacia
2531 1052 2704 1105 quam
2755 1042 2975 1106 quanta
2990 1039 3117 1107 ejus
3143 1038 3321 1092 fuitin
3343 1055 3406 1093 eo
3441 1044 3813 1109 perpetrando

2190 1123 2450 1191 perfidia.
2486 1124 2592 1177 Sed
2625 1124 2989 1193 impudentia
3023 1126 3326 1178 nebulonis
3378 1126 3609 1195 perditi,
3663 1129 3815 1181 testi-

2193 1210 2402 1264 moniis
2433 1212 2698 1265 convicta
2740 1213 3127 1278 consciorum,
3170 1213 3413 1267 illudere
3439 1215 3657 1269 diutius
3692 1217 3812 1269 fidei

2190 1298 2427 1367 publica;
2460 1299 2881 1368 prohibebitur.
2935 1305 3164 1354 Promat
3197 1302 3366 1355 modo
3417 1302 3596 1357 libere
3642 1321 3813 1357 unus-

2189 1387 2429 1456 quisque
2486 1392 2740 1441 vestrum
2800 1389 2953 1457 quod
3005 1390 3072 1442 de
3122 1389 3418 1455 illonovit,
3455 1392 3816 1459 respondebit

2190 1491 2289 1544 pro
2322 1491 2381 1529 se
2419 1492 2551 1529 reus
2608 1492 2861 1545 praesens
2914 1477 3063 1546 quod
3098 1477 3404 1531 videbitur.
3456 1480 3815 1547 Quaesitores,

2189 1564 2412 1617 cunctis
2447 1563 2719 1633 utrinque
2755 1564 2993 1628 auditis,
3027 1565 3504 1631 arbitrabuntur;
3542 1567 3623 1620 sic
3657 1568 3811 1636 judi-

2190 1651 2344 1704 cium
2371 1652 2477 1705 rite
2500 1656 2673 1721 atque
2694 1652 2913 1719 ordine,
2940 1655 3091 1721 quod
3117 1670 3213 1706 rex
3236 1655 3581 1707 nominatim
3618 1657 3815 1723 jussit,

444 1748 552 1802 hoc
579 1746 851 1800 ultimum
909 1749 966 1799 et
1022 1762 1123 1815 pro
1174 1748 1327 1798 statu
1391 1760 1583 1797 rerum
1635 1748 1866 1795 tuarum
1911 1739 2078 1793 unice
2113 1759 2157 1820 Β
2191 1746 2569 1801 exercebitur.
2631 1747 2907 1817 Leopardi
2966 1748 3284 1803 orationem
3342 1750 3565 1819 excepit
3608 1751 3819 1803 arbiter

446 1836 585 1889 utile
607 1833 945 1903 consilium,
967 1838 1029 1886 ut
1045 1837 1251 1902 sponte
1275 1830 1603 1885 conﬁtearis
1627 1845 1753 1899 quae
1778 1827 2026 1897 peccasti
2056 1844 2072 1895 ;

456 1939 521 1977 ac
568 1923 641 1988 si,
700 1922 852 1991 quod
915 1936 1149 1991 sperare
1207 1920 1342 1973 licet
1396 1935 1427 1973 e
1485 1918 1638 1987 regis
1696 1915 2072 1986 benignitate,

445 2010 692 2081 gratiam
729 2008 1002 2079 supplicii
1042 2007 1421 2072 nanciscaris,
1458 2005 1632 2059 vitam
1684 2005 2073 2058 condonatarn

445 2098 603 2152 lucro
665 2097 955 2167 imputes;
1014 2096 1103 2149 sin
1158 2094 1281 2166 lege
1340 2095 1395 2148 in
1460 2098 1515 2147 te
1573 2096 1797 2162 agetur,
1850 2090 2075 2161 piaculo

443 2185 768 2241 voluntarie
820 2188 1091 2255 suscepto
1126 2199 1306 2254 poenae
1363 2180 1723 2251 temporariae
1774 2183 2073 2249 purgatus,

443 2279 791 2328 aeternorum
825 2273 977 2343 apud
1037 2288 1238 2325 manes
1290 2270 1655 2324 cruciatuum
1692 2266 1945 2338 periculo
1979 2268 2075 2320 de-

446 2362 728 2432 fungaris.
765 2361 892 2415 Haec
913 2360 1240 2430 Vestigator
1270 2359 1534 2421 audiens,
1578 2360 1634 2411 et
1680 2355 1851 2409 solita
1882 2372 1941 2408 se
1971 2356 2077 2408 ob-

447 2450 686 2504 ﬁrmans
716 2450 991 2503 adversus
1025 2465 1162 2501 sana
1194 2446 1412 2500 monita
1452 2444 1685 2513 duritie,
1732 2442 2034 2513 respondit
2063 2456 2077 2496 :

446 2536 717 2592 Nondum
750 2536 829 2589 ita
859 2536 1167 2605 desperata
1217 2549 1343 2587 mea
1372 2548 1549 2586 causa
1581 2534 1689 2593 est,
1718 2535 1783 2583 ut
1814 2530 1882 2583 ad
1921 2526 2076 2581 istud

447 2629 771 2680 extremum
799 2622 1268 2677 descendendum
1298 2618 1439 2673 mihi
1458 2617 1770 2673 consilium
1789 2615 2075 2686 judicem.

444 2710 718 2782 Experiar
772 2711 933 2779 prius
985 2708 1247 2778 quaedam
1309 2706 1441 2771 alia,
1507 2719 1816 2773 morasque
1864 2702 2079 2770 quibus

441 2806 638 2871 potero
668 2800 891 2854 artibus
922 2799 1233 2864 obducam,
1268 2796 1315 2851 si
1354 2797 1498 2850 forte
1528 2794 1864 2865 insperatis,
1900 2796 1965 2845 ut
2013 2790 2079 2844 fit

448 2890 767 2958 interdum,
831 2887 1145 2942 momentis
1205 2901 1267 2940 ac
1320 2883 1555 2937 casibus
1614 2882 1843 2936 fortuna
1869 2876 2078 2948 judicii

444 2977 870 3049 prosperiorem
948 2976 1007 3029 in
1075 2975 1294 3029 exitum
1379 2975 1555 3043 queat
1638 2984 1889 3039 vergere.
1985 2966 2080 3019 His

445 3071 763 3124 Coronatus
796 3066 1031 3133 auditis,
1094 3066 1401 3134 desperata
1456 3059 1755 3116 curatione
1798 3056 2075 3112 obstinati

444 3155 643 3223 animi,
677 3153 916 3209 recessit
946 3151 1322 3207 acerbissime
1361 3148 1583 3212 dolens,
1622 3150 1678 3200 et
1707 3149 1863 3200 certo
1899 3143 2072 3199 amici

439 3244 631 3310 exitio,
666 3246 722 3297 et
754 3259 859 3297 suo
904 3240 1092 3311 ipsius
1139 3236 1484 3310 gravissimo
1517 3233 1771 3306 periculo
1808 3250 1820 3288 :
1858 3232 2074 3304 quippe

438 3332 538 3403 qui
599 3328 1136 3402 perspectissimum
1196 3326 1455 3393 haberet,
1511 3323 1681 3377 vitari
1742 3338 1854 3375 non
1905 3336 2075 3391 posse

439 3421 577 3489 quin
617 3419 1014 3489 perseverante
1047 3414 1102 3468 in
1136 3412 1402 3467 criminis
1432 3410 1787 3466 inficiatione
1806 3409 2073 3477 Vestiga-

441 3513 582 3572 tore,
615 3504 738 3574 ipse
769 3518 941 3573 quem
976 3517 1179 3555 omnes
1209 3499 1259 3553 ei
1283 3495 1806 3552 familiarissimum
1833 3494 2073 3562 scirent,

446 3599 545 3648 aut
600 3591 904 3663 quaestioni
964 3589 1370 3657 subjiceretur,
1404 3589 1505 3639 aut
1544 3583 1693 3639 velut
1725 3582 1990 3637 conscius
2022 3584 2076 3634 et

442 3682 727 3752 particeps
759 3677 994 3734 sceleris
1024 3676 1309 3745 ejusdem,
1346 3673 1468 3745 pari
1506 3688 1637 3727 cum
1690 3671 1789 3725 illo
1831 3671 2072 3723 damna-

440 3769 584 3823 tioni
640 3767 1061 3823 succumberet.
1116 3764 1244 3817 Haec
1295 3778 1428 3833 ergo
1462 3760 1876 3815 mmstissimus
1904 3772 2075 3826 repu-

442 3862 591 3925 tans,
625 3858 682 3908 et
707 3858 990 3925 pertaesus
1017 3852 1169 3920 vitae,
1204 3849 1412 3905 hausto
1461 3849 1614 3903 ultro
1660 3861 1880 3901 veneno
1911 3843 2074 3898 efﬂa-

439 3945 519 3999 vit
550 3943 826 3998 animam.

509 4068 576 4121 V.
614 4065 898 4121 Postridie
951 4065 1123 4133 jussu
1183 4062 1338 4133 regis
1392 4077 1494 4130 pro
1553 4058 1831 4113 tribunali
1868 4060 2079 4127 praetor

446 4157 621 4226 sedit,
652 4154 1049 4210 assidentibus
1094 4152 1398 4222 judicibus
1455 4148 1716 4203 delectis.
1777 4147 1988 4201 Eodem
2022 4149 2079 4199 et

440 4246 754 4316 lcopardus
774 4242 950 4298 venit.
983 4243 1346 4297 Concussum
1368 4240 1549 4293 densa
1567 4253 1780 4291 corona
1802 4235 2078 4289 circums-

440 4336 600 4390 tabat
646 4335 929 4389 universae
978 4331 1245 4402 palatinas
1271 4328 1514 4383 militiae.
1539 4328 1841 4381 Adductus
1864 4325 1921 4378 in
1952 4341 2075 4378 me-

440 4425 603 4478 dium
649 4440 679 4478 e
724 4438 947 4477 carcere
974 4420 1302 4491 Vestigator
1324 4422 1433 4482 est,
1479 4432 1714 4471 causam
1746 4414 1801 4467 in
1835 4413 2078 4467 vinculis
2108 4448 2152 4510 Ι)

439 4513 725 4567 dicturus.
757 4512 1006 4576 Primus,
1040 4508 1409 4579 congregatis
1441 4505 1691 4572 cunctis,
1725 4502 1897 4557 verba
1946 4502 2077 4556 fecit

439 4600 749 4672 lcopardus
779 4600 837 4653 in
869 4600 1026 4654 hunc
1058 4600 1292 4653 modum
1321 4613 1333 4650 :
1361 4597 1478 4650 Rex
1510 4599 1724 4662 noster,
1769 4610 1801 4647 ο
1832 4591 2072 4647 commi-

438 4691 675 4753 litones,
708 4688 1049 4760 participem
1075 4704 1165 4741 me
1216 4685 1351 4741 fecit
1381 4684 1689 4753 cujusdam
1712 4680 1901 4753 gravis
1924 4695 2073 4734 cura:

436 4793 553 4831 suae
582 4793 755 4847 quam
796 4777 970 4830 etiam
1021 4773 1442 4829 communicari
1482 4770 1643 4825 vobis
1675 4768 1874 4824 voluit.
1910 4766 2075 4821 Acris

439 4882 571 4919 eum
622 4862 963 4934 poenitentia
1020 4861 1263 4917 incessit
1312 4860 1593 4913 interfecti
1650 4856 1825 4922 tauri,
1860 4854 2075 4909 idcirco

437 4954 591 5023 quod
627 4968 738 5006 non
771 4948 1215 5005 contemnendis
1249 4947 1481 5000 indiciis
1539 4961 1668 4999 sero
1697 4943 1868 5013 ccepit
1901 4941 2076 4996 intel-

438 5042 635 5111 ligere,
669 5040 1039 5093 innocentem
1093 5036 1287 5102 illum,
1319 5050 1380 5089 se
1412 5033 1560 5088 dolis
1596 5031 1767 5086 malis
1821 5035 1877 5085 et
1918 5029 2077 5083 dela-

436 5131 694 5184 tionibus
727 5127 889 5183 falsis
951 5128 1009 5180 in
1064 5128 1194 5196 ejus
1236 5139 1435 5179 necem
1484 5121 1783 5191 instigato,
1836 5120 2077 5191 periisse

433 5221 561 5275 Jam
594 5220 704 5273 hoc
736 5220 888 5288 ejus,
913 5234 1014 5287 per
1040 5215 1153 5271 alia
1177 5231 1407 5286 quoque
1429 5211 1825 5282 experimenta
1848 5209 2077 5264 cunctis

438 5315 581 5365 notae
597 5308 877 5365 bonitatis
894 5306 1203 5376 etjustitias
1214 5321 1279 5359 eo
1298 5302 1651 5358 laudabilius
1665 5304 2075 5372 argumentum

436 5404 543 5465 est,
604 5416 716 5459 quo
775 5400 886 5453 fert
955 5396 1169 5468 aegrius
1242 5394 1485 5449 illusum
1541 5392 1650 5447 sibi
1712 5406 1843 5445 cum
1917 5391 2079 5443 tanta

438 5488 687 5543 insontis
720 5486 928 5558 capitis
961 5486 1196 5555 injuria.
1228 5483 1284 5537 Si
1317 5482 1456 5553 quid
1489 5479 1642 5535 enim
1665 5479 1811 5534 mihi
1842 5476 2077 5533 creditis

440 5576 782 5632 intimorum
836 5575 964 5645 ejus
1022 5589 1301 5630 sensuum
1354 5569 1609 5636 conscio,
1657 5564 2078 5623 incredibiliter

2188 1834 2526 1902 quaestionis
2550 1838 2761 1904 praetor
2784 1834 2842 1887 in
2877 1835 2995 1889 haec
3028 1836 3203 1889 verba
3228 1853 3240 1887 :
3263 1837 3817 1891 Convenieutissime

2179 1923 2293 1991 juri
2330 1939 2393 1975 ac
2426 1922 2575 1975 mori
2609 1923 2895 1991 majorum
2932 1928 2987 1976 et
3016 1922 3103 1976 leo
3126 1924 3487 1994 praecepit,et
3516 1923 3816 1992 leOpardus

2184 2010 2490 2077 peroravit.
2525 2010 2685 2072 Quod
2720 2014 3007 2079 superest,
3053 2016 3336 2076 vestrum,
3370 2015 3655 2081 quotquot
3686 2013 3812 2064 adc-

2183 2096 2313 2163 stis,
2341 2098 2744 2167 unusquisque
2766 2114 2827 2151 se
2850 2098 3116 2166 accingat
3131 2099 3197 2152 ad
3223 2100 3631 2169 proferendum
3658 2116 3815 2153 sum-

2186 2200 2279 2236 ma
2302 2184 2412 2237 fide
2431 2184 2672 2254 parique
2695 2184 2957 2238 libertate
2986 2186 3137 2254 quod
3177 2187 3247 2239 de
3292 2187 3395 2239 hac
3428 2203 3603 2241 causa
3630 2187 3815 2257 deque

2182 2271 2546 2341 Vestigatore
2587 2278 2946 2342 compertum
2980 2272 3168 2327 habet.
3204 2274 3673 2343 Cooperabimini
3706 2276 3813 2329 hoc

2186 2360 2407 2429 agendo
2452 2359 2537 2413 vel
2598 2360 2844 2414 maxime
2898 2361 3194 2414 communi
3256 2362 3529 2429 utilitati;
3588 2362 3817 2432 publice

2187 2446 2399 2517 quippe
2458 2448 2699 2501 interest
2758 2465 2868 2502 non
2920 2449 3159 2518 impune
3192 2450 3352 2502 abire
3383 2450 3717 2503 sceleratos.
3754 2467 3820 2503 ne

2187 2534 2374 2589 securi
2407 2535 2731 2589 severitatis
2757 2537 2945 2605 legum
2973 2535 3261 2606 quidlibet
3281 2536 3528 2607 improbi
3551 2538 3821 2592 audeant.

2185 2624 2301 2676 Sub
2333 2622 2453 2677 haec
2507 2623 2662 2677 dicta
2716 2622 3018 2677 silentium
3088 2623 3421 2693 aliquandiu
3474 2630 3820 2679 cunctorum

2189 2711 2316 2777 fuit,
2351 2711 2503 2780 quod
2554 2710 2779 2780 primus
2825 2712 3181 2782 abrumpens
3225 2711 3571 2777 Vestigator,
3627 2713 3820 2767 Heus!

2185 2815 2307 2864 vos,
2364 2798 2577 2868 inquit,
2639 2803 2771 2870 post
2822 2804 2941 2853 tam
2998 2801 3151 2854 acria
3211 2800 3440 2854 dicendi
3490 2802 3665 2869 jussa
3722 2818 3825 2855 cur

2186 2886 2437 2955 tacetis?
2491 2886 2675 2957 Agite,
2750 2903 2842 2941 me
2910 2903 3145 2957 quoque
3201 2888 3501 2958 invitante,
3566 2891 3823 2960 proferte

2189 2975 2473 3045 quidquid
2499 2975 2568 3028 de
2601 2991 2691 3029 me
2717 2975 2934 3043 nostis;
2958 2992 3070 3031 non
3097 2992 3324 3043 recuso,
3349 2976 3489 3047 quin
3518 2978 3695 3032 etiam
3717 2978 3821 3033 ﬂa-

2188 3071 2547 3141 gito.Audire
2561 3071 2730 3140 cupio
2746 3070 2885 3141 quid
2902 3071 3043 3125 mihi
3068 3076 3416 3142 opponatur,
3436 3078 3676 3143 paratus
3690 3090 3824 3127 con-

2182 3158 2345 3213 tinuo
2392 3174 2523 3213 vere
2553 3159 2779 3228 objecta
2821 3158 3006 3225 fateri,
3041 3158 3186 3213 falso
3207 3159 3481 3227 imposita
3531 3161 3819 3216 refellere.

2182 3248 2276 3303 Sic
2308 3264 2443 3317 ergo
2475 3248 2738 3302 dicturus
2793 3247 3042 3318 quisque
3087 3264 3147 3304 se
3179 3255 3492 3319 comparet,
3524 3258 3583 3304 ut
3613 3255 3821 3305 contra

2183 3352 2369 3389 meum
2397 3335 2793 3390 defensionem
2818 3336 2967 3391 tueri
2991 3338 3390 3392 testimonium
3416 3354 3586 3393 suum
3611 3345 3821 3409 queat;

2182 3424 2280 3494 qui
2313 3442 2482 3479 secus
2514 3425 2713 3479 fecerit
2773 3425 2831 3478 in
2887 3432 3062 3495 caput
3111 3443 3282 3481 suum
3341 3429 3627 3497 peccabit.
3677 3430 3820 3493 Quae

2182 3514 2335 3567 enim
2370 3513 2588 3567 nostris
2640 3511 2868 3583 legibus
2891 3514 3245 3583 mquissimae
3275 3516 3607 3570 constitutis
3640 3533 3828 3586 paenae

2183 3607 2320 3655 sunt
2351 3602 2409 3654 in
2440 3600 2705 3656 falsarios
2735 3600 2946 3672 linguae
3006 3619 3069 3657 ac
3132 3603 3266 3658 fidei
3322 3604 3563 3671 venalis,
3605 3620 3702 3659 eas
3764 3621 3832 3661 se

2183 3690 2551 3744 subituorum
2578 3705 2669 3743 me
2698 3695 2922 3761 agente,
2946 3707 3010 3744 ac
3034 3695 3297 3762 praetore,
3349 3698 3524 3763 prout
3550 3692 3636 3746 lex
3660 3694 3839 3762 jubet

2182 3783 2238 3832 et
2270 3794 2358 3831 res
2388 3778 2981 3847 exiget,decernente,
3015 3779 3179 3835 sciat.
3224 3782 3410 3850 Atque
3434 3781 3576 3836 adeo
3602 3781 3835 3846 videat,

2183 3864 2231 3919 si
2264 3865 2362 3935 qui
2412 3865 2610 3933 lingua
2644 3865 2698 3918 in
2733 3865 3213 3920 obtrectationem
3259 3868 3469 3937 prurit,
3501 3885 3573 3922 ne
3605 3869 3837 3924 similia

2183 3953 2441 4023 patiatur
2466 3952 2736 4022 imperito
2774 3954 2995 4008 medico
3027 3954 3127 4023 qui
3160 3971 3366 4025 parum
3403 3956 3627 4010 habens
3662 3960 3828 4026 quod

2184 4045 2377 4111 ageret
2407 4040 2463 4094 in
2498 4042 2702 4111 patria,
2737 4041 2836 4094 ubi
2871 4042 3137 4112 cognitus
3190 4042 3615 4115 negligebatur,
3651 4061 3827 4115 pere-

2183 4145 2284 4199 gre
2342 4128 2637 4199 simplices
2685 4129 2953 4200 quaesivit
3009 4130 3224 4200 quibus
3282 4136 3409 4186 tuto
3468 4132 3823 4203 imponeret.

2185 4225 2483 4279 Profectus
2515 4240 2650 4293 ergo
2681 4224 2738 4277 in
2772 4224 3086 4295 civitatem,
3108 4227 3279 4297 cujus
3324 4227 3594 4298 princeps
3635 4228 3825 4284 filiam

2185 4313 2435 4367 habebat
2472 4329 2540 4366 ex
2571 4312 2768 4365 morbo
2799 4313 2957 4383 gravi
3002 4314 3467 4383 decumbentem,
3501 4317 3558 4370 in
3594 4323 3828 4387 partem

2185 4401 2314 4469 ejus
2360 4397 2680 4452 curationis
2740 4399 3039 4454 adhibitus
3096 4401 3350 4472 periculo
3404 4420 3510 4458 suo
3562 4410 3672 4471 est,
3717 4404 3831 4458 hac

2186 4488 2437 4559 quadam
2460 4500 2527 4539 ex
2544 4501 2749 4540 causa:
2776 4491 2899 4541 erat
2929 4488 2987 4542 in
3006 4506 3073 4543 ea
3093 4490 3234 4545 urbe
3257 4491 3518 4547 medicus
3537 4508 3831 4563 perquam

2182 4574 2465 4642 eruditus,
2527 4574 2621 4628 sed
2674 4575 2859 4629 aetatis
2911 4576 3073 4644 vitio,
3134 4585 3229 4631 aut
3271 4578 3627 4633 calamitatis
3656 4596 3837 4643 casu,

2184 4663 2417 4733 penitus
2448 4662 2685 4716 orbatus
2735 4661 2864 4717 luce
2919 4665 3243 4721 oculorum.
3292 4666 3545 4721 Vocatus
3605 4668 3708 4723 ille
3755 4669 3828 4723 ad

2183 4767 2415 4822 aegram,
2448 4766 2517 4803 ex
2546 4754 2763 4804 attactu
2796 4750 3005 4821 pulsus
3038 4754 3375 4824 caeterisque
3412 4772 3537 4826 quae
3569 4758 3831 4822 audivit,

2184 4838 2479 4893 intellecta
2533 4838 2717 4892 morbi
2765 4856 2942 4893 causa
3001 4841 3320 4896 remedium
3388 4843 3438 4896 ei
3499 4844 3832 4899 indubitati

2184 4942 2491 4982 successus
2522 4925 2813 4996 opposuit,
2838 4928 3263 4997 praescribenda
3297 4931 3529 5000 potione
3549 4947 3619 4986 ex
3640 4949 3829 4987 succo

2184 5015 2374 5069 herbae
2432 5015 2524 5067 cui
2581 5013 2826 5084 capillus
2884 5018 3124 5072 Veneris
3176 5034 3385 5073 nomen
3443 5025 3550 5074 est.
3604 5021 3829 5076 Verum

2185 5103 2339 5174 quod
2373 5100 2557 5157 oculis
2588 5102 2712 5171 ipse
2743 5107 2950 5174 captus
3007 5104 3335 5161 discernere
3394 5108 3639 5163 herbam
3702 5127 3827 5164 non

2184 5190 2419 5257 valeret,
2505 5190 2847 5260 proﬁcisens
2927 5193 2985 5245 in
3062 5194 3397 5265 apothecam
3458 5196 3839 5263 barbariam,

2185 5290 2456 5345 comitem
2490 5289 2707 5360 Optavit
2746 5304 2983 5359 peregre
3012 5291 3324 5362 appulsam
3368 5294 3686 5348 medicum.
3729 5296 3845 5349 Hic.

2188 5378 2332 5433 nihil
2366 5378 2563 5433 nimus
2592 5394 2768 5447 quam
2823 5379 2974 5447 quod
3008 5380 3389 5448 proﬁtebatur
3433 5381 3657 5437 callens
3711 5387 3841 5437 tam

2186 5467 2453 5538 imperite
2484 5467 2544 5520 in
2580 5465 2803 5520 delectu
2836 5472 3103 5522 versatus
3149 5473 3258 5532 est,
3309 5474 3373 5523 ut
3421 5471 3677 5526 cicutam
3714 5474 3847 5527 vice

2184 5558 2382 5629 capilli
2417 5554 2647 5611 Veneris
2685 5554 2999 5625 pharmace
3030 5556 3397 5627 admisceret,
3445 5576 3565 5630 quo
3615 5560 3847 5618 hausto
