4108 6294
270 385 407 438 1289

1283 381 1640 435 SPECIMEN
1678 379 2075 432 SAPIENTUE
2115 375 2444 428 lNDORUM
2480 374 2642 426 VET.

3522 364 3660 417 1290

267 508 385 563 ﬁlia
411 506 689 578 principis
722 507 956 575 repente
997 508 1085 558 est
1131 506 1378 557 mortua.
1412 502 1651 557 Cunctis
1686 500 1901 553 miran-
1935 503 1986 566 Α
2020 497 2202 551 sentis
2237 502 2289 550 te
2322 501 2668 567 prrepostcre
2693 491 3342 564 perspicacem,vidisse
3376 490 3654 544 festucam

267 600 455 664 tibus,
517 602 573 653 et
630 614 775 652 caeco
837 596 1061 651 medico
1132 600 1277 649 notas
1347 594 1565 664 peritiae
1625 610 1690 647 ac
1750 592 1902 658 fidei,

270 690 700 759 perseverante,
760 702 873 740 non
934 684 1195 755 potuisse
1254 682 1561 737 mulierem
1615 678 1904 749 exstingui

272 776 521 847 potione,
558 775 668 829 nisi
703 778 958 828 erratum
1011 776 1166 827 esset
1194 772 1251 825 in
1283 769 1702 840 compositione
1733 767 1904 837 phar-

273 864 440 929 maci,
495 864 675 918 herba
724 862 895 916 noxia
950 877 1053 931 pro
1108 860 1236 913 utili
1290 858 1607 928 supposita.
1651 857 1908 927 Dynasta

273 958 439 1022 pater
488 954 752 1014 mortuae,
782 951 1133 1019 jexpressum
1184 964 1251 1002 ex
1299 947 1500 1000 eadem
1550 944 1731 998 herba
1779 960 1905 1013 quae

276 1040 457 1093 filiam
487 1039 776 1093 occiderat
824 1054 1065 1091 succum
1110 1037 1339 1090 ebibere
1371 1051 1566 1089 coram
1616 1050 1677 1087 se
1726 1030 1905 1085 medi-

274 1145 404 1181 cum
439 1132 698 1181 exterum
731 1126 937 1196 coegit,
975 1126 1072 1195 qui
1107 1124 1284 1178 miser
1320 1122 1594 1178 continuo
1626 1121 1906 1185 extabuit,

275 1215 578 1285 imperitia:
611 1215 977 1282 audaciaeque
1019 1229 1135 1266 suae
1178 1228 1376 1281 poenas
1406 1210 1705 1264 exsolvens
1733 1208 1909 1261 meri-

273 1304 556 1357 tissimas.
593 1303 686 1356 Sic
717 1301 959 1364 eveniet,
986 1302 1107 1370 jam
1142 1300 1278 1353 hinc
1308 1296 1612 1364 denuntio,
1643 1295 1905 1349 testimo-

273 1392 431 1445 nium
464 1395 664 1444 contra
697 1406 787 1443 me
819 1390 1034 1443 falsum
1075 1391 1177 1441 aut
1214 1386 1626 1440 inconveniens
1658 1384 1905 1448 dicenti;

271 1477 756 1548 slrangulabitur,
807 1492 979 1545 quem
1042 1474 1192 1529 male
1248 1474 1538 1537 nexuerit,
1598 1472 1803 1541 laqueo
1852 1476 1910 1524 et

271 1566 463 1637 gladio
496 1565 703 1619 inscite
734 1564 934 1618 stricto
968 1578 1094 1617 sese
1128 1562 1433 1616 confodiet.

342 1688 434 1741 VI.
471 1687 623 1741 Nihil
658 1688 765 1740 hac
792 1686 1243 1740 comminatione
1274 1685 1534 1752 territus,
1558 1689 1615 1737 et
1645 1683 1909 1737 irritatus

272 1773 623 1828 confidentia
673 1772 934 1842 loquacis
984 1772 1087 1836 rei,
1120 1771 1440 1826 assurrexit
1481 1771 1590 1824 sub
1639 1788 1706 1824 ea
1753 1769 1906 1823 dicta

277 1862 507 1932 primus
566 1877 885 1930 coquorum
936 1861 1107 1929 regis.
1159 1861 1246 1928 Et,
1297 1860 1503 1913 Audite
1556 1875 1666 1925 me,
1699 1858 1911 1927 inquit,

275 1951 380 2022 qui
413 1950 632 2003 adestis
676 1949 731 2001 in
777 1948 1016 2001 consilio
1059 1947 1328 2001 :aﬂ'eram
1369 1949 1520 2001 enim
1556 1948 1706 2017 quod
1740 1962 1912 2000 nosse

276 2040 349 2091 ad
385 2053 619 2092 causam
656 2036 859 2106 prosit,
874 2052 941 2088 ex
968 2037 1220 2105 quadam
1242 2035 1414 2103 longo
1439 2035 1579 2087 mihi
1614 2052 1721 2089 usu
1748 2039 1913 2105 parta

275 2125 484 2197 peritia
517 2140 708 2178 mores
736 2141 803 2178 ex
835 2124 977 2178 facie
1010 2123 1305 2177 noscendi.
1328 2127 1527 2179 Certos
1558 2122 1814 2177 vultibus
1846 2139 1911 2175 ac

270 2213 563 2267 frontibus
603 2228 950 2266 arcanorum
992 2212 1174 2265 animi
1221 2227 1502 2265 sensuum
1548 2210 1911 2264 characteres

269 2306 482 2355 natura
541 2300 771 2367 indidit,
822 2316 889 2353 ex
947 2298 1222 2368 qualibus
1280 2303 1542 2369 apparet,
1592 2298 1909 2368 Vestigato-

266 2405 395 2442 rem
438 2404 687 2457 nequam
721 2404 784 2440 ac
818 2386 1133 2440 subdolum
1178 2385 1516 2456 nulliusque
1560 2385 1689 2439 fidei
1728 2385 1908 2438 nebu-

267 2476 467 2530 lonem
517 2490 664 2537 esse,
701 2475 919 2544 quippe
952 2476 1050 2543 qui
1098 2473 1297 2526 oculos
1344 2474 1579 2542 oblique
1611 2473 1909 2537 distortos,

266 2569 329 2618 et
378 2564 587 2617 borum
637 2563 837 2615 laevum
888 2563 1088 2615 dextro
1138 2561 1480 2627 breviorem,
1522 2561 1911 2631 eumdemque

267 2650 699 2720 inquietissime
740 2649 1012 2704 mobilem
1059 2649 1297 2716 habeat;
1333 2649 1401 2703 ad
1437 2651 1576 2717 haec,
1610 2653 1788 2719 caput
1816 2648 1910 2702 in-

268 2744 364 2793 ter
394 2739 777 2792 incedendum
828 2743 1042 2791 temere
1072 2737 1312 2792 inclinet
1346 2754 1358 2790 :
1393 2754 1516 2807 quae
1567 2738 1734 2808 signa
1786 2753 1909 2791 cer-

266 2826 505 2879 tissima
536 2825 676 2878 vafri
718 2824 1157 2879 calumniatoris
1189 2842 1254 2879 ac
1287 2824 1596 2894 proditoris
1638 2825 1909 2894 perfidio-

270 2912 525 2980 sissimi,
568 2928 780 2982 magno
839 2929 1122 2967 consensu
1182 2912 1635 2982 physiognomici
1687 2912 1908 2965 dudum

260 3003 584 3055 tradidere.
619 3001 829 3055 Contra
878 3000 1021 3066 haec,
1072 3002 1351 3055 innuente
1392 3000 1612 3069 judice,
1646 3000 1914 3054 dicturus

255 3089 623 3158 Vcstigator,
647 3106 815 3144 orsus
843 3093 931 3143 est
955 3107 989 3143 a
1019 3088 1356 3143 laudatione
1385 3088 1601 3143 ironica
1634 3088 1912 3159 principis

2015 584 2073 638 in
2106 585 2270 639 oculo
2303 585 2567 651 alterius,
2603 584 2704 654 qui
2756 583 2979 636 trabem
3015 582 3070 634 in
3106 585 3204 634 tuo
3248 595 3359 633 non
3393 578 3654 632 attende-

2017 672 2115 726 ris.
2149 672 2368 727 Similis
2421 671 2720 725 malesana
2778 668 3007 724 mulieri
3067 686 3096 723 e
3155 667 3349 723 fabula
3393 665 3651 736 vulgata.

2018 761 2220 814 Fertur
2244 760 2421 828 enim,
2455 761 2597 814 duas
2649 758 2966 828 aliquando
3020 773 3248 811 sorores
3299 753 3652 825 proripiendi

2018 865 2144 902 sese
2174 849 2360 902 nudas
2391 864 2420 902 e
2446 847 2732 911 custodia,
2768 863 2884 916 qua
2915 848 3059 900 dura
3092 846 3457 911 tenebantur,
3489 858 3651 897 occa-

2018 936 2240 990 sionem
2274 941 2495 1000 nactas,
2527 936 2666 989 dum
2708 952 2825 989 una
2858 951 2991 988 cum
3025 938 3183 1003 patre
3215 933 3419 986 iisdem
3455 931 3652 1000 elapso

2016 1025 2264 1079 vinculis
2297 1026 2547 1094 fugiunt,
2571 1024 2777 1077 harum
2811 1023 3051 1077 alterum
3089 1022 3233 1075 forte
3262 1020 3494 1074 invento
3526 1035 3652 1072 cen-

2018 1118 2150 1167 tone
2181 1112 2272 1165 vix
2322 1112 2593 1181 pudenda
2636 1116 3058 1180 contegentem,
3091 1109 3391 1179 increpare
3423 1125 3651 1178 germa-

2020 1219 2152 1255 nam
2186 1201 2430 1269 coepisse
2460 1200 2615 1269 quod
2649 1200 2806 1252 nuda
2846 1198 3157 1252 incederet.
3193 1197 3293 1251 Cui
3326 1200 3507 1266 pater,
3541 1196 3648 1249 Sa-

2019 1306 2185 1355 nane,
2234 1289 2439 1358 inquit.
2476 1305 2556 1355 es,
2592 1304 2716 1357 qua:
2768 1286 2948 1341 sorori
3000 1286 3328 1354 cxprobres,
3364 1284 3491 1337 sine
3541 1300 3648 1336 sua

2019 1378 2189 1449 culpa
2222 1376 2481 1446 patienti,
2508 1377 2661 1445 quod
2706 1380 2761 1427 et
2803 1378 2864 1427 tu
2917 1374 3038 1442 pari
3088 1373 3428 1426 necessitate
3477 1387 3649 1441 passa

2018 1486 2079 1523 es
2130 1473 2185 1522 et
2232 1465 2485 1537 pateris?
2541 1464 2669 1518 Haec
2718 1462 2960 1517 audiens
3013 1462 3282 1532 princeps
3328 1475 3643 1529 coquorum

2018 1558 2166 1625 quod
2201 1556 2503 1625 reponeret
2542 1568 2654 1605 non
2704 1550 2927 1617 habuit,
2963 1549 3249 1603 universis
3302 1563 3646 1617 responsum

2016 1641 2390 1711 Vestigatoris
2424 1640 2578 1693 haud
2610 1638 2783 1691 dubie
2821 1637 3223 1707 probantibus.
3262 1637 3500 1706 Ipseque
3540 1634 3647 1699 leo,

2020 1733 2115 1786 ubi
2168 1748 2287 1785 rem
2338 1728 2619 1798 COgnovit,
2654 1725 2827 1779 stulte
2878 1725 3134 1779 locutum
3184 1724 3505 1795 principem
3552 1740 3648 1776 co~

1946 1850 1987 1911 Β
2019 1836 2266 1890 quorum
2300 1817 2424 1871 loco
2459 1815 2651 1879 movit,
2687 1830 2755 1867 ne
2796 1813 2852 1866 in
2886 1814 3083 1867 culina
3122 1813 3352 1882 quidem
3390 1828 3496 1865 sua
3526 1816 3643 1863 tam

2020 1906 2238 1961 nullius
2263 1905 2467 1974 judicii
2504 1903 2804 1956 ministros
2845 1902 2954 1955 sibi
2995 1902 3258 1955 ferendos
3292 1906 3521 1969 putans.
3546 1898 3648 1952 His

2018 2012 2081 2050 eo
2114 2011 2386 2049 consessu
2423 1993 2589 2055 actis,
2621 1997 2675 2044 et
2706 2008 2805 2060 per
2846 1989 3171 2043 actuarium
3206 1990 3260 2041 in
3295 1991 3649 2042 commenta-

2019 2084 2169 2137 rium
2215 2082 2430 2146 relatis,
2466 2080 2688 2149 riteque
2734 2078 2999 2147 signatis,
3033 2078 3177 2131 hora
3200 2078 3321 2146 jam
3358 2082 3646 2145 provecta,

2019 2171 2241 2226 solutus
2272 2175 2454 2224 coetus
2483 2174 2588 2235 est,
2615 2185 2709 2221 reo
2742 2168 2997 2221 nondum
3034 2165 3292 2220 convicto
3324 2166 3556 2218 reducto
3589 2163 3646 2216 in

2018 2276 2328 2315 carcerem.

2086 2383 2209 2436 VII.
2248 2381 2555 2435 Redditum
2610 2380 2887 2433 custodire
2920 2377 3341 2447 Vestigatorem
3391 2376 3657 2429 convenit

2020 2471 2171 2525 alius
2220 2470 2459 2539 quidam
2492 2485 2560 2522 ex
2589 2468 2712 2536 ejus
2758 2466 3165 2531 familiaribus,
3197 2465 3461 2520 Coronati
3496 2481 3654 2518 com-

2020 2560 2217 2615 munis
2250 2559 2420 2613 amici
2453 2562 2699 2612 mortem
2733 2555 3149 2609 maestissimus
3179 2554 3481 2607 nuntians.
3516 2553 3655 2606 Con-

2019 2654 2315 2703 sternatus
2368 2646 2574 2700 acerbo
2632 2660 2768 2697 casu
2823 2643 3151 2711 Vcstigator
3201 2641 3488 2712 lacrymas
3540 2658 3651 2694 non

2018 2738 2227 2799 tenuit,
2260 2735 2413 2787 inter
2442 2750 2588 2803 quas
2632 2732 2718 2785 hae
2749 2748 2917 2785 voces
2949 2733 3074 2799 ejus
3103 2730 3491 2784 audiebantur
3523 2746 3534 2781 :
3568 2733 3655 2783 Me

2020 2825 2301 2877 miserum
2351 2823 2452 2892 qui
2501 2838 2651 2890 vero,
2680 2819 3093 2890 experimentis
3141 2821 3403 2888 probato,
3437 2823 3492 2871 et
3532 2835 3650 2871 om-

2019 2915 2183 2966 nium
2216 2918 2544 2981 temporum
2591 2910 2777 2963 amico
2827 2907 3089 2978 privatus
3119 2907 3290 2962 hodie
3322 2905 3467 2961 sim!
3502 2909 3647 2971 Quid

2019 3018 2112 3055 me
2171 3001 2356 3055 vivere
2414 2997 2619 3051 attinet
2672 3002 2727 3050 te
2786 2996 2951 3061 mihi,
3006 2998 3287 3051 Coronate
3345 2995 3649 3059 ﬁdissime,

2019 3087 2365 3144 subtracto?
2423 3086 2593 3139 Recte
2646 3085 2810 3139 aiuut
2859 3082 3048 3154 vulgo,
3108 3087 3312 3138 eatena
3362 3100 3651 3138 connexus

251 3195 611 3249 coquorum,
639 3179 743 3247 En,
769 3178 1064 3248 inquiens,
1090 3178 1351 3232 omnium
1378 3178 1473 3249 qui
1508 3179 1616 3233 sub
1639 3178 1780 3232 coelo
1806 3196 1905 3232 su-
1938 3201 1981 3266 ρ
2018 3177 2274 3249 quadam
2328 3190 2429 3245 per
2484 3174 2681 3228 orbem
2742 3188 3067 3228 commeare
3125 3172 3506 3237 calamitates,
3549 3187 3654 3226 nec

250 3283 398 3321 mus
428 3265 596 3337 longe
642 3265 1140 3336 sapientissimus,
1174 3264 1267 3319 cui
1314 3280 1480 3319 nemo
1531 3265 1908 3334 quantumvis

248 3354 534 3410 eminens
590 3353 916 3423 comparari
965 3353 1232 3409 doctrina
1279 3357 1335 3408 et
1370 3353 1582 3423 judicii
1632 3354 1913 3424 gravitate

247 3447 463 3514 queat.
496 3442 739 3497 Miseros
788 3458 888 3495 vos
937 3443 1267 3496 conditores
1317 3441 1536 3511 legum,
1582 3442 1682 3511 qui
1734 3441 1908 3496 talem

235 3548 369 3586 non
407 3530 796 3584 adhibueritis
847 3529 903 3582 in
935 3528 1272 3597 consilium,
1303 3527 1742 3583 lucrifecissetis
1772 3545 1912 3599 ope-

233 3637 375 3674 ram
416 3619 652 3672 inanem
703 3617 1000 3672 statuendi
1052 3632 1253 3687 pcenas
1304 3615 1517 3670 sceleri
1569 3632 1635 3671 ae
1688 3617 1917 3687 praemia

243 3709 497 3762 virtuti.
546 3705 603 3759 Si
657 3705 811 3759 enim
859 3703 1218 3758 ineluctabili
1266 3704 1608 3759 necessitate
1664 3704 1919 3758 trahitur

243 3796 511 3854 animus
560 3794 630 3847 ad
662 3809 728 3847 ea
759 3792 1024 3846 facienda
1056 3808 1183 3861 quae
1225 3791 1341 3846 oris
1393 3791 1746 3847 lineamenta
1794 3791 1918 3846 sine

248 3888 480 3939 nostro
516 3880 683 3934 nobis
713 3880 951 3934 arbitrio
994 3897 1026 3933 a
1078 3883 1281 3933 natura
1311 3879 1532 3932 tributa
1562 3880 1918 3950 significent,

245 3972 413 4043 quid
454 3968 657 4022 attinet
707 3967 988 4021 mulctare
1036 3964 1337 4036 suppliciis
1387 3966 1487 4037 qui
1538 3967 1686 4022 male
1716 3974 1919 4039 agunt,

246 4060 684 4115 characterum
718 4055 1107 4123 ingenitorum
1139 4070 1351 4120 errare,
1375 4058 1438 4108 ut
1467 4052 1560 4107 hic
1590 4057 1777 4125 docet,
1803 4074 1917 4111 non

2021 3281 2282 3334 unquam
2327 3263 2428 3317 uni
2477 3261 2804 3332 singulares
2852 3277 3172 3316 occurrere.
3204 3261 3287 3315 En
3321 3260 3462 3315 mihi
3497 3260 3654 3331 capi-

2020 3353 2122 3408 tali
2159 3351 2383 3421 judicio
2433 3348 2805 3419 periclitanti,
2838 3366 2903 3405 ac
2950 3349 3095 3404 diris
3130 3349 3378 3405 vinculis
3410 3350 3654 3404 constri-

2021 3444 2134 3505 cto,
2169 3442 2464 3494 funestum
2517 3438 2854 3509 supervenit
2883 3439 3212 3493 auctarium
3262 3437 3660 3510 irreparabilis

2014 3532 2255 3601 jacturae
2301 3528 2511 3599 capitis
2560 3527 2913 3593 charissimi,
2963 3528 3163 3595 etiam,
3195 3529 3347 3599 quod
3401 3528 3658 3583 dolorem

2022 3616 2302 3682 incendit,
2337 3632 2512 3670 causa
2564 3633 2693 3670 mea
2743 3616 3028 3671 exstincti.
3064 3617 3193 3671 Haec
3240 3617 3321 3671 ita
3352 3616 3657 3687 deploran-

2022 3710 2135 3760 tem
2172 3707 2533 3767 invenerunt,
2567 3704 2662 3772 qui
2712 3704 2990 3773 postridie
3033 3706 3207 3774 jussu
3258 3704 3522 3774 praetoris
3554 3705 3655 3757 de-

2024 3811 2140 3848 nuo
2172 3794 2426 3846 citarunt
2474 3793 2864 3861 stiteruntque
2894 3792 3312 3860 Vestigatorem
3347 3792 3417 3846 ad
3466 3791 3652 3845 tribu-

2026 3883 2139 3937 nal.
2177 3883 2259 3936 Ibi
2284 3881 2465 3951 judex
2512 3880 2625 3935 alte
2672 3880 2980 3935 considens
3014 3897 3027 3934 :
3061 3880 3208 3945 Quid
3248 3879 3378 3944 tibi,
3409 3896 3440 3934 o
3476 3880 3653 3935 Vesti-

2026 3976 2207 4041 gator,
2242 3970 2339 4033 ait,
2372 3968 2602 4022 consilii
2653 3986 2765 4021 nox
2813 3967 3043 4022 attulit?
3083 3985 3222 4022 num
3276 3969 3512 4022 tandem
3562 3967 3651 4021 in-

2026 4057 2241 4111 duxisti
2272 4058 2327 4110 in
2360 4056 2621 4111 animum
2664 4056 2828 4110 fateri
2884 4057 3037 4126 quod
3087 4057 3390 4125 agnoscis?
3421 4056 3656 4112 Cunctis

237 4143 621 4212 valentium,
655 4143 983 4198 necessario
1018 4142 1193 4197 fidem
1226 4142 1598 4197 sancientes?
1646 4144 1916 4215 Alioquin

246 4234 565 4308 puniatur
595 4232 748 4302 ignis
782 4231 920 4301 quia
952 4231 1086 4297 urit,
1114 4248 1274 4301 aqua:
1310 4235 1591 4285 tormenta
1614 4232 1923 4287 decernan-

243 4330 363 4381 tur
398 4320 549 4392 quia
576 4318 665 4373 vel
715 4335 960 4373 excussa
985 4335 1013 4373 e
1046 4318 1201 4373 nube
1247 4318 1523 4374 viatorem
1575 4322 1924 4376 mandefacit
2031 4320 2203 4378 Nulla
2222 4319 2327 4374 tibi
2350 4321 2472 4390 jam
2504 4320 2726 4391 reliqua
2747 4321 3041 4375 excusatio
3065 4324 3181 4388 est;
3206 4337 3271 4374 ac
3292 4320 3408 4375 nisi
3430 4337 3665 4375 summa

241 4412 349 4469 vel
388 4408 707 4465 exundans
739 4424 768 4461 e
798 4411 1052 4461 torrente
1084 4411 1212 4461 sata
1242 4405 1414 4461 Iazdit.
1450 4407 1596 4470 Quid
1631 4408 1733 4462 tibi
1764 4410 1919 4463 vide-
2029 4413 2085 4462 et
2132 4408 2364 4462 infinita
2411 4409 2676 4478 quaedam
2727 4407 3124 4463 misericordia
3171 4409 3326 4478 regis
3376 4414 3549 4474 esset,
3601 4414 3665 4463 tu

240 4510 379 4569 tur,
419 4495 835 4565 archimagire,
863 4495 933 4548 de
966 4493 1077 4548 ista
1104 4498 1204 4547 tua
1236 4494 1488 4548 mirabili
1522 4495 1923 4566 physiologia?
1955 4535 2000 4597 Β
2031 4496 2486 4551 fcedissimorum
2537 4497 2891 4552 constrictus
2921 4496 3276 4551 conscientia
3320 4496 3663 4563 facinorum,

241 4590 490 4645 Utrum
536 4582 743 4648 mavis,
775 4582 875 4652 qui
926 4582 1202 4652 praeditus
1251 4581 1400 4648 istis,
1436 4600 1582 4654 quas
1629 4583 1923 4653 indicasti,
1955 4581 1998 4597 "
2036 4584 2410 4653 omniumque
2433 4586 2557 4653 jam
2589 4584 2943 4655 preejudiciis
2975 4585 3313 4651 damnatus,
3336 4585 3527 4639 adhuc
3558 4586 3668 4639 uti-

239 4674 431 4731 notis
485 4669 546 4723 in
593 4668 782 4723 lucem
831 4669 1075 4733 venerit,
1108 4684 1307 4723 cavere
1336 4686 1366 4722 a
1411 4669 1563 4723 malo
1612 4687 1801 4740 posse,
1851 4688 1926 4727 an
2036 4688 2146 4741 que
2195 4688 2311 4726 non
2359 4672 2597 4727 viveres.
2644 4674 2731 4726 Ad
2780 4687 2847 4727 ea
2877 4673 3206 4744 Vestigator
3253 4673 3662 4739 audacissime,

235 4755 692 4818 inevitabiliter
713 4773 839 4812 esse
871 4756 1247 4826 improbum?
1276 4756 1327 4810 Si
1355 4757 1517 4825 prius
1546 4756 1712 4828 dicis,
1736 4759 1928 4815 inanis
2037 4754 2495 4830 Quantaeunque
2526 4760 2621 4825 sit,
2644 4760 2742 4825 ait,
2768 4760 2879 4815 ista
2909 4777 3086 4831 quam
3119 4777 3407 4817 memoras
3433 4778 3667 4816 summa

239 4855 354 4905 est
391 4851 508 4900 tua
539 4843 842 4899 collectio:
871 4844 1114 4899 forsitan
1137 4844 1292 4898 enim
1325 4860 1429 4915 ego
1461 4861 1633 4915 quem
1665 4863 1928 4915 accusas,
2038 4851 2095 4902 et
2140 4847 2371 4902 inﬁnita
2422 4846 2821 4903 misericordia
2868 4849 3041 4920 regis,
3084 4854 3277 4904 tamen
3325 4866 3452 4905 eam
3502 4849 3669 4918 longe

242 4942 371 4995 aut
408 4931 692 4988 similiter
721 4931 1037 5003 insignitus
1071 4932 1282 5003 quivis,
1316 4931 1527 4987 indolis
1560 4934 1769 4989 innate
1798 4952 1926 5005 pro-
2038 4940 2275 5005 superat
2338 4935 2740 4991 inenarrabilis
2804 4937 3220 5007 importunitas
3285 4938 3670 4993 immanitatis

237 5021 631 5099 pensionem
660 5025 871 5075 conatu
895 5019 1132 5074 virtutis
1166 5018 1560 5075 inﬂexerimus
1591 5021 1649 5075 in
1677 5028 1927 5091 rectum;
2039 5028 2170 5077 tuae.
2209 5022 2383 5077 Video
2422 5023 2576 5078 enim
2609 5028 2665 5078 te
2694 5024 3138 5093 sanguinarium
3184 5026 3541 5095 mancipium
3583 5026 3672 5079 in-

237 5116 297 5173 si
376 5110 651 5167 alterum
711 5108 931 5175 fateris,
973 5125 1166 5163 nonne
1213 5126 1388 5179 quam
1447 5110 1933 5182 inconsequenter
2039 5110 2276 5181 expletas
2325 5112 2710 5179 crudelitatis,
2736 5111 2896 5166 sitire
2943 5129 3205 5168 cruorem
3252 5130 3460 5183 meum,
3493 5130 3676 5184 eoque

233 5198 550 5273 loquaris
582 5198 767 5263 vides,
794 5199 896 5268 qui
929 5216 1156 5269 poenam
1191 5216 1452 5269 apponas
1484 5200 1581 5253 ubi
1614 5202 1785 5272 culpa
1816 5219 1931 5259 non
2041 5202 2160 5254 fera
2189 5198 2486 5255 voluntate
2520 5217 2924 5272 praeoccupare
2963 5219 3117 5257 sanas
3149 5203 3364 5257 mentis
3394 5204 3677 5268 officium,

235 5296 370 5350 est.
415 5287 596 5351 Quod
631 5286 679 5340 si
714 5286 1011 5357 recipitur,
1049 5286 1186 5357 quid
1238 5289 1307 5341 de
1360 5292 1413 5341 te
1462 5288 1595 5342 fiet?
1626 5306 1759 5344 nam
1793 5295 1935 5361 quot
2043 5305 2173 5343 mea
2212 5306 2317 5343 nec
2367 5289 2612 5345 convicti
2662 5307 2768 5345 nec
2816 5291 3079 5346 damnati
3114 5296 3318 5358 morte,
3346 5298 3547 5347 contra
3594 5290 3681 5346 fas

231 5381 377 5438 eris
419 5374 751 5443 suppliciis
784 5376 1152 5440 mactandus,
1182 5375 1231 5429 si
1262 5375 1526 5430 omnium
1559 5393 1683 5447 quas
1715 5395 1817 5449 per
1843 5379 1931 5432 vi-
2041 5377 2631 5445 omne,decernenda.
2652 5383 2766 5433 Nec
2790 5379 2972 5434 miror
2991 5387 3043 5434 te
3066 5379 3525 5449 talem,quiolim
3553 5398 3681 5450 pes-

230 5475 383 5526 tarn
418 5462 766 5519 necessario
790 5461 880 5516 vel
907 5461 1089 5517 fecisti
1112 5462 1200 5518 vel
1225 5480 1433 5533 passus
1463 5480 1545 5529 es,
1570 5481 1743 5521 causa
1778 5484 1933 5521 nunc
2043 5465 2256 5520 simum
2290 5466 2570 5535 noverim,
2593 5470 2649 5521 et
2689 5468 2769 5522 ita
2803 5472 3012 5522 natura
3042 5473 3441 5538 comparatum
3476 5469 3677 5537 sciam,

223 5557 360 5614 tibi
403 5551 697 5620 dicenda,
730 5550 947 5605 invidia
989 5552 1353 5616 sustinenda,
1382 5553 1593 5607 luenda
1623 5555 1935 5623 expienda—
2044 5557 2107 5608 ut
2150 5570 2381 5625 semper
2427 5555 2679 5625 optimos
2730 5556 3073 5625 nequissimi
3128 5556 3381 5627 pessime
3430 5557 3674 5611 oderint.

220 5660 367 5720 que
394 5637 780 5696 cruciatibus
807 5638 1165 5694 conscientia
1187 5640 1930 5714 sit?Ecquid,stulte,jam
2047 5643 2157 5697 Has
2206 5642 2592 5698 contumelias
2639 5660 2841 5713 aequus
2890 5661 2955 5699 ac
3006 5646 3342 5700 moderatus
3384 5646 3580 5715 iudex,
3616 5651 3679 5699 ut

564 5752 830 5815 PATROL.
879 5754 987 5813 Gs.
1035 5752 1298 5814 CXLIII.
3319 5762 3387 5818 4i

2021 4147 2141 4215 jam
2169 4149 2366 4215 patent
2386 4149 2487 4198 tua
2507 4143 2746 4212 scelera,
2771 4160 3057 4214 nemoque
3081 4161 3194 4199 non
3219 4145 3463 4198 miratur
3482 4145 3659 4198 confi-

2028 4233 2285 4286 dentiam
2340 4236 2523 4299 tuam,
2560 4231 2981 4303 perseverantis
3029 4232 3276 4287 inﬁciari
3327 4232 3657 4287 manifesta.
