4060 6304
458 315 586 369 1291

450 530 744 599 sapienter
786 534 995 599 ferens,
1033 535 1187 591 Bona
1238 538 1428 603 verba,
1462 531 1671 610 inquit,
1704 547 1762 597 et
1793 546 2003 600 frustra
2028 551 2086 601 et

450 634 566 672 non
599 619 654 673 in
688 624 967 693 tempore,
998 623 1347 695 Vestigator,
1374 627 1674 697 irasceris;
1708 648 1834 700 quas
1866 634 2081 690 audisti

449 705 645 762 minus
696 710 803 763 tibi
852 710 1037 782 grata,
1071 730 1136 768 ex
1187 715 1373 770 oflicio
1424 720 1607 772 nostri
1639 721 1898 775 muneris
1930 722 2084 777 dictu

443 794 623 851 libere
655 805 794 855 sunt
827 819 839 855 :
876 818 1008 856 nam
1066 804 1440 860 dissimulare
1470 823 1575 861 nos
1624 807 1778 862 haud
1812 812 2083 866 convenit

445 874 591 953 quos
616 890 692 941 ad
741 893 1116 946 coercendam
1167 893 1568 964 improborum
1621 899 1921 953 audaciam
1975 918 2094 955 au»

440 975 707 1033 ctoritate
739 995 804 1034 ac
838 985 1120 1050 potestate
1172 983 1400 1052 publica
1432 985 1701 1055 princeps
1734 1004 1799 1040 ac
1828 989 2078 1057 populus

441 1070 704 1125 armavit.
741 1074 1042 1135 Craterum,
1075 1070 1123 1125 si
1155 1072 1285 1141 quis
1323 1074 1475 1142 apud
1519 1080 1575 1128 te
1612 1075 1872 1131 consiliis
1903 1078 2076 1132 bene-

439 1160 584 1215 volis
618 1161 780 1215 locus
812 1164 920 1223 est,
952 1164 1152 1213 auctor
1184 1177 1535 1231 magnopere
1569 1163 1671 1217 tibi
1703 1181 1853 1234 sum,
1884 1170 1946 1219 ut
1979 1183 2074 1221 ne-

442 1248 711 1302 cessitate
742 1248 799 1300 in
834 1264 1005 1301 usum
1030 1263 1215 1315 versa,
1242 1250 1533 1315 brevibus,
1562 1267 1707 1320 quas
1732 1253 1928 1323 fugere
1961 1270 2074 1308 non

444 1342 628 1405 potes,
662 1336 837 1405 hujus
882 1337 1161 1406 temporis
1216 1338 1398 1404 pcenis
1448 1340 1741 1409 sapienter
1793 1342 1975 1395 utaris
2002 1344 2071 1396 ad

440 1426 771 1481 redimenda
803 1424 1088 1495 supplicia
1119 1430 1330 1481 aeterna
1362 1443 1488 1495 quis
1518 1427 1781 1497 gravium
1814 1430 2075 1486 conscios

439 1512 718 1573 scelerum
771 1516 1093 1586 inexpiatos
1133 1532 1201 1572 ex
1243 1515 1349 1571 bac
1384 1518 1498 1572 vita
1544 1524 1914 1575 transeuntes
1947 1536 2069 1575 ma-

439 1612 598 1661 nent.

505 1730 652 1784 VIII.
689 1728 788 1783 His
820 1734 1020 1784 contra
1064 1727 1147 1783 sic
1178 1728 1431 1784 occurrit
1462 1728 1979 1785 obfirmatissimus
2013 1731 2069 1785 in

1950 340 2340 415 ‘APPENDIX.

452 442 661 497 medici
709 444 876 499 mites
928 462 1212 517 aegrorum
1260 449 1638 537 delirantium
1690 453 2085 525 intemperies,
2119 466 2172 528 Α
2202 464 2291 516 sui
2335 466 2579 532 dominiJ
2613 486 2745 525 cum
2779 488 2894 541 quo
2946 473 3088 544 ipsis
3120 474 3517 530 intercedebat
3568 478 3862 544 amicitia,

2198 550 2455 623 hospitio
2480 573 2712 613 usuros.
2746 561 2983 616 Interim
3015 567 3208 617 autem
3264 565 3403 633 pica:
3453 566 3688 620 dictata
3718 584 3859 637 quo-

2197 640 2337 695 tidie
2368 644 2678 702 recitantes
2720 648 3093 706 oblectationi
3136 653 3478 708 domesticis
3530 660 3733 718 erant,
3764 672 3859 725 pe-

2194 730 2491 799 regrinum
2523 733 2783 792 humano
2833 738 3083 793 similem
3116 757 3146 794 e
3177 741 3380 795 rostris
3421 741 3723 796 emissum
3756 759 3853 797 vo-

2192 814 2421 873 lucrum
2455 822 2882 880 admirantibus
2914 843 3144 894 sonum,
3177 828 3405 884 nemine
3436 834 3643 884 tamen
3676 832 3848 885 intel-

2191 903 2407 974 ligente
2438 911 2577 979 quid
2612 914 2784 968 verba
2823 915 3221 985 significarent
3253 934 3266 972 :
3300 919 3514 990 quippe
3546 936 3693 975 cum
3730 938 3843 975 non

2188 1001 2344 1049 esset
2400 997 2478 1052 ibi
2533 999 2687 1055 ullus
2733 1002 2832 1071 qui
2867 1004 3041 1058 sciret
3096 1007 3343 1075 Persice,
3378 1014 3587 1077 praeter
3653 1026 3841 1063 unum

2189 1081 2381 1151 ipsum
2410 1086 2632 1143 fraudis
2667 1090 2969 1147 artiticem.
2992 1092 3240 1165 Jamque
3273 1094 3329 1148 in
3362 1095 3651 1151 viciniam
3689 1099 3841 1152 fama

2187 1180 2579 1243 emanaverat,
2630 1181 2687 1231 et
2743 1179 2951 1234 domus
3006 1178 3490 1251 frequentabatur
3538 1201 3841 1240 concursu

2185 1267 2576 1339 curiosorum,
2608 1273 2811 1328 audire
2851 1276 3221 1345 gestientium
3270 1279 3529 1334 humano
3560 1298 3841 1336 sermone

2185 1361 2413 1411 utentes
2471 1359 2661 1426 alites,
2718 1377 2782 1416 ac
2836 1363 3105 1419 videlicet
3160 1366 3545 1424 invidentium
3608 1371 3844 1425 Persidi

2183 1442 2522 1500 felicitatem
2584 1465 2811 1517 raram;
2868 1453 2995 1522 ipsa
3051 1468 3281 1525 quoque
3333 1456 3634 1512 interdum
3699 1477 3840 1529 gau-

2184 1531 2355 1587 dente
2383 1537 2847 1606 matrefamilias,
2869 1542 3071 1609 quanti
3094 1542 3185 1595 sui
3210 1544 3447 1612 periculi
3474 1547 3834 1603 miraculum

2182 1617 2289 1673 hoc
2332 1627 2506 1691 esset,
2557 1628 2682 1679 tum
2733 1627 2926 1681 adhuc
2958 1628 3159 1699 ignara
3206 1636 3263 1685 et
3310 1632 3436 1687 ideo
3482 1651 3723 1690 secura.
3754 1643 3836 1692 Ba

2180 1705 2300 1761 vice
2333 1725 2526 1764 rerum
2578 1714 3244 1787 adveniuntexspectati
3294 1719 3479 1775 Persae
3533 1740 3833 1793 proceres,

436 1820 805 1873 contumacia
838 1817 1085 1871 nebulo:
1112 1817 1251 1871 Novi
1283 1822 1340 1871 et
1370 1834 1495 1888 ego,
1532 1818 1763 1887 quando
1796 1823 1850 1871 et
1881 1825 2075 1888 quate-
2108 1836 2152 1903 Β
2186 1801 2398 1903 ίξξῗυξη
2442 1803 2560 1898 ti“?
2610 1803 3290 1903 COPitaiu‘eXCEPi9Pt_ur
3338 1808 3620 1903 hQSPiifiil
3658 1818 3829 1903 τεοῖο,

438 1925 546 1961 nus
579 1924 725 1977 opus
764 1910 870 1971 est,
908 1904 1241 1975 praehabere
1291 1906 1647 1976 sempiterna
1698 1906 2071 1961 transitoriis.

435 1995 652 2049 Verum
688 1993 827 2064 quid
880 1994 1001 2049 hate
1031 1994 1099 2048 ad
1146 1999 1482 2062 priesentem
1518 2010 1775 2057 causam,
1811 1993 1907 2048 ubi
1960 2012 2072 2050 non

439 2084 579 2154 quid
615 2099 780 2153 agere
814 2081 1053 2137 debeam
1088 2082 1193 2136 rite
1225 2082 1677 2149 damnatus,sed
1704 2098 1773 2135 an
1806 2082 2071 2136 damnari

430 2174 565 2242 jure
597 2171 815 2241 possim
858 2170 1170 2241 quaeritur?
1218 2171 1324 2224 Aio
1377 2186 1477 2239 ego
1527 2174 1584 2224 et
1633 2186 1951 2240 persevero,
1990 2172 2071 2225 uti

435 2261 636 2323 debeo,
686 2259 1179 2325 constantissime,
1231 2260 1601 2313 innocentem
1662 2276 1754 2312 me
1812 2258 2073 2314 accusari

433 2349 580 2403 falso
640 2365 704 2403 ac
763 2348 1167 2401 circumveniri
1231 2362 1332 2417 per
1387 2347 1732 2402 calumnias.
1795 2349 1879 2401 Tu
1938 2360 2071 2401 vero

429 2454 663 2506 aequum
697 2452 920 2501 censes,
955 2436 1246 2507 eooperari
1282 2451 1373 2490 me
1404 2436 1701 2505 iniquitati
1734 2436 2071 2506 opprimen-

428 2526 577 2579 tium
608 2542 717 2578 me.
745 2526 890 2589 Quid
926 2526 1078 2577 enim
1109 2524 1266 2579 aliud
1307 2524 1481 2579 fuerit
1512 2524 1797 2591 mendaci,
1824 2526 1975 2594 quod
2008 2529 2069 2578 tu

427 2614 702 2679 hortaris,
738 2614 1103 2666 confessione
1154 2613 1450 2682 imponere
1481 2613 1849 2667 conscientia}
1908 2628 2070 2681 meae,

427 2703 734 2772 attingere
786 2717 877 2756 me
926 2701 1130 2755 fecisse
1162 2718 1288 2771 quas
1342 2717 1453 2755 non
1508 2700 1661 2754 feci?
1710 2700 1913 2754 Scelus
1962 2700 2071 2754 hoc

427 2789 934 2855 enimveroforet,
986 2790 1115 2844 istis
1163 2806 1288 2859 quae
1338 2788 1636 2843 intentasti
1690 2790 1894 2842 futurae
1945 2788 2069 2841 vitae

430 2880 738 2933 immensis
789 2878 1093 2948 suppliciis
1150 2876 1450 2943 luendum,
1481 2893 1595 2947 quo
1649 2882 1868 2931 avertat
1918 2881 2068 2930 Deus

430 2986 497 3021 ne
544 2985 633 3022 me
672 2967 1083 3021 contaminent.
1110 2972 1195 3020 An
1219 2968 1374 3020 enim
1410 2966 1590 3020 levius
1616 2966 1919 3019 arbitraris
1943 2981 2071 3034 pec-

426 3073 577 3122 care,
602 3057 768 3110 famzs
793 3070 858 3109 ac
882 3054 1092 3109 salutis
1113 3055 1507 3109 voluntarium
1545 3052 1897 3122 proditorem
1926 3070 2066 3122 suae,

426 3161 601 3214 quam
626 3144 970 3197 insidiantes
993 3143 1178 3197 alieno
1203 3142 1375 3211 capiti
1403 3157 1466 3194 ac
1488 3141 1800 3209 sanguini?
1826 3142 2066 3239 Equius
2098 3183 2138 3246 Ο

421 3250 555 3304 ergo
586 3248 685 3287 vos
720 3247 846 3286 mea
875 3232 996 3285 vice
1037 3247 1323 3295 moneam,
1358 3235 1420 3282 ut
1466 3229 1640 3282 etiam
1673 3234 1848 3299 atque
1874 3230 2051 3284 etiam

419 3322 663 3374 videatis
698 3335 767 3375 ne
797 3320 943 3373 foede
996 3317 1173 3373 ruatis
1206 3318 1319 3372 isto
1352 3334 1561 3376 cursu;
1612 3318 1808 3387 idque,
1862 3333 2051 3372 meam

418 3407 665 3462 insontis
713 3406 1145 3461 damnationem
1203 3406 1631 3476 prmcipilando,
1682 3407 2051 3461 consciscatis

420 3498 573 3566 quod
625 3511 754 3549 sera
805 3495 1014 3549 deinde
1047 3494 1383 3563 poenitentia
1435 3494 1829 3563 nequidquam
1884 3500 2052 3565 opta-

420 3585 555 3638 bitis
614 3583 917 3647 infectum,
952 3582 1067 3637 tale
1125 3582 1485 3651 eXperientes
1532 3582 1832 3651 quidpiam
1884 3582 2053 3652 quale

421 3672 555 3726 olim
590 3672 832 3741 contigit
860 3671 1095 3725 testanti
1131 3687 1253 3738 quae
1293 3686 1407 3724 non
1448 3670 1688 3725 viderat.
1722 3670 1821 3723 Vir
1854 3671 1961 3724 fuit
1994 3670 2053 3723 in

422 3761 624 3830 primis
653 3762 832 3814 totius
883 3760 1056 3813 India:
1102 3759 1374 3829 copiosus
1405 3763 1461 3812 et
1492 3758 1723 3823 nobilis,
1757 3761 1857 3827 qui
1905 3758 2051 3811 acci-

421 3851 641 3919 pitrum
676 3848 916 3903 custode
942 3848 1214 3901 utebatur
1244 3863 1493 3917 nequam
1528 3863 1592 3899 ac
1628 3845 1935 3900 libidinoso
1961 3848 2049 3915 ju-

419 3954 580 4003 vene,
606 3939 837 3991 natione
868 3941 1058 3991 Persa.
1097 3934 1198 3990 Hic
1229 3934 1413 3990 oculis
1444 3934 1781 4003 cupiditatis
1813 3935 2056 4002 adjectis

420 4031 489 4082 ad
524 4044 758 4082 uxorem
801 4026 894 4081 sui
934 4026 1178 4092 domini,
1214 4030 1531 4079 matronam
1586 4026 1779 4079 formae
1830 4025 2057 4096 pudici-

418 4118 623 4187 liaaque
656 4115 1008 4185 praestantis,
1043 4131 1108 4169 eo
1148 4113 1489 4168 temeritatis
1522 4113 1636 4166 ruit
1683 4119 1749 4167 ut
1802 4117 2053 4169 furorem

415 4205 465 4259 ei
500 4222 665 4259 suam
719 4204 881 4258 fateri
925 4220 1037 4257 non
1072 4208 1384 4271 vereretur,
1420 4217 1484 4255 ac
1533 4204 1805 4270 rejectus,
1842 4208 1904 4256 ut
1953 4220 2058 4274 par

412 4299 554 4361 erat,
588 4294 657 4347 ab
713 4292 1128 4347 honestissima
1176 4290 1440 4357 muliere,
1476 4296 1630 4344 totus
1682 4291 1948 4345 incubuit
1994 4293 2053 4345 in

412 4382 775 4451 propositum
840 4381 1115 4433 atrociter
1171 4379 1515 4433 ulciscendae
1575 4379 1838 4449 repulsae.
1908 4382 2054 4450 Ergo

410 4487 542 4525 cum
578 4469 848 4523 familiari
885 4470 1200 4523 exercendo
1244 4468 1491 4538 aucupio
1526 4468 1670 4521 duas
1702 4469 1847 4522 forte
1879 4484 2054 4522 vena-

2186 1898 2288 1952 pro
2320 1885 2542 1941 domini
2581 1889 2744 1960 copia
2793 1897 2849 1946 et
2897 1892 3284 1963 humanitate,
3319 1897 3827 1967 splendidissime.

2187 1979 2376 2034 Prima
2422 1988 2607 2054 nocte,
2644 1986 2895 2042 triclinio
2926 1990 3254 2059 'magnifice
3302 1999 3531 2059 ornato,
3565 1994 3830 2051 lautissi-

2186 2067 2296 2122 mis
2329 2070 2519 2140 epulis
2548 2074 2864 2142 gratulatio
2909 2081 3218 2133 admentus
3250 2081 3577 2137 amicorum
3613 2086 3833 2153 geniali

2185 2154 2388 2210 laztitia
2434 2158 2880 2218 celebrabatur:
2916 2166 3146 2234 quando
3192 2167 3300 2221 rite
3347 2167 3549 2225 libatis
3593 2173 3714 2227 sub
3747 2191 3837 2228 se-

2182 2246 2408 2299 cundas
2450 2264 2679 2304 mensas
2734 2250 2858 2305 Jovi
2908 2254 3074 2308 xenio
3127 2256 3372 2325 poculis,
3423 2260 3713 2315 renidens
3766 2265 3835 2317 ad

2181 2331 2441 2403 hospites
2490 2336 2637 2391 festa
2685 2338 2976 2395 hilaritate
3026 2359 3199 2397 coena)
3249 2349 3456 2413 pater:
3489 2349 3833 2419 Assuetam,

2182 2419 2389 2490 inquit,
2445 2422 2715 2494 hospitiis
2762 2428 3101 2483 vestratium
3153 2432 3344 2487 inistis
3391 2435 3679 2503 domum;
3716 2456 3833 2493 non

2181 2508 2334 2562 enim
2368 2527 2467 2564 vos
2499 2528 2529 2565 c
2560 2512 2789 2569 Perside
2839 2518 3059 2585 primos
3098 2520 3439 2589 accipimus.
3474 2523 3663 2579 Bonis
3710 2528 3831 2580 avi-

2180 2596 2292 2651 bus
2339 2600 2626 2669 auspicati
2672 2605 3086 2661 commercium
3140 2608 3418 2674 faustum,
3453 2612 3754 2669 facundae
3801 2634 3829 2670 θ

2179 2691 2369 2740 vestra
2400 2690 2586 2756 patria
2615 2691 2835 2746 dudum
2874 2695 3186 2750 accersitas
3219 2696 3306 2749 hic
3337 2697 3634 2756 habemus
3666 2704 3829 2757 volu-

2177 2788 2326 2829 cres.
2361 2776 2507 2829 Tum
2552 2777 2803 2833 innuens
2852 2782 3220 2852 accipitrario
3270 2790 3333 2839 ut
3375 2784 3629 2842 inferret
3662 2791 3831 2859 picas

2179 2861 2647 2931 Recognoscetis,
2699 2869 2951 2936 perrexit
3000 2870 3211 2937 dicere,
3260 2888 3391 2925 cum
3442 2877 3734 2947 quadam,
3770 2886 3834 2933 ut

2178 2964 2365 3018 spero,
2391 2950 2686 3023 voluptate
2718 2954 2974 3023 linguam
3006 2964 3279 3014 vestram.
3313 2966 3522 3031 Magna
3552 2966 3828 3021 omnium

2177 3039 2602 3105 exspectatione
2647 3043 2985 3100 introductae
3018 3047 3143 3100 duce
3195 3064 3399 3114 caveae,
3431 3051 3705 3119 picurum
3738 3061 3830 3108 to-

2175 3126 2354 3179 tidem
2407 3127 2739 3197 diversoria,
2798 3130 2921 3186 loco
2979 3135 3257 3189 eminenti
3314 3136 3702 3195 collocantur.
3736 3144 3827 3196 Fit

2175 3212 2497 3283 silentium,
2531 3216 2648 3273 illis
2695 3220 3001 3275 edentibus
3032 3227 3088 3276 et
3130 3223 3345 3294 saepius
3392 3226 3822 3296 replicantibus

2161 3302 2511 3357 cantilenam
2557 3306 2810 3361 solitam.
2845 3308 2948 3363 Hie
2989 3310 3280 3367 enimvero
3314 3317 3498 3369 Persas
3530 3333 3811 3385 proceres

2164 3389 2384 3454 mirari,
2437 3391 2680 3449 innuere
2727 3395 2998 3466 invicem,
3036 3414 3169 3453 mox
3218 3400 3392 3455 etiam
3442 3404 3822 3472 erubescere,

2163 3488 2403 3543 asseelis
2435 3488 2694 3558 ipsorum
2737 3498 2795 3547 et
2838 3494 3125 3550 ministris
3154 3513 3223 3550 ex
3251 3499 3452 3553 eadem
3505 3508 3682 3571 gente
3712 3506 3823 3573 qui

2163 3579 2453 3647 astabant,
2505 3582 2637 3635 aliis
2704 3583 2904 3636 furtim
2971 3586 3386 3657 arridentibus,
3448 3590 3815 3659 quibusdam

2164 3683 2311 3739 aegre
2342 3668 2747 3724 cohibentibus
2770 3671 3122 3728 cachinnum
3145 3683 3571 3746 erumpentem.
3599 3680 3825 3736 Obstu-

2166 3756 2289 3825 puit
2320 3756 2439 3811 haec
2469 3757 2785 3813 observans
2832 3776 3002 3814 omnes
3048 3762 3341 3831 presbiter,
3373 3771 3430 3820 et
3458 3766 3612 3821 Num
3667 3771 3822 3840 quid

2163 3859 2284 3909 vos,
2320 3845 2419 3912 ait,
2454 3844 2736 3916 hospites,
2768 3846 2825 3901 in
2859 3853 3032 3903 cantu
3068 3850 3444 3908 familiarium
3479 3856 3672 3923 vobis,
3706 3875 3826 3914 no-

2167 3934 2257 3987 bis
2306 3936 2746 4005 peregrinarum
2792 3938 3035 3994 offendit
3064 3941 3309 3996 avium?
3357 3948 3444 3998 An
3493 3945 3724 4016 aliquid
3763 3949 3827 4004 in

2166 4023 2456 4077 sententia
2487 4023 2579 4077 hic
2617 4023 2817 4095 ignota
2846 4027 3010 4082 vobis
3047 4030 3507 4100 pereipientibus
3539 4036 3686 4103 quid
3718 4054 3827 4092 so-

2166 4114 2284 4178 net,
2327 4111 2471 4165 forte
2504 4112 2816 4168 molestum
2862 4116 3112 4171 accidit?
3163 4120 3663 4190 Interpretamini,
3700 4126 3824 4180 nisi

2166 4214 2336 4268 grave
2383 4203 2491 4267 est,
2543 4202 2683 4270 quid
2733 4204 2969 4258 tandem
3003 4205 3058 4258 id
3110 4205 3206 4259 sit.
3237 4208 3322 4261 Ad
3377 4224 3443 4263 ea
3494 4211 3697 4266 senior
3747 4231 3821 4269 ex

2164 4286 2357 4357 ipsis:
2403 4293 2527 4342 Non
2585 4294 2692 4355 est,
2752 4290 2965 4362 inquit,
3017 4293 3273 4361 domine,
3331 4297 3572 4366 pudoris
3627 4301 3824 4356 nostri

2167 4375 2459 4431 notionem
2492 4378 2800 4433 verborum
2852 4396 2977 4449 quae
3010 4382 3309 4449 audimus,
3342 4383 3544 4455 lingua
3586 4388 3697 4442 tibi
3733 4390 3823 4444 fa-

2168 4462 2402 4530 miliari,
2437 4482 2611 4535 quam
2652 4470 2711 4521 et
2759 4484 2865 4522 nos
2898 4468 2992 4522 hic
3020 4471 3441 4540 peregrinando
3490 4473 3821 4533 didicimus

411 4565 508 4612 tus
541 4558 701 4627 picas
732 4561 905 4619 esset,
932 4560 1167 4610 domum
1202 4557 1405 4611 ambas
1428 4556 1584 4610 vivas
1611 4555 1862 4625 pertulit,
1890 4572 2049 4610 men-
2084 4548 2127 4611 D
2159 4553 2512 4622 exprimere;
2546 4555 2686 4624 quia
2716 4560 2909 4610 tamen
2936 4572 3028 4611 res
3050 4562 3141 4613 est
3160 4560 3473 4629 ejusmodi,
3499 4578 3677 4632 quam
3709 4570 3822 4621 tua

413 4646 556 4700 titus
587 4662 655 4699 ex
686 4645 920 4700 Perside
972 4646 1261 4711 advectas,
1296 4644 1546 4698 disertas
1580 4659 1714 4698 aves
1761 4642 1921 4697 illius
1952 4643 2051 4699 ubi

414 4738 609 4789 essent
665 4737 811 4787 natae
870 4733 1126 4803 regionis
1182 4732 1403 4803 lingua.
1452 4732 1591 4786 Inde
1642 4731 1773 4787 illas
1819 4733 2082 4801 assidue,

416 4839 480 4878 ac
532 4821 993 4876 laboriosissime
1044 4820 1259 4875 institit
1306 4821 1544 4875 edocere
1592 4836 1823 4875 carmen
1858 4821 1924 4874 ad
1959 4838 2046 4875 ra-

411 4912 602 4967 tiones
661 4910 1163 4965 aecommodatum
1224 4908 1500 4963 destinati
1558 4907 1814 4963 sceleris.
1872 4909 2046 4965 Alteri

411 5014 664 5070 namque
701 4998 914 5069 saepius
962 4997 1220 5068 quotidie
1255 4996 1584 5050 inculcabat
1613 4995 1761 5049 bane
1809 5001 2049 5051 senten-

406 5090 547 5144 tiam
594 5087 868 5142 idiomate
921 5086 1146 5141 Persico
1181 5102 1192 5141 :
1229 5086 1354 5141 Vidi
1398 5084 1679 5139 dominam
1721 5100 1845 5138 cum
1891 5088 2047 5154 iani-

403 5185 523 5233 tore
567 5175 1031 5245 concumbcntem,
1072 5173 1236 5228 alteri
1288 5173 1408 5227 haec
1454 5174 1630 5227 verba
1679 5173 1879 5227 eadem
1928 5173 2044 5227 lin-

402 5284 514 5337 gua
549 5284 560 5322 ε
594 5268 702 5337 Ego
734 5263 857 5321 vero
906 5267 1033 5320 licet
1066 5248 1209 5319 ideni
1238 5264 1496 5330 viderim,
1529 5264 1673 5317 nihil
1722 5264 1860 5319 dico.
1898 5265 2045 5318 Insi-

401 5356 721 5411 diosissimi
754 5353 981 5409 artificii
1036 5353 1156 5407 hzec
1190 5356 1313 5407 erat
1353 5353 1519 5407 ratio.
1553 5352 1784 5407 Sciebat
1832 5353 2044 5423 accipi-

397 5445 611 5499 trarius
662 5444 869 5497 Persas
925 5445 1207 5511 quosdam
1267 5441 1568 5511 primarios
1616 5441 1791 5507 viros,
1823 5441 2040 5494 visendi

398 5538 525 5587 tum
558 5550 623 5587 ac
656 5532 916 5586 discendi
962 5548 1138 5602 causa
1184 5530 1621 5600 peregrinantes
1650 5545 1749 5598 per
1795 5530 2039 5597 Indiam,

403 5638 514 5675 non
550 5620 625 5675 ita
669 5620 855 5673 multo
907 5624 1034 5689 post
1061 5624 1340 5674 venturos
1372 5619 1427 5670 in
1460 5619 1661 5672 urbem
1712 5618 1954 5688 regiam,
1984 5622 2041 5673 et

2162 4639 2483 4709 plurimum
2516 4642 2758 4698 interest
2790 4660 2983 4714 nosse,
3002 4645 3251 4716 explicet
3279 4664 3347 4702 ea
3367 4649 3425 4702 in
3449 4665 3653 4705 aurem
3680 4653 3821 4719 tibi,

2160 4751 2332 4807 quem
2384 4738 2902 4812 circumducimus,
2937 4742 3247 4813 interpres.
3277 4746 3436 4799 Tunc
3460 4746 3640 4815 jussu
3674 4750 3823 4805 Per-

2158 4841 2356 4880 sarum
2389 4828 2671 4884 aeeedens
2712 4829 3000 4900 interpres
3048 4833 3119 4885 ad
3169 4834 3673 4903 patremfamilias,
3708 4840 3819 4893 In-

2157 4914 2283 4969 dice
2329 4917 2603 4985 reddidit,
2638 4930 2773 4972 voce
2822 4920 3121 4975 submissa
3174 4923 3328 4991 quod
3380 4922 3516 4993 picis
3566 4925 3815 4983 Persice

2158 5002 2563 5073 loquebantur.
2599 5007 2841 5060 Astabat
2889 5006 3148 5063 intentus
3192 5011 3261 5063 ad
3315 5027 3381 5065 ea
3428 5027 3553 5081 quae
3581 5012 3817 5071 ﬁebant

2156 5091 2935 5150 sceleratissimus‘curator
2994 5096 3362 5167 accipitrum,
3421 5101 3517 5169 qui
3581 5102 3811 5157 ferrum

2156 5181 2297 5233 dum
2330 5181 2585 5245 fervebat
2622 5183 2991 5237 tundendum
3051 5190 3237 5251 ratus,
3284 5187 3814 5258 impudentissime

2155 5268 2428 5323 clamavit
2471 5269 2666 5324 Indico
2698 5287 2987 5339 sermone,
3020 5273 3257 5329 intuens
3305 5276 3613 5331 dominum
3652 5294 3665 5333 :
3698 5282 3809 5334 Ar-

2153 5361 2342 5423 guunt
2372 5372 2464 5411 me
2495 5358 2801 5414 inofﬁciosi
2834 5360 3047 5415 silentii
3084 5362 3302 5431 bestiae,
3336 5363 3472 5417 dum
3508 5367 3802 5435 probrum

2152 5449 2263 5498 tua;-
2296 5446 2503 5499 domus
2541 5446 2809 5515 evulgare
2849 5454 3157 5519 occupant.
3190 5453 3341 5521 quod
3370 5467 3493 5521 ego,
3532 5469 3647 5507 non
3682 5458 3809 5508 mi-

2154 5547 2263 5586 nus
2296 5549 2472 5602 quam
2503 5533 2651 5605 ipsis
2682 5535 2824 5590 mihi
2861 5542 3232 5607 perspectum
3267 5541 3675 5610 superstitiosa
3701 5559 3807 5597 ve-

2153 5620 2429 5676 recundia
2474 5621 2758 5677 hactenus
2800 5624 2971 5679 tacui.
3008 5624 3078 5678 Ut
3106 5624 3285 5696 igitur
3313 5626 3464 5697 quod
3520 5629 3806 5686 omittere

3730 356 3862 407 1292
