4060 6304
224 362 359 419 1293

1236 357 1593 410 SPECIMEN
1630 353 2027 408 SAPIENTIIE
2066 352 2392 404 INDORUM
2430 310 2591 405 VET'.

3473 351 3606 405 1294

227 486 407 555 salva,
441 500 615 555 quam
653 483 757 537 tibi
792 483 995 546 debeo,
1018 481 1129 534 ﬁde
1159 496 1272 533 non
1322 493 1585 549 possum,
1617 476 1703 530 vel
1743 490 1871 529 sero
1899 478 1952 541 Α
1982 488 2221 544 gravare
2260 473 2595 528 testimonio
2650 474 2889 545 paratis,
2950 492 3050 545 pro
3101 492 3168 529 ea
3224 493 3344 543 qua:
3378 476 3615 545 cuique

226 591 527 645 exsequar,
563 574 653 628 aio
704 586 1087 639 asseveroque
1136 570 1289 623 idem
1335 568 1491 637 quod
1534 566 1671 636 pica;
1723 565 1865 641 refe-

230 668 395 732 runt,
447 662 661 716 vidisse
712 660 989 714 nimirum
1044 674 1136 711 me
1185 670 1418 726 quoque
1467 654 1628 708 hisce
1683 650 1868 706 oculis

232 769 342 807 non
394 750 571 805 semel
623 758 677 804 et
727 748 963 815 iterum,
1018 746 1117 801 sed
1179 744 1411 814 saepius,
1455 740 1765 797 adulterari
1797 740 1867 793 ab

231 841 653 897 ostiariotuam
705 839 1015 907 conjugem
1064 833 1355 888 volentem
1395 836 1453 887 et
1507 835 1866 900 poscentem.

234 930 515 984 Eﬂ'eratus
544 932 705 982 tanto
737 943 842 981 suo
888 925 1168 978 dedecore
1208 919 1647 991 paterfamilias,
1692 916 1870 971 simul

234 1018 452 1072 furioso
483 1017 679 1071 deﬁxit
716 1017 919 1068 obtutu
954 1012 1166 1075 eidem,
1196 1013 1252 1063 et
1282 1009 1469 1079 ipsam
1518 1023 1728 1060 mensae
1769 1021 1866 1058 ac-

236 1106 605 1160 cumbentem
640 1117 895 1165 uxorem,
940 1097 1113 1153 simul
1168 1112 1380 1150 manus
1409 1099 1465 1148 et
1510 1110 1671 1146 arma
1701 1108 1870 1160 expe-

237 1193 433 1247 diebat
461 1191 511 1245 ei
543 1189 739 1245 statim
773 1189 828 1243 in
860 1187 1048 1242 oculis
1079 1185 1452 1239 convivarum
1492 1180 1869 1235 trucidandae.

237 1282 596 1337 Obstiterunt
652 1280 1072 1345 consurgentes
1130 1271 1411 1343 hospites,
1468 1286 1578 1324 non
1624 1270 1871 1338 gratiam

238 1368 528 1441 supplicii,
582 1368 681 1421 sed
736 1382 955 1421 moram
1006 1364 1075 1418 ad
1131 1360 1522 1431 cognitionem
1572 1374 1635 1412 se
1684 1363 1876 1427 petere

240 1455 480 1509 aientes.
514 1452 751 1506 Interim
784 1449 1119 1504 miserrima
1175 1452 1464 1511 matrona,
1524 1449 1758 1512 sumpto
1808 1457 1875 1495 ex

244 1542 594 1597 conscientia
639 1540 865 1604 animo,
916 1537 1101 1590 virum
1154 1535 1246 1588 his
1291 1534 1481 1588 verbis
1521 1532 1877 1587 confidenter

242 1636 329 1686 est
352 1632 558 1686 aﬂ‘ata:
591 1630 673 1684 Ne
727 1627 1051 1699 praecipites
1106 1624 1541 1679 damnationem
1600 1621 1876 1674 inauditas
1925 1639 1934 1645 ·

244 1736 374 1788 reae,
409 1718 550 1773 adeo
598 1734 713 1772 non
764 1715 1086 1770 recusantis
1137 1712 1519 1767 saevissimam
1565 1725 1787 1771 necem,
1831 1706 1876 1761 si

1978 562 2395 633 antiquissima
2425 566 2512 617 est
2544 564 2787 633 propriae
2813 561 3230 618 incolumitatis
3257 582 3414 628 cura,
3450 579 3616 635 repu-

1976 656 2187 716 tantes,
2219 654 2475 705 metuere
2508 656 2728 721 pamest
2760 651 3048 706 intentam
3087 653 3143 706 in
3176 653 3605 707 calumniarum

1978 740 2259 794 ultionem
2291 738 2548 809 vigiliam
2585 740 2978 807 Providentiae,
3012 745 3381 812 statuereque
3417 741 3614 795 vobis-

1980 844 2134 896 cum,
2170 844 2280 882 non
2316 828 2525 881 minori
2570 843 2671 882 vos
2729 833 2917 883 vestro
2966 844 3139 899 quam
3172 844 3299 883 meo
3360 828 3614 900 periculo

1979 916 2037 969 in
2070 916 2179 970 hoc
2201 915 2424 984 judicio
2459 918 2823 970 mentituros.

2052 1004 2149 1057 1X.
2187 1005 2311 1057 Haec
2343 1020 2375 1057 a
2406 1004 2762 1073 Vestigatore
2794 1004 2991 1060 audita
3051 1004 3346 1060 silentium
3399 1006 3623 1078 excepit

1983 1092 2323 1160 astantium,
2359 1091 2589 1146 nemine
2624 1108 2736 1147 non
2788 1110 2987 1147 eorum
3022 1095 3120 1164 qui
3153 1095 3362 1148 dicturi
3397 1094 3619 1165 aliquid

1982 1185 2278 1249 venerant,
2312 1196 2419 1234 sua
2450 1196 2625 1234 causa
2674 1182 3043 1249 formidante,
3092 1186 3211 1236 tam
3262 1188 3534 1253 argutum
3568 1188 3625 1237 et

1983 1267 2285 1337 loquacem
2320 1283 2482 1321 reum
2514 1273 2728 1322 temere
2750 1268 3092 1324 lacessendo
3126 1259 3185 1322 in
3216 1287 3340 1324 sese
3372 1271 3620 1325 irritare.

1983 1356 2367 1420 Quwstionem
2403 1357 2583 1426 igitur
2631 1356 2911 1426 ampliare
2953 1362 3185 1412 coactus
3226 1359 3428 1427 judcx,
3456 1376 3618 1419 _con-

1983 1448 2217 1498 ventum
2251 1442 2442 1507 solvit,
2485 1444 2637 1499 diem
2689 1444 2821 1498 inde
2874 1446 3180 1515 septimam
3244 1445 3620 1502 instaurando

1976 1531 2201 1601 judicio
2230 1532 2562 1588 cendicens.
2596 1532 2808 1586 Verum
2842 1548 2907 1585 eo
2939 1532 3127 1603 spatio
3163 1534 3621 1598 prudentissima

1985 1621 2139 1691 regis
2170 1624 2354 1673 mater
2384 1619 2565 1673 tilium
2598 1621 2822 1684 adiens,
2854 1621 3182 1691 Quousque,
3210 1621 3424 1691 inquit,
3447 1623 3619 1677 susti-

1987 1723 2089 1762 nes
2120 1714 2416 1762 versutum
2450 1708 2605 1762 hunc
2660 1708 3115 1779 vitilitigatorem
3148 1708 3250 1763 tibi
3296 1712 3351 1764 et
3398 1710 3622 1781 legibus

244 1808 464 1862 crimen
494 1806 643 1875 quod
670 1804 946 1873 objicitur
986 1818 1180 1857 verum
1238 1804 1348 1857 est.
1408 1803 1472 1852 ut
1527 1802 1881 1867 occupatura
1910 1829 1956 1891 B
1985 1796 2267 1851 illudere‘?
2304 1797 2538 1863 Excute,
2580 1811 2776 1867 quaeso
2826 1802 2898 1867 te,
2942 1797 3258 1868 proculque
3306 1798 3471 1869 abige
3520 1814 3621 1853 su-

247 1895 397 1950 ultro
429 1894 621 1948 fuerit.
647 1898 784 1946 Cave
822 1895 990 1962 putes
1016 1888 1239 1943 vocales
1262 1904 1396 1942 aves
1428 1888 1580 1957 quod
1633 1883 1879 1941 viderint

243 1984 488 2050 referre;
523 1981 774 2035 reddunt
804 1995 930 2049 quae
961 1977 1293 2041 audierunt,
1326 1992 1452 2045 qua:
1502 1974 1704 2027 artifex
1754 1987 1878 2024 sce-

248 2071 386 2125 leris
423 2068 638 2134 docuit,
675 2066 1165 2137 recilant,ignaraz
1199 2065 1333 2134 ipsae
1375 2062 1513 2132 quid
1545 2061 1879 2131 loquantur.

244 2158 413 2225 Juhe,
438 2158 485 2211 si
519 2156 775 2220 dubitas,
824 2152 1169 2223 interrogari
1226 2167 1297 2206 ne
1355 2150 1485 2205 aliis
1538 2164 1635 2203 eas
1680 2148 1881 2217 lingua

245 2264 361 2318 qua
392 2246 511 2300 haec
551 2244 774 2311 dicunt,
806 2242 855 2296 si
889 2242 1126 2294 verbum
1182 2243 1477 2309 praeterea,
1510 2236 1596 2291 vel
1640 2235 1877 2289 unicum

238 2332 526 2391 sermonis
558 2330 792 2397 Persici,
846 2334 947 2383 aut
994 2326 1317 2397 intelligere
1363 2324 1739 2388 videbuntur,
1779 2326 1882 2376 aut

239 2437 518 2493 reponere
552 2422 821 2489 poterunt
845 2416 1206 2485 rogantibus,
1239 2412 1469 2467 cunctis
1500 2428 1593 2466 me
1622 2416 1879 2466 tormen-

233 2511 312 2565 tis
336 2507 621 2564 excrucia.
658 2511 804 2561 Fons
836 2504 1049 2575 piaculi
1083 2504 1258 2557 totius
1290 2502 1467 2570 hujus
1526 2499 1878 2571 accipitrarii

235 2595 577 2669 nequissimi
631 2591 1082 2648 effrenatissima
1132 2590 1307 2644 libido
1382 2593 1488 2643 est.
1548 2587 1648 2641 Ille
1697 2604 1878 2641 ausus

236 2692 461 2742 tentare
498 2682 835 2755 pudicitiam
871 2696 1081 2744 meam,
1116 2678 1214 2731 ubi
1246 2678 1495 2747 rejectus
1525 2676 1714 2730 audiit
1755 2692 1879 2745 qua;

241 2774 475 2841 meruit,
510 2772 616 2825 has
640 2768 942 2824 adornavit
962 2768 1202 2821 technas
1227 2765 1370 2819 mihi
1402 2765 1727 2835 perdendae;
1753 2779 1881 2817 suc-

242 2862 501 2928 cedente,
548 2863 614 2912 ut
665 2858 781 2912 fere
832 2857 913 2925 ﬁt,
960 2856 1016 2908 in
1080 2854 1269 2908 locum
1331 2851 1601 2923 flagitiosi
1664 2851 1880 2905 amoris

242 2955 438 3022 optato
490 2947 773 3012 frustrati,
823 2945 1199 3016 sanguinaria
1245 2942 1612 2997 immanitate
1677 2940 1881 3010 tragici

243 3037 571 3095 odii.Plura
605 3036 891 3089 dicturam
950 3030 1334 3101 interpellavit
1386 3048 1450 3084 os
1485 3032 1727 3084 ferreum
1780 3046 1881 3082 au-

245 3125 543 3182 dacissimi
568 3121 1031 3185 calumniatoris,
1060 3135 1432 3189 perseverans
1450 3117 1883 3188 improbissime

244 3233 446 3271 verum
498 3230 559 3267 se
609 3211 832 3276 testari,
885 3208 1061 3263 falsas
1113 3208 1515 3261 excusationes
1574 3206 1882 3261 obtendere

240 3308 497 3358 astutam
527 3300 874 3355 adulteram.
909 3296 1031 3351 Tali
1064 3296 1306 3351 articulo
1357 3296 1567 3360 adfuit,
1610 3300 1888 3363 tanquam

248 3394 397 3446 Deus
428 3407 457 3445 c
479 3388 773 3456 machina,
794 3384 1057 3440 mirabile
1083 3388 1399 3437 ostentum.
1428 3382 1633 3451 Ruptis
1657 3385 1889 3450 repente

250 3478 391 3532 loris
413 3475 716 3547 expeditus
742 3490 770 3527 e
804 3473 1022 3542 pertica
1054 3471 1345 3525 falconum
1397 3470 1710 3534 maximus,
1744 3485 1891 3538 quos

249 3568 361 3620 iste
396 3564 605 3620 nebulo
639 3562 903 3627 curabat,
937 3560 1163 3614 infestis
1193 3563 1249 3613 et
1282 3562 1467 3612 rostro
1489 3562 1545 3611 et
1596 3558 1892 3627 unguibus

250 3652 542 3716 involans,
589 3650 637 3704 ei
690 3649 889 3703 oculos
932 3647 1123 3712 eruit;
1173 3645 1684 3715 consternavitque
1728 3645 1892 3712 adeo,

247 3749 369 3796 tam
404 3737 717 3794 manifesto
750 3735 1014 3791 numinis
1045 3733 1259 3787 indicio
1292 3733 1643 3801 convictum,
1696 3738 1757 3786 ut
1790 3734 1893 3787 fla-

250 3831 465 3903 gitium
489 3829 613 3898 jam
641 3841 837 3891 suum,
875 3828 1180 3894 totumque
1227 3821 1573 3875 insidiarum
1632 3822 1895 3875 ordinem

248 3920 406 3975 ultro
452 3916 735 3971 conﬁtens
798 3913 1090 3983 panderet.
1156 3912 1238 3963 Ita
1291 3909 1510 3973 oculos,
1563 3910 1777 3979 quibus
1837 3925 1898 3963 se

257 4006 651 4062 mentiebatur
680 4002 896 4055 vidisse
936 4016 1062 4069 quae
1097 4000 1371 4067 ﬁngebat,
1417 3997 1747 4067 justissima
1780 3998 1900 4051 vice

256 4097 545 4166 impostor
576 4091 798 4157 amisit,
832 4096 886 4143 et
937 4094 1203 4142 matrona
1256 4088 1534 4141 innocens
1584 4089 1901 4142 subornato

259 4183 451 4238 avium
499 4178 800 4235 mendacio
833 4177 1134 4244 infamata,
1155 4175 1278 4230 avis
1301 4175 1524 4229 ultricis
1551 4192 1664 4229 non
1694 4176 1901 4246 implo-

258 4278 387 4325 rata
429 4268 765 4324 defensione
798 4270 1045 4335 purgata
1074 4268 1180 4318 est.
1215 4264 1355 4317 Tam
1388 4280 1519 4317 caro
1550 4264 1779 4334 procaci
1806 4265 1901 4332 ju-

256 4359 389 4413 veni
419 4356 704 4419 constitit,
754 4354 941 4409 aliena
973 4369 1084 4407 non
1134 4351 1413 4406 merentis
1460 4351 1711 4421 pernicie
1742 4369 1905 4407 men-

264 4446 363 4501 tiri
394 4445 688 4501 voluisse:
719 4442 874 4513 quod
900 4457 1021 4507 vos,
1055 4439 1101 4493 si
1135 4438 1235 4508 qui
1281 4455 1374 4493 me
1421 4438 1712 4494 insontem
1762 4440 1906 4496 falso

1988 1885 2352 1954 pertitiosum
2389 1889 2603 1939 metum
2634 1887 2885 1954 errandi,
2931 1886 3230 1941 subdendo
3276 1887 3459 1957 poenis
3494 1904 3619 1941 ma-

1989 1974 2195 2028 nifeste
2226 1973 2446 2028 meritis
2474 1973 2974 2044 improbissimum
3007 1978 3201 2045 caput,
3234 1978 3401 2044 cujus
3433 1991 3501 2029 ex
3524 1991 3620 2031 ore

1987 2061 2113 2130 ipso
2142 2060 2300 2115 domi
2330 2076 2447 2115 suae
2474 2062 2599 2116 sine
2645 2062 2851 2117 timore
2909 2062 3110 2117 arbitri
3170 2076 3303 2117 vera
3361 2063 3622 2128 fatentis,

1986 2150 2318 2219 leopardus,
2350 2150 2671 2219 quantasvis
2718 2155 2921 2205 auctor
2968 2148 3120 2215 ﬁdei,
3169 2150 3389 2204 audivit
3436 2151 3625 2206 diser-

1990 2240 2278 2292 tissimam
2307 2238 2727 2293 confessionem
2754 2238 3129 2294 circumventi
3164 2240 3489 2309 proditione
3521 2254 3624 2293 ne-

1988 2327 2134 2381 faria
2159 2326 2411 2382 insontis
2442 2327 2614 2382 tauri.
2648 2328 2792 2391 Quid
2854 2326 2985 2382 aliis
3043 2331 3321 2397 praeterea
3375 2328 3625 2383 testibus

1989 2431 2136 2484 opus
2166 2420 2271 2479 est,
2302 2420 2403 2468 aut
2432 2430 2711 2485 quorsum
2764 2415 3067 2485 inquisitio
3128 2416 3489 2485 producitur,
3526 2416 3625 2471 ubi

1989 2504 2207 2557 crimen
2239 2506 2470 2557 tenetur
2490 2504 2517 2556 ‘I
2539 2500 2661 2557 Non
2694 2502 2855 2557 vides
2872 2504 2977 2557 hoc
2995 2512 3418 2574 supervacaneo
3436 2504 3625 2575 legiti-

1991 2590 2448 2660 maequaastionis
2476 2597 2757 2660 apparatu
2808 2605 3037 2646 scenam
3058 2591 3328 2645 adornari
3362 2592 3625 2646 artiﬁciis

1990 2677 2358 2731 callidissimi
2389 2678 2623 2741 rabula},
2658 2680 2809 2733 unde
2837 2680 3135 2748 sejactent
3159 2694 3342 2748 usque
3362 2680 3432 2733 ad
3458 2679 3622 2749 plau-

1992 2783 2121 2819 sum
2157 2766 2570 2835 imperitorum,
2594 2772 2649 2820 et
2669 2767 3023 2836 triumphata
3049 2765 3403 2835 judiciorum
3437 2773 3632 2823 aucto-

1993 2853 2152 2919 ritas,
2175 2854 2431 2923 strophis
2456 2854 2806 2909 cavillatoris
2832 2854 3353 2923 impudentissimi,
3380 2854 3632 2909 ludibrio

1984 2945 2109 3013 jam
2139 2944 2292 3013 vulgi
2330 2944 2686 2998 traducatur.
2721 2945 2782 2998 In
2816 2961 3051 2999 summa
3091 2944 3173 2998 sic
3214 2945 3399 2998 habe:
3432 2945 3481 2999 si
3525 2944 3635 2999 hoc

1993 3030 2088 3085 ille
2111 3032 2333 3086 diutius
2358 3033 2501 3086 ferat
2521 3032 2779 3103 impune,
2805 3033 3064 3086 futurum
3094 3032 3333 3086 omnino
3363 3037 3425 3086 ut
3450 3030 3635 3103 major

1995 3121 2265 3191 deinceps
2299 3120 2608 3175 securitate
2658 3121 2874 3175 scelera
2923 3122 3357 3191 frequententur
3397 3138 3637 3191 persua-

1996 3210 2077 3264 sis
2098 3210 2268 3264 istius
2286 3209 2636 3279 experientia
2654 3226 2961 3264 successus
2985 3209 3361 3279 aequissimis
3385 3209 3637 3278 quibus-

1995 3316 2127 3367 que,
2155 3299 2295 3352 satis
2321 3303 2515 3352 tutum
2541 3298 2901 3367 improbitati
2930 3298 3267 3368 praesidium
3288 3297 3342 3350 in
3371 3297 3638 3351 formulis

1996 3386 2401 3456 leguleiorum,
2434 3404 2499 3440 ac
2550 3386 2881 3440 forensibus
2912 3387 3159 3457 argutiis
3211 3387 3490 3440 adversus
3524 3385 3637 3438 vim

1997 3474 2189 3543 legum
2220 3491 2346 3528 esse
2378 3474 2783 3529 constitutum.
2811 3475 2939 3529 Haec
2961 3475 3173 3544 reginae
3196 3475 3380 3528 oratio
3404 3490 3641 3527 causam

2000 3560 2267 3615 absolvit.
2316 3561 2517 3616 Victus
2565 3562 2721 3617 enim
2769 3561 3016 3617 evidenti
3068 3563 3307 3616 veritate
3358 3562 3641 3631 sapientis

2002 3649 2206 3703 moniti
2259 3649 2345 3703 lco
2390 3665 2508 3716 rex,
2564 3650 2722 3705 misit
2779 3650 3161 3721 spiculatores
3232 3650 3288 3703 in
3348 3664 3638 3703 carcerem

1996 3739 2193 3805 jussos
2224 3736 2302 3790 ibi
2326 3737 2739 3806 Vestigatorem
2772 3738 3114 3792 interficere.
3154 3742 3287 3792 Post
3329 3754 3455 3808 quae
3507 3754 3643 3791 nar-

2004 3830 2129 3879 rata
2149 3825 2427 3894 coiligens
2460 3824 2876 3894 disputationis
2907 3842 3024 3879 suae
3050 3842 3341 3879 summam
3394 3841 3640 3895 gymno-

2006 3913 2288 3983 sophista,
2316 3912 2436 3967 haec
2467 3913 2588 3982 regi
2617 3913 2996 3967 Abessalomo
3027 3914 3211 3967 dixit:
3244 3915 3304 3967 In
3339 3913 3494 3967 hunc
3527 3930 3645 3967 mo-

2008 4000 2169 4059 dum,
2202 3998 2458 4065 domine,
2491 3999 2711 4069 ubique
2751 4016 2813 4053 ac
2842 4015 3071 4069 semper
3104 4000 3289 4054 serius
3320 4000 3483 4054 ocius
3516 4017 3644 4055 eve-

2009 4087 2127 4141 niet
2149 4086 2497 4155 utquimale
2525 4087 2645 4157 agit
2677 4087 2827 4141 male
2858 4087 3136 4158 patiatur,
3168 4094 3224 4142 et
3254 4089 3578 4157 insidiator,
3601 4088 3651 4143 si

2010 4190 2123 4227 non
2142 4172 2338 4226 statim
2365 4173 2605 4227 cadatin
2632 4174 2853 4227 foveam
2880 4190 3053 4245 quam
3070 4174 3233 4229 alteri
3263 4176 3653 4242 foderit,brevi

2014 4261 2220 4315 saltem
2254 4261 2548 4315 similibus
2584 4262 2806 4330 laqueis
2839 4264 3294 4331 circumventus,
3326 4263 3656 4318 calamitate

2013 4348 2375 4419 opprimatur
2400 4349 2526 4419 eius
2560 4350 2681 4420 pari
2710 4366 2884 4419 quam
2920 4351 3307 4421 procuraverit
3342 4352 3581 4407 insonti.

1934 4587 2000 4596 ι...

1426 4682 1891 4741 DlSSERTATlO
1923 4687 2379 4744 PARABOLICA
2407 4689 2504 4744 ΙΙΙ.

1195 4792 1415 4862 Ofﬁcia,
1445 4789 1668 4860 praxim
1696 4800 1746 4846 et
1773 4793 1984 4861 fructus
2008 4808 2153 4849 verae
2181 4793 2446 4849 amicitias
2476 4796 2743 4851 declarat.

346 4912 448 4967 His
480 4912 693 4966 auditis
727 4912 870 4964 dixit
899 4926 997 4964 rex
1028 4906 1564 4979 gymnosophistae:
1598 4908 1748 4962 Satis
1808 4908 1918 4963 ista
1948 4913 1993 4975 D
2028 4910 2099 4964 ab
2131 4911 2703 4981 urbanajuventute,
2737 4914 2962 4983 praedas
3004 4913 3122 4968 illic
3174 4914 3542 4984 quotidianae
3590 4914 3671 4968 fa-

276 5000 530 5071 percepi;
586 4998 791 5053 vellem
850 4996 991 5051 mihi
1026 4996 1297 5062 deinceps
1328 4994 1606 5064 exemplis
1638 4995 1922 5051 declarari

280 5089 437 5159 leges
468 5092 525 5142 et
552 5087 744 5141 officia
767 5084 1035 5139 amicitiae
1068 5082 1413 5137 constantis.

354 5175 399 5231 Ι.
434 5176 513 5231 Ad
573 5191 641 5228 ea
682 5170 1166 5244 gymnosophista
1219 5169 1559 5240 respondit:
1618 5171 1921 5227 Amicitias.

284 5263 541 5331 domine,
571 5277 739 5328 verse,
773 5276 891 5330 qua
923 5258 1066 5312 nihil
1099 5257 1487 5328 expetibilius,
1525 5258 1668 5312 nihil
1708 5262 1924 5328 pretio-

286 5352 411 5406 sius
441 5350 498 5404 i'n
526 5349 640 5404 vita
670 5353 777 5413 est,
826 5347 1137 5415 imaginem
1193 5345 1514 5399 informabo
1570 5345 1924 5405 luculentam

285 5440 345 5493 in
380 5438 469 5493 his
500 5454 627 5507 quae
660 5453 790 5491 mox
824 5435 1065 5489 referam
1099 5435 1167 5488 de
1199 5433 1490 5501 columba,
1526 5450 1715 5499 corvo,
1739 5453 1925 5507 mure,

286 5527 582 5582 testudine
617 5528 672 5580 et
702 5541 931 5595 caprea.
983 5524 1118 5577 Erat
1153 5538 1331 5593 prope
1377 5523 1695 5591 quamdam
1726 5524 1925 5581 civita-

286 5624 405 5671 tem
438 5614 601 5670 locus
633 5617 805 5685 aptus
837 5611 1109 5681 aucupio,
1168 5612 1570 5680 frequentatus
1626 5617 1929 5684 propterea

2032 5014 2157 5054 cere
2187 5000 2375 5055 solita.
2420 5002 2698 5057 Arborem
2758 5002 2875 5056 illic
2927 5019 3207 5057 annosam
3261 5003 3373 5058 late
3428 5016 3669 5074 opacam

2033 5088 2212 5142 ramis
2244 5089 2674 5156 frondentibus,
2711 5095 2861 5144 stato
2885 5091 3105 5145 dudum
3140 5090 3434 5145 domicilio
3468 5106 3673 5145 corvus

2032 5176 2361 5244 insederat;
2390 5181 2558 5247 cujus
2589 5194 2619 5232 e
2650 5179 2951 5233 cacumine
2984 5196 3115 5233 cum
3149 5178 3398 5233 staretin
3435 5177 3676 5248 specula

2034 5265 2264 5334 prodire
2304 5266 2449 5319 vidit
2478 5271 2832 5335 venatorem,
2857 5284 3031 5322 manu
3059 5268 3289 5321 dextera
3320 5264 3670 5321 venabulum

2034 5356 2153 5407 rete
2175 5352 2413 5407 sinistra
2445 5359 2793 5424 portantem.
2844 5355 3029 5409 Facile
3060 5353 3339 5409 intellexit
3388 5353 3506 5407 hac
3552 5368 3674 5406 cer-

2039 5457 2179 5495 nens
2211 5457 2439 5509 corvus,
2473 5460 2578 5497 suo
2610 5444 2785 5498 istum
2841 5448 2895 5496 et
2944 5443 3032 5496 sui
3080 5441 3363 5496 similium
3417 5440 3675 5510 periculo

2038 5530 2256 5594 venire,
2290 5546 2679 5601 mussansque
2710 5548 2774 5585 ac
2807 5531 2917 5585 sibi
2969 5546 3195 5595 cavens,
3244 5528 3544 5584 constituit
3587 5533 3675 5581 ta-

2039 5633 2167 5673 men
2201 5622 2505 5675 observare
2528 5618 2753 5674 curiose
2785 5634 2897 5687 quo
2930 5618 3038 5671 iste
3070 5618 3263 5673 avium
3307 5614 3505 5687 generi
3548 5617 3685 5685 jure
