  <div class='ocr_page' id='page_1' title='image "/cluster/home/n/w/nwhite01/storage/ocr_20150623/143/mdp.39015078384784/655.png"; bbox 0 0 4060 6304; ppageno 0'>
   <div class='ocr_carea' id='block_1_1' title="bbox 423 379 563 433">
    <p class='ocr_par' dir='ltr' id='par_1_1' title="bbox 423 379 563 433">
     <span class='ocr_line' id='line_1_1' title="bbox 423 379 563 433; baseline 0 0"><span class='ocrx_word' id='word_1_1' title='bbox 423 379 563 433; x_wconf 82' lang='grc'>1295</span> 
     </span>
    </p>
   </div>
   <div class='ocr_carea' id='block_1_2' title="bbox 1924 383 2317 434">
    <p class='ocr_par' dir='ltr' id='par_1_2' title="bbox 1924 383 2317 434">
     <span class='ocr_line' id='line_1_2' title="bbox 1924 383 2317 434; baseline -0.003 -1"><span class='ocrx_word' id='word_1_2' title='bbox 1924 383 2291 434; x_wconf 80' lang='lat' dir='ltr'>APPBNDIX</span> <span class='ocrx_word' id='word_1_3' title='bbox 2304 417 2317 432; x_wconf 88' lang='lat'>.</span> 
     </span>
    </p>
   </div>
   <div class='ocr_carea' id='block_1_3' title="bbox 3692 378 3838 431">
    <p class='ocr_par' dir='ltr' id='par_1_3' title="bbox 3692 378 3838 431">
     <span class='ocr_line' id='line_1_3' title="bbox 3692 378 3838 431; baseline 0 0"><span class='ocrx_word' id='word_1_4' title='bbox 3692 378 3838 431; x_wconf 75' lang='lat'>1296</span> 
     </span>
    </p>
   </div>
   <div class='ocr_carea' id='block_1_4' title="bbox 425 503 3841 575">
    <p class='ocr_par' dir='ltr' id='par_1_4' title="bbox 425 503 3841 575">
     <span class='ocr_line' id='line_1_4' title="bbox 425 503 3841 575; baseline -0.001 -16"><span class='ocrx_word' id='word_1_5' title='bbox 425 507 735 575; x_wconf 88' lang='lat' dir='ltr'>suspectus</span> <span class='ocrx_word' id='word_1_6' title='bbox 767 507 1083 575; x_wconf 80' lang='lat' dir='ltr'>apparatus</span> <span class='ocrx_word' id='word_1_7' title='bbox 1114 507 1463 574; x_wconf 81' lang='lat' dir='ltr'>erumperet.</span> <span class='ocrx_word' id='word_1_8' title='bbox 1497 504 1639 558; x_wconf 88' lang='lat' dir='ltr'>Ecce</span> <span class='ocrx_word' id='word_1_9' title='bbox 1659 507 1854 558; x_wconf 87' lang='lat' dir='ltr'>autem</span> <span class='ocrx_word' id='word_1_10' title='bbox 1870 504 2065 560; x_wconf 83' lang='lat' dir='ltr'>statim</span> <span class='ocrx_word' id='word_1_11' title='bbox 2098 507 2153 571; x_wconf 85' lang='grc' dir='ltr'><strong>Α</strong></span> <span class='ocrx_word' id='word_1_12' title='bbox 2185 504 2321 570; x_wconf 85' lang='lat' dir='ltr'>Quis</span> <span class='ocrx_word' id='word_1_13' title='bbox 2353 508 2548 559; x_wconf 89' lang='lat' dir='ltr'>autem</span> <span class='ocrx_word' id='word_1_14' title='bbox 2574 521 2688 559; x_wconf 89' lang='lat' dir='ltr'>non</span> <span class='ocrx_word' id='word_1_15' title='bbox 2720 504 2975 560; x_wconf 83' lang='lat' dir='ltr'>adversis</span> <span class='ocrx_word' id='word_1_16' title='bbox 3021 508 3319 559; x_wconf 83' lang='lat' dir='ltr'>exercetur</span> <span class='ocrx_word' id='word_1_17' title='bbox 3375 503 3614 557; x_wconf 91' lang='lat' dir='ltr'>deﬁnito</span> <span class='ocrx_word' id='word_1_18' title='bbox 3678 506 3841 557; x_wconf 85' lang='lat' dir='ltr'>tem-</span> 
     </span>
    </p>
   </div>
   <div class='ocr_carea' id='block_1_5' title="bbox 433 592 2075 664">
    <p class='ocr_par' dir='ltr' id='par_1_5' title="bbox 433 592 2075 664">
     <span class='ocr_line' id='line_1_5' title="bbox 433 592 2075 664; baseline 0 -16"><span class='ocrx_word' id='word_1_19' title='bbox 433 597 590 664; x_wconf 91' lang='lat' dir='ltr'>post,</span> <span class='ocrx_word' id='word_1_20' title='bbox 627 597 748 647; x_wconf 90' lang='lat' dir='ltr'>rete</span> <span class='ocrx_word' id='word_1_21' title='bbox 778 608 992 662; x_wconf 89' lang='lat' dir='ltr'>auceps</span> <span class='ocrx_word' id='word_1_22' title='bbox 1023 592 1322 662; x_wconf 88' lang='lat' dir='ltr'>aliquanto</span> <span class='ocrx_word' id='word_1_23' title='bbox 1356 609 1536 664; x_wconf 85' lang='lat' dir='ltr'>supra</span> <span class='ocrx_word' id='word_1_24' title='bbox 1566 609 1839 663; x_wconf 88' lang='lat' dir='ltr'>campum</span> <span class='ocrx_word' id='word_1_25' title='bbox 1887 593 2075 662; x_wconf 90' lang='lat' dir='ltr'>spatio</span> 
     </span>
    </p>
   </div>
   <div class='ocr_carea' id='block_1_6' title="bbox 428 680 2067 753">
    <p class='ocr_par' dir='ltr' id='par_1_6' title="bbox 428 680 2067 753">
     <span class='ocr_line' id='line_1_6' title="bbox 428 680 2067 753; baseline 0.002 -19"><span class='ocrx_word' id='word_1_26' title='bbox 428 680 632 751; x_wconf 80' lang='lat' dir='ltr'>tigillis</span> <span class='ocrx_word' id='word_1_27' title='bbox 663 696 1016 753; x_wconf 89' lang='lat' dir='ltr'>suspensum</span> <span class='ocrx_word' id='word_1_28' title='bbox 1048 681 1344 749; x_wconf 77' lang='lat' dir='ltr'>explicuit,</span> <span class='ocrx_word' id='word_1_29' title='bbox 1377 681 1573 752; x_wconf 79' lang='lat' dir='ltr'>granis</span> <span class='ocrx_word' id='word_1_30' title='bbox 1606 681 1879 736; x_wconf 83' lang='lat' dir='ltr'>frumenti</span> <span class='ocrx_word' id='word_1_31' title='bbox 1931 683 2067 737; x_wconf 91' lang='lat' dir='ltr'>sub-</span> 
     </span>
    </p>
   </div>
   <div class='ocr_carea' id='block_1_7' title="bbox 426 768 2071 840">
    <p class='ocr_par' dir='ltr' id='par_1_7' title="bbox 426 768 2071 840">
     <span class='ocr_line' id='line_1_7' title="bbox 426 768 2071 840; baseline 0 -16"><span class='ocrx_word' id='word_1_32' title='bbox 426 774 525 824; x_wconf 90' lang='lat' dir='ltr'>tus</span> <span class='ocrx_word' id='word_1_33' title='bbox 557 770 780 840; x_wconf 87' lang='lat' dir='ltr'>sparsis</span> <span class='ocrx_word' id='word_1_34' title='bbox 814 794 829 836; x_wconf 86' lang='lat'><strong>;</strong></span> <span class='ocrx_word' id='word_1_35' title='bbox 861 769 1075 838; x_wconf 88' lang='lat' dir='ltr'>quibus</span> <span class='ocrx_word' id='word_1_36' title='bbox 1105 769 1304 839; x_wconf 85' lang='lat' dir='ltr'>procul</span> <span class='ocrx_word' id='word_1_37' title='bbox 1348 768 1491 823; x_wconf 87' lang='lat' dir='ltr'>visis</span> <span class='ocrx_word' id='word_1_38' title='bbox 1549 768 1820 823; x_wconf 89' lang='lat' dir='ltr'>columba</span> <span class='ocrx_word' id='word_1_39' title='bbox 1876 770 2071 824; x_wconf 85' lang='lat' dir='ltr'>senior</span> 
     </span>
    </p>
   </div>
   <div class='ocr_carea' id='block_1_8' title="bbox 430 856 2067 927">
    <p class='ocr_par' dir='ltr' id='par_1_8' title="bbox 430 856 2067 927">
     <span class='ocr_line' id='line_1_8' title="bbox 430 856 2067 927; baseline -0.002 -15"><span class='ocrx_word' id='word_1_40' title='bbox 430 857 575 912; x_wconf 87' lang='lat' dir='ltr'>alias</span> <span class='ocrx_word' id='word_1_41' title='bbox 596 857 820 927; x_wconf 82' lang='lat' dir='ltr'>aliquot</span> <span class='ocrx_word' id='word_1_42' title='bbox 852 856 1120 926; x_wconf 86' lang='lat' dir='ltr'>juniores</span> <span class='ocrx_word' id='word_1_43' title='bbox 1168 873 1365 911; x_wconf 87' lang='lat' dir='ltr'>secum</span> <span class='ocrx_word' id='word_1_44' title='bbox 1400 857 1642 924; x_wconf 90' lang='lat' dir='ltr'>ducens,</span> <span class='ocrx_word' id='word_1_45' title='bbox 1677 857 1967 911; x_wconf 86' lang='lat' dir='ltr'>advolavit</span> <span class='ocrx_word' id='word_1_46' title='bbox 1996 857 2067 910; x_wconf 90' lang='lat' dir='ltr'>ad</span> 
     </span>
    </p>
   </div>
   <div class='ocr_carea' id='block_1_9' title="bbox 428 944 2068 1014">
    <p class='ocr_par' dir='ltr' id='par_1_9' title="bbox 428 944 2068 1014">
     <span class='ocr_line' id='line_1_9' title="bbox 428 944 2068 1014; baseline -0.002 -15"><span class='ocrx_word' id='word_1_47' title='bbox 428 946 700 999; x_wconf 86' lang='lat' dir='ltr'>viciniam</span> <span class='ocrx_word' id='word_1_48' title='bbox 735 944 873 999; x_wconf 84' lang='lat' dir='ltr'>retis</span> <span class='ocrx_word' id='word_1_49' title='bbox 904 949 960 998; x_wconf 87' lang='lat' dir='ltr'>et</span> <span class='ocrx_word' id='word_1_50' title='bbox 990 944 1178 1014; x_wconf 76' lang='lat' dir='ltr'>ipsam</span> <span class='ocrx_word' id='word_1_51' title='bbox 1214 944 1532 999; x_wconf 89' lang='lat' dir='ltr'>seminibus</span> <span class='ocrx_word' id='word_1_52' title='bbox 1561 946 1908 1013; x_wconf 91' lang='lat' dir='ltr'>inspersam,</span> <span class='ocrx_word' id='word_1_53' title='bbox 1944 960 2068 1013; x_wconf 71' lang='lat' dir='ltr'>qua:</span> 
     </span>
    </p>
   </div>
   <div class='ocr_carea' id='block_1_10' title="bbox 431 1031 2070 1104">
    <p class='ocr_par' dir='ltr' id='par_1_10' title="bbox 431 1031 2070 1104">
     <span class='ocr_line' id='line_1_10' title="bbox 431 1031 2070 1104; baseline -0.001 -16"><span class='ocrx_word' id='word_1_54' title='bbox 431 1034 619 1089; x_wconf 88' lang='lat' dir='ltr'>obiter</span> <span class='ocrx_word' id='word_1_55' title='bbox 649 1033 919 1088; x_wconf 88' lang='lat' dir='ltr'>columba</span> <span class='ocrx_word' id='word_1_56' title='bbox 950 1049 1082 1087; x_wconf 91' lang='lat' dir='ltr'>cum</span> <span class='ocrx_word' id='word_1_57' title='bbox 1114 1033 1414 1088; x_wconf 85' lang='lat' dir='ltr'>sodalibus</span> <span class='ocrx_word' id='word_1_58' title='bbox 1445 1032 1663 1104; x_wconf 91' lang='lat' dir='ltr'>legens,</span> <span class='ocrx_word' id='word_1_59' title='bbox 1695 1033 1915 1087; x_wconf 88' lang='lat' dir='ltr'>sensim</span> <span class='ocrx_word' id='word_1_60' title='bbox 1942 1031 2070 1101; x_wconf 90' lang='lat' dir='ltr'>ipsa</span> 
     </span>
    </p>
   </div>
   <div class='ocr_carea' id='block_1_11' title="bbox 432 1120 2067 1193">
    <p class='ocr_par' dir='ltr' id='par_1_11' title="bbox 432 1120 2067 1193">
     <span class='ocr_line' id='line_1_11' title="bbox 432 1120 2067 1193; baseline -0.002 -16"><span class='ocrx_word' id='word_1_61' title='bbox 432 1123 591 1193; x_wconf 91' lang='lat' dir='ltr'>prior</span> <span class='ocrx_word' id='word_1_62' title='bbox 620 1121 833 1176; x_wconf 87' lang='lat' dir='ltr'>subivit</span> <span class='ocrx_word' id='word_1_63' title='bbox 865 1125 982 1175; x_wconf 89' lang='lat' dir='ltr'>rete</span> <span class='ocrx_word' id='word_1_64' title='bbox 1013 1120 1270 1191; x_wconf 85' lang='lat' dir='ltr'>aliasque</span> <span class='ocrx_word' id='word_1_65' title='bbox 1303 1122 1502 1176; x_wconf 89' lang='lat' dir='ltr'>eodem</span> <span class='ocrx_word' id='word_1_66' title='bbox 1540 1121 1732 1175; x_wconf 85' lang='lat' dir='ltr'>traxit.</span> <span class='ocrx_word' id='word_1_67' title='bbox 1794 1120 1921 1173; x_wconf 69' lang='lat' dir='ltr'>Haec</span> <span class='ocrx_word' id='word_1_68' title='bbox 1953 1136 2067 1173; x_wconf 90' lang='lat' dir='ltr'>non</span> 
     </span>
    </p>
   </div>
   <div class='ocr_carea' id='block_1_12' title="bbox 431 1208 2066 1281">
    <p class='ocr_par' dir='ltr' id='par_1_12' title="bbox 431 1208 2066 1281">
     <span class='ocr_line' id='line_1_12' title="bbox 431 1208 2066 1281; baseline -0.001 -18"><span class='ocrx_word' id='word_1_69' title='bbox 431 1210 604 1281; x_wconf 88' lang='lat' dir='ltr'>longe</span> <span class='ocrx_word' id='word_1_70' title='bbox 636 1208 982 1263; x_wconf 89' lang='lat' dir='ltr'>delitescens</span> <span class='ocrx_word' id='word_1_71' title='bbox 1016 1209 1072 1261; x_wconf 91' lang='lat' dir='ltr'>in</span> <span class='ocrx_word' id='word_1_72' title='bbox 1107 1208 1337 1262; x_wconf 90' lang='lat' dir='ltr'>insidiis</span> <span class='ocrx_word' id='word_1_73' title='bbox 1378 1208 1790 1277; x_wconf 88' lang='lat' dir='ltr'>speculabatur</span> <span class='ocrx_word' id='word_1_74' title='bbox 1833 1223 2066 1277; x_wconf 89' lang='lat' dir='ltr'>auceps,</span> 
     </span>
    </p>
   </div>
   <div class='ocr_carea' id='block_1_13' title="bbox 435 1296 2067 1368">
    <p class='ocr_par' dir='ltr' id='par_1_13' title="bbox 435 1296 2067 1368">
     <span class='ocr_line' id='line_1_13' title="bbox 435 1296 2067 1368; baseline -0.001 -18"><span class='ocrx_word' id='word_1_75' title='bbox 435 1298 532 1368; x_wconf 89' lang='lat' dir='ltr'>qui</span> <span class='ocrx_word' id='word_1_76' title='bbox 569 1297 668 1350; x_wconf 91' lang='lat' dir='ltr'>ubi</span> <span class='ocrx_word' id='word_1_77' title='bbox 702 1297 948 1367; x_wconf 66' lang='lat' dir='ltr'>praedam</span> <span class='ocrx_word' id='word_1_78' title='bbox 980 1296 1037 1349; x_wconf 90' lang='lat' dir='ltr'>in</span> <span class='ocrx_word' id='word_1_79' title='bbox 1066 1312 1261 1350; x_wconf 87' lang='lat' dir='ltr'>casses</span> <span class='ocrx_word' id='word_1_80' title='bbox 1300 1296 1566 1350; x_wconf 87' lang='lat' dir='ltr'>indutam</span> <span class='ocrx_word' id='word_1_81' title='bbox 1619 1296 1785 1363; x_wconf 85' lang='lat' dir='ltr'>vidit,</span> <span class='ocrx_word' id='word_1_82' title='bbox 1818 1299 2067 1349; x_wconf 89' lang='lat' dir='ltr'>attractu</span> 
     </span>
    </p>
   </div>
   <div class='ocr_carea' id='block_1_14' title="bbox 432 1383 2071 1447">
    <p class='ocr_par' dir='ltr' id='par_1_14' title="bbox 432 1383 2071 1447">
     <span class='ocr_line' id='line_1_14' title="bbox 432 1383 2071 1447; baseline -0.002 -8"><span class='ocrx_word' id='word_1_83' title='bbox 432 1385 644 1439; x_wconf 91' lang='lat' dir='ltr'>furtivo</span> <span class='ocrx_word' id='word_1_84' title='bbox 663 1384 900 1438; x_wconf 80' lang='lat' dir='ltr'>funiculi</span> <span class='ocrx_word' id='word_1_85' title='bbox 917 1384 1335 1438; x_wconf 80' lang='lat' dir='ltr'>statuminibus</span> <span class='ocrx_word' id='word_1_86' title='bbox 1357 1384 1809 1447; x_wconf 88' lang='lat' dir='ltr'>subductis,rete</span> <span class='ocrx_word' id='word_1_87' title='bbox 1828 1383 2071 1437; x_wconf 86' lang='lat' dir='ltr'>devolvit</span> 
     </span>
    </p>
   </div>
   <div class='ocr_carea' id='block_1_15' title="bbox 432 1470 2069 1545">
    <p class='ocr_par' dir='ltr' id='par_1_15' title="bbox 432 1470 2069 1545">
     <span class='ocr_line' id='line_1_15' title="bbox 432 1470 2069 1545; baseline -0.001 -17"><span class='ocrx_word' id='word_1_88' title='bbox 432 1476 493 1529; x_wconf 92' lang='lat' dir='ltr'>in</span> <span class='ocrx_word' id='word_1_89' title='bbox 525 1475 573 1529; x_wconf 89' lang='lat' dir='ltr'>ei</span> <span class='ocrx_word' id='word_1_90' title='bbox 594 1470 892 1545; x_wconf 78' lang='lat' dir='ltr'>subjectae</span> <span class='ocrx_word' id='word_1_91' title='bbox 913 1475 1195 1529; x_wconf 72' lang='lat' dir='ltr'>volucres.</span> <span class='ocrx_word' id='word_1_92' title='bbox 1221 1474 1613 1529; x_wconf 72' lang='lat' dir='ltr'>Consternata:</span> <span class='ocrx_word' id='word_1_93' title='bbox 1642 1473 1750 1527; x_wconf 76' lang='lat' dir='ltr'>illae</span> <span class='ocrx_word' id='word_1_94' title='bbox 1769 1474 1963 1528; x_wconf 90' lang='lat' dir='ltr'>subito</span> <span class='ocrx_word' id='word_1_95' title='bbox 1986 1474 2069 1527; x_wconf 90' lang='lat' dir='ltr'>la-</span> 
     </span>
    </p>
   </div>
   <div class='ocr_carea' id='block_1_16' title="bbox 434 1562 2066 1635">
    <p class='ocr_par' dir='ltr' id='par_1_16' title="bbox 434 1562 2066 1635">
     <span class='ocr_line' id='line_1_16' title="bbox 434 1562 2066 1635; baseline 0 -16"><span class='ocrx_word' id='word_1_96' title='bbox 434 1582 541 1635; x_wconf 90' lang='lat' dir='ltr'>psu</span> <span class='ocrx_word' id='word_1_97' title='bbox 577 1568 735 1631; x_wconf 88' lang='lat' dir='ltr'>sunt,</span> <span class='ocrx_word' id='word_1_98' title='bbox 771 1580 897 1618; x_wconf 92' lang='lat' dir='ltr'>sese</span> <span class='ocrx_word' id='word_1_99' title='bbox 928 1568 1129 1634; x_wconf 87' lang='lat' dir='ltr'>captas</span> <span class='ocrx_word' id='word_1_100' title='bbox 1178 1565 1530 1618; x_wconf 81' lang='lat' dir='ltr'>sentientes:</span> <span class='ocrx_word' id='word_1_101' title='bbox 1579 1568 1767 1617; x_wconf 91' lang='lat' dir='ltr'>tamen</span> <span class='ocrx_word' id='word_1_102' title='bbox 1829 1562 1929 1617; x_wconf 87' lang='lat' dir='ltr'>illa</span> <span class='ocrx_word' id='word_1_103' title='bbox 1978 1580 2066 1619; x_wconf 87' lang='lat' dir='ltr'>se-</span> 
     </span>
    </p>
   </div>
   <div class='ocr_carea' id='block_1_17' title="bbox 430 1653 2069 1720">
    <p class='ocr_par' dir='ltr' id='par_1_17' title="bbox 430 1653 2069 1720">
     <span class='ocr_line' id='line_1_17' title="bbox 430 1653 2069 1720; baseline 0.001 -12"><span class='ocrx_word' id='word_1_104' title='bbox 430 1654 577 1720; x_wconf 90' lang='lat' dir='ltr'>nior,</span> <span class='ocrx_word' id='word_1_105' title='bbox 613 1658 949 1707; x_wconf 68' lang='lat' dir='ltr'>caaterarum</span> <span class='ocrx_word' id='word_1_106' title='bbox 991 1653 1235 1719; x_wconf 85' lang='lat' dir='ltr'>ductrix,</span> <span class='ocrx_word' id='word_1_107' title='bbox 1279 1654 1428 1707; x_wconf 93' lang='lat' dir='ltr'>bono</span> <span class='ocrx_word' id='word_1_108' title='bbox 1463 1670 1586 1708; x_wconf 90' lang='lat' dir='ltr'>esse</span> <span class='ocrx_word' id='word_1_109' title='bbox 1634 1654 1829 1707; x_wconf 86' lang='lat' dir='ltr'>animo</span> <span class='ocrx_word' id='word_1_110' title='bbox 1880 1654 2069 1709; x_wconf 75' lang='lat' dir='ltr'>socias</span> 
     </span>
    </p>
   </div>
   <div class='ocr_carea' id='block_1_18' title="bbox 425 1740 2069 1813">
    <p class='ocr_par' dir='ltr' id='par_1_18' title="bbox 425 1740 2069 1813">
     <span class='ocr_line' id='line_1_18' title="bbox 425 1740 2069 1813; baseline -0.002 -17"><span class='ocrx_word' id='word_1_111' title='bbox 425 1742 626 1813; x_wconf 88' lang='lat' dir='ltr'>jussit,</span> <span class='ocrx_word' id='word_1_112' title='bbox 660 1758 765 1795; x_wconf 91' lang='lat' dir='ltr'>nec</span> <span class='ocrx_word' id='word_1_113' title='bbox 791 1746 911 1795; x_wconf 91' lang='lat' dir='ltr'>tam</span> <span class='ocrx_word' id='word_1_114' title='bbox 942 1740 1052 1795; x_wconf 92' lang='lat' dir='ltr'>cito</span> <span class='ocrx_word' id='word_1_115' title='bbox 1085 1742 1410 1811; x_wconf 86' lang='lat' dir='ltr'>desperare,</span> <span class='ocrx_word' id='word_1_116' title='bbox 1446 1741 1584 1811; x_wconf 92' lang='lat' dir='ltr'>quin</span> <span class='ocrx_word' id='word_1_117' title='bbox 1618 1741 1761 1795; x_wconf 80' lang='lat' dir='ltr'>ratio</span> <span class='ocrx_word' id='word_1_118' title='bbox 1795 1740 1929 1793; x_wconf 88' lang='lat' dir='ltr'>iniri</span> <span class='ocrx_word' id='word_1_119' title='bbox 1961 1740 2069 1793; x_wconf 92' lang='lat' dir='ltr'>ali-</span> 
     </span>
    </p>
   </div>
   <div class='ocr_carea' id='block_1_19' title="bbox 434 1826 2065 1900">
    <p class='ocr_par' dir='ltr' id='par_1_19' title="bbox 434 1826 2065 1900">
     <span class='ocr_line' id='line_1_19' title="bbox 434 1826 2065 1900; baseline -0.002 -15"><span class='ocrx_word' id='word_1_120' title='bbox 434 1848 547 1900; x_wconf 90' lang='lat' dir='ltr'>qua</span> <span class='ocrx_word' id='word_1_121' title='bbox 605 1834 801 1899; x_wconf 86' lang='lat' dir='ltr'>posset</span> <span class='ocrx_word' id='word_1_122' title='bbox 848 1830 1217 1899; x_wconf 68' lang='lat' dir='ltr'>expedienda:</span> <span class='ocrx_word' id='word_1_123' title='bbox 1273 1845 1341 1883; x_wconf 87' lang='lat' dir='ltr'>ex</span> <span class='ocrx_word' id='word_1_124' title='bbox 1396 1846 1461 1883; x_wconf 92' lang='lat' dir='ltr'>eo</span> <span class='ocrx_word' id='word_1_125' title='bbox 1524 1828 1779 1899; x_wconf 91' lang='lat' dir='ltr'>periculo</span> <span class='ocrx_word' id='word_1_126' title='bbox 1838 1826 2065 1882; x_wconf 87' lang='lat' dir='ltr'>salutis.</span> 
     </span>
    </p>
   </div>
   <div class='ocr_carea' id='block_1_20' title="bbox 433 1918 2065 1989">
    <p class='ocr_par' dir='ltr' id='par_1_20' title="bbox 433 1918 2065 1989">
     <span class='ocr_line' id='line_1_20' title="bbox 433 1918 2065 1989; baseline -0.002 -16"><span class='ocrx_word' id='word_1_127' title='bbox 433 1920 680 1989; x_wconf 82' lang='lat' dir='ltr'>Moxque</span> <span class='ocrx_word' id='word_1_128' title='bbox 701 1918 1141 1989; x_wconf 88' lang='lat' dir='ltr'>circumspectis</span> <span class='ocrx_word' id='word_1_129' title='bbox 1171 1920 1444 1973; x_wconf 92' lang='lat' dir='ltr'>omnibus</span> <span class='ocrx_word' id='word_1_130' title='bbox 1472 1918 1532 1972; x_wconf 92' lang='lat' dir='ltr'>in</span> <span class='ocrx_word' id='word_1_131' title='bbox 1562 1918 1773 1972; x_wconf 92' lang='lat' dir='ltr'>ﬁducia</span> <span class='ocrx_word' id='word_1_132' title='bbox 1803 1918 2065 1972; x_wconf 87' lang='lat' dir='ltr'>ﬁrmata:</span> 
     </span>
    </p>
   </div>
   <div class='ocr_carea' id='block_1_21' title="bbox 434 2006 2070 2078">
    <p class='ocr_par' dir='ltr' id='par_1_21' title="bbox 434 2006 2070 2078">
     <span class='ocr_line' id='line_1_21' title="bbox 434 2006 2070 2078; baseline -0.002 -16"><span class='ocrx_word' id='word_1_133' title='bbox 434 2013 591 2062; x_wconf 88' lang='lat' dir='ltr'>Heus</span> <span class='ocrx_word' id='word_1_134' title='bbox 613 2024 734 2073; x_wconf 89' lang='lat' dir='ltr'>vos,</span> <span class='ocrx_word' id='word_1_135' title='bbox 760 2007 951 2077; x_wconf 89' lang='lat' dir='ltr'>inquit</span> <span class='ocrx_word' id='word_1_136' title='bbox 972 2008 1042 2061; x_wconf 88' lang='lat' dir='ltr'>ad</span> <span class='ocrx_word' id='word_1_137' title='bbox 1075 2007 1337 2075; x_wconf 89' lang='lat' dir='ltr'>comites,</span> <span class='ocrx_word' id='word_1_138' title='bbox 1370 2008 1521 2078; x_wconf 85' lang='lat' dir='ltr'>agite</span> <span class='ocrx_word' id='word_1_139' title='bbox 1555 2006 1923 2061; x_wconf 89' lang='lat' dir='ltr'>connitimini</span> <span class='ocrx_word' id='word_1_140' title='bbox 1969 2022 2070 2075; x_wconf 93' lang='lat' dir='ltr'>pro</span> 
     </span>
    </p>
   </div>
   <div class='ocr_carea' id='block_1_22' title="bbox 437 2095 2070 2167">
    <p class='ocr_par' dir='ltr' id='par_1_22' title="bbox 437 2095 2070 2167">
     <span class='ocr_line' id='line_1_22' title="bbox 437 2095 2070 2167; baseline -0.003 -15"><span class='ocrx_word' id='word_1_141' title='bbox 437 2114 498 2152; x_wconf 90' lang='lat' dir='ltr'>se</span> <span class='ocrx_word' id='word_1_142' title='bbox 530 2112 770 2167; x_wconf 63' lang='lat' dir='ltr'>quaaque</span> <span class='ocrx_word' id='word_1_143' title='bbox 791 2112 1015 2151; x_wconf 91' lang='lat' dir='ltr'>mecum</span> <span class='ocrx_word' id='word_1_144' title='bbox 1045 2113 1056 2149; x_wconf 92' lang='lat'><strong>:</strong></span> <span class='ocrx_word' id='word_1_145' title='bbox 1092 2096 1288 2151; x_wconf 70' lang='lat' dir='ltr'>multae</span> <span class='ocrx_word' id='word_1_146' title='bbox 1315 2114 1545 2163; x_wconf 89' lang='lat' dir='ltr'>sumus,</span> <span class='ocrx_word' id='word_1_147' title='bbox 1565 2100 1621 2151; x_wconf 89' lang='lat' dir='ltr'>et</span> <span class='ocrx_word' id='word_1_148' title='bbox 1644 2100 1760 2150; x_wconf 90' lang='lat' dir='ltr'>rete</span> <span class='ocrx_word' id='word_1_149' title='bbox 1780 2095 2070 2150; x_wconf 89' lang='lat' dir='ltr'>modicum</span> 
     </span>
    </p>
   </div>
   <div class='ocr_carea' id='block_1_23' title="bbox 434 2182 2071 2253">
    <p class='ocr_par' dir='ltr' id='par_1_23' title="bbox 434 2182 2071 2253">
     <span class='ocr_line' id='line_1_23' title="bbox 434 2182 2071 2253; baseline -0.002 -12"><span class='ocrx_word' id='word_1_150' title='bbox 434 2190 545 2251; x_wconf 92' lang='lat' dir='ltr'>est,</span> <span class='ocrx_word' id='word_1_151' title='bbox 578 2185 873 2240; x_wconf 91' lang='lat' dir='ltr'>evolemus</span> <span class='ocrx_word' id='word_1_152' title='bbox 913 2184 1086 2239; x_wconf 88' lang='lat' dir='ltr'>simul</span> <span class='ocrx_word' id='word_1_153' title='bbox 1120 2185 1177 2239; x_wconf 92' lang='lat' dir='ltr'>in</span> <span class='ocrx_word' id='word_1_154' title='bbox 1209 2200 1361 2253; x_wconf 91' lang='lat' dir='ltr'>aera,</span> <span class='ocrx_word' id='word_1_155' title='bbox 1393 2189 1511 2239; x_wconf 88' lang='lat' dir='ltr'>rete</span> <span class='ocrx_word' id='word_1_156' title='bbox 1560 2201 1796 2239; x_wconf 88' lang='lat' dir='ltr'>sursum</span> <span class='ocrx_word' id='word_1_157' title='bbox 1829 2182 2071 2237; x_wconf 86' lang='lat' dir='ltr'>evehen-</span> 
     </span>
    </p>
   </div>
   <div class='ocr_carea' id='block_1_24' title="bbox 436 2272 2074 2330">
    <p class='ocr_par' dir='ltr' id='par_1_24' title="bbox 436 2272 2074 2330">
     <span class='ocr_line' id='line_1_24' title="bbox 436 2272 2074 2330; baseline -0.002 -1"><span class='ocrx_word' id='word_1_158' title='bbox 436 2280 544 2330; x_wconf 89' lang='lat' dir='ltr'>tes.</span> <span class='ocrx_word' id='word_1_159' title='bbox 580 2275 818 2329; x_wconf 89' lang='lat' dir='ltr'>Factum</span> <span class='ocrx_word' id='word_1_160' title='bbox 854 2273 1095 2328; x_wconf 88' lang='lat' dir='ltr'>dictum.</span> <span class='ocrx_word' id='word_1_161' title='bbox 1138 2274 1370 2328; x_wconf 83' lang='lat' dir='ltr'>Abeunt</span> <span class='ocrx_word' id='word_1_162' title='bbox 1417 2272 1700 2327; x_wconf 89' lang='lat' dir='ltr'>sublimes</span> <span class='ocrx_word' id='word_1_163' title='bbox 1745 2273 2074 2327; x_wconf 79' lang='lat' dir='ltr'>auferentes</span> 
     </span>
    </p>
   </div>
   <div class='ocr_carea' id='block_1_25' title="bbox 437 2361 2075 2434">
    <p class='ocr_par' dir='ltr' id='par_1_25' title="bbox 437 2361 2075 2434">
     <span class='ocr_line' id='line_1_25' title="bbox 437 2361 2075 2434; baseline -0.004 -15"><span class='ocrx_word' id='word_1_164' title='bbox 437 2363 767 2433; x_wconf 84' lang='lat' dir='ltr'>reticulum,</span> <span class='ocrx_word' id='word_1_165' title='bbox 797 2380 910 2433; x_wconf 91' lang='lat' dir='ltr'>quo</span> <span class='ocrx_word' id='word_1_166' title='bbox 942 2364 1116 2417; x_wconf 89' lang='lat' dir='ltr'>etiam</span> <span class='ocrx_word' id='word_1_167' title='bbox 1148 2361 1454 2434; x_wconf 67' lang='lat' dir='ltr'>implicata:</span> <span class='ocrx_word' id='word_1_168' title='bbox 1473 2363 1839 2417; x_wconf 89' lang='lat' dir='ltr'>tenebantur.</span> <span class='ocrx_word' id='word_1_169' title='bbox 1875 2361 2075 2430; x_wconf 90' lang='lat' dir='ltr'>Suspi-</span> 
     </span>
    </p>
   </div>
   <div class='ocr_carea' id='block_1_26' title="bbox 440 2452 2073 2523">
    <p class='ocr_par' dir='ltr' id='par_1_26' title="bbox 440 2452 2073 2523">
     <span class='ocr_line' id='line_1_26' title="bbox 440 2452 2073 2523; baseline -0.002 -16"><span class='ocrx_word' id='word_1_170' title='bbox 440 2454 630 2509; x_wconf 90' lang='lat' dir='ltr'>ciebat</span> <span class='ocrx_word' id='word_1_171' title='bbox 672 2453 971 2507; x_wconf 89' lang='lat' dir='ltr'>admirans</span> <span class='ocrx_word' id='word_1_172' title='bbox 1001 2456 1261 2519; x_wconf 87' lang='lat' dir='ltr'>venator,</span> <span class='ocrx_word' id='word_1_173' title='bbox 1312 2469 1415 2507; x_wconf 87' lang='lat' dir='ltr'>nec</span> <span class='ocrx_word' id='word_1_174' title='bbox 1463 2452 1833 2523; x_wconf 89' lang='lat' dir='ltr'>dcspondens</span> <span class='ocrx_word' id='word_1_175' title='bbox 1882 2454 2073 2504; x_wconf 86' lang='lat' dir='ltr'>tamen</span> 
     </span>
    </p>
   </div>
   <div class='ocr_carea' id='block_1_27' title="bbox 439 2538 2076 2613">
    <p class='ocr_par' dir='ltr' id='par_1_27' title="bbox 439 2538 2076 2613">
     <span class='ocr_line' id='line_1_27' title="bbox 439 2538 2076 2613; baseline -0.003 -16"><span class='ocrx_word' id='word_1_176' title='bbox 439 2542 739 2607; x_wconf 90' lang='lat' dir='ltr'>animum;</span> <span class='ocrx_word' id='word_1_177' title='bbox 773 2542 1109 2613; x_wconf 86' lang='lat' dir='ltr'>providebat</span> <span class='ocrx_word' id='word_1_178' title='bbox 1140 2542 1293 2595; x_wconf 88' lang='lat' dir='ltr'>enim</span> <span class='ocrx_word' id='word_1_179' title='bbox 1326 2546 1486 2595; x_wconf 88' lang='lat' dir='ltr'>tanto</span> <span class='ocrx_word' id='word_1_180' title='bbox 1519 2540 1714 2595; x_wconf 89' lang='lat' dir='ltr'>labore</span> <span class='ocrx_word' id='word_1_181' title='bbox 1761 2544 1934 2610; x_wconf 90' lang='lat' dir='ltr'>atque</span> <span class='ocrx_word' id='word_1_182' title='bbox 1963 2538 2076 2592; x_wconf 88' lang='lat' dir='ltr'>im-</span> 
     </span>
    </p>
   </div>
   <div class='ocr_carea' id='block_1_28' title="bbox 440 2629 2079 2701">
    <p class='ocr_par' dir='ltr' id='par_1_28' title="bbox 440 2629 2079 2701">
     <span class='ocr_line' id='line_1_28' title="bbox 440 2629 2079 2701; baseline -0.002 -16"><span class='ocrx_word' id='word_1_183' title='bbox 440 2632 766 2699; x_wconf 88' lang='lat' dir='ltr'>pedimento</span> <span class='ocrx_word' id='word_1_184' title='bbox 811 2631 1191 2701; x_wconf 75' lang='lat' dir='ltr'>implexarum</span> <span class='ocrx_word' id='word_1_185' title='bbox 1236 2630 1490 2685; x_wconf 89' lang='lat' dir='ltr'>cassium</span> <span class='ocrx_word' id='word_1_186' title='bbox 1523 2630 1679 2685; x_wconf 88' lang='lat' dir='ltr'>haud</span> <span class='ocrx_word' id='word_1_187' title='bbox 1716 2629 1912 2700; x_wconf 88' lang='lat' dir='ltr'>procul</span> <span class='ocrx_word' id='word_1_188' title='bbox 1943 2644 2079 2682; x_wconf 88' lang='lat' dir='ltr'>avo-</span> 
     </span>
    </p>
   </div>
   <div class='ocr_carea' id='block_1_29' title="bbox 442 2718 2080 2789">
    <p class='ocr_par' dir='ltr' id='par_1_29' title="bbox 442 2718 2080 2789">
     <span class='ocr_line' id='line_1_29' title="bbox 442 2718 2080 2789; baseline -0.002 -16"><span class='ocrx_word' id='word_1_189' title='bbox 442 2720 684 2774; x_wconf 83' lang='lat' dir='ltr'>laturas.</span> <span class='ocrx_word' id='word_1_190' title='bbox 719 2719 1081 2787; x_wconf 81' lang='lat' dir='ltr'>Sequebatur</span> <span class='ocrx_word' id='word_1_191' title='bbox 1110 2735 1246 2789; x_wconf 84' lang='lat' dir='ltr'>ergo</span> <span class='ocrx_word' id='word_1_192' title='bbox 1278 2734 1520 2773; x_wconf 90' lang='lat' dir='ltr'>currens</span> <span class='ocrx_word' id='word_1_193' title='bbox 1559 2718 1616 2772; x_wconf 89' lang='lat' dir='ltr'>in</span> <span class='ocrx_word' id='word_1_194' title='bbox 1668 2731 2080 2787; x_wconf 87' lang='lat' dir='ltr'>quamcunque</span> 
     </span>
    </p>
   </div>
   <div class='ocr_carea' id='block_1_30' title="bbox 442 2806 1813 2878">
    <p class='ocr_par' dir='ltr' id='par_1_30' title="bbox 442 2806 1813 2878">
     <span class='ocr_line' id='line_1_30' title="bbox 442 2806 1813 2878; baseline -0.001 -17"><span class='ocrx_word' id='word_1_195' title='bbox 442 2806 576 2862; x_wconf 89' lang='lat' dir='ltr'>illas</span> <span class='ocrx_word' id='word_1_196' title='bbox 602 2812 826 2878; x_wconf 86' lang='lat' dir='ltr'>partem</span> <span class='ocrx_word' id='word_1_197' title='bbox 860 2807 964 2861; x_wconf 90' lang='lat' dir='ltr'>niti</span> <span class='ocrx_word' id='word_1_198' title='bbox 999 2807 1222 2862; x_wconf 90' lang='lat' dir='ltr'>alarum</span> <span class='ocrx_word' id='word_1_199' title='bbox 1256 2806 1499 2877; x_wconf 79' lang='lat' dir='ltr'>remigio</span> <span class='ocrx_word' id='word_1_200' title='bbox 1522 2806 1813 2875; x_wconf 84' lang='lat' dir='ltr'>cernebat.</span> 
     </span>
    </p>
   </div>
   <div class='ocr_carea' id='block_1_31' title="bbox 514 2920 2083 2979">
    <p class='ocr_par' dir='ltr' id='par_1_31' title="bbox 514 2920 2083 2979">
     <span class='ocr_line' id='line_1_31' title="bbox 514 2920 2083 2979; baseline -0.004 -2"><span class='ocrx_word' id='word_1_201' title='bbox 514 2924 582 2977; x_wconf 88' lang='lat' dir='ltr'>Il.</span> <span class='ocrx_word' id='word_1_202' title='bbox 617 2923 806 2979; x_wconf 91' lang='lat' dir='ltr'>Variis</span> <span class='ocrx_word' id='word_1_203' title='bbox 829 2939 896 2978; x_wconf 87' lang='lat' dir='ltr'>ea</span> <span class='ocrx_word' id='word_1_204' title='bbox 918 2940 1125 2977; x_wconf 88' lang='lat' dir='ltr'>corvus</span> <span class='ocrx_word' id='word_1_205' title='bbox 1149 2924 1386 2977; x_wconf 91' lang='lat' dir='ltr'>intuens</span> <span class='ocrx_word' id='word_1_206' title='bbox 1411 2922 1763 2977; x_wconf 87' lang='lat' dir='ltr'>miscebatur</span> <span class='ocrx_word' id='word_1_207' title='bbox 1780 2920 2083 2975; x_wconf 76' lang='lat' dir='ltr'>affectibus</span> 
     </span>
    </p>
   </div>
   <div class='ocr_carea' id='block_1_32' title="bbox 442 3007 2085 3076">
    <p class='ocr_par' dir='ltr' id='par_1_32' title="bbox 442 3007 2085 3076">
     <span class='ocr_line' id='line_1_32' title="bbox 442 3007 2085 3076; baseline -0.004 -10"><span class='ocrx_word' id='word_1_208' title='bbox 442 3030 507 3066; x_wconf 89' lang='lat' dir='ltr'>ac</span> <span class='ocrx_word' id='word_1_209' title='bbox 541 3012 810 3067; x_wconf 88' lang='lat' dir='ltr'>sensibus</span> <span class='ocrx_word' id='word_1_210' title='bbox 844 3011 1592 3076; x_wconf 88' lang='lat' dir='ltr'>formidinis,miserationis</span> <span class='ocrx_word' id='word_1_211' title='bbox 1623 3015 1679 3063; x_wconf 91' lang='lat' dir='ltr'>et</span> <span class='ocrx_word' id='word_1_212' title='bbox 1708 3007 2085 3064; x_wconf 85' lang='lat' dir='ltr'>curiositatis.</span> 
     </span>
    </p>
   </div>
   <div class='ocr_carea' id='block_1_33' title="bbox 440 3095 2082 3163">
    <p class='ocr_par' dir='ltr' id='par_1_33' title="bbox 440 3095 2082 3163">
     <span class='ocr_line' id='line_1_33' title="bbox 440 3095 2082 3163; baseline -0.002 -9"><span class='ocrx_word' id='word_1_213' title='bbox 440 3102 593 3157; x_wconf 90' lang='lat' dir='ltr'>Vicit</span> <span class='ocrx_word' id='word_1_214' title='bbox 623 3103 743 3157; x_wconf 63' lang='lat' dir='ltr'>haec</span> <span class='ocrx_word' id='word_1_215' title='bbox 777 3102 985 3157; x_wconf 91' lang='lat' dir='ltr'>ultima</span> <span class='ocrx_word' id='word_1_216' title='bbox 1008 3108 1070 3157; x_wconf 92' lang='lat' dir='ltr'>ut</span> <span class='ocrx_word' id='word_1_217' title='bbox 1097 3103 1440 3163; x_wconf 82' lang='lat' dir='ltr'>attenderet,</span> <span class='ocrx_word' id='word_1_218' title='bbox 1460 3106 1515 3155; x_wconf 91' lang='lat' dir='ltr'>et</span> <span class='ocrx_word' id='word_1_219' title='bbox 1532 3116 1649 3154; x_wconf 89' lang='lat' dir='ltr'>non</span> <span class='ocrx_word' id='word_1_220' title='bbox 1674 3098 1867 3153; x_wconf 91' lang='lat' dir='ltr'>solum</span> <span class='ocrx_word' id='word_1_221' title='bbox 1896 3095 2082 3161; x_wconf 89' lang='lat' dir='ltr'>oculo,</span> 
     </span>
    </p>
   </div>
   <div class='ocr_carea' id='block_1_34' title="bbox 443 3188 2076 3261">
    <p class='ocr_par' dir='ltr' id='par_1_34' title="bbox 443 3188 2076 3261">
     <span class='ocr_line' id='line_1_34' title="bbox 443 3188 2076 3261; baseline -0.004 -15"><span class='ocrx_word' id='word_1_222' title='bbox 443 3194 543 3247; x_wconf 90' lang='lat' dir='ltr'>sed</span> <span class='ocrx_word' id='word_1_223' title='bbox 575 3198 631 3247; x_wconf 93' lang='lat' dir='ltr'>et</span> <span class='ocrx_word' id='word_1_224' title='bbox 659 3198 830 3248; x_wconf 90' lang='lat' dir='ltr'>cauto</span> <span class='ocrx_word' id='word_1_225' title='bbox 861 3193 1056 3247; x_wconf 89' lang='lat' dir='ltr'>volatu</span> <span class='ocrx_word' id='word_1_226' title='bbox 1082 3196 1426 3261; x_wconf 89' lang='lat' dir='ltr'>sequeretur</span> <span class='ocrx_word' id='word_1_227' title='bbox 1441 3189 1744 3244; x_wconf 90' lang='lat' dir='ltr'>columbas</span> <span class='ocrx_word' id='word_1_228' title='bbox 1768 3188 2076 3258; x_wconf 77' lang='lat' dir='ltr'>fugientes,</span> 
     </span>
    </p>
   </div>
   <div class='ocr_carea' id='block_1_35' title="bbox 441 3275 2077 3348">
    <p class='ocr_par' dir='ltr' id='par_1_35' title="bbox 441 3275 2077 3348">
     <span class='ocr_line' id='line_1_35' title="bbox 441 3275 2077 3348; baseline -0.004 -15"><span class='ocrx_word' id='word_1_229' title='bbox 441 3280 593 3335; x_wconf 86' lang='lat' dir='ltr'>haud</span> <span class='ocrx_word' id='word_1_230' title='bbox 648 3280 774 3334; x_wconf 90' lang='lat' dir='ltr'>sine</span> <span class='ocrx_word' id='word_1_231' title='bbox 824 3296 1001 3334; x_wconf 88' lang='lat' dir='ltr'>causa</span> <span class='ocrx_word' id='word_1_232' title='bbox 1042 3296 1244 3333; x_wconf 89' lang='lat' dir='ltr'>verens</span> <span class='ocrx_word' id='word_1_233' title='bbox 1276 3282 1340 3333; x_wconf 88' lang='lat' dir='ltr'>nt</span> <span class='ocrx_word' id='word_1_234' title='bbox 1386 3277 1559 3348; x_wconf 89' lang='lat' dir='ltr'>longa</span> <span class='ocrx_word' id='word_1_235' title='bbox 1591 3275 1707 3331; x_wconf 90' lang='lat' dir='ltr'>illis</span> <span class='ocrx_word' id='word_1_236' title='bbox 1738 3283 1790 3330; x_wconf 93' lang='lat' dir='ltr'>et</span> <span class='ocrx_word' id='word_1_237' title='bbox 1822 3275 1955 3329; x_wconf 80' lang='lat' dir='ltr'>felix</span> <span class='ocrx_word' id='word_1_238' title='bbox 2006 3275 2077 3327; x_wconf 88' lang='lat' dir='ltr'>ad</span> 
     </span>
    </p>
   </div>
   <div class='ocr_carea' id='block_1_36' title="bbox 442 3360 2083 3436">
    <p class='ocr_par' dir='ltr' id='par_1_36' title="bbox 442 3360 2083 3436">
     <span class='ocr_line' id='line_1_36' title="bbox 442 3360 2083 3436; baseline -0.005 -15"><span class='ocrx_word' id='word_1_239' title='bbox 442 3372 767 3421; x_wconf 82' lang='lat' dir='ltr'>extremum</span> <span class='ocrx_word' id='word_1_240' title='bbox 820 3368 956 3436; x_wconf 86' lang='lat' dir='ltr'>fuga</span> <span class='ocrx_word' id='word_1_241' title='bbox 996 3364 1380 3435; x_wconf 86' lang='lat' dir='ltr'>contingeret.</span> <span class='ocrx_word' id='word_1_242' title='bbox 1439 3364 1669 3418; x_wconf 78' lang='lat' dir='ltr'>Audivit</span> <span class='ocrx_word' id='word_1_243' title='bbox 1717 3365 1911 3417; x_wconf 87' lang='lat' dir='ltr'>autem</span> <span class='ocrx_word' id='word_1_244' title='bbox 1966 3360 2083 3431; x_wconf 87' lang='lat' dir='ltr'>pri-</span> 
     </span>
    </p>
   </div>
   <div class='ocr_carea' id='block_1_37' title="bbox 442 3449 2081 3509">
    <p class='ocr_par' dir='ltr' id='par_1_37' title="bbox 442 3449 2081 3509">
     <span class='ocr_line' id='line_1_37' title="bbox 442 3449 2081 3509; baseline -0.004 0"><span class='ocrx_word' id='word_1_245' title='bbox 442 3455 687 3509; x_wconf 88' lang='lat' dir='ltr'>mariam</span> <span class='ocrx_word' id='word_1_246' title='bbox 713 3454 1120 3508; x_wconf 87' lang='lat' dir='ltr'>columbarum</span> <span class='ocrx_word' id='word_1_247' title='bbox 1154 3452 1234 3508; x_wconf 90' lang='lat' dir='ltr'>sic</span> <span class='ocrx_word' id='word_1_248' title='bbox 1266 3454 1676 3507; x_wconf 87' lang='lat' dir='ltr'>admonentem</span> <span class='ocrx_word' id='word_1_249' title='bbox 1712 3452 1938 3505; x_wconf 88' lang='lat' dir='ltr'>socias:</span> <span class='ocrx_word' id='word_1_250' title='bbox 1990 3449 2081 3505; x_wconf 87' lang='lat' dir='ltr'>Vi-</span> 
     </span>
    </p>
   </div>
   <div class='ocr_carea' id='block_1_38' title="bbox 444 3538 2079 3612">
    <p class='ocr_par' dir='ltr' id='par_1_38' title="bbox 444 3538 2079 3612">
     <span class='ocr_line' id='line_1_38' title="bbox 444 3538 2079 3612; baseline -0.003 -16"><span class='ocrx_word' id='word_1_251' title='bbox 444 3543 594 3596; x_wconf 88' lang='lat' dir='ltr'>detis</span> <span class='ocrx_word' id='word_1_252' title='bbox 626 3543 780 3596; x_wconf 92' lang='lat' dir='ltr'>hunc</span> <span class='ocrx_word' id='word_1_253' title='bbox 828 3558 1112 3612; x_wconf 91' lang='lat' dir='ltr'>aucupem</span> <span class='ocrx_word' id='word_1_254' title='bbox 1163 3558 1339 3596; x_wconf 90' lang='lat' dir='ltr'>cursu</span> <span class='ocrx_word' id='word_1_255' title='bbox 1386 3544 1773 3595; x_wconf 91' lang='lat' dir='ltr'>assectantem</span> <span class='ocrx_word' id='word_1_256' title='bbox 1823 3538 2079 3593; x_wconf 85' lang='lat' dir='ltr'>volatum</span> 
     </span>
    </p>
   </div>
   <div class='ocr_carea' id='block_1_39' title="bbox 447 3624 2086 3700">
    <p class='ocr_par' dir='ltr' id='par_1_39' title="bbox 447 3624 2086 3700">
     <span class='ocr_line' id='line_1_39' title="bbox 447 3624 2086 3700; baseline -0.003 -17"><span class='ocrx_word' id='word_1_257' title='bbox 447 3635 730 3697; x_wconf 88' lang='lat' dir='ltr'>nostrum;</span> <span class='ocrx_word' id='word_1_258' title='bbox 757 3631 811 3684; x_wconf 92' lang='lat' dir='ltr'>id</span> <span class='ocrx_word' id='word_1_259' title='bbox 846 3630 942 3684; x_wconf 90' lang='lat' dir='ltr'>ille</span> <span class='ocrx_word' id='word_1_260' title='bbox 990 3630 1159 3684; x_wconf 90' lang='lat' dir='ltr'>faciet</span> <span class='ocrx_word' id='word_1_261' title='bbox 1197 3629 1455 3700; x_wconf 91' lang='lat' dir='ltr'>quandiu</span> <span class='ocrx_word' id='word_1_262' title='bbox 1507 3645 1685 3699; x_wconf 88' lang='lat' dir='ltr'>supra</span> <span class='ocrx_word' id='word_1_263' title='bbox 1734 3624 2086 3697; x_wconf 90' lang='lat' dir='ltr'>campestria</span> 
     </span>
    </p>
   </div>
   <div class='ocr_carea' id='block_1_40' title="bbox 446 3715 2084 3789">
    <p class='ocr_par' dir='ltr' id='par_1_40' title="bbox 446 3715 2084 3789">
     <span class='ocr_line' id='line_1_40' title="bbox 446 3715 2084 3789; baseline -0.005 -16"><span class='ocrx_word' id='word_1_264' title='bbox 446 3724 503 3773; x_wconf 88' lang='lat' dir='ltr'>et</span> <span class='ocrx_word' id='word_1_265' title='bbox 547 3718 719 3789; x_wconf 89' lang='lat' dir='ltr'>plana</span> <span class='ocrx_word' id='word_1_266' title='bbox 767 3719 893 3773; x_wconf 90' lang='lat' dir='ltr'>loca</span> <span class='ocrx_word' id='word_1_267' title='bbox 947 3718 1296 3773; x_wconf 87' lang='lat' dir='ltr'>volabimus.</span> <span class='ocrx_word' id='word_1_268' title='bbox 1326 3717 1647 3771; x_wconf 81' lang='lat' dir='ltr'>Flectamus</span> <span class='ocrx_word' id='word_1_269' title='bbox 1674 3715 1849 3786; x_wconf 88' lang='lat' dir='ltr'>igitur</span> <span class='ocrx_word' id='word_1_270' title='bbox 1881 3729 2084 3767; x_wconf 89' lang='lat' dir='ltr'>censeo</span> 
     </span>
    </p>
   </div>
   <div class='ocr_carea' id='block_1_41' title="bbox 446 3800 2081 3875">
    <p class='ocr_par' dir='ltr' id='par_1_41' title="bbox 446 3800 2081 3875">
     <span class='ocr_line' id='line_1_41' title="bbox 446 3800 2081 3875; baseline -0.004 -16"><span class='ocrx_word' id='word_1_271' title='bbox 446 3823 649 3860; x_wconf 90' lang='lat' dir='ltr'>versus</span> <span class='ocrx_word' id='word_1_272' title='bbox 682 3810 933 3861; x_wconf 90' lang='lat' dir='ltr'>montem</span> <span class='ocrx_word' id='word_1_273' title='bbox 967 3807 1145 3861; x_wconf 90' lang='lat' dir='ltr'>istum</span> <span class='ocrx_word' id='word_1_274' title='bbox 1181 3805 1433 3875; x_wconf 88' lang='lat' dir='ltr'>scopulis</span> <span class='ocrx_word' id='word_1_275' title='bbox 1482 3803 1788 3875; x_wconf 78' lang='lat' dir='ltr'>praeruptis</span> <span class='ocrx_word' id='word_1_276' title='bbox 1820 3800 2081 3855; x_wconf 88' lang='lat' dir='ltr'>invium:</span> 
     </span>
    </p>
   </div>
   <div class='ocr_carea' id='block_1_42' title="bbox 452 3888 2083 3960">
    <p class='ocr_par' dir='ltr' id='par_1_42' title="bbox 452 3888 2083 3960">
     <span class='ocr_line' id='line_1_42' title="bbox 452 3888 2083 3960; baseline -0.005 -12"><span class='ocrx_word' id='word_1_277' title='bbox 452 3895 630 3949; x_wconf 89' lang='lat' dir='ltr'>simul</span> <span class='ocrx_word' id='word_1_278' title='bbox 676 3912 740 3949; x_wconf 92' lang='lat' dir='ltr'>eo</span> <span class='ocrx_word' id='word_1_279' title='bbox 798 3911 903 3948; x_wconf 90' lang='lat' dir='ltr'>nos</span> <span class='ocrx_word' id='word_1_280' title='bbox 961 3895 1195 3948; x_wconf 88' lang='lat' dir='ltr'>tendere</span> <span class='ocrx_word' id='word_1_281' title='bbox 1246 3893 1475 3955; x_wconf 79' lang='lat' dir='ltr'>viderit,</span> <span class='ocrx_word' id='word_1_282' title='bbox 1536 3889 1865 3960; x_wconf 90' lang='lat' dir='ltr'>desperabit</span> <span class='ocrx_word' id='word_1_283' title='bbox 1920 3888 2083 3956; x_wconf 83' lang='lat' dir='ltr'>sequi</span> 
     </span>
    </p>
   </div>
   <div class='ocr_carea' id='block_1_43' title="bbox 453 3980 2082 4054">
    <p class='ocr_par' dir='ltr' id='par_1_43' title="bbox 453 3980 2082 4054">
     <span class='ocr_line' id='line_1_43' title="bbox 453 3980 2082 4054; baseline -0.006 -16"><span class='ocrx_word' id='word_1_284' title='bbox 453 4000 625 4054; x_wconf 86' lang='lat' dir='ltr'>posse</span> <span class='ocrx_word' id='word_1_285' title='bbox 657 4000 721 4036; x_wconf 90' lang='lat' dir='ltr'>ac</span> <span class='ocrx_word' id='word_1_286' title='bbox 751 3999 984 4038; x_wconf 90' lang='lat' dir='ltr'>securas</span> <span class='ocrx_word' id='word_1_287' title='bbox 1017 3982 1327 4052; x_wconf 89' lang='lat' dir='ltr'>relinquet.</span> <span class='ocrx_word' id='word_1_288' title='bbox 1350 3983 1449 4035; x_wconf 88' lang='lat' dir='ltr'>Est</span> <span class='ocrx_word' id='word_1_289' title='bbox 1471 3980 1627 4035; x_wconf 90' lang='lat' dir='ltr'>aliud</span> <span class='ocrx_word' id='word_1_290' title='bbox 1663 3983 1937 4049; x_wconf 62' lang='lat' dir='ltr'>praeterea</span> <span class='ocrx_word' id='word_1_291' title='bbox 1968 3992 2082 4046; x_wconf 89' lang='lat' dir='ltr'>quo</span> 
     </span>
    </p>
   </div>
   <div class='ocr_carea' id='block_1_44' title="bbox 450 4062 2083 4139">
    <p class='ocr_par' dir='ltr' id='par_1_44' title="bbox 450 4062 2083 4139">
     <span class='ocr_line' id='line_1_44' title="bbox 450 4062 2083 4139; baseline -0.006 -15"><span class='ocrx_word' id='word_1_292' title='bbox 450 4070 589 4125; x_wconf 91' lang='lat' dir='ltr'>illuc</span> <span class='ocrx_word' id='word_1_293' title='bbox 623 4070 838 4125; x_wconf 85' lang='lat' dir='ltr'>trahor:</span> <span class='ocrx_word' id='word_1_294' title='bbox 874 4070 1099 4124; x_wconf 87' lang='lat' dir='ltr'>habitat</span> <span class='ocrx_word' id='word_1_295' title='bbox 1130 4069 1208 4124; x_wconf 91' lang='lat' dir='ltr'>ibi</span> <span class='ocrx_word' id='word_1_296' title='bbox 1237 4070 1477 4139; x_wconf 89' lang='lat' dir='ltr'>quidam</span> <span class='ocrx_word' id='word_1_297' title='bbox 1510 4068 1733 4121; x_wconf 89' lang='lat' dir='ltr'>amicus</span> <span class='ocrx_word' id='word_1_298' title='bbox 1790 4081 1952 4119; x_wconf 91' lang='lat' dir='ltr'>meus</span> <span class='ocrx_word' id='word_1_299' title='bbox 1985 4062 2083 4133; x_wconf 90' lang='lat' dir='ltr'>qui</span> 
     </span>
    </p>
   </div>
   <div class='ocr_carea' id='block_1_45' title="bbox 450 4154 2081 4229">
    <p class='ocr_par' dir='ltr' id='par_1_45' title="bbox 450 4154 2081 4229">
     <span class='ocr_line' id='line_1_45' title="bbox 450 4154 2081 4229; baseline -0.003 -16"><span class='ocrx_word' id='word_1_300' title='bbox 450 4177 555 4214; x_wconf 91' lang='lat' dir='ltr'>nos</span> <span class='ocrx_word' id='word_1_301' title='bbox 587 4160 847 4228; x_wconf 88' lang='lat' dir='ltr'>expediet</span> <span class='ocrx_word' id='word_1_302' title='bbox 890 4159 981 4213; x_wconf 90' lang='lat' dir='ltr'>bis</span> <span class='ocrx_word' id='word_1_303' title='bbox 1030 4158 1276 4229; x_wconf 88' lang='lat' dir='ltr'>laqueis.</span> <span class='ocrx_word' id='word_1_304' title='bbox 1335 4160 1723 4212; x_wconf 84' lang='lat' dir='ltr'>Assenserunt</span> <span class='ocrx_word' id='word_1_305' title='bbox 1780 4154 2081 4208; x_wconf 66' lang='lat' dir='ltr'>columbae.</span> 
     </span>
    </p>
   </div>
   <div class='ocr_carea' id='block_1_46' title="bbox 447 4241 2081 4313">
    <p class='ocr_par' dir='ltr' id='par_1_46' title="bbox 447 4241 2081 4313">
     <span class='ocr_line' id='line_1_46' title="bbox 447 4241 2081 4313; baseline -0.005 -13"><span class='ocrx_word' id='word_1_306' title='bbox 447 4246 690 4301; x_wconf 84' lang='lat' dir='ltr'>Volatus</span> <span class='ocrx_word' id='word_1_307' title='bbox 722 4246 1113 4301; x_wconf 89' lang='lat' dir='ltr'>communiter</span> <span class='ocrx_word' id='word_1_308' title='bbox 1142 4246 1404 4300; x_wconf 91' lang='lat' dir='ltr'>omnium</span> <span class='ocrx_word' id='word_1_309' title='bbox 1449 4260 1627 4313; x_wconf 90' lang='lat' dir='ltr'>super</span> <span class='ocrx_word' id='word_1_310' title='bbox 1668 4241 1884 4296; x_wconf 87' lang='lat' dir='ltr'>montis</span> <span class='ocrx_word' id='word_1_311' title='bbox 1915 4241 2081 4294; x_wconf 85' lang='lat' dir='ltr'>fasti-</span> 
     </span>
    </p>
   </div>
   <div class='ocr_carea' id='block_1_47' title="bbox 449 4328 2081 4405">
    <p class='ocr_par' dir='ltr' id='par_1_47' title="bbox 449 4328 2081 4405">
     <span class='ocr_line' id='line_1_47' title="bbox 449 4328 2081 4405; baseline -0.005 -17"><span class='ocrx_word' id='word_1_312' title='bbox 449 4335 610 4405; x_wconf 87' lang='lat' dir='ltr'>gium</span> <span class='ocrx_word' id='word_1_313' title='bbox 646 4334 988 4401; x_wconf 90' lang='lat' dir='ltr'>intenditur;</span> <span class='ocrx_word' id='word_1_314' title='bbox 1015 4337 1275 4397; x_wconf 89' lang='lat' dir='ltr'>venator,</span> <span class='ocrx_word' id='word_1_315' title='bbox 1307 4348 1410 4403; x_wconf 92' lang='lat' dir='ltr'>spe</span> <span class='ocrx_word' id='word_1_316' title='bbox 1441 4348 1624 4401; x_wconf 71' lang='lat' dir='ltr'>operae</span> <span class='ocrx_word' id='word_1_317' title='bbox 1657 4330 1825 4402; x_wconf 90' lang='lat' dir='ltr'>pretii</span> <span class='ocrx_word' id='word_1_318' title='bbox 1857 4328 2081 4397; x_wconf 87' lang='lat' dir='ltr'>perdita</span> 
     </span>
    </p>
   </div>
   <div class='ocr_carea' id='block_1_48' title="bbox 448 4416 2078 4487">
    <p class='ocr_par' dir='ltr' id='par_1_48' title="bbox 448 4416 2078 4487">
     <span class='ocr_line' id='line_1_48' title="bbox 448 4416 2078 4487; baseline -0.005 -10"><span class='ocrx_word' id='word_1_319' title='bbox 448 4423 685 4477; x_wconf 84' lang='lat' dir='ltr'>recedit.</span> <span class='ocrx_word' id='word_1_320' title='bbox 740 4422 976 4487; x_wconf 90' lang='lat' dir='ltr'>Corvus,</span> <span class='ocrx_word' id='word_1_321' title='bbox 1037 4438 1182 4476; x_wconf 89' lang='lat' dir='ltr'>nova</span> <span class='ocrx_word' id='word_1_322' title='bbox 1234 4420 1571 4475; x_wconf 90' lang='lat' dir='ltr'>curiositate</span> <span class='ocrx_word' id='word_1_323' title='bbox 1628 4418 1943 4473; x_wconf 91' lang='lat' dir='ltr'>instinctus</span> <span class='ocrx_word' id='word_1_324' title='bbox 1999 4416 2078 4469; x_wconf 88' lang='lat' dir='ltr'>vi-</span> 
     </span>
    </p>
   </div>
   <div class='ocr_carea' id='block_1_49' title="bbox 448 4509 2079 4580">
    <p class='ocr_par' dir='ltr' id='par_1_49' title="bbox 448 4509 2079 4580">
     <span class='ocr_line' id='line_1_49' title="bbox 448 4509 2079 4580; baseline -0.005 -15"><span class='ocrx_word' id='word_1_325' title='bbox 448 4511 620 4565; x_wconf 91' lang='lat' dir='ltr'>dendi</span> <span class='ocrx_word' id='word_1_326' title='bbox 652 4510 823 4565; x_wconf 88' lang='lat' dir='ltr'>amici</span> <span class='ocrx_word' id='word_1_327' title='bbox 855 4527 1030 4580; x_wconf 90' lang='lat' dir='ltr'>quam</span> <span class='ocrx_word' id='word_1_328' title='bbox 1060 4509 1331 4564; x_wconf 89' lang='lat' dir='ltr'>columba</span> <span class='ocrx_word' id='word_1_329' title='bbox 1370 4512 1808 4571; x_wconf 88' lang='lat' dir='ltr'>memoraverat,</span> <span class='ocrx_word' id='word_1_330' title='bbox 1864 4510 1920 4559; x_wconf 91' lang='lat' dir='ltr'>et</span> <span class='ocrx_word' id='word_1_331' title='bbox 1965 4521 2079 4574; x_wconf 92' lang='lat' dir='ltr'>quo</span> 
     </span>
    </p>
   </div>
   <div class='ocr_carea' id='block_1_50' title="bbox 2184 590 3841 663">
    <p class='ocr_par' dir='ltr' id='par_1_50' title="bbox 2184 590 3841 663">
     <span class='ocr_line' id='line_1_50' title="bbox 2184 590 3841 663; baseline -0.001 -16"><span class='ocrx_word' id='word_1_332' title='bbox 2184 609 2340 663; x_wconf 89' lang='lat' dir='ltr'>pore,</span> <span class='ocrx_word' id='word_1_333' title='bbox 2374 609 2506 647; x_wconf 90' lang='lat' dir='ltr'>cum</span> <span class='ocrx_word' id='word_1_334' title='bbox 2540 597 2596 647; x_wconf 90' lang='lat' dir='ltr'>et</span> <span class='ocrx_word' id='word_1_335' title='bbox 2628 594 2712 648; x_wconf 92' lang='lat' dir='ltr'>sol</span> <span class='ocrx_word' id='word_1_336' title='bbox 2760 593 2911 648; x_wconf 86' lang='lat' dir='ltr'>lunae</span> <span class='ocrx_word' id='word_1_337' title='bbox 2960 593 3305 663; x_wconf 90' lang='lat' dir='ltr'>interpositu</span> <span class='ocrx_word' id='word_1_338' title='bbox 3367 591 3617 656; x_wconf 89' lang='lat' dir='ltr'>deﬁciat,</span> <span class='ocrx_word' id='word_1_339' title='bbox 3684 590 3841 645; x_wconf 86' lang='lat' dir='ltr'>luna</span> 
     </span>
    </p>
   </div>
   <div class='ocr_carea' id='block_1_51' title="bbox 2181 680 3839 750">
    <p class='ocr_par' dir='ltr' id='par_1_51' title="bbox 2181 680 3839 750">
     <span class='ocr_line' id='line_1_51' title="bbox 2181 680 3839 750; baseline -0.001 -17"><span class='ocrx_word' id='word_1_340' title='bbox 2181 681 2399 734; x_wconf 65' lang='lat' dir='ltr'>umbra:</span> <span class='ocrx_word' id='word_1_341' title='bbox 2428 686 2598 735; x_wconf 57' lang='lat' dir='ltr'>terra;</span> <span class='ocrx_word' id='word_1_342' title='bbox 2628 681 2901 736; x_wconf 75' lang='lat' dir='ltr'>imirerso</span> <span class='ocrx_word' id='word_1_343' title='bbox 2933 683 3296 747; x_wconf 88' lang='lat' dir='ltr'>obscuretur,</span> <span class='ocrx_word' id='word_1_344' title='bbox 3329 680 3507 750; x_wconf 87' lang='lat' dir='ltr'>piscis</span> <span class='ocrx_word' id='word_1_345' title='bbox 3556 696 3624 734; x_wconf 80' lang='lat' dir='ltr'>ex</span> <span class='ocrx_word' id='word_1_346' title='bbox 3689 697 3839 749; x_wconf 84' lang='lat' dir='ltr'>pro-</span> 
     </span>
    </p>
   </div>
   <div class='ocr_carea' id='block_1_52' title="bbox 2182 767 3836 839">
    <p class='ocr_par' dir='ltr' id='par_1_52' title="bbox 2182 767 3836 839">
     <span class='ocr_line' id='line_1_52' title="bbox 2182 767 3836 839; baseline 0 -18"><span class='ocrx_word' id='word_1_347' title='bbox 2182 768 2361 823; x_wconf 84' lang='lat' dir='ltr'>fundo</span> <span class='ocrx_word' id='word_1_348' title='bbox 2421 767 2609 839; x_wconf 86' lang='lat' dir='ltr'>pelagi</span> <span class='ocrx_word' id='word_1_349' title='bbox 2668 769 2841 825; x_wconf 89' lang='lat' dir='ltr'>hamo</span> <span class='ocrx_word' id='word_1_350' title='bbox 2901 768 3197 834; x_wconf 85' lang='lat' dir='ltr'>evellatur,</span> <span class='ocrx_word' id='word_1_351' title='bbox 3255 785 3388 823; x_wconf 82' lang='lat' dir='ltr'>aves</span> <span class='ocrx_word' id='word_1_352' title='bbox 3432 767 3634 839; x_wconf 68' lang='lat' dir='ltr'>saginis</span> <span class='ocrx_word' id='word_1_353' title='bbox 3696 767 3836 821; x_wconf 80' lang='lat' dir='ltr'>ictae</span> 
     </span>
    </p>
   </div>
   <div class='ocr_carea' id='block_1_53' title="bbox 2180 855 3831 927">
    <p class='ocr_par' dir='ltr' id='par_1_53' title="bbox 2180 855 3831 927">
     <span class='ocr_line' id='line_1_53' title="bbox 2180 855 3831 927; baseline 0 -19"><span class='ocrx_word' id='word_1_354' title='bbox 2180 855 2532 925; x_wconf 82' lang='lat' dir='ltr'>dejiciantur</span> <span class='ocrx_word' id='word_1_355' title='bbox 2552 874 2617 911; x_wconf 86' lang='lat' dir='ltr'>ex</span> <span class='ocrx_word' id='word_1_356' title='bbox 2648 874 2799 925; x_wconf 87' lang='lat' dir='ltr'>aere,</span> <span class='ocrx_word' id='word_1_357' title='bbox 2834 862 3007 927; x_wconf 90' lang='lat' dir='ltr'>atque</span> <span class='ocrx_word' id='word_1_358' title='bbox 3058 858 3114 911; x_wconf 89' lang='lat' dir='ltr'>in</span> <span class='ocrx_word' id='word_1_359' title='bbox 3163 860 3378 911; x_wconf 89' lang='lat' dir='ltr'>terram</span> <span class='ocrx_word' id='word_1_360' title='bbox 3409 857 3666 925; x_wconf 62' lang='lat' dir='ltr'>delapsas</span> <span class='ocrx_word' id='word_1_361' title='bbox 3726 872 3831 909; x_wconf 86' lang='lat' dir='ltr'>ca-</span> 
     </span>
    </p>
   </div>
   <div class='ocr_carea' id='block_1_54' title="bbox 2178 943 3835 1014">
    <p class='ocr_par' dir='ltr' id='par_1_54' title="bbox 2178 943 3835 1014">
     <span class='ocr_line' id='line_1_54' title="bbox 2178 943 3835 1014; baseline -0.001 -18"><span class='ocrx_word' id='word_1_362' title='bbox 2178 943 2429 1013; x_wconf 87' lang='lat' dir='ltr'>piantur,</span> <span class='ocrx_word' id='word_1_363' title='bbox 2468 946 2700 1014; x_wconf 91' lang='lat' dir='ltr'>quando</span> <span class='ocrx_word' id='word_1_364' title='bbox 2733 946 2928 1000; x_wconf 85' lang='lat' dir='ltr'>siclex</span> <span class='ocrx_word' id='word_1_365' title='bbox 2958 945 3150 1000; x_wconf 87' lang='lat' dir='ltr'>fatalis</span> <span class='ocrx_word' id='word_1_366' title='bbox 3182 945 3409 999; x_wconf 83' lang='lat' dir='ltr'>statuit.</span> <span class='ocrx_word' id='word_1_367' title='bbox 3459 946 3615 999; x_wconf 80' lang='lat' dir='ltr'>Adeo</span> <span class='ocrx_word' id='word_1_368' title='bbox 3680 944 3835 1013; x_wconf 87' lang='lat' dir='ltr'>quid</span> 
     </span>
    </p>
   </div>
   <div class='ocr_carea' id='block_1_55' title="bbox 2178 1032 3835 1103">
    <p class='ocr_par' dir='ltr' id='par_1_55' title="bbox 2178 1032 3835 1103">
     <span class='ocr_line' id='line_1_55' title="bbox 2178 1032 3835 1103; baseline -0.001 -17"><span class='ocrx_word' id='word_1_369' title='bbox 2178 1033 2427 1103; x_wconf 90' lang='lat' dir='ltr'>quisque</span> <span class='ocrx_word' id='word_1_370' title='bbox 2457 1034 2615 1100; x_wconf 90' lang='lat' dir='ltr'>vitet,</span> <span class='ocrx_word' id='word_1_371' title='bbox 2647 1034 2788 1087; x_wconf 88' lang='lat' dir='ltr'>nulli</span> <span class='ocrx_word' id='word_1_372' title='bbox 2825 1035 2967 1089; x_wconf 86' lang='lat' dir='ltr'>satis</span> <span class='ocrx_word' id='word_1_373' title='bbox 2998 1039 3232 1088; x_wconf 88' lang='lat' dir='ltr'>cautum</span> <span class='ocrx_word' id='word_1_374' title='bbox 3266 1039 3373 1099; x_wconf 88' lang='lat' dir='ltr'>est,</span> <span class='ocrx_word' id='word_1_375' title='bbox 3407 1050 3535 1087; x_wconf 92' lang='lat' dir='ltr'>cum</span> <span class='ocrx_word' id='word_1_376' title='bbox 3570 1032 3835 1085; x_wconf 86' lang='lat' dir='ltr'>sintsuc</span> 
     </span>
    </p>
   </div>
   <div class='ocr_carea' id='block_1_56' title="bbox 2179 1120 3837 1192">
    <p class='ocr_par' dir='ltr' id='par_1_56' title="bbox 2179 1120 3837 1192">
     <span class='ocr_line' id='line_1_56' title="bbox 2179 1120 3837 1192; baseline -0.001 -17"><span class='ocrx_word' id='word_1_377' title='bbox 2179 1139 2379 1177; x_wconf 88' lang='lat' dir='ltr'>cessus</span> <span class='ocrx_word' id='word_1_378' title='bbox 2397 1129 2713 1178; x_wconf 89' lang='lat' dir='ltr'>conatuum</span> <span class='ocrx_word' id='word_1_379' title='bbox 2730 1124 3120 1191; x_wconf 89' lang='lat' dir='ltr'>itaincerti,ut</span> <span class='ocrx_word' id='word_1_380' title='bbox 3144 1125 3344 1177; x_wconf 87' lang='lat' dir='ltr'>eadem</span> <span class='ocrx_word' id='word_1_381' title='bbox 3363 1139 3511 1192; x_wconf 67' lang='lat' dir='ltr'>sarpc</span> <span class='ocrx_word' id='word_1_382' title='bbox 3524 1122 3607 1176; x_wconf 86' lang='lat' dir='ltr'>vel</span> <span class='ocrx_word' id='word_1_383' title='bbox 3638 1121 3752 1174; x_wconf 89' lang='lat' dir='ltr'>sim</span> <span class='ocrx_word' id='word_1_384' title='bbox 3768 1120 3837 1174; x_wconf 82' lang='lat' dir='ltr'>ili</span> 
     </span>
    </p>
   </div>
   <div class='ocr_carea' id='block_1_57' title="bbox 2178 1212 3835 1283">
    <p class='ocr_par' dir='ltr' id='par_1_57' title="bbox 2178 1212 3835 1283">
     <span class='ocr_line' id='line_1_57' title="bbox 2178 1212 3835 1283; baseline -0.001 -19"><span class='ocrx_word' id='word_1_385' title='bbox 2178 1227 2351 1280; x_wconf 91' lang='lat' dir='ltr'>opera</span> <span class='ocrx_word' id='word_1_386' title='bbox 2383 1229 2499 1282; x_wconf 90' lang='lat' dir='ltr'>qua</span> <span class='ocrx_word' id='word_1_387' title='bbox 2522 1212 2734 1266; x_wconf 88' lang='lat' dir='ltr'>stultus</span> <span class='ocrx_word' id='word_1_388' title='bbox 2758 1218 2953 1283; x_wconf 88' lang='lat' dir='ltr'>optato</span> <span class='ocrx_word' id='word_1_389' title='bbox 2977 1212 3473 1283; x_wconf 88' lang='lat' dir='ltr'>potitur,sapiens,</span> <span class='ocrx_word' id='word_1_390' title='bbox 3497 1216 3835 1281; x_wconf 83' lang='lat' dir='ltr'>quantum-</span> 
     </span>
    </p>
   </div>
   <div class='ocr_carea' id='block_1_58' title="bbox 2175 1298 3831 1371">
    <p class='ocr_par' dir='ltr' id='par_1_58' title="bbox 2175 1298 3831 1371">
     <span class='ocr_line' id='line_1_58' title="bbox 2175 1298 3831 1371; baseline -0.001 -20"><span class='ocrx_word' id='word_1_391' title='bbox 2175 1298 2262 1352; x_wconf 91' lang='lat' dir='ltr'>vis</span> <span class='ocrx_word' id='word_1_392' title='bbox 2288 1299 2572 1354; x_wconf 89' lang='lat' dir='ltr'>sollicitus</span> <span class='ocrx_word' id='word_1_393' title='bbox 2602 1306 2659 1354; x_wconf 94' lang='lat' dir='ltr'>et</span> <span class='ocrx_word' id='word_1_394' title='bbox 2697 1305 2930 1355; x_wconf 86' lang='lat' dir='ltr'>strenue</span> <span class='ocrx_word' id='word_1_395' title='bbox 2984 1305 3275 1371; x_wconf 87' lang='lat' dir='ltr'>satagens,</span> <span class='ocrx_word' id='word_1_396' title='bbox 3336 1315 3509 1369; x_wconf 88' lang='lat' dir='ltr'>scopo</span> <span class='ocrx_word' id='word_1_397' title='bbox 3560 1299 3831 1353; x_wconf 82' lang='lat' dir='ltr'>excidat.</span> 
     </span>
    </p>
   </div>
   <div class='ocr_carea' id='block_1_59' title="bbox 2250 1404 3830 1476">
    <p class='ocr_par' dir='ltr' id='par_1_59' title="bbox 2250 1404 3830 1476">
     <span class='ocr_line' id='line_1_59' title="bbox 2250 1404 3830 1476; baseline 0 -19"><span class='ocrx_word' id='word_1_398' title='bbox 2250 1405 2345 1458; x_wconf 92' lang='lat' dir='ltr'>IIl.</span> <span class='ocrx_word' id='word_1_399' title='bbox 2379 1409 2507 1459; x_wconf 74' lang='lat' dir='ltr'>Haec</span> <span class='ocrx_word' id='word_1_400' title='bbox 2530 1404 2815 1476; x_wconf 91' lang='lat' dir='ltr'>loquentis</span> <span class='ocrx_word' id='word_1_401' title='bbox 2846 1406 3130 1461; x_wconf 64' lang='lat' dir='ltr'>columbas</span> <span class='ocrx_word' id='word_1_402' title='bbox 3160 1423 3290 1459; x_wconf 89' lang='lat' dir='ltr'>mus</span> <span class='ocrx_word' id='word_1_403' title='bbox 3321 1404 3830 1471; x_wconf 87' lang='lat' dir='ltr'>ofﬁciosissimus,</span> 
     </span>
    </p>
   </div>
   <div class='ocr_carea' id='block_1_60' title="bbox 2178 1492 3828 1564">
    <p class='ocr_par' dir='ltr' id='par_1_60' title="bbox 2178 1492 3828 1564">
     <span class='ocr_line' id='line_1_60' title="bbox 2178 1492 3828 1564; baseline 0 -19"><span class='ocrx_word' id='word_1_404' title='bbox 2178 1508 2279 1562; x_wconf 92' lang='lat' dir='ltr'>per</span> <span class='ocrx_word' id='word_1_405' title='bbox 2311 1508 2372 1546; x_wconf 90' lang='lat' dir='ltr'>se</span> <span class='ocrx_word' id='word_1_406' title='bbox 2401 1493 2731 1563; x_wconf 88' lang='lat' dir='ltr'>intelligens</span> <span class='ocrx_word' id='word_1_407' title='bbox 2762 1495 2897 1563; x_wconf 91' lang='lat' dir='ltr'>quid</span> <span class='ocrx_word' id='word_1_408' title='bbox 2928 1511 3075 1564; x_wconf 88' lang='lat' dir='ltr'>opus</span> <span class='ocrx_word' id='word_1_409' title='bbox 3108 1495 3257 1548; x_wconf 88' lang='lat' dir='ltr'>facto</span> <span class='ocrx_word' id='word_1_410' title='bbox 3287 1497 3441 1547; x_wconf 84' lang='lat' dir='ltr'>esset</span> <span class='ocrx_word' id='word_1_411' title='bbox 3458 1492 3632 1560; x_wconf 80' lang='lat' dir='ltr'>coepit</span> <span class='ocrx_word' id='word_1_412' title='bbox 3656 1509 3828 1545; x_wconf 86' lang='lat' dir='ltr'>arro-</span> 
     </span>
    </p>
   </div>
   <div class='ocr_carea' id='block_1_61' title="bbox 2177 1578 3829 1636">
    <p class='ocr_par' dir='ltr' id='par_1_61' title="bbox 2177 1578 3829 1636">
     <span class='ocr_line' id='line_1_61' title="bbox 2177 1578 3829 1636; baseline -0.002 -3"><span class='ocrx_word' id='word_1_413' title='bbox 2177 1581 2312 1634; x_wconf 90' lang='lat' dir='ltr'>dere</span> <span class='ocrx_word' id='word_1_414' title='bbox 2344 1581 2617 1635; x_wconf 91' lang='lat' dir='ltr'>dentibus</span> <span class='ocrx_word' id='word_1_415' title='bbox 2648 1583 2878 1636; x_wconf 89' lang='lat' dir='ltr'>vincula</span> <span class='ocrx_word' id='word_1_416' title='bbox 2909 1588 2973 1636; x_wconf 92' lang='lat' dir='ltr'>ut</span> <span class='ocrx_word' id='word_1_417' title='bbox 3002 1599 3126 1636; x_wconf 90' lang='lat' dir='ltr'>eam</span> <span class='ocrx_word' id='word_1_418' title='bbox 3163 1582 3369 1636; x_wconf 89' lang='lat' dir='ltr'>horum</span> <span class='ocrx_word' id='word_1_419' title='bbox 3421 1596 3573 1634; x_wconf 81' lang='lat' dir='ltr'>nexu</span> <span class='ocrx_word' id='word_1_420' title='bbox 3626 1578 3829 1632; x_wconf 56' lang='lat' dir='ltr'>exsul-</span> 
     </span>
    </p>
   </div>
   <div class='ocr_carea' id='block_1_62' title="bbox 2175 1667 3830 1741">
    <p class='ocr_par' dir='ltr' id='par_1_62' title="bbox 2175 1667 3830 1741">
     <span class='ocr_line' id='line_1_62' title="bbox 2175 1667 3830 1741; baseline -0.001 -19"><span class='ocrx_word' id='word_1_421' title='bbox 2175 1673 2351 1723; x_wconf 87' lang='lat' dir='ltr'>veret.</span> <span class='ocrx_word' id='word_1_422' title='bbox 2387 1673 2456 1722; x_wconf 87' lang='lat' dir='ltr'>At</span> <span class='ocrx_word' id='word_1_423' title='bbox 2486 1668 2603 1735; x_wconf 89' lang='lat' dir='ltr'>illa,</span> <span class='ocrx_word' id='word_1_424' title='bbox 2644 1670 2833 1741; x_wconf 87' lang='lat' dir='ltr'>magis</span> <span class='ocrx_word' id='word_1_425' title='bbox 2873 1669 3124 1724; x_wconf 89' lang='lat' dir='ltr'>sollicita</span> <span class='ocrx_word' id='word_1_426' title='bbox 3179 1687 3282 1740; x_wconf 93' lang='lat' dir='ltr'>pro</span> <span class='ocrx_word' id='word_1_427' title='bbox 3339 1669 3535 1733; x_wconf 89' lang='lat' dir='ltr'>sociis,</span> <span class='ocrx_word' id='word_1_428' title='bbox 3598 1667 3830 1736; x_wconf 83' lang='lat' dir='ltr'>Incipe,</span> 
     </span>
    </p>
   </div>
   <div class='ocr_carea' id='block_1_63' title="bbox 2178 1755 3832 1827">
    <p class='ocr_par' dir='ltr' id='par_1_63' title="bbox 2178 1755 3832 1827">
     <span class='ocr_line' id='line_1_63' title="bbox 2178 1755 3832 1827; baseline -0.001 -18"><span class='ocrx_word' id='word_1_429' title='bbox 2178 1756 2382 1825; x_wconf 88' lang='lat' dir='ltr'>amice,</span> <span class='ocrx_word' id='word_1_430' title='bbox 2419 1757 2626 1827; x_wconf 90' lang='lat' dir='ltr'>inquit,</span> <span class='ocrx_word' id='word_1_431' title='bbox 2651 1758 3055 1827; x_wconf 87' lang='lat' dir='ltr'>gratissimum</span> <span class='ocrx_word' id='word_1_432' title='bbox 3079 1758 3336 1812; x_wconf 88' lang='lat' dir='ltr'>ofﬁcium</span> <span class='ocrx_word' id='word_1_433' title='bbox 3360 1774 3392 1810; x_wconf 91' lang='lat' dir='ltr'>a</span> <span class='ocrx_word' id='word_1_434' title='bbox 3412 1755 3664 1809; x_wconf 82' lang='lat' dir='ltr'>vinculis</span> <span class='ocrx_word' id='word_1_435' title='bbox 3697 1772 3832 1824; x_wconf 56' lang='lat' dir='ltr'>qua»</span> 
     </span>
    </p>
   </div>
   <div class='ocr_carea' id='block_1_64' title="bbox 2179 1843 3823 1916">
    <p class='ocr_par' dir='ltr' id='par_1_64' title="bbox 2179 1843 3823 1916">
     <span class='ocr_line' id='line_1_64' title="bbox 2179 1843 3823 1916; baseline -0.001 -19"><span class='ocrx_word' id='word_1_436' title='bbox 2179 1843 2408 1899; x_wconf 86' lang='lat' dir='ltr'>sodales</span> <span class='ocrx_word' id='word_1_437' title='bbox 2429 1845 2839 1916; x_wconf 89' lang='lat' dir='ltr'>constringunt</span> <span class='ocrx_word' id='word_1_438' title='bbox 2861 1861 3017 1899; x_wconf 88' lang='lat' dir='ltr'>meas</span> <span class='ocrx_word' id='word_1_439' title='bbox 3054 1845 3191 1899; x_wconf 90' lang='lat' dir='ltr'>mihi</span> <span class='ocrx_word' id='word_1_440' title='bbox 3227 1844 3463 1914; x_wconf 88' lang='lat' dir='ltr'>meipsa</span> <span class='ocrx_word' id='word_1_441' title='bbox 3494 1843 3823 1897; x_wconf 84' lang='lat' dir='ltr'>chariores.</span> 
     </span>
    </p>
   </div>
   <div class='ocr_carea' id='block_1_65' title="bbox 2181 1933 3825 2003">
    <p class='ocr_par' dir='ltr' id='par_1_65' title="bbox 2181 1933 3825 2003">
     <span class='ocr_line' id='line_1_65' title="bbox 2181 1933 3825 2003; baseline -0.001 -19"><span class='ocrx_word' id='word_1_442' title='bbox 2181 1933 2597 2002; x_wconf 89' lang='lat' dir='ltr'>Audivitmus,</span> <span class='ocrx_word' id='word_1_443' title='bbox 2659 1950 2761 1988; x_wconf 92' lang='lat' dir='ltr'>nec</span> <span class='ocrx_word' id='word_1_444' title='bbox 2821 1934 3042 1988; x_wconf 78' lang='lat' dir='ltr'>destitit</span> <span class='ocrx_word' id='word_1_445' title='bbox 3088 1950 3278 2003; x_wconf 82' lang='lat' dir='ltr'>agere,</span> <span class='ocrx_word' id='word_1_446' title='bbox 3330 1933 3480 2001; x_wconf 90' lang='lat' dir='ltr'>quod</span> <span class='ocrx_word' id='word_1_447' title='bbox 3542 1938 3825 2000; x_wconf 71' lang='lat' dir='ltr'>cmperat,</span> 
     </span>
    </p>
   </div>
   <div class='ocr_carea' id='block_1_66' title="bbox 2180 2018 3823 2091">
    <p class='ocr_par' dir='ltr' id='par_1_66' title="bbox 2180 2018 3823 2091">
     <span class='ocr_line' id='line_1_66' title="bbox 2180 2018 3823 2091; baseline -0.002 -16"><span class='ocrx_word' id='word_1_448' title='bbox 2180 2021 2340 2075; x_wconf 91' lang='lat' dir='ltr'>omni</span> <span class='ocrx_word' id='word_1_449' title='bbox 2370 2023 2585 2075; x_wconf 89' lang='lat' dir='ltr'>ratione</span> <span class='ocrx_word' id='word_1_450' title='bbox 2616 2022 2857 2091; x_wconf 90' lang='lat' dir='ltr'>cupiens</span> <span class='ocrx_word' id='word_1_451' title='bbox 2886 2026 3018 2075; x_wconf 91' lang='lat' dir='ltr'>ante</span> <span class='ocrx_word' id='word_1_452' title='bbox 3046 2038 3246 2075; x_wconf 90' lang='lat' dir='ltr'>omnes</span> <span class='ocrx_word' id='word_1_453' title='bbox 3270 2020 3519 2075; x_wconf 89' lang='lat' dir='ltr'>amicam</span> <span class='ocrx_word' id='word_1_454' title='bbox 3552 2018 3823 2071; x_wconf 85' lang='lat' dir='ltr'>liberare.</span> 
     </span>
    </p>
   </div>
   <div class='ocr_carea' id='block_1_67' title="bbox 2179 2102 3829 2178">
    <p class='ocr_par' dir='ltr' id='par_1_67' title="bbox 2179 2102 3829 2178">
     <span class='ocr_line' id='line_1_67' title="bbox 2179 2102 3829 2178; baseline -0.002 -17"><span class='ocrx_word' id='word_1_455' title='bbox 2179 2109 2388 2178; x_wconf 89' lang='lat' dir='ltr'>Sicque</span> <span class='ocrx_word' id='word_1_456' title='bbox 2441 2110 2653 2163; x_wconf 89' lang='lat' dir='ltr'>surdus</span> <span class='ocrx_word' id='word_1_457' title='bbox 2711 2110 2782 2163; x_wconf 89' lang='lat' dir='ltr'>ad</span> <span class='ocrx_word' id='word_1_458' title='bbox 2858 2110 3142 2163; x_wconf 88' lang='lat' dir='ltr'>monitum</span> <span class='ocrx_word' id='word_1_459' title='bbox 3204 2102 3583 2162; x_wconf 88' lang='lat' dir='ltr'>incumbebat</span> <span class='ocrx_word' id='word_1_460' title='bbox 3637 2106 3829 2175; x_wconf 79' lang='lat' dir='ltr'>operi,</span> 
     </span>
    </p>
   </div>
   <div class='ocr_carea' id='block_1_68' title="bbox 2183 2193 3826 2266">
    <p class='ocr_par' dir='ltr' id='par_1_68' title="bbox 2183 2193 3826 2266">
     <span class='ocr_line' id='line_1_68' title="bbox 2183 2193 3826 2266; baseline -0.004 -15"><span class='ocrx_word' id='word_1_461' title='bbox 2183 2198 2373 2266; x_wconf 91' lang='lat' dir='ltr'>quoad</span> <span class='ocrx_word' id='word_1_462' title='bbox 2399 2197 2669 2251; x_wconf 88' lang='lat' dir='ltr'>columba</span> <span class='ocrx_word' id='word_1_463' title='bbox 2700 2198 2888 2266; x_wconf 86' lang='lat' dir='ltr'>major</span> <span class='ocrx_word' id='word_1_464' title='bbox 2917 2197 3193 2251; x_wconf 86' lang='lat' dir='ltr'>intentius</span> <span class='ocrx_word' id='word_1_465' title='bbox 3252 2196 3595 2253; x_wconf 81' lang='lat' dir='ltr'>vociferans.</span> <span class='ocrx_word' id='word_1_466' title='bbox 3645 2193 3826 2262; x_wconf 83' lang='lat' dir='ltr'>Atqui</span> 
     </span>
    </p>
   </div>
   <div class='ocr_carea' id='block_1_69' title="bbox 2184 2281 3834 2354">
    <p class='ocr_par' dir='ltr' id='par_1_69' title="bbox 2184 2281 3834 2354">
     <span class='ocr_line' id='line_1_69' title="bbox 2184 2281 3834 2354; baseline -0.002 -17"><span class='ocrx_word' id='word_1_467' title='bbox 2184 2284 2231 2337; x_wconf 89' lang='lat' dir='ltr'>si</span> <span class='ocrx_word' id='word_1_468' title='bbox 2266 2284 2407 2337; x_wconf 87' lang='lat' dir='ltr'>mihi</span> <span class='ocrx_word' id='word_1_469' title='bbox 2442 2283 2665 2353; x_wconf 90' lang='lat' dir='ltr'>placere</span> <span class='ocrx_word' id='word_1_470' title='bbox 2698 2285 2921 2349; x_wconf 90' lang='lat' dir='ltr'>studes,</span> <span class='ocrx_word' id='word_1_471' title='bbox 2971 2283 3181 2354; x_wconf 82' lang='lat' dir='ltr'>inquit,</span> <span class='ocrx_word' id='word_1_472' title='bbox 3240 2283 3463 2336; x_wconf 89' lang='lat' dir='ltr'>audiet</span> <span class='ocrx_word' id='word_1_473' title='bbox 3520 2283 3611 2335; x_wconf 84' lang='lat' dir='ltr'>fac</span> <span class='ocrx_word' id='word_1_474' title='bbox 3674 2281 3834 2350; x_wconf 87' lang='lat' dir='ltr'>quod</span> 
     </span>
    </p>
   </div>
   <div class='ocr_carea' id='block_1_70' title="bbox 2187 2369 3837 2443">
    <p class='ocr_par' dir='ltr' id='par_1_70' title="bbox 2187 2369 3837 2443">
     <span class='ocr_line' id='line_1_70' title="bbox 2187 2369 3837 2443; baseline -0.004 -16"><span class='ocrx_word' id='word_1_475' title='bbox 2187 2388 2405 2443; x_wconf 86' lang='lat' dir='ltr'>precor.</span> <span class='ocrx_word' id='word_1_476' title='bbox 2439 2371 2584 2427; x_wconf 90' lang='lat' dir='ltr'>Vilis</span> <span class='ocrx_word' id='word_1_477' title='bbox 2617 2372 2761 2426; x_wconf 86' lang='lat' dir='ltr'>mihi</span> <span class='ocrx_word' id='word_1_478' title='bbox 2795 2389 2922 2426; x_wconf 91' lang='lat' dir='ltr'>mea</span> <span class='ocrx_word' id='word_1_479' title='bbox 2947 2377 3035 2427; x_wconf 93' lang='lat' dir='ltr'>est</span> <span class='ocrx_word' id='word_1_480' title='bbox 3065 2372 3248 2438; x_wconf 90' lang='lat' dir='ltr'>salus,</span> <span class='ocrx_word' id='word_1_481' title='bbox 3280 2375 3450 2440; x_wconf 89' lang='lat' dir='ltr'>prout</span> <span class='ocrx_word' id='word_1_482' title='bbox 3506 2369 3675 2423; x_wconf 81' lang='lat' dir='ltr'>hisee</span> <span class='ocrx_word' id='word_1_483' title='bbox 3738 2386 3837 2422; x_wconf 83' lang='lat' dir='ltr'>co-</span> 
     </span>
    </p>
   </div>
   <div class='ocr_carea' id='block_1_71' title="bbox 2184 2457 3838 2531">
    <p class='ocr_par' dir='ltr' id='par_1_71' title="bbox 2184 2457 3838 2531">
     <span class='ocr_line' id='line_1_71' title="bbox 2184 2457 3838 2531; baseline -0.002 -18"><span class='ocrx_word' id='word_1_484' title='bbox 2184 2460 2378 2530; x_wconf 90' lang='lat' dir='ltr'>gnatis</span> <span class='ocrx_word' id='word_1_485' title='bbox 2400 2461 2737 2531; x_wconf 90' lang='lat' dir='ltr'>junioribus</span> <span class='ocrx_word' id='word_1_486' title='bbox 2771 2460 3097 2515; x_wconf 89' lang='lat' dir='ltr'>consultum</span> <span class='ocrx_word' id='word_1_487' title='bbox 3157 2463 3385 2514; x_wconf 89' lang='lat' dir='ltr'>mature</span> <span class='ocrx_word' id='word_1_488' title='bbox 3436 2457 3641 2519; x_wconf 88' lang='lat' dir='ltr'>velim,</span> <span class='ocrx_word' id='word_1_489' title='bbox 3701 2474 3838 2511; x_wconf 85' lang='lat' dir='ltr'>con-</span> 
     </span>
    </p>
   </div>
   <div class='ocr_carea' id='block_1_72' title="bbox 2186 2544 3839 2619">
    <p class='ocr_par' dir='ltr' id='par_1_72' title="bbox 2186 2544 3839 2619">
     <span class='ocr_line' id='line_1_72' title="bbox 2186 2544 3839 2619; baseline -0.004 -17"><span class='ocrx_word' id='word_1_490' title='bbox 2186 2553 2362 2602; x_wconf 89' lang='lat' dir='ltr'>testor</span> <span class='ocrx_word' id='word_1_491' title='bbox 2390 2552 2445 2602; x_wconf 92' lang='lat' dir='ltr'>et</span> <span class='ocrx_word' id='word_1_492' title='bbox 2474 2548 2753 2603; x_wconf 91' lang='lat' dir='ltr'>denuntio</span> <span class='ocrx_word' id='word_1_493' title='bbox 2787 2548 2931 2602; x_wconf 88' lang='lat' dir='ltr'>nihil</span> <span class='ocrx_word' id='word_1_494' title='bbox 2960 2564 3129 2619; x_wconf 89' lang='lat' dir='ltr'>agere</span> <span class='ocrx_word' id='word_1_495' title='bbox 3168 2553 3224 2601; x_wconf 88' lang='lat' dir='ltr'>te</span> <span class='ocrx_word' id='word_1_496' title='bbox 3259 2548 3412 2617; x_wconf 91' lang='lat' dir='ltr'>quod</span> <span class='ocrx_word' id='word_1_497' title='bbox 3473 2544 3690 2615; x_wconf 73' lang='lat' dir='ltr'>gratiae</span> <span class='ocrx_word' id='word_1_498' title='bbox 3724 2544 3839 2597; x_wconf 88' lang='lat' dir='ltr'>im-</span> 
     </span>
    </p>
   </div>
   <div class='ocr_carea' id='block_1_73' title="bbox 2188 2632 3837 2707">
    <p class='ocr_par' dir='ltr' id='par_1_73' title="bbox 2188 2632 3837 2707">
     <span class='ocr_line' id='line_1_73' title="bbox 2188 2632 3837 2707; baseline -0.004 -17"><span class='ocrx_word' id='word_1_499' title='bbox 2188 2641 2406 2706; x_wconf 90' lang='lat' dir='ltr'>putem,</span> <span class='ocrx_word' id='word_1_500' title='bbox 2440 2636 2488 2690; x_wconf 90' lang='lat' dir='ltr'>si</span> <span class='ocrx_word' id='word_1_501' title='bbox 2520 2653 2611 2690; x_wconf 91' lang='lat' dir='ltr'>me</span> <span class='ocrx_word' id='word_1_502' title='bbox 2643 2638 2889 2707; x_wconf 84' lang='lat' dir='ltr'>primam</span> <span class='ocrx_word' id='word_1_503' title='bbox 2930 2636 3305 2699; x_wconf 89' lang='lat' dir='ltr'>liberaveris;</span> <span class='ocrx_word' id='word_1_504' title='bbox 3336 2633 3641 2703; x_wconf 88' lang='lat' dir='ltr'>antiquior</span> <span class='ocrx_word' id='word_1_505' title='bbox 3695 2632 3837 2685; x_wconf 84' lang='lat' dir='ltr'>mihi</span> 
     </span>
    </p>
   </div>
   <div class='ocr_carea' id='block_1_74' title="bbox 2188 2721 3831 2795">
    <p class='ocr_par' dir='ltr' id='par_1_74' title="bbox 2188 2721 3831 2795">
     <span class='ocr_line' id='line_1_74' title="bbox 2188 2721 3831 2795; baseline -0.002 -18"><span class='ocrx_word' id='word_1_506' title='bbox 2188 2724 2357 2795; x_wconf 88' lang='lat' dir='ltr'>longe</span> <span class='ocrx_word' id='word_1_507' title='bbox 2384 2741 2523 2779; x_wconf 90' lang='lat' dir='ltr'>cura</span> <span class='ocrx_word' id='word_1_508' title='bbox 2554 2728 2799 2779; x_wconf 90' lang='lat' dir='ltr'>istarum</span> <span class='ocrx_word' id='word_1_509' title='bbox 2833 2728 2921 2779; x_wconf 89' lang='lat' dir='ltr'>est</span> <span class='ocrx_word' id='word_1_510' title='bbox 2954 2741 3090 2778; x_wconf 67' lang='lat' dir='ltr'>mea:</span> <span class='ocrx_word' id='word_1_511' title='bbox 3147 2724 3280 2777; x_wconf 88' lang='lat' dir='ltr'>ﬁdei</span> <span class='ocrx_word' id='word_1_512' title='bbox 3341 2721 3831 2776; x_wconf 87' lang='lat' dir='ltr'>commissarum.</span> 
     </span>
    </p>
   </div>
   <div class='ocr_carea' id='block_1_75' title="bbox 2189 2807 3837 2881">
    <p class='ocr_par' dir='ltr' id='par_1_75' title="bbox 2189 2807 3837 2881">
     <span class='ocr_line' id='line_1_75' title="bbox 2189 2807 3837 2881; baseline -0.002 -19"><span class='ocrx_word' id='word_1_513' title='bbox 2189 2810 2245 2862; x_wconf 91' lang='lat' dir='ltr'>Si</span> <span class='ocrx_word' id='word_1_514' title='bbox 2277 2814 2513 2865; x_wconf 90' lang='lat' dir='ltr'>venator</span> <span class='ocrx_word' id='word_1_515' title='bbox 2543 2810 2932 2881; x_wconf 88' lang='lat' dir='ltr'>superveniat,</span> <span class='ocrx_word' id='word_1_516' title='bbox 2967 2808 3163 2864; x_wconf 88' lang='lat' dir='ltr'>malim</span> <span class='ocrx_word' id='word_1_517' title='bbox 3200 2825 3290 2863; x_wconf 91' lang='lat' dir='ltr'>me</span> <span class='ocrx_word' id='word_1_518' title='bbox 3319 2808 3505 2861; x_wconf 88' lang='lat' dir='ltr'>adhuc</span> <span class='ocrx_word' id='word_1_519' title='bbox 3540 2807 3837 2859; x_wconf 87' lang='lat' dir='ltr'>irretitam</span> 
     </span>
    </p>
   </div>
   <div class='ocr_carea' id='block_1_76' title="bbox 2192 2894 3845 2969">
    <p class='ocr_par' dir='ltr' id='par_1_76' title="bbox 2192 2894 3845 2969">
     <span class='ocr_line' id='line_1_76' title="bbox 2192 2894 3845 2969; baseline -0.003 -18"><span class='ocrx_word' id='word_1_520' title='bbox 2192 2913 2364 2967; x_wconf 90' lang='lat' dir='ltr'>quam</span> <span class='ocrx_word' id='word_1_521' title='bbox 2388 2896 2518 2953; x_wconf 89' lang='lat' dir='ltr'>illas</span> <span class='ocrx_word' id='word_1_522' title='bbox 2539 2898 2811 2969; x_wconf 89' lang='lat' dir='ltr'>opprimi.</span> <span class='ocrx_word' id='word_1_523' title='bbox 2855 2900 2999 2952; x_wconf 88' lang='lat' dir='ltr'>Dum</span> <span class='ocrx_word' id='word_1_524' title='bbox 3033 2897 3192 2953; x_wconf 89' lang='lat' dir='ltr'>salva</span> <span class='ocrx_word' id='word_1_525' title='bbox 3223 2913 3320 2951; x_wconf 91' lang='lat' dir='ltr'>eas</span> <span class='ocrx_word' id='word_1_526' title='bbox 3379 2894 3726 2964; x_wconf 83' lang='lat' dir='ltr'>liberasque</span> <span class='ocrx_word' id='word_1_527' title='bbox 3761 2894 3845 2945; x_wconf 81' lang='lat' dir='ltr'>vi-</span> 
     </span>
    </p>
   </div>
   <div class='ocr_carea' id='block_1_77' title="bbox 2195 2982 3841 3056">
    <p class='ocr_par' dir='ltr' id='par_1_77' title="bbox 2195 2982 3841 3056">
     <span class='ocr_line' id='line_1_77' title="bbox 2195 2982 3841 3056; baseline -0.003 -17"><span class='ocrx_word' id='word_1_528' title='bbox 2195 2986 2387 3052; x_wconf 90' lang='lat' dir='ltr'>deam,</span> <span class='ocrx_word' id='word_1_529' title='bbox 2415 3003 2612 3041; x_wconf 87' lang='lat' dir='ltr'>casum</span> <span class='ocrx_word' id='word_1_530' title='bbox 2648 2986 2912 3056; x_wconf 86' lang='lat' dir='ltr'>quemvis</span> <span class='ocrx_word' id='word_1_531' title='bbox 2944 2987 3090 3041; x_wconf 86' lang='lat' dir='ltr'>ferre</span> <span class='ocrx_word' id='word_1_532' title='bbox 3120 3002 3359 3056; x_wconf 89' lang='lat' dir='ltr'>possum</span> <span class='ocrx_word' id='word_1_533' title='bbox 3392 3000 3557 3053; x_wconf 67' lang='lat' dir='ltr'>aequo</span> <span class='ocrx_word' id='word_1_534' title='bbox 3610 2982 3841 3036; x_wconf 88' lang='lat' dir='ltr'>animo.</span> 
     </span>
    </p>
   </div>
   <div class='ocr_carea' id='block_1_78' title="bbox 2195 3070 3841 3142">
    <p class='ocr_par' dir='ltr' id='par_1_78' title="bbox 2195 3070 3841 3142">
     <span class='ocr_line' id='line_1_78' title="bbox 2195 3070 3841 3142; baseline -0.004 -15"><span class='ocrx_word' id='word_1_535' title='bbox 2195 3074 2403 3142; x_wconf 80' lang='lat' dir='ltr'>Quare,</span> <span class='ocrx_word' id='word_1_536' title='bbox 2436 3074 2484 3128; x_wconf 89' lang='lat' dir='ltr'>si</span> <span class='ocrx_word' id='word_1_537' title='bbox 2516 3090 2608 3129; x_wconf 91' lang='lat' dir='ltr'>me</span> <span class='ocrx_word' id='word_1_538' title='bbox 2666 3091 2852 3139; x_wconf 90' lang='lat' dir='ltr'>amas,</span> <span class='ocrx_word' id='word_1_539' title='bbox 2903 3075 3201 3129; x_wconf 89' lang='lat' dir='ltr'>sororibus</span> <span class='ocrx_word' id='word_1_540' title='bbox 3246 3080 3378 3128; x_wconf 89' lang='lat' dir='ltr'>ante</span> <span class='ocrx_word' id='word_1_541' title='bbox 3434 3070 3637 3125; x_wconf 87' lang='lat' dir='ltr'>omnia</span> <span class='ocrx_word' id='word_1_542' title='bbox 3694 3070 3841 3123; x_wconf 88' lang='lat' dir='ltr'>meis</span> 
     </span>
    </p>
   </div>
   <div class='ocr_carea' id='block_1_79' title="bbox 2108 3158 3840 3261">
    <p class='ocr_par' dir='ltr' id='par_1_79' title="bbox 2108 3158 3840 3261">
     <span class='ocr_line' id='line_1_79' title="bbox 2108 3158 3840 3261; baseline -0.003 -45"><span class='ocrx_word' id='word_1_543' title='bbox 2108 3200 2153 3261; x_wconf 66' lang='grc' dir='ltr'><strong>Ο</strong></span> <span class='ocrx_word' id='word_1_544' title='bbox 2198 3162 2559 3217; x_wconf 76' lang='lat' dir='ltr'>exsolvendis</span> <span class='ocrx_word' id='word_1_545' title='bbox 2580 3179 2736 3217; x_wconf 83' lang='lat' dir='ltr'>vaca.</span> <span class='ocrx_word' id='word_1_546' title='bbox 2770 3162 2876 3217; x_wconf 89' lang='lat' dir='ltr'>Ubi</span> <span class='ocrx_word' id='word_1_547' title='bbox 2918 3179 3121 3217; x_wconf 90' lang='lat' dir='ltr'>omnes</span> <span class='ocrx_word' id='word_1_548' title='bbox 3152 3162 3282 3216; x_wconf 89' lang='lat' dir='ltr'>illas</span> <span class='ocrx_word' id='word_1_549' title='bbox 3330 3158 3683 3231; x_wconf 82' lang='lat' dir='ltr'>expedieris,</span> <span class='ocrx_word' id='word_1_550' title='bbox 3743 3175 3840 3211; x_wconf 84' lang='lat' dir='ltr'>me</span> 
     </span>
    </p>
   </div>
   <div class='ocr_carea' id='block_1_80' title="bbox 2196 3245 3839 3320">
    <p class='ocr_par' dir='ltr' id='par_1_80' title="bbox 2196 3245 3839 3320">
     <span class='ocr_line' id='line_1_80' title="bbox 2196 3245 3839 3320; baseline -0.003 -17"><span class='ocrx_word' id='word_1_551' title='bbox 2196 3266 2427 3319; x_wconf 90' lang='lat' dir='ltr'>quoque</span> <span class='ocrx_word' id='word_1_552' title='bbox 2459 3250 2638 3304; x_wconf 90' lang='lat' dir='ltr'>simili</span> <span class='ocrx_word' id='word_1_553' title='bbox 2686 3251 3002 3320; x_wconf 85' lang='lat' dir='ltr'>dignabere</span> <span class='ocrx_word' id='word_1_554' title='bbox 3040 3249 3357 3304; x_wconf 86' lang='lat' dir='ltr'>beneﬁcio:</span> <span class='ocrx_word' id='word_1_555' title='bbox 3416 3265 3529 3302; x_wconf 89' lang='lat' dir='ltr'>non</span> <span class='ocrx_word' id='word_1_556' title='bbox 3560 3245 3723 3299; x_wconf 86' lang='lat' dir='ltr'>enim</span> <span class='ocrx_word' id='word_1_557' title='bbox 3784 3250 3839 3299; x_wconf 87' lang='lat' dir='ltr'>te</span> 
     </span>
    </p>
   </div>
   <div class='ocr_carea' id='block_1_81' title="bbox 2197 3334 3845 3407">
    <p class='ocr_par' dir='ltr' id='par_1_81' title="bbox 2197 3334 3845 3407">
     <span class='ocr_line' id='line_1_81' title="bbox 2197 3334 3845 3407; baseline -0.002 -16"><span class='ocrx_word' id='word_1_558' title='bbox 2197 3337 2575 3407; x_wconf 88' lang='lat' dir='ltr'>quantumvis</span> <span class='ocrx_word' id='word_1_559' title='bbox 2628 3337 2853 3393; x_wconf 90' lang='lat' dir='ltr'>lassum</span> <span class='ocrx_word' id='word_1_560' title='bbox 2903 3354 3129 3394; x_wconf 89' lang='lat' dir='ltr'>cessare</span> <span class='ocrx_word' id='word_1_561' title='bbox 3158 3343 3297 3392; x_wconf 91' lang='lat' dir='ltr'>tunc</span> <span class='ocrx_word' id='word_1_562' title='bbox 3323 3355 3354 3391; x_wconf 90' lang='lat' dir='ltr'>a</span> <span class='ocrx_word' id='word_1_563' title='bbox 3385 3352 3477 3390; x_wconf 90' lang='lat' dir='ltr'>me</span> <span class='ocrx_word' id='word_1_564' title='bbox 3528 3334 3845 3389; x_wconf 82' lang='lat' dir='ltr'>liberanda</span> 
     </span>
    </p>
   </div>
   <div class='ocr_carea' id='block_1_82' title="bbox 2195 3422 3839 3496">
    <p class='ocr_par' dir='ltr' id='par_1_82' title="bbox 2195 3422 3839 3496">
     <span class='ocr_line' id='line_1_82' title="bbox 2195 3422 3839 3496; baseline -0.002 -18"><span class='ocrx_word' id='word_1_565' title='bbox 2195 3426 2348 3480; x_wconf 86' lang='lat' dir='ltr'>sinet</span> <span class='ocrx_word' id='word_1_566' title='bbox 2407 3426 2874 3496; x_wconf 89' lang='lat' dir='ltr'>compertissima</span> <span class='ocrx_word' id='word_1_567' title='bbox 2926 3426 3069 3480; x_wconf 85' lang='lat' dir='ltr'>mihi</span> <span class='ocrx_word' id='word_1_568' title='bbox 3126 3430 3229 3480; x_wconf 91' lang='lat' dir='ltr'>tua</span> <span class='ocrx_word' id='word_1_569' title='bbox 3276 3425 3332 3479; x_wconf 93' lang='lat' dir='ltr'>in</span> <span class='ocrx_word' id='word_1_570' title='bbox 3386 3440 3478 3478; x_wconf 89' lang='lat' dir='ltr'>me</span> <span class='ocrx_word' id='word_1_571' title='bbox 3536 3422 3839 3477; x_wconf 83' lang='lat' dir='ltr'>Charitas:</span> 
     </span>
    </p>
   </div>
   <div class='ocr_carea' id='block_1_83' title="bbox 2197 3509 3845 3584">
    <p class='ocr_par' dir='ltr' id='par_1_83' title="bbox 2197 3509 3845 3584">
     <span class='ocr_line' id='line_1_83' title="bbox 2197 3509 3845 3584; baseline -0.004 -17"><span class='ocrx_word' id='word_1_572' title='bbox 2197 3513 2356 3583; x_wconf 88' lang='lat' dir='ltr'>quali</span> <span class='ocrx_word' id='word_1_573' title='bbox 2386 3530 2519 3568; x_wconf 91' lang='lat' dir='ltr'>cum</span> <span class='ocrx_word' id='word_1_574' title='bbox 2551 3514 2657 3568; x_wconf 90' lang='lat' dir='ltr'>has</span> <span class='ocrx_word' id='word_1_575' title='bbox 2680 3531 2792 3568; x_wconf 89' lang='lat' dir='ltr'>non</span> <span class='ocrx_word' id='word_1_576' title='bbox 2814 3513 3185 3584; x_wconf 77' lang='lat' dir='ltr'>amplectere,</span> <span class='ocrx_word' id='word_1_577' title='bbox 3210 3513 3469 3567; x_wconf 90' lang='lat' dir='ltr'>nondum</span> <span class='ocrx_word' id='word_1_578' title='bbox 3504 3515 3675 3564; x_wconf 86' lang='lat' dir='ltr'>notas</span> <span class='ocrx_word' id='word_1_579' title='bbox 3707 3509 3845 3577; x_wconf 84' lang='lat' dir='ltr'>tibi,</span> 
     </span>
    </p>
   </div>
   <div class='ocr_carea' id='block_1_84' title="bbox 2194 3598 3849 3669">
    <p class='ocr_par' dir='ltr' id='par_1_84' title="bbox 2194 3598 3849 3669">
     <span class='ocr_line' id='line_1_84' title="bbox 2194 3598 3849 3669; baseline -0.004 -14"><span class='ocrx_word' id='word_1_580' title='bbox 2194 3617 2421 3655; x_wconf 90' lang='lat' dir='ltr'>vererer</span> <span class='ocrx_word' id='word_1_581' title='bbox 2454 3601 2796 3667; x_wconf 88' lang='lat' dir='ltr'>ne,liberata</span> <span class='ocrx_word' id='word_1_582' title='bbox 2851 3617 2963 3669; x_wconf 89' lang='lat' dir='ltr'>me,</span> <span class='ocrx_word' id='word_1_583' title='bbox 3026 3603 3082 3655; x_wconf 90' lang='lat' dir='ltr'>in</span> <span class='ocrx_word' id='word_1_584' title='bbox 3141 3601 3350 3655; x_wconf 89' lang='lat' dir='ltr'>harum</span> <span class='ocrx_word' id='word_1_585' title='bbox 3409 3600 3606 3669; x_wconf 87' lang='lat' dir='ltr'>aliqua</span> <span class='ocrx_word' id='word_1_586' title='bbox 3667 3598 3849 3652; x_wconf 78' lang='lat' dir='ltr'>extri-</span> 
     </span>
    </p>
   </div>
   <div class='ocr_carea' id='block_1_85' title="bbox 2196 3687 3849 3759">
    <p class='ocr_par' dir='ltr' id='par_1_85' title="bbox 2196 3687 3849 3759">
     <span class='ocr_line' id='line_1_85' title="bbox 2196 3687 3849 3759; baseline -0.002 -16"><span class='ocrx_word' id='word_1_587' title='bbox 2196 3690 2381 3743; x_wconf 84' lang='lat' dir='ltr'>canda</span> <span class='ocrx_word' id='word_1_588' title='bbox 2410 3691 2607 3759; x_wconf 85' lang='lat' dir='ltr'>segnis</span> <span class='ocrx_word' id='word_1_589' title='bbox 2638 3706 2821 3756; x_wconf 87' lang='lat' dir='ltr'>esses,</span> <span class='ocrx_word' id='word_1_590' title='bbox 2852 3694 2909 3744; x_wconf 90' lang='lat' dir='ltr'>et</span> <span class='ocrx_word' id='word_1_591' title='bbox 2934 3689 3032 3743; x_wconf 92' lang='lat' dir='ltr'>illa</span> <span class='ocrx_word' id='word_1_592' title='bbox 3061 3691 3276 3744; x_wconf 88' lang='lat' dir='ltr'>misera</span> <span class='ocrx_word' id='word_1_593' title='bbox 3306 3689 3497 3758; x_wconf 64' lang='lat' dir='ltr'>praeda</span> <span class='ocrx_word' id='word_1_594' title='bbox 3528 3689 3691 3741; x_wconf 89' lang='lat' dir='ltr'>ﬁeret</span> <span class='ocrx_word' id='word_1_595' title='bbox 3721 3687 3849 3740; x_wconf 88' lang='lat' dir='ltr'>huc</span> 
     </span>
    </p>
   </div>
   <div class='ocr_carea' id='block_1_86' title="bbox 2198 3776 3849 3850">
    <p class='ocr_par' dir='ltr' id='par_1_86' title="bbox 2198 3776 3849 3850">
     <span class='ocr_line' id='line_1_86' title="bbox 2198 3776 3849 3850; baseline -0.001 -17"><span class='ocrx_word' id='word_1_596' title='bbox 2198 3780 2341 3833; x_wconf 85' lang='lat' dir='ltr'>forte</span> <span class='ocrx_word' id='word_1_597' title='bbox 2371 3780 2456 3833; x_wconf 91' lang='lat' dir='ltr'>vel</span> <span class='ocrx_word' id='word_1_598' title='bbox 2489 3796 2617 3833; x_wconf 89' lang='lat' dir='ltr'>sero</span> <span class='ocrx_word' id='word_1_599' title='bbox 2651 3780 2984 3850; x_wconf 90' lang='lat' dir='ltr'>adrepentis</span> <span class='ocrx_word' id='word_1_600' title='bbox 3013 3780 3277 3849; x_wconf 88' lang='lat' dir='ltr'>aucupis.</span> <span class='ocrx_word' id='word_1_601' title='bbox 3303 3778 3463 3841; x_wconf 86' lang='lat' dir='ltr'>Quod</span> <span class='ocrx_word' id='word_1_602' title='bbox 3497 3778 3548 3830; x_wconf 90' lang='lat' dir='ltr'>si</span> <span class='ocrx_word' id='word_1_603' title='bbox 3570 3776 3849 3832; x_wconf 79' lang='lat' dir='ltr'>accidere</span> 
     </span>
    </p>
   </div>
   <div class='ocr_carea' id='block_1_87' title="bbox 2197 3868 3849 3939">
    <p class='ocr_par' dir='ltr' id='par_1_87' title="bbox 2197 3868 3849 3939">
     <span class='ocr_line' id='line_1_87' title="bbox 2197 3868 3849 3939; baseline -0.002 -18"><span class='ocrx_word' id='word_1_604' title='bbox 2197 3872 2459 3921; x_wconf 78' lang='lat' dir='ltr'>nostrum</span> <span class='ocrx_word' id='word_1_605' title='bbox 2522 3868 2773 3939; x_wconf 89' lang='lat' dir='ltr'>cuipiam</span> <span class='ocrx_word' id='word_1_606' title='bbox 2851 3869 2966 3921; x_wconf 85' lang='lat' dir='ltr'>fato</span> <span class='ocrx_word' id='word_1_607' title='bbox 3027 3869 3323 3922; x_wconf 89' lang='lat' dir='ltr'>decretum</span> <span class='ocrx_word' id='word_1_608' title='bbox 3383 3870 3489 3933; x_wconf 87' lang='lat' dir='ltr'>est,</span> <span class='ocrx_word' id='word_1_609' title='bbox 3544 3881 3849 3934; x_wconf 84' lang='lat' dir='ltr'>occupare</span> 
     </span>
    </p>
   </div>
   <div class='ocr_carea' id='block_1_88' title="bbox 2196 3952 3845 4026">
    <p class='ocr_par' dir='ltr' id='par_1_88' title="bbox 2196 3952 3845 4026">
     <span class='ocr_line' id='line_1_88' title="bbox 2196 3952 3845 4026; baseline -0.001 -18"><span class='ocrx_word' id='word_1_610' title='bbox 2196 3956 2349 4009; x_wconf 80' lang='lat' dir='ltr'>istud</span> <span class='ocrx_word' id='word_1_611' title='bbox 2375 3956 2757 4010; x_wconf 85' lang='lat' dir='ltr'>infortunium</span> <span class='ocrx_word' id='word_1_612' title='bbox 2782 3956 2839 4009; x_wconf 91' lang='lat' dir='ltr'>in</span> <span class='ocrx_word' id='word_1_613' title='bbox 2873 3972 3065 4009; x_wconf 89' lang='lat' dir='ltr'>meum</span> <span class='ocrx_word' id='word_1_614' title='bbox 3095 3956 3453 4026; x_wconf 87' lang='lat' dir='ltr'>caputlonge</span> <span class='ocrx_word' id='word_1_615' title='bbox 3474 3952 3628 4007; x_wconf 84' lang='lat' dir='ltr'>malo</span> <span class='ocrx_word' id='word_1_616' title='bbox 3654 3970 3845 4023; x_wconf 87' lang='lat' dir='ltr'>quam</span> 
     </span>
    </p>
   </div>
   <div class='ocr_carea' id='block_1_89' title="bbox 2196 4043 3846 4114">
    <p class='ocr_par' dir='ltr' id='par_1_89' title="bbox 2196 4043 3846 4114">
     <span class='ocr_line' id='line_1_89' title="bbox 2196 4043 3846 4114; baseline 0 -17"><span class='ocrx_word' id='word_1_617' title='bbox 2196 4044 2375 4097; x_wconf 90' lang='lat' dir='ltr'>ullam</span> <span class='ocrx_word' id='word_1_618' title='bbox 2404 4044 2881 4099; x_wconf 88' lang='lat' dir='ltr'>dulcissimarum</span> <span class='ocrx_word' id='word_1_619' title='bbox 2914 4044 3055 4097; x_wconf 84' lang='lat' dir='ltr'>mihi</span> <span class='ocrx_word' id='word_1_620' title='bbox 3090 4044 3368 4099; x_wconf 89' lang='lat' dir='ltr'>comitum</span> <span class='ocrx_word' id='word_1_621' title='bbox 3402 4043 3846 4114; x_wconf 77' lang='lat' dir='ltr'>prodere.Talia</span> 
     </span>
    </p>
   </div>
   <div class='ocr_carea' id='block_1_90' title="bbox 2196 4131 3843 4201">
    <p class='ocr_par' dir='ltr' id='par_1_90' title="bbox 2196 4131 3843 4201">
     <span class='ocr_line' id='line_1_90' title="bbox 2196 4131 3843 4201; baseline -0.001 -16"><span class='ocrx_word' id='word_1_622' title='bbox 2196 4149 2327 4185; x_wconf 89' lang='lat' dir='ltr'>mus</span> <span class='ocrx_word' id='word_1_623' title='bbox 2375 4132 2650 4186; x_wconf 86' lang='lat' dir='ltr'>audiens:</span> <span class='ocrx_word' id='word_1_624' title='bbox 2711 4136 2895 4196; x_wconf 84' lang='lat' dir='ltr'>Quam</span> <span class='ocrx_word' id='word_1_625' title='bbox 2945 4137 3165 4200; x_wconf 83' lang='lat' dir='ltr'>sancte,</span> <span class='ocrx_word' id='word_1_626' title='bbox 3214 4133 3295 4186; x_wconf 89' lang='lat' dir='ltr'>ait</span> <span class='ocrx_word' id='word_1_627' title='bbox 3342 4131 3612 4185; x_wconf 65' lang='lat' dir='ltr'>amicitiae</span> <span class='ocrx_word' id='word_1_628' title='bbox 3676 4131 3843 4201; x_wconf 85' lang='lat' dir='ltr'>leges</span> 
     </span>
    </p>
   </div>
   <div class='ocr_carea' id='block_1_91' title="bbox 2194 4219 3841 4285">
    <p class='ocr_par' dir='ltr' id='par_1_91' title="bbox 2194 4219 3841 4285">
     <span class='ocr_line' id='line_1_91' title="bbox 2194 4219 3841 4285; baseline 0.001 -12"><span class='ocrx_word' id='word_1_629' title='bbox 2194 4220 2372 4285; x_wconf 88' lang='lat' dir='ltr'>colas,</span> <span class='ocrx_word' id='word_1_630' title='bbox 2405 4225 2507 4274; x_wconf 90' lang='lat' dir='ltr'>tua</span> <span class='ocrx_word' id='word_1_631' title='bbox 2539 4221 2658 4275; x_wconf 74' lang='lat' dir='ltr'>haec</span> <span class='ocrx_word' id='word_1_632' title='bbox 2690 4222 3057 4275; x_wconf 86' lang='lat' dir='ltr'>demonstrat</span> <span class='ocrx_word' id='word_1_633' title='bbox 3087 4220 3289 4275; x_wconf 90' lang='lat' dir='ltr'>oratio.</span> <span class='ocrx_word' id='word_1_634' title='bbox 3339 4221 3509 4275; x_wconf 86' lang='lat' dir='ltr'>Porro</span> <span class='ocrx_word' id='word_1_635' title='bbox 3568 4219 3689 4274; x_wconf 88' lang='lat' dir='ltr'>ista</span> <span class='ocrx_word' id='word_1_636' title='bbox 3738 4221 3841 4275; x_wconf 78' lang='lat' dir='ltr'>bo-</span> 
     </span>
    </p>
   </div>
   <div class='ocr_carea' id='block_1_92' title="bbox 2195 4308 3843 4365">
    <p class='ocr_par' dir='ltr' id='par_1_92' title="bbox 2195 4308 3843 4365">
     <span class='ocr_line' id='line_1_92' title="bbox 2195 4308 3843 4365; baseline 0.001 -5"><span class='ocrx_word' id='word_1_637' title='bbox 2195 4308 2344 4361; x_wconf 89' lang='lat' dir='ltr'>nitas</span> <span class='ocrx_word' id='word_1_638' title='bbox 2374 4314 2431 4362; x_wconf 89' lang='lat' dir='ltr'>et</span> <span class='ocrx_word' id='word_1_639' title='bbox 2481 4324 2736 4363; x_wconf 90' lang='lat' dir='ltr'>amorem</span> <span class='ocrx_word' id='word_1_640' title='bbox 2798 4309 2856 4363; x_wconf 92' lang='lat' dir='ltr'>in</span> <span class='ocrx_word' id='word_1_641' title='bbox 2906 4315 2961 4363; x_wconf 90' lang='lat' dir='ltr'>te</span> <span class='ocrx_word' id='word_1_642' title='bbox 3018 4314 3267 4365; x_wconf 88' lang='lat' dir='ltr'>veterem</span> <span class='ocrx_word' id='word_1_643' title='bbox 3317 4309 3523 4364; x_wconf 74' lang='lat' dir='ltr'>fortius</span> <span class='ocrx_word' id='word_1_644' title='bbox 3579 4310 3843 4363; x_wconf 88' lang='lat' dir='ltr'>intendit</span> 
     </span>
    </p>
   </div>
   <div class='ocr_carea' id='block_1_93' title="bbox 2192 4397 3841 4468">
    <p class='ocr_par' dir='ltr' id='par_1_93' title="bbox 2192 4397 3841 4468">
     <span class='ocr_line' id='line_1_93' title="bbox 2192 4397 3841 4468; baseline 0.001 -18"><span class='ocrx_word' id='word_1_645' title='bbox 2192 4412 2410 4463; x_wconf 91' lang='lat' dir='ltr'>meum,</span> <span class='ocrx_word' id='word_1_646' title='bbox 2444 4402 2499 4451; x_wconf 91' lang='lat' dir='ltr'>et</span> <span class='ocrx_word' id='word_1_647' title='bbox 2529 4397 2818 4451; x_wconf 88' lang='lat' dir='ltr'>sodalium</span> <span class='ocrx_word' id='word_1_648' title='bbox 2842 4397 2946 4451; x_wconf 90' lang='lat' dir='ltr'>tibi</span> <span class='ocrx_word' id='word_1_649' title='bbox 2972 4402 3205 4452; x_wconf 90' lang='lat' dir='ltr'>tuarum</span> <span class='ocrx_word' id='word_1_650' title='bbox 3232 4399 3608 4467; x_wconf 88' lang='lat' dir='ltr'>majorem,ut</span> <span class='ocrx_word' id='word_1_651' title='bbox 3640 4415 3841 4468; x_wconf 82' lang='lat' dir='ltr'>spero,</span> 
     </span>
    </p>
   </div>
   <div class='ocr_carea' id='block_1_94' title="bbox 2192 4484 3845 4556">
    <p class='ocr_par' dir='ltr' id='par_1_94' title="bbox 2192 4484 3845 4556">
     <span class='ocr_line' id='line_1_94' title="bbox 2192 4484 3845 4556; baseline 0 -17"><span class='ocrx_word' id='word_1_652' title='bbox 2192 4485 2525 4539; x_wconf 89' lang='lat' dir='ltr'>conciliabit</span> <span class='ocrx_word' id='word_1_653' title='bbox 2554 4485 2917 4540; x_wconf 88' lang='lat' dir='ltr'>charitatem.</span> <span class='ocrx_word' id='word_1_654' title='bbox 2953 4486 3029 4540; x_wconf 88' lang='lat' dir='ltr'>Ea</span> <span class='ocrx_word' id='word_1_655' title='bbox 3060 4486 3304 4556; x_wconf 91' lang='lat' dir='ltr'>loquens</span> <span class='ocrx_word' id='word_1_656' title='bbox 3336 4484 3538 4541; x_wconf 89' lang='lat' dir='ltr'>sedulo</span> <span class='ocrx_word' id='word_1_657' title='bbox 3562 4486 3845 4541; x_wconf 84' lang='lat' dir='ltr'>incubuit</span> 
     </span>
    </p>
   </div>
   <div class='ocr_carea' id='block_1_95' title="bbox 443 4574 2075 4669">
    <p class='ocr_par' dir='ltr' id='par_1_95' title="bbox 443 4594 2075 4669">
     <span class='ocr_line' id='line_1_95' title="bbox 443 4594 2075 4669; baseline -0.006 -15"><span class='ocrx_word' id='word_1_658' title='bbox 443 4599 497 4654; x_wconf 90' lang='lat' dir='ltr'>is</span> <span class='ocrx_word' id='word_1_659' title='bbox 528 4602 693 4669; x_wconf 86' lang='lat' dir='ltr'>pacto</span> <span class='ocrx_word' id='word_1_660' title='bbox 726 4598 1080 4652; x_wconf 89' lang='lat' dir='ltr'>liberaturus</span> <span class='ocrx_word' id='word_1_661' title='bbox 1108 4613 1235 4652; x_wconf 89' lang='lat' dir='ltr'>eam</span> <span class='ocrx_word' id='word_1_662' title='bbox 1269 4601 1439 4658; x_wconf 76' lang='lat' dir='ltr'>esset,</span> <span class='ocrx_word' id='word_1_663' title='bbox 1483 4595 1593 4649; x_wconf 89' lang='lat' dir='ltr'>alis</span> <span class='ocrx_word' id='word_1_664' title='bbox 1624 4599 1680 4649; x_wconf 91' lang='lat' dir='ltr'>et</span> <span class='ocrx_word' id='word_1_665' title='bbox 1730 4594 1853 4663; x_wconf 90' lang='lat' dir='ltr'>ipse</span> <span class='ocrx_word' id='word_1_666' title='bbox 1905 4608 2075 4662; x_wconf 86' lang='lat' dir='ltr'>supra</span> 
     </span>
    </p>
   </div>
   <div class='ocr_carea' id='block_1_96' title="bbox 2188 4574 3846 4669">
    <p class='ocr_par' dir='ltr' id='par_1_96' title="bbox 2195 4574 3846 4646">
     <span class='ocr_line' id='line_1_96' title="bbox 2195 4574 3846 4646; baseline 0.002 -20"><span class='ocrx_word' id='word_1_667' title='bbox 2195 4574 2252 4627; x_wconf 88' lang='lat' dir='ltr'>in</span> <span class='ocrx_word' id='word_1_668' title='bbox 2286 4574 2542 4628; x_wconf 88' lang='lat' dir='ltr'>rodenda</span> <span class='ocrx_word' id='word_1_669' title='bbox 2573 4574 3195 4645; x_wconf 65' lang='lat' dir='ltr'>ﬁlaquibuscolumbaa</span> <span class='ocrx_word' id='word_1_670' title='bbox 3219 4575 3471 4631; x_wconf 90' lang='lat' dir='ltr'>minores</span> <span class='ocrx_word' id='word_1_671' title='bbox 3494 4574 3846 4646; x_wconf 83' lang='lat' dir='ltr'>ligabantur</span> 
     </span>
    </p>
   </div>
   <div class='ocr_carea' id='block_1_97' title="bbox 446 4679 2075 4741">
    <p class='ocr_par' dir='ltr' id='par_1_97' title="bbox 446 4679 2075 4741">
     <span class='ocr_line' id='line_1_97' title="bbox 446 4679 2075 4741; baseline -0.006 0"><span class='ocrx_word' id='word_1_672' title='bbox 446 4692 703 4741; x_wconf 89' lang='lat' dir='ltr'>montem</span> <span class='ocrx_word' id='word_1_673' title='bbox 758 4686 985 4740; x_wconf 90' lang='lat' dir='ltr'>nititur.</span> <span class='ocrx_word' id='word_1_674' title='bbox 1039 4688 1249 4739; x_wconf 90' lang='lat' dir='ltr'>Cavum</span> <span class='ocrx_word' id='word_1_675' title='bbox 1308 4684 1387 4737; x_wconf 90' lang='lat' dir='ltr'>ibi</span> <span class='ocrx_word' id='word_1_676' title='bbox 1439 4686 1563 4738; x_wconf 88' lang='lat' dir='ltr'>erat</span> <span class='ocrx_word' id='word_1_677' title='bbox 1617 4681 1802 4737; x_wconf 90' lang='lat' dir='ltr'>muris</span> <span class='ocrx_word' id='word_1_678' title='bbox 1855 4679 2075 4734; x_wconf 86' lang='lat' dir='ltr'>vetuli:</span> 
     </span>
    </p>
   </div>
   <div class='ocr_carea' id='block_1_98' title="bbox 440 4765 2111 4845">
    <p class='ocr_par' dir='ltr' id='par_1_98' title="bbox 440 4765 2111 4845">
     <span class='ocr_line' id='line_1_98' title="bbox 440 4765 2111 4845; baseline -0.005 -17"><span class='ocrx_word' id='word_1_679' title='bbox 440 4790 619 4845; x_wconf 92' lang='lat' dir='ltr'>prope</span> <span class='ocrx_word' id='word_1_680' title='bbox 650 4774 1069 4829; x_wconf 88' lang='lat' dir='ltr'>descendentes</span> <span class='ocrx_word' id='word_1_681' title='bbox 1112 4772 1527 4843; x_wconf 87' lang='lat' dir='ltr'>acquieverunt</span> <span class='ocrx_word' id='word_1_682' title='bbox 1574 4770 1852 4825; x_wconf 69' lang='lat' dir='ltr'>columbae</span> <span class='ocrx_word' id='word_1_683' title='bbox 1900 4765 2111 4830; x_wconf 17' lang='lat' dir='ltr'>simul,</span> 
     </span>
    </p>
   </div>
   <div class='ocr_carea' id='block_1_99' title="bbox 441 4856 2074 4929">
    <p class='ocr_par' dir='ltr' id='par_1_99' title="bbox 441 4856 2074 4929">
     <span class='ocr_line' id='line_1_99' title="bbox 441 4856 2074 4929; baseline -0.005 -12"><span class='ocrx_word' id='word_1_684' title='bbox 441 4878 667 4926; x_wconf 82' lang='lat' dir='ltr'>omnes,</span> <span class='ocrx_word' id='word_1_685' title='bbox 700 4863 977 4916; x_wconf 91' lang='lat' dir='ltr'>Prodiens</span> <span class='ocrx_word' id='word_1_686' title='bbox 1010 4877 1146 4915; x_wconf 90' lang='lat' dir='ltr'>cavo</span> <span class='ocrx_word' id='word_1_687' title='bbox 1183 4876 1310 4914; x_wconf 88' lang='lat' dir='ltr'>mus</span> <span class='ocrx_word' id='word_1_688' title='bbox 1358 4858 1689 4913; x_wconf 90' lang='lat' dir='ltr'>columbam</span> <span class='ocrx_word' id='word_1_689' title='bbox 1750 4856 2074 4929; x_wconf 88' lang='lat' dir='ltr'>principem</span> 
     </span>
    </p>
   </div>
   <div class='ocr_carea' id='block_1_100' title="bbox 439 4946 2076 5018">
    <p class='ocr_par' dir='ltr' id='par_1_100' title="bbox 439 4946 2076 5018">
     <span class='ocr_line' id='line_1_100' title="bbox 439 4946 2076 5018; baseline -0.004 -12"><span class='ocrx_word' id='word_1_690' title='bbox 439 4950 551 5006; x_wconf 90' lang='lat' dir='ltr'>sibi</span> <span class='ocrx_word' id='word_1_691' title='bbox 583 4950 722 5006; x_wconf 91' lang='lat' dir='ltr'>olim</span> <span class='ocrx_word' id='word_1_692' title='bbox 752 4950 1103 5004; x_wconf 89' lang='lat' dir='ltr'>familiarem</span> <span class='ocrx_word' id='word_1_693' title='bbox 1127 4965 1336 5018; x_wconf 84' lang='lat' dir='ltr'>magno</span> <span class='ocrx_word' id='word_1_694' title='bbox 1357 4948 1652 5018; x_wconf 87' lang='lat' dir='ltr'>excipiens</span> <span class='ocrx_word' id='word_1_695' title='bbox 1681 4946 1910 5012; x_wconf 75' lang='lat' dir='ltr'>affectu,</span> <span class='ocrx_word' id='word_1_696' title='bbox 1936 4946 2076 5008; x_wconf 89' lang='lat' dir='ltr'>Quis</span> 
     </span>
    </p>
   </div>
   <div class='ocr_carea' id='block_1_101' title="bbox 439 5033 2076 5109">
    <p class='ocr_par' dir='ltr' id='par_1_101' title="bbox 439 5033 2076 5109">
     <span class='ocr_line' id='line_1_101' title="bbox 439 5033 2076 5109; baseline -0.004 -16"><span class='ocrx_word' id='word_1_697' title='bbox 439 5043 518 5099; x_wconf 84' lang='lat' dir='ltr'>te.</span> <span class='ocrx_word' id='word_1_698' title='bbox 550 5038 763 5109; x_wconf 90' lang='lat' dir='ltr'>inquit,</span> <span class='ocrx_word' id='word_1_699' title='bbox 795 5036 1162 5106; x_wconf 88' lang='lat' dir='ltr'>charissima,</span> <span class='ocrx_word' id='word_1_700' title='bbox 1202 5036 1294 5091; x_wconf 89' lang='lat' dir='ltr'>his</span> <span class='ocrx_word' id='word_1_701' title='bbox 1342 5035 1629 5105; x_wconf 85' lang='lat' dir='ltr'>implicuit</span> <span class='ocrx_word' id='word_1_702' title='bbox 1683 5033 1977 5089; x_wconf 86' lang='lat' dir='ltr'>vinculis?</span> <span class='ocrx_word' id='word_1_703' title='bbox 2005 5038 2076 5087; x_wconf 87' lang='lat' dir='ltr'>At</span> 
     </span>
    </p>
   </div>
   <div class='ocr_carea' id='block_1_102' title="bbox 438 5122 2074 5193">
    <p class='ocr_par' dir='ltr' id='par_1_102' title="bbox 438 5122 2074 5193">
     <span class='ocr_line' id='line_1_102' title="bbox 438 5122 2074 5193; baseline -0.003 -13"><span class='ocrx_word' id='word_1_704' title='bbox 438 5126 559 5193; x_wconf 90' lang='lat' dir='ltr'>illa,</span> <span class='ocrx_word' id='word_1_705' title='bbox 594 5125 814 5193; x_wconf 88' lang='lat' dir='ltr'>Nescis,</span> <span class='ocrx_word' id='word_1_706' title='bbox 849 5126 947 5193; x_wconf 90' lang='lat' dir='ltr'>ait,</span> <span class='ocrx_word' id='word_1_707' title='bbox 993 5126 1142 5179; x_wconf 89' lang='lat' dir='ltr'>bona</span> <span class='ocrx_word' id='word_1_708' title='bbox 1199 5129 1256 5178; x_wconf 88' lang='lat' dir='ltr'>et</span> <span class='ocrx_word' id='word_1_709' title='bbox 1312 5123 1463 5179; x_wconf 85' lang='lat' dir='ltr'>mala</span> <span class='ocrx_word' id='word_1_710' title='bbox 1509 5122 1669 5178; x_wconf 87' lang='lat' dir='ltr'>fatali</span> <span class='ocrx_word' id='word_1_711' title='bbox 1730 5122 2074 5177; x_wconf 89' lang='lat' dir='ltr'>mortalibus</span> 
     </span>
    </p>
   </div>
   <div class='ocr_carea' id='block_1_103' title="bbox 439 5211 2074 5285">
    <p class='ocr_par' dir='ltr' id='par_1_103' title="bbox 439 5211 2074 5285">
     <span class='ocr_line' id='line_1_103' title="bbox 439 5211 2074 5285; baseline -0.002 -17"><span class='ocrx_word' id='word_1_712' title='bbox 439 5214 784 5271; x_wconf 87' lang='lat' dir='ltr'>necessitate</span> <span class='ocrx_word' id='word_1_713' title='bbox 805 5212 1106 5285; x_wconf 90' lang='lat' dir='ltr'>provenire</span> <span class='ocrx_word' id='word_1_714' title='bbox 1128 5213 1155 5265; x_wconf 87' lang='lat'><strong><em>?</em></strong></span> <span class='ocrx_word' id='word_1_715' title='bbox 1187 5213 1387 5267; x_wconf 88' lang='lat' dir='ltr'>Fatum</span> <span class='ocrx_word' id='word_1_716' title='bbox 1409 5228 1498 5267; x_wconf 83' lang='lat' dir='ltr'>me</span> <span class='ocrx_word' id='word_1_717' title='bbox 1531 5211 1764 5281; x_wconf 91' lang='lat' dir='ltr'>impulit</span> <span class='ocrx_word' id='word_1_718' title='bbox 1794 5211 1863 5266; x_wconf 90' lang='lat' dir='ltr'>ad</span> <span class='ocrx_word' id='word_1_719' title='bbox 1896 5226 2074 5282; x_wconf 88' lang='lat' dir='ltr'>grana</span> 
     </span>
    </p>
   </div>
   <div class='ocr_carea' id='block_1_104' title="bbox 436 5299 2070 5373">
    <p class='ocr_par' dir='ltr' id='par_1_104' title="bbox 436 5299 2070 5373">
     <span class='ocr_line' id='line_1_104' title="bbox 436 5299 2070 5373; baseline -0.003 -16"><span class='ocrx_word' id='word_1_720' title='bbox 436 5303 718 5358; x_wconf 86' lang='lat' dir='ltr'>insidiose</span> <span class='ocrx_word' id='word_1_721' title='bbox 748 5317 952 5373; x_wconf 89' lang='lat' dir='ltr'>sparsa</span> <span class='ocrx_word' id='word_1_722' title='bbox 982 5300 1343 5371; x_wconf 88' lang='lat' dir='ltr'>appetenda;</span> <span class='ocrx_word' id='word_1_723' title='bbox 1395 5299 1545 5369; x_wconf 89' lang='lat' dir='ltr'>quod</span> <span class='ocrx_word' id='word_1_724' title='bbox 1577 5300 1714 5353; x_wconf 90' lang='lat' dir='ltr'>dum</span> <span class='ocrx_word' id='word_1_725' title='bbox 1777 5315 1878 5367; x_wconf 83' lang='lat' dir='ltr'>ago</span> <span class='ocrx_word' id='word_1_726' title='bbox 1938 5314 2070 5352; x_wconf 91' lang='lat' dir='ltr'>cum</span> 
     </span>
    </p>
   </div>
   <div class='ocr_carea' id='block_1_105' title="bbox 434 5388 2069 5458">
    <p class='ocr_par' dir='ltr' id='par_1_105' title="bbox 434 5388 2069 5458">
     <span class='ocr_line' id='line_1_105' title="bbox 434 5388 2069 5458; baseline -0.002 -15"><span class='ocrx_word' id='word_1_727' title='bbox 434 5390 593 5443; x_wconf 76' lang='lat' dir='ltr'>hisee</span> <span class='ocrx_word' id='word_1_728' title='bbox 630 5390 774 5445; x_wconf 88' lang='lat' dir='ltr'>meis</span> <span class='ocrx_word' id='word_1_729' title='bbox 811 5389 1109 5444; x_wconf 90' lang='lat' dir='ltr'>sororibus</span> <span class='ocrx_word' id='word_1_730' title='bbox 1160 5388 1466 5458; x_wconf 73' lang='lat' dir='ltr'>implicatae</span> <span class='ocrx_word' id='word_1_731' title='bbox 1518 5388 1627 5441; x_wconf 88' lang='lat' dir='ltr'>hoc</span> <span class='ocrx_word' id='word_1_732' title='bbox 1687 5388 1792 5441; x_wconf 91' lang='lat' dir='ltr'>reti</span> <span class='ocrx_word' id='word_1_733' title='bbox 1843 5404 2069 5442; x_wconf 89' lang='lat' dir='ltr'>sumus.</span> 
     </span>
    </p>
   </div>
   <div class='ocr_carea' id='block_1_106' title="bbox 433 5474 2068 5548">
    <p class='ocr_par' dir='ltr' id='par_1_106' title="bbox 433 5474 2068 5548">
     <span class='ocr_line' id='line_1_106' title="bbox 433 5474 2068 5548; baseline -0.001 -17"><span class='ocrx_word' id='word_1_734' title='bbox 433 5480 571 5548; x_wconf 77' lang='lat' dir='ltr'>quia</span> <span class='ocrx_word' id='word_1_735' title='bbox 628 5480 675 5530; x_wconf 63' lang='lat' dir='ltr'>i.l</span> <span class='ocrx_word' id='word_1_736' title='bbox 738 5477 1007 5531; x_wconf 84' lang='lat' dir='ltr'>aviditate</span> <span class='ocrx_word' id='word_1_737' title='bbox 1056 5478 1358 5531; x_wconf 70' lang='lat' dir='ltr'>obcaecatze</span> <span class='ocrx_word' id='word_1_738' title='bbox 1421 5492 1533 5529; x_wconf 89' lang='lat' dir='ltr'>non</span> <span class='ocrx_word' id='word_1_739' title='bbox 1584 5475 1746 5546; x_wconf 89' lang='lat' dir='ltr'>prius</span> <span class='ocrx_word' id='word_1_740' title='bbox 1795 5474 2068 5542; x_wconf 89' lang='lat' dir='ltr'>vidimus,</span> 
     </span>
    </p>
   </div>
   <div class='ocr_carea' id='block_1_107' title="bbox 434 5564 2071 5637">
    <p class='ocr_par' dir='ltr' id='par_1_107' title="bbox 434 5564 2071 5637">
     <span class='ocr_line' id='line_1_107' title="bbox 434 5564 2071 5637; baseline -0.001 -18"><span class='ocrx_word' id='word_1_741' title='bbox 434 5584 605 5637; x_wconf 81' lang='lat' dir='ltr'>quam</span> <span class='ocrx_word' id='word_1_742' title='bbox 649 5567 744 5619; x_wconf 86' lang='lat' dir='ltr'>illo</span> <span class='ocrx_word' id='word_1_743' title='bbox 777 5564 1123 5619; x_wconf 88' lang='lat' dir='ltr'>constrictas</span> <span class='ocrx_word' id='word_1_744' title='bbox 1148 5582 1253 5619; x_wconf 92' lang='lat' dir='ltr'>nos</span> <span class='ocrx_word' id='word_1_745' title='bbox 1287 5564 1603 5632; x_wconf 86' lang='lat' dir='ltr'>sensimus,</span> <span class='ocrx_word' id='word_1_746' title='bbox 1630 5579 1733 5617; x_wconf 89' lang='lat' dir='ltr'>nec</span> <span class='ocrx_word' id='word_1_747' title='bbox 1755 5564 1940 5617; x_wconf 90' lang='lat' dir='ltr'>mirus</span> <span class='ocrx_word' id='word_1_748' title='bbox 1972 5568 2071 5617; x_wconf 90' lang='lat' dir='ltr'>aut</span> 
     </span>
    </p>
   </div>
   <div class='ocr_carea' id='block_1_108' title="bbox 433 5652 2067 5723">
    <p class='ocr_par' dir='ltr' id='par_1_108' title="bbox 433 5652 2067 5723">
     <span class='ocr_line' id='line_1_108' title="bbox 433 5652 2067 5723; baseline -0.004 -14"><span class='ocrx_word' id='word_1_749' title='bbox 433 5655 566 5709; x_wconf 88' lang='lat' dir='ltr'>mihi</span> <span class='ocrx_word' id='word_1_750' title='bbox 603 5672 783 5709; x_wconf 82' lang='lat' dir='ltr'>novus</span> <span class='ocrx_word' id='word_1_751' title='bbox 833 5654 927 5707; x_wconf 83' lang='lat' dir='ltr'>hic</span> <span class='ocrx_word' id='word_1_752' title='bbox 981 5670 1153 5707; x_wconf 89' lang='lat' dir='ltr'>casus</span> <span class='ocrx_word' id='word_1_753' title='bbox 1202 5660 1325 5708; x_wconf 88' lang='lat' dir='ltr'>est:</span> <span class='ocrx_word' id='word_1_754' title='bbox 1381 5669 1410 5706; x_wconf 90' lang='lat' dir='ltr'>e</span> <span class='ocrx_word' id='word_1_755' title='bbox 1466 5652 1832 5723; x_wconf 90' lang='lat' dir='ltr'>gravioribus</span> <span class='ocrx_word' id='word_1_756' title='bbox 1891 5653 2067 5705; x_wconf 84' lang='lat' dir='ltr'>evasi.</span> 
     </span>
    </p>
   </div>
   <div class='ocr_carea' id='block_1_109' title="bbox 2188 4661 3846 4733">
    <p class='ocr_par' dir='ltr' id='par_1_109' title="bbox 2188 4661 3846 4733">
     <span class='ocr_line' id='line_1_109' title="bbox 2188 4661 3846 4733; baseline 0.002 -18"><span class='ocrx_word' id='word_1_757' title='bbox 2188 4664 2376 4731; x_wconf 90' lang='lat' dir='ltr'>quoad</span> <span class='ocrx_word' id='word_1_758' title='bbox 2408 4662 2479 4715; x_wconf 90' lang='lat' dir='ltr'>iis</span> <span class='ocrx_word' id='word_1_759' title='bbox 2514 4661 2679 4732; x_wconf 88' lang='lat' dir='ltr'>plane</span> <span class='ocrx_word' id='word_1_760' title='bbox 2709 4663 2899 4733; x_wconf 89' lang='lat' dir='ltr'>ruptis</span> <span class='ocrx_word' id='word_1_761' title='bbox 2930 4663 3041 4717; x_wconf 86' lang='lat' dir='ltr'>illae</span> <span class='ocrx_word' id='word_1_762' title='bbox 3073 4680 3275 4718; x_wconf 90' lang='lat' dir='ltr'>omnes</span> <span class='ocrx_word' id='word_1_763' title='bbox 3310 4665 3367 4718; x_wconf 93' lang='lat' dir='ltr'>in</span> <span class='ocrx_word' id='word_1_764' title='bbox 3399 4680 3672 4718; x_wconf 88' lang='lat' dir='ltr'>securum</span> <span class='ocrx_word' id='word_1_765' title='bbox 3704 4682 3846 4719; x_wconf 84' lang='lat' dir='ltr'>avo-</span> 
     </span>
    </p>
   </div>
   <div class='ocr_carea' id='block_1_110' title="bbox 2186 4749 3843 4821">
    <p class='ocr_par' dir='ltr' id='par_1_110' title="bbox 2186 4749 3843 4821">
     <span class='ocr_line' id='line_1_110' title="bbox 2186 4749 3843 4821; baseline 0.001 -18"><span class='ocrx_word' id='word_1_766' title='bbox 2186 4749 2403 4804; x_wconf 89' lang='lat' dir='ltr'>larunt.</span> <span class='ocrx_word' id='word_1_767' title='bbox 2429 4749 2543 4803; x_wconf 90' lang='lat' dir='ltr'>Has</span> <span class='ocrx_word' id='word_1_768' title='bbox 2579 4750 2782 4804; x_wconf 90' lang='lat' dir='ltr'>ultima</span> <span class='ocrx_word' id='word_1_769' title='bbox 2812 4751 3098 4816; x_wconf 89' lang='lat' dir='ltr'>omnium,</span> <span class='ocrx_word' id='word_1_770' title='bbox 3130 4750 3322 4805; x_wconf 88' lang='lat' dir='ltr'>soluta</span> <span class='ocrx_word' id='word_1_771' title='bbox 3378 4756 3433 4804; x_wconf 87' lang='lat' dir='ltr'>et</span> <span class='ocrx_word' id='word_1_772' title='bbox 3488 4752 3639 4821; x_wconf 88' lang='lat' dir='ltr'>ipsa,</span> <span class='ocrx_word' id='word_1_773' title='bbox 3700 4758 3843 4821; x_wconf 79' lang='lat' dir='ltr'>post</span> 
     </span>
    </p>
   </div>
   <div class='ocr_carea' id='block_1_111' title="bbox 2186 4838 3845 4910">
    <p class='ocr_par' dir='ltr' id='par_1_111' title="bbox 2186 4838 3845 4910">
     <span class='ocr_line' id='line_1_111' title="bbox 2186 4838 3845 4910; baseline 0.001 -18"><span class='ocrx_word' id='word_1_774' title='bbox 2186 4840 2404 4893; x_wconf 90' lang='lat' dir='ltr'>multas</span> <span class='ocrx_word' id='word_1_775' title='bbox 2435 4843 2592 4893; x_wconf 88' lang='lat' dir='ltr'>actas</span> <span class='ocrx_word' id='word_1_776' title='bbox 2623 4839 2899 4892; x_wconf 90' lang='lat' dir='ltr'>servatori</span> <span class='ocrx_word' id='word_1_777' title='bbox 2933 4838 3169 4909; x_wconf 84' lang='lat' dir='ltr'>gratias,</span> <span class='ocrx_word' id='word_1_778' title='bbox 3209 4840 3391 4910; x_wconf 87' lang='lat' dir='ltr'>major</span> <span class='ocrx_word' id='word_1_779' title='bbox 3412 4839 3691 4894; x_wconf 90' lang='lat' dir='ltr'>columba</span> <span class='ocrx_word' id='word_1_780' title='bbox 3744 4846 3845 4896; x_wconf 86' lang='lat' dir='ltr'>est</span> 
     </span>
    </p>
   </div>
   <div class='ocr_carea' id='block_1_112' title="bbox 2185 4931 2407 4981">
    <p class='ocr_par' dir='ltr' id='par_1_112' title="bbox 2185 4931 2407 4981">
     <span class='ocr_line' id='line_1_112' title="bbox 2185 4931 2407 4981; baseline -0.005 0"><span class='ocrx_word' id='word_1_781' title='bbox 2185 4931 2407 4981; x_wconf 88' lang='lat' dir='ltr'>secuta.</span> 
     </span>
    </p>
   </div>
   <div class='ocr_carea' id='block_1_113' title="bbox 2257 5031 3840 5087">
    <p class='ocr_par' dir='ltr' id='par_1_113' title="bbox 2257 5031 3840 5087">
     <span class='ocr_line' id='line_1_113' title="bbox 2257 5031 3840 5087; baseline 0.001 -1"><span class='ocrx_word' id='word_1_782' title='bbox 2257 5032 2348 5087; x_wconf 93' lang='lat' dir='ltr'>1V.</span> <span class='ocrx_word' id='word_1_783' title='bbox 2374 5031 2474 5085; x_wconf 91' lang='lat' dir='ltr'>His</span> <span class='ocrx_word' id='word_1_784' title='bbox 2505 5047 2709 5085; x_wconf 84' lang='lat' dir='ltr'>corvus</span> <span class='ocrx_word' id='word_1_785' title='bbox 2741 5031 3161 5087; x_wconf 88' lang='lat' dir='ltr'>animadversis</span> <span class='ocrx_word' id='word_1_786' title='bbox 3192 5033 3463 5087; x_wconf 86' lang='lat' dir='ltr'>continuo</span> <span class='ocrx_word' id='word_1_787' title='bbox 3495 5049 3555 5086; x_wconf 84' lang='lat' dir='ltr'>se</span> <span class='ocrx_word' id='word_1_788' title='bbox 3575 5034 3840 5087; x_wconf 89' lang='lat' dir='ltr'>contulit</span> 
     </span>
    </p>
   </div>
   <div class='ocr_carea' id='block_1_114' title="bbox 2185 5120 3838 5191">
    <p class='ocr_par' dir='ltr' id='par_1_114' title="bbox 2185 5120 3838 5191">
     <span class='ocr_line' id='line_1_114' title="bbox 2185 5120 3838 5191; baseline 0.001 -17"><span class='ocrx_word' id='word_1_789' title='bbox 2185 5123 2253 5174; x_wconf 87' lang='lat' dir='ltr'>ad</span> <span class='ocrx_word' id='word_1_790' title='bbox 2289 5137 2353 5175; x_wconf 89' lang='lat' dir='ltr'>os</span> <span class='ocrx_word' id='word_1_791' title='bbox 2381 5135 2637 5173; x_wconf 81' lang='lat' dir='ltr'>cavernas</span> <span class='ocrx_word' id='word_1_792' title='bbox 2670 5120 2878 5188; x_wconf 88' lang='lat' dir='ltr'>muris,</span> <span class='ocrx_word' id='word_1_793' title='bbox 2938 5120 2992 5173; x_wconf 90' lang='lat' dir='ltr'>in</span> <span class='ocrx_word' id='word_1_794' title='bbox 3045 5137 3197 5186; x_wconf 90' lang='lat' dir='ltr'>eam,</span> <span class='ocrx_word' id='word_1_795' title='bbox 3239 5122 3435 5175; x_wconf 87' lang='lat' dir='ltr'>statim</span> <span class='ocrx_word' id='word_1_796' title='bbox 3496 5126 3671 5191; x_wconf 86' lang='lat' dir='ltr'>atqoe</span> <span class='ocrx_word' id='word_1_797' title='bbox 3724 5137 3838 5175; x_wconf 80' lang='lat' dir='ltr'>co-</span> 
     </span>
    </p>
   </div>
   <div class='ocr_carea' id='block_1_115' title="bbox 2182 5207 3839 5279">
    <p class='ocr_par' dir='ltr' id='par_1_115' title="bbox 2182 5207 3839 5279">
     <span class='ocr_line' id='line_1_115' title="bbox 2182 5207 3839 5279; baseline 0.001 -17"><span class='ocrx_word' id='word_1_798' title='bbox 2182 5209 2392 5264; x_wconf 68' lang='lat' dir='ltr'>lumbae</span> <span class='ocrx_word' id='word_1_799' title='bbox 2426 5207 2750 5273; x_wconf 90' lang='lat' dir='ltr'>avolarunt,</span> <span class='ocrx_word' id='word_1_800' title='bbox 2775 5208 2965 5263; x_wconf 91' lang='lat' dir='ltr'>denuo</span> <span class='ocrx_word' id='word_1_801' title='bbox 2999 5210 3241 5277; x_wconf 89' lang='lat' dir='ltr'>conditi,</span> <span class='ocrx_word' id='word_1_802' title='bbox 3301 5209 3585 5279; x_wconf 90' lang='lat' dir='ltr'>illumque</span> <span class='ocrx_word' id='word_1_803' title='bbox 3636 5211 3839 5265; x_wconf 80' lang='lat' dir='ltr'>nomi-</span> 
     </span>
    </p>
   </div>
   <div class='ocr_carea' id='block_1_116' title="bbox 2185 5294 3840 5365">
    <p class='ocr_par' dir='ltr' id='par_1_116' title="bbox 2185 5294 3840 5365">
     <span class='ocr_line' id='line_1_116' title="bbox 2185 5294 3840 5365; baseline 0 -14"><span class='ocrx_word' id='word_1_804' title='bbox 2185 5297 2364 5351; x_wconf 87' lang='lat' dir='ltr'>natim</span> <span class='ocrx_word' id='word_1_805' title='bbox 2398 5294 2672 5350; x_wconf 89' lang='lat' dir='ltr'>evocavit.</span> <span class='ocrx_word' id='word_1_806' title='bbox 2734 5297 3049 5365; x_wconf 70' lang='lat' dir='ltr'>Respondit</span> <span class='ocrx_word' id='word_1_807' title='bbox 3097 5313 3228 5351; x_wconf 88' lang='lat' dir='ltr'>mus</span> <span class='ocrx_word' id='word_1_808' title='bbox 3286 5313 3353 5352; x_wconf 81' lang='lat' dir='ltr'>ex</span> <span class='ocrx_word' id='word_1_809' title='bbox 3408 5301 3533 5351; x_wconf 90' lang='lat' dir='ltr'>tuto</span> <span class='ocrx_word' id='word_1_810' title='bbox 3584 5297 3840 5351; x_wconf 85' lang='lat' dir='ltr'>minime</span> 
     </span>
    </p>
   </div>
   <div class='ocr_carea' id='block_1_117' title="bbox 2183 5382 3843 5454">
    <p class='ocr_par' dir='ltr' id='par_1_117' title="bbox 2183 5382 3843 5454">
     <span class='ocr_line' id='line_1_117' title="bbox 2183 5382 3843 5454; baseline 0 -17"><span class='ocrx_word' id='word_1_811' title='bbox 2183 5385 2478 5454; x_wconf 89' lang='lat' dir='ltr'>prodiens:</span> <span class='ocrx_word' id='word_1_812' title='bbox 2512 5382 2652 5445; x_wconf 91' lang='lat' dir='ltr'>Quis</span> <span class='ocrx_word' id='word_1_813' title='bbox 2678 5383 2832 5437; x_wconf 90' lang='lat' dir='ltr'>enim</span> <span class='ocrx_word' id='word_1_814' title='bbox 2866 5389 2928 5437; x_wconf 92' lang='lat' dir='ltr'>tu</span> <span class='ocrx_word' id='word_1_815' title='bbox 2953 5400 3015 5437; x_wconf 89' lang='lat' dir='ltr'>es</span> <span class='ocrx_word' id='word_1_816' title='bbox 3034 5384 3132 5454; x_wconf 93' lang='lat' dir='ltr'>qui</span> <span class='ocrx_word' id='word_1_817' title='bbox 3165 5401 3256 5439; x_wconf 90' lang='lat' dir='ltr'>me</span> <span class='ocrx_word' id='word_1_818' title='bbox 3272 5385 3471 5439; x_wconf 83' lang='lat' dir='ltr'>vocas?</span> <span class='ocrx_word' id='word_1_819' title='bbox 3512 5384 3843 5453; x_wconf 85' lang='lat' dir='ltr'>Resposuit</span> 
     </span>
    </p>
   </div>
   <div class='ocr_carea' id='block_1_118' title="bbox 2182 5473 3843 5543">
    <p class='ocr_par' dir='ltr' id='par_1_118' title="bbox 2182 5473 3843 5543">
     <span class='ocr_line' id='line_1_118' title="bbox 2182 5473 3843 5543; baseline 0.001 -18"><span class='ocrx_word' id='word_1_820' title='bbox 2182 5474 2426 5543; x_wconf 79' lang='lat' dir='ltr'>iszEgo</span> <span class='ocrx_word' id='word_1_821' title='bbox 2456 5488 2582 5527; x_wconf 91' lang='lat' dir='ltr'>sum</span> <span class='ocrx_word' id='word_1_822' title='bbox 2642 5488 2869 5537; x_wconf 89' lang='lat' dir='ltr'>corvus,</span> <span class='ocrx_word' id='word_1_823' title='bbox 2932 5473 3031 5542; x_wconf 92' lang='lat' dir='ltr'>qui</span> <span class='ocrx_word' id='word_1_824' title='bbox 3083 5474 3391 5529; x_wconf 88' lang='lat' dir='ltr'>observata</span> <span class='ocrx_word' id='word_1_825' title='bbox 3448 5474 3562 5528; x_wconf 87' lang='lat' dir='ltr'>ﬁde</span> <span class='ocrx_word' id='word_1_826' title='bbox 3620 5478 3723 5528; x_wconf 89' lang='lat' dir='ltr'>tua</span> <span class='ocrx_word' id='word_1_827' title='bbox 3784 5480 3843 5529; x_wconf 88' lang='lat' dir='ltr'>et</span> 
     </span>
    </p>
   </div>
   <div class='ocr_carea' id='block_1_119' title="bbox 2181 5560 3843 5631">
    <p class='ocr_par' dir='ltr' id='par_1_119' title="bbox 2181 5560 3843 5631">
     <span class='ocr_line' id='line_1_119' title="bbox 2181 5560 3843 5631; baseline 0.001 -15"><span class='ocrx_word' id='word_1_828' title='bbox 2181 5561 2464 5616; x_wconf 88' lang='lat' dir='ltr'>charitate</span> <span class='ocrx_word' id='word_1_829' title='bbox 2494 5561 2553 5614; x_wconf 91' lang='lat' dir='ltr'>in</span> <span class='ocrx_word' id='word_1_830' title='bbox 2612 5560 2853 5628; x_wconf 90' lang='lat' dir='ltr'>amicos,</span> <span class='ocrx_word' id='word_1_831' title='bbox 2914 5562 3195 5631; x_wconf 89' lang='lat' dir='ltr'>majorem</span> <span class='ocrx_word' id='word_1_832' title='bbox 3251 5563 3307 5615; x_wconf 91' lang='lat' dir='ltr'>in</span> <span class='ocrx_word' id='word_1_833' title='bbox 3362 5561 3604 5615; x_wconf 87' lang='lat' dir='ltr'>modum</span> <span class='ocrx_word' id='word_1_834' title='bbox 3660 5562 3843 5631; x_wconf 82' lang='lat' dir='ltr'>cupio</span> 
     </span>
    </p>
   </div>
   <div class='ocr_carea' id='block_1_120' title="bbox 2180 5648 3841 5718">
    <p class='ocr_par' dir='ltr' id='par_1_120' title="bbox 2180 5648 3841 5718">
     <span class='ocr_line' id='line_1_120' title="bbox 2180 5648 3841 5718; baseline 0.001 -15"><span class='ocrx_word' id='word_1_835' title='bbox 2180 5650 2329 5703; x_wconf 89' lang='lat' dir='ltr'>inire</span> <span class='ocrx_word' id='word_1_836' title='bbox 2356 5654 2545 5703; x_wconf 86' lang='lat' dir='ltr'>tecum</span> <span class='ocrx_word' id='word_1_837' title='bbox 2576 5648 2914 5715; x_wconf 87' lang='lat' dir='ltr'>amicitiam,</span> <span class='ocrx_word' id='word_1_838' title='bbox 2956 5653 3012 5703; x_wconf 91' lang='lat' dir='ltr'>et</span> <span class='ocrx_word' id='word_1_839' title='bbox 3036 5665 3102 5703; x_wconf 89' lang='lat' dir='ltr'>ea</span> <span class='ocrx_word' id='word_1_840' title='bbox 3157 5650 3341 5718; x_wconf 82' lang='lat' dir='ltr'>gratia</span> <span class='ocrx_word' id='word_1_841' title='bbox 3398 5648 3513 5702; x_wconf 89' lang='lat' dir='ltr'>huc</span> <span class='ocrx_word' id='word_1_842' title='bbox 3585 5652 3841 5705; x_wconf 84' lang='lat' dir='ltr'>accessi.</span> 
     </span>
    </p>
   </div>
   <div class='ocr_carea' id='block_1_121' title="bbox 3997 108 4004 640">
    <p class='ocr_par' dir='ltr' id='par_1_121' title="bbox 3997 108 4001 640">
     <span class='ocr_line' id='line_1_121' title="bbox 3997 108 4001 383; baseline 0 0"><span class='ocrx_word' id='word_1_843' title='bbox 3997 108 4001 383; x_wconf 56' lang='grc' dir='ltr'><em>ἐ</em></span> 
     </span>
     <span class='ocr_line' id='line_1_122' title="bbox 3997 390 4001 640; baseline 0 0"><span class='ocrx_word' id='word_1_844' title='bbox 3997 390 4001 640; x_wconf 75' lang='lat' dir='ltr'>l</span> 
     </span>
    </p>
   </div>
  </div>
