4060 6304
244 390 375 441 1297

1248 396 1599 448 SPECIMEN
1638 362 2036 450 sartsu'rtm
2079 398 2406 451 INDORUM
2449 399 2605 451 VET.

3486 388 3619 441 1298

238 519 452 581 Apage,
500 530 630 567 mus
677 514 887 585 inquit,
942 516 1094 570 intra
1142 533 1347 571 cavum
1402 522 1687 587 perstans,
1740 532 1868 585 quae
1898 520 1946 581 Α
1979 517 2109 570 dem
2136 523 2195 571 ut
2222 518 2389 571 ﬁrma
2412 523 2466 573 et
2489 520 2763 589 utrinque
2798 517 3032 571 innoxia
3055 533 3118 570 ac
3143 519 3268 569 tnta
3296 512 3616 568 coalescere

239 600 380 651 mihi
405 604 598 653 tecum
622 601 978 657 intercedere
999 604 1364 659 necessitudo
1386 604 1614 657 foederis
1644 603 1873 673 potest?

239 685 447 741 Desine
478 704 601 757 quae
635 689 756 742 ﬁeri
788 696 1087 761 nequeunt
1116 691 1259 745 velle
1292 691 1487 746 conari
1522 707 1534 744 :
1571 707 1683 744 non
1716 691 1871 744 enim

240 775 565 845 sapientius
597 777 653 829 id
685 779 1018 844 tentaveris,
1041 796 1215 849 quam
1263 786 1457 833 arator
1489 779 1585 847 qui
1636 783 1871 832 conten-

239 864 339 916 dat
366 863 516 916 stiva
548 879 648 933 per
680 864 889 918 ﬂuctus
922 850 1144 933 adacta,
1196 868 1369 920 dorso
1417 882 1699 935 aquarum
1751 865 1874 919 acie

240 951 491 1003 vomeris
525 952 753 1004 sulcum
785 951 1089 1019 inﬁndere,
1124 960 1224 1007 aut
1255 958 1431 1007 nauta
1462 954 1559 1023 qui
1594 954 1745 1007 serio
1777 970 1873 1006 sa-

242 1042 401 1106 tagat
457 1055 660 1092 navem
722 1040 1043 1109 propellere
1097 1058 1197 1111 per
1236 1059 1467 1112 aequora
1507 1058 1870 1111 camporum.

244 1134 536 1187 Enimvero
570 1152 694 1204 quae
728 1152 861 1205 spes
893 1139 1131 1191 omnino
1161 1139 1256 1205 sit,
1284 1139 1454 1191 ﬁdere
1488 1154 1577 1190 me
1612 1154 1868 1207 unquam

241 1227 304 1276 ut
334 1223 519 1277 amico
554 1224 654 1276 tibi
690 1241 881 1295 posse,
916 1242 1085 1295 quem
1121 1227 1240 1281 scio
1269 1244 1511 1297 corpora
1542 1228 1723 1281 nostri
1773 1244 1873 1295 ge-

243 1312 418 1377 neris,
449 1312 779 1382 ubicunque
812 1330 873 1367 sc
904 1316 1205 1369 commode
1237 1316 1504 1384 offerunt,
1538 1315 1719 1369 solere
1771 1332 1866 1369 co-

242 1401 516 1453 medere?
544 1402 626 1454 Ad
661 1402 766 1454 hoc
812 1418 1020 1457 corvus
1073 1420 1085 1455 :
1137 1404 1213 1457 Te
1262 1405 1443 1467 decet,
1493 1403 1590 1470 ait,
1642 1420 1709 1457 ea
1758 1420 1872 1473 qua

241 1489 397 1542 vales
428 1489 785 1559 perspicacia
838 1489 1165 1546 discernere
1212 1493 1464 1546 rationes
1513 1492 1753 1546 timendi
1806 1510 1871 1548 ac

242 1578 513 1645 sperandi
563 1595 595 1631 a
646 1594 758 1631 me.
806 1582 982 1633 Porro
1014 1596 1189 1649 quam
1226 1581 1306 1634 bis
1340 1581 1395 1634 in
1430 1581 1536 1635 hac
1566 1596 1742 1635 causa
1770 1598 1868 1651 po-

242 1666 417 1720 tiores
448 1666 584 1734 sint,
633 1666 923 1737 intelliges
967 1684 1100 1721 cum
1154 1670 1534 1739 reputaveris,
1583 1670 1866 1723 securita-

242 1761 353 1807 tem
387 1759 548 1808 tuam
581 1771 711 1808 cum
747 1772 875 1809 mea
907 1757 1203 1825 praestanti
1254 1756 1501 1811 utilitate
1550 1773 1678 1811 esse
1730 1773 1867 1811 con-

233 1842 510 1911 junctam.
547 1843 699 1897 Licet
730 1842 919 1897 adhuc
951 1844 1051 1897 tibi
1082 1861 1193 1898 non
1234 1849 1469 1915 experto
1523 1845 1864 1915 probitatem
1899 1868 1943 1929 Β

240 1946 452 1997 meam,
485 1930 665 1984 vereri
698 1947 768 1985 ne
793 1932 851 1985 in
884 1931 1185 1985 occasione
1217 1936 1272 1986 te
1302 1933 1541 2002 vorandi
1577 1933 1716 1986 mihi
1751 1949 1865 1989 non

238 2022 579 2087 temperem.
614 2020 717 2072 Sed
752 2019 800 2072 si
852 2035 943 2072 me
992 2036 1105 2074 non
1157 2020 1402 2074 stultum
1452 2024 1639 2091 putas,
1692 2022 1866 2075 debes

238 2107 548 2172 conﬁdere,
579 2122 667 2160 me
698 2111 901 2161 contra
938 2107 1196 2162 rationes
1242 2108 1523 2177 preprias,
1557 2125 1688 2162 cum
1745 2125 1865 2162 ma-

236 2210 348 2263 gno
382 2210 508 2248 meo
544 2196 755 2248 damno
806 2212 920 2248 non
972 2196 1283 2250 facturum.
1334 2197 1521 2250 Facile
1579 2196 1718 2250 mihi
1780 2201 1868 2251 est

236 2283 371 2339 alibi
403 2281 653 2352 reperire
684 2283 836 2351 quod
871 2283 1107 2337 suavius
1140 2283 1314 2337 etiam
1348 2286 1649 2338 comedam
1687 2301 1863 2355 quam

234 2386 310 2444 te,
344 2380 596 2433 amicum
655 2379 733 2432 ita
792 2379 1043 2447 ﬁdelem,
1094 2381 1175 2434 ita
1232 2381 1610 2448 industrium,
1663 2383 1761 2452 qui
1814 2379 1866 2437 si

235 2468 467 2538 quando
496 2467 555 2521 in
589 2466 828 2537 laqueos
858 2467 1137 2532 incidam,
1170 2472 1226 2521 et
1256 2469 1443 2538 possit
1481 2474 1536 2523 et
1581 2470 1717 2523 velit
1766 2487 1865 2525 eos

235 2558 518 2626 frangere,
566 2572 856 2624 nusquam
913 2556 1228 2625 inveniam,
1274 2561 1327 2610 te
1375 2558 1617 2626 perdito.
1670 2558 1863 2613 Sentis

233 2647 485 2715 profecto
518 2660 691 2714 quam
726 2660 967 2698 securus
997 2660 1125 2697 esse
1157 2645 1368 2698 debeas
1403 2644 1639 2714 periculi
1672 2647 1863 2716 cujus-

232 2734 318 2787 vis
350 2733 739 2802 impendentis
772 2750 804 2785 a
836 2749 946 2799 me,
980 2732 1072 2785 cui
1105 2732 1258 2785 haud
1295 2733 1409 2786 fere
1443 2733 1637 2786 minus
1687 2751 1858 2803 quam

234 2823 347 2892 ipsi
380 2822 481 2874 tibi
514 2822 778 2889 exliediat
807 2820 1033 2874 salvum
1064 2824 1121 2873 te
1153 2836 1216 2874 ac
1251 2819 1473 2873 felicem
1506 2837 1678 2891 quam
1730 2823 1861 2876 diu-

233 2911 461 2965 tissime
504 2909 706 2963 vivere.
764 2908 923 2962 Mitte
971 2908 1151 2977 igitur
1198 2907 1557 2977 suspiciones
1606 2909 1769 2974 istas,
1804 2915 1862 2964 et

238 2998 379 3053 mihi
412 3000 562 3051 bona
596 2997 705 3050 ﬁde
736 2997 821 3050 fac
851 2996 1073 3066 copiam
1109 2995 1373 3049 amicitias
1399 3000 1527 3063 tuae,
1562 2997 1729 3065 cujus
1771 3015 1862 3053 me

234 3087 454 3141 dudum
487 3084 776 3155 cupiditas
827 3084 1084 3138 incessit.
1137 3083 1279 3136 Nolo
1328 3083 1481 3138 enim
1529 3085 1861 3142 existimare

229 3179 285 3228 te
336 3173 612 3227 hodierno
655 3174 763 3227 isto
796 3172 1189 3241 experimento
1220 3172 1394 3225 ofﬁcii
1426 3176 1538 3226 ate
1569 3172 1856 3227 columbis

225 3263 487 3325 exhibiti,
522 3261 769 3332 primam
804 3260 943 3313 mihi
978 3260 1207 3313 virtutis
1240 3265 1351 3313 tuae
1385 3260 1644 3314 notitiam
1693 3260 1853 3315 obla-

224 3358 340 3406 tam
377 3350 762 3421 :jampridem
795 3350 864 3402 de
900 3352 999 3401 tua
1038 3348 1399 3402 humanitate
1447 3364 1850 3417 cognoveram,

220 3450 394 3502 odore
426 3448 675 3516 quodam
709 3447 836 3515 ejus
867 3445 981 3498 late
1013 3461 1071 3498 se
1114 3444 1391 3497 fundente
1439 3444 1648 3514 suique
1700 3444 1847 3498 indi-

216 3536 373 3590 cium
406 3532 967 3605 spargente.Similis
999 3532 1147 3585 enim
1181 3531 1435 3585 cbaritas
1470 3532 1708 3585 moscho
1741 3538 1848 3599 est,

218 3623 465 3679 aromati
532 3622 881 3676 suavissime
940 3618 1242 3688 fragranti,
1302 3621 1472 3688 cujus
1525 3619 1657 3673 sinu
1718 3620 1853 3674 licet

217 3712 455 3775 conditi,
489 3727 629 3764 aura
678 3709 939 3778 quaedam
988 3706 1327 3761 illecebrosa
1352 3708 1675 3773 exspirans,
1710 3726 1850 3762 cun-

219 3804 344 3853 ctos
389 3803 444 3851 et
491 3797 667 3851 afﬁcit
716 3800 771 3849 et
804 3795 1009 3848 allicit.
1050 3795 1339 3850 Adversus
1365 3794 1486 3848 haec
1519 3812 1670 3861 mus,
1706 3813 1848 3850 non-

220 3890 357 3939 dum
395 3885 564 3957 plane
598 3900 935 3955 persuasus,
985 3885 1244 3953 excipere
1292 3883 1543 3952 perrexit
1588 3884 1641 3936 in
1694 3884 1847 3938 hunc

220 3978 460 4029 modum
497 3992 508 4027 :
542 3974 754 4042 Magna
781 3973 867 4026 vis
898 3976 985 4025 est
1015 3969 1296 4025 naturalis
1336 3970 1475 4035 odii,
1526 3972 1691 4040 cujus
1741 3972 1845 4025 du-

220 4063 430 4135 plicem
487 4062 652 4115 video
710 4060 962 4130 speciem
1016 4076 1028 4113 :
1080 4057 1354 4125 alteram;
1402 4074 1529 4127 quae
1586 4058 1846 4113 infensos

215 4150 458 4205 mmulos
486 4150 539 4203 in
575 4148 895 4203 certamina
917 4146 1447 4215 committit,qualis
1470 4144 1844 4216 elephantum

214 4243 271 4294 et
302 4240 533 4292 leonum
568 4236 873 4291 inimicitia
903 4241 1007 4300 est;
1039 4234 1281 4288 alteram
1315 4251 1439 4304 quae
1473 4234 1845 4303 przsvalentes

212 4344 346 4383 cum
379 4326 647 4391 inﬁrmis,
680 4325 919 4379 timidos
951 4340 1079 4377 cum
1112 4323 1428 4377 audacibus
1474 4339 1841 4391 comparans,

212 4418 497 4486 impetum
529 4431 595 4468 ac
625 4416 738 4468 vim
773 4429 980 4467 saevam
1017 4410 1352 4465 fortioribus
1382 4410 1841 4481 inspirat,imbe-

212 4504 361 4559 cillis
385 4503 527 4557 nihil
552 4500 1035 4572 sugeerensaliud
1052 4499 1163 4553 nisi
1182 4498 1547 4553 formidinem
1564 4516 1628 4553 ac
1643 4499 1839 4569 fugam

1984 605 2136 659 inter
2168 622 2271 658 nos
2303 606 2557 659 cbaritas
2591 604 3005 675 queatllontra
3036 620 3101 657 ea
3129 618 3336 655 corvus
3370 617 3383 655 :
3417 600 3614 665 Erras,

1983 693 2192 762 inquit,
2230 710 2328 763 per
2358 694 2598 748 nimiam
2640 693 3032 764 prudentiam,
3087 695 3142 745 et
3183 706 3329 743 vano
3377 688 3614 742 terreris

1983 784 2159 833 metu.
2192 782 2457 850 Spondeo
2489 786 2544 835 et
2574 786 2781 852 praesto
2810 780 2939 849 tibi,
2974 796 3086 834 non
3118 779 3289 832 modo
3321 777 3495 830 ﬁdam
3547 791 3613 829 ac

1982 868 2291 936 sinceram,
2342 871 2438 923 sed
2491 874 2851 923 constantem
2898 883 2961 921 ac
2995 881 3303 936 perennem
3336 878 3521 918 meam
3556 862 3614 915 in

1981 960 2035 1009 te
2078 955 2575 1023 benevolentiam;
2610 956 2701 1009 cui
2753 956 2801 1009 si
2851 954 3200 1024 respondere
3249 968 3363 1006 non
3412 966 3617 1021 grava-

1980 1043 2316 1110 beris,nihil
2349 1044 2616 1097 amicitiae
2648 1047 2855 1097 nostrae
2889 1042 3217 1111 deerit,quo
3250 1040 3450 1093 minus
3481 1055 3613 1092 cum

1979 1131 2299 1185 verissimis
2332 1132 2516 1200 possit
2543 1131 2785 1200 aequari.
2833 1130 2973 1184 Novi
3020 1146 3123 1199 ego
3169 1143 3398 1197 quoque
3446 1126 3612 1180 diffe-

1982 1219 2200 1272 rentias
2235 1218 2700 1273 familiaritatum
2734 1222 2790 1272 et
2820 1218 3105 1286 quasdam
3139 1231 3411 1269 vasorum
3463 1215 3612 1268 ﬁcti-

1978 1304 2122 1360 lium
2159 1305 2275 1360 scio
2307 1305 2555 1375 similes,
2587 1322 2713 1374 quae
2747 1321 2879 1359 cum
2909 1304 3020 1358 cito
3052 1320 3116 1358 ac
3142 1302 3309 1356 facile
3340 1302 3615 1372 frangun-

1983 1399 2095 1462 tur,
2129 1398 2254 1447 tum
2282 1394 2538 1464 reparari
2567 1409 2630 1446 ac
2660 1391 2867 1462 reﬁngi
2916 1408 3023 1462 Ope
3072 1408 3138 1446 ac
3183 1407 3347 1444 mora
3395 1394 3615 1457 queunt

1980 1482 2174 1547 nulla;
2211 1497 2408 1536 verum
2442 1480 2585 1534 alias
2617 1481 2990 1551 pretiosiores
3023 1480 3310 1550 quasdam
3345 1478 3612 1534 lancibus

1980 1574 2079 1622 aut
2110 1568 2334 1638 poculis
2363 1567 2557 1622 aureis
2588 1566 2875 1646 amicitias
2904 1566 3108 1619 merito
3140 1580 3430 1634 comparo,
3483 1580 3609 1633 qua)

1978 1656 2246 1711 videlicet
2288 1673 2401 1711 non
2454 1660 2689 1723 temere,
2744 1658 2845 1708 aut
2892 1670 3074 1724 prona
3120 1658 3256 1707 rotas
3307 1652 3608 1721 vertigine,

1979 1745 2175 1798 statim
2200 1748 2354 1814 nata,
2370 1744 2469 1799 sed
2502 1748 2675 1798 cauta
2706 1743 3006 1796 fornacum
3038 1738 3432 1812 exploratione
3462 1738 3608 1793 mal-

1980 1832 2320 1904 leorumque
2377 1832 2583 1886 artiﬁci
2642 1830 2912 1885 tunsione
2967 1829 3189 1899 liquata
3247 1829 3608 1897 formataque

1978 1922 2216 1975 materia
2251 1921 2565 1987 elaborata,
2602 1927 2720 1973 tum
2752 1917 3117 1973 constantius
3148 1918 3379 1983 durant;
3401 1920 3524 1969 tum
3556 1917 3604 1970 si

1976 2010 2113 2080 quid
2148 2008 2474 2063 detrimenti
2507 2008 2676 2078 lapsu
2709 2011 2811 2061 aut
2842 2006 3080 2060 incursu
3113 2005 3461 2076 acceperint,
3488 2021 3602 2058 non

1974 2097 2287 2151 difﬁculter
2319 2100 2724 2151 restaurantur
2754 2099 3232 2164 reponunturque
3279 2093 3338 2147 in
3386 2098 3604 2148 statum

1976 2185 2309 2256 pristinum.
2342 2185 2499 2239 Talis
2555 2184 2683 2251 erit,
2734 2200 2806 2236 ne
2861 2182 3118 2249 dubites,
3169 2197 3333 2235 amor
3386 2186 3602 2246 noster,

1975 2291 2085 2327 non
2122 2272 2378 2337 fortuito,
2412 2272 2511 2326 sed
2567 2287 2634 2326 ex
2682 2274 2837 2325 certa
2882 2275 2939 2324 et
2987 2274 3215 2324 matura
3262 2269 3604 2323 meritorum

1974 2366 2147 2431 atque
2206 2360 2528 2415 utilitatum
2588 2367 2927 2413 mutuarum
2983 2358 3368 2413 aestimatione
3418 2363 3603 2423 ortus,

1974 2448 2201 2519 qualem
2227 2448 2383 2503 nulla
2404 2448 2663 2519 unquam
2686 2447 3087 2518 longinquitas
3103 2445 3606 2517 temporis,nullus

1973 2554 2145 2592 casus
2174 2541 2276 2591 aut
2300 2553 2460 2592 error
2488 2534 2941 2590 labefactaverit.

2044 2659 2430 2715 V.Emollilus
2460 2664 2577 2713 tam
2610 2657 2851 2714 instanti
2885 2658 3145 2713 oratione
3177 2657 3600 2728 mus,Accipio,

1970 2750 2184 2820 inquit,
2214 2765 2390 2817 quam
2419 2746 2592 2802 offers
2619 2747 2961 2812 amicitiam,
2989 2762 3094 2801 nec
3124 2752 3179 2800 te
3228 2746 3482 2817 primum
3534 2764 3602 2801 ex

1970 2836 2242 2890 omnibus
2273 2835 2371 2906 qui
2398 2851 2486 2890 me
2516 2835 2734 2905 aliquid
2768 2839 3069 2904 rogarunt,
3094 2834 3275 2905 aptati
3309 2840 3601 2905 expertem

1970 2924 2282 2979 dimittam.
2319 2924 2441 2980 Non
2474 2928 2669 2978 tamen
2698 2923 2941 2995 paenitet
2986 2922 3271 2993 allegasse
3319 2939 3447 2993 quae
3493 2941 3597 2977 au-

1970 3013 2131 3079 disti,
2166 3012 2515 3083 pertinentia
2563 3012 2749 3082 magis
2800 3012 2870 3065 ad
2921 3011 3353 3065 excusationem
3405 3028 3595 3067 meam

1970 3117 2144 3172 quam
2203 3101 2272 3155 ad
2336 3099 2841 3171 prtsmunitionem
2900 3103 3085 3153 tuam.
3118 3098 3286 3153 Volui
3316 3104 3433 3153 tam
3467 3100 3595 3155 fusa

1889 3220 1929 3283 ο
1969 3188 2357 3243 declaratione
2388 3202 2650 3241 meorum
2682 3202 2963 3241 sensuum
2996 3186 3303 3255 praeripere
3332 3187 3433 3241 tibi
3468 3204 3599 3241 om-

1968 3293 2098 3331 nem
2129 3293 2333 3331 ansam
2363 3273 2685 3329 insultandi
2718 3290 2976 3345 unquam
3026 3273 3386 3346 simplicitati
3435 3292 3595 3341 meae,

1963 3365 2011 3418 si
2042 3365 2297 3434 quando,
2331 3363 2486 3432 quod
2538 3362 2725 3417 absitl
2780 3363 3145 3433 contingeret
3187 3362 3411 3418 resilire
3458 3368 3515 3417 te
3564 3381 3597 3417 a

1963 3452 2298 3523 pactis.Non
2332 3452 2487 3506 enim
2518 3455 2659 3505 tunc
2688 3450 2969 3521 gratulari
3002 3458 3190 3505 tecum
3233 3467 3455 3521 posses,
3506 3452 3594 3505 fu-

1961 3557 2094 3594 cum
2125 3545 2180 3593 te
2208 3539 2413 3595 fecisse
2438 3538 2555 3593 tuis
2586 3538 2890 3593 fraudibus
2921 3555 3116 3593 crasso
3149 3538 3381 3593 cuidam
3404 3543 3460 3593 et
3482 3540 3593 3594 im—

1959 3626 2218 3697 provido,
2252 3642 2503 3696 eumque
2528 3642 2677 3680 vana
2727 3626 3112 3680 ostentatione
3164 3626 3589 3696 promissorum

1959 3716 2137 3770 stulte
2185 3714 2487 3769 credulum
2543 3714 2847 3769 induxisse
2896 3715 2965 3767 ad
3019 3714 3228 3778 foedus,
3274 3715 3401 3783 ejus
3449 3715 3587 3769 olim

1960 3803 2212 3873 pernicie
2241 3802 2855 3857 sanciendum.Testor
2876 3803 2995 3871 jam
3028 3818 3181 3856 nunc
3210 3806 3264 3856 te
3297 3803 3487 3872 ipsum
3515 3820 3585 3857 an

1956 3890 2369 3962 praeviderim?
2394 3907 2465 3943 an
2502 3907 2616 3944 non
2668 3891 3158 3959 praemonuerim?
3206 3892 3444 3945 Duritiei
3496 3909 3585 3945 me

1957 3996 2157 4049 posses
2188 3994 2461 4033 accusare
2493 3978 2541 4031 si
2571 3994 2684 4032 non
2731 3991 3073 4045 annuerem,
3122 3979 3287 4031 fatua:
3333 3979 3583 4033 creduli-

1954 4067 2090 4121 tatis
2122 4070 2177 4119 et
2206 4065 2613 4136 imprudentiae
2640 4066 2920 4120 damnare
2952 4082 3023 4119 ne
3062 4072 3121 4120 tu
3174 4066 3411 4137 quidem
3464 4066 3586 4136 ipse

1957 4171 2178 4226 posses,
2211 4154 2443 4224 quando
2475 4153 2650 4224 (quod
2685 4169 2797 4206 non
2832 4152 3084 4207 arbitror
3116 4154 3252 4222 fore,
3279 4170 3384 4209 nec
3433 4154 3585 4208 Deus
3657 4157 3667 4167 '

1954 4243 2171 4313 siverit)
2198 4242 2358 4296 abuti
2391 4241 2529 4295 olim
2571 4240 2747 4295 velles
2794 4240 3065 4295 amicitiae
3115 4241 3326 4295 ﬁducia
3375 4243 3444 4295 ad
3499 4259 3586 4296 me

1952 4332 2253 4385 incautum
2285 4330 2756 4400 opprimendum.
2788 4330 2891 4383 His
2920 4329 3110 4397 dictis,
3142 4331 3208 4381 ad
3244 4345 3307 4385 os
3339 4330 3459 4383 cavi
3492 4331 3582 4383 sui

1954 4437 2084 4473 mus
2113 4418 2440 4480 accessit,et
2466 4424 2641 4486 caput
2667 4418 2948 4471 duntaxat
2977 4418 3131 4471 foras
3157 4417 3413 4487 protulit.
3434 4418 3579 4471 Tum

1951 4524 2175 4574 corvus,
2210 4505 2485 4576 lnjariam
2519 4505 2662 4559 mihi
2696 4505 2860 4570 facis,
2895 4504 2993 4571 ait,
3040 4505 3135 4573 qui
3184 4506 3444 4559 nondum
3494 4506 3578 4558 vi-

211 4592 520 4663 trepidam.
556 4591 716 4645 Talis
766 4590 947 4644 nostri
994 4587 1248 4642 murium
1297 4587 1527 4657 generis
1577 4603 1707 4640 cum
1760 4589 1836 4641 fe-
1874 4568 1915 4629 D
1948 4597 2117 4649 deum
2148 4600 2367 4649 metum
2399 4594 2510 4647 mei
2543 4595 2849 4663 deponere.
2884 4593 3030 4654 Quin
3068 4599 3125 4645 tu
3157 4597 3315 4646 totus
3365 4593 3431 4645 ad
3487 4609 3577 4646 me

212 4682 369 4736 libus
402 4680 673 4735 simultas
705 4683 851 4745 est,a
884 4695 998 4747 qua
1029 4693 1141 4730 non
1177 4676 1424 4729 multum
1450 4674 1641 4728 differt
1661 4680 1844 4729 vestra

213 4787 443 4839 quoque
467 4770 894 4823 carnivcrarum
921 4770 975 4820 et
995 4764 1291 4835 rapacium
1318 4762 1611 4815 volucrum
1647 4763 1701 4815 in
1739 4780 1843 4816 nos

214 4857 507 4924 violentia,
541 4873 665 4924 quae
696 4872 827 4909 cum
862 4858 1133 4907 naturam
1169 4852 1373 4905 habeat
1404 4854 1719 4914 auctorem,
1750 4851 1843 4903 vix

215 4953 335 5007 ulla
367 4969 624 5021 unquam
660 4950 901 5003 rationis
934 4947 1328 5002 moderatione
1362 4944 1841 5015 mitigatur;ejus-

212 5042 343 5094 dem
379 5041 591 5109 quippe
624 5036 975 5090 conditionis
1005 5040 1093 5088 est
1123 5051 1254 5087 eum
1288 5033 1547 5087 dissidiis
1585 5033 1841 5087 clemen-

208 5135 401 5182 torum
462 5142 698 5196 prorsus
759 5120 1227 5192 implacabilibus
1274 5124 1329 5173 et
1357 5120 1841 5188 desperatissimze

207 5214 660 5286 paciﬁcationis;
696 5210 928 5281 quando
955 5209 1108 5262 enim
1161 5212 1527 5279 exspectetur
1575 5212 1637 5262 ut
1679 5224 1840 5277 aquae

206 5306 360 5358 bona
392 5304 501 5356 ﬁde
532 5317 662 5354 cum
698 5300 831 5369 igne
862 5295 1210 5351 conveniat?
1239 5296 1439 5349 Caleﬁl
1471 5295 1704 5365 quidem
1739 5311 1841 5366 ge-

208 5393 366 5445 lidus
399 5391 591 5457 liquor
623 5389 867 5440 flamma)
897 5385 948 5438 vi
982 5385 1245 5449 admotae,
1280 5382 1600 5453 ebullitque
1639 5400 1703 5437 ac
1754 5384 1839 5436 fuv

214 5484 354 5544 mat,
388 5479 485 5532 sed
522 5482 906 5547 praeterquam
948 5473 1058 5526 sibi
1110 5473 1365 5539 relictus,
1419 5474 1674 5525 nativum
1727 5472 1841 5526 cito

206 5572 398 5641 frigus
421 5566 775 5635 recipit,tum
800 5562 972 5616 etiam
998 5578 1130 5615 cum
1155 5565 1331 5615 lervet
1355 5561 1621 5624 maxime,
1645 5560 1838 5631 ignem

212 5662 271 5715 in
298 5674 469 5729 quem
498 5651 767 5708 inciderit
796 5649 1417 5721 exslinguit.Quocirca
1448 5665 1644 5704 vereor
1673 5650 1838 5720 equi-

1952 4684 2191 4754 prodis?
2222 4687 2318 4737 aut
2351 4682 2488 4752 quid
2521 4683 2692 4735 times
2724 4684 2854 4751 post
2877 4685 2996 4734 tam
3040 4681 3295 4735 sinceras
3345 4698 3578 4750 expres-

1951 4771 2145 4826 siones
2178 4788 2316 4825 meaa
2346 4769 2452 4824 tibi
2482 4769 2724 4823 addicta;
2745 4768 3175 4823 voluntatis?Ad
3197 4784 3266 4823 ea
3296 4786 3425 4822 mus
3458 4769 3575 4823 haec

1951 4858 2210 4929 reposuit
2243 4875 2255 4911 :
2289 4857 2568 4911 Amicitiae
2598 4855 2812 4926 duplex
2842 4872 3023 4925 genus
3056 4856 3112 4909 in
3144 4856 3257 4909 vita
3287 4860 3407 4924 est;
3440 4875 3572 4912 nam

1952 4946 2046 5000 alii
2078 4945 2283 4999 affectu
2317 4944 2521 4997 intimo
2554 4944 2735 4997 animi
2764 4956 2827 4997 se
2853 4942 3096 4997 invicem
3148 4943 3399 5014 amplexi
3444 4961 3574 4998 vere

1951 5037 2290 5101 amant,non
2320 5032 2496 5086 alium
2525 5036 2834 5102 sequentes
2867 5031 3083 5086 amoris
3112 5032 3362 5085 fructum
3397 5048 3573 5102 quam

1950 5120 2134 5191 ipsam
2169 5121 2378 5191 dignos
2404 5120 2640 5174 amandi
2679 5120 3078 5186 honestatem;
3128 5120 3374 5174 aliorum
3418 5137 3578 5189 quae-

1950 5209 2170 5263 stuosis
2217 5208 2517 5278 implicata
2565 5207 2887 5261 rationibus
2930 5210 2985 5261 et
3033 5208 3272 5261 minime
3324 5209 3580 5278 gratuita

1949 5297 2179 5351 dilectio
2246 5302 2352 5360 est,
2386 5296 2774 5366 spectantium
2834 5312 2949 5349 non
3010 5312 3287 5366 personas
3344 5296 3578 5350 dotesve

1950 5384 2233 5439 amabiles
2278 5383 2643 5449 dilectarum,
2694 5384 2793 5438 sed
2843 5400 2981 5453 opes
3026 5384 3289 5451 vicesque
3340 5386 3573 5438 mutuas

1949 5476 2314 5542 speratorum
2341 5487 2409 5525 ex
2439 5470 2582 5540 ipsis
2625 5470 2947 5524 ofﬁciorum
2997 5470 3065 5523 ad
3118 5470 3242 5522 vitae
3292 5472 3572 5537 opportu-

1950 5562 2160 5616 nitates
2191 5561 2445 5615 utilium.
2475 5559 2588 5613 Hos
2618 5576 2721 5629 ego
2753 5575 3089 5629 comparare
3127 5558 3333 5612 vestris
3382 5558 3569 5611 hosti-

1946 5652 2058 5705 bus
2088 5650 2414 5719 ancupibus
2444 5648 2623 5713 soleo,
2657 5649 2796 5701 dum
2829 5663 3009 5717 grana
3038 5650 3340 5716 spargunt,
3373 5662 3566 5701 escam
