4060 6304
278 379 410 432 1301

1288 379 1643 432 SPECIMEN
1681 380 2075 433 SAPIBNTIE
2114 381 2447 435 lNDORUM
2490 383 2647 433 VET.

3526 374 3665 425 1302

283 518 417 556 cum
453 517 626 556 uxore
655 500 1006 555 fabulantem
1032 500 1340 555 audiebam
1362 500 1419 554 in
1455 500 1608 553 hunc
1638 500 1911 555 modum:
1946 508 1992 569 Α
2030 503 2458 572 frugem,antea
2481 506 2771 558 mundata:
2795 502 3255 570 admiscuit,haec
3279 515 3477 555 secum
3503 514 3661 551 mus-

282 588 423 644 Volo
481 590 626 643 istos
684 606 831 658 quos
890 594 1038 642 tecto
1097 589 1452 659 excepimus,
1515 589 1811 653 honestos,
1861 600 1924 642 ut

284 682 546 747 apparet,
592 677 744 731 viros
778 676 1035 731 convivio
1094 676 1269 731 etiam
1320 675 1596 729 adhibere
1645 692 1806 743 cras;
1841 677 1922 730 sic

280 767 434 820 enim
496 765 798 819 urbanitas
859 769 916 818 et
968 764 1225 818 ofﬁcium
1285 763 1523 834 hospitii
1580 764 1920 833 praescribit.

288 862 459 914 Recte
515 860 753 925 cogitas,
815 861 893 913 mi
953 860 1059 923 vir,
1094 877 1238 913 uxor
1289 860 1389 925 ait,
1425 861 1592 913 modo
1643 860 1719 912 sit
1769 862 1923 913 unde

286 965 551 1002 mensam
612 948 998 1013 instruamus,
1032 966 1137 1002 nos
1168 948 1320 1002 enim
1367 948 1427 1000 in
1481 948 1656 1015 diem,
1692 951 1754 1000 ut
1783 948 1918 1013 scis,

281 1038 569 1104 vivimus;
603 1042 660 1091 et
690 1054 814 1107 quae
848 1041 966 1104 tua,
1002 1053 1071 1090 ne
1103 1036 1419 1106 quidquam
1466 1040 1585 1090 tam
1631 1051 1781 1105 saepe
1814 1038 1919 1090 im-

286 1125 530 1194 probata
565 1124 729 1190 mihi,
764 1124 1221 1179 dissolutissima
1248 1126 1378 1178 vitae
1413 1124 1556 1179 ratio
1582 1129 1689 1191 est,
1713 1128 1921 1179 cuncta

284 1211 365 1263 ita
396 1211 801 1265 consumimus
854 1213 1057 1282 quovis
1097 1228 1331 1282 vespere
1364 1217 1426 1265 ut
1452 1212 1595 1264 nihil
1628 1212 1683 1265 in
1719 1213 1920 1265 crasti-

287 1316 422 1353 num
454 1299 530 1353 sit
581 1299 809 1369 reliqui.
860 1301 965 1353 (lui
1018 1302 1120 1367 vir,
1181 1302 1355 1365 Tace,
1388 1301 1600 1371 inquit,
1634 1316 1763 1355 cum
1801 1300 1919 1353 tuis

284 1389 413 1441 istis
446 1388 731 1457 angustiis
763 1388 983 1450 animi;
1017 1389 1271 1443 crastina
1300 1388 1422 1442 dies
1456 1390 1778 1459 providebit
1806 1386 1917 1458 ipsi

289 1477 399 1531 sibi
433 1493 535 1531 nec
568 1479 637 1531 ab
671 1477 949 1532 hodierna
996 1480 1263 1548 degener,
1312 1484 1585 1548 suggeret
1616 1480 1741 1548 ipsa
1772 1496 1919 1548 quo-

288 1582 400 1635 que
431 1566 611 1635 hujus
635 1566 897 1637 exemplo
949 1568 1101 1636 quod
1136 1567 1382 1620 edamus
1414 1572 1471 1620 et
1501 1565 1706 1620 amicis
1738 1583 1919 1637 appo-

286 1669 518 1707 namus.
556 1655 725 1709 Porro
784 1653 879 1708 isti
936 1670 1182 1722 quorum
1243 1656 1302 1707 in
1363 1670 1670 1708 numerum
1706 1655 1917 1709 frustra

290 1757 377 1795 me
408 1741 641 1810 invitas,
676 1742 829 1796 avari
863 1742 1245 1813 respositores
1276 1742 1666 1809 afﬂuentiam,
1701 1742 1799 1813 qui
1836 1744 1921 1797 fa—

286 1844 437 1883 mem
472 1829 811 1884 hodiernam
844 1846 945 1900 pro
977 1830 1232 1884 crastina
1262 1830 1474 1901 pacisci
1506 1829 1673 1900 copia
1701 1831 1913 1895 solent,
1948 1844 1992 1907 Β

288 1918 437 1970 male
470 1918 742 1987 peribunt
772 1922 828 1972 et
856 1919 1149 1973 venatoris
1179 1922 1233 1971 et
1266 1917 1385 1989 lupi
1416 1918 1677 1988 exemplo
1702 1918 1915 1987 quibus

279 2020 453 2074 quam
507 2005 656 2059 male
707 2023 813 2060 sua
873 2007 1233 2076 providentia
1290 2008 1640 2062 successerit
1668 2006 1916 2060 breviter

276 2093 491 2162 accipe.
529 2095 873 2163 Progressus
913 2096 983 2149 ad
1044 2096 1374 2149 venandum
1431 2098 1520 2149 vir
1573 2111 1704 2149 cum
1750 2112 1910 2163 arcu,

278 2198 675 2247 occurrentem
710 2209 977 2263 capream
1037 2195 1250 2265 sagitta
1306 2196 1512 2248 stravit
1569 2211 1813 2265 eamque
1854 2196 1910 2248 in

274 2278 553 2334 humeros
587 2281 919 2351 impositam
950 2283 1189 2337 domum
1224 2283 1494 2353 pertulit;
1531 2299 1636 2336 nec
1687 2282 1908 2353 epulari

270 2382 299 2419 e
334 2372 494 2421 tanta
531 2369 724 2438 praeda
756 2370 1057 2433 sustinuit,
1090 2371 1187 2423 sed
1233 2370 1467 2424 inhians
1500 2371 1726 2440 majori,
1753 2372 1909 2441 jeju-

271 2471 382 2508 nus
415 2456 622 2509 iterum
651 2457 783 2509 exit.
822 2458 961 2511 Ecce
1021 2474 1133 2511 non
1188 2457 1380 2512 minus
1428 2460 1647 2512 favente
1682 2460 1911 2514 fortuna

270 2544 469 2611 procul
521 2561 728 2614 aprum
781 2546 1173 2614 conspicatur,
1207 2550 1262 2599 et
1295 2546 1419 2617 ﬁgit
1466 2547 1703 2616 explosa
1737 2564 1908 2602 nervo

273 2633 533 2703 tragula;
597 2639 654 2687 at
715 2636 894 2687 ferum
959 2651 1316 2705 prmpropere
1373 2642 1672 2690 mortuum
1726 2643 1907 2706 ratus,

275 2721 411 2774 dum
444 2721 652 2790 cupide
682 2720 805 2775 vult
835 2722 1035 2775 tollere
1076 2723 1307 2791 spirans
1358 2723 1451 2777 ille
1502 2724 1690 2778 adhuc
1721 2730 1776 2777 et
1808 2726 1906 2777 do-

274 2806 393 2861 lore
423 2809 676 2862 vulneris
710 2809 1008 2879 irritatior,
1043 2827 1191 2864 saevo
1224 2812 1395 2865 dente
1428 2811 1721 2865 hominem
1760 2813 1903 2866 Iace-

271 2903 356 2948 rat
390 2913 401 2949 :
433 2900 555 2950 tum
590 2898 782 2964 ambo,
815 2898 867 2951 vi
900 2899 1123 2952 cruoris
1154 2898 1372 2953 amissa
1405 2900 1677 2966 maxima,
1704 2901 1901 2954 eodem

268 2984 325 3037 in
360 2984 482 3038 loco
517 2987 858 3040 moriuntur.
903 2988 1245 3057 Supervenit
1275 3004 1387 3040 non
1420 2987 1501 3041 ita
1533 2987 1715 3042 multo
1750 2994 1899 3058 post,

264 3074 513 3143 praedam
532 3074 1117 3145 qurerenslupusﬂui
1137 3073 1275 3130 visis
1294 3075 1896 3145 corporibusduohus,

266 3166 323 3215 et
349 3177 478 3215 arcu
514 3163 801 3217 venatoris
834 3179 947 3218 non
984 3163 1180 3233 procul
1206 3163 1460 3232 jacente,
1503 3179 1763 3234 corpora,
1797 3164 1895 3219 in-

269 3249 395 3318 quit
426 3265 647 3315 secum,
682 3250 801 3306 hac
832 3251 946 3306 duo
995 3267 1123 3304 cras
1152 3256 1209 3305 et
1251 3251 1458 3305 diebus
1516 3252 1898 3321 sequentibus

266 3337 599 3391 comedam:
625 3338 965 3393 hodiernam
982 3338 1190 3393 famem
1209 3338 1435 3409 placare
1450 3338 1590 3393 satis
1605 3340 1712 3393 erit
1728 3356 1899 3394 nervo

264 3440 433 3478 arcus
455 3441 631 3494 quem
681 3425 761 3479 ibi
814 3428 1103 3495 abjectum
1142 3442 1331 3481 cerno.
1370 3426 1467 3479 His
1499 3426 1670 3481 dictis
1702 3428 1768 3480 ad
1806 3445 1895 3482 ar-

263 3529 394 3566 cum
446 3513 687 3580 accedit,
720 3519 777 3569 et
830 3531 1029 3568 vorare
1076 3514 1353 3569 chordam
1382 3514 1734 3583 aggreditur.
1768 3520 1898 3570 Erat

262 3607 455 3657 autem
490 3603 779 3658 intentum
804 3605 860 3658 in
880 3621 946 3659 ea
968 3609 1025 3659 et
1048 3603 1387 3673 jaculationi
1405 3609 1669 3674 paratum
1701 3604 1893 3663 telum.

262 3714 374 3768 quo
431 3700 498 3753 ad
562 3700 814 3770 primum
875 3700 997 3770 lupi
1054 3705 1335 3756 attactum
1404 3701 1658 3771 exploso,
1722 3703 1898 3758 miser

263 3788 436 3841 corde
464 3789 924 3842 transverberato
954 3788 1153 3843 statim
1197 3788 1371 3856 lupus
1402 3788 1641 3841 interiit.
1676 3789 1896 3846 Similis

262 3894 467 3932 avaros
500 3895 668 3947 paena
701 3883 913 3941 manet,
972 3894 1037 3931 ac
1094 3877 1358 3932 videlicet
1404 3881 1460 3930 te
1504 3894 1752 3947 quoque,
1782 3881 1892 3934 nisi

262 3965 484 4020 desinis
513 3966 583 4019 de
612 3965 867 4020 crastino
901 3982 1029 4020 esse
1060 3964 1326 4020 sollicita.
1368 3964 1606 4020 Talibus
1636 3967 1721 4021 vel
1765 3985 1895 4036 pcr-

261 4071 459 4122 suasa,
490 4054 575 4108 vel
611 4071 948 4123 persuasam
1008 4070 1068 4108 se
1127 4053 1337 4108 mulier
1377 4054 1684 4119 simulans,
1716 4057 1890 4124 Bene,

257 4142 462 4211 inquit,
496 4142 706 4198 habet:
732 4142 850 4197 scio
882 4142 977 4196 ubi
1012 4142 1087 4197 sit
1115 4159 1289 4211 oryza
1346 4146 1401 4195 et
1449 4157 1741 4197 sesamum
1781 4161 1793 4199 :
1828 4162 1893 4199 ea

258 4248 386 4285 cras
430 4232 775 4301 tempestive
832 4247 1078 4300 ecquam
1109 4234 1164 4283 et
1199 4230 1507 4296 condiam;
1563 4247 1703 4286 voca
1762 4231 1892 4287 licet

260 4337 407 4391 quos
438 4319 612 4387 voles,
669 4319 952 4373 Postridie
1011 4334 1179 4373 mane
1229 4319 1345 4373 vidi
1392 4319 1891 4376 matremfamilias

262 4413 474 4463 certam
511 4408 724 4461 sesami
758 4423 1114 4473 mensuram,
1161 4411 1379 4476 quanta
1426 4406 1679 4462 convivis
1710 4425 1742 4461 a
1774 4409 1891 4465 viro

262 4497 532 4552 vocandis
557 4496 868 4559 sufﬁceret,
912 4512 1065 4565 aqua
1113 4494 1322 4559 lavare,
1376 4511 1623 4564 moxque
1674 4511 1887 4567 purga-

258 4592 376 4642 tam
409 4587 735 4656 expandere
765 4586 835 4640 ad
861 4584 1064 4650 solem,
1090 4589 1214 4639 tum
1246 4585 1315 4638 ad
1337 4584 1451 4639 alia
1484 4601 1545 4638 se
1577 4586 1884 4641 ministerii

253 4674 559 4731 domestici
594 4691 768 4745 opera
790 4677 1033 4729 vertere.
1066 4674 1460 4742 Occupaverat
1482 4677 1675 4726 autem
1699 4673 1886 4748 pridie

255 4767 597 4819 demensum
647 4762 863 4818 sesami
904 4762 1025 4817 viro
1057 4765 1114 4815 et
1152 4761 1263 4816 sibi
1295 4761 1674 4815 suffecturum
1708 4761 1765 4814 in
1799 4776 1885 4815 se-

255 4860 526 4923 quentem
587 4854 739 4908 diem
792 4868 1058 4923 purgare,
1117 4857 1173 4906 et
1230 4851 1454 4905 lautum
1486 4850 1883 4921 siccatumque

259 4953 617 5018 reposuerat,
652 4948 744 5002 cui
787 4952 1067 5015 quantum
1092 4945 1459 5016 absumpturi
1494 4950 1656 4999 erant
1685 4946 1881 5015 hospi-

256 5042 342 5090 tes
374 5052 529 5089 nunc
560 5035 951 5103 superaddere
981 5038 1239 5104 parabat.
1294 5033 1398 5086 Sed
1431 5048 1602 5086 casus
1630 5032 1879 5086 interve-

256 5128 341 5180 nit
374 5142 514 5180 sane
550 5125 956 5179 incommodus
990 5140 1002 5177 :
1039 5139 1173 5176 nam
1209 5121 1369 5175 canis
1422 5123 1750 5191 praeteriens
1784 5138 1879 5175 ex-

254 5230 505 5285 pansum
538 5214 607 5266 ad
641 5212 821 5266 solem
848 5227 1121 5265 sesanum
1154 5210 1512 5265 comminxit.
1546 5212 1667 5273 Quo
1701 5210 1885 5263 anim-

250 5304 489 5356 adverso
533 5301 767 5366 femina,
831 5299 1117 5370 pollutum
1180 5300 1347 5352 urina
1404 5300 1597 5352 cibum
1656 5300 1879 5352 abomi-

249 5408 414 5457 nans,
449 5389 676 5460 abjecit.
716 5388 948 5443 Excludi
995 5391 1187 5441 autem
1221 5404 1280 5441 se
1316 5393 1571 5457 tempore
1602 5387 1879 5456 sentiens,

252 5497 324 5536 ne
347 5479 503 5533 aliud
538 5495 809 5533 sesanum
840 5476 1099 5531 ablueret
1129 5478 1279 5545 quod
1314 5477 1635 5546 quantitate
1686 5492 1878 5530 neces-

254 5570 408 5626 saria
427 5568 609 5638 pridie
634 5572 829 5637 parato
853 5567 1214 5635 adiungeret,
1239 5569 1291 5617 et
1317 5565 1457 5617 cista
1483 5566 1877 5635 depromptam

254 5674 589 5715 mensuram
621 5658 746 5726 ejus
769 5656 941 5725 priori
969 5669 1185 5724 parem,
1219 5654 1607 5719 immundam,
1642 5658 1705 5707 ut
1737 5658 1877 5722 erat,

2029 591 2234 659 sitaus,
2260 592 2341 644 En
2372 609 2546 661 quam
2590 592 2877 662 expediat,
2903 590 3188 660 quidquid
3221 591 3305 642 vir
3327 604 3491 643 meus
3515 603 3657 639 con-

2027 682 2115 731 tra
2144 680 2418 749 disputet,
2455 680 2768 750 repositum
2816 695 3043 734 scrvare
3071 677 3287 746 aliquid
3338 677 3395 731 iu
3447 674 3659 728 crasti-

2029 786 2166 822 num
2196 787 2206 823 :
2239 786 2443 839 nempe
2476 770 2585 824 nisi
2621 769 2768 824 clam
2802 769 2922 836 illo,
2958 774 3021 821 ut
3061 767 3237 832 soleo,
3272 765 3651 834 providissent

2026 862 2247 924 partem
2296 856 2552 925 aliquam
2614 856 2826 910 sesami
2893 855 3145 925 purgati,
3200 852 3339 907 nihil
3391 853 3664 906 haberem

2026 946 2178 1013 quod
2211 944 2471 998 venturis
2504 946 2573 999 ad
2620 945 2953 998 condictum
2988 942 3240 996 convivis
3274 942 3445 994 hodie
3477 956 3656 1009 appo-

2027 1050 2218 1088 nerem
2262 1050 2418 1087 nunc
2477 1050 2605 1086 cum
2666 1033 2868 1086 saltem
2904 1049 3035 1101 pars
3069 1032 3138 1086 ad
3176 1046 3412 1083 manum
3463 1028 3663 1096 aliqua

2026 1123 2103 1177 sit
2134 1123 2346 1175 sesami
2382 1122 2664 1189 mundati,
2701 1121 2922 1174 minore
2950 1120 3318 1173 incommodo
3340 1118 3390 1171 ei
3422 1118 3661 1185 adjungi

2027 1229 2160 1282 pars
2192 1212 2301 1264 alia
2335 1228 2443 1265 non
2482 1216 2724 1281 purgata
2759 1211 3003 1281 poterit;
3040 1209 3245 1263 modus
3277 1212 3366 1261 est
3394 1205 3661 1259 videlicet

2024 1302 2083 1354 in
2119 1302 2310 1366 rebus,
2345 1305 2401 1353 et
2431 1300 2614 1353 nimia
2643 1304 2699 1353 et
2733 1300 2889 1352 nulla
2943 1297 3306 1367 providentia
3357 1295 3573 1365 pariter
3600 1294 3656 1346 in

2024 1390 2160 1444 vitio
2193 1394 2349 1444 sunt.
2383 1392 2516 1453 Qum
2551 1389 2649 1441 illa
2693 1390 2832 1441 dum
2882 1394 2938 1441 et
2969 1392 3163 1455 ageret
3211 1391 3266 1439 et
3316 1385 3533 1437 diceret
3566 1400 3659 1436 sa-

2026 1478 2249 1547 pienter
2281 1482 2335 1530 et
2366 1481 2610 1541 morata,
2672 1478 2760 1529 vix
2820 1480 3013 1529 tamen
3046 1475 3245 1528 vitavit
3284 1472 3657 1527 temerarium

2016 1566 2307 1635 judicium
2341 1566 2672 1634 cujusdam,
2711 1564 2808 1633 qui
2866 1578 2993 1617 eam
3050 1563 3253 1615 videns
3282 1561 3467 1614 facere
3501 1562 3655 1630 quod

2023 1652 2162 1721 dixi,
2194 1654 2401 1720 Quam,
2436 1653 2652 1723 inquit,
2682 1667 2918 1705 causam
2949 1651 3123 1704 habet
3152 1650 3266 1704 ista
3300 1647 3508 1702 mulier
3531 1648 3653 1703 fru-

2021 1757 2123 1813 ges
2158 1742 2409 1795 mundas
2435 1742 2683 1810 impuris
2708 1739 3116 1794 admiscendi?

2096 1866 2190 1919 1X.
2230 1863 2327 1917 llis
2356 1864 2523 1918 dictis
2575 1864 2903 1917 solitarium
2954 1864 3166 1933 hospes
3217 1862 3470 1930 intuens,
3516 1862 3653 1929 lsta,

2024 1953 2237 2023 inquit,
2269 1952 2553 2021 exempla,
2598 1952 2644 2005 si
2697 1952 2884 2005 dicere
2937 1968 3029 2005 me
3061 1951 3227 2017 sinis,
3262 1950 3319 2005 in
3355 1956 3407 2004 te
3442 1951 3657 2021 pariter

2021 2049 2077 2098 et
2108 2044 2506 2097 subsessorem
2540 2048 2705 2096 tuum
2740 2058 2965 2096 murem
3000 2058 3304 2097 sensuram
3336 2042 3653 2109 intentant;

2021 2148 2154 2185 nam
2189 2148 2374 2200 neque
2405 2136 2465 2185 tu
2492 2130 2849 2201 quotidianis
2880 2130 3058 2199 hujus
3090 2131 3377 2184 vexareris
3400 2130 3652 2197 injuriis,

2020 2219 2131 2273 nisi
2171 2235 2604 2290 supervacanea
2656 2218 3019 2289 providentia
3067 2217 3282 2272 cibaria
3331 2218 3435 2271 tibi
3474 2217 3658 2272 multo

2018 2314 2151 2364 ante
2181 2327 2355 2379 quam
2407 2308 2662 2365 verearis
2710 2325 3040 2380 praeparans
3063 2308 3323 2379 Spatium
3360 2309 3518 2363 illius
3536 2326 3653 2362 ma-

2018 2398 2451 2451 chinationibus
2507 2398 2809 2468 praeberes.
2864 2398 2975 2451 Iste
3030 2415 3197 2468 porro
3256 2398 3378 2467 ipse
3428 2398 3521 2451 iur
3548 2400 3649 2451 do-

2018 2486 2298 2540 mesticus
2327 2487 2479 2539 haud
2511 2490 2879 2555 grassaretur
2918 2490 3037 2539 tam
3072 2485 3331 2549 licenter,
3367 2487 3475 2539 nisi
3512 2503 3649 2539 con-

2014 2578 2188 2644 gesta:
2249 2574 2533 2628 incubans
2561 2574 2665 2639 rei,
2699 2574 3062 2643 provisarum
3096 2574 3210 2627 sibi
3240 2591 3415 2641 opum
3486 2580 3540 2627 et
3591 2576 3648 2627 in

2013 2666 2138 2714 tuto
2174 2662 2495 2731 positarum
2531 2660 2888 2715 conscientia
2919 2661 3313 2715 insolescerct.
3350 2668 3490 2731 Age,
3526 2679 3651 2732 per-

2013 2748 2301 2802 fodiamus
2331 2749 2460 2817 ejus
2490 2764 2719 2813 cavum,
2774 2752 2874 2801 aut
2929 2748 3095 2803 valde
3128 2749 3318 2814 fallor,
3354 2760 3455 2803 aut
3488 2752 3650 2803 inve-

2011 2838 2238 2890 niemus
2296 2835 2514 2889 cubilia
2549 2835 2677 2905 ipsa
2707 2836 3040 2906 rapinarum
3084 2842 3259 2906 caput
3309 2853 3375 2891 ac
3406 2854 3643 2892 causam

2010 2924 2399 2978 conﬁdentiae.
2426 2924 2512 2976 Ab
2535 2923 2626 2977 his
2654 2924 2845 2978 statim
2886 2940 2946 2978 se
2984 2925 3299 2993 accingunt
3342 2926 3523 2994 operi,
3558 2942 3649 2979 ca-

2007 3029 2241 3067 vernam
2276 3029 2461 3066 meam
2496 3013 2873 3083 proscipuam,
2897 3015 3065 3083 cujus
3088 3031 3151 3067 os
3180 3015 3464 3077 exstabat,
3493 3017 3645 3070 unde

2008 3118 2101 3156 me
2123 3118 2274 3170 saepe
2303 3100 2531 3170 prodire
2556 3100 2855 3155 solitarius
2877 3107 3193 3167 notaverat,
3227 3105 3485 3170 aggressi
3510 3120 3641 3158 cum

1929 3193 1970 3259 α
2012 3189 2220 3243 marris
2237 3194 2294 3242 et
2316 3188 2591 3242 terrebris
2612 3191 2959 3257 pertundere
2982 3190 3344 3259 scrutarique
3368 3207 3549 3258 usque
3572 3194 3642 3246 ad

2007 3280 2309 3332 intimum.
2342 3278 2681 3331 'l‘remebam
2717 3294 2820 3347 ego
2853 3280 2989 3332 totis
3013 3280 3260 3333 artubus
3291 3284 3500 3334 cuncta
3522 3281 3641 3335 haec

2004 3367 2248 3421 audiens
2280 3383 2310 3419 e
2354 3367 2612 3420 secundo
2662 3383 2791 3420 meo
2851 3367 3163 3421 seductiori
3202 3368 3507 3435 foramine,
3541 3370 3639 3424 ubi

2002 3460 2142 3509 tunc
2177 3456 2338 3519 forte,
2374 3459 2437 3507 ut
2467 3454 2605 3518 dixi,
2629 3454 3063 3525 delitescebam,
3089 3456 3258 3510 anxio
3281 3460 3421 3511 aestu
3457 3456 3636 3513 animi

2004 3542 2360 3596 misserrime
2394 3546 2679 3605 metuens,
2705 3558 2775 3596 ne
2806 3543 2897 3596 bis
2946 3543 3105 3597 mille
3137 3559 3363 3609 aureos,
3398 3560 3543 3612 quos
3577 3544 3632 3598 in

2000 3631 2117 3684 imo
2134 3630 2285 3683 antri
2303 3646 2476 3697 specu
2503 3630 2721 3683 sensim
2750 3632 2916 3684 furtis
2938 3630 3114 3685 variis
3139 3636 3405 3701 aggestos
3429 3632 3626 3687 condi-

2000 3720 2221 3781 deram,
2274 3717 2773 3784 deprehenderent
2802 3724 2857 3771 et
2887 3718 3158 3773 tollerent
3188 3736 3201 3773 :
3235 3720 3291 3772 id
3326 3721 3478 3790 quod
3513 3738 3624 3773 non

2001 3806 2185 3860 multo
2235 3810 2364 3874 post
2409 3805 2618 3859 evenit.
2650 3805 2855 3859 Ablato
2915 3807 3188 3861 thesauro
3248 3823 3374 3861 meo
3409 3807 3622 3877 hospes

1997 3893 2093 3947 ille
2125 3909 2253 3947 meo
2284 3893 2499 3946 damno
2531 3891 2786 3961 sapiens,
2820 3894 3278 3960 Exarmavimus,
3302 3895 3515 3965 inquit,
3539 3896 3625 3950 la-

1996 3987 2220 4035 tronem
2255 3997 2267 4033 :
2303 3979 2384 4033 nil
2412 3978 2665 4047 audebit,
2702 3980 2779 4033 nil
2826 3981 3033 4049 poterit
3076 3982 3133 4034 in
3182 3988 3501 4051 posterum.
3535 3983 3625 4036 Ni-

1997 4071 2198 4135 mium,
2232 4069 2337 4122 hoc
2361 4068 2583 4134 dicens,
2607 4058 2777 4122 verax
2801 4069 2926 4137 fuit,
2951 4074 3033 4123 Ex
3064 4069 3160 4123 illo
3180 4076 3473 4125 momento
3499 4088 3628 4126 mea

1995 4157 2185 4212 omnis
2216 4155 2564 4210 confidentia
2593 4156 2819 4222 dejecta
2848 4161 2960 4222 est,
2998 4158 3085 4211 vis
3129 4164 3417 4227 enervata,
3450 4160 3625 4213 indu-

1995 4245 2138 4299 stria
2170 4244 2415 4298 evanuit.
2437 4247 2630 4298 Mures
2662 4243 2941 4310 minores,
2979 4245 3078 4313 qui
3125 4261 3219 4299 me
3255 4251 3423 4301 antea
3450 4262 3625 4301 vene-

1996 4336 2288 4401 rabantur,
2340 4338 2479 4387 tunc
2528 4336 2908 4404 aspernantes
2966 4334 3308 4390 irridebaut.
3367 4340 3623 4391 Conatus

1995 4424 2107 4494 ipsi
2134 4423 2244 4476 mei
2280 4438 2552 4476 successu
2584 4421 2751 4476 solito
2783 4422 3076 4476 carebant.
3109 4424 3251 4478 Cum
3299 4425 3453 4479 enim
3486 4442 3623 4495 pos-

1997 4512 2186 4577 tridie,
2223 4511 2377 4580 quod
2413 4511 2576 4580 prius
2626 4526 2776 4580 saepe
2808 4511 3078 4572 feceram,
3124 4510 3326 4565 cistam
3359 4513 3620 4567 edulium

1995 4614 2342 4668 suspensam
2373 4596 2616 4665 {insilire
2656 4600 2997 4661 tentassem,
3033 4598 3221 4652 medio
3268 4599 3488 4668 impetu
3521 4600 3623 4653 de-

1993 4687 2136 4741 cidi:
2199 4685 2504 4754 magisque
2557 4700 2621 4737 ac
2665 4685 2848 4754 magis
2877 4685 2935 4738 in
2965 4686 3136 4739 horas
3166 4686 3530 4755 debilitabar,
3565 4693 3623 4742 et

1995 4774 2093 4845 qui
2127 4790 2218 4827 me
2264 4773 2426 4843 prius
2482 4771 2619 4825 olim
2669 4772 2900 4827 obnoxii
2958 4772 3195 4827 clientes
3251 4778 3620 4829 contemnere

1992 4868 2303 4932 creparent,
2336 4860 2675 4929 nunc_ultro
2706 4861 2879 4915 etiam
2903 4861 3142 4915 oderant
3170 4866 3227 4915 et
3258 4863 3488 4933 pulsare
3513 4865 3620 4918 mi-

1994 4951 2302 5005 nabantur.
2326 4950 2579 5004 Mirabar
2601 4949 2973 5004 vehementer
2994 4959 3214 5020 quanta
3244 4952 3329 5004 vis
3351 4953 3473 5005 auri
3500 4952 3615 5007 sit:

1992 5038 2259 5107 perillud
2294 5037 2561 5091 amicitiae
2603 5038 2762 5105 jura,
2813 5039 3178 5091 necessitudo
3210 5040 3616 5105 consanguini-

1990 5125 2146 5190 tatis,
2196 5126 2337 5178 fides
2392 5124 2669 5178 clientelae
2703 5130 3003 5191 constant;
3052 5126 3180 5195 ipsa
3230 5144 3412 5195 mens,
3449 5127 3615 5196 ratio,

1992 5213 2309 5280 ingenium,
2364 5212 2672 5278 industria,
2708 5218 2859 5267 artes
2918 5215 3197 5283 dotesque
3244 5214 3620 5269 obsolescunt

1993 5301 2226 5355 sineillo
2251 5317 2353 5354 nec
2376 5300 2486 5355 voti
2511 5301 2689 5355 ullius
2718 5302 2807 5354 sui
2832 5318 3067 5372 compos
3091 5302 3212 5356 fieri
3237 5302 3523 5372 spoliatus
3552 5321 3617 5358 eo

1991 5394 2200 5460 potest.
2227 5391 2371 5458 Ergo
2404 5388 2499 5442 illa
2530 5389 2834 5442 verissima
2862 5396 3087 5459 patrum
3122 5391 3193 5443 ad
3227 5406 3435 5459 pueros
3479 5397 3618 5445 sunt

1992 5478 2248 5532 monita:
2279 5477 2531 5531 Pecunia
2562 5494 2707 5546 opus
2745 5483 2832 5531 est
2871 5480 2996 5531 sine
3028 5478 3128 5531 illa
3171 5478 3313 5532 nihil
3346 5484 3496 5531 recte
3529 5482 3612 5547 ﬁt,

1990 5566 2165 5635 Velia,
2212 5567 2404 5633 remis,
2465 5566 2710 5619 navibus
2764 5570 2936 5634 atque
2988 5566 3282 5635 quadrigis
3342 5550 3615 5635 fugienda

1992 5658 2317 5723 paupertas,
2351 5662 2401 5707 ct
2436 5654 2514 5706 vel
2550 5668 2650 5721 per
2682 5658 2994 5705 scatentem
3031 5652 3240 5707 belluis
3272 5658 3510 5723 pontum
3546 5673 3612 5709 ac
