4060 6304
512 348 649 401 1303

2011 355 2393 406 APPENDIX.

3757 356 3853 411 1304

507 472 861 526 suavissimas
885 473 1167 542 procellas
1194 476 1263 527 ad
1283 476 1515 529 divitias
1538 476 1914 529 currendum.
1939 473 2145 543 Inopes
2174 474 2229 537 Α
2262 474 2462 543 pensio
2493 482 2599 540 est,
2619 490 2648 528 e
2666 475 2952 531 diametro
2968 474 3236 529 videlicet
3254 474 3531 545 opposita
3552 476 3853 544 capitalissi.

514 575 693 627 aequae
728 560 899 613 rivoli
933 566 1106 616 tenue
1137 561 1278 615 illud
1311 563 1558 632 liquoris
1604 563 1768 616 ﬁlum
1804 578 1919 615 non
1961 562 2146 627 perfe-

509 652 649 700 runt
675 648 745 700 ad
780 664 970 714 mare;
1004 653 1215 702 ﬂumen
1266 650 1499 720 plenum
1545 650 1619 704 sit
1666 654 1893 720 oportet
1954 652 2018 701 ut
2073 648 2145 700 ad

511 750 792 787 oceanum
827 737 1136 805 pertingat.
1191 736 1277 789 Ita
1326 754 1563 807 pauper,
1628 753 1731 791 nec
1780 737 1957 803 huius
2011 734 2144 788 vitae

511 822 819 875 commoda
847 838 951 876 nec
979 824 1183 877 futura:
1208 824 1538 878 felicitatem
1574 824 1723 894 potis
1750 829 1838 877 est
1862 823 2096 891 assequi
2130 838 2143 874 :

512 908 611 961 sed
645 914 896 978 spretus,
930 910 1198 977 afﬂictus,
1231 927 1459 977 exosus,
1511 912 1685 965 etiam
1733 928 1887 963 sanas
1932 909 2146 963 mentis

511 1000 567 1047 et
593 995 753 1048 bona:
786 998 950 1050 fama:
982 998 1353 1068 dispendium
1386 1000 1602 1069 patitur
1632 1000 1977 1052 necessitate
2008 998 2145 1050 ada-

511 1088 640 1136 ctus
673 1086 742 1138 ad
777 1086 1138 1155 peccandum
1175 1105 1186 1141 :
1223 1105 1351 1140 nam
1384 1104 1503 1141 suae
1527 1088 1607 1140 illi
1634 1088 1914 1157 angustiae
1933 1102 2145 1139 aerum-

512 1188 715 1241 naeque
748 1178 969 1227 mature
1002 1175 1291 1243 cogitandi
1325 1193 1389 1229 ac
1414 1193 1511 1244 per
1541 1176 1650 1229 hoc
1682 1177 1975 1245 sapienter
2001 1190 2141 1226 con-

512 1259 767 1327 sulendi,
802 1262 1055 1330 spatium
1090 1269 1147 1315 et
1191 1262 1525 1316 facultatem
1559 1264 1842 1329 demunt;
1875 1261 2146 1316 exclusus

514 1362 655 1400 sano
688 1348 946 1411 consilio,
1007 1350 1407 1419 imprudenter
1451 1357 1746 1420 operatur,
1770 1350 1934 1405 utilia
1991 1352 2141 1405 factu

513 1435 749 1501 omittit,
774 1437 898 1504 jam
923 1453 1052 1506 qua:
1084 1439 1137 1490 in
1168 1439 1448 1492 divitibus
1476 1440 1794 1493 laudantur
1823 1440 2024 1493 eadem
2058 1442 2144 1493 oi-

512 1525 757 1579 fendunt
783 1532 837 1579 et
867 1526 1273 1596 vituperantur
1306 1528 1361 1580 in
1398 1544 1601 1597 egeno.
1627 1530 1714 1581 Sit
1744 1545 1967 1598 pauper
1998 1529 2147 1582 bello

512 1616 695 1679 fortis,
729 1617 927 1669 audiet
957 1619 1299 1671 temerarius
1331 1623 1387 1671 et
1418 1635 1703 1688 przeceps;
1730 1619 1806 1672 sit
1822 1619 2141 1689 beneficus,

509 1703 787 1773 prodigus
817 1704 1073 1771 dicetur;
1135 1705 1212 1759 sit
1266 1712 1612 1760 mansuetus
1660 1712 1717 1760 et
1764 1708 1968 1771 comis,
2013 1708 2143 1762 vilis

512 1793 780 1847 adulator
805 1793 1172 1862 reputabitur
1200 1810 1213 1847 :
1248 1794 1454 1847 doctus
1488 1812 1589 1864 pro
1608 1794 1840 1849 rancido
1872 1794 2141 1865 antiqua-

516 1881 620 1946 rio,
656 1880 934 1950 eloquens
957 1897 1059 1950 pro
1090 1882 1484 1952 nugivendulo
1519 1882 1744 1947 rabula,
1779 1886 2045 1936 maturus
2078 1901 2143 1937 ac

515 1969 713 2023 tardus
746 1969 801 2021 in
832 1967 1143 2038 loquendo,
1178 1986 1277 2038 pro
1313 1970 1512 2024 hebete
1543 1987 1607 2023 ac
1656 1969 1835 2024 stulto
1887 1973 2143 2026 traduci—

512 2062 639 2123 tur;
671 2061 734 2109 ut
765 2056 949 2110 satius
1007 2056 1083 2110 sit
1135 2059 1319 2111 vitum
1379 2058 1745 2127 abrumpere,
1794 2060 2143 2113 accersenda

513 2150 719 2211 morte,
779 2160 974 2214 quam,
1010 2149 1071 2199 ut
1128 2145 1224 2200 ille
1282 2146 1386 2211 ait,
1418 2147 1538 2201 sole
1587 2147 1668 2199 uti
1720 2146 2019 2200 dedecoris
2051 2149 2140 2201 sui

511 2240 681 2298 teste,
713 2234 1033 2305 praesertim
1068 2236 1300 2303 quando
1332 2251 1397 2289 eo
1429 2236 1735 2289 deventum
1761 2235 2010 2288 miserim
2031 2240 2141 2301 est,

510 2329 575 2377 ut
608 2323 936 2377 mendicare
984 2339 1016 2375 a
1066 2322 1489 2391 superbissimo
1523 2322 1803 2376 nobilium
1836 2322 2142 2393 opulento-

509 2432 641 2468 rum
674 2429 882 2484 genere
916 2413 993 2466 sit
1025 2429 1280 2466 necesse.

574 2539 637 2593 X.
660 2539 733 2591 Ea
756 2538 897 2590 dum
924 2552 1149 2589 mecum
1175 2541 1420 2589 mmstus
1446 2541 1673 2605 reputo,
1706 2553 2050 2607 progressus
2084 2539 2139 2591 in

507 2628 697 2682 locum
731 2627 885 2679 unde
909 2625 1319 2678 inobservatus
1354 2624 1549 2677 videre
1594 2629 1851 2694 poteram
1882 2644 2006 2695 qua:
2040 2628 2141 2681 {ie-

508 2716 669 2777 bant,
704 2713 1089 2769 animadverti
1114 2712 1401 2783 hospitem
1426 2718 1720 2767 auctorem
1743 2714 1968 2768 consilii
1998 2714 2141 2767 mihi

506 2803 719 2859 funesti
754 2803 1030 2873 partitum
1081 2817 1211 2855 cum
1246 2801 1507 2855 solitario
1568 2816 1758 2855 meam
1810 2802 2139 2872 pecuniam,

503 2899 721 2963 partem
750 2909 913 2945 suam
939 2890 995 2943 in
1038 2905 1376 2943 crumenam
1412 2889 1768 2955 condidisse,
1804 2906 1977 2960 quam
2015 2907 2138 2944 cer-

502 2981 668 3035 vicali
702 2980 1061 3033 decumbens
1104 2978 1432 3048 supposuit.
1482 2979 1812 3047 Exspectavi
1859 2980 1997 3031 dum
2032 2979 2137 3031 ob-

502 3074 849 3127 «lormivisse
870 3070 1179 3123 videretur.
1216 3072 1380 3123 Tunc
1406 3070 1555 3123 clam
1590 3069 1807 3121 accessi
1832 3068 1958 3122 sine
1989 3073 2133 3121 stre-

506 3166 649 3231 pitu,
686 3166 740 3212 et
771 3159 998 3212 trahere
1028 3159 1096 3211 ad
1131 3174 1221 3210 me
1255 3156 1547 3210 mordicus
1580 3155 2009 3225 apprehensum
2043 3172 2133 3208 co-
2168 3148 2210 3211 C

506 3254 675 3302 natus
706 3245 1027 3306 sacculum,
1064 3262 1175 3297 non
1231 3243 1407 3296 fefelli
1464 3248 1747 3296 attentum
1804 3245 1881 3297 rei
1934 3260 2131 3298 senem

505 3338 600 3407 qui
641 3344 903 3407 paratum
936 3334 989 3385 in
1022 3332 1165 3384 istos
1200 3349 1341 3385 usus
1372 3331 1639 3385 baculum
1666 3333 1722 3385 in
1745 3340 1920 3403 caput
1951 3337 2133 3406 impe-

504 3427 588 3495 git
617 3424 831 3477 misero
865 3420 1026 3479 mihi,
1065 3420 1218 3472 unde
1249 3420 1339 3472 vix
1387 3421 1584 3473 salvus
1630 3436 1722 3473 me
1750 3423 1956 3490 recepi.
2000 3425 2137 3480 Post

502 3514 673 3567 horas
686 3511 909 3581 aliquot
928 3509 1136 3564 iterum
1160 3508 1376 3562 tentavi
1390 3510 1578 3562 bursze
1597 3509 1809 3579 ligulas
1823 3514 2130 3569 attrahere.

498 3604 570 3654 At
596 3599 711 3668 ille,
745 3599 994 3652 dracone
1044 3595 1397 3665 vigilantior,
1458 3595 1664 3649 iterato
1720 3602 1777 3650 et
1807 3598 2013 3653 fortius
2044 3601 2132 3654 in-

504 3703 676 3741 cusso
708 3685 879 3739 fustis
908 3684 1047 3752 ictu,
1081 3689 1202 3736 tam
1236 3684 1489 3752 graviter
1528 3682 1673 3737 mihi
1707 3684 1969 3754 sinciput
1993 3703 2133 3740 con-

504 3775 676 3839 tudit,
712 3778 775 3826 ut
805 3789 1016 3843 magna
1036 3770 1089 3824 vi
1113 3770 1415 3840 sanguinis
1444 3786 1687 3825 excussa
1718 3773 1957 3826 naribus
1989 3776 2135 3828 deli-

507 3861 709 3932 quium
746 3867 991 3931 paterer,
1033 3874 1298 3927 aegreque
1328 3862 1542 3913 tacitus
1574 3875 1665 3912 me
1695 3875 1828 3913 cavo
1862 3864 2134 3915 reconde-

510 3966 651 4015 rem,
688 3948 783 4002 ubi
819 3963 917 4018 per
949 3947 1121 4000 horas
1152 3946 1375 4015 aliquot
1409 3963 1553 4016 pene
1582 3946 1837 4001 animam
1873 3952 2129 4018 agebam.

508 4038 712 4106 Recepi
746 4039 976 4090 tandem
1012 4052 1102 4088 me
1126 4034 1453 4105 paululum,
1487 4052 1626 4089 auro
1644 4035 1948 4093 maledicta
1974 4040 2132 4109 inge-

505 4128 737 4182 minans
772 4129 855 4179 tot
886 4124 1255 4177 miseriarum
1287 4140 1474 4177 causae
1502 4140 1514 4189 ;
1542 4129 1890 4195 tantumque
1921 4128 1978 4181 in
2012 4146 2132 4182 sce-

502 4216 748 4269 leratum
782 4213 836 4265 id
869 4212 1169 4265 metallum
1198 4211 1315 4265 odii
1347 4214 1603 4281 concepi,
1655 4218 1716 4265 ut
1758 4215 2030 4285 deinceps
2064 4219 2131 4270 ad

504 4302 857 4357 mentionem
883 4301 1008 4368 ejus
1031 4298 1516 4366 exhorrescerem,
1552 4315 1655 4353 nec
1686 4303 1972 4355 nominari
1993 4304 2133 4356 mihi

506 4391 803 4446 sustinens
826 4388 1088 4441 omnium
1111 4386 1242 4438 vitae
1263 4385 1572 4453 malorum,
1610 4392 1672 4441 ut
1694 4389 1831 4442 mihi
1858 4396 1980 4444 tum
2018 4393 2134 4446 fero

502 4482 828 4543 videbatur,
865 4476 1200 4545 pestiferum
1228 4475 1464 4529 fontem.
1491 4476 1876 4547 Erumpebam
1904 4496 2135 4549 quoque
2165 4504 2210 4564 D

502 4566 870 4621 stomachum
900 4564 956 4616 in
981 4578 1208 4616 avaram
1244 4564 1643 4631 cupiditatem,
1669 4571 1881 4619 certam
1918 4574 2129 4621 morta-

499 4653 643 4707 lium
677 4650 1007 4720 perniciem,
1051 4648 1311 4717 dirisque
1363 4650 1708 4705 devovebam
1744 4653 1959 4721 primos
1991 4671 2128 4707 auc-

499 4744 651 4793 tores
692 4738 1189 4805 congerendarum
1218 4753 1393 4805 opum
1427 4743 1620 4806 atque,
1677 4745 1736 4792 ut
1778 4745 1915 4793 tunc
1946 4758 2127 4809 eram,

500 4830 642 4884 mihi
677 4828 930 4891 videbar,
957 4825 1099 4879 nihil
1133 4841 1245 4878 non
1280 4825 1470 4893 potius
1505 4828 1943 4895 prmsentissimi
1978 4830 2126 4899 peri-

498 4918 608 4971 culi
649 4925 806 4969 terra
864 4913 1127 4981 marique
1180 4911 1471 4978 aditurus,
1531 4930 1706 4982 quam
1764 4915 1849 4969 vel
1910 4922 2034 4969 utro
2067 4934 2127 4971 se

497 5006 830 5059 offerentem
865 5001 989 5055 auxi
1023 5002 1247 5070 copiam
1281 5000 1615 5070 contingere
1646 5003 1940 5058 auderem.
1973 5009 2128 5058 Tunc

495 5098 595 5151 illa
619 5113 741 5166 quae
764 5095 903 5148 olim
928 5093 1123 5146 audita
1145 5099 1602 5162 contempseram
1619 5093 1944 5163 sapientum
1961 5097 2128 5149 effata

495 5183 853 5253 resipiscenti
889 5179 1259 5235 recurrebant
1300 5179 1495 5232 animo
1552 5184 1826 5250 certoque
1844 5183 1968 5250 jam
2000 5199 2126 5236 cre-

492 5273 722 5336 debam,
747 5270 1034 5340 optimum
1061 5265 1313 5331 mortali,
1336 5265 1536 5335 paucis
1558 5273 1895 5323 contentum
1947 5287 2075 5324 esse
2109 5286 2122 5325 :

492 5361 671 5415 vitam
705 5358 960 5414 avaritias
991 5359 1305 5426 eXpertem,
1346 5354 1540 5425 vigere
1592 5356 1955 5423 fortitudine,
1991 5376 2125 5413 con-

490 5456 645 5527 stare
679 5448 978 5518 patientia,
1002 5444 1160 5499 omni
1185 5458 1392 5512 genere
1421 5440 1612 5497 laudis
1634 5444 1956 5510 honestari,
1976 5463 2006 5500 e
2028 5463 2125 5500 ca-

493 5540 655 5591 sibus
672 5534 1124 5608 perplexissimis
1142 5531 1411 5603 expedire
1434 5531 1656 5587 felicem
1670 5534 1908 5589 exitum.
1932 5536 2123 5589 Enim-

490 5641 624 5680 vero
659 5628 947 5697 princeps,
984 5628 1048 5677 ut
1089 5621 1275 5685 aiunt,
1324 5619 1609 5674 virtutum
1659 5620 1939 5693 largiendi
1992 5639 2123 5693 pro-

2268 576 2358 614 mo
2379 562 2650 616 vitiorum
2676 579 2741 617 ac
2764 562 3073 629 scelerum,
3108 563 3466 633 congerendi
3491 562 3613 626 siti,
3641 568 3693 616 et
3720 565 3854 633 raptis

2262 649 2562 703 incubanti
2595 651 2980 721 parcimonies.
3009 651 3245 704 Initium
3275 656 3363 704 est
3393 651 3697 720 sapientiae
3717 652 3853 705 inten-

2261 739 2394 791 dere
2426 738 2659 804 futuris,
2694 739 2988 811 negligere
3016 739 3359 809 praesentia;
3397 738 3852 809 magnanimitatis

2259 842 2400 894 apex
2434 843 2721 892 summus,
2752 828 2987 897 aggredi
3010 842 3303 897 quemque
3333 842 3394 879 se
3415 826 3603 895 digna
3632 843 3851 895 quaepes-

2260 914 2336 966 sit
2371 916 2667 983 consequi,
2714 920 2987 969 conatum
3028 930 3099 967 ne
3145 915 3382 983 perdere
3426 914 3487 966 in
3531 914 3722 968 arduis
3742 918 3850 967 ultra

2259 1015 2444 1069 spem.
2483 1001 2692 1054 Plenus
2723 1001 2882 1055 hisce
2912 1000 3363 1071 cogitationibus
3403 998 3609 1069 appuli
3641 1001 3848 1053 animum:

2258 1090 2329 1141 ad
2388 1090 2699 1143 consilium
2734 1090 2859 1144 vitae
2892 1090 3042 1144 serio
3076 1090 3390 1143 mutandae.
3460 1090 3657 1143 Vitare
3710 1090 3848 1144 homi-

2259 1193 2398 1229 num
2432 1178 2816 1231 contubernia
2853 1178 3118 1243 decrevi;
3169 1177 3407 1247 migravi
3444 1194 3515 1231 ex
3551 1178 3686 1230 urbe
3712 1178 3760 1229 in
3786 1194 3847 1229 so-

2257 1263 2590 1331 litudinem,
2624 1281 2654 1319 e
2686 1266 2917 1335 magnis
2936 1265 3161 1319 aedibus
3184 1266 3241 1319 in
3266 1271 3503 1335 agreste
3525 1282 3718 1319 cavum
3738 1264 3849 1317 ruris

2257 1350 2388 1403 avii.
2420 1350 2541 1404 lllic
2564 1352 2757 1421 paravi
2783 1352 2925 1406 mihi
2951 1352 3280 1406 columbam
3309 1354 3591 1417 amicam,
3614 1369 3733 1405 cum
3764 1369 3848 1420 qua

2258 1438 2396 1493 mihi
2422 1440 2705 1493 vetustior
2724 1457 2899 1509 quam
2924 1456 3055 1493 cum
3084 1439 3190 1494 hoc
3218 1456 3408 1505 corvo,
3446 1445 3513 1493 ut
3535 1457 3605 1493 ex
3637 1441 3747 1509 ipso
3771 1456 3848 1492 au-

2257 1526 2379 1579 dire
2402 1525 2664 1595 potuisti,
2689 1526 3057 1580 necessitudo
3083 1526 3392 1581 coaluerat.
3420 1526 3601 1580 Plane
3625 1543 3846 1581 summum

2256 1614 2381 1666 vitae
2406 1615 2647 1679 bonum,
2679 1614 2947 1685 voluptas
2977 1614 3252 1681 maxima,
3284 1616 3340 1669 in
3383 1614 3847 1669 moderandisim-

2259 1704 2477 1758 mensis
2500 1705 2806 1759 desideriis
2827 1710 2919 1759 est
2939 1705 3072 1761 sita.
3095 1704 3247 1759 Felix
3270 1707 3382 1760 erit
3404 1707 3510 1776 qui
3537 1722 3710 1776 pauca
3729 1720 3845 1758 mere

2174 1797 2219 1860 Β
2253 1793 2584 1846 necessaria
2608 1809 2864 1863 quaerere
2886 1793 3031 1847 satis
3049 1793 3323 1848 habuerit
3351 1811 3363 1848 :
3398 1795 3573 1848 obvia
3590 1794 3730 1846 enim
3756 1793 3844 1845 hac

2252 1882 2789 1937 occurruntvolenti
2814 1883 2995 1937 cuivis
3021 1901 3034 1949 ;
3068 1882 3284 1953 quippe
3306 1882 3518 1936 beatus
3544 1890 3741 1937 natura
3766 1899 3843 1935 au-

2252 1974 2375 2023 ctor
2399 1970 2615 2039 ubique
2638 1970 2891 2025 locorum
2918 1970 3037 2024 haec
3069 1971 3356 2040 exposuit,
3389 1972 3591 2024 cibum
3630 1969 3844 2022 videlicet

2252 2062 2308 2111 et
2329 2075 2558 2127 aquam.
2584 2059 2761 2129 Finge
2784 2059 3039 2129 aliquem
3079 2058 3259 2113 totius
3299 2059 3509 2112 mundi
3546 2058 3842 2112 dominum:

2253 2163 2392 2199 num
2428 2163 2488 2199 se
2520 2152 2713 2201 tamen
2747 2148 2974 2200 cunctis
3002 2163 3127 2216 quae
3161 2146 3392 2214 uspiam
3446 2152 3588 2200 sunt
3624 2146 3754 2198 escis
3779 2145 3839 2195 ia-

2253 2233 2620 2303 gurgitabit?
2652 2250 2791 2287 num
2826 2235 3070 2288 flumina
3091 2239 3147 2288 et
3175 2233 3328 2287 dolia
3372 2234 3578 2287 omnia
3611 2233 3841 2285 immensa

2252 2320 2506 2391 ingluvie
2528 2321 2866 2375 exhauriet?
2911 2323 3119 2377 Paucis
3165 2326 3222 2374 et
3262 2320 3347 2374 illi
3372 2321 3695 2374 necessario
3716 2318 3839 2371 alun-

2252 2415 2365 2475 tur,
2391 2411 2489 2480 qui
2519 2410 2772 2479 plurima
2794 2411 3114 2481 possident.
3141 2409 3285 2473 Quid
3316 2410 3671 2480 igiturjuvat
3694 2409 3740 2460 in
3759 2407 3837 2459 im-

2254 2515 2455 2551 mensa
2502 2515 2565 2552 se
2613 2500 2937 2563 extendere,
2972 2499 3335 2552 modicorum
3369 2497 3687 2568 capacem?
3713 2494 3838 2548 Crevi

2252 2586 2359 2639 sub
2388 2586 2506 2639 hzec
2530 2586 2681 2640 veris
2713 2587 2942 2657 Opibus,
2986 2603 3229 2640 numero
3269 2586 3632 2651 amicorum;
3666 2600 3774 2637 nam
3798 2588 3837 2634 et

2251 2679 2380 2743 post
2398 2674 2732 2729 columbam
2752 2676 3008 2729 contraxi
3037 2692 3169 2729 cum
3193 2691 3361 2728 corvo
3384 2675 3733 2738 societatem,
3749 2687 3831 2741 quo

2252 2763 2467 2816 ferente
2504 2763 2617 2817 huc
2641 2764 2791 2828 veni,
2811 2768 2867 2818 et
2886 2768 3100 2828 tecum,
3125 2763 3476 2817 charissima
3506 2762 3740 2825 testudo,
3769 2760 3834 2812 hic

2248 2851 2702 2905 familiaritatem
2734 2852 3034 2921 contrabo,
3059 2852 3295 2905 cumulo
3329 2868 3443 2905 non
3476 2852 3675 2919 exiguo
3697 2850 3833 2901 bono-

2250 2955 2398 2991 rum.

2316 3066 2417 3117 Xl.
2474 3064 2575 3117 His
2622 3063 2869 3117 audistis
2924 3065 3159 3117 testudo
3218 3064 3367 3116 muri
3431 3066 3593 3117 dixi:
3627 3061 3829 3130 Cognovi

2254 3152 2499 3205 libenter
2530 3168 2659 3220 qua:
2691 3150 2942 3205 narrasti
2976 3152 3063 3203 sui
3101 3150 3376 3205 varietate
3429 3151 3697 3221 speciosa,
3731 3154 3835 3199 tum-

2243 3254 2355 3309 que
2385 3237 2620 3290 virtutis
2675 3242 2731 3290 et
2788 3238 3107 3306 prudentia:
3160 3238 3530 3292 indicatione
3560 3236 3654 3290 tibi
3682 3233 3835 3301 ampia

2242 3343 2307 3381 ac
2360 3325 2802 3395 perhonorifica.
2868 3326 3087 3380 Gavisa
3134 3326 3308 3379 etiam
3362 3344 3493 3380 sum
3528 3323 3834 3380 animadver-

2242 3421 2391 3480 tens,
2435 3432 2499 3467 ex
2554 3414 2815 3467 adversis
2868 3414 3183 3484 profecisse
3230 3419 3304 3480 te,
3354 3419 3410 3468 et
3468 3417 3739 3486 perceptas
3784 3424 3833 3459 ex

2241 3503 2450 3557 horum
2482 3502 2835 3572 experientia
2857 3502 3089 3556 notitias
3120 3503 3362 3556 memori
3386 3505 3582 3557 animo
3604 3499 3828 3554 mandas-

2244 3610 2326 3662 se,
2364 3599 2675 3661 tenereque
2724 3592 2867 3646 adeo
2919 3597 3237 3663 praesentes
3289 3592 3676 3665 intelligentiae
3714 3599 3834 3641 nunc

2245 3696 2498 3751 quoque.
2535 3684 2726 3735 Unum
2761 3680 2915 3749 quod
2951 3683 3171 3734 restare
3219 3680 3288 3733 ad
3341 3680 3522 3735 decus
3571 3680 3835 3751 perfectum

2242 3770 2429 3836 video,
2454 3787 2566 3822 non
2600 3770 2866 3822 omittam
2901 3770 3217 3823 admonere
3248 3775 3325 3823 te.
3362 3771 3473 3824 Fac
3505 3772 3638 3823 bene
3667 3763 3837 3834 cogita-

2243 3858 2342 3921 tis,
2374 3857 2827 3921 exsecutionem,
2860 3856 3121 3927 sigillum
3152 3874 3443 3928 apponas;
3480 3873 3669 3928 parum
3712 3850 3833 3905 enim

2246 3945 2503 4015 proderit
2534 3950 2683 3998 recte
2718 3944 3035 4011 providisse
3066 3944 3302 3999 vitanda
3338 3947 3735 4016 sequendaque
3754 3952 3833 3990 nec

2244 4034 2641 4104 prosequenti,
2667 4050 2770 4086 nec
2802 4032 3042 4101 fugienti
3102 4050 3227 4100 qure
3280 4032 3390 4102 ipsi
3442 4033 3663 4105 expedit
3690 4028 3829 4082 decli-

2245 4136 2381 4174 nare
2408 4120 2493 4173 vel
2525 4119 2798 4189 amplecti
2833 4136 2845 4172 :
2881 4136 3013 4173 nam
3048 4120 3370 4189 quidjuvat
3388 4130 3659 4191 aegrotum
3680 4111 3827 4170 morbi

2243 4212 2332 4264 sui
2364 4210 2636 4279 cognitio,
2660 4210 2893 4278 abigere
2931 4210 3093 4262 illum
3115 4227 3213 4279 per
3242 4227 3367 4264 eam
3404 4229 3516 4265 non
3542 4203 3824 4264 valentem?

2242 4300 2321 4353 Ne
2352 4305 2407 4352 te
2440 4299 2615 4367 igitur
2644 4299 2767 4351 auri
2793 4298 2927 4352 olim
2964 4299 3172 4368 perditi
3193 4300 3547 4355 desiderium
3578 4298 3824 4357 sollicitet,

2244 4405 2375 4441 nam
2425 4388 2512 4440 vir
2554 4392 2908 4455 exaggerata:
2940 4388 3169 4440 virtutis
3202 4389 3324 4441 sine
3357 4406 3497 4444 auro
3527 4383 3823 4442 venerabilis

2242 4480 2299 4529 et
2330 4475 2521 4529 clarus
2579 4479 2686 4539 est,
2739 4478 2801 4526 ut
2859 4474 3155 4529 dormiens
3186 4474 3273 4529 leo
3310 4476 3547 4530 timetur
3578 4495 3590 4530 :
3622 4475 3821 4529 vitiosus

2242 4569 2431 4617 autem
2469 4564 2647 4627 dives,
2701 4566 2764 4614 ut
2810 4563 2992 4627 canis,
3036 4580 3175 4616 auro
3205 4563 3380 4618 illusa
3412 4564 3687 4619 incinctus
3714 4560 3821 4612 vitta

2240 4651 2394 4721 vulgi
2420 4649 2672 4704 ludibrio
2700 4650 3043 4703 traducitur.
3076 4651 3189 4705 Nec
3220 4657 3273 4705 te
3307 4652 3652 4722 peregrinari
3674 4646 3819 4720 pumi-

2239 4744 2349 4792 teat
2385 4755 2397 4793 :
2434 4738 2635 4792 nullus
2666 4739 2899 4807 sapiens
2942 4755 3192 4808 usquam
3242 4742 3678 4811 peregrinatur;
3719 4734 3818 4789 ubi-

2197 4815 2351 4897 .que
2408 4829 2609 4880 urbem
2670 4825 2889 4879 invenit
2946 4827 3112 4895 cujus
3162 4828 3301 4882 civis
3348 4828 3440 4882 sit.
3474 4828 3651 4883 Nolim
3680 4824 3817 4878 etiam

2238 4915 2414 4969 nimis
2444 4915 2727 4968 recordari
2782 4918 2837 4967 te
2886 4915 3167 4984 priorum,
3205 4922 3305 4969 aut
3362 4918 3529 4971 anxie
3577 4915 3818 4970 revolvere

2236 5002 2431 5056 animo
2490 5002 2717 5055 divitias
2769 5017 2913 5070 quas
2971 5002 3270 5068 habueris,
3323 5020 3469 5073 quas
3522 4998 3814 5076 perdideris.

2236 5090 2540 5159 Haecuadeo
2584 5089 3010 5143 contemnenda
3065 5096 3223 5154 sunt,
3283 5096 3347 5144 ut
3398 5091 3717 5146 meminisse
3762 5098 3815 5135 ne

2236 5178 2547 5249 dignemur
2596 5177 2851 5247 quidem.
2911 5178 3105 5231 IEstus
3164 5179 3344 5233 fervet
3374 5180 3428 5232 in
3463 5180 3667 5234 mundo
3702 5171 3813 5227 rcci-

2237 5282 2445 5336 procus
2506 5264 2837 5319 mortalium
2897 5271 3285 5321 cunctorum:
3323 5267 3532 5336 fluunt,
3583 5264 3815 5320 effluunt.

2235 5354 2528 5422 oriuntur,
2564 5352 2856 5407 occidunt.
2908 5352 3077 5408 Orbis
3109 5352 3227 5409 haec
3260 5356 3603 5411 universitas
3639 5351 3813 5406 dicitur

2234 5446 2291 5495 et
2321 5445 2424 5503 est,
2474 5441 2631 5494 orbis
2662 5441 2772 5495 ritu
2806 5440 2920 5493 cito
2970 5441 3227 5509 subsilit,
3268 5448 3559 5497 momento
3586 5437 3814 5494 volvitur,

2234 5528 2665 5599 inquietissima
2720 5527 3004 5597 vertigine
3062 5533 3300 5583 rotatur.
3335 5535 3545 5585 Rerum
3592 5525 3809 5601 omnium

2234 5618 2635 5671 incertissima:
2684 5616 2977 5686 dicuntur,
3010 5616 3240 5671 animus
3288 5617 3681 5683 adolescentis,
3708 5608 3813 5665 elﬁ-
