4060 6304
257 380 391 432 1305

1257 378 1617 432 SPECIMEN
1655 372 2051 428 SAPIENTLE
2088 370 2417 423 INDORUM
2457 366 2617 418 VET.

3496 350 3519 402 1
3529 349 3633 401 306

257 502 426 554 οἰοεευ
456 499 841 553 fabulationes
876 499 1295 570 improborum,
1348 513 1506 552 amor
1551 495 1887 557 mulierum,
1920 495 1971 558 Α
2004 491 2212 562 queis?
2245 486 2567 542 Prudentia:
2598 490 2708 538 tuas
2761 484 2950 536 fuerat
2999 496 3111 534 non
3172 476 3285 531 nisi
3339 474 3632 545 explorato

262 590 409 643 falsa
440 587 592 651 laus,
625 587 833 640 divitia:
867 588 993 641 sine
1021 588 1249 641 virtute.
1287 586 1386 639 His
1436 600 1627 655 neque
1657 583 1903 638 affluen—

266 677 422 731 tibus
454 676 710 746 prudens
742 676 977 745 gaudet,
1013 692 1117 729 nec
1147 674 1462 729 subtractis
1507 678 1607 726 aut
1648 670 1900 740 maligne

264 763 738 835 provenientibus
800 763 1085 833 queritur.
1145 762 1305 816 Talia
1348 761 1669 815 disserente
1716 763 1899 812 testu-

266 853 419 921 dine,
447 851 767 905 delectatus
801 852 1081 920 majorem
1110 851 1169 904 in
1203 851 1440 903 modum
1473 864 1679 903 corvus
1711 847 1899 901 excla-

267 939 467 993 mavit:
504 940 647 1008 Ohe,
680 943 745 992 ut
778 938 922 992 nihil
973 939 1203 993 dulcius
1252 940 1309 991 in
1356 937 1472 990 vita
1520 941 1609 989 est
1642 936 1904 1005 jucunda

267 1027 741 1082 confabulatione
771 1032 826 1080 et
860 1031 1059 1079 mutua
1077 1025 1525 1080 commonitione
1548 1021 1899 1077 amicorum!

271 1132 402 1168 nam
433 1116 615 1169 bonos
649 1132 763 1168 non
792 1113 887 1167 alii
922 1132 1097 1185 quam
1132 1114 1262 1169 boni
1288 1116 1498 1182 juvant
1536 1117 1636 1165 aut
1676 1112 1732 1163 in
1780 1127 1900 1164 am-

269 1203 444 1273 biguo
476 1202 1299 1273 dirigunt,sicutelephantem
1328 1200 1555 1271 lapsum
1582 1198 1774 1252 nullus
1790 1197 1903 1250 nisi

270 1289 507 1360 elephas
537 1291 687 1342 valet
708 1290 949 1360 erigere.

342 1413 464 1466 XII.
490 1413 620 1465 Haec
650 1418 705 1466 et
738 1412 827 1465 his
862 1411 1074 1466 similia
1101 1411 1377 1481 loquente
1409 1426 1595 1478 corvo,
1638 1408 1909 1479 apparuit

275 1500 493 1571 procul,
530 1517 702 1554 cursu
729 1502 799 1554 ad
836 1502 1046 1553 fontem
1074 1499 1353 1553 citissime
1374 1499 1653 1552 festinans
1678 1512 1905 1565 caprea,

273 1590 445 1657 cujus
476 1588 716 1657 strepitu
747 1593 803 1641 et
834 1587 1083 1641 novitate
1128 1586 1411 1656 inepinati
1461 1586 1741 1638 adventus
1789 1590 1906 1637 tre-

275 1679 395 1749 pidi
448 1677 640 1731 cuncti
689 1677 846 1731 varie
890 1677 1125 1731 abeunt.
1176 1676 1428 1729 'l‘estudo
1469 1691 1530 1728 se
1582 1674 1750 1743 aquis
1798 1673 1906 1726 im-

278 1765 501 1831 mersit,
544 1780 678 1818 mus
727 1780 930 1817 cavum
982 1764 1060 1817 ibi
1111 1769 1403 1833 repertum
1449 1762 1654 1828 subiit,
1700 1777 1908 1814 corvus

277 1853 524 1907 evolavit
569 1853 625 1905 in
658 1868 958 1906 summum
983 1851 1226 1918 arboris,
1254 1851 1405 1904 unde
1426 1849 1762 1917 diligentius
1789 1864 1908 1901 rem

280 1938 607 2009 speculans,
665 1938 1001 2010 explorabat
1054 1954 1193 1991 num
1254 1955 1380 2007 quae
1439 1937 1559 1989 fera
1614 1936 1840 1988 damam
1877 1952 1907 1987 a

278 2034 442 2098 tergo
469 2028 806 2097 insequens,
853 2028 910 2080 in
957 2027 1135 2080 istum
1188 2041 1427 2079 cursum
1472 2031 1717 2093 urgeret.
1763 2027 1907 2078 Cum

282 2117 425 2170 nihil
466 2116 579 2170 tale
642 2120 859 2170 attente
907 2114 1388 2184 circumspiciens
1419 2112 1911 2181 notasset,delap-

282 2222 382 2258 sus
412 2204 813 2259 ‘testitudinem
846 2211 899 2256 et
929 2219 1155 2256 murem
1187 2202 1428 2266 vocavit,
1475 2208 1553 2265 et,
1605 2200 1907 2265 Conﬂdite,

279 2295 492 2364 inquit,
548 2311 657 2363 pax
710 2294 883 2346 rebus
942 2296 1058 2358 est;
1111 2309 1144 2345 a
1200 2292 1373 2343 dama
1424 2291 1575 2359 quod
1638 2288 1913 2342 timeatur

280 2381 424 2435 nihil
457 2397 586 2435 esse
617 2380 795 2444 scitis,
834 2396 1004 2449 porro
1046 2394 1174 2432 eam
1228 2394 1333 2432 nec
1359 2378 1476 2431 fera
1517 2393 1620 2430 nec
1676 2376 1761 2430 vis
1793 2375 1912 2429 uila

279 2469 409 2537 alia,
444 2484 620 2538 quam
657 2467 967 2520 formidare
1014 2466 1355 2529 debeamus,
1408 2465 1757 2534 insequitur.
1805 2464 1911 2517 Ca-

280 2577 423 2629 prea:
450 2574 679 2629 quoque
706 2558 826 2621 jam
850 2556 1104 2626 appulsae
1139 2555 1428 2609 nuntiavit
1469 2554 1613 2607 nihil
1663 2554 1911 2607 circum-

280 2653 433 2701 stare
465 2646 727 2717 periculi,
780 2649 992 2698 cuncta
1047 2660 1109 2697 se
1143 2643 1256 2696 late
1313 2658 1380 2696 ex
1436 2642 1550 2696 alto
1606 2642 1910 2695 lustrasse.

282 2739 383 2789 Hic
415 2750 644 2788 amersa
676 2735 907 2787 testudo
940 2736 995 2786 et
1026 2732 1165 2785 fonti
1210 2731 1505 2796 innatans,
1540 2734 1912 2783 cunctantem

288 2822 629 2877 verecundia
680 2821 925 2891 quadam
985 2834 1251 2888 capream
1304 2818 1461 2871 sitim
1514 2818 1904 2887 exstinguere,

286 2912 532 2980 benigne
563 2909 824 2963 invitavit
849 2909 919 2961 ad
953 2908 1292 2971 bibendum,
1356 2907 1542 2960 Reﬁce
1575 2911 1627 2960 te
1686 2922 1910 2971 secura,

285 3000 578 3069 inquiens,
655 3000 723 3052 ad
783 2997 1000 3051 amicos
1050 2995 1276 3060 venisti,
1328 3010 1432 3049 nec
1500 2993 1739 3062 quidam
1797 2994 1910 3046 cir-

284 3092 537 3141 cumstat
566 3087 863 3140 infestum.
914 3088 1081 3148 Tum,
1129 3083 1240 3136 nisi
1286 3098 1455 3153 grave
1496 3086 1602 3147 est,
1644 3080 1909 3135 consola-

2012 580 2304 634 incedere.
2362 577 2488 633 Scis
2544 574 2733 640 enim,
2791 572 3000 641 scepius
3056 571 3330 637 experta.
3390 562 3637 617 insidias

2010 667 2365 721 inhiantium
2398 659 2902 731 nostrosanguini.
2925 657 3025 711 Cui
3047 655 3465 725 caprea,Quam
3494 666 3637 721 pru-

2011 754 2289 822 dentiam,
2321 753 2526 823 inquit,
2563 747 2877 805 memoras?
2910 744 3134 799 inutilis
3163 759 3229 795 ea
3260 744 3348 795 est
3396 743 3453 794 et
3500 738 3637 793 effc-

2011 848 2107 896 ctu
2139 858 2325 910 cassa,
2360 840 2587 910 quoties
2620 837 2722 889 fati
2748 836 2870 903 lege
2914 834 2969 887 in
3016 830 3257 886 exitium
3307 824 3637 881 inevitabile

2012 929 2318 984 trahimur.
2354 927 2466 981 Hac
2498 926 2617 979 vice
2649 938 2982 978 sermonum
3019 918 3249 973 testudo
3282 914 3637 986 supervenit,

2014 1034 2175 1071 mure
2206 1022 2443 1069 strenue
2477 1015 2770 1068 laborante
2794 1009 2973 1064 acatis
3008 1007 3279 1062 dentibus
3313 1005 3370 1057 in
3405 1004 3541 1056 fune
3568 1001 3645 1054 lu-

2012 1123 2296 1179 queorum
2328 1104 2656 1158 incidendo.
2681 1102 2883 1164 Dama,
2906 1115 3029 1152 eam
3065 1090 3643 1166 conspicataMalum

2013 1196 2254 1260 factum,
2286 1193 2386 1256 ait,
2420 1191 2573 1261 quod
2605 1190 2718 1242 huc
2747 1186 2978 1251 venisti,
3013 1183 3360 1238 charissima
3391 1179 3642 1241 testudo;

2015 1300 2146 1337 nam
2174 1286 2457 1352 quantum
2490 1276 2733 1347 conjicio
2767 1291 2833 1328 ex
2884 1272 3098 1327 recenti
3153 1269 3417 1323 tensione
3473 1266 3649 1333 hujus

2013 1371 2225 1441 laquei,
2256 1372 2494 1423 venator
2550 1367 2679 1435 ejus
2707 1363 2909 1416 artifex
2970 1377 3081 1414 non
3123 1359 3288 1413 abest
3322 1352 3540 1426 procul.
3594 1356 3647 1406 Is

2016 1477 2147 1514 cum
2177 1458 2371 1511 statim
2404 1452 2719 1519 advenerit,
2751 1467 2956 1504 corvus
2990 1448 3203 1513 volatu,
3255 1461 3386 1498 mus
3434 1442 3645 1495 libera-

2017 1554 2108 1602 tor
2134 1563 2296 1600 meus
2329 1549 2385 1597 et
2416 1559 2520 1612 ego
2555 1558 2685 1593 mox
2733 1538 3018 1608 expedita,
3066 1550 3240 1588 cursu
3296 1529 3459 1585 facile
3506 1529 3648 1582 effu-

2017 1636 2173 1707 gium
2205 1632 2609 1703 captahimus;
2642 1633 2705 1681 tu
2749 1626 2872 1679 sola
2911 1622 3201 1677 tarditatis
3254 1621 3460 1675 innatae
3507 1615 3649 1669 vitio

2018 1727 2210 1795 praeda
2242 1724 2322 1776 illi
2351 1725 2507 1775 certa
2540 1714 2890 1772 remanebis.
2921 1713 3066 1778 Quid
3112 1725 3362 1778 agerem,
3405 1722 3649 1777 respon—

1945 1840 1988 1903 B
2019 1814 2103 1867 dit
2126 1812 2355 1866 testudo
2383 1827 2395 1863 :
2422 1823 2615 1861 carere
2645 1804 2728 1858 tui
2760 1806 3072 1872 conspectu
3121 1816 3235 1852 non
3288 1800 3569 1868 poteram,
3598 1796 3654 1845 et

2024 1900 2229 1972 quovis
2260 1902 2521 1967 emptum
2556 1894 2699 1948 bene
2732 1889 2984 1961 periculo
3017 1892 3153 1958 puto
3190 1888 3437 1939 fructum
3472 1880 3651 1937 animi

2025 1969 2123 2059 qui
2174 1986 2489 2057 percipitur
2542 1996 2855 2051 congressu
2902 1978 3246 2031 amicorum.
3282 1974 3407 2026 Haec
3458 1986 3521 2024 ea
3566 1969 3649 2023 lo-

2025 2058 2237 2148 quente
2268 2072 2545 2141 strepitus
2575 2067 2896 2123 incedentis
2917 2081 3015 2135 per
3036 2063 3239 2117 silvam
3264 2058 3519 2115 hominis
3544 2074 3650 2110 au-

2025 2169 2179 2221 ditur
2211 2162 2482 2235 primum,
2517 2175 2582 2211 ac
2605 2157 2799 2211 statim
2833 2158 3101 2207 venatore
3134 2151 3467 2220 apparente,
3521 2162 3650 2199 cor-

2023 2272 2130 2309 vus
2162 2232 2431 2312 avolavit,
2465 2262 2594 2299 mus
2628 2260 2764 2297 cavo
2804 2241 2919 2294 illic
2980 2238 3213 2293 fortuito
3259 2252 3320 2290 se
3370 2232 3651 2288 condidit.

2028 2347 2198 2398 dama
2228 2338 2413 2409 ruptis
2448 2334 2694 2388 vinculis
2725 2331 2999 2386 exsiliens
3026 2327 3275 2397 aufugit,
3301 2324 3530 2378 testudo
3551 2324 3650 2376 de-

2027 2434 2309 2505 prehensa
2340 2427 2587 2497 capitur,
2620 2429 2677 2478 et
2699 2423 2770 2477 ab
2802 2420 2929 2475 aliis
2965 2421 3184 2473 intento
3204 2418 3493 2477 venatore,
3522 2413 3655 2465 fune

2026 2522 2315 2591 deligatur
2344 2516 2413 2569 ad
2450 2520 2679 2568 trncum
2703 2510 2940 2564 arboris.

2094 2643 2237 2699 Xlll.
2270 2639 2446 2695 Paulo
2480 2642 2609 2707 post
2637 2649 2835 2689 aversa
2866 2631 2923 2684 in
2960 2646 3092 2700 spes
3132 2627 3456 2698 praedarum
3509 2622 3652 2677 alia-

2025 2750 2153 2787 rum
2191 2727 2478 2785 venatoris
2508 2725 2634 2777 ideo
2665 2721 2819 2775 varie
2847 2736 2947 2790 per
2976 2717 3179 2772 silvam
3214 2713 3651 2780 errantis,cura,

2027 2818 2317 2875 silentium
2353 2832 2452 2885 per
2482 2810 2745 2865 inducias
2777 2807 2893 2860 illic
2926 2804 3206 2875 quasdam
3243 2801 3366 2855 fuit.
3400 2802 3521 2863 Quo
3564 2799 3653 2851 usi

2025 2915 2286 2977 tempore
2321 2919 2472 2968 mus,
2507 2914 2713 2967 caprea
2742 2901 2798 2949 ct
2847 2910 3053 2948 corvus
3086 2908 3197 2945 non
3247 2889 3419 2957 longe
3449 2905 3483 2940 a
3532 2886 3652 2939 loro

2026 2996 2124 3051 ubi
2154 2974 2389 3048 testudo
2421 2987 2614 3043 stabat
2640 2988 2832 3038 vincta
2861 2979 3230 3036 conveniunt.
3263 2974 3652 3045 Comploratio

2026 3086 2117 3139 hic
2150 3081 2413 3137 omnium
2464 3093 2531 3129 ex
2562 3091 2697 3128 casu
2754 3071 2959 3125 acerbo
3008 3064 3360 3121 miserabilis
3394 3063 3521 3117 fuit.
3576 3065 3653 3115 Ae

287 3176 439 3229 beris
473 3192 577 3228 nos
608 3174 899 3228 narrando
921 3188 1202 3242 quorsum
1237 3170 1434 3224 venias
1483 3170 1651 3223 unde.
1705 3170 1905 3238 Dama,
1940 3182 1983 3248 ρ
2031 3187 2236 3229 corvus
2270 3167 2442 3237 prior,
2474 3165 2553 3217 Ex
2584 3177 2761 3231 quam
2794 3157 3080 3228 jucunda,
3131 3152 3342 3223 inquit,
3404 3167 3541 3221 pace
3592 3150 3647 3202 in

284 3269 418 3333 potu
474 3267 755 3325 recreata,
814 3261 876 3315 In
931 3265 1255 3324 venatores,
1318 3259 1445 3324 ait,
1506 3257 1678 3311 hodie
1733 3257 1909 3310 incidi

282 3352 495 3421 plures,
531 3357 722 3404 etnon
758 3366 870 3402 uno
898 3347 1239 3402 insidiantes
1284 3346 1430 3414 loco,
1465 3363 1611 3415 quos
1646 3347 1703 3398 ul
1752 3346 1909 3415 fuge-

285 3455 403 3491 rem
453 3439 626 3508 longa
672 3436 1040 3491 contentione
1109 3451 1255 3505 opus
1298 3433 1426 3487 fuit.
1501 3433 1645 3486 Nam
1710 3433 1913 3487 incidit

283 3544 397 3580 non
451 3526 628 3580 semel
682 3528 744 3577 ut
800 3524 989 3578 locum
1053 3523 1150 3576 ubi
1208 3521 1496 3591 refugium
1558 3521 1911 3590 quaerebam,

287 3619 752 3684 praeoccupatum
796 3618 983 3678 nacta,
1035 3611 1166 3664 inde
1216 3614 1485 3664 renovato
1546 3610 1765 3677 impetu
1824 3625 1915 3661 re—

287 3704 513 3757 ﬂectere
544 3717 782 3754 cursum
805 3700 917 3753 alio
968 3715 1220 3767 cogerer,
1274 3698 1460 3767 quoad
1515 3697 1625 3749 huc
1667 3696 1915 3765 propitia

289 3809 379 3845 me
411 3790 676 3860 quaadam
704 3790 934 3842 fortuna
964 3786 1250 3856 perduxit.
1304 3784 1408 3838 Cui
1460 3786 1730 3838 testudo:
1781 3785 1913 3838 Ser-

287 3882 439 3933 vavit
492 3883 548 3931 te
608 3892 733 3931 sors
792 3885 887 3930 tua
935 3892 1064 3928 cum
1101 3873 1213 3927 huc
1272 3871 1543 3941 impulit:
1607 3872 1768 3926 avius
1826 3877 1915 3926 est

288 3968 479 4036 locus,
527 3965 752 4020 nullum
815 3965 905 4017 hic
954 3964 1177 4016 dudum
1237 3965 1567 4015 venatorem
1618 3959 1910 4016 vidimus:

288 4074 468 4126 quare
525 4054 917 4110 sollicitudine
963 4053 1201 4119 omissa,
1237 4050 1363 4104 laeta
1416 4050 1717 4102 nobiscum
1766 4049 1913 4106 vive.

287 4144 519 4215 COpiam
552 4143 733 4196 habes
753 4140 1037 4210 graminis
1064 4137 1285 4203 viridis,
1318 4143 1375 4191 et
1405 4154 1565 4206 aqua:
1587 4136 1645 4190 in
1680 4136 1915 4206 propin—

288 4250 401 4303 quo
436 4231 653 4301 frigidae
685 4245 750 4282 ac
781 4228 1058 4297 limpida),
1104 4232 1252 4291 tum,
1283 4225 1331 4279 si
1388 4242 1501 4279 non
1560 4224 1912 4295 aspernaris,

288 4322 515 4374 sodales
548 4318 834 4388 iucundos
866 4321 920 4369 et
950 4316 1116 4369 fidos.
1145 4314 1284 4376 Quis
1314 4314 1456 4367 talia
1483 4314 1915 4373 recuset,dama

290 4409 581 4478 inquit,et
620 4406 869 4459 libenter
912 4403 1239 4457 assentiens
1282 4402 1565 4467 consedit,
1614 4400 1789 4453 vitam
1836 4399 1915 4453 ibi

289 4498 495 4567 degere
524 4495 798 4563 deinceps
829 4497 1006 4547 certa.
1058 4490 1394 4545 Convivium
1450 4490 1583 4543 inde
1634 4486 1916 4558 hospitale

290 4585 615 4639 celebratur
645 4582 752 4636 sub
786 4582 965 4634 densa
996 4579 1146 4647 ilice,
1181 4578 1429 4649 singulis
1460 4594 1628 4629 casus
1654 4593 1791 4629 suos
1823 4592 1909 4628 re-

290 4673 649 4739 ferentibus;
684 4670 1013 4738 tiebantque
1044 4668 1176 4720 inde
1202 4664 1523 4736 quotidiani
1565 4680 1915 4733 congressus

290 4760 709 4815 conSuetudine
767 4755 1216 4822 humanissima,
1276 4753 1403 4806 aliis
1464 4750 1606 4805 alios
1659 4751 1916 4805 officiose

290 4849 633 4902 visentibus.
663 4845 808 4898 Hinc
841 4844 933 4898 die
964 4843 1214 4913 quadam
1249 4858 1378 4895 cum
1413 4839 1806 4893 condixissent
1834 4842 1914 4890 te-

290 4936 482 4995 studo,
517 4950 646 4986 mus
675 4937 730 4984 et
759 4947 966 4983 corvus
998 4931 1067 4983 ad
1102 4928 1289 4981 cubile
1339 4926 1728 4996 propinquum
1771 4927 1915 4977 ami-

288 5040 364 5077 ca:
398 5019 686 5085 dor-cadis,
720 5021 1059 5087 repererunt
1091 5015 1220 5068 heu!
1276 5014 1433 5068 illam
1484 5012 1689 5082 laqueo
1741 5011 1917 5080 mala,

289 5126 459 5165 manu
490 5107 678 5177 posito
712 5104 1044 5174 implexam.
1080 5102 1311 5156 Primus
1344 5118 1461 5155 rem
1486 5117 1692 5154 corvus
1715 5100 1919 5169 deprc—

286 5198 489 5253 hendit
519 5192 876 5259 antevolans,
908 5196 965 5245 et
1021 5189 1307 5245 curriculo
1364 5188 1582 5242 lentius
1640 5188 1918 5243 euntibus

285 5286 457 5341 sociis
489 5282 1053 5349 occurrens,captam
1085 5278 1315 5331 damam
1350 5276 1641 5331 nuntiavit
1672 5295 1685 5342 ;
1722 5276 1917 5328 abesse

287 5380 480 5429 tamen
499 5378 851 5433 venatorem,
874 5370 1100 5420 tantum
1122 5366 1392 5419 miseram
1419 5364 1631 5417 haerere
1659 5363 1915 5416 funiculo

286 5461 684 5516 constrictam.
713 5454 1075 5510 Consternati
1106 5454 1276 5507 ambo
1322 5451 1698 5507 acerbissimo
1752 5468 1911 5512 casu,

287 5550 535 5623 gradum
568 5561 742 5616 quam
768 5547 1017 5613 possunt
1041 5541 1287 5596 maxime
1311 5540 1583 5594 celerant.
1610 5540 1735 5593 Mus
1759 5538 1916 5607 prior

291 5637 650 5710 perveniens,
685 5632 822 5696 Quis
856 5629 1405 5701 te,inl'clix,inquit,
1461 5628 1548 5681 his
1597 5627 1786 5680 induit
1830 5626 1911 5681 1a-

2018 3250 2704 3335 quantuminfortunium
2720 3247 2912 3301 subita
2928 3242 3299 3297 conversione
3312 3238 3651 3293 devenimus

2018 3325 2202 3416 éuam
2228 3360 2354 3399 vere
2386 3340 2623 3411 quidam
2658 3336 2821 3402 dixit,
2856 3334 2982 3386 vita:
3014 3330 3404 3385 conditionem
3447 3325 3615 3395 deplo
3646 3358 3649 3365 ι

2019 3414 2177 3502 rans,
2214 3430 2483 3487 mortales
2517 3426 2739 3479 felicem
2789 3438 2993 3485 unum,
3042 3418 3089 3472 si
3138 3418 3278 3471 forte
3328 3414 3646 3483 contingat,

2020 3501 2627 3583 successum,centum
2660 3508 3080 3565 offensionibus
3102 3503 3398 3559 etinl‘estis
3413 3501 3647 3555 casibus

2020 3613 2197 3667 luere.
2234 3612 2252 3663 Ι
2289 3622 2442 3661 nunc
2467 3608 2523 3657 et
2554 3602 2665 3653 fide
2715 3596 2994 3651 felicitati.
3048 3594 3171 3647 Non
3224 3590 3449 3644 suffecit
3495 3589 3647 3643 hosti

2019 3717 2155 3755 meae
2185 3698 2424 3751 fortuna:
2457 3690 2641 3761 patria
2688 3702 2779 3740 me
2825 3683 3103 3755 privasse,
3154 3680 3391 3734 orbasse
3440 3693 3645 3747 paren-

2019 3789 2175 3842 tibus
2207 3790 2261 3840 et
2289 3773 2762 3847 consanguineis,
2798 3772 2907 3825 nisi
2932 3770 3103 3824 etiam
3138 3784 3227 3820 me
3260 3781 3412 3819 nunc
3434 3763 3645 3817 dulcis-

2017 3877 2168 3930 sima
2200 3866 2479 3926 testudini
2506 3863 2723 3923 amicas,
2759 3864 2815 3912 et
2849 3862 3003 3927 leges
3035 3853 3305 3910 amicitias
3350 3858 3474 3905 tum
3527 3850 3645 3904 cal-

2020 3962 2192 4018 lentis
2224 3957 2504 4029 apprime,
2541 3957 2662 4004 tum
2708 3946 2977 4011 tenentis,
3027 3939 3447 3996 consuetudine
3494 3936 3646 3991 mul-

2018 4052 2219 4105 claret.
2253 4027 2296 4101 Ο
2332 4059 2464 4113 spes
2520 4037 2767 4092 inanes!
2826 4038 2954 4086 vota
3005 4029 3207 4083 irrita!
3264 4027 3394 4081 Jam
3456 4029 3652 4095 pereat

2020 4138 2126 4191 hoc
2154 4112 2384 4204 corpus,
2416 4136 2471 4183 et
2505 4126 2611 4180 sub
2645 4138 2815 4177 omne
2855 4118 3177 4190 periculum
3227 4114 3490 4167 mittatur
3535 4112 3651 4165 vita

2019 4225 2141 4279 hzec
2177 4202 2270 4276 tot:
2290 4217 2537 4273 obnoxia
2565 4209 2837 4276 miseriis,
2880 4213 2941 4260 ut
2993 4204 3240 4258 maxime
3283 4202 3503 4267 ﬂoreat,
3553 4216 3650 4252 ca-

2021 4314 2171 4366 duca
2201 4327 2267 4363 ex
2299 4305 2454 4361 brevi
2482 4303 2675 4372 vigore
2698 4299 2807 4352 cito
2834 4309 3222 4356 marcescens,
3246 4288 3418 4343 astris
3441 4286 3650 4341 similis

2020 4398 2333 4469 irrequieta
2400 4389 2682 4459 vertigine
2754 4386 2825 4439 ab
2875 4387 3006 4436 ortu
3056 4381 3125 4433 ad
3176 4393 3470 4439 occasum,
3516 4375 3651 4428 hinc

2025 4464 2230 4541 rursus
2280 4485 2338 4536 in
2383 4484 2603 4552 partem
2657 4472 3003 4528 contrariam
3059 4466 3335 4538 gyrantis.
3400 4464 3652 4517 Refricat

2024 4575 2131 4627 hoc
2162 4550 2615 4625 noxum'vulnus
2648 4559 2945 4615 cicatrices
2988 4558 3111 4625 jam
3157 4560 3414 4622 tempore
3462 4550 3649 4603 obdu-

2024 4666 2146 4716 ctas
2175 4664 2436 4712 veterum
2481 4652 2769 4713 dolorum,
2819 4651 2874 4700 ct
2922 4644 3085 4715 quasi
3137 4642 3414 4696 redivivas
3453 4653 3651 4692 secum

2026 4750 2321 4804 adducens
2352 4743 2542 4796 clades
2574 4753 2778 4791 omnes
2803 4732 3145 4805 praeteritas,
3172 4727 3543 4797 conspirante
3575 4725 3650 4778 si-

2026 4833 2472 4890 mulacerbitate
2489 4828 2888 4881 universarum
2909 4817 3312 4875 crudelissime
3330 4832 3419 4867 me
3435 4813 3654 4867 cruciat

2023 4923 2183 4977 Talia
2235 4924 2680 4988 conquerentem
2729 4926 2961 4964 corvum
3010 4904 3387 4975 interpellans
3420 4917 3647 4969 caprea,

2026 5013 2111 5065 Tu
2144 5010 2401 5080 quidem.
2436 5003 2647 5073 inquit,
2674 4999 2888 5069 tragice
2920 4994 3312 5059 rhetoricaris,
3339 4989 3506 5059 quasi
3557 5005 3644 5040 so-

2026 5100 2218 5169 phista
2248 5098 2316 5150 de
2361 5093 2579 5158 schola,
2626 5087 2855 5142 interim
2907 5087 3043 5137 dum
3096 5079 3424 5135 communis
3464 5075 3651 5129 amica

2027 5163 2260 5242 testudo
2296 5185 2353 5237 in
2404 5181 2531 5233 dira
2575 5178 2870 5240 servitute,
2934 5169 3291 5224 imminentis
3344 5163 3501 5217 exitii
3556 5180 3649 5216 ex-

2026 5273 2383 5346 spectatione
2411 5268 2623 5321 misera
2652 5267 2896 5317 aestuat:
2932 5260 3068 5329 quin
3102 5256 3316 5326 potius,
3363 5252 3651 5319 intempe-

2025 5341 2157 5416 stivi
2204 5359 2578 5420 declamator,
2610 5353 2660 5408 ei
2714 5350 3023 5404 liberandae
3075 5348 3213 5397 dum
3264 5348 3491 5407 tempus
3541 5341 3649 5405 est,

2024 5448 2247 5504 consilii
2302 5445 2600 5516 quidpiam
2661 5440 2811 5493 celer
2868 5434 3101 5504 expedis
3131 5432 3157 5485 ‘P
3198 5430 3335 5493 Hoc,
3385 5427 3647 5493 inquam,

2023 5555 2123 5606 age
2158 5536 2285 5589 istis
2317 5532 2570 5595 omissis,
2607 5527 2863 5589 utviam,
2898 5525 2945 5577 si
2976 5536 3091 5590 qua
3121 5522 3225 5583 est,
3253 5510 3647 5580 amicicapitis

2024 5625 2148 5680 neci
2179 5621 2462 5694 eripicndi
2493 5620 2795 5672 ineamus:
2831 5612 2925 5666 sed
2963 5606 3171 5677 raptim
3222 5621 3287 5658 ac
3342 5599 3487 5655 citra
3523 5614 3647 5650 mo-
