4108 6294
460 376 595 430 1307

1953 393 2338 446 APPENDIX.

3712 389 3855 442 1308

456 520 601 569 ram;
639 520 770 559 nam
795 504 970 560 ofﬁcii
995 507 1217 563 occasio
1240 509 1429 563 brevis
1456 514 1568 564 est.
1600 509 1805 565 Militis
1856 513 1912 565 in
1946 513 2086 568 aciei
2121 516 2169 581 Α
2203 514 2383 585 gligat
2431 518 2693 584 paratam
2731 514 3036 587 praedam?
3088 516 3227 566 Cum
3281 528 3457 583 prope
3515 512 3849 570 accesserit,

454 593 751 663 procinctu
790 595 1064 650 fortitudo
1097 598 1398 667 probatur,
1430 599 1672 666 aequitas
1703 600 2091 670 negotiatoris

454 683 512 737 in
548 687 783 754 accepta
807 685 968 753 juste
999 686 1293 741 reddendo
1342 689 1710 759 perspicitur,
1759 689 1903 743 ﬁdes
1945 692 2089 743 ami-

455 772 602 826 citiae
636 790 819 827 unum
854 778 1087 845 tempus
1119 776 1293 830 habet
1323 778 1412 830 sui
1465 779 1795 847 prodendae,
1849 778 2087 833 calami-

452 864 632 914 tatem
664 861 1006 918 amicorum.
1042 867 1365 918 Cunctante
1400 866 1468 919 ad
1504 866 1621 919 haec
1653 882 1841 933 corvo,
1878 868 1974 921 cui
2009 867 2090 921 ni.

456 949 534 1001 hil
587 956 954 1005 succurreret
994 953 1063 1005 ad
1105 969 1347 1022 scopum
1382 954 1545 1019 utile,
1596 970 1888 1025 occupans
1936 972 2092 1009 mus-

453 1037 594 1091 Mihi
629 1039 877 1104 videtur;
911 1042 1121 1111 inquit,
1147 1042 1432 1111 optimum
1472 1044 1649 1107 factu,
1698 1044 1745 1096 si
1801 1061 1861 1098 se
1912 1044 2090 1115 prori-

453 1128 575 1195 piat
599 1126 732 1180 hinc
764 1128 956 1192 dama,
990 1130 1129 1182 etin
1157 1146 1360 1201 campo
1393 1148 1460 1184 ex
1485 1132 1592 1185 hoc
1616 1132 1737 1187 loco
1773 1132 2088 1203 conspicuo

453 1214 617 1267 humi
643 1216 846 1283 jacens
870 1233 931 1271 se
959 1224 1247 1273 mortuam
1291 1219 1545 1287 simulet,
1583 1220 1754 1275 ﬁdem
1786 1222 1913 1274 viso
1964 1238 2087 1275 cor-

453 1319 559 1355 vus
592 1308 819 1357 astruat
854 1306 1295 1375 superinvolans
1326 1312 1381 1361 et
1412 1308 1691 1375 insidens,
1732 1313 1795 1363 ut
1842 1310 2088 1363 cadave—

456 1390 617 1444 ribus
651 1391 837 1445 solet:
871 1392 977 1447 hoc
1008 1399 1244 1448 venator
1293 1395 1547 1463 intuens,
1600 1396 1814 1451 omisso
1865 1413 2003 1451 arcu
2037 1400 2093 1450 et

456 1478 744 1549 pharetra,
778 1480 941 1535 velox
974 1498 1037 1536 eo
1070 1485 1397 1551 contendet;
1435 1486 1726 1555 quomodo
1776 1486 1932 1539 enim
1991 1501 2090 1539 ne-

2203 607 2286 671 tu,
2318 602 2513 666 dama,
2547 616 2770 671 surges,
2806 606 2861 655 et
2891 617 3003 655 non
3036 605 3157 655 tota
3183 599 3479 654 velocitate
3512 605 3683 653 utens
3717 605 3845 666 tua,

2202 689 2421 743 sensim
2454 689 2647 743 elicies
2672 691 2740 743 ad
2775 690 3131 759 sequendum
3164 704 3265 758 spe
3296 688 3513 756 injecta
3551 686 3635 740 tui
3672 689 3841 757 quasi

2199 778 2515 833 vulneratae
2548 778 2834 849 potiundi.
2866 778 2957 832 Sic
2989 793 3120 832 eum
3176 778 3431 830 abducas
3482 792 3660 846 quam
3708 775 3839 829 lon-

2201 867 2468 937 gissime,
2502 866 2604 937 ego
2635 852 2873 921 interimi
2913 866 3191 921 dentibus
3233 864 3468 919 vincula
3516 863 3835 918 testudinis

2202 955 2597 1009 conscindam.
2637 957 2916 1009 Probatur
2952 971 3041 1009 res
3091 954 3339 1008 cunctis.
3393 952 3691 1023 incipiunt
3742 969 3839 1021 pro

2203 1058 2264 1096 se
2297 1044 2567 1113 quisque,
2618 1045 2772 1114 quod
2818 1045 2963 1098 bene
3004 1047 3275 1107 verteret,
3330 1046 3388 1096 et
3442 1041 3743 1110 negotium
3784 1044 3842 1093 ut

2203 1131 2635 1186 destinaverant
2693 1133 3015 1199 successit,
3076 1130 3465 1200 liberatioque
3527 1128 3839 1182 testudinis

2203 1220 2497 1273 communi
2523 1226 2609 1274 est
2640 1220 3029 1289 gratulatione
3056 1218 3363 1273 celebrata.
3390 1218 3683 1271 Hactenus
3718 1216 3843 1269 idea

2203 1310 2516 1363 informata
2579 1315 2666 1362 est
2722 1310 3043 1364 amicorum
3095 1314 3149 1362 et
3209 1306 3501 1373 amicitiar,
3556 1307 3721 1359 dotes
3771 1304 3839 1357 il-

2202 1395 2431 1465 lorum,
2489 1398 2666 1467 hujus
2734 1398 2928 1453 ofﬁcia
2978 1396 3135 1452 velut
3206 1396 3262 1449 in
3334 1393 3571 1465 speculo
3637 1408 3841 1463 propc-

2203 1501 2369 1542 nens.

1546 1788 2048 1849 DlSSERTATIO
2089 1785 2584 1848 PARABOLICA
2627 1784 2726 1843 IV.

463 1907 656 1987 Var-ia
688 1908 1098 1967 demonstrat.
1140 1913 1425 1969 Primum
1461 1933 1481 1967 :
1512 1912 1646 1969 odii
1679 1915 1997 1987 pro/undi
2054 1921 2111 1969 et
2143 1916 2481 1971 inveterati
2513 1915 2638 1966 vim
2692 1912 3086 1987 malignam;
3135 1904 3365 1963 deinde
3423 1903 3831 1961 consiliorum

528 1986 835 2044 delectum
890 1995 958 2045 in
1006 1990 1315 2063 periculis
1366 1994 1577 2065 Reip.;
1634 1986 1846 2067 postea
1910 1998 2339 2052 necessitatem
2385 1994 2607 2048 arcani
2663 1986 2748 2045 ad
2801 2005 3016 2045 eorum
3071 2000 3477 2067 success-um;
3516 1988 3827 2067 Ρνῖεξενθίῖ

527 2067 718 2141 ﬁdem
747 2087 957 2127 veram
987 2060 1058 2127 de
1089 2060 1647 2131 charitatem-civis
1673 2092 1735 2129 se
1750 2091 1874 2147 pro
1903 2078 2125 2148 patria
2157 2072 2549 2133 devoventis:
2584 2068 2854 2143 denique
2906 2073 3147 2143 quanta
3187 2066 3472 2139 pernicie
3527 2060 3828 2119 credatur

537 2154 554 2202 Ι
567 2166 636 2203 ra
643 2149 913 2224 nsfugis.

521 2305 825 2360 Siclocuto
855 2308 1348 2378 gymnosophistae
1380 2324 1479 2363 rex
1506 2309 1923 2365 Abessalomus
1958 2311 2077 2365 haec
2111 2313 2157 2375 Β
2188 2305 2411 2360 Videtis
2464 2319 2695 2358 omnem
2751 2301 3008 2371 undique
3078 2297 3330 2353 civitatis
3390 2297 3569 2366 hujus
3622 2296 3827 2348 nostrae

446 2397 621 2451 verba
678 2395 965 2449 reddidit:
1025 2397 1267 2452 Abunde
1321 2398 1567 2451 docuisti
1638 2415 1727 2453 me
1777 2415 1902 2469 quae
1945 2401 2081 2469 jura

447 2501 643 2555 quaeve
669 2484 870 2537 munia
891 2485 1007 2538 sint
1029 2484 1298 2538 amicitiae
1334 2485 1757 2555 sincerae,nunc
1789 2504 1856 2540 cx
1886 2487 2081 2555 te,nisi

446 2574 726 2643 gravaris,
761 2572 962 2627 audire
1015 2588 1286 2642 cuperem
1347 2590 1472 2643 quae
1526 2575 1747 2645 optima
1804 2574 1886 2629 sit
1934 2576 2080 2630 ratio

444 2659 1079 2713 insidiasinimicorum
1136 2661 1491 2728 praecavendi
1539 2661 1851 2715 amicitiam
1894 2662 2078 2716 simu-

444 2746 715 2800 lantium.
747 2748 829 2800 Ad
862 2746 971 2801 hoc
1003 2747 1156 2817 regis
1208 2749 1547 2802 mandatum
1604 2766 1746 2803 novo
1795 2750 2080 2820 principio

443 2834 925 2906 gymnosophista
976 2852 1213 2891 exorsus
1257 2837 1543 2891 disserere
1591 2838 1763 2908 coepit
1812 2838 1869 2891 in
1924 2839 2080 2893 hunc

450 2925 711 2979 modum:

514 3016 555 3067 Ι.
607 3013 713 3076 Qui
765 3012 930 3067 facile
984 3012 1218 3067 inimico
1279 3013 1460 3069 credit
1517 3014 1955 3069 reconciliatum
2018 3032 2079 3071 se

444 3101 671 3168 fcrenti,
707 3101 961 3172 patietur
1002 3103 1156 3172 quod
1207 3104 1432 3157 noctuis
1482 3104 1712 3171 accidit,
1750 3105 2080 3176 proditione

443 3189 561 3244 ﬁcti
596 3191 914 3259 transfugas
968 3190 1174 3244 ultima
1230 3190 1624 3246 internecione
1682 3191 1904 3247 deletis.
1967 3194 2078 3249 Res

446 3282 716 3332 narratur
748 3278 802 3329 in
840 3277 996 3330 hunc
1030 3279 1267 3331 modum
1303 3293 1315 3329 :
1349 3278 1535 3333 Arbor
1592 3285 1715 3334 erat
1771 3280 1829 3334 in
1884 3286 2079 3338 monte

446 3368 573 3422 avio
620 3380 843 3420 annosa
899 3367 1211 3419 densorum
1268 3365 1618 3434 ramalium,
1676 3375 1841 3422 vetus
1890 3370 2079 3425 cubile

448 3455 746 3525 rapacium
778 3453 994 3518 avium,
1028 3452 1125 3507 ubi
1160 3454 1291 3507 fixis
1322 3455 1545 3508 dudum
1587 3457 1826 3511 sedibus
1876 3474 2081 3513 corvus

450 3530 645 3598 senior
674 3541 834 3596 mille
864 3543 1179 3597 admodum
1222 3542 1311 3597 su!
1361 3545 1587 3613 generis
1631 3546 1921 3615 capitibus
1970 3550 2077 3603 im-

444 3632 746 3703 peritabat.
784 3630 1034 3702 Degebat
1063 3632 1121 3685 in
1154 3647 1397 3686 caverna
1428 3634 1590 3704 rupis
1622 3635 1894 3705 proximae
1926 3652 2067 3707 gens
2100 3663 2141 3728 ρ

446 3735 757 3773 numerosa
812 3722 1180 3782 noctuarum,
1214 3720 1312 3773 uni
1359 3723 1414 3773 et
1452 3720 1581 3791 ipsa
1633 3723 1750 3793 regi
1809 3724 2066 3779 serviens

443 3806 842 3861 infensissimo
902 3807 1096 3877 generi
1150 3808 1400 3863 corvino.
1460 3811 1646 3873 Quare
1696 3820 1754 3864 ut
1801 3810 1953 3865 inter
1988 3811 2070 3864 vi-

445 3896 606 3949 cinos
644 3894 877 3949 acribus
923 3894 1271 3951 commissos
1324 3896 1495 3965 odiis,
1524 3897 1771 3951 invicem
1827 3899 2074 3953 nocendi

446 3982 684 4038 consilia
706 3983 1033 4037 tumebant.
1064 3986 1324 4047 Quadam
1355 3988 1524 4039 nocte
1565 3986 1871 4041 universus
1914 4002 2076 4042 exer-

446 4072 596 4125 citus
650 4076 1037 4134 noctuarum,
1094 4070 1395 4142 inopinato
1453 4073 1661 4127 castris
1719 4090 2072 4145 erumpens,

447 4158 662 4227 sopitos
718 4162 771 4210 et
825 4156 968 4209 nihil
1034 4156 1149 4211 tale
1196 4161 1519 4213 metuentes
1578 4174 1780 4216 corvos
1838 4161 2067 4216 invasit.

444 4246 622 4299 Primi
656 4246 927 4299 custodes
950 4244 1099 4300 czesi:
1120 4249 1506 4315 perrumpunt
1531 4248 1740 4303 deinde
1772 4249 1827 4303 in
1853 4250 2077 4306 arboris

443 4335 672 4400 intima,
707 4334 959 4387 multum
988 4335 1294 4403 sanguinis
1328 4337 1554 4405 fusum;
1603 4340 1838 4394 tandem
1889 4340 2075 4395 inter-

445 4423 609 4478 fectis
642 4423 933 4494 plurimis,
976 4423 1291 4479 vulneratis
1331 4442 1446 4479 non
1498 4428 1719 4496 paucis,
1776 4430 2075 4486 nonnullis

448 4512 655 4583 captis,
687 4511 891 4582 spoliis
931 4511 1137 4566 divites
1184 4516 1241 4567 et
1287 4519 1524 4569 ovantes
1566 4516 1804 4571 victoria
1852 4523 2075 4575 noctuae

447 4600 567 4655 sole
591 4601 715 4669 jam
740 4600 959 4654 oriente
992 4617 1129 4655 suas
1168 4603 1334 4657 sedes
1382 4608 1672 4673 repetunt.
1724 4606 2074 4663 Archicorax

443 4690 679 4759 (nomen
732 4687 838 4742 hoc
887 4692 1009 4742 erat
1065 4689 1342 4761 principis
1383 4694 1728 4764 corvorum),
1774 4694 1949 4749 simul
2008 4714 2075 4751 ex

443 4777 832 4847 trepidatione
865 4791 925 4830 se
966 4779 1180 4846 recepit
1224 4778 1405 4848 praelii
1457 4782 1749 4849 nocturni,
1800 4788 2069 4839 senatum

442 4865 595 4934 cogit
626 4880 929 4935 procerum
970 4867 1204 4935 gentis;
1255 4882 1401 4936 quos
1460 4869 1610 4923 inter
1667 4872 1896 4926 medius
1954 4874 2071 4928 hinc

441 4953 540 5007 ait:
575 4955 802 5017 Quanta
831 4953 1022 5007 clades
1053 4969 1168 5006 uno
1197 4954 1418 5023 impetu
1470 4957 1782 5027 improviso
1831 4966 2069 5015 noctua-

440 5058 567 5095 rum
603 5041 818 5095 nostris
876 5041 1050 5095 rebus
1082 5041 1244 5097 illata
1293 5043 1390 5109 sit,
1446 5046 1689 5101 docendi
1751 5065 1881 5104 mea
1937 5067 2069 5105 ora-

436 5130 593 5183 tione
624 5146 737 5182 non
766 5128 927 5183 estis.
982 5130 1047 5183 In
1095 5131 1279 5187 oculis
1332 5135 1740 5190 recentissima
1792 5139 2073 5208 pernicies

436 5222 542 5271 est.
579 5217 759 5270 Multa
792 5218 846 5270 in
876 5217 990 5270 vita
1022 5235 1152 5271 sum
1184 5220 1425 5275 adversa
1448 5228 1738 5293 expertus,
1768 5241 2071 5295 nunquam

434 5311 557 5359 tam
590 5322 765 5374 prope
791 5306 1094 5360 interitum
1118 5309 1342 5363 venisse
1367 5326 1457 5363 me
1484 5313 1741 5367 memini.
1770 5318 1883 5367 Vos
1910 5314 2070 5385 ipsos

439 5393 628 5447 adhuc
659 5393 819 5447 video
853 5394 1090 5449 horrore
1112 5396 1351 5466 periculi
1388 5398 1692 5468 palientes.
1728 5402 2068 5456 Obtruncati

441 5480 664 5549 vigiles,
694 5498 935 5552 pervasa
961 5489 1171 5553 castra,
1204 5487 1379 5539 robur
1428 5488 1486 5541 in
1538 5488 1630 5544 his
1680 5492 1934 5545 deletum
1988 5493 2070 5547 le-

443 5570 700 5637 gionum,
735 5589 835 5624 arx
878 5572 1085 5627 intima
1130 5580 1185 5627 et
1233 5576 1395 5646 regni
1439 5578 1653 5633 avitum
1703 5580 1915 5635 solium
1969 5598 2070 5651 op-

444 5663 692 5725 portuno
722 5660 811 5713 vix
844 5662 1079 5717 tandem
1112 5664 1414 5721 allucentis
1437 5668 1549 5721 dici
1583 5670 1793 5724 auxilio
1826 5656 2068 5726 retenta.

2191 2394 2518 2449 frondentis
2576 2391 2883 2444 circuitum
2942 2393 3080 2457 quot
3149 2392 3480 2442 nostrorum
3543 2384 3832 2437 cadavera

2188 2484 2582 2548 consternant,
2617 2484 2833 2549 quanta
2866 2478 2953 2532 vis
2998 2476 3224 2531 cruoris
3274 2474 3547 2536 maculet,
3599 2476 3825 2542 quanta

2187 2572 2521 2643 plumarum
2554 2568 2667 2622 late
2698 2568 2995 2636 congeries
3027 2570 3213 2636 tegat:
3259 2562 3504 2631 vestigia
3544 2561 3826 2631 probrosa

2187 2658 2371 2714 nostri
2430 2656 2774 2721 dedecoris,
2831 2660 2887 2709 et
2943 2659 3159 2724 tropaea
3214 2651 3504 2721 jactantiie
3563 2648 3819 2702 hostium

2189 2756 2545 2811 nostrorum,
2578 2746 2676 2815 qui
2711 2762 2825 2814 quo
2870 2744 3100 2797 viliores
3153 2746 3311 2807 sunt,
3367 2745 3421 2793 et
3471 2739 3606 2810 plus
3652 2737 3824 2807 vulgo

2182 2836 2378 2905 exosi,
2436 2851 2502 2888 eo
2564 2838 2759 2887 nostra
2821 2837 2906 2886 est
2966 2829 3386 2885 intolerabilior
3454 2826 3820 2898 ignominia.

2183 2925 2368 2995 Agite,
2402 2921 2685 2977 consulite
2717 2921 2777 2974 in
2828 2920 3087 2974 medium
3139 2918 3279 2988 quid
3317 2915 3682 2971 emendando
3730 2913 3826 2966 in-

2184 3014 2510 3077 commodo,
2547 3010 2935 3082 praecavendis
2968 3010 3023 3063 in
3058 3012 3355 3078 posterum
3397 3005 3627 3059 damnis
3660 3003 3822 3057 simi-

2182 3104 2360 3168 libus,
2394 3104 2786 3171 opportunum
2819 3099 2972 3152 factu
2996 3095 3298 3166 judicetis,
3332 3093 3603 3164 promite.
3638 3093 3821 3146 Erant

2184 3190 2374 3261 capita
2405 3187 2635 3243 consilii
2687 3187 2946 3256 quinque
2990 3202 3103 3255 prae
3150 3182 3371 3239 caeteris
3424 3182 3677 3235 illustres
3725 3196 3825 3249 ge-

2185 3284 2408 3334 starum
2440 3278 2594 3331 fama
2626 3290 2843 3336 rerum,
2868 3278 2923 3328 et
2954 3278 3118 3344 parta
3159 3276 3323 3325 aetate
3375 3287 3439 3324 ac
3490 3270 3657 3339 longo
3708 3286 3822 3322 usu

2188 3366 2507 3438 prudentiae
2540 3363 2805 3434 opinione
2840 3362 3001 3417 clari.
3044 3366 3261 3415 Horum
3295 3360 3392 3429 qui
3425 3359 3645 3429 primus
3678 3358 3823 3411 forte

2184 3455 2549 3517 consederat,
2585 3452 2736 3521 regis
2796 3450 3116 3505 orationem
3175 3449 3257 3503 sic
3290 3449 3549 3517 excepit:
3606 3445 3815 3500 Docuit

2184 3543 2301 3597 haec
2326 3539 2707 3595 nosincursio
2742 3555 2914 3609 quam
2945 3554 3146 3608 parum
3189 3536 3333 3590 tutis
3377 3539 3615 3589 utamur
3664 3532 3818 3587 sedi-

2183 3631 2315 3697 bus;
2349 3629 2509 3683 nulla
2537 3644 2797 3697 unquam
2844 3631 2932 3680 est
2982 3625 3265 3679 securitas
3310 3624 3365 3677 in
3420 3629 3536 3676 tam
3582 3623 3811 3675 infensa

2180 3718 2389 3772 vicinia
2420 3716 2725 3788 speranda.
2761 3715 3123 3769 Plorentibus
3157 3714 3330 3768 rebus
3362 3711 3599 3777 nostris,
3641 3710 3805 3764 incc—

2180 3805 2324 3861 lumi
2354 3804 2630 3869 exercitu,
2664 3804 2907 3873 integris
2955 3803 3183 3872 opibus,
3227 3802 3318 3855 vix
3368 3816 3535 3871 pares
3592 3798 3813 3852 fuimus

2179 3894 2424 3949 insultui
2452 3894 2712 3947 nondum
2747 3890 3145 3961 spernentium
3172 3891 3297 3952 dos,
3332 3889 3578 3943 necdum
3613 3902 3816 3957 exper-

2181 3991 2365 4039 torum
2399 3982 2759 4036 debilitatem
2805 3985 3083 4034 nostram.
3118 3977 3177 4033 Si
3230 3982 3398 4031 nocte
3448 3977 3815 4045 insequente,

2180 4087 2454 4127 successu
2510 4070 2747 4133 feroces,
2797 4069 2950 4123 aucti
3013 4067 3246 4136 animis,
3308 4064 3515 4135 majori
3570 4080 3814 4118 numero

2180 4158 2528 4230 ingruerint,
2562 4158 2699 4228 quid
2732 4157 2991 4211 futurum
3026 4157 3121 4223 sit,
3181 4154 3380 4209 horret
3438 4153 3667 4206 animus
3730 4153 3816 4205 in-

2182 4248 2430 4303 formare
2460 4248 2786 4318 cogitando.
2820 4246 3065 4301 Utamur
3097 4259 3304 4298 censeo
3361 4241 3638 4297 beneficio
3698 4241 3811 4294 diei

2181 4353 2306 4407 quze
2340 4336 2462 4391 sola
2492 4335 2712 4389 cladem
2744 4340 3053 4387 extremam
3087 4332 3269 4387 nostri
3302 4330 3530 4402 generis
3578 4329 3814 4382 interci-

2181 4425 2284 4495 pit;
2335 4420 2608 4492 reliquias
2656 4425 2863 4475 tenues
2919 4424 3147 4474 tantum
3195 4434 3306 4472 non
3367 4415 3563 4469 delete
3618 4414 3808 4485 gentis

2180 4514 2237 4566 in
2270 4512 2461 4566 locum
2516 4510 2915 4573 munitiorem,
2967 4511 3253 4562 remotum
3300 4505 3371 4558 ab
3404 4505 3589 4569 hoste,
3624 4520 3708 4571 ac,
3760 4502 3811 4555 si

2180 4602 2305 4657 ﬁeri
2341 4605 2545 4671 potest,
2576 4600 2839 4670 ignotum
2874 4598 3040 4668 ipsis,
3100 4595 3522 4651 transferamus
3556 4610 3568 4646 :
3630 4594 3812 4646 fracta

2177 4692 2412 4758 virtute,
2448 4708 2562 4744 una
2594 4707 2727 4760 spes
2751 4689 2957 4743 salutis
2992 4688 3050 4741 in
3087 4688 3223 4757 fuga
3273 4689 3503 4738 matura
3528 4688 3629 4737 est.
3685 4682 3810 4736 Dixi

2182 4778 2615 4853 quid'sentiam.

2249 4875 2317 4926 II.
2353 4875 2469 4925 Hoc
2501 4871 2579 4924 ita
2611 4871 2801 4924 locuto
2835 4868 3023 4939 surgit
3054 4867 3136 4921 illi
3188 4866 3508 4938 proximus,
3552 4871 3609 4919 et
3646 4861 3809 4917 vultu

2180 4962 2451 5031 sedatior,
2493 4962 2795 5027 Extremas,
2855 4959 3067 5030 inquit,
3115 4956 3539 5028 desperationis
3597 4956 3809 5009 intem-

2178 5049 2464 5121 pestivum
2527 5049 2859 5103 audivimus
2918 5046 3271 5113 consilium;
3334 5044 3621 5111 nondum,
3680 5061 3808 5115 quae

2182 5139 2364 5209 gratia
2394 5138 2590 5192 divum
2623 5141 2732 5204 est,
2765 5154 2829 5192 co
2863 5140 3001 5191 sunt
3030 5134 3139 5189 loci
3171 5150 3262 5188 res
3294 5139 3504 5188 nostra:
3543 5135 3809 5188 redactae.

2182 5227 2433 5281 Furtone
2464 5243 2579 5281 uno
2611 5224 3017 5295 impressionis
3050 5226 3343 5278 nocturna:
3390 5227 3446 5277 et
3495 5223 3810 5293 improviso

2183 5314 2405 5370 assultu
2437 5313 2793 5370 debellatum
2826 5313 2929 5368 sit?
2945 5312 3042 5365 vili
3064 5311 3375 5366 vendimus
3405 5315 3461 5364 et
3492 5312 3734 5382 patriam
3754 5316 3813 5365 et

2182 5404 2397 5458 famam
2431 5420 2529 5473 pro
2554 5403 2766 5475 quibus
2797 5403 2971 5456 fortes
3003 5415 3206 5454 omnes
3228 5414 3491 5455 cruorem
3510 5405 3566 5453 et
3595 5399 3813 5469 quaevis

2181 5497 2436 5547 extrema
2485 5492 2878 5561 paciscuntur.
2942 5490 3100 5543 State
3158 5487 3393 5552 animis,
3438 5487 3641 5543 cives:
3696 5504 3809 5541 non

2181 5581 2302 5634 acie
2357 5597 2563 5634 sumus
2614 5579 2771 5645 victi,
2830 5578 2929 5632 sed
2988 5576 3317 5631 velitatione
3376 5593 3580 5646 parum
3642 5576 3811 5631 nobis

2181 5688 2457 5741 prospera
2487 5670 2711 5725 tentati.
2746 5669 2958 5723 Multas
3016 5666 3385 5734 offensiones,
3436 5665 3611 5719 etiam
3672 5682 3808 5738 gra-
