4060 6304
266 409 408 463 1309

1273 418 1631 469 SPECIMEN
1671 417 2068 470 SAPIENTle
2105 416 2433 470 INDORUM
2470 418 2630 468 VET.

3508 399 3647 455 4310

266 536 476 603 viores,
525 536 675 599 belli,
729 539 1046 593 succedens
1092 539 1321 593 fortuna
1369 539 1574 593 melior
1627 539 1893 595 correxit.
1928 541 1977 605 Α
2010 543 2116 593 est.
2159 540 2351 603 Cavet,
2406 538 2629 609 vigilat,
2692 537 3025 608 procinctus
3079 537 3193 587 stat
3252 532 3321 586 ad
3379 528 3490 581 vim
3543 527 3645 596 qui

275 624 642 679 Instruamus
674 626 1010 688 exercitum,
1039 627 1387 697 prodeamus
1436 627 1556 681 acie
1596 627 1901 697 quadrata,

279 728 659 781 provocemus
692 719 936 769 noctuas
966 715 1024 768 in
1082 715 1366 785 praelium.
1404 715 1487 769 lbi
1519 731 1651 769 vera
1698 715 1909 769 virtute

280 806 551 855 cernatur
574 802 666 855 cui
699 802 844 871 parti
873 803 1172 857 victoriam
1208 804 1399 871 superi
1442 808 1725 867 annuant,
1781 807 1911 856 utra

280 896 510 959 prtestet
576 890 666 943 via
733 890 958 945 bellica.
1038 891 1096 944 Si
1164 891 1471 957 vincimus,
1533 891 1911 945 restituemus

279 978 721 1047 rempublicam,
753 978 1041 1031 maculam
1079 978 1345 1032 eluemus
1377 979 1675 1033 dedecoris
1706 979 1909 1045 inusti;

280 1066 325 1118 si
361 1066 498 1133 quid
533 1082 697 1120 secus
717 1065 1213 1135 asciderit,tamen
1242 1066 1398 1120 laudi
1421 1067 1530 1121 erit
1553 1068 1703 1136 apud
1733 1068 1913 1120 bonos

281 1153 558 1207 fortitudo
606 1152 847 1220 infelix;
899 1158 955 1207 et
1004 1154 1154 1221 quod
1219 1153 1420 1207 multis
1483 1156 1637 1207 fama
1685 1153 1914 1225 inclytis

278 1241 541 1309 contigit,
576 1241 791 1295 honore
839 1241 1060 1310 integro
1096 1242 1263 1294 marti
1296 1243 1538 1295 adverso
1566 1243 1913 1295 succumbe—

284 1344 437 1381 mus.
472 1328 593 1382 Mea
617 1343 750 1397 ergo
782 1329 902 1381 hrec
935 1334 1023 1382 est
1066 1330 1396 1395 sententia;
1458 1329 1793 1383 haerendum
1858 1330 1913 1382 in

278 1414 425 1483 loco,
475 1416 790 1470 obtinenda
861 1417 1105 1487 vestigia
1171 1418 1482 1487 majorum,
1536 1418 1913 1484 ignominiam

280 1502 464 1555 exsilii
500 1503 650 1557 haud
686 1504 1161 1559 consciscendam
1189 1505 1365 1569 ultro,
1388 1522 1618 1559 summa
1650 1507 1698 1559 vi
1738 1522 1917 1576 quan-

282 1590 469 1644 tocius
518 1592 848 1645 conandum
903 1592 1125 1646 cladem
1183 1592 1339 1647 hosti
1391 1609 1687 1663 reponere.
1741 1592 1916 1647 'l'ertii

286 1682 415 1749 post
444 1678 549 1733 hos
582 1680 871 1734 contraria
893 1680 1125 1750 utrique
1156 1681 1265 1734 fuit
1286 1681 1469 1735 oratio
1504 1681 1559 1735 in
1583 1680 1702 1735 haec
1724 1682 1914 1735 verba:

284 1769 399 1835 Ego
454 1782 556 1819 nec
623 1767 814 1836 fugam
870 1771 1133 1837 turpem,
1190 1784 1293 1822 nec
1352 1784 1606 1839 praeceps
1654 1768 1915 1839 praelium

2016 627 2267 693 metuit;
2302 626 2663 681 indormiens
2708 625 2928 698 supina:
2992 622 3235 685 fiduciae,
3293 616 3644 689 opprimitur

2014 714 2273 785 impune.
2332 714 2615 769 Caeterum
2674 714 2944 783 princeps
3011 711 3241 780 sapiens
3300 708 3368 761 ad
3425 704 3642 759 bellum

2014 806 2157 857 tunc
2190 808 2416 857 tantum
2468 802 2703 874 appellit
2755 802 3036 863 animum,
3086 797 3314 867 quando
3359 794 3473 849 alia
3530 808 3644 845 non

2018 892 2279 962 suppetit
2310 892 2453 945 ratio
2512 888 2845 960 reipublicae
2877 888 3125 942 tuendae.
3163 887 3326 939 Luxu
3382 881 3495 935 cibi
3549 884 3650 934 aut

2017 985 2203 1033 vestes
2236 984 2682 1046 consumuntur,
2713 978 2847 1031 ludo
2880 976 3014 1029 aleae
3040 974 3420 1046 proﬁigantur
3480 986 3649 1024 num-

2020 1067 2331 1134 mi,Martis
2365 1066 2852 1121 damnosissimus
2878 1068 3167 1119 mercatus
3199 1067 3323 1127 est;
3362 1057 3651 1128 impendio

2020 1155 2345 1209 animarum
2391 1156 2469 1208 ibi
2517 1154 2711 1209 omnia
2766 1156 3062 1208 emuntur.
3117 1150 3365 1204 Tacebat
3423 1149 3657 1201 senator

2022 1248 2153 1314 post
2183 1244 2300 1297 hmc
2330 1243 2507 1307 dicta,
2568 1243 2729 1309 quasi
2784 1244 3134 1313 perorasset,
3196 1238 3429 1307 quando
3490 1235 3655 1289 illum

2022 1332 2257 1384 intuens
2289 1347 2405 1384 rex.
2443 1330 2498 1384 Si
2526 1330 2766 1395 bellum,
2799 1328 3010 1399 inquit,
3036 1327 3155 1397 geri
3188 1324 3509 1394 vetas,quid
3536 1322 3658 1376 fieri

2024 1420 2234 1474 suades
2256 1420 2282 1473 ?
2308 1419 2370 1472 Et
2400 1418 2746 1488 ille,Suadeo
2773 1417 2897 1482 tibi,
2931 1418 3148 1487 optime
3188 1430 3286 1467 rex
3335 1413 3433 1479 ait,
3476 1411 3657 1465 consi-

2024 1506 2100 1561 lia
2148 1508 2444 1576 exquirere
2500 1505 3089 1575 sapientissimorum.
3165 1501 3367 1557 Omnis
3409 1499 3652 1570 publica:

2022 1605 2127 1669 rei,
2161 1604 2412 1659 maxime
2441 1620 2572 1658 vero
2614 1603 2906 1669 militaris,
2944 1618 3075 1672 spes
3104 1604 3157 1654 et
3199 1598 3344 1654 ratio
3381 1595 3651 1651 consilio-

2025 1709 2152 1746 rum
2180 1693 2427 1747 sanitate
2457 1691 2825 1756 continetur;
2852 1691 3062 1744 mentis
3096 1704 3270 1759 quam
3295 1702 3504 1740 manus
3525 1683 3654 1739 efﬁ-

2024 1780 2213 1835 cacior
2269 1795 2442 1850 opera
2486 1779 2543 1833 in
2604 1778 2771 1834 bellis
2820 1783 2926 1843 est,
2983 1778 3232 1848 plusque
3280 1776 3349 1829 ad
3408 1771 3656 1827 victorias

285 1853 571 1907 suaserim
608 1855 815 1923 ;prius
847 1854 1054 1909 horum
1110 1860 1330 1910 certum
1384 1856 1553 1909 habet
1616 1856 1912 1927 probrum,

2026 1884 2364 1923 successum
2403 1867 2671 1923 consulta
2722 1866 3093 1939 prudentium
3145 1879 3321 1935 quam
3376 1876 3657 1915 numerus

282 1942 491 2013 ingens
518 1942 974 2009 incommodum,
1000 1946 1253 1999 fructum
1307 1945 1594 1999 incertum
1627 1963 1640 2014 ;
1669 1945 1919 1999 alterum

282 2030 590 2085 temeritati
626 2032 799 2085 affine
848 2032 942 2086 sit.
1006 2033 1197 2087 Media
1251 2033 1438 2103 placet
1484 2033 1578 2087 via
1632 2034 1919 2087 tentanda:

283 2120 462 2188 pacis.
496 2119 809 2174 Mittendos
840 2120 1115 2174 continuo
1165 2122 1235 2175 ad
1270 2121 1494 2175 hostem
1550 2137 1681 2174 cum
1736 2121 1918 2174 cadu-

281 2212 525 2274 ceatore,
558 2208 841 2261 tractandi
876 2209 1091 2278 peritos
1117 2208 1341 2278 judico.
1388 2210 1599 2263 Ferant
1629 2207 1687 2261 hi
1720 2224 1919 2263 secum

287 2311 552 2359 munera,
584 2297 792 2364 quibus
824 2300 880 2349 et
910 2312 1105 2367 regem
1133 2302 1189 2351 et
1222 2297 1410 2367 gentis
1453 2313 1717 2367 proceres
1774 2297 1916 2351 deli-

290 2384 866 2437 niant.Exarmantur
898 2386 991 2437 irae
1013 2384 1353 2454 plerumque
1383 2385 1917 2449 submissisverbis,

290 2489 429 2526 auro
451 2488 581 2525 vero
603 2472 922 2542 expugnari
955 2473 1227 2530 ferociam
1262 2473 1628 2542 quantamvis
1660 2474 1922 2544 exempla

289 2560 349 2613 in
378 2564 645 2630 promptu
675 2564 827 2612 sunt.
859 2559 1004 2622 Quin
1056 2560 1103 2612 si
1139 2560 1323 2631 pactio
1370 2578 1563 2614 annua
1593 2560 1810 2629 tributi
1850 2563 1920 2616 ad

293 2648 730 2702 conventionem
764 2648 1113 2717 requiratur,
1138 2648 1463 2701 cedendum
1489 2652 1753 2718 putarem
1776 2653 1920 2702 tem-

292 2736 455 2805 pori;
492 2735 709 2789 multas
740 2736 913 2789 etiam
943 2735 1247 2789 bellicosas
1269 2740 1467 2805 gentes
1489 2737 1708 2791 scimus
1730 2737 1923 2791 dubiis

293 2824 417 2878 suis
449 2824 622 2877 rebus
636 2822 951 2892 precariam
972 2823 1452 2892 tranquillitatem
1468 2824 1766 2895 vectigalis
1792 2841 1922 2895 pen-

292 2911 560 2965 sitatioue
594 2909 941 2976 redemisse;
978 2911 1238 2964 dandum
1268 2912 1817 2985 redeundispatium
1836 2918 1924 2967 est

292 3000 533 3053 fortunae
555 2997 799 3063 meliori,
860 3014 1105 3053 summas
1150 2998 1387 3051 interim
1434 3014 1627 3053 rerum
1688 3014 1922 3069 quoquo

290 3088 458 3141 modo
476 3086 1168 3151 consulatur.Quartusin
1188 3085 1341 3140 hunc
1368 3088 1604 3140 modum
1625 3087 1919 3142 disseruit:

2026 1956 2294 2027 militum,
2326 1956 2484 2025 vigor
2519 1955 3069 2027 corporum,robora
3102 1952 3397 2023 legionum
3450 1948 3655 2003 confe-

2025 2049 2182 2099 runt.
2213 2043 2536 2101 Consilium
2592 2060 2749 2115 ergo,
2810 2060 2924 2097 rem
2978 2057 3205 2096 summe
3266 2037 3654 2094 necessariam

2023 2132 2133 2187 hoc
2164 2132 2407 2187 articulo
2439 2132 2651 2204 negotii
2685 2129 2961 2203 perplexi,
2995 2146 3123 2183 cum
3159 2124 3655 2199 postules,negari

2026 2234 2173 2272 ame
2205 2218 2365 2272 nefas
2425 2218 2518 2272 sit.
2579 2218 2737 2281 Quod
2789 2221 2979 2271 autem
3039 2232 3103 2269 eo
3164 2214 3393 2268 nomine
3451 2225 3655 2281 sugge-

2025 2307 2268 2360 reudum
2328 2306 2384 2359 in
2446 2309 2696 2360 mentem
2767 2303 3036 2367 occurrit,
3118 2318 3227 2356 non
3304 2306 3392 2354 est
3461 2303 3647 2352 totum

2026 2394 2335 2464 ejusmodi,
2374 2398 2434 2446 ut
2466 2394 2705 2464 proferri
2738 2408 2928 2448 coram
2964 2390 3160 2445 multis
3191 2390 3415 2443 debeat.
3468 2392 3655 2452 Quare

2028 2487 2156 2536 utar
2182 2481 2688 2552 partitione,atque
2720 2479 3077 2552 hocquidem
3115 2479 3303 2548 palam
3325 2475 3433 2530 aio:
3454 2490 3656 2545 quem-

2024 2571 2334 2624 admodum
2350 2570 2503 2624 ultro
2523 2569 2809 2624 assentior
2825 2570 2873 2622 ei
2895 2567 2989 2637 qui
3007 2565 3387 2638 primusdixit
3405 2581 3515 2618 non
3532 2578 3661 2617 esse

2027 2658 2193 2711 nobis
2226 2657 2590 2712 conducibile
2622 2656 2861 2724 bellare,
2905 2656 2986 2709 ita
3034 2656 3279 2726 probare
3327 2669 3548 2721 nequeo
3598 2651 3654 2705 id

2025 2746 2174 2814 quod
2199 2746 2294 2814 qui
2313 2747 2478 2800 terlio
2493 2750 2762 2817 etquarto
2778 2744 2899 2799 loco
2914 2746 3107 2799 dixere
3128 2741 3657 2810 suadent,subeun-

2026 2836 2155 2887 dam
2191 2835 2571 2888 conditionem
2607 2834 2809 2888 tributi
2851 2833 3051 2901 annui,
3097 2833 3304 2887 saltem
3350 2829 3653 2897 moderati,

2026 2930 2316 3001 pendendi
2348 2932 2600 2985 noctuis.
2633 2933 2946 2986 Genustest
2991 2929 3285 2985 servitutis
3344 2926 3651 2981 tributaria

2025 3019 2232 3088 pactio,
2267 3020 2337 3073 ad
2373 3035 2543 3089 quam
2576 3018 2703 3074 ideo
2744 3035 2886 3090 gens
2946 3018 3144 3088 libera,
3199 3021 3254 3071 et
3310 3018 3438 3086 ejus
3495 3015 3653 3085 prin-

2023 3124 2178 3177 ceps,
2212 3124 2277 3161 eo
2308 3107 2522 3177 dignus
2555 3108 2808 3177 fastigio,
2834 3122 3129 3176 nunquam
3161 3107 3272 3160 nisi
3315 3103 3655 3158 necessitate

288 3176 403 3245 Ego
454 3190 588 3227 vero
631 3191 661 3227 a
692 3173 978 3244 legatione
1012 3175 1079 3227 de
1108 3190 1223 3244 qua
1265 3175 1523 3243 proxime
1553 3174 1772 3229 dictum
1806 3180 1912 3247 est,

296 3263 641 3283 .1...........1Δ
704 3279 813 3283 μ-..
848 3262 1120 3283 -LL-_-___
1178 3279 1370 3283 ___.A__
1408 3268 1594 3283 1___-__
1639 3263 1873 3283 -JLEL_,-

2029 3173 2270 3249 adactus
2302 3173 2507 3248 ultima
2537 3173 3159 3250 descendatBeneficio
3188 3196 3360 3247 deum
3395 3192 3653 3247 nondum

288 3263 652 3317 decernenda
704 3279 818 3316 non
845 3262 1148 3327 abhorreo,
1173 3279 1376 3317 censeo
1407 3268 1602 3317 tamen
1635 3263 1912 3317 adhiben-

288 3351 426 3404 dum
460 3351 699 3404 modum
748 3355 803 3403 et
860 3350 1127 3420 precibus
1179 3356 1233 3404 et
1291 3350 1482 3417 donis,
1517 3356 1580 3404 ut
1634 3351 1744 3404 ίιιεε
1804 3369 1916 3405 non

292 3439 539 3494 nimium
569 3437 844 3504 humiles,
881 3438 997 3492 haec
1035 3437 1260 3494 modica
1292 3437 1497 3493 sintzin
1530 3456 1644 3509 quo
1681 3444 1920 3508 utroque

291 3526 600 3580 dexteritas
632 3524 801 3594 legati
826 3527 1162 3595 requiritur.
1198 3526 1397 3581 Gravis
1443 3527 1573 3595 ejus
1615 3526 1693 3581 sit
1737 3526 1919 3583 oratio

291 3620 347 3669 et
378 3615 564 3679 fortis,
613 3619 828 3668 malum
884 3614 1288 3679 dissimulans,
1348 3616 1759 3671 conﬁdentiam
1820 3633 1919 3670 os-

282 3708 554 3759 tentans:
592 3704 816 3772 abjecte
847 3702 1142 3773 supplices
1176 3704 1293 3758 alta
1338 3705 1650 3775 snpercilia
1678 3705 1916 3760 concul-

284 3797 477 3857 cant,a
508 3806 718 3859 magna
750 3790 899 3844 ultro
932 3792 1327 3846 deferentibus
1374 3794 1596 3862 majora
1651 3793 1917 3863 flagitan-

282 3886 393 3933 tur.
429 3878 679 3932 Pecunia
709 3878 927 3947 ingenti
964 3895 1077 3933 non
1110 3891 1227 3933 tam
1262 3896 1375 3949 pax
1406 3881 1715 3935 redimitur
1743 3898 1914 3950 quam

280 3969 349 4021 ad
410 3965 807 4037 Oppressionis
864 3965 1169 4023 audaciam
1239 3966 1434 4023 hostes
1503 3968 1913 4034 instruuntur;

281 4055 488 4124 exigua
520 4054 604 4107 sic
638 4054 881 4108 victores
900 4053 1123 4122 delinit,
1149 4058 1212 4109 ut
1242 4054 1423 4109 victos
1448 4072 1558 4109 non
1591 4056 1912 4111 exhauriat.

282 4141 860 4197 Plusfacitinterdum
893 4142 1200 4197 dimidium
1226 4159 1398 4212 quam
1422 4148 1640 4199 totum:
1664 4144 1916 4215 utvirgte

280 4233 346 4285 ad
366 4230 547 4285 solem
562 4230 771 4284 stantis
795 4231 1024 4285 modica
1058 4231 1286 4286 inﬂexio
1312 4232 1579 4286 umbram
1612 4234 1915 4302 auget,im-

282 4320 507 4375 modica
529 4319 1084 4375 consumiLSumma
1118 4320 1237 4375 haec
1264 4327 1322 4375 et
1371 4337 1510 4377 mete
1570 4322 1868 4377 sententiis
1898 4339 1911 4377 :

281 4426 383 4463 nec
416 4408 798 4463 recusandam
816 4408 1017 4461 tributi
1039 4408 1563 4475 conditionem,nec
1588 4410 1721 4465 belli
1743 4428 1913 4480 appa-

280 4501 469 4552 ratum
547 4494 950 4564 omittendum,
1030 4495 1313 4551 librandis
1384 4498 1696 4569 prudentia
1761 4499 1911 4553 inter

278 4591 588 4655 utramque
604 4584 1010 4639 necessitatem
1033 4586 1347 4640 momentis
1372 4585 1620 4657 publicae
1642 4588 1903 4642 fortunas.

347 4710 443 4765 III.
476 4710 725 4773 Quintus
756 4709 840 4764 sic
870 4726 1108 4764 exorsus
1129 4713 1217 4764 est
1249 4727 1262 4764 :
1295 4710 1419 4764 Non
1444 4726 1758 4781 possumus
1788 4709 1904 4764 bel-

280 4800 398 4853 lum
431 4814 627 4869 gerere
665 4814 798 4851 cum
832 4798 1082 4866 noctuis,
1126 4798 1337 4869 opibus
1387 4800 1471 4852 hae
1512 4798 1800 4867 siquidem
1850 4802 1905 4851 et

278 4888 531 4957 potentia
590 4885 755 4954 longe
810 4886 981 4939 nobis
1024 4890 1337 4956 praestant;
1384 4887 1480 4956 qui
1540 4901 1692 4950 vero,
1749 4886 1902 4940 haud

276 4979 426 5029 recte
452 4974 739 5027 subducta
769 4973 1130 5043 propriarum
1160 4973 1377 5028 ratione
1427 4975 1662 5041 virium,
1694 4979 1904 5028 temere

276 5062 540 5115 fortiores
599 5059 851 5127 lacessit,
912 5060 1168 5129 seipsum
1229 5060 1484 5131 jugulat,
1546 5079 1614 5115 ne
1690 5062 1903 5115 lmdens

275 5149 513 5221 quidem
563 5146 945 5201 adversarios.
993 5152 1203 5217 Magna
1270 5165 1399 5217 pars
1455 5153 1542 5203 est
1587 5150 1900 5218 prudentiae

275 5253 387 5291 non
422 5240 786 5289 contemnere
810 5233 1032 5287 hostem
1072 5252 1084 5300 ;
1135 5251 1238 5289 nec
1266 5236 1485 5290 nullam
1515 5238 1654 5291 forte
1680 5241 1898 5307 partem

274 5326 444 5378 habet
484 5324 539 5376 in
592 5338 768 5376 causa
825 5320 1008 5376 cladis
1062 5328 1229 5377 nocte
1288 5325 1571 5393 prseterita
1628 5330 1898 5395 acceptae,

274 5412 423 5484 quod
478 5414 722 5465 noctuas
766 5426 969 5479 parum
1020 5426 1187 5478 posse
1239 5413 1642 5467 credebamus.
1698 5412 1898 5467 Timeo

270 5501 537 5571 equidem
566 5503 621 5552 et
651 5514 880 5567 semper
913 5498 1079 5551 timui
1130 5498 1590 5569 qualemcunque
1627 5501 1895 5556 adversa-

272 5591 447 5655 rium,
500 5586 818 5658 prrssertim
874 5585 922 5638 si
973 5603 1147 5657 prope
1179 5588 1293 5653 sit;
1355 5605 1457 5643 nec
1504 5589 1749 5659 ignavus
1807 5590 1896 5645 hic

271 5682 501 5746 metus;
534 5675 632 5730 sed
665 5689 951 5744 generosa:
992 5674 1320 5731 securitatis
1374 5692 1613 5747 promus
1672 5678 1893 5735 condus

2026 3301 2090 3338 eo
2123 3284 2247 3337 loco
2281 3300 2368 3337 res
2402 3289 2614 3339 nostra;
2636 3289 2796 3349 sunt,
2831 3290 2896 3338 ut
2947 3300 3221 3339 excusare
3278 3284 3430 3353 apud
3492 3282 3650 3333 fama:

2017 3372 2306 3441 judicium
2337 3372 2635 3442 possimus
2674 3374 3057 3441 abjectionem
3115 3370 3471 3425 inﬂectendaa
3530 3384 3649 3421 cer-

2021 3459 2161 3513 vicis
2194 3460 2537 3530 subjugum
2588 3462 2729 3515 adeo
2789 3462 3157 3530 probrosum.
3214 3462 3391 3529 Atque
3441 3457 3498 3511 in
3556 3456 3647 3510 his

2022 3549 2268 3619 duobus,
2301 3550 2556 3616 domine,
2588 3556 2741 3604 stare
2770 3555 2822 3604 te
2872 3552 3047 3625 fixum
3102 3556 3156 3604 et
3214 3547 3648 3603 irrevocabilem

2022 3654 2314 3706 cuperem;
2345 3655 2474 3692 nam
2510 3638 2610 3709 qui
2643 3643 2882 3691 ﬂuctuat
2928 3638 3070 3691 nihil
3121 3638 3371 3707 expedit,
3415 3640 3649 3689 contra-

2022 3725 2237 3778 riarum
2273 3727 2882 3792 sententiarum,inter
2912 3728 3329 3795 quasincertus
3355 3724 3653 3778 conflicta-

2018 3814 2360 3880 tur,damna
2386 3812 2632 3866 incurrit
2663 3830 2764 3867 nec
2799 3814 3046 3883 percipit
3077 3814 3648 3875 commodaumtera,

2020 3927 2146 3981 quae
2181 3910 2453 3980 posthaec
2485 3910 2668 3963 habeo
2700 3912 3093 3979 proponenda,
3132 3926 3423 3963 secessum
3459 3913 3511 3962 et
3558 3922 3650 3961 se-

2018 4004 2241 4053 cretum
2278 3998 2535 4067 exigunt.
2572 3998 2816 4051 Eflatum
2869 4011 2958 4051 est
3011 3998 3344 4066 sapientum
3386 4000 3642 4049 veterum

2018 4103 2179 4157 reges
2211 4087 2360 4139 effici
2385 4090 2647 4139 votorum
2674 4089 2965 4155 compotes
2982 4088 3048 4139 ad
3061 4085 3487 4139 ministratione
3501 4084 3645 4153 opti-

2020 4193 2113 4230 ma
2172 4192 2185 4229 :
2244 4173 2812 4229 administrationem
2872 4174 3151 4243 Optimam
3208 4190 3274 4227 ex
3334 4171 3641 4241 multiplici

2016 4264 2292 4317 exsistere
2324 4261 2564 4315 consilio
2598 4280 2611 4328 ;
2641 4261 3051 4327 consilium,ut
3082 4264 3639 4331 unguentum,eate-

2017 4368 2126 4404 nus
2155 4351 2401 4420 probum
2429 4365 2575 4418 esse,
2617 4350 2808 4418 quoad
2866 4353 3081 4403 tectum
3133 4353 3397 4402 teneatur
3444 4348 3504 4401 in
3553 4364 3640 4399 ar-

2014 4438 2231 4493 canozsi
2260 4438 2635 4507 exspiraverit
2674 4437 2985 4491 evanescit.
3020 4440 3244 4490 Arcana
3274 4436 3518 4490 consilia
3548 4452 3646 4489 sex

1939 4556 1982 4619 Β
2020 4528 2181 4580 rimis
2214 4542 2484 4581 emanare
2520 4526 2574 4578 in
2610 4526 2875 4579 notitiam
2901 4531 3176 4595 possunt:
3202 4529 3303 4578 aut
3321 4526 3643 4593 ejusenun-

2016 4615 2255 4669 tiatione
2270 4614 2367 4685 qui
2401 4613 2747 4667 sententiam
2779 4612 3135 4683 rogavit,aut
3165 4629 3360 4666 eorum
3413 4613 3640 4667 confes-

2015 4703 2176 4756 sione
2199 4702 2293 4773 qui
2331 4701 2773 4772 responderunt,
2798 4706 2897 4753 aut
2949 4700 3352 4755 ministrorum
3398 4716 3637 4755 exsecu-

2014 4790 2154 4844 tioni
2186 4790 2586 4859 praefectorum
2613 4786 2976 4857 loquacitate,
3020 4794 3121 4841 aut
3154 4787 3471 4857 legatorum
3508 4789 3634 4857 qui-

2016 4880 2125 4932 bus
2179 4893 2341 4931 mens
2391 4875 2668 4945 principis
2701 4875 3023 4929 necessario
3070 4876 3344 4942 creditur,
3405 4877 3639 4947 garrula

2013 4972 2324 5044 prurigine,
2352 4975 2451 5026 aut
2479 4971 2773 5041 sagacium
2825 4973 3179 5039 conjecturis
3229 4973 3327 5042 qui
3376 4988 3404 5025 e
3458 4974 3636 5026 vesti-

2012 5063 2120 5132 giis
2151 5061 2334 5130 palam
2381 5064 2641 5114 actorum
2675 5059 2824 5113 clam
2869 5058 3134 5113 consulta
3181 5061 3520 5129 odorantur,
3542 5064 3641 5113 aut

2012 5147 2607 5219 deniquetemerariis
2634 5147 2874 5215 judiciis
2924 5147 3239 5201 otiosorum
3284 5148 3639 5215 incomperta

2010 5237 2268 5291 divinare
2308 5236 2662 5303 conantium,
2714 5236 2851 5289 dum
2901 5252 3037 5289 casu
3096 5236 3271 5305 (quod
3338 5236 3400 5288 ﬁt
3458 5234 3633 5288 inter-

2008 5326 2170 5395 dum)
2216 5325 2275 5378 in
2330 5341 2523 5378 verum
2598 5324 2923 5377 incurrunt.
2989 5325 3155 5377 Porro
3214 5321 3480 5391 princeps
3532 5323 3628 5392 qui

2008 5433 2124 5469 suae
2158 5412 2369 5467 mentis
2401 5428 2676 5465 arcanum
2728 5410 3042 5464 inviolabili
3093 5409 3299 5463 secreti
3352 5410 3630 5480 religione

2009 5503 2298 5557 munitum
2333 5501 2575 5565 obtinet;
2610 5499 2897 5569 duplicem
2934 5516 2999 5551 ex
3045 5514 3108 5551 eo
3166 5497 3470 5550 utilitatem
3523 5499 3632 5550 col-

2008 5590 2134 5660 ligit
2159 5607 2169 5645 :
2199 5606 2329 5644 nam
2364 5594 2420 5643 et
2452 5606 2562 5643 non
2597 5589 2814 5658 patitur
2844 5586 3143 5640 obstacula
3166 5586 3509 5654 Opponenda
3532 5602 3631 5654 per

2006 5678 2288 5745 conscios,
2318 5677 2617 5745 victorque
2649 5676 2782 5729 inde
2814 5674 3110 5744 propositi,
3145 5687 3418 5726 successu
3452 5672 3627 5726 desti-
