4060 6304
441 383 569 437 1311

1936 382 2116 433 APPE
2125 385 2169 435 Ν
2178 384 2294 435 DIX
2304 423 2315 436 .

3720 378 3859 433 1312

442 513 710 562 natorum
746 507 798 559 in
836 506 964 561 sinu
1000 506 1259 575 gaudet;
1294 505 1417 559 etsi
1468 504 1601 574 quis
1660 519 1831 557 casus
1891 504 2066 557 inter-
2100 508 2148 571 Α
2181 522 2353 577 quem
2416 521 2615 559 eorum
2676 505 2998 559 cervicibus
3062 505 3363 576 imponere
3433 503 3852 567 meditemini,

440 596 675 651 verterit
704 598 992 659 effectum,
1038 600 1245 665 praeter
1302 610 1477 662 quam
1540 608 1607 645 ne
1659 596 1783 644 tum
1843 591 2076 661 quidem

440 684 673 737 debebit
705 683 1021 735 ludibrium
1056 682 1248 753 vulgo,
1281 680 1520 734 irridere
1553 683 1773 733 tentata
1830 695 1942 733 non
1976 696 2077 749 pa-

433 775 661 825 trantes
684 769 875 836 solito,
911 768 1231 823 lucrifacict
1261 767 1434 822 etiam
1470 766 1595 820 edia
1628 782 1825 821 eorum
1850 767 1906 820 in
1931 783 2077 836 quos

445 860 746 914 machinas
777 859 1121 924 intenderat,
1155 856 1253 928 qui
1277 857 1324 909 si
1351 860 1593 910 nossent
1641 856 1780 925 quid
1809 853 1866 908 in
1917 855 2075 925 ipsos

440 950 724 1016 parasset,
758 945 876 998 iras
930 959 1115 1013 usque
1157 944 1213 996 in
1272 944 1523 995 furorem
1584 941 1897 994 irritarent.
1950 942 2072 995 Non

442 1036 609 1089 debet
641 1038 833 1087 autem
888 1033 1077 1102 pigere
1114 1032 1433 1101 principem
1495 1032 1631 1083 dare
1684 1044 1881 1082 aurem
1935 1046 2071 1100 sug-

438 1141 635 1194 gerere
666 1123 964 1194 quidpiam
1000 1138 1209 1176 arcano
1254 1119 1622 1184 volentibus;
1682 1135 1815 1171 nam
1875 1117 2072 1187 quale-

438 1230 671 1283 cunque
738 1213 790 1264 id
853 1213 1084 1265 demum
1146 1210 1242 1275 sit,
1288 1223 1633 1278 cognoscere
1689 1206 1827 1275 quid
1883 1211 2069 1272 nocet,

440 1302 591 1369 quod
653 1299 876 1367 rejiciat
929 1316 1031 1367 pro
1089 1297 1326 1350 arbitrio
1385 1297 1431 1349 si
1486 1296 1699 1349 bonum
1752 1312 1865 1348 non
1927 1295 2071 1349 est?

442 1387 682 1441 Acuilur
712 1392 987 1456 prazterea
1017 1402 1177 1438 mens
1209 1385 1335 1453 ejus
1366 1382 1480 1437 ista
1532 1382 1945 1451 dijudicatione
1975 1400 2070 1436 va-

442 1477 661 1528 riorum
695 1490 998 1538 sensuum,
1041 1478 1097 1526 et
1144 1470 1456 1525 auctoritas
1506 1476 1681 1540 atque
1721 1470 2069 1525 existimatio

439 1565 746 1617 ﬁrmantur
774 1562 885 1616 isto
918 1560 1265 1615 commercio
1296 1565 1647 1614 secretorum
1664 1560 1815 1629 apud
1838 1558 2069 1628 vulgus,

440 1651 722 1722 quidquid
758 1667 871 1704 non
902 1648 1178 1717 intelligit
1209 1648 1594 1715 admirans,et
1623 1647 1776 1716 quod
1811 1647 2067 1700 admira-

438 1745 535 1793 tur
562 1738 726 1792 facile
758 1753 1036 1791 venerans
1072 1752 1084 1801 ;
1118 1735 1257 1805 quin
1301 1735 1454 1788 idem
1505 1735 1695 1804 ipsum
1754 1734 2067 1789 terribilem

442 1828 709 1881 hostibus
739 1824 1169 1887 facit.Quatuor
1199 1822 1349 1876 enim
1377 1827 1515 1877 sunt
1544 1839 1669 1892 quae
1703 1838 1866 1892 reges
1926 1823 2064 1876 sub-
2099 1856 2143 1917 Β

442 1914 577 1967 ditis
609 1917 909 1983 augustos,
944 1911 1283 1965 formidatos
1306 1909 1514 1963 exteris
1546 1910 1800 1963 reddunt
1832 1926 1843 1963 :
1879 1909 2067 1980 impe-

443 1999 743 2055 netrabilis
774 2016 1114 2053 arcanorum
1151 1997 1313 2065 ﬁdes,
1341 1997 1521 2050 multa
1543 2013 1672 2049 cum
1706 1996 2071 2067 sapientissi-

443 2090 553 2143 mis
587 2086 893 2157 colloquia,
930 2086 1333 2139 ministrorum
1366 2083 1665 2139 solertium
1718 2085 1789 2138 ad
1839 2085 2071 2154 negotia

442 2177 717 2243 delectus,
751 2180 806 2229 et
856 2180 984 2244 post
1042 2179 1305 2227 navatam
1357 2189 1590 2243 operam
1652 2173 2067 2240 remuneratio,

442 2266 691 2336 denique
721 2262 1092 2317 inexorabilis
1142 2262 1420 2315 severitas
1453 2262 1509 2314 in
1544 2261 1782 2331 perfidia
1816 2263 2069 2331 prodito-

444 2371 571 2410 rum
604 2352 917 2423 punienda.
951 2351 1241 2404 Hactenus
1283 2349 1471 2402 dicere
1502 2348 1690 2418 palam
1726 2349 1903 2419 potui.
1936 2353 2069 2413 Quae

442 2446 760 2513 supersunt
790 2438 1069 2493 momenti
1104 2438 1173 2491 ad
1208 2453 1329 2490 rem
1380 2452 1501 2505 quae
1556 2440 1723 2506 urget
1770 2436 2068 2513 aliquanto

444 2530 705 2600 majoris,
746 2541 1121 2597 congressum
1157 2524 1394 2595 exigunt
1426 2523 1736 2595 privatum,
1797 2524 1889 2578 cui
1943 2508 2067 2579 dum

439 2621 672 2689 linguae,
705 2633 875 2671 aures
936 2619 1203 2684 quatuor,
1249 2629 1352 2666 nec
1403 2612 1535 2681 plus
1592 2612 1899 2680 intersint;
1936 2614 2068 2668 ubi-

438 2722 668 2776 cunque
700 2705 790 2757 bie
824 2719 1104 2757 numerus
1132 2700 1447 2770 exceditur,
1496 2704 1822 2770 explorator
1850 2702 2065 2756 subau-

439 2793 699 2849 scultans
729 2791 921 2845 locum
955 2788 1191 2843 invenit.

515 2919 600 2973 lV.
634 2899 863 2971 Hisrex
896 2914 1111 2969 auditis
1142 2912 1367 2966 dimisit
1396 2916 1632 2978 coetum,
1662 2915 1715 2966 et
1737 2916 2061 2967 senatorem

438 3010 536 3078 qui
570 3006 815 3059 ultimus
846 3004 1067 3057 dixerat
1098 3004 1467 3071 assumptum
1491 3000 1550 3053 in
1573 2999 1841 3053 intimum
1867 3016 2062 3054 secum

436 3093 769 3149 cubiculum
804 3089 1060 3145 abduxit.
1085 3090 1161 3143 Ibi
1195 3089 1308 3142 duo
1341 3104 1409 3141 ex
1448 3104 1512 3141 eo
1548 3090 1915 3156 percontatus
1936 3092 2060 3141 est:

436 3185 621 3255 prius,
653 3198 825 3252 quam
859 3195 1095 3233 causam
1133 3176 1478 3229 habuissent
1508 3178 1727 3227 noctua:
1758 3174 1893 3228 belli
1924 3191 2058 3229 con-

436 3278 523 3325 tra
556 3264 1175 3324 corvosindenuntiati
1224 3268 1339 3316 tam
1401 3279 1549 3316 saeva
1606 3262 1923 3331 irruptione
1982 3264 2064 3316 in—

435 3358 704 3423 choandi,
735 3356 983 3410 alterum
1017 3369 1142 3423 qua":
1176 3349 1448 3420 ratioipsi
1498 3350 1789 3404 videretur
1844 3352 2064 3421 optima

437 3463 638 3501 earum
670 3448 772 3497 aut
811 3440 1275 3495 ulciscendarum
1335 3442 1436 3492 aut
1492 3439 2061 3509 compescendarum,

434 3536 516 3589 Ad
553 3534 713 3603 prius
744 3536 977 3583 senator
1024 3527 1323 3597 respondit
1352 3527 1409 3581 in
1445 3526 1596 3580 hunc
1628 3528 1864 3579 modum
1897 3544 1909 3581 :
1942 3532 2061 3582 An-

434 3622 627 3692 tiquae,
664 3618 916 3683 domine,
952 3616 1242 3670 memoriae
1292 3632 1383 3669 res
1433 3619 1518 3668 est
1576 3630 1751 3684 quam
1813 3615 2061 3684 priorem

436 3708 668 3780 quaeris,
702 3706 843 3759 mihi
879 3710 1013 3759 nota
1046 3703 1322 3757 beneﬁcio
1363 3701 1569 3769 aetatis,
1630 3720 1745 3773 qua
1796 3720 1949 3770 sum,
2001 3716 2064 3758 ut

438 3798 573 3863 scis,
609 3812 785 3866 quam
820 3799 876 3847 tu
911 3792 1252 3864 provectior.
1304 3791 1407 3854 Qui
1470 3800 1603 3845 tunc
1650 3797 1851 3861 regnat
1906 3793 2061 3861 apud

439 3893 701 3952 noctuas,
759 3886 1043 3937 veterator
1099 3880 1462 3947 vaferrimas,
1515 3878 1652 3932 olim
1706 3878 1763 3931 in
1814 3879 2063 3934 comitiis

438 3973 652 4040 avium,
712 3975 767 4023 te
829 3968 1086 4022 nondum
1147 3970 1278 4019 nato
1355 3963 1659 4018 celebratis
1718 3964 2062 4019 candidatus

434 4059 617 4130 regni,
652 4064 769 4111 tam
804 4056 1011 4110 callido
1045 4053 1291 4121 ambitu,
1339 4051 1710 4115 coitionibus,
1762 4068 1879 4121 qua
1902 4052 2063 4113 ,valet

432 4153 573 4212 arte,
610 4143 931 4210 nocturnis,
965 4142 1151 4195 tribus
1194 4145 1346 4194 totas
1392 4144 1731 4205 emeruerat,
1772 4144 1834 4192 ut
1888 4140 2061 4209 justis

430 4234 722 4303 suffragiis
764 4231 1151 4285 declarandus
1196 4228 1515 4297 imperator
1560 4227 1859 4282 volucrum
1906 4235 2060 4283 certo

430 4324 777 4378 crederetur.
823 4318 1058 4387 Disjecit
1103 4315 1487 4386 perniciosam
1550 4314 1904 4369 molitionem
1965 4334 2058 4386 pa-

430 4418 597 4465 truus
630 4414 787 4473 tuus,
820 4408 914 4474 qui
948 4405 1090 4458 obiit
1116 4409 1169 4457 te
1210 4418 1409 4473 puero,
1453 4418 1623 4471 quem
1686 4408 1823 4456 tunc
1882 4403 2058 4458 habe-

432 4497 729 4552 bamusin
790 4499 988 4549 nostro
1032 4508 1239 4561 genere
1298 4490 1606 4559 prudentia
1664 4497 2053 4559 praestantem.

432 4585 722 4642 Postulata
749 4583 902 4637 enim
936 4580 1209 4635 concione
1242 4579 1323 4631 sic
1367 4578 1643 4631 disseruit
1676 4594 1688 4630 :
1720 4577 1916 4646 Video,
1954 4598 2055 4635 nec

432 4676 588 4729 enim
638 4672 952 4725 obscurum
994 4672 1102 4731 est,
1152 4684 1265 4736 quo
1317 4666 1575 4737 plerique
1627 4669 2053 4737 propendeatis.

430 4760 535 4817 Sed
573 4760 849 4830 quoniam
884 4756 1050 4820 tanti,
1091 4760 1375 4824 quantum
1420 4755 1675 4823 profecto
1707 4755 2056 4826 intelligitis,

432 4848 714 4904 momenti
751 4845 1044 4915 negotium
1076 4843 1288 4913 agitur,
1326 4859 1579 4895 mearum
1614 4858 1741 4897 esse
1800 4845 2055 4913 partium

432 4936 626 5009 pntavi
660 4936 786 4999 hoc,
822 4935 972 5003 quod
1007 4937 1139 4985 ante
1172 4947 1286 4983 rem
1324 4934 1507 4983 actam
1536 4930 1701 4985 breve
1733 4931 2057 5000 interjacet,

430 5025 618 5095 spatio
643 5024 955 5077 admonere
987 5036 1085 5073 vos
1124 5024 1187 5072 ut
1218 5019 1390 5072 etiam
1441 5023 1613 5088 atque
1670 5020 1841 5074 etiam
1902 5023 2057 5091 cogi-

428 5114 563 5168 tetis
593 5128 766 5181 quam
798 5109 1002 5162 duram
1036 5107 1419 5175 acerbamque
1450 5107 1787 5161 servitutem
1813 5110 1972 5163 vobis
2005 5116 2059 5164 et

431 5200 696 5255 universo
729 5197 945 5267 ubique
975 5195 1235 5250 locorum
1269 5193 1568 5249 volucrum
1610 5196 1806 5266 generi
1840 5198 2057 5267 paretis

429 5289 754 5357 injungcre.
800 5284 958 5337 Mitto
1019 5282 1407 5353 prmnuntiare
1466 5282 1617 5337 bella
1672 5282 1881 5351 civilia,
1932 5303 2057 5354 qum

428 5375 853 5429 imminent.An
886 5372 1042 5425 enim
1076 5370 1425 5424 existimatis
1458 5369 2067 5440 aquilam,vulturem,

431 5463 924 5531 milvum,gruem,
959 5459 1101 5513 alias
1132 5474 1443 5527 generosas
1501 5475 1631 5511 aves
1661 5462 1716 5512 et
1745 5476 2055 5530 pugnaces,

433 5555 660 5621 spretae
693 5565 753 5601 se
787 5546 1246 5616 vestrisjudiciis
1279 5562 1438 5613 (equo
1471 5546 1665 5599 animo
1690 5545 1929 5612 laturas,
1960 5554 2060 5602 aut

436 5654 693 5708 unquam
727 5637 877 5691 bona
908 5636 1017 5689 ﬁde
1049 5634 1359 5689 servituras
1392 5633 1541 5689 tristi
1567 5634 1702 5689 huic
1732 5652 1796 5689 ac
1827 5635 2060 5692 sordido

2182 594 2417 647 domino
2444 596 2466 647 ἲ
2489 594 2674 660 Mitto,
2710 594 2971 663 inquam,
3004 593 3145 661 haec,
3187 599 3394 648 vestrae
3440 608 3550 663 per
3616 610 3686 646 se
3717 593 3852 645 ani—

2183 681 2598 734 madvertenda
2621 681 2989 751 providentiae
3008 682 3388 749 permittens:
3423 680 3585 734 illud
3622 697 3847 748 quaero,

2180 770 2348 838 cujus
2370 785 2471 822 vos
2500 769 2947 822 sensusindicio
2978 772 3091 822 tam
3130 770 3273 822 bene
3329 769 3487 821 affici
3545 784 3700 837 erga
3745 786 3847 822 no~

2180 860 2371 910 ctuam
2409 857 2735 925 potueritis,
2769 861 2833 909 ut
2880 856 2928 910 ei
2978 857 3102 910 cmli
3156 875 3219 909 ac
3268 862 3564 910 terrarum
3639 857 3844 909 domi-

2179 944 2341 996 nium
2376 943 2695 1011 oplaretis?
2739 948 2825 999 An
2860 944 2986 1013 ejus
3023 944 3205 997 forma
3233 944 3397 998 vobis
3425 961 3495 997 ac
3526 944 3723 997 facies
3761 944 3849 996 di-

2177 1047 2291 1100 gna
2322 1031 2566 1100 imperio
2597 1032 2720 1084 visa
2749 1031 3006 1101 placuit?
3036 1032 3095 1085 Id
3130 1033 3465 1103 suspicarer
3498 1033 3548 1087 si
3591 1033 3841 1101 pavoni,

2177 1120 2223 1171 si
2260 1135 2457 1189 cycno,
2500 1120 2548 1172 si
2597 1118 2879 1173 columbis
2931 1120 3244 1173 faverctis?
3291 1125 3473 1175 Cantu
3540 1126 3657 1173 aut
3722 1137 3843 1174 ser-

2177 1223 2347 1260 mone
2415 1224 2509 1260 ves
2581 1207 2853 1261 delinitos
2926 1208 3259 1277 arbitrarer,
3310 1210 3357 1262 si
3415 1209 3721 1277 luscinia»,
3786 1211 3835 1261 si

2175 1294 2422 1364 psittaco
2481 1295 2715 1348 studere
2770 1312 2874 1349 vos
2932 1298 3273 1349 cernerem?
3318 1297 3664 1350 Monstrum
3720 1296 3835 1350 hoc

2174 1387 2408 1451 aspectu
2462 1382 2762 1447 horribile,
2795 1382 3016 1436 ululatu
3070 1384 3561 1448 abominandum,
3632 1386 3825 1439 fetore

2172 1470 2558 1534 teterrimum,
2607 1471 2797 1539 cujus,
2858 1470 3030 1524 dicite
3078 1471 3285 1525 amabo
3329 1489 3451 1539 vos,
3512 1489 3836 1527 commen-

2174 1557 2407 1611 datione
2437 1558 2586 1611 dotis
2623 1560 3038 1612 ostentandum
3069 1559 3125 1611 in
3179 1558 3321 1613 solio
3352 1560 3697 1614 diademate
3732 1578 3837 1614 co-

2173 1647 2499 1699 ronandum
2534 1647 2889 1716 putavistis?
2938 1650 3018 1701 An
3069 1648 3328 1717 corporis
3385 1648 3829 1717 turpitudinem

2175 1731 2376 1786 laudes
2409 1733 2463 1786 in
2488 1749 2553 1787 eo
2584 1733 2762 1787 animi
2823 1733 3252 1803 compensant?
3300 1736 3577 1798 Quaznam
3645 1753 3790 1790 vero
3812 1741 3837 1787 ?

2172 1820 2325 1874 Num
2358 1820 2630 1875 scientia?
2660 1820 2858 1891 stipite
2881 1838 2947 1875 ac
2975 1838 3112 1876 saxo
3141 1822 3425 1892 stupidior
3457 1828 3682 1877 noctua
3708 1830 3830 1889 est,

2173 1910 2259 1962 An
2295 1910 2669 1980 benignitas?
2701 1911 2982 1964 dracones
3015 1927 3080 1964 ac
3107 1912 3354 1981 viperas,
3397 1917 3522 1965 tum
3575 1912 3627 1965 si
3678 1913 3830 1982 quid

2174 1997 2384 2062 dirius,
2421 1998 2778 2067 malignitate
2808 1997 3003 2051 vincit.
3029 1997 3232 2051 Utrum
3291 1999 3546 2068 denique
3610 2000 3828 2052 affabi-

2176 2084 2357 2139 litas?
2387 2085 2661 2139 omnibus
2690 2101 2865 2139 exosa
2894 2100 3097 2139 omnes
3128 2087 3271 2149 odit,
3312 2090 3431 2139 tota
3479 2103 3549 2139 ex
3590 2086 3828 2143 fraude.

2174 2175 2371 2240 livore,
2404 2175 2766 2228 immanitate
2800 2176 2934 2229 {icta
2991 2175 3376 2245 conﬂataque.
3410 2175 3513 2229 Cui
3551 2193 3827 2246 unquam

2176 2261 2503 2333 reipublicze
2532 2260 2678 2316 bene
2710 2263 2839 2326 fuit,
2872 2263 3042 2331 cujus
3074 2263 3396 2333 principem
3427 2279 3605 2317 nemo
3657 2264 3827 2318 adire

2175 2350 2566 2418 subditorum,
2598 2367 2765 2404 nemo
2800 2350 3011 2403 intueri
3043 2350 3327 2404 sustinet?
3356 2351 3501 2412 Quid
3558 2351 3613 2405 si
3676 2369 3826 2421 prte-

2176 2443 2333 2493 terea
2364 2442 2785 2505 contemnatur,
2822 2438 2870 2492 si
2928 2438 3179 2492 ludibrio
3228 2437 3313 2492 vel
3364 2438 3635 2493 minimis
3695 2440 3829 2493 sit?

2174 2528 2466 2597 quomodo
2499 2527 2547 2580 is
2579 2528 2723 2580 ferre
2754 2542 2856 2595 pro
2890 2525 3171 2596 dignitate
3214 2527 3581 2595 majestatem
3627 2528 3823 2597 regni,

2175 2630 2265 2669 res
2316 2614 2745 2681 administrare,
2798 2614 3048 2684 publicis
3100 2614 3425 2684 prospicere
3480 2617 3826 2669 commodis

2175 2704 2420 2774 poterit?
2464 2703 2838 2773 Elephantem
2894 2708 3011 2757 tam
3070 2704 3235 2767 forte,
3297 2704 3525 2773 ingens,
3587 2704 3819 2769 nobile,

2172 2792 2474 2845 cordatum
2509 2791 2655 2844 inter
2686 2791 3093 2861 quadrupedes
3125 2789 3338 2843 animal
3387 2790 3681 2844 excidisse
3711 2808 3828 2845 au-

2171 2878 2455 2945 ctoritate,
2515 2883 2689 2949 atque
2737 2896 2769 2931 a
2827 2879 2987 2949 regni
3034 2894 3133 2948 spe
3185 2878 3525 2932 submotum
3590 2878 3823 2945 ferunt,

2171 2966 2373 3021 bestiis
2423 2967 2659 3021 offensis
2690 2967 2944 3037 quadam
3005 2967 3132 3035 ejus
3185 2965 3595 3036 superstitiosa
3645 2983 3821 3021 vere-

2169 3055 2380 3108 cundia
2408 3053 2557 3107 lunaa
2590 3060 2759 3108 noctu
2796 3053 3088 3123 fulgentis,
3123 3056 3194 3109 ob
3227 3072 3402 3125 quam
3463 3056 3620 3107 fama
3679 3055 3815 3107 vul-

2173 3148 2363 3211 gatam
2399 3142 2573 3195 etiam
2607 3141 2904 3211 lepusculo
2936 3142 3208 3197 debuisse
3231 3142 3546 3196 ludibrium
3569 3142 3824 3209 dicitur,

2174 3229 2447 3284 Eabulam
2484 3247 2596 3284 non
2631 3231 2882 3299 longam,
2912 3231 3049 3300 quia
3079 3230 3308 3284 videtur
3338 3232 3405 3284 ad
3442 3248 3561 3284 rem
3596 3231 3816 3299 facere,

2168 3319 2417 3372 breviter
2449 3318 2714 3371 reieram.

2238 3442 2301 3496 V.
2333 3440 2560 3495 Exclusi
2594 3440 2910 3510 aliquando
2943 3441 3282 3511 elephantes
3314 3439 3499 3494 solitis
3538 3442 3802 3511 pascuis,

2166 3530 2317 3598 quod
2350 3529 2495 3582 forte
2554 3546 2651 3596 per
2707 3533 2964 3583 aestatem
3005 3529 3166 3583 lacus
3224 3529 3377 3582 unde
3435 3530 3813 3597 aquabantur

2162 3620 2488 3679 exaruerat,
2533 3620 2589 3669 et
2634 3618 2800 3671 sedes
2845 3616 2981 3670 alibi
3016 3632 3270 3686 quaerere
3302 3618 3505 3681 coacti,
3559 3617 3812 3671 devene-

2166 3704 2378 3758 runtin
2412 3703 2616 3757 vallem
2650 3720 2790 3758 sane
2823 3704 3097 3775 pinguem
3148 3709 3202 3757 et
3265 3705 3592 3767 herbosam,
3649 3706 3812 3759 fonte

2164 3792 2221 3846 in
2248 3791 2576 3845 declivitate
2626 3791 2791 3845 collis
2845 3796 3201 3863 emergente,
3252 3793 3569 3861 eodemque
3602 3794 3813 3863 ubere,

2164 3880 2468 3949 irriguam.
2501 3880 2625 3934 Non
2678 3879 2828 3935 ultra
2879 3880 3238 3951 perhendum
3291 3881 3500 3947 visum,
3560 3884 3816 3949 probata

2164 3969 2438 4024 omnibus
2498 3968 2853 4023 habitatione
2911 3968 2993 4022 uti
3054 3969 3329 4038 deinceps
3402 3969 3817 4025 decreverunt.

2162 4058 2269 4112 Sed
2304 4056 2642 4111 insederant
2668 4056 2724 4109 id
2758 4056 2947 4110 solum
2982 4062 3153 4110 antea
3181 4057 3400 4111 densus
3434 4058 3687 4127 populus
3712 4076 3818 4110 cu-

2166 4144 2515 4208 niculorum,
2550 4144 2649 4215 qui
2682 4144 2947 4198 dolentes
2992 4161 3231 4199 suorum
3293 4145 3595 4214 plurimos,
3662 4148 3809 4200 dum

2164 4233 2425 4288 cavernis
2458 4233 2676 4303 passim
2712 4234 2836 4287 suis
2868 4234 2937 4287 ad
2965 4237 3194 4304 pastum
3245 4236 3346 4286 aut
3404 4238 3601 4303 potum
3668 4251 3807 4303 pro-

2165 4321 2363 4385 deunt,
2400 4338 2432 4374 a
2462 4320 2624 4374 novis
2658 4320 2991 4390 hospitibus
3028 4319 3178 4374 mole
3223 4337 3528 4391 corporum
3584 4324 3813 4391 gravis-

2166 4409 2331 4463 simis
2363 4408 2498 4463 elidi
2530 4408 2919 4473 conculcatos,
2966 4409 3023 4461 in
3082 4408 3391 4462 consilium
3451 4415 3684 4473 coeunt,
3746 4414 3808 4465 in

2174 4513 2288 4567 quo
2319 4496 2729 4567 plerorumque
2761 4498 2830 4550 ad
2892 4498 3086 4565 fugam
3138 4502 3193 4550 et
3223 4497 3625 4566 migrationem
3668 4515 3810 4551 sen-

2100 4556 2139 4617 D
2173 4556 2367 4638 tuenti-te
2402 4556 2854 4653 propendebant,
2890 4556 3123 4654 quando
3154 4556 3471 4653 assurgens
3504 4591 3810 4651 unus,z\u-

2167 4674 2284 4727 dite
2317 4688 2426 4737 me,
2475 4672 2684 4741 inquit,
2720 4673 3017 4726 observavi
3073 4678 3265 4727 vastas
3324 4672 3495 4727 hasce
3550 4674 3803 4741 belluas,

2166 4778 2291 4830 qua:
2326 4760 2489 4813 nobis
2523 4760 2818 4831 negotium
2854 4762 3169 4823 lacessunt,
3225 4761 3573 4831 impotenter
3612 4765 3804 4817 vereri

2123 4837 2126 4840 ’
2169 4853 2510 4902 nocturnam
2546 4847 2902 4913 lunam;vidi
2930 4849 3084 4902 enim
3117 4849 3246 4917 ejus
3276 4854 3511 4919 aspectu
3545 4856 3805 4904 conster-

2167 4937 2375 5002 nari,et
2397 4937 2732 5005 aqua,velut
2762 4936 2812 4990 ei
2847 4937 3318 5007 propitiandaa,se
3348 4935 3617 4990 lustrare.
3652 4938 3801 4993 Hinc

2168 5024 2310 5076 mihi
2334 5023 2430 5077 lux
2450 5023 2711 5078 oboritur
2732 5023 3012 5093 aliqua,et
3029 5027 3379 5094 spes;eorum
3402 5024 3535 5077 hinc
3558 5025 3797 5095 abigen-

2166 5112 2394 5165 dorum.
2425 5112 2703 5179 Tentabo,
2737 5112 2782 5165 si
2814 5112 2977 5167 vobis
3006 5111 3255 5176 videtur,
3308 5116 3475 5165 nocte
3526 5118 3797 5182 sequenti

2167 5200 2321 5269 quod
2352 5198 2559 5268 cogito,
2592 5216 2719 5253 cras
2749 5200 2890 5269 quid
2938 5199 3285 5253 successerit
3333 5199 3549 5267 scietis,
3582 5208 3637 5254 et
3691 5220 3795 5272 pro

2167 5304 2227 5340 re
2258 5291 2390 5340 nata
2422 5286 2743 5341 decernetis
2783 5288 2935 5357 quod
2979 5286 3281 5357 apparebit
3338 5287 3540 5341 utilius
3578 5305 3797 5344 :morze

2167 5373 2355 5427 brevis
2388 5391 2501 5427 non
2534 5373 2652 5428 leve
2685 5375 2930 5444 pretium
2965 5374 3309 5430 ostenditur.
3352 5375 3564 5429 Omnes
3596 5394 3799 5432 assen-

2168 5478 2313 5515 sere.
2350 5462 2536 5531 Lepus
2569 5467 2769 5516 auctor
2798 5460 3025 5515 concilii
3070 5466 3234 5515 nocte
3294 5462 3573 5517 concubia
3629 5481 3660 5516 e
3722 5484 3804 5519 re~

2167 5550 2335 5619 gione
2368 5552 2516 5604 lunae
2548 5550 2661 5605 alte
2706 5552 2829 5620 jam
2886 5550 3150 5614 sublatae,
3208 5550 3411 5603 innubi
3471 5555 3597 5605 tum
3651 5555 3800 5609 forte

2168 5638 2334 5704 00310,
2368 5641 2423 5692 in
2455 5640 2751 5707 scepolum
2782 5638 2975 5693 evadit
3010 5636 3414 5692 imminentem
3474 5648 3801 5697 memorato
