4060 6304
227 365 353 418 1313

1222 350 1578 409 SPECIMEN
1616 346 2012 402 SAPIENTUE
2050 342 2383 399 lNDORUM
2422 344 2580 396 VET.

3466 332 3600 387 1314

227 502 393 557 supra
443 482 608 539 fonti.
659 481 800 536 Inde
842 480 1141 533 ductorem
1209 473 1581 544 elephantum
1631 482 1848 536 magna
1878 468 1931 532 Α
1960 465 2043 520 ire
2075 482 2191 519 non
2222 468 2542 529 recusaret,
2575 481 2607 518 a
2631 478 2745 532 quo
2769 477 2830 517 se
2862 461 3263 515 devorandum
3296 458 3471 512 simul
3504 474 3599 527 ap-

228 556 574 643 compellans
616 585 774 633 voce,
807 568 1053 634 Adsum,
1104 563 1320 634 inquit,
1375 560 1447 614 ad
1478 564 1535 613 te
1566 556 1786 610 missus
1820 570 1854 607 a

231 641 459 716 dom—ina
492 660 670 721 Luna,
702 657 875 726 cujus
905 654 962 707 in
995 652 1214 707 ditione
1263 650 1391 704 fons
1439 661 1610 718 quem
1661 641 1851 697 cernis

230 754 332 819 est,
366 748 559 802 Diana:
590 746 781 799 dictus
824 744 894 797 ab
948 740 1126 795 altero
1174 738 1345 791 Lunae
1393 734 1650 790 nomine.
1698 733 1758 784 In
1790 744 1855 783 eo

231 836 325 891 illa
362 833 669 890 consuovit
714 845 925 885 arcano
977 827 1176 891 lavari,
1222 825 1315 879 cui
1378 822 1460 877 rei
1506 826 1698 875 vestra
1742 818 1859 871 fre-

233 926 463 996 quentia
492 920 913 993 impedimeuto
954 920 1061 981 est,
1114 918 1499 985 praeterquam
1547 911 1702 964 nitor
1731 907 1857 996 ipse

232 994 291 1067 ac
324 1010 707 1082 perspicuitas
735 1006 842 1077 ipsi
878 1004 1026 1059 sacri
1058 1002 1302 1073 liquoris
1358 999 1566 1054 vestris
1600 994 1860 1064 vestigiis

237 1111 517 1163 turbatur.
552 1105 735 1160 Edicit
765 1120 919 1175 ergo,
974 1101 1208 1155 Abeatis
1259 1098 1390 1153 alio.
1442 1110 1616 1151 suum
1649 1091 1733 1146 illi
1763 1105 1863 1143 va-

235 1213 405 1252 cuum
438 1196 807 1263 liberumque
841 1188 1183 1260 relinquatis
1206 1187 1435 1251 locum;
1470 1183 1519 1237 si
1551 1176 1864 1235 renueritis

239 1291 334 1339 aut
363 1284 536 1338 etiam
570 1280 948 1346 cunctemini,
982 1281 1203 1348 pestem
1237 1274 1400 1329 vobis
1422 1289 1486 1326 ac
1508 1274 1723 1325 certam
1748 1283 1869 1337 per—

240 1373 445 1427 niciem
482 1388 582 1441 per
613 1386 705 1423 me
736 1367 1063 1423 denuntiat.
1100 1366 1232 1435 Ipsa
1250 1362 1392 1433 quin
1424 1360 1597 1414 etiam
1631 1359 1866 1410 descen-

242 1462 469 1527 ditjam
502 1461 560 1512 in
595 1460 810 1512 fontem
841 1474 854 1522 ;
888 1455 967 1509 ibi
1000 1469 1151 1521 eam,
1184 1453 1231 1505 si
1265 1449 1434 1504 dictis
1481 1447 1625 1501 meis
1674 1443 1870 1498 minus

244 1549 449 1614 credis,
484 1547 691 1601 accede
722 1545 824 1612 sis,
876 1541 1072 1596 licebit
1117 1554 1376 1594 cernere.
1424 1536 1714 1589 Turbatus
1746 1533 1871 1585 ino-

244 1635 436 1707 pinate
465 1639 522 1688 et
553 1632 765 1686 minaci
824 1629 1099 1684 mandato
1148 1625 1526 1696 elephantum
1583 1623 1722 1685 dux,
1766 1620 1871 1673 ad—

244 1727 429 1776 movet
458 1737 520 1775 se
553 1720 624 1774 ad
659 1734 817 1773 oram
870 1715 1043 1771 vicini
1094 1713 1294 1777 fontis,
1341 1712 1661 1779 vidensque
1708 1708 1873 1762 Lunae

245 1810 354 1865 alte
385 1808 660 1877 fulgentis
688 1805 1001 1875 imaginem
1035 1819 1103 1856 ex
1134 1816 1297 1871 aqua:
1335 1796 1642 1869 superﬁcie
1677 1812 1870 1866 reper-
1910 1804 1954 1867 Β

245 1913 498 1963 cussam,
532 1897 696 1949 deam
730 1893 869 1960 illic,
902 1893 1055 1963 quod
1098 1887 1406 1943 cuniculus
1455 1886 1698 1953 dixerat,
1732 1899 1877 1954 prm—

247 1991 468 2040 sentem
501 1982 767 2050 credidit,
801 1998 864 2034 ac
898 1995 1044 2033 vano
1074 1979 1477 2031 consternatus
1522 1977 1703 2038 metu,
1754 1970 1878 2025 suis

249 2073 427 2127 edixit
455 2087 596 2126 vasa
625 2069 983 2138 colligerent,
1017 2064 1391 2133 diluculoque
1436 2061 1705 2131 migravit
1744 2074 1877 2112 cum

251 2164 511 2216 armento
546 2158 843 2221 universo,
875 2155 1036 2208 laetos
1068 2168 1132 2206 ac
1162 2149 1521 2222 gratulantes
1571 2152 1688 2201 tam
1726 2144 1877 2199 facili

251 2247 582 2303 amolitione
612 2243 749 2298 mali
779 2240 1015 2296 maximi
1037 2236 1370 2309 lepusculos
1403 2237 1458 2289 in
1486 2251 1660 2305 regno
1694 2232 1879 2304 patrio

252 2340 603 2408 relinquens.
638 2336 740 2390 Hic
767 2336 889 2403 jam
939 2335 1271 2401 comparate
1322 2328 1462 2381 mihi
1512 2325 1879 2396 elephantem

251 2444 379 2481 cum
414 2422 810 2489 noctua,illius
835 2421 1102 2491 panicam
1135 2434 1167 2471 a
1190 2416 1329 2471 luna
1358 2414 1723 2468 formidinem
1745 2428 1878 2466 cum

254 2515 423 2581 hujus
463 2513 701 2566 horrore
751 2509 975 2562 diurnae
1024 2506 1193 2559 lucis.
1244 2507 1449 2557 Annon
1502 2501 1879 2556 manifestum

250 2616 338 2665 est
375 2609 687 2672 inﬁrmam,
739 2606 1081 2672 deformem,
1132 2602 1431 2665 fetentem,
1484 2598 1737 2653 luridam
1793 2598 1885 2651 be-

250 2698 443 2762 stiam,
521 2694 707 2750 multo
783 2692 968 2763 magis
1047 2689 1132 2745 vel
1214 2687 1473 2742 minimis
1548 2686 1676 2741 luce
1748 2701 1884 2755 gau-

250 2786 522 2840 dentibus
552 2788 607 2838 et
639 2798 809 2836 mane
838 2778 1070 2834 canoris
1116 2776 1356 2832 aviculis
1406 2773 1763 2844 contemptui
1796 2774 1882 2826 fu-

252 2878 466 2936 turam,
501 2872 598 2926 ubi
629 2886 755 2925 eam
790 2868 1100 2923 abhorrere
1134 2883 1166 2919 a
1200 2863 1340 2921 solis
1392 2862 1595 2927 radiis,
1649 2866 1883 2931 stupere

256 2962 326 3015 ad
377 2959 759 3014 meridianam
813 2956 1027 3020 lucem,
1086 2954 1357 3007 tenebras
1403 2956 1457 3005 et
1506 2955 1734 3004 retrusa
1784 2966 1887 3019 per

252 3053 402 3103 totos
436 3048 559 3102 dies
604 3044 912 3116 gurgustia
954 3045 1187 3112 captare
1236 3037 1769 3109 deprehenderint?
1796 3036 1888 3090 Vi-

1964 554 2217 623 paruerit
2264 551 2578 622 intelligit?
2628 551 2849 621 Fingite
2916 550 2998 603 ita
3041 548 3249 603 stulias
3298 546 3597 600 volucrum

1963 641 2190 712 aliquas
2215 646 2276 694 ut
2299 641 2487 695 forum
2511 644 2735 693 noctuae
2753 654 2860 693 noe
2882 638 3413 707 refugiant,maguo
3434 635 3598 688 luent

1967 729 2307 797 amentiam,
2359 734 2417 783 et
2470 727 2794 782 remedium
2843 730 3085 797 experta:
3128 724 3279 778 malo
3330 724 3520 793 pejus,
3573 739 3602 776 e

1969 820 2127 873 fumo
2159 835 2220 873 se
2248 818 2308 871 in
2333 818 2629 872 ﬂammam
2664 816 2939 871 incidisse
2977 831 3105 869 sero
3138 814 3412 879 sentient,
3446 813 3599 865 idem

1970 923 2153 976 passae
2186 907 2337 977 quod
2363 906 2621 959 sciurutn
2649 909 2705 959 et
2734 904 2990 973 leporem
3026 904 3238 969 ferunt,
3274 902 3424 954 inter
3456 916 3603 969 quos

1972 998 2097 1048 orta
2126 995 2515 1049 centroversia
2545 1008 2834 1047 consensu
2879 990 3181 1045 amborum
3230 991 3300 1042 ad
3354 988 3484 1043 felis
3519 1006 3603 1041 aro

1974 1080 2232 1147 bitrium,
2268 1080 2473 1135 annosi
2505 1079 2747 1134 solitarii
2780 1078 2970 1149 specie
3001 1095 3063 1131 ac
3113 1076 3271 1131 cultu
3317 1076 3605 1130 asceticen

1975 1168 2333 1237 simulantis,
2366 1168 2693 1222 dirimenda
2737 1166 2925 1221 delata
2973 1171 3076 1220 est.
3134 1163 3606 1234 improbissimus

1970 1258 2150 1327 judex
2183 1255 2560 1326 praedataetus
2582 1257 2825 1324 objecta,
2847 1271 2976 1308 cum
3010 1254 3304 1322 litigantes
3334 1270 3402 1305 ex
3432 1253 3605 1305 inter-

1978 1344 2131 1399 vallo
2164 1346 2233 1398 ad
2267 1346 2408 1414 quid
2440 1344 2740 1398 venissent
2771 1342 3114 1410 indicarent,
3148 1340 3378 1394 Accedit
3408 1339 3604 1408 igitur,

1979 1433 2188 1502 inquit,
2219 1440 2281 1487 ut
2310 1450 2411 1487 vos
2453 1432 2719 1499 audiam;
2755 1447 2890 1485 nam
2921 1429 3109 1485 aetatis
3155 1429 3290 1483 vitio
3338 1428 3606 1483 semisur-

1983 1521 2092 1575 dus
2124 1538 2279 1586 sum,
2331 1523 2548 1574 Ambos
2580 1519 2791 1573 deinde
2836 1520 3068 1572 incaute
3117 1520 3610 1585 obtemperantes,

1986 1608 2279 1679 unguibus
2312 1624 2644 1678 aggressus,
2680 1624 2743 1661 ac
2776 1606 3049 1660 dentibus
3098 1605 3365 1675 egregius
3399 1604 3613 1659 arbiter

1986 1696 2316 1767 discerpsit,
2346 1711 2412 1749 ac
2442 1696 2684 1749 voravit.

2063 1819 2244 1872 Vl.lta
2269 1819 2713 1872 concionantem
2731 1834 2963 1872 corvum
2998 1834 3110 1871 non
3146 1834 3317 1887 passa
3348 1833 3614 1887 perorare

1987 1907 2148 1977 plebs
2180 1906 2371 1960 avium
2415 1906 2756 1960 acclamavit
2798 1906 2977 1960 denso
3038 1906 3295 1974 undique
3355 1906 3611 1959 fremitu.

1985 2000 2175 2065 Apage
2202 1994 2497 2048 bubonem
2529 1993 2755 2064 regem!
2790 1993 3029 2047 abeatin
3060 2010 3178 2047 rem
3208 1992 3419 2047 malam
3451 2008 3615 2046 mon-

1986 2089 2173 2138 strum
2205 2081 2558 2151 lucifugum,
2590 2082 2868 2147 invisum,
2912 2081 3300 2135 exsecrabile!
3337 2082 3482 2151 Ergo
3514 2082 3614 2134 de-

1988 2169 2253 2237 signatus
2294 2169 2467 2239 paulo
2518 2173 2651 2222 ante
2700 2185 2794 2221 rex
2844 2169 3033 2222 avium
3078 2168 3286 2238 plenus
3336 2167 3521 2221 cladis
3553 2183 3617 2220 ac

1988 2257 2286 2313 dedecoris
2315 2256 2407 2309 vix
2446 2255 2644 2310 salvus
2694 2273 2722 2310 e
2763 2256 2996 2311 comitio
3043 2256 3290 2326 aufugit,
3341 2255 3617 2325 proximis

1988 2345 2158 2399 etiam
2188 2345 2518 2415 quibusque
2552 2344 2938 2399 Irascentibus
2972 2344 3123 2398 ultra
3149 2342 3373 2413 sibilos,
3408 2348 3619 2399 rostro-

1989 2449 2101 2504 que
2131 2432 2410 2486 miserum
2444 2433 2830 2486 tundentibus
2863 2448 2926 2487 ac
2968 2432 3197 2502 plumas
3246 2432 3614 2486 vellentibus.

1987 2521 2161 2574 Nocte
2188 2520 2322 2574 inde
2348 2526 2547 2575 secuta
2595 2521 2862 2575 convenit
2912 2525 3254 2575 noctuarum
3298 2519 3554 2590 regulus,
3588 2536 3617 2574 e

1988 2614 2152 2662 tanta
2199 2625 2261 2663 se
2309 2625 2409 2679 spe
2458 2608 2745 2676 dejectum
2798 2610 3072 2673 fremens,
3118 2608 3453 2680 ignominiae
3502 2625 3617 2662 suae

1991 2712 2309 2767 praeconem
2341 2700 2643 2763 nostrum;
2677 2701 2752 2763 et,
2780 2697 2927 2761 Quid
2956 2696 3083 2765 tibi,
3119 2697 3329 2766 inquit,
3362 2712 3466 2766 ego
3499 2696 3620 2766 pri-

1988 2784 2164 2839 vatim
2196 2789 2296 2838 aut
2327 2785 2570 2855 publica:
2592 2789 2782 2839 vestro
2814 2800 3117 2839 corvorum
3145 2784 3341 2853 generi
3367 2802 3620 2852 unquam

1992 2872 2443 2938 incommodavi,
2475 2877 2539 2926 ut
2570 2877 2770 2927 contra
2794 2889 2903 2942 me,
2937 2873 3300 2927 alienissimo
3334 2889 3461 2927 meo
3484 2877 3628 2926 tem-

1992 2976 2150 3031 pore,
2184 2963 2302 3013 tam
2338 2976 2489 3013 smva
2520 2960 2678 3014 rabie
2707 2960 2979 3015 venires?
3024 2961 3306 3015 Caeterum
3340 2961 3422 3015 sic
3454 2961 3624 3025 habe,

1991 3049 2244 3102 recisum
2268 3049 2419 3103 ferro
2450 3064 2676 3103 ramum
2710 3050 2846 3103 vivae
2879 3050 3102 3103 arboris
3134 3049 3344 3103 iterum
3378 3049 3625 3115 renasci,

255 3139 389 3191 dere
412 3136 537 3205 jam
570 3135 786 3201 videor,
822 3136 887 3185 ut
920 3130 1075 3184 illam
1125 3127 1539 3191 exsibilabunt,
1592 3130 1655 3179 ut
1701 3124 1884 3180 visam

2003 3136 2148 3190 coire
2180 3137 2639 3201 medicamentis,
2672 3143 2727 3191 et
2760 3154 2919 3192 mora
2950 3137 3159 3191 vulnus
3192 3137 3476 3191 inﬂictum
3510 3138 3630 3191 ani-

256 3223 452 3279 subito
482 3221 811 3291 cxplodent,
846 3222 911 3271 ut
957 3216 1233 3272 omnibus
1283 3215 1522 3284 impune
1567 3212 1887 3283 lucifugam

258 3310 686 3367 tenebricosam
718 3303 1093 3362 contumeliis
1116 3301 1392 3357 efﬁcient.
1418 3301 1485 3354 Et
1513 3299 1670 3354 hunc
1700 3313 1895 3369 regem

264 3399 562 3469 imponere
596 3394 800 3451 incolis
832 3393 958 3447 cmli
1011 3390 1282 3462 cogitatis
1329 3388 1555 3453 avibus,
1599 3404 1773 3458 quem
1804 3387 1899 3442 vix

258 3484 664 3540 sordidissima
683 3482 981 3553 reptilium
1001 3492 1237 3533 servum
1257 3476 1472 3529 habere
1491 3474 1902 3544 dignarentur?

264 3574 390 3641 Eat,
423 3572 634 3626 condat
665 3587 726 3624 se
756 3569 921 3623 caecis
963 3566 1171 3631 antris,
1218 3561 1729 3634 veSpertilionibus
1761 3560 1901 3625 illic,

274 3668 739 3740 nycticoracibus
772 3682 836 3719 ac
870 3662 1067 3733 talpis,
1099 3661 1147 3715 si
1178 3660 1267 3713 vel
1302 3660 1356 3713 id
1399 3663 1607 3728 potest,
1643 3658 1907 3712 domine-

274 3763 370 3811 tur
415 3774 428 3811 :
481 3754 629 3809 lucis
682 3753 956 3818 ﬁliarum,
1010 3750 1324 3804 amicarum
1375 3748 1537 3810 solis,
1598 3746 1908 3817 imperium

277 3844 475 3899 avium
529 3858 599 3895 ne
647 3842 890 3905 alfectet,
942 3855 1013 3892 ne
1062 3836 1317 3901 ambiat;
1348 3835 1418 3887 de
1469 3850 1584 3902 quo
1637 3838 1908 3887 noctuam

276 3932 583 4001 cogitasse,
616 3927 702 3983 vel
753 3943 851 3997 per
894 3924 1187 3980 somnium
1239 3921 1467 3975 insania
1516 3921 1610 3987 sit,
1645 3937 1913 3991 sperasse

278 4024 470 4073 autem
505 4020 683 4083 furor,
723 4021 781 4070 et
828 4021 1027 4068 vestrae
1078 4010 1398 4082 prudentiae
1447 4007 1913 4062 contumeliosis-

281 4107 432 4161 sima
463 4102 1102 4175 desperatio.Perorabo
1134 4099 1232 4153 ubi
1260 4114 1443 4151 unum
1477 4097 1647 4150 modo
1670 4096 1913 4164 subjun-

281 4211 419 4248 xero
451 4190 797 4263 capitalisin
828 4190 935 4243 hoc
968 4187 1195 4258 negotio
1229 4183 1530 4239 momenti.
1554 4183 1774 4254 Regum
1799 4185 1914 4253 pri-

289 4281 539 4336 marium
595 4280 853 4334 ofﬁcium
894 4275 1253 4346 jurisdictio,
1325 4271 1662 4342 dijudicatio
1700 4269 1913 4337 litium,

290 4370 599 4425 arbitrium
631 4383 941 4422 causarum
975 4369 1085 4430 est,
1114 4367 1178 4417 ut
1221 4365 1445 4418 constat
1490 4358 1644 4413 inter
1693 4374 1914 4412 omnes.

288 4458 352 4511 In
382 4474 447 4511 eo
479 4472 719 4510 munere
756 4458 907 4508 recte
950 4450 1242 4521 fungendo
1292 4447 1532 4518 puppim
1583 4462 1648 4501 ac
1689 4461 1914 4515 proram

285 4544 526 4614 aequitas
558 4542 716 4609 facit,
749 4541 876 4595 sine
907 4555 1022 4609 qua
1053 4542 1187 4592 uota
1218 4539 1274 4589 et
1323 4533 1662 4605 pignoribus
1693 4533 1914 4604 experi-

286 4635 618 4686 mentorum
652 4633 829 4695 certa,
876 4625 1022 4681 nulli
1070 4621 1414 4695 patientium
1467 4619 1741 4689 injuriam
1775 4636 1914 4690 que-

284 4718 419 4773 relae
447 4718 517 4770 ad
553 4714 807 4770 tribunal
845 4711 1169 4767 deferendae
1202 4706 1416 4762 fiducia
1447 4706 1636 4759 fuerit.
1671 4705 1917 4772 Putatis,

285 4815 334 4867 si
364 4815 598 4883 quando
657 4812 934 4882 accipiter
984 4806 1317 4863 columbam
1368 4802 1677 4868 vexaverit,
1728 4802 1776 4856 si
1828 4817 1921 4855 res

284 4902 540 4955 hirundo
572 4900 831 4970 rapuerit
862 4894 1192 4968 passeris,si
1220 4891 1697 4962 quotidianarum
1722 4888 1919 4943 istius-

291 4988 450 5042 modi
519 4985 1100 5049 oti'ensiuncularum,
1161 4982 1376 5052 quibus
1441 4978 1560 5032 vita
1620 4993 1918 5048 nunquam

288 5081 472 5141 vacat,
524 5075 792 5128 inciderit
834 5072 1079 5141 aliquid,
1146 5083 1501 5139 quemquam
1545 5066 1920 5121 inducturum

287 5165 552 5218 animum
585 5163 668 5216 ire
699 5163 769 5216 ad
803 5165 1076 5216 noctuam
1102 5156 1254 5228 juris
1274 5154 1567 5226 repetendi
1590 5154 1679 5207 sui
1703 5152 1922 5224 gratia?

286 5250 435 5304 Tum
468 5253 665 5319 putate
695 5249 752 5302 id
789 5244 1129 5311 futurum,si
1154 5245 1433 5297 damnum
1468 5240 1653 5295 multo
1684 5239 1922 5310 gravius

286 5341 522 5405 accepto
555 5338 624 5391 ab
656 5352 720 5390 ea
755 5352 869 5390 non
900 5332 1182 5387 timuerit.
1216 5330 1446 5400 Flagrat
1494 5328 1594 5382 illa
1635 5328 1693 5381 in
1719 5344 1922 5382 omnes

286 5426 419 5478 odio
465 5441 694 5494 semper
744 5420 992 5485 ardenti,
1042 5420 1259 5474 eminet
1305 5433 1373 5471 ex
1415 5416 1602 5480 vultu,
1641 5432 1708 5468 ex
1756 5414 1921 5470 oculo

286 5514 471 5577 furor,
520 5513 824 5577 acerbitas,
879 5509 1235 5564 immanitas.
1289 5508 1516 5570 Quanta
1564 5504 1779 5573 injuria
1825 5521 1920 5557 ve-

282 5602 409 5655 xari
441 5617 656 5671 agnum
690 5603 1000 5670 Oporteret,
1037 5603 1098 5651 ut
1127 5597 1197 5651 ad
1247 5593 1453 5664 lupum
1494 5593 1919 5663 expostulatum

2005 3223 2222 3278 mantis
2251 3223 2496 3294 corpori,
2557 3230 2733 3295 atque
2772 3225 2829 3279 in
2879 3224 3210 3280 cicatricem
3260 3224 3627 3281 coalescere:

2007 3311 2217 3382 linguae
2248 3328 2507 3366 morsum
2534 3329 2661 3367 esse
2684 3331 2925 3383 prorsus
2964 3313 3366 3382 iucurabilem,
3399 3329 3464 3367 ac
3496 3330 3630 3366 cum

2013 3416 2163 3467 aqua
2192 3400 2522 3469 exstinguat
2551 3400 2767 3470 ignem,
2799 3402 2884 3455 vis
2914 3400 3108 3455 hausti
3138 3401 3342 3454 veneni
3378 3400 3635 3455 antidoto

2012 3487 2376 3555 retundatur,
2410 3504 2574 3542 amor
2603 3489 2869 3543 satietate
2917 3489 3209 3544 fruitionis
3240 3488 3635 3559 elanguescat,

2016 3574 2358 3628 memoriam
2409 3581 2603 3629 tamen
2655 3576 2883 3645 injuriae
2938 3576 3062 3631 sine
3129 3578 3335 3631 merito
3391 3581 3638 3646 acceptae

2014 3661 2200 3715 vivere
2230 3666 2503 3717 aeternam
2536 3680 2601 3717 ac
2632 3664 2841 3735 vigere.
2877 3667 3061 3728 Quare
3119 3664 3232 3717 ista
3289 3663 3643 3718 contumelia

2016 3749 2167 3804 scias
2196 3755 2254 3804 te
2284 3767 2481 3805 semen
2507 3751 2744 3820 jecisse,
2777 3753 2931 3806 unde
2979 3754 3151 3807 arbor
3200 3757 3469 3822 exsurgat
3500 3769 3644 3805 nun-

2017 3854 2191 3908 quam
2224 3838 2573 3893 eradicanda
2612 3840 2951 3909 sempiterni
3001 3857 3201 3895 corvos
3254 3840 3405 3893 inter
3434 3856 3499 3893 ac
3550 3856 3639 3893 uo-

2018 3931 2182 3980 ctuas
2208 3926 2456 3980 discidii.
2492 3926 2585 3980 Sic
2615 3925 2867 3993 locutus,
2901 3928 3057 3981 rabie
3100 3927 3307 3998 plenus
3338 3927 3642 3981 abscessit.

2019 4013 2157 4067 Inde
2188 4030 2319 4067 cum
2354 4014 2409 4066 in
2444 4031 2682 4084 specum
2718 4015 2889 4069 istam
2923 4032 3057 4070 cum
3112 4015 3235 4070 suis
3287 4015 3645 4079 recessisset,

2020 4102 2191 4171 longo
2221 4106 2481 4172 tempore
2510 4102 2777 4157 vindictae
2808 4104 3022 4174 pariter
3068 4104 3449 4174 cupiditatem
3482 4118 3649 4171 opes-

2020 4204 2133 4257 que
2155 4205 2220 4242 ac
2251 4188 2507 4243 sobolem
2536 4196 2855 4258 auxerunt;
2909 4195 3035 4245 tum
3084 4192 3181 4245 ubi
3232 4208 3294 4245 se
3337 4190 3648 4244 conﬁrma-

2023 4281 2111 4329 tos
2143 4276 2287 4330 satis
2318 4292 2753 4347 sensere,quam
2781 4280 2991 4350 supina
3011 4279 3154 4349 ipsis
3180 4283 3378 4333 nostra
3401 4276 3650 4332 etuimis

2022 4363 2254 4418 incauta
2284 4365 2568 4420 securitas
2600 4366 2912 4435 pretiosam
2947 4367 3222 4421 oﬁerebat
3264 4366 3511 4420 nocendi
3544 4382 3647 4420 uo-

2028 4452 2116 4505 bis
2175 4453 2533 4508 occasiuuem
2595 4456 2909 4525 arripuere,
2988 4460 3268 4510 nocturne
3341 4456 3452 4509 isto
3510 4460 3653 4509 tem-

2027 4538 2243 4607 pestive
2272 4540 2342 4593 ad
2388 4544 2583 4594 votum
2632 4542 2891 4610 ipsorum
2944 4542 3202 4596 tumultu
3268 4542 3649 4597 admovendo.

2031 4625 2197 4680 Vides
2226 4643 2291 4680 ex
2322 4627 2434 4693 his,
2467 4628 2722 4694 domine,
2774 4646 2980 4684 causas
3026 4629 3142 4683 odii
3191 4629 3357 4695 tales,
3391 4645 3507 4698 qua
3538 4629 3655 4681 ulla

2028 4730 2199 4783 posse
2257 4716 2660 4785 paciﬁcatione
2707 4718 2983 4789 mitigari,
3045 4719 3259 4774 nedum
3311 4718 3657 4782 oblitterari,

2030 4806 2387 4874 sperandum
2419 4805 2868 4876 haudquaquam
2901 4809 2994 4862 sit.
3028 4814 3299 4873 Pravum,
3322 4806 3656 4872 inﬂexibile,

2030 4908 2249 4946 memor
2280 4892 2631 4960 injuriarum
2663 4898 2720 4949 et
2751 4913 2867 4965 prae
2915 4896 3142 4951 cunctis
3189 4897 3453 4951 odiorum
3488 4899 3660 4948 tenax

2031 4994 2218 5048 genus
2250 4980 2466 5034 frustra
2496 4981 2805 5037 conciliare
2836 4984 3165 5053 curaveris;
3196 4984 3657 5039 exscindendum

2030 5073 2117 5121 est
2150 5084 2164 5133 ;
2202 5084 2315 5122 una
2338 5068 2505 5124 nobis
2536 5070 2718 5138 salus,
2751 5072 2924 5127 unica
2970 5072 3130 5143 pacis
3173 5089 3308 5143 spes
3358 5072 3416 5126 in
3465 5070 3660 5125 debel-

2029 5151 2203 5209 lando
2269 5160 2357 5211 est
2422 5157 2577 5227 sita;
2647 5176 2803 5227 non,
2872 5161 3135 5231 inquam,
3210 5162 3472 5215 vivemus
3548 5160 3662 5213 nisi

2031 5241 2354 5297 vincamus.
2445 5247 2743 5307 Quomodo
2845 5253 3037 5303 autem
3142 5249 3436 5319 possimus
3537 5247 3663 5300 vin-

2031 5346 2159 5385 cere
2198 5331 2323 5399 jam
2374 5333 2607 5402 quaeris.
2657 5336 2783 5389 Haec
2832 5336 2988 5391 enim
3032 5341 3133 5390 tua
3179 5336 3436 5390 secunda
3483 5336 3663 5388 inter-

2033 5418 2254 5489 rogatio
2280 5423 2388 5485 est,
2421 5420 2490 5473 ad
2517 5437 2689 5491 quam
2725 5424 2806 5478 sic
2857 5424 3177 5493 respondeo
3212 5441 3223 5477 :
3277 5441 3309 5476 a
3339 5423 3390 5476 vi
3440 5426 3662 5491 aperta,

2033 5510 2097 5559 ut
2127 5522 2217 5559 res
2248 5510 2458 5561 nostrae
2493 5525 2647 5563 nunc
2680 5510 2913 5573 habent,
2967 5512 3417 5580 exspectandum
3469 5507 3611 5562 nihil
3650 5526 3662 5563 :

2034 5593 2332 5647 vincemur
2362 5594 2488 5649 sine
2521 5597 2697 5652 dubio
2730 5598 2778 5651 si
2811 5599 3229 5667 confligamus;
3266 5602 3320 5652 et
3352 5598 3502 5666 quod
3536 5612 3666 5651 vere
