  <div class='ocr_page' id='page_1' title='image "/cluster/home/n/w/nwhite01/storage/ocr_20150623/143/mdp.39015078384784/665.png"; bbox 0 0 4108 6294; ppageno 0'>
   <div class='ocr_carea' id='block_1_1' title="bbox 456 355 593 408">
    <p class='ocr_par' dir='ltr' id='par_1_1' title="bbox 456 355 593 408">
     <span class='ocr_line' id='line_1_1' title="bbox 456 355 593 408; baseline -0.015 0"><span class='ocrx_word' id='word_1_1' title='bbox 456 355 593 408; x_wconf 86' lang='grc'>1315</span> 
     </span>
    </p>
   </div>
   <div class='ocr_carea' id='block_1_2' title="bbox 1949 352 2331 404">
    <p class='ocr_par' dir='ltr' id='par_1_2' title="bbox 1949 352 2331 404">
     <span class='ocr_line' id='line_1_2' title="bbox 1949 352 2331 404; baseline -0.005 -1"><span class='ocrx_word' id='word_1_2' title='bbox 1949 353 2176 403; x_wconf 78' lang='lat' dir='ltr'>APPEN</span> <span class='ocrx_word' id='word_1_3' title='bbox 2188 352 2309 404; x_wconf 83' lang='lat' dir='ltr'>DIX</span> <span class='ocrx_word' id='word_1_4' title='bbox 2320 389 2331 401; x_wconf 92' lang='lat'>.</span> 
     </span>
    </p>
   </div>
   <div class='ocr_carea' id='block_1_3' title="bbox 3699 358 3828 412">
    <p class='ocr_par' dir='ltr' id='par_1_3' title="bbox 3699 358 3828 412">
     <span class='ocr_line' id='line_1_3' title="bbox 3699 358 3828 412; baseline 0.008 -2"><span class='ocrx_word' id='word_1_5' title='bbox 3699 358 3828 412; x_wconf 88' lang='grc'>1316</span> 
     </span>
    </p>
   </div>
   <div class='ocr_carea' id='block_1_4' title="bbox 451 470 3827 550">
    <p class='ocr_par' dir='ltr' id='par_1_4' title="bbox 451 470 3827 550">
     <span class='ocr_line' id='line_1_4' title="bbox 451 470 3827 550; baseline 0.001 -18"><span class='ocrx_word' id='word_1_6' title='bbox 451 475 776 543; x_wconf 87' lang='lat' dir='ltr'>admonuit,</span> <span class='ocrx_word' id='word_1_7' title='bbox 809 474 909 545; x_wconf 87' lang='lat' dir='ltr'>qui</span> <span class='ocrx_word' id='word_1_8' title='bbox 936 475 1218 529; x_wconf 83' lang='lat' dir='ltr'>suadebat</span> <span class='ocrx_word' id='word_1_9' title='bbox 1250 474 1465 544; x_wconf 82' lang='lat' dir='ltr'>fugam,</span> <span class='ocrx_word' id='word_1_10' title='bbox 1500 490 1667 545; x_wconf 88' lang='lat' dir='ltr'>pares</span> <span class='ocrx_word' id='word_1_11' title='bbox 1717 486 2088 542; x_wconf 84' lang='lat' dir='ltr'>nequaquam</span> <span class='ocrx_word' id='word_1_12' title='bbox 2119 476 2173 539; x_wconf 80' lang='grc' dir='ltr'><strong>Î‘</strong></span> <span class='ocrx_word' id='word_1_13' title='bbox 2205 471 2458 526; x_wconf 81' lang='lat' dir='ltr'>Abierint</span> <span class='ocrx_word' id='word_1_14' title='bbox 2490 470 2716 526; x_wconf 77' lang='lat' dir='ltr'>utinam</span> <span class='ocrx_word' id='word_1_15' title='bbox 2750 471 2807 526; x_wconf 92' lang='lat' dir='ltr'>in</span> <span class='ocrx_word' id='word_1_16' title='bbox 2842 471 3053 527; x_wconf 89' lang='lat' dir='ltr'>malam</span> <span class='ocrx_word' id='word_1_17' title='bbox 3077 474 3228 528; x_wconf 82' lang='lat' dir='ltr'>rem!</span> <span class='ocrx_word' id='word_1_18' title='bbox 3251 474 3499 531; x_wconf 83' lang='lat' dir='ltr'>Invicem</span> <span class='ocrx_word' id='word_1_19' title='bbox 3539 477 3827 550; x_wconf 86' lang='lat' dir='ltr'>collocuti,</span> 
     </span>
    </p>
   </div>
   <div class='ocr_carea' id='block_1_5' title="bbox 450 559 2090 631">
    <p class='ocr_par' dir='ltr' id='par_1_5' title="bbox 450 559 2090 631">
     <span class='ocr_line' id='line_1_5' title="bbox 450 559 2090 631; baseline -0.004 -12"><span class='ocrx_word' id='word_1_20' title='bbox 450 582 657 619; x_wconf 87' lang='lat' dir='ltr'>sumus</span> <span class='ocrx_word' id='word_1_21' title='bbox 690 563 1045 617; x_wconf 56' lang='lat' dir='ltr'>sustinendae</span> <span class='ocrx_word' id='word_1_22' title='bbox 1069 564 1337 631; x_wconf 82' lang='lat' dir='ltr'>sequenti</span> <span class='ocrx_word' id='word_1_23' title='bbox 1366 570 1529 616; x_wconf 87' lang='lat' dir='ltr'>nocte</span> <span class='ocrx_word' id='word_1_24' title='bbox 1560 561 1996 616; x_wconf 90' lang='lat' dir='ltr'>redditurornm</span> <span class='ocrx_word' id='word_1_25' title='bbox 2019 559 2090 613; x_wconf 90' lang='lat' dir='ltr'>ad</span> 
     </span>
    </p>
   </div>
   <div class='ocr_carea' id='block_1_6' title="bbox 449 647 2088 721">
    <p class='ocr_par' dir='ltr' id='par_1_6' title="bbox 449 647 2088 721">
     <span class='ocr_line' id='line_1_6' title="bbox 449 647 2088 721; baseline -0.003 -15"><span class='ocrx_word' id='word_1_26' title='bbox 449 668 639 707; x_wconf 82' lang='lat' dir='ltr'>arcem</span> <span class='ocrx_word' id='word_1_27' title='bbox 665 658 925 706; x_wconf 88' lang='lat' dir='ltr'>nostram</span> <span class='ocrx_word' id='word_1_28' title='bbox 958 650 1419 721; x_wconf 81' lang='lat' dir='ltr'>oppugnandam</span> <span class='ocrx_word' id='word_1_29' title='bbox 1461 647 1776 719; x_wconf 80' lang='lat' dir='ltr'>irruptioni</span> <span class='ocrx_word' id='word_1_30' title='bbox 1806 648 2088 702; x_wconf 91' lang='lat' dir='ltr'>hostium.</span> 
     </span>
    </p>
   </div>
   <div class='ocr_carea' id='block_1_7' title="bbox 456 736 2090 809">
    <p class='ocr_par' dir='ltr' id='par_1_7' title="bbox 456 736 2090 809">
     <span class='ocr_line' id='line_1_7' title="bbox 456 736 2090 809; baseline -0.004 -15"><span class='ocrx_word' id='word_1_31' title='bbox 456 745 580 794; x_wconf 89' lang='lat' dir='ltr'>Non</span> <span class='ocrx_word' id='word_1_32' title='bbox 612 746 808 795; x_wconf 88' lang='lat' dir='ltr'>tamen</span> <span class='ocrx_word' id='word_1_33' title='bbox 840 739 1271 809; x_wconf 88' lang='lat' dir='ltr'>desperandum</span> <span class='ocrx_word' id='word_1_34' title='bbox 1303 738 1559 808; x_wconf 91' lang='lat' dir='ltr'>est,quin</span> <span class='ocrx_word' id='word_1_35' title='bbox 1595 736 1788 807; x_wconf 63' lang='lat' dir='ltr'>prmlio</span> <span class='ocrx_word' id='word_1_36' title='bbox 1813 737 2090 806; x_wconf 87' lang='lat' dir='ltr'>impares,</span> 
     </span>
    </p>
   </div>
   <div class='ocr_carea' id='block_1_8' title="bbox 453 826 2090 899">
    <p class='ocr_par' dir='ltr' id='par_1_8' title="bbox 453 826 2090 899">
     <span class='ocr_line' id='line_1_8' title="bbox 453 826 2090 899; baseline -0.003 -16"><span class='ocrx_word' id='word_1_37' title='bbox 453 832 865 899; x_wconf 87' lang='lat' dir='ltr'>stratagemate</span> <span class='ocrx_word' id='word_1_38' title='bbox 898 829 1195 898; x_wconf 85' lang='lat' dir='ltr'>possimus</span> <span class='ocrx_word' id='word_1_39' title='bbox 1228 827 1559 896; x_wconf 85' lang='lat' dir='ltr'>superiores</span> <span class='ocrx_word' id='word_1_40' title='bbox 1605 826 1868 879; x_wconf 83' lang='lat' dir='ltr'>evadere.</span> <span class='ocrx_word' id='word_1_41' title='bbox 1919 827 2090 878; x_wconf 82' lang='lat' dir='ltr'>Artes</span> 
     </span>
    </p>
   </div>
   <div class='ocr_carea' id='block_1_9' title="bbox 453 914 2085 985">
    <p class='ocr_par' dir='ltr' id='par_1_9' title="bbox 453 914 2085 985">
     <span class='ocr_line' id='line_1_9' title="bbox 453 914 2085 985; baseline -0.004 -13"><span class='ocrx_word' id='word_1_42' title='bbox 453 923 509 972; x_wconf 90' lang='lat' dir='ltr'>et</span> <span class='ocrx_word' id='word_1_43' title='bbox 541 918 823 972; x_wconf 72' lang='lat' dir='ltr'>machinae</span> <span class='ocrx_word' id='word_1_44' title='bbox 858 916 1044 969; x_wconf 90' lang='lat' dir='ltr'>multa</span> <span class='ocrx_word' id='word_1_45' title='bbox 1068 915 1323 970; x_wconf 83' lang='lat' dir='ltr'>efficium</span> <span class='ocrx_word' id='word_1_46' title='bbox 1355 931 1481 985; x_wconf 76' lang='lat' dir='ltr'>quae</span> <span class='ocrx_word' id='word_1_47' title='bbox 1514 916 1704 969; x_wconf 90' lang='lat' dir='ltr'>robur</span> <span class='ocrx_word' id='word_1_48' title='bbox 1736 914 2085 967; x_wconf 88' lang='lat' dir='ltr'>lacertorum</span> 
     </span>
    </p>
   </div>
   <div class='ocr_carea' id='block_1_10' title="bbox 451 1001 2087 1076">
    <p class='ocr_par' dir='ltr' id='par_1_10' title="bbox 451 1001 2087 1076">
     <span class='ocr_line' id='line_1_10' title="bbox 451 1001 2087 1076; baseline -0.004 -16"><span class='ocrx_word' id='word_1_49' title='bbox 451 1007 864 1076; x_wconf 84' lang='lat' dir='ltr'>contentioque</span> <span class='ocrx_word' id='word_1_50' title='bbox 895 1006 1058 1058; x_wconf 83' lang='lat' dir='ltr'>enixe</span> <span class='ocrx_word' id='word_1_51' title='bbox 1098 1005 1436 1058; x_wconf 87' lang='lat' dir='ltr'>conantium</span> <span class='ocrx_word' id='word_1_52' title='bbox 1487 1004 1707 1057; x_wconf 84' lang='lat' dir='ltr'>frustra</span> <span class='ocrx_word' id='word_1_53' title='bbox 1759 1001 2087 1056; x_wconf 85' lang='lat' dir='ltr'>tentaverit.</span> 
     </span>
    </p>
   </div>
   <div class='ocr_carea' id='block_1_11' title="bbox 448 1091 2084 1161">
    <p class='ocr_par' dir='ltr' id='par_1_11' title="bbox 448 1091 2084 1161">
     <span class='ocr_line' id='line_1_11' title="bbox 448 1091 2084 1161; baseline -0.004 -14"><span class='ocrx_word' id='word_1_54' title='bbox 448 1094 587 1147; x_wconf 83' lang='lat' dir='ltr'>Rem</span> <span class='ocrx_word' id='word_1_55' title='bbox 632 1093 747 1147; x_wconf 92' lang='lat' dir='ltr'>vidi</span> <span class='ocrx_word' id='word_1_56' title='bbox 800 1109 982 1161; x_wconf 84' lang='lat' dir='ltr'>nuper</span> <span class='ocrx_word' id='word_1_57' title='bbox 1026 1093 1095 1145; x_wconf 90' lang='lat' dir='ltr'>ad</span> <span class='ocrx_word' id='word_1_58' title='bbox 1145 1092 1251 1145; x_wconf 92' lang='lat' dir='ltr'>hoc</span> <span class='ocrx_word' id='word_1_59' title='bbox 1296 1093 1488 1161; x_wconf 91' lang='lat' dir='ltr'>ipsum</span> <span class='ocrx_word' id='word_1_60' title='bbox 1540 1091 1919 1145; x_wconf 85' lang='lat' dir='ltr'>astruendum</span> <span class='ocrx_word' id='word_1_61' title='bbox 1971 1104 2084 1141; x_wconf 90' lang='lat' dir='ltr'>non</span> 
     </span>
    </p>
   </div>
   <div class='ocr_carea' id='block_1_12' title="bbox 455 1179 2083 1254">
    <p class='ocr_par' dir='ltr' id='par_1_12' title="bbox 455 1179 2083 1254">
     <span class='ocr_line' id='line_1_12' title="bbox 455 1179 2083 1254; baseline -0.004 -17"><span class='ocrx_word' id='word_1_62' title='bbox 455 1185 738 1254; x_wconf 86' lang='lat' dir='ltr'>ineptam,</span> <span class='ocrx_word' id='word_1_63' title='bbox 770 1200 943 1253; x_wconf 88' lang='lat' dir='ltr'>quam</span> <span class='ocrx_word' id='word_1_64' title='bbox 979 1186 1087 1236; x_wconf 85' lang='lat' dir='ltr'>etsi</span> <span class='ocrx_word' id='word_1_65' title='bbox 1116 1182 1425 1248; x_wconf 86' lang='lat' dir='ltr'>ludicram,</span> <span class='ocrx_word' id='word_1_66' title='bbox 1461 1181 1547 1234; x_wconf 87' lang='lat' dir='ltr'>vel</span> <span class='ocrx_word' id='word_1_67' title='bbox 1580 1181 1651 1235; x_wconf 90' lang='lat' dir='ltr'>ad</span> <span class='ocrx_word' id='word_1_68' title='bbox 1676 1179 1911 1249; x_wconf 87' lang='lat' dir='ltr'>aliquod</span> <span class='ocrx_word' id='word_1_69' title='bbox 1951 1194 2083 1232; x_wconf 90' lang='lat' dir='ltr'>avo-</span> 
     </span>
    </p>
   </div>
   <div class='ocr_carea' id='block_1_13' title="bbox 451 1269 2081 1339">
    <p class='ocr_par' dir='ltr' id='par_1_13' title="bbox 451 1269 2081 1339">
     <span class='ocr_line' id='line_1_13' title="bbox 451 1269 2081 1339; baseline -0.004 -14"><span class='ocrx_word' id='word_1_70' title='bbox 451 1278 784 1325; x_wconf 89' lang='lat' dir='ltr'>camentnm</span> <span class='ocrx_word' id='word_1_71' title='bbox 818 1271 968 1324; x_wconf 89' lang='lat' dir='ltr'>acris</span> <span class='ocrx_word' id='word_1_72' title='bbox 1002 1287 1128 1339; x_wconf 74' lang='lat' dir='ltr'>quae</span> <span class='ocrx_word' id='word_1_73' title='bbox 1161 1275 1214 1323; x_wconf 91' lang='lat' dir='ltr'>te</span> <span class='ocrx_word' id='word_1_74' title='bbox 1247 1269 1363 1324; x_wconf 91' lang='lat' dir='ltr'>urit</span> <span class='ocrx_word' id='word_1_75' title='bbox 1392 1286 1565 1337; x_wconf 77' lang='lat' dir='ltr'>curae,</span> <span class='ocrx_word' id='word_1_76' title='bbox 1613 1283 1936 1322; x_wconf 86' lang='lat' dir='ltr'>memorare</span> <span class='ocrx_word' id='word_1_77' title='bbox 1967 1283 2081 1319; x_wconf 92' lang='lat' dir='ltr'>non</span> 
     </span>
    </p>
   </div>
   <div class='ocr_carea' id='block_1_14' title="bbox 448 1355 2081 1428">
    <p class='ocr_par' dir='ltr' id='par_1_14' title="bbox 448 1355 2081 1428">
     <span class='ocr_line' id='line_1_14' title="bbox 448 1355 2081 1428; baseline -0.003 -18"><span class='ocrx_word' id='word_1_78' title='bbox 448 1358 684 1428; x_wconf 85' lang='lat' dir='ltr'>pigebit.</span> <span class='ocrx_word' id='word_1_79' title='bbox 718 1357 1024 1412; x_wconf 83' lang='lat' dir='ltr'>Solitarius</span> <span class='ocrx_word' id='word_1_80' title='bbox 1058 1358 1114 1410; x_wconf 87' lang='lat' dir='ltr'>in</span> <span class='ocrx_word' id='word_1_81' title='bbox 1171 1356 1333 1411; x_wconf 89' lang='lat' dir='ltr'>urbis</span> <span class='ocrx_word' id='word_1_82' title='bbox 1378 1360 1637 1411; x_wconf 89' lang='lat' dir='ltr'>mercatu</span> <span class='ocrx_word' id='word_1_83' title='bbox 1690 1355 1853 1408; x_wconf 72' lang='lat' dir='ltr'>haedo</span> <span class='ocrx_word' id='word_1_84' title='bbox 1884 1357 2081 1421; x_wconf 89' lang='lat' dir='ltr'>empto</span> 
     </span>
    </p>
   </div>
   <div class='ocr_carea' id='block_1_15' title="bbox 449 1442 2082 1519">
    <p class='ocr_par' dir='ltr' id='par_1_15' title="bbox 449 1442 2082 1519">
     <span class='ocr_line' id='line_1_15' title="bbox 449 1442 2082 1519; baseline -0.002 -20"><span class='ocrx_word' id='word_1_85' title='bbox 449 1446 671 1519; x_wconf 81' lang='lat' dir='ltr'>redibat</span> <span class='ocrx_word' id='word_1_86' title='bbox 704 1446 867 1500; x_wconf 89' lang='lat' dir='ltr'>illum</span> <span class='ocrx_word' id='word_1_87' title='bbox 901 1450 1139 1516; x_wconf 85' lang='lat' dir='ltr'>portans</span> <span class='ocrx_word' id='word_1_88' title='bbox 1183 1444 1241 1498; x_wconf 92' lang='lat' dir='ltr'>in</span> <span class='ocrx_word' id='word_1_89' title='bbox 1277 1445 1481 1499; x_wconf 87' lang='lat' dir='ltr'>cellam</span> <span class='ocrx_word' id='word_1_90' title='bbox 1512 1444 1930 1499; x_wconf 87' lang='lat' dir='ltr'>suburbanam.</span> <span class='ocrx_word' id='word_1_91' title='bbox 1967 1442 2082 1496; x_wconf 77' lang='lat' dir='ltr'>Fu~</span> 
     </span>
    </p>
   </div>
   <div class='ocr_carea' id='block_1_16' title="bbox 453 1528 2079 1603">
    <p class='ocr_par' dir='ltr' id='par_1_16' title="bbox 453 1528 2079 1603">
     <span class='ocr_line' id='line_1_16' title="bbox 453 1528 2079 1603; baseline -0.004 -16"><span class='ocrx_word' id='word_1_92' title='bbox 453 1550 564 1599; x_wconf 89' lang='lat' dir='ltr'>res,</span> <span class='ocrx_word' id='word_1_93' title='bbox 598 1535 695 1603; x_wconf 90' lang='lat' dir='ltr'>qui</span> <span class='ocrx_word' id='word_1_94' title='bbox 727 1533 854 1587; x_wconf 91' lang='lat' dir='ltr'>luce</span> <span class='ocrx_word' id='word_1_95' title='bbox 886 1533 1073 1603; x_wconf 90' lang='lat' dir='ltr'>palam</span> <span class='ocrx_word' id='word_1_96' title='bbox 1123 1532 1234 1587; x_wconf 91' lang='lat' dir='ltr'>sub</span> <span class='ocrx_word' id='word_1_97' title='bbox 1280 1532 1466 1587; x_wconf 88' lang='lat' dir='ltr'>oculis</span> <span class='ocrx_word' id='word_1_98' title='bbox 1515 1533 1965 1602; x_wconf 82' lang='lat' dir='ltr'>magistratuum</span> <span class='ocrx_word' id='word_1_99' title='bbox 1997 1528 2079 1582; x_wconf 87' lang='lat' dir='ltr'>la-</span> 
     </span>
    </p>
   </div>
   <div class='ocr_carea' id='block_1_17' title="bbox 443 1616 2077 1683">
    <p class='ocr_par' dir='ltr' id='par_1_17' title="bbox 443 1616 2077 1683">
     <span class='ocr_line' id='line_1_17' title="bbox 443 1616 2077 1683; baseline -0.003 -9"><span class='ocrx_word' id='word_1_100' title='bbox 443 1621 759 1676; x_wconf 89' lang='lat' dir='ltr'>trocinium</span> <span class='ocrx_word' id='word_1_101' title='bbox 816 1627 1096 1675; x_wconf 78' lang='lat' dir='ltr'>attentare</span> <span class='ocrx_word' id='word_1_102' title='bbox 1160 1638 1274 1674; x_wconf 91' lang='lat' dir='ltr'>non</span> <span class='ocrx_word' id='word_1_103' title='bbox 1345 1620 1663 1683; x_wconf 84' lang='lat' dir='ltr'>audebant,</span> <span class='ocrx_word' id='word_1_104' title='bbox 1715 1618 1867 1673; x_wconf 88' lang='lat' dir='ltr'>hanc</span> <span class='ocrx_word' id='word_1_105' title='bbox 1928 1616 2077 1670; x_wconf 75' lang='lat' dir='ltr'>haedi</span> 
     </span>
    </p>
   </div>
   <div class='ocr_carea' id='block_1_18' title="bbox 442 1706 2075 1779">
    <p class='ocr_par' dir='ltr' id='par_1_18' title="bbox 442 1706 2075 1779">
     <span class='ocr_line' id='line_1_18' title="bbox 442 1706 2075 1779; baseline -0.004 -16"><span class='ocrx_word' id='word_1_106' title='bbox 442 1710 823 1779; x_wconf 81' lang='lat' dir='ltr'>extorquendi</span> <span class='ocrx_word' id='word_1_107' title='bbox 874 1714 1076 1762; x_wconf 61' lang='lat' dir='ltr'>asceta</span> <span class='ocrx_word' id='word_1_108' title='bbox 1131 1706 1379 1778; x_wconf 90' lang='lat' dir='ltr'>simplici</span> <span class='ocrx_word' id='word_1_109' title='bbox 1450 1708 1730 1761; x_wconf 89' lang='lat' dir='ltr'>rationem</span> <span class='ocrx_word' id='word_1_110' title='bbox 1800 1706 2075 1759; x_wconf 86' lang='lat' dir='ltr'>inierunt.</span> 
     </span>
    </p>
   </div>
   <div class='ocr_carea' id='block_1_19' title="bbox 2203 559 3820 636">
    <p class='ocr_par' dir='ltr' id='par_1_19' title="bbox 2203 559 3820 636">
     <span class='ocr_line' id='line_1_19' title="bbox 2203 559 3820 636; baseline 0.006 -23"><span class='ocrx_word' id='word_1_111' title='bbox 2203 560 2304 629; x_wconf 92' lang='lat' dir='ltr'>qui</span> <span class='ocrx_word' id='word_1_112' title='bbox 2350 560 2466 614; x_wconf 68' lang='lat' dir='ltr'>haec</span> <span class='ocrx_word' id='word_1_113' title='bbox 2508 559 2829 627; x_wconf 87' lang='lat' dir='ltr'>audierant,</span> <span class='ocrx_word' id='word_1_114' title='bbox 2876 578 3109 616; x_wconf 89' lang='lat' dir='ltr'>corvum</span> <span class='ocrx_word' id='word_1_115' title='bbox 3156 563 3562 619; x_wconf 87' lang='lat' dir='ltr'>deducendum</span> <span class='ocrx_word' id='word_1_116' title='bbox 3599 568 3820 636; x_wconf 88' lang='lat' dir='ltr'>judica-</span> 
     </span>
    </p>
   </div>
   <div class='ocr_carea' id='block_1_20' title="bbox 2202 649 3823 721">
    <p class='ocr_par' dir='ltr' id='par_1_20' title="bbox 2202 649 3823 721">
     <span class='ocr_line' id='line_1_20' title="bbox 2202 649 3823 721; baseline 0.006 -20"><span class='ocrx_word' id='word_1_117' title='bbox 2202 653 2339 702; x_wconf 87' lang='lat' dir='ltr'>runt</span> <span class='ocrx_word' id='word_1_118' title='bbox 2369 649 2437 702; x_wconf 89' lang='lat' dir='ltr'>ad</span> <span class='ocrx_word' id='word_1_119' title='bbox 2474 664 2665 719; x_wconf 84' lang='lat' dir='ltr'>regem</span> <span class='ocrx_word' id='word_1_120' title='bbox 2700 654 3374 721; x_wconf 88' lang='lat' dir='ltr'>noctuarum,sperantes</span> <span class='ocrx_word' id='word_1_121' title='bbox 3403 653 3734 709; x_wconf 89' lang='lat' dir='ltr'>eliciturum</span> <span class='ocrx_word' id='word_1_122' title='bbox 3762 672 3823 711; x_wconf 87' lang='lat' dir='ltr'>ex</span> 
     </span>
    </p>
   </div>
   <div class='ocr_carea' id='block_1_21' title="bbox 2199 735 3823 811">
    <p class='ocr_par' dir='ltr' id='par_1_21' title="bbox 2199 735 3823 811">
     <span class='ocr_line' id='line_1_21' title="bbox 2199 735 3823 811; baseline 0.005 -22"><span class='ocrx_word' id='word_1_123' title='bbox 2199 752 2265 789; x_wconf 89' lang='lat' dir='ltr'>co</span> <span class='ocrx_word' id='word_1_124' title='bbox 2296 735 2762 806; x_wconf 89' lang='lat' dir='ltr'>quidpiam,nam</span> <span class='ocrx_word' id='word_1_125' title='bbox 2793 740 3097 793; x_wconf 87' lang='lat' dir='ltr'>constabat</span> <span class='ocrx_word' id='word_1_126' title='bbox 3118 739 3300 794; x_wconf 90' lang='lat' dir='ltr'>fuisse</span> <span class='ocrx_word' id='word_1_127' title='bbox 3326 741 3483 796; x_wconf 89' lang='lat' dir='ltr'>hunc</span> <span class='ocrx_word' id='word_1_128' title='bbox 3512 758 3580 795; x_wconf 86' lang='lat' dir='ltr'>ex</span> <span class='ocrx_word' id='word_1_129' title='bbox 3611 744 3823 811; x_wconf 90' lang='lat' dir='ltr'>primo-</span> 
     </span>
    </p>
   </div>
   <div class='ocr_carea' id='block_1_22' title="bbox 2201 822 3820 900">
    <p class='ocr_par' dir='ltr' id='par_1_22' title="bbox 2201 822 3820 900">
     <span class='ocr_line' id='line_1_22' title="bbox 2201 822 3820 900; baseline 0.006 -24"><span class='ocrx_word' id='word_1_130' title='bbox 2201 822 2361 877; x_wconf 85' lang='lat' dir='ltr'>ribus</span> <span class='ocrx_word' id='word_1_131' title='bbox 2394 840 2575 879; x_wconf 90' lang='lat' dir='ltr'>nnnm</span> <span class='ocrx_word' id='word_1_132' title='bbox 2608 825 2825 879; x_wconf 88' lang='lat' dir='ltr'>cervini</span> <span class='ocrx_word' id='word_1_133' title='bbox 2857 831 3113 882; x_wconf 81' lang='lat' dir='ltr'>senatus.</span> <span class='ocrx_word' id='word_1_134' title='bbox 3161 827 3497 884; x_wconf 85' lang='lat' dir='ltr'>Archibubo</span> <span class='ocrx_word' id='word_1_135' title='bbox 3529 831 3709 900; x_wconf 80' lang='lat' dir='ltr'>igitur</span> <span class='ocrx_word' id='word_1_136' title='bbox 3738 848 3820 886; x_wconf 88' lang='lat' dir='ltr'>co-</span> 
     </span>
    </p>
   </div>
   <div class='ocr_carea' id='block_1_23' title="bbox 2197 913 3815 986">
    <p class='ocr_par' dir='ltr' id='par_1_23' title="bbox 2197 913 3815 986">
     <span class='ocr_line' id='line_1_23' title="bbox 2197 913 3815 986; baseline 0.006 -22"><span class='ocrx_word' id='word_1_137' title='bbox 2197 928 2317 965; x_wconf 87' lang='lat' dir='ltr'>ram</span> <span class='ocrx_word' id='word_1_138' title='bbox 2352 928 2413 965; x_wconf 87' lang='lat' dir='ltr'>se</span> <span class='ocrx_word' id='word_1_139' title='bbox 2444 913 2761 967; x_wconf 89' lang='lat' dir='ltr'>adductum</span> <span class='ocrx_word' id='word_1_140' title='bbox 2797 930 3030 969; x_wconf 87' lang='lat' dir='ltr'>corvum</span> <span class='ocrx_word' id='word_1_141' title='bbox 3075 914 3398 986; x_wconf 89' lang='lat' dir='ltr'>supplicem</span> <span class='ocrx_word' id='word_1_142' title='bbox 3431 934 3496 971; x_wconf 90' lang='lat' dir='ltr'>ac</span> <span class='ocrx_word' id='word_1_143' title='bbox 3526 919 3815 984; x_wconf 84' lang='lat' dir='ltr'>timidum,</span> 
     </span>
    </p>
   </div>
   <div class='ocr_carea' id='block_1_24' title="bbox 2195 1002 3813 1079">
    <p class='ocr_par' dir='ltr' id='par_1_24' title="bbox 2195 1002 3813 1079">
     <span class='ocr_line' id='line_1_24' title="bbox 2195 1002 3813 1079; baseline 0.005 -24"><span class='ocrx_word' id='word_1_144' title='bbox 2195 1006 2507 1071; x_wconf 88' lang='lat' dir='ltr'>postquam</span> <span class='ocrx_word' id='word_1_145' title='bbox 2528 1002 2584 1056; x_wconf 87' lang='lat' dir='ltr'>in</span> <span class='ocrx_word' id='word_1_146' title='bbox 2604 1003 2856 1072; x_wconf 86' lang='lat' dir='ltr'>speciem</span> <span class='ocrx_word' id='word_1_147' title='bbox 2884 1003 3196 1077; x_wconf 86' lang='lat' dir='ltr'>miseratus</span> <span class='ocrx_word' id='word_1_148' title='bbox 3220 1006 3506 1060; x_wconf 84' lang='lat' dir='ltr'>confidere</span> <span class='ocrx_word' id='word_1_149' title='bbox 3521 1006 3813 1079; x_wconf 82' lang='lat' dir='ltr'>jussisset,</span> 
     </span>
    </p>
   </div>
   <div class='ocr_carea' id='block_1_25' title="bbox 2194 1091 3812 1163">
    <p class='ocr_par' dir='ltr' id='par_1_25' title="bbox 2194 1091 3812 1163">
     <span class='ocr_line' id='line_1_25' title="bbox 2194 1091 3812 1163; baseline 0.006 -21"><span class='ocrx_word' id='word_1_150' title='bbox 2194 1091 2417 1159; x_wconf 84' lang='lat' dir='ltr'>rogavit</span> <span class='ocrx_word' id='word_1_151' title='bbox 2435 1092 2597 1145; x_wconf 78' lang='lat' dir='ltr'>fateri</span> <span class='ocrx_word' id='word_1_152' title='bbox 2622 1108 2693 1146; x_wconf 87' lang='lat' dir='ltr'>ne</span> <span class='ocrx_word' id='word_1_153' title='bbox 2714 1096 3052 1162; x_wconf 85' lang='lat' dir='ltr'>gravaretur</span> <span class='ocrx_word' id='word_1_154' title='bbox 3073 1109 3246 1163; x_wconf 91' lang='lat' dir='ltr'>quam</span> <span class='ocrx_word' id='word_1_155' title='bbox 3278 1110 3310 1148; x_wconf 90' lang='lat' dir='ltr'>a</span> <span class='ocrx_word' id='word_1_156' title='bbox 3338 1093 3462 1149; x_wconf 89' lang='lat' dir='ltr'>suis</span> <span class='ocrx_word' id='word_1_157' title='bbox 3493 1096 3565 1149; x_wconf 92' lang='lat' dir='ltr'>ob</span> <span class='ocrx_word' id='word_1_158' title='bbox 3585 1112 3812 1151; x_wconf 85' lang='lat' dir='ltr'>causam</span> 
     </span>
    </p>
   </div>
   <div class='ocr_carea' id='block_1_26' title="bbox 2193 1177 3816 1253">
    <p class='ocr_par' dir='ltr' id='par_1_26' title="bbox 2193 1177 3816 1253">
     <span class='ocr_line' id='line_1_26' title="bbox 2193 1177 3816 1253; baseline 0.006 -24"><span class='ocrx_word' id='word_1_159' title='bbox 2193 1177 2400 1232; x_wconf 90' lang='lat' dir='ltr'>fuisset</span> <span class='ocrx_word' id='word_1_160' title='bbox 2427 1182 2544 1233; x_wconf 91' lang='lat' dir='ltr'>tam</span> <span class='ocrx_word' id='word_1_161' title='bbox 2576 1179 2721 1234; x_wconf 73' lang='lat' dir='ltr'>foede</span> <span class='ocrx_word' id='word_1_162' title='bbox 2771 1179 3082 1234; x_wconf 89' lang='lat' dir='ltr'>laceratus.</span> <span class='ocrx_word' id='word_1_163' title='bbox 3136 1181 3237 1235; x_wconf 89' lang='lat' dir='ltr'>Hic</span> <span class='ocrx_word' id='word_1_164' title='bbox 3284 1181 3405 1249; x_wconf 91' lang='lat' dir='ltr'>ille,</span> <span class='ocrx_word' id='word_1_165' title='bbox 3457 1186 3816 1253; x_wconf 64' lang='lat' dir='ltr'>imprudens,</span> 
     </span>
    </p>
   </div>
   <div class='ocr_carea' id='block_1_27' title="bbox 2192 1265 3813 1339">
    <p class='ocr_par' dir='ltr' id='par_1_27' title="bbox 2192 1265 3813 1339">
     <span class='ocr_line' id='line_1_27' title="bbox 2192 1265 3813 1339; baseline 0.004 -20"><span class='ocrx_word' id='word_1_166' title='bbox 2192 1265 2293 1332; x_wconf 89' lang='lat' dir='ltr'>ait,</span> <span class='ocrx_word' id='word_1_167' title='bbox 2327 1265 2565 1321; x_wconf 87' lang='lat' dir='ltr'>libertas</span> <span class='ocrx_word' id='word_1_168' title='bbox 2588 1284 2713 1322; x_wconf 90' lang='lat' dir='ltr'>mea</span> <span class='ocrx_word' id='word_1_169' title='bbox 2742 1276 2799 1322; x_wconf 85' lang='lat' dir='ltr'>et</span> <span class='ocrx_word' id='word_1_170' title='bbox 2829 1268 3064 1323; x_wconf 88' lang='lat' dir='ltr'>incauta</span> <span class='ocrx_word' id='word_1_171' title='bbox 3093 1268 3442 1339; x_wconf 86' lang='lat' dir='ltr'>simplicitas</span> <span class='ocrx_word' id='word_1_172' title='bbox 3465 1270 3557 1326; x_wconf 88' lang='lat' dir='ltr'>his</span> <span class='ocrx_word' id='word_1_173' title='bbox 3588 1287 3681 1326; x_wconf 89' lang='lat' dir='ltr'>me</span> <span class='ocrx_word' id='word_1_174' title='bbox 3714 1273 3813 1326; x_wconf 89' lang='lat' dir='ltr'>mi-</span> 
     </span>
    </p>
   </div>
   <div class='ocr_carea' id='block_1_28' title="bbox 2193 1353 3813 1428">
    <p class='ocr_par' dir='ltr' id='par_1_28' title="bbox 2193 1353 3813 1428">
     <span class='ocr_line' id='line_1_28' title="bbox 2193 1353 3813 1428; baseline 0.006 -22"><span class='ocrx_word' id='word_1_175' title='bbox 2193 1353 2362 1408; x_wconf 88' lang='lat' dir='ltr'>seriis</span> <span class='ocrx_word' id='word_1_176' title='bbox 2394 1354 2702 1424; x_wconf 87' lang='lat' dir='ltr'>implicuit.</span> <span class='ocrx_word' id='word_1_177' title='bbox 2741 1358 2921 1421; x_wconf 74' lang='lat' dir='ltr'>Bodie</span> <span class='ocrx_word' id='word_1_178' title='bbox 2953 1372 3122 1413; x_wconf 89' lang='lat' dir='ltr'>mane</span> <span class='ocrx_word' id='word_1_179' title='bbox 3172 1359 3383 1428; x_wconf 86' lang='lat' dir='ltr'>trepidi</span> <span class='ocrx_word' id='word_1_180' title='bbox 3418 1366 3704 1415; x_wconf 89' lang='lat' dir='ltr'>nocturno</span> <span class='ocrx_word' id='word_1_181' title='bbox 3732 1377 3813 1415; x_wconf 88' lang='lat' dir='ltr'>ve-</span> 
     </span>
    </p>
   </div>
   <div class='ocr_carea' id='block_1_29' title="bbox 2190 1443 3812 1517">
    <p class='ocr_par' dir='ltr' id='par_1_29' title="bbox 2190 1443 3812 1517">
     <span class='ocr_line' id='line_1_29' title="bbox 2190 1443 3812 1517; baseline 0.004 -22"><span class='ocrx_word' id='word_1_182' title='bbox 2190 1446 2309 1496; x_wconf 87' lang='lat' dir='ltr'>stro</span> <span class='ocrx_word' id='word_1_183' title='bbox 2340 1443 2579 1497; x_wconf 87' lang='lat' dir='ltr'>incursu</span> <span class='ocrx_word' id='word_1_184' title='bbox 2614 1443 2765 1497; x_wconf 87' lang='lat' dir='ltr'>corvi</span> <span class='ocrx_word' id='word_1_185' title='bbox 2795 1444 2986 1515; x_wconf 89' lang='lat' dir='ltr'>gentis</span> <span class='ocrx_word' id='word_1_186' title='bbox 3017 1444 3327 1500; x_wconf 83' lang='lat' dir='ltr'>consilium</span> <span class='ocrx_word' id='word_1_187' title='bbox 3360 1455 3706 1517; x_wconf 83' lang='lat' dir='ltr'>coegerant;</span> <span class='ocrx_word' id='word_1_188' title='bbox 3744 1449 3812 1503; x_wconf 89' lang='lat' dir='ltr'>ibi</span> 
     </span>
    </p>
   </div>
   <div class='ocr_carea' id='block_1_30' title="bbox 2189 1530 3811 1607">
    <p class='ocr_par' dir='ltr' id='par_1_30' title="bbox 2189 1530 3811 1607">
     <span class='ocr_line' id='line_1_30' title="bbox 2189 1530 3811 1607; baseline 0.004 -24"><span class='ocrx_word' id='word_1_189' title='bbox 2189 1546 2319 1584; x_wconf 89' lang='lat' dir='ltr'>cum</span> <span class='ocrx_word' id='word_1_190' title='bbox 2348 1530 2444 1586; x_wconf 86' lang='lat' dir='ltr'>alii</span> <span class='ocrx_word' id='word_1_191' title='bbox 2477 1530 2590 1587; x_wconf 89' lang='lat' dir='ltr'>alia</span> <span class='ocrx_word' id='word_1_192' title='bbox 2618 1531 2817 1603; x_wconf 89' lang='lat' dir='ltr'>inepta</span> <span class='ocrx_word' id='word_1_193' title='bbox 2847 1538 2903 1588; x_wconf 91' lang='lat' dir='ltr'>et</span> <span class='ocrx_word' id='word_1_194' title='bbox 2929 1533 3338 1604; x_wconf 87' lang='lat' dir='ltr'>intempestiva</span> <span class='ocrx_word' id='word_1_195' title='bbox 3371 1540 3587 1591; x_wconf 84' lang='lat' dir='ltr'>temere</span> <span class='ocrx_word' id='word_1_196' title='bbox 3636 1537 3811 1607; x_wconf 85' lang='lat' dir='ltr'>garri-</span> 
     </span>
    </p>
   </div>
   <div class='ocr_carea' id='block_1_31' title="bbox 2188 1621 3811 1690">
    <p class='ocr_par' dir='ltr' id='par_1_31' title="bbox 2188 1621 3811 1690">
     <span class='ocr_line' id='line_1_31' title="bbox 2188 1621 3811 1690; baseline 0.004 -18"><span class='ocrx_word' id='word_1_197' title='bbox 2188 1624 2337 1685; x_wconf 86' lang='lat' dir='ltr'>rent,</span> <span class='ocrx_word' id='word_1_198' title='bbox 2369 1635 2474 1690; x_wconf 89' lang='lat' dir='ltr'>ego</span> <span class='ocrx_word' id='word_1_199' title='bbox 2506 1621 2659 1690; x_wconf 91' lang='lat' dir='ltr'>quod</span> <span class='ocrx_word' id='word_1_200' title='bbox 2691 1637 2782 1676; x_wconf 89' lang='lat' dir='ltr'>res</span> <span class='ocrx_word' id='word_1_201' title='bbox 2812 1626 2937 1676; x_wconf 88' lang='lat' dir='ltr'>erat</span> <span class='ocrx_word' id='word_1_202' title='bbox 2967 1638 3097 1676; x_wconf 88' lang='lat' dir='ltr'>vere</span> <span class='ocrx_word' id='word_1_203' title='bbox 3132 1622 3271 1690; x_wconf 83' lang='lat' dir='ltr'>dixi,</span> <span class='ocrx_word' id='word_1_204' title='bbox 3329 1623 3595 1679; x_wconf 86' lang='lat' dir='ltr'>fortiores</span> <span class='ocrx_word' id='word_1_205' title='bbox 3634 1626 3811 1681; x_wconf 84' lang='lat' dir='ltr'>corvis</span> 
     </span>
    </p>
   </div>
   <div class='ocr_carea' id='block_1_32' title="bbox 2186 1709 3813 1773">
    <p class='ocr_par' dir='ltr' id='par_1_32' title="bbox 2186 1709 3813 1773">
     <span class='ocr_line' id='line_1_32' title="bbox 2186 1709 3813 1773; baseline 0.004 -12"><span class='ocrx_word' id='word_1_206' title='bbox 2186 1722 2315 1762; x_wconf 86' lang='lat' dir='ltr'>esse</span> <span class='ocrx_word' id='word_1_207' title='bbox 2348 1712 2609 1773; x_wconf 88' lang='lat' dir='ltr'>noctuas,</span> <span class='ocrx_word' id='word_1_208' title='bbox 2654 1725 2723 1763; x_wconf 89' lang='lat' dir='ltr'>ne</span> <span class='ocrx_word' id='word_1_209' title='bbox 2772 1709 3151 1764; x_wconf 83' lang='lat' dir='ltr'>obfirmarent</span> <span class='ocrx_word' id='word_1_210' title='bbox 3194 1710 3423 1766; x_wconf 88' lang='lat' dir='ltr'>animos</span> <span class='ocrx_word' id='word_1_211' title='bbox 3469 1711 3527 1766; x_wconf 91' lang='lat' dir='ltr'>in</span> <span class='ocrx_word' id='word_1_212' title='bbox 3561 1729 3707 1767; x_wconf 86' lang='lat' dir='ltr'>vana</span> <span class='ocrx_word' id='word_1_213' title='bbox 3736 1729 3813 1768; x_wconf 83' lang='lat' dir='ltr'>re-</span> 
     </span>
    </p>
   </div>
   <div class='ocr_carea' id='block_1_33' title="bbox 440 1794 3813 1888">
    <p class='ocr_par' dir='ltr' id='par_1_33' title="bbox 440 1794 3813 1888">
     <span class='ocr_line' id='line_1_33' title="bbox 440 1794 3813 1888; baseline 0.001 -37"><span class='ocrx_word' id='word_1_214' title='bbox 440 1799 580 1852; x_wconf 89' lang='lat' dir='ltr'>Tres</span> <span class='ocrx_word' id='word_1_215' title='bbox 612 1802 932 1867; x_wconf 89' lang='lat' dir='ltr'>quatuorve</span> <span class='ocrx_word' id='word_1_216' title='bbox 956 1802 1241 1868; x_wconf 85' lang='lat' dir='ltr'>spargunt</span> <span class='ocrx_word' id='word_1_217' title='bbox 1288 1813 1348 1849; x_wconf 87' lang='lat' dir='ltr'>se</span> <span class='ocrx_word' id='word_1_218' title='bbox 1398 1796 1456 1848; x_wconf 91' lang='lat' dir='ltr'>in</span> <span class='ocrx_word' id='word_1_219' title='bbox 1515 1795 1788 1864; x_wconf 85' lang='lat' dir='ltr'>compita,</span> <span class='ocrx_word' id='word_1_220' title='bbox 1823 1810 1939 1864; x_wconf 91' lang='lat' dir='ltr'>qua</span> <span class='ocrx_word' id='word_1_221' title='bbox 1968 1794 2076 1845; x_wconf 88' lang='lat' dir='ltr'>iter</span> <span class='ocrx_word' id='word_1_222' title='bbox 2105 1825 2151 1888; x_wconf 82' lang='lat' dir='ltr'><strong>B</strong></span> <span class='ocrx_word' id='word_1_223' title='bbox 2186 1795 2427 1850; x_wconf 88' lang='lat' dir='ltr'>sistendi</span> <span class='ocrx_word' id='word_1_224' title='bbox 2459 1796 2916 1865; x_wconf 87' lang='lat' dir='ltr'>eonstantia,nec</span> <span class='ocrx_word' id='word_1_225' title='bbox 2937 1796 3160 1853; x_wconf 87' lang='lat' dir='ltr'>cladem</span> <span class='ocrx_word' id='word_1_226' title='bbox 3184 1800 3500 1855; x_wconf 88' lang='lat' dir='ltr'>secundam</span> <span class='ocrx_word' id='word_1_227' title='bbox 3528 1808 3813 1870; x_wconf 82' lang='lat' dir='ltr'>exspecta-</span> 
     </span>
    </p>
   </div>
   <div class='ocr_carea' id='block_1_34' title="bbox 440 1880 2075 1948">
    <p class='ocr_par' dir='ltr' id='par_1_34' title="bbox 440 1880 2075 1948">
     <span class='ocr_line' id='line_1_34' title="bbox 440 1880 2075 1948; baseline -0.003 -10"><span class='ocrx_word' id='word_1_228' title='bbox 440 1891 565 1939; x_wconf 90' lang='lat' dir='ltr'>erat</span> <span class='ocrx_word' id='word_1_229' title='bbox 625 1886 1017 1940; x_wconf 74' lang='lat' dir='ltr'>necessarium</span> <span class='ocrx_word' id='word_1_230' title='bbox 1070 1885 1332 1939; x_wconf 87' lang='lat' dir='ltr'>redeunti</span> <span class='ocrx_word' id='word_1_231' title='bbox 1385 1884 1623 1938; x_wconf 90' lang='lat' dir='ltr'>domum</span> <span class='ocrx_word' id='word_1_232' title='bbox 1669 1880 1965 1948; x_wconf 90' lang='lat' dir='ltr'>solitario;</span> <span class='ocrx_word' id='word_1_233' title='bbox 2019 1884 2075 1934; x_wconf 90' lang='lat' dir='ltr'>et</span> 
     </span>
    </p>
   </div>
   <div class='ocr_carea' id='block_1_35' title="bbox 439 1970 2071 2043">
    <p class='ocr_par' dir='ltr' id='par_1_35' title="bbox 439 1970 2071 2043">
     <span class='ocr_line' id='line_1_35' title="bbox 439 1970 2071 2043; baseline -0.002 -17"><span class='ocrx_word' id='word_1_234' title='bbox 439 1972 681 2043; x_wconf 89' lang='lat' dir='ltr'>primus.</span> <span class='ocrx_word' id='word_1_235' title='bbox 717 1975 822 2039; x_wconf 86' lang='lat' dir='ltr'>En,</span> <span class='ocrx_word' id='word_1_236' title='bbox 856 1972 1071 2043; x_wconf 90' lang='lat' dir='ltr'>inquit,</span> <span class='ocrx_word' id='word_1_237' title='bbox 1108 1972 1195 2026; x_wconf 87' lang='lat' dir='ltr'>hic</span> <span class='ocrx_word' id='word_1_238' title='bbox 1227 1978 1417 2027; x_wconf 88' lang='lat' dir='ltr'>asceta</span> <span class='ocrx_word' id='word_1_239' title='bbox 1442 1987 1665 2035; x_wconf 89' lang='lat' dir='ltr'>canem,</span> <span class='ocrx_word' id='word_1_240' title='bbox 1699 1970 2071 2023; x_wconf 88' lang='lat' dir='ltr'>immundum</span> 
     </span>
    </p>
   </div>
   <div class='ocr_carea' id='block_1_36' title="bbox 441 2055 2070 2132">
    <p class='ocr_par' dir='ltr' id='par_1_36' title="bbox 441 2055 2070 2132">
     <span class='ocr_line' id='line_1_36' title="bbox 441 2055 2070 2132; baseline -0.004 -17"><span class='ocrx_word' id='word_1_241' title='bbox 441 2061 681 2128; x_wconf 90' lang='lat' dir='ltr'>animal,</span> <span class='ocrx_word' id='word_1_242' title='bbox 718 2061 925 2132; x_wconf 86' lang='lat' dir='ltr'>tangit.</span> <span class='ocrx_word' id='word_1_243' title='bbox 959 2060 1443 2115; x_wconf 81' lang='lat' dir='ltr'>Assentiebantur</span> <span class='ocrx_word' id='word_1_244' title='bbox 1467 2060 1537 2114; x_wconf 83' lang='lat' dir='ltr'>ad</span> <span class='ocrx_word' id='word_1_245' title='bbox 1569 2059 1627 2112; x_wconf 91' lang='lat' dir='ltr'>id</span> <span class='ocrx_word' id='word_1_246' title='bbox 1659 2058 1853 2129; x_wconf 88' lang='lat' dir='ltr'>ipsum</span> <span class='ocrx_word' id='word_1_247' title='bbox 1883 2055 2070 2110; x_wconf 82' lang='lat' dir='ltr'>simn-</span> 
     </span>
    </p>
   </div>
   <div class='ocr_carea' id='block_1_37' title="bbox 436 2148 2068 2219">
    <p class='ocr_par' dir='ltr' id='par_1_37' title="bbox 436 2148 2068 2219">
     <span class='ocr_line' id='line_1_37' title="bbox 436 2148 2068 2219; baseline -0.002 -18"><span class='ocrx_word' id='word_1_248' title='bbox 436 2148 677 2204; x_wconf 90' lang='lat' dir='ltr'>landum</span> <span class='ocrx_word' id='word_1_249' title='bbox 711 2148 894 2219; x_wconf 86' lang='lat' dir='ltr'>rogati</span> <span class='ocrx_word' id='word_1_250' title='bbox 928 2149 1394 2203; x_wconf 86' lang='lat' dir='ltr'>circumstantes.</span> <span class='ocrx_word' id='word_1_251' title='bbox 1429 2148 1822 2201; x_wconf 89' lang='lat' dir='ltr'>Contemnens</span> <span class='ocrx_word' id='word_1_252' title='bbox 1854 2160 2068 2198; x_wconf 90' lang='lat' dir='ltr'>vanum</span> 
     </span>
    </p>
   </div>
   <div class='ocr_carea' id='block_1_38' title="bbox 434 2231 2073 2307">
    <p class='ocr_par' dir='ltr' id='par_1_38' title="bbox 434 2231 2073 2307">
     <span class='ocr_line' id='line_1_38' title="bbox 434 2231 2073 2307; baseline -0.003 -16"><span class='ocrx_word' id='word_1_253' title='bbox 434 2253 729 2292; x_wconf 87' lang='lat' dir='ltr'>rumorem</span> <span class='ocrx_word' id='word_1_254' title='bbox 769 2237 958 2307; x_wconf 89' lang='lat' dir='ltr'>pergit</span> <span class='ocrx_word' id='word_1_255' title='bbox 990 2243 1205 2291; x_wconf 86' lang='lat' dir='ltr'>asceta.</span> <span class='ocrx_word' id='word_1_256' title='bbox 1244 2238 1474 2300; x_wconf 90' lang='lat' dir='ltr'>Iterum,</span> <span class='ocrx_word' id='word_1_257' title='bbox 1526 2235 1691 2289; x_wconf 89' lang='lat' dir='ltr'>tertio</span> <span class='ocrx_word' id='word_1_258' title='bbox 1740 2233 1891 2287; x_wconf 89' lang='lat' dir='ltr'>idem</span> <span class='ocrx_word' id='word_1_259' title='bbox 1926 2250 1958 2286; x_wconf 92' lang='lat' dir='ltr'>a</span> <span class='ocrx_word' id='word_1_260' title='bbox 1989 2231 2073 2287; x_wconf 89' lang='lat' dir='ltr'>di-</span> 
     </span>
    </p>
   </div>
   <div class='ocr_carea' id='block_1_39' title="bbox 433 2318 2071 2395">
    <p class='ocr_par' dir='ltr' id='par_1_39' title="bbox 433 2318 2071 2395">
     <span class='ocr_line' id='line_1_39' title="bbox 433 2318 2071 2395; baseline -0.002 -17"><span class='ocrx_word' id='word_1_261' title='bbox 433 2325 615 2379; x_wconf 89' lang='lat' dir='ltr'>versis</span> <span class='ocrx_word' id='word_1_262' title='bbox 645 2341 713 2379; x_wconf 82' lang='lat' dir='ltr'>ex</span> <span class='ocrx_word' id='word_1_263' title='bbox 742 2323 1064 2394; x_wconf 89' lang='lat' dir='ltr'>composito</span> <span class='ocrx_word' id='word_1_264' title='bbox 1099 2323 1517 2395; x_wconf 89' lang='lat' dir='ltr'>ingeminatnr.</span> <span class='ocrx_word' id='word_1_265' title='bbox 1544 2320 1851 2377; x_wconf 81' lang='lat' dir='ltr'>Snbvereri</span> <span class='ocrx_word' id='word_1_266' title='bbox 1899 2318 2071 2390; x_wconf 81' lang='lat' dir='ltr'>cmpit</span> 
     </span>
    </p>
   </div>
   <div class='ocr_carea' id='block_1_40' title="bbox 436 2412 2067 2480">
    <p class='ocr_par' dir='ltr' id='par_1_40' title="bbox 436 2412 2067 2480">
     <span class='ocr_line' id='line_1_40' title="bbox 436 2412 2067 2480; baseline -0.003 -14"><span class='ocrx_word' id='word_1_267' title='bbox 436 2430 506 2468; x_wconf 92' lang='lat' dir='ltr'>ne</span> <span class='ocrx_word' id='word_1_268' title='bbox 535 2429 671 2467; x_wconf 90' lang='lat' dir='ltr'>vera</span> <span class='ocrx_word' id='word_1_269' title='bbox 702 2412 979 2467; x_wconf 90' lang='lat' dir='ltr'>dicerent.</span> <span class='ocrx_word' id='word_1_270' title='bbox 1008 2413 1084 2466; x_wconf 90' lang='lat' dir='ltr'>Ad</span> <span class='ocrx_word' id='word_1_271' title='bbox 1118 2417 1445 2466; x_wconf 86' lang='lat' dir='ltr'>extremum</span> <span class='ocrx_word' id='word_1_272' title='bbox 1489 2428 1621 2466; x_wconf 91' lang='lat' dir='ltr'>cum</span> <span class='ocrx_word' id='word_1_273' title='bbox 1656 2414 1812 2464; x_wconf 85' lang='lat' dir='ltr'>extra</span> <span class='ocrx_word' id='word_1_274' title='bbox 1844 2414 2067 2480; x_wconf 83' lang='lat' dir='ltr'>portam</span> 
     </span>
    </p>
   </div>
   <div class='ocr_carea' id='block_1_41' title="bbox 434 2500 2068 2570">
    <p class='ocr_par' dir='ltr' id='par_1_41' title="bbox 434 2500 2068 2570">
     <span class='ocr_line' id='line_1_41' title="bbox 434 2500 2068 2570; baseline -0.003 -15"><span class='ocrx_word' id='word_1_275' title='bbox 434 2500 690 2556; x_wconf 90' lang='lat' dir='ltr'>circulus</span> <span class='ocrx_word' id='word_1_276' title='bbox 715 2503 1017 2570; x_wconf 87' lang='lat' dir='ltr'>juvennm,</span> <span class='ocrx_word' id='word_1_277' title='bbox 1070 2500 1220 2554; x_wconf 90' lang='lat' dir='ltr'>serio</span> <span class='ocrx_word' id='word_1_278' title='bbox 1281 2516 1652 2570; x_wconf 87' lang='lat' dir='ltr'>perseverans</span> <span class='ocrx_word' id='word_1_279' title='bbox 1694 2514 1898 2554; x_wconf 88' lang='lat' dir='ltr'>canem</span> <span class='ocrx_word' id='word_1_280' title='bbox 1941 2512 2068 2551; x_wconf 88' lang='lat' dir='ltr'>esse</span> 
     </span>
    </p>
   </div>
   <div class='ocr_carea' id='block_1_42' title="bbox 436 2585 2065 2661">
    <p class='ocr_par' dir='ltr' id='par_1_42' title="bbox 436 2585 2065 2661">
     <span class='ocr_line' id='line_1_42' title="bbox 436 2585 2065 2661; baseline -0.004 -18"><span class='ocrx_word' id='word_1_281' title='bbox 436 2606 609 2661; x_wconf 91' lang='lat' dir='ltr'>quam</span> <span class='ocrx_word' id='word_1_282' title='bbox 644 2594 898 2660; x_wconf 85' lang='lat' dir='ltr'>portaret</span> <span class='ocrx_word' id='word_1_283' title='bbox 930 2589 1175 2642; x_wconf 86' lang='lat' dir='ltr'>bestiam</span> <span class='ocrx_word' id='word_1_284' title='bbox 1203 2588 1519 2657; x_wconf 86' lang='lat' dir='ltr'>solitarius,</span> <span class='ocrx_word' id='word_1_285' title='bbox 1551 2592 1607 2641; x_wconf 90' lang='lat' dir='ltr'>ct</span> <span class='ocrx_word' id='word_1_286' title='bbox 1637 2585 1972 2657; x_wconf 87' lang='lat' dir='ltr'>religionem</span> <span class='ocrx_word' id='word_1_287' title='bbox 2008 2585 2065 2638; x_wconf 90' lang='lat' dir='ltr'>in</span> 
     </span>
    </p>
   </div>
   <div class='ocr_carea' id='block_1_43' title="bbox 433 2674 2065 2746">
    <p class='ocr_par' dir='ltr' id='par_1_43' title="bbox 433 2674 2065 2746">
     <span class='ocr_line' id='line_1_43' title="bbox 433 2674 2065 2746; baseline -0.003 -15"><span class='ocrx_word' id='word_1_288' title='bbox 433 2678 541 2732; x_wconf 90' lang='lat' dir='ltr'>hoc</span> <span class='ocrx_word' id='word_1_289' title='bbox 571 2679 698 2746; x_wconf 87' lang='lat' dir='ltr'>ejus</span> <span class='ocrx_word' id='word_1_290' title='bbox 732 2678 945 2731; x_wconf 88' lang='lat' dir='ltr'>frustra</span> <span class='ocrx_word' id='word_1_291' title='bbox 978 2677 1182 2731; x_wconf 86' lang='lat' dir='ltr'>vestitu</span> <span class='ocrx_word' id='word_1_292' title='bbox 1210 2676 1521 2730; x_wconf 85' lang='lat' dir='ltr'>indicatam</span> <span class='ocrx_word' id='word_1_293' title='bbox 1558 2674 2065 2745; x_wconf 83' lang='lat' dir='ltr'>requirens,etinm</span> 
     </span>
    </p>
   </div>
   <div class='ocr_carea' id='block_1_44' title="bbox 436 2761 2064 2835">
    <p class='ocr_par' dir='ltr' id='par_1_44' title="bbox 436 2761 2064 2835">
     <span class='ocr_line' id='line_1_44' title="bbox 436 2761 2064 2835; baseline -0.002 -16"><span class='ocrx_word' id='word_1_294' title='bbox 436 2766 734 2819; x_wconf 90' lang='lat' dir='ltr'>hominem</span> <span class='ocrx_word' id='word_1_295' title='bbox 769 2765 1111 2835; x_wconf 73' lang='lat' dir='ltr'>increparet,</span> <span class='ocrx_word' id='word_1_296' title='bbox 1143 2762 1293 2835; x_wconf 90' lang='lat' dir='ltr'>quod</span> <span class='ocrx_word' id='word_1_297' title='bbox 1351 2781 1461 2817; x_wconf 90' lang='lat' dir='ltr'>non</span> <span class='ocrx_word' id='word_1_298' title='bbox 1512 2766 1805 2817; x_wconf 84' lang='lat' dir='ltr'>vereretur</span> <span class='ocrx_word' id='word_1_299' title='bbox 1851 2761 2064 2815; x_wconf 90' lang='lat' dir='ltr'>civium</span> 
     </span>
    </p>
   </div>
   <div class='ocr_carea' id='block_1_45' title="bbox 442 2847 2065 2923">
    <p class='ocr_par' dir='ltr' id='par_1_45' title="bbox 442 2847 2065 2923">
     <span class='ocr_line' id='line_1_45' title="bbox 442 2847 2065 2923; baseline -0.004 -14"><span class='ocrx_word' id='word_1_300' title='bbox 442 2854 640 2909; x_wconf 90' lang='lat' dir='ltr'>oculos</span> <span class='ocrx_word' id='word_1_301' title='bbox 681 2870 989 2923; x_wconf 86' lang='lat' dir='ltr'>personam</span> <span class='ocrx_word' id='word_1_302' title='bbox 1027 2852 1186 2907; x_wconf 90' lang='lat' dir='ltr'>illam</span> <span class='ocrx_word' id='word_1_303' title='bbox 1236 2852 1548 2907; x_wconf 89' lang='lat' dir='ltr'>dedecente</span> <span class='ocrx_word' id='word_1_304' title='bbox 1589 2847 1851 2920; x_wconf 88' lang='lat' dir='ltr'>exemplo</span> <span class='ocrx_word' id='word_1_305' title='bbox 1884 2850 2065 2903; x_wconf 80' lang='lat' dir='ltr'>olfen-</span> 
     </span>
    </p>
   </div>
   <div class='ocr_carea' id='block_1_46' title="bbox 430 2938 2065 3012">
    <p class='ocr_par' dir='ltr' id='par_1_46' title="bbox 430 2938 2065 3012">
     <span class='ocr_line' id='line_1_46' title="bbox 430 2938 2065 3012; baseline -0.003 -17"><span class='ocrx_word' id='word_1_306' title='bbox 430 2944 583 3010; x_wconf 89' lang='lat' dir='ltr'>dere,</span> <span class='ocrx_word' id='word_1_307' title='bbox 608 2958 925 3012; x_wconf 88' lang='lat' dir='ltr'>persuasus</span> <span class='ocrx_word' id='word_1_308' title='bbox 960 2942 1130 2996; x_wconf 87' lang='lat' dir='ltr'>homo</span> <span class='ocrx_word' id='word_1_309' title='bbox 1176 2940 1415 2995; x_wconf 73' lang='lat' dir='ltr'>minime</span> <span class='ocrx_word' id='word_1_310' title='bbox 1459 2940 1647 2994; x_wconf 90' lang='lat' dir='ltr'>malus</span> <span class='ocrx_word' id='word_1_311' title='bbox 1698 2940 1925 2994; x_wconf 68' lang='lat' dir='ltr'>haedum</span> <span class='ocrx_word' id='word_1_312' title='bbox 1960 2938 2065 2991; x_wconf 89' lang='lat' dir='ltr'>ab-</span> 
     </span>
    </p>
   </div>
   <div class='ocr_carea' id='block_1_47' title="bbox 420 3028 2063 3100">
    <p class='ocr_par' dir='ltr' id='par_1_47' title="bbox 420 3028 2063 3100">
     <span class='ocr_line' id='line_1_47' title="bbox 420 3028 2063 3100; baseline -0.003 -16"><span class='ocrx_word' id='word_1_313' title='bbox 420 3031 572 3100; x_wconf 88' lang='lat' dir='ltr'>jicit,</span> <span class='ocrx_word' id='word_1_314' title='bbox 606 3030 665 3083; x_wconf 89' lang='lat' dir='ltr'>in</span> <span class='ocrx_word' id='word_1_315' title='bbox 700 3031 853 3084; x_wconf 86' lang='lat' dir='ltr'>fonte</span> <span class='ocrx_word' id='word_1_316' title='bbox 888 3028 1122 3100; x_wconf 91' lang='lat' dir='ltr'>publico</span> <span class='ocrx_word' id='word_1_317' title='bbox 1156 3048 1367 3084; x_wconf 90' lang='lat' dir='ltr'>manus</span> <span class='ocrx_word' id='word_1_318' title='bbox 1416 3029 1559 3082; x_wconf 81' lang='lat' dir='ltr'>eluit</span> <span class='ocrx_word' id='word_1_319' title='bbox 1604 3045 1668 3083; x_wconf 90' lang='lat' dir='ltr'>ac</span> <span class='ocrx_word' id='word_1_320' title='bbox 1701 3032 1927 3093; x_wconf 88' lang='lat' dir='ltr'>vestes;</span> <span class='ocrx_word' id='word_1_321' title='bbox 1961 3043 2063 3079; x_wconf 89' lang='lat' dir='ltr'>ex-</span> 
     </span>
    </p>
   </div>
   <div class='ocr_carea' id='block_1_48' title="bbox 431 3114 2060 3185">
    <p class='ocr_par' dir='ltr' id='par_1_48' title="bbox 431 3114 2060 3185">
     <span class='ocr_line' id='line_1_48' title="bbox 431 3114 2060 3185; baseline -0.003 -13"><span class='ocrx_word' id='word_1_322' title='bbox 431 3123 597 3172; x_wconf 86' lang='lat' dir='ltr'>cusat</span> <span class='ocrx_word' id='word_1_323' title='bbox 629 3118 757 3172; x_wconf 84' lang='lat' dir='ltr'>fuco</span> <span class='ocrx_word' id='word_1_324' title='bbox 792 3118 901 3172; x_wconf 91' lang='lat' dir='ltr'>sibi</span> <span class='ocrx_word' id='word_1_325' title='bbox 934 3118 1080 3173; x_wconf 85' lang='lat' dir='ltr'>facto</span> <span class='ocrx_word' id='word_1_326' title='bbox 1112 3135 1314 3172; x_wconf 89' lang='lat' dir='ltr'>canem</span> <span class='ocrx_word' id='word_1_327' title='bbox 1356 3118 1663 3171; x_wconf 82' lang='lat' dir='ltr'>obtrnsnm</span> <span class='ocrx_word' id='word_1_328' title='bbox 1712 3133 1811 3185; x_wconf 87' lang='lat' dir='ltr'>pro</span> <span class='ocrx_word' id='word_1_329' title='bbox 1860 3114 2060 3180; x_wconf 63' lang='lat' dir='ltr'>laudo;</span> 
     </span>
    </p>
   </div>
   <div class='ocr_carea' id='block_1_49' title="bbox 432 3174 2136 3274">
    <p class='ocr_par' dir='ltr' id='par_1_49' title="bbox 432 3174 2136 3274">
     <span class='ocr_line' id='line_1_49' title="bbox 432 3174 2136 3274; baseline -0.002 -16"><span class='ocrx_word' id='word_1_330' title='bbox 432 3207 515 3259; x_wconf 91' lang='lat' dir='ltr'>ita</span> <span class='ocrx_word' id='word_1_331' title='bbox 534 3205 750 3259; x_wconf 89' lang='lat' dir='ltr'>recedit</span> <span class='ocrx_word' id='word_1_332' title='bbox 772 3205 1161 3259; x_wconf 90' lang='lat' dir='ltr'>nebulonibus</span> <span class='ocrx_word' id='word_1_333' title='bbox 1185 3202 1625 3274; x_wconf 87' lang='lat' dir='ltr'>sublegentibns</span> <span class='ocrx_word' id='word_1_334' title='bbox 1648 3174 2062 3267; x_wconf 56' lang='lat' dir='ltr'>haidum,nnde</span> <span class='ocrx_word' id='word_1_335' title='bbox 2094 3174 2136 3239; x_wconf 63' lang='grc' dir='ltr'><strong>Î´</strong></span> 
     </span>
    </p>
   </div>
   <div class='ocr_carea' id='block_1_50' title="bbox 435 3290 2060 3348">
    <p class='ocr_par' dir='ltr' id='par_1_50' title="bbox 435 3290 2060 3348">
     <span class='ocr_line' id='line_1_50' title="bbox 435 3290 2060 3348; baseline -0.003 -1"><span class='ocrx_word' id='word_1_336' title='bbox 435 3293 761 3348; x_wconf 89' lang='lat' dir='ltr'>convivium</span> <span class='ocrx_word' id='word_1_337' title='bbox 796 3294 1004 3347; x_wconf 89' lang='lat' dir='ltr'>deinde</span> <span class='ocrx_word' id='word_1_338' title='bbox 1064 3291 1431 3347; x_wconf 89' lang='lat' dir='ltr'>celebrarunt</span> <span class='ocrx_word' id='word_1_339' title='bbox 1478 3291 1651 3346; x_wconf 88' lang='lat' dir='ltr'>salsis</span> <span class='ocrx_word' id='word_1_340' title='bbox 1700 3290 1758 3344; x_wconf 92' lang='lat' dir='ltr'>in</span> <span class='ocrx_word' id='word_1_341' title='bbox 1809 3290 2060 3346; x_wconf 68' lang='lat' dir='ltr'>eremitaa</span> 
     </span>
    </p>
   </div>
   <div class='ocr_carea' id='block_1_51' title="bbox 428 3380 1565 3435">
    <p class='ocr_par' dir='ltr' id='par_1_51' title="bbox 428 3380 1565 3435">
     <span class='ocr_line' id='line_1_51' title="bbox 428 3380 1565 3435; baseline -0.002 0"><span class='ocrx_word' id='word_1_342' title='bbox 428 3381 759 3435; x_wconf 86' lang='lat' dir='ltr'>fatuitatem</span> <span class='ocrx_word' id='word_1_343' title='bbox 787 3380 1041 3435; x_wconf 90' lang='lat' dir='ltr'>dicioriis</span> <span class='ocrx_word' id='word_1_344' title='bbox 1074 3380 1565 3434; x_wconf 89' lang='lat' dir='ltr'>conditissimnm.</span> 
     </span>
    </p>
   </div>
   <div class='ocr_carea' id='block_1_52' title="bbox 501 3502 2060 3558">
    <p class='ocr_par' dir='ltr' id='par_1_52' title="bbox 501 3502 2060 3558">
     <span class='ocr_line' id='line_1_52' title="bbox 501 3502 2060 3558; baseline 0.001 -4"><span class='ocrx_word' id='word_1_345' title='bbox 501 3503 622 3557; x_wconf 87' lang='lat' dir='ltr'><strong>VII.</strong></span> <span class='ocrx_word' id='word_1_346' title='bbox 657 3503 801 3556; x_wconf 80' lang='lat' dir='ltr'>Hinc</span> <span class='ocrx_word' id='word_1_347' title='bbox 832 3504 1019 3557; x_wconf 89' lang='lat' dir='ltr'>obiter</span> <span class='ocrx_word' id='word_1_348' title='bbox 1047 3504 1208 3558; x_wconf 91' lang='lat' dir='ltr'>vides</span> <span class='ocrx_word' id='word_1_349' title='bbox 1232 3518 1421 3557; x_wconf 90' lang='lat' dir='ltr'>rerum</span> <span class='ocrx_word' id='word_1_350' title='bbox 1457 3502 1935 3556; x_wconf 83' lang='lat' dir='ltr'>difï¬cillimarum</span> <span class='ocrx_word' id='word_1_351' title='bbox 1971 3518 2060 3557; x_wconf 87' lang='lat' dir='ltr'>ex-</span> 
     </span>
    </p>
   </div>
   <div class='ocr_carea' id='block_1_53' title="bbox 426 3591 2059 3663">
    <p class='ocr_par' dir='ltr' id='par_1_53' title="bbox 426 3591 2059 3663">
     <span class='ocr_line' id='line_1_53' title="bbox 426 3591 2059 3663; baseline -0.002 -16"><span class='ocrx_word' id='word_1_352' title='bbox 426 3591 608 3663; x_wconf 89' lang='lat' dir='ltr'>pediri</span> <span class='ocrx_word' id='word_1_353' title='bbox 641 3591 861 3645; x_wconf 88' lang='lat' dir='ltr'>astutia</span> <span class='ocrx_word' id='word_1_354' title='bbox 891 3592 1335 3646; x_wconf 88' lang='lat' dir='ltr'>facultatem.Ad</span> <span class='ocrx_word' id='word_1_355' title='bbox 1373 3592 1525 3661; x_wconf 86' lang='lat' dir='ltr'>quod</span> <span class='ocrx_word' id='word_1_356' title='bbox 1555 3596 1746 3645; x_wconf 88' lang='lat' dir='ltr'>autem</span> <span class='ocrx_word' id='word_1_357' title='bbox 1783 3607 1935 3645; x_wconf 89' lang='lat' dir='ltr'>nunc</span> <span class='ocrx_word' id='word_1_358' title='bbox 1967 3591 2059 3643; x_wconf 91' lang='lat' dir='ltr'>in-</span> 
     </span>
    </p>
   </div>
   <div class='ocr_carea' id='block_1_54' title="bbox 424 3678 2057 3749">
    <p class='ocr_par' dir='ltr' id='par_1_54' title="bbox 424 3678 2057 3749">
     <span class='ocr_line' id='line_1_54' title="bbox 424 3678 2057 3749; baseline -0.001 -16"><span class='ocrx_word' id='word_1_359' title='bbox 424 3684 558 3747; x_wconf 88' lang='lat' dir='ltr'>stat,</span> <span class='ocrx_word' id='word_1_360' title='bbox 595 3680 927 3734; x_wconf 89' lang='lat' dir='ltr'>machinam</span> <span class='ocrx_word' id='word_1_361' title='bbox 963 3681 1297 3749; x_wconf 79' lang='lat' dir='ltr'>excogitavi,</span> <span class='ocrx_word' id='word_1_362' title='bbox 1332 3696 1694 3743; x_wconf 89' lang='lat' dir='ltr'>successum,</span> <span class='ocrx_word' id='word_1_363' title='bbox 1729 3680 1836 3733; x_wconf 85' lang='lat' dir='ltr'>nisi</span> <span class='ocrx_word' id='word_1_364' title='bbox 1871 3678 2057 3749; x_wconf 90' lang='lat' dir='ltr'>pluri-</span> 
     </span>
    </p>
   </div>
   <div class='ocr_carea' id='block_1_55' title="bbox 426 3767 2058 3838">
    <p class='ocr_par' dir='ltr' id='par_1_55' title="bbox 426 3767 2058 3838">
     <span class='ocr_line' id='line_1_55' title="bbox 426 3767 2058 3838; baseline 0 -17"><span class='ocrx_word' id='word_1_365' title='bbox 426 3784 583 3822; x_wconf 90' lang='lat' dir='ltr'>mum</span> <span class='ocrx_word' id='word_1_366' title='bbox 616 3767 806 3835; x_wconf 88' lang='lat' dir='ltr'>fallor,</span> <span class='ocrx_word' id='word_1_367' title='bbox 847 3768 1080 3837; x_wconf 89' lang='lat' dir='ltr'>qualem</span> <span class='ocrx_word' id='word_1_368' title='bbox 1138 3774 1408 3838; x_wconf 90' lang='lat' dir='ltr'>optamus</span> <span class='ocrx_word' id='word_1_369' title='bbox 1460 3768 1813 3822; x_wconf 88' lang='lat' dir='ltr'>habituram.</span> <span class='ocrx_word' id='word_1_370' title='bbox 1860 3770 2058 3821; x_wconf 77' lang='lat' dir='ltr'>Castra</span> 
     </span>
    </p>
   </div>
   <div class='ocr_carea' id='block_1_56' title="bbox 423 3854 2054 3927">
    <p class='ocr_par' dir='ltr' id='par_1_56' title="bbox 423 3854 2054 3927">
     <span class='ocr_line' id='line_1_56' title="bbox 423 3854 2054 3927; baseline -0.001 -18"><span class='ocrx_word' id='word_1_371' title='bbox 423 3872 628 3910; x_wconf 89' lang='lat' dir='ltr'>censeo</span> <span class='ocrx_word' id='word_1_372' title='bbox 660 3856 768 3910; x_wconf 90' lang='lat' dir='ltr'>bac</span> <span class='ocrx_word' id='word_1_373' title='bbox 796 3872 1041 3927; x_wconf 86' lang='lat' dir='ltr'>vespera</span> <span class='ocrx_word' id='word_1_374' title='bbox 1071 3872 1139 3910; x_wconf 90' lang='lat' dir='ltr'>ex</span> <span class='ocrx_word' id='word_1_375' title='bbox 1183 3856 1290 3910; x_wconf 89' lang='lat' dir='ltr'>hac</span> <span class='ocrx_word' id='word_1_376' title='bbox 1335 3858 1539 3911; x_wconf 89' lang='lat' dir='ltr'>arbore</span> <span class='ocrx_word' id='word_1_377' title='bbox 1570 3856 1627 3909; x_wconf 90' lang='lat' dir='ltr'>in</span> <span class='ocrx_word' id='word_1_378' title='bbox 1683 3854 1858 3909; x_wconf 88' lang='lat' dir='ltr'>aliam</span> <span class='ocrx_word' id='word_1_379' title='bbox 1894 3854 2054 3908; x_wconf 90' lang='lat' dir='ltr'>illam</span> 
     </span>
    </p>
   </div>
   <div class='ocr_carea' id='block_1_57' title="bbox 420 3942 2056 4013">
    <p class='ocr_par' dir='ltr' id='par_1_57' title="bbox 420 3942 2056 4013">
     <span class='ocr_line' id='line_1_57' title="bbox 420 3942 2056 4013; baseline 0 -16"><span class='ocrx_word' id='word_1_380' title='bbox 420 3960 533 3999; x_wconf 92' lang='lat' dir='ltr'>non</span> <span class='ocrx_word' id='word_1_381' title='bbox 571 3943 741 4013; x_wconf 74' lang='lat' dir='ltr'>longe</span> <span class='ocrx_word' id='word_1_382' title='bbox 773 3962 805 3999; x_wconf 91' lang='lat' dir='ltr'>a</span> <span class='ocrx_word' id='word_1_383' title='bbox 834 3944 1054 3998; x_wconf 83' lang='lat' dir='ltr'>dextris</span> <span class='ocrx_word' id='word_1_384' title='bbox 1095 3945 1267 3999; x_wconf 90' lang='lat' dir='ltr'>sitam</span> <span class='ocrx_word' id='word_1_385' title='bbox 1317 3944 1659 3998; x_wconf 88' lang='lat' dir='ltr'>transferas.</span> <span class='ocrx_word' id='word_1_386' title='bbox 1688 3946 1774 3996; x_wconf 89' lang='lat' dir='ltr'>Me</span> <span class='ocrx_word' id='word_1_387' title='bbox 1800 3943 1908 3997; x_wconf 85' lang='lat' dir='ltr'>sub</span> <span class='ocrx_word' id='word_1_388' title='bbox 1940 3942 2056 3997; x_wconf 81' lang='lat' dir='ltr'>dis-</span> 
     </span>
    </p>
   </div>
   <div class='ocr_carea' id='block_1_58' title="bbox 419 4032 2056 4102">
    <p class='ocr_par' dir='ltr' id='par_1_58' title="bbox 419 4032 2056 4102">
     <span class='ocr_line' id='line_1_58' title="bbox 419 4032 2056 4102; baseline -0.001 -17"><span class='ocrx_word' id='word_1_389' title='bbox 419 4048 670 4095; x_wconf 83' lang='lat' dir='ltr'>cessum,</span> <span class='ocrx_word' id='word_1_390' title='bbox 723 4049 920 4087; x_wconf 90' lang='lat' dir='ltr'>coram</span> <span class='ocrx_word' id='word_1_391' title='bbox 984 4033 1278 4099; x_wconf 88' lang='lat' dir='ltr'>omnibus,</span> <span class='ocrx_word' id='word_1_392' title='bbox 1338 4033 1503 4102; x_wconf 88' lang='lat' dir='ltr'>quasi</span> <span class='ocrx_word' id='word_1_393' title='bbox 1576 4032 1933 4101; x_wconf 88' lang='lat' dir='ltr'>proditorem</span> <span class='ocrx_word' id='word_1_394' title='bbox 2000 4035 2056 4084; x_wconf 88' lang='lat' dir='ltr'>ot</span> 
     </span>
    </p>
   </div>
   <div class='ocr_carea' id='block_1_59' title="bbox 418 4118 2055 4190">
    <p class='ocr_par' dir='ltr' id='par_1_59' title="bbox 418 4118 2055 4190">
     <span class='ocr_line' id='line_1_59' title="bbox 418 4118 2055 4190; baseline -0.001 -16"><span class='ocrx_word' id='word_1_395' title='bbox 418 4120 599 4174; x_wconf 90' lang='lat' dir='ltr'>cladis</span> <span class='ocrx_word' id='word_1_396' title='bbox 629 4125 871 4190; x_wconf 64' lang='lat' dir='ltr'>accepta;</span> <span class='ocrx_word' id='word_1_397' title='bbox 904 4137 1140 4175; x_wconf 83' lang='lat' dir='ltr'>causam</span> <span class='ocrx_word' id='word_1_398' title='bbox 1172 4120 1449 4175; x_wconf 87' lang='lat' dir='ltr'>conviciis</span> <span class='ocrx_word' id='word_1_399' title='bbox 1488 4118 2055 4190; x_wconf 86' lang='lat' dir='ltr'>proscindas,plagis</span> 
     </span>
    </p>
   </div>
   <div class='ocr_carea' id='block_1_60' title="bbox 419 4206 2052 4279">
    <p class='ocr_par' dir='ltr' id='par_1_60' title="bbox 419 4206 2052 4279">
     <span class='ocr_line' id='line_1_60' title="bbox 419 4206 2052 4279; baseline -0.001 -19"><span class='ocrx_word' id='word_1_400' title='bbox 419 4207 683 4273; x_wconf 88' lang='lat' dir='ltr'>mulctes,</span> <span class='ocrx_word' id='word_1_401' title='bbox 717 4214 1080 4275; x_wconf 88' lang='lat' dir='ltr'>cuentatum,</span> <span class='ocrx_word' id='word_1_402' title='bbox 1108 4208 1323 4279; x_wconf 91' lang='lat' dir='ltr'>plumis</span> <span class='ocrx_word' id='word_1_403' title='bbox 1350 4208 1573 4261; x_wconf 88' lang='lat' dir='ltr'>alarum</span> <span class='ocrx_word' id='word_1_404' title='bbox 1606 4207 1901 4277; x_wconf 90' lang='lat' dir='ltr'>plerisque</span> <span class='ocrx_word' id='word_1_405' title='bbox 1933 4206 2052 4260; x_wconf 93' lang='lat' dir='ltr'>vnl-</span> 
     </span>
    </p>
   </div>
   <div class='ocr_carea' id='block_1_61' title="bbox 423 4294 2051 4367">
    <p class='ocr_par' dir='ltr' id='par_1_61' title="bbox 423 4294 2051 4367">
     <span class='ocr_line' id='line_1_61' title="bbox 423 4294 2051 4367; baseline -0.001 -18"><span class='ocrx_word' id='word_1_406' title='bbox 423 4296 525 4363; x_wconf 90' lang='lat' dir='ltr'>sis,</span> <span class='ocrx_word' id='word_1_407' title='bbox 555 4296 740 4350; x_wconf 90' lang='lat' dir='ltr'>cauda</span> <span class='ocrx_word' id='word_1_408' title='bbox 770 4301 892 4350; x_wconf 89' lang='lat' dir='ltr'>tota</span> <span class='ocrx_word' id='word_1_409' title='bbox 922 4296 1313 4367; x_wconf 88' lang='lat' dir='ltr'>abscissa,pro</span> <span class='ocrx_word' id='word_1_410' title='bbox 1348 4296 1727 4349; x_wconf 83' lang='lat' dir='ltr'>semimortua</span> <span class='ocrx_word' id='word_1_411' title='bbox 1758 4296 1827 4349; x_wconf 91' lang='lat' dir='ltr'>ad</span> <span class='ocrx_word' id='word_1_412' title='bbox 1861 4294 2051 4348; x_wconf 88' lang='lat' dir='ltr'>solum</span> 
     </span>
    </p>
   </div>
   <div class='ocr_carea' id='block_1_62' title="bbox 417 4382 2053 4439">
    <p class='ocr_par' dir='ltr' id='par_1_62' title="bbox 417 4382 2053 4439">
     <span class='ocr_line' id='line_1_62' title="bbox 417 4382 2053 4439; baseline 0.001 -3"><span class='ocrx_word' id='word_1_413' title='bbox 417 4384 528 4437; x_wconf 90' lang='lat' dir='ltr'>sub</span> <span class='ocrx_word' id='word_1_414' title='bbox 561 4384 763 4439; x_wconf 90' lang='lat' dir='ltr'>arbore</span> <span class='ocrx_word' id='word_1_415' title='bbox 794 4385 1022 4439; x_wconf 89' lang='lat' dir='ltr'>allidas.</span> <span class='ocrx_word' id='word_1_416' title='bbox 1060 4385 1143 4437; x_wconf 90' lang='lat' dir='ltr'>lbi</span> <span class='ocrx_word' id='word_1_417' title='bbox 1176 4401 1268 4439; x_wconf 91' lang='lat' dir='ltr'>me</span> <span class='ocrx_word' id='word_1_418' title='bbox 1299 4383 1569 4437; x_wconf 84' lang='lat' dir='ltr'>relictum</span> <span class='ocrx_word' id='word_1_419' title='bbox 1620 4382 1915 4437; x_wconf 88' lang='lat' dir='ltr'>invenient</span> <span class='ocrx_word' id='word_1_420' title='bbox 1955 4400 2053 4437; x_wconf 88' lang='lat' dir='ltr'>no-</span> 
     </span>
    </p>
   </div>
   <div class='ocr_carea' id='block_1_63' title="bbox 416 4470 2051 4541">
    <p class='ocr_par' dir='ltr' id='par_1_63' title="bbox 416 4470 2051 4541">
     <span class='ocr_line' id='line_1_63' title="bbox 416 4470 2051 4541; baseline -0.001 -16"><span class='ocrx_word' id='word_1_421' title='bbox 416 4475 562 4525; x_wconf 65' lang='lat' dir='ltr'>ctuae</span> <span class='ocrx_word' id='word_1_422' title='bbox 594 4472 796 4527; x_wconf 89' lang='lat' dir='ltr'>iterato</span> <span class='ocrx_word' id='word_1_423' title='bbox 823 4478 1076 4527; x_wconf 67' lang='lat' dir='ltr'>ventura:</span> <span class='ocrx_word' id='word_1_424' title='bbox 1109 4472 1253 4527; x_wconf 87' lang='lat' dir='ltr'>citra</span> <span class='ocrx_word' id='word_1_425' title='bbox 1284 4471 1469 4526; x_wconf 91' lang='lat' dir='ltr'>ullum</span> <span class='ocrx_word' id='word_1_426' title='bbox 1516 4470 1756 4525; x_wconf 91' lang='lat' dir='ltr'>dubium</span> <span class='ocrx_word' id='word_1_427' title='bbox 1788 4470 1893 4525; x_wconf 90' lang='lat' dir='ltr'>bac</span> <span class='ocrx_word' id='word_1_428' title='bbox 1924 4471 2051 4541; x_wconf 86' lang='lat' dir='ltr'>ipsa</span> 
     </span>
    </p>
   </div>
   <div class='ocr_carea' id='block_1_64' title="bbox 417 4559 2049 4629">
    <p class='ocr_par' dir='ltr' id='par_1_64' title="bbox 417 4559 2049 4629">
     <span class='ocr_line' id='line_1_64' title="bbox 417 4559 2049 4629; baseline 0 -16"><span class='ocrx_word' id='word_1_429' title='bbox 417 4576 592 4629; x_wconf 91' lang='lat' dir='ltr'>quam</span> <span class='ocrx_word' id='word_1_430' title='bbox 628 4560 1062 4615; x_wconf 81' lang='lat' dir='ltr'>moxinibimus</span> <span class='ocrx_word' id='word_1_431' title='bbox 1095 4565 1280 4615; x_wconf 88' lang='lat' dir='ltr'>nocte.</span> <span class='ocrx_word' id='word_1_432' title='bbox 1316 4559 1406 4613; x_wconf 89' lang='lat' dir='ltr'>Me</span> <span class='ocrx_word' id='word_1_433' title='bbox 1460 4559 1920 4628; x_wconf 89' lang='lat' dir='ltr'>interrogabunt,</span> <span class='ocrx_word' id='word_1_434' title='bbox 1948 4576 2049 4613; x_wconf 89' lang='lat' dir='ltr'>au-</span> 
     </span>
    </p>
   </div>
   <div class='ocr_carea' id='block_1_65' title="bbox 416 4647 2045 4717">
    <p class='ocr_par' dir='ltr' id='par_1_65' title="bbox 416 4647 2045 4717">
     <span class='ocr_line' id='line_1_65' title="bbox 416 4647 2045 4717; baseline 0.002 -17"><span class='ocrx_word' id='word_1_435' title='bbox 416 4647 603 4702; x_wconf 91' lang='lat' dir='ltr'>ditum</span> <span class='ocrx_word' id='word_1_436' title='bbox 651 4664 845 4703; x_wconf 89' lang='lat' dir='ltr'>secum</span> <span class='ocrx_word' id='word_1_437' title='bbox 906 4648 1153 4703; x_wconf 90' lang='lat' dir='ltr'>avehent</span> <span class='ocrx_word' id='word_1_438' title='bbox 1202 4663 1215 4702; x_wconf 88' lang='lat'><strong>:</strong></span> <span class='ocrx_word' id='word_1_439' title='bbox 1269 4649 1597 4702; x_wconf 88' lang='lat' dir='ltr'>insuescam</span> <span class='ocrx_word' id='word_1_440' title='bbox 1669 4647 1821 4702; x_wconf 90' lang='lat' dir='ltr'>inter</span> <span class='ocrx_word' id='word_1_441' title='bbox 1866 4649 2045 4717; x_wconf 92' lang='lat' dir='ltr'>ipsas,</span> 
     </span>
    </p>
   </div>
   <div class='ocr_carea' id='block_1_66' title="bbox 415 4736 2049 4806">
    <p class='ocr_par' dir='ltr' id='par_1_66' title="bbox 415 4736 2049 4806">
     <span class='ocr_line' id='line_1_66' title="bbox 415 4736 2049 4806; baseline 0.002 -18"><span class='ocrx_word' id='word_1_442' title='bbox 415 4752 628 4790; x_wconf 89' lang='lat' dir='ltr'>arcana</span> <span class='ocrx_word' id='word_1_443' title='bbox 657 4752 996 4805; x_wconf 87' lang='lat' dir='ltr'>emungam,</span> <span class='ocrx_word' id='word_1_444' title='bbox 1056 4736 1212 4791; x_wconf 89' lang='lat' dir='ltr'>brevi</span> <span class='ocrx_word' id='word_1_445' title='bbox 1253 4752 1344 4789; x_wconf 90' lang='lat' dir='ltr'>me</span> <span class='ocrx_word' id='word_1_446' title='bbox 1388 4738 1661 4806; x_wconf 87' lang='lat' dir='ltr'>exspecta</span> <span class='ocrx_word' id='word_1_447' title='bbox 1707 4751 1841 4791; x_wconf 88' lang='lat' dir='ltr'>cum</span> <span class='ocrx_word' id='word_1_448' title='bbox 1895 4741 2049 4791; x_wconf 89' lang='lat' dir='ltr'>certa</span> 
     </span>
    </p>
   </div>
   <div class='ocr_carea' id='block_1_67' title="bbox 416 4822 2045 4895">
    <p class='ocr_par' dir='ltr' id='par_1_67' title="bbox 416 4822 2045 4895">
     <span class='ocr_line' id='line_1_67' title="bbox 416 4822 2045 4895; baseline 0.003 -21"><span class='ocrx_word' id='word_1_449' title='bbox 416 4822 768 4878; x_wconf 90' lang='lat' dir='ltr'>indicatione</span> <span class='ocrx_word' id='word_1_450' title='bbox 799 4824 953 4878; x_wconf 92' lang='lat' dir='ltr'>modi</span> <span class='ocrx_word' id='word_1_451' title='bbox 979 4824 1269 4878; x_wconf 90' lang='lat' dir='ltr'>vincendi.</span> <span class='ocrx_word' id='word_1_452' title='bbox 1308 4824 1561 4878; x_wconf 90' lang='lat' dir='ltr'>Tantum</span> <span class='ocrx_word' id='word_1_453' title='bbox 1614 4828 1903 4879; x_wconf 91' lang='lat' dir='ltr'>memento</span> <span class='ocrx_word' id='word_1_454' title='bbox 1942 4841 2045 4895; x_wconf 90' lang='lat' dir='ltr'>pu-</span> 
     </span>
    </p>
   </div>
   <div class='ocr_carea' id='block_1_68' title="bbox 414 4909 2050 4982">
    <p class='ocr_par' dir='ltr' id='par_1_68' title="bbox 414 4909 2050 4982">
     <span class='ocr_line' id='line_1_68' title="bbox 414 4909 2050 4982; baseline 0.003 -20"><span class='ocrx_word' id='word_1_455' title='bbox 414 4909 553 4978; x_wconf 89' lang='lat' dir='ltr'>pilla</span> <span class='ocrx_word' id='word_1_456' title='bbox 584 4910 735 4965; x_wconf 86' lang='lat' dir='ltr'>oculi</span> <span class='ocrx_word' id='word_1_457' title='bbox 768 4927 834 4966; x_wconf 90' lang='lat' dir='ltr'>ac</span> <span class='ocrx_word' id='word_1_458' title='bbox 861 4912 1033 4966; x_wconf 89' lang='lat' dir='ltr'>corde</span> <span class='ocrx_word' id='word_1_459' title='bbox 1062 4911 1189 4982; x_wconf 87' lang='lat' dir='ltr'>ipso</span> <span class='ocrx_word' id='word_1_460' title='bbox 1220 4910 1560 4981; x_wconf 89' lang='lat' dir='ltr'>diligentius</span> <span class='ocrx_word' id='word_1_461' title='bbox 1580 4912 1757 4965; x_wconf 87' lang='lat' dir='ltr'>tutari</span> <span class='ocrx_word' id='word_1_462' title='bbox 1789 4929 1823 4966; x_wconf 94' lang='lat' dir='ltr'>a</span> <span class='ocrx_word' id='word_1_463' title='bbox 1852 4914 2050 4982; x_wconf 85' lang='lat' dir='ltr'>cujus-</span> 
     </span>
    </p>
   </div>
   <div class='ocr_carea' id='block_1_69' title="bbox 416 4998 2049 5070">
    <p class='ocr_par' dir='ltr' id='par_1_69' title="bbox 416 4998 2049 5070">
     <span class='ocr_line' id='line_1_69' title="bbox 416 4998 2049 5070; baseline 0.003 -19"><span class='ocrx_word' id='word_1_464' title='bbox 416 4999 500 5052; x_wconf 89' lang='lat' dir='ltr'>vis</span> <span class='ocrx_word' id='word_1_465' title='bbox 533 4998 910 5065; x_wconf 90' lang='lat' dir='ltr'>conscientia,</span> <span class='ocrx_word' id='word_1_466' title='bbox 961 5000 1078 5053; x_wconf 91' lang='lat' dir='ltr'>imo</span> <span class='ocrx_word' id='word_1_467' title='bbox 1118 5004 1175 5054; x_wconf 91' lang='lat' dir='ltr'>et</span> <span class='ocrx_word' id='word_1_468' title='bbox 1221 4999 1574 5070; x_wconf 86' lang='lat' dir='ltr'>suspicione,</span> <span class='ocrx_word' id='word_1_469' title='bbox 1627 5016 1901 5054; x_wconf 89' lang='lat' dir='ltr'>arcanum</span> <span class='ocrx_word' id='word_1_470' title='bbox 1947 5018 2049 5056; x_wconf 88' lang='lat' dir='ltr'>no-</span> 
     </span>
    </p>
   </div>
   <div class='ocr_carea' id='block_1_70' title="bbox 417 5086 2050 5156">
    <p class='ocr_par' dir='ltr' id='par_1_70' title="bbox 417 5086 2050 5156">
     <span class='ocr_line' id='line_1_70' title="bbox 417 5086 2050 5156; baseline 0.003 -17"><span class='ocrx_word' id='word_1_471' title='bbox 417 5091 604 5141; x_wconf 88' lang='lat' dir='ltr'>strum</span> <span class='ocrx_word' id='word_1_472' title='bbox 636 5102 649 5141; x_wconf 91' lang='lat'><strong>:</strong></span> <span class='ocrx_word' id='word_1_473' title='bbox 683 5092 887 5143; x_wconf 71' lang='lat' dir='ltr'>caetera</span> <span class='ocrx_word' id='word_1_474' title='bbox 918 5088 1162 5143; x_wconf 73' lang='lat' dir='ltr'>fortunae</span> <span class='ocrx_word' id='word_1_475' title='bbox 1185 5104 1251 5142; x_wconf 89' lang='lat' dir='ltr'>ac</span> <span class='ocrx_word' id='word_1_476' title='bbox 1286 5087 1430 5141; x_wconf 92' lang='lat' dir='ltr'>mihi</span> <span class='ocrx_word' id='word_1_477' title='bbox 1458 5086 1747 5156; x_wconf 88' lang='lat' dir='ltr'>permitte.</span> <span class='ocrx_word' id='word_1_478' title='bbox 1778 5089 1932 5143; x_wconf 87' lang='lat' dir='ltr'>Fecit</span> <span class='ocrx_word' id='word_1_479' title='bbox 1955 5106 2050 5144; x_wconf 87' lang='lat' dir='ltr'>rex</span> 
     </span>
    </p>
   </div>
   <div class='ocr_carea' id='block_1_71' title="bbox 417 5175 2049 5247">
    <p class='ocr_par' dir='ltr' id='par_1_71' title="bbox 417 5175 2049 5247">
     <span class='ocr_line' id='line_1_71' title="bbox 417 5175 2049 5247; baseline 0.001 -18"><span class='ocrx_word' id='word_1_480' title='bbox 417 5179 481 5229; x_wconf 86' lang='lat' dir='ltr'>ut</span> <span class='ocrx_word' id='word_1_481' title='bbox 524 5178 887 5232; x_wconf 88' lang='lat' dir='ltr'>monebatur.</span> <span class='ocrx_word' id='word_1_482' title='bbox 939 5176 1395 5247; x_wconf 87' lang='lat' dir='ltr'>Deprehendunt</span> <span class='ocrx_word' id='word_1_483' title='bbox 1438 5175 1729 5230; x_wconf 88' lang='lat' dir='ltr'>irruentes</span> <span class='ocrx_word' id='word_1_484' title='bbox 1777 5181 1948 5232; x_wconf 91' lang='lat' dir='ltr'>noctu</span> <span class='ocrx_word' id='word_1_485' title='bbox 1997 5179 2049 5231; x_wconf 92' lang='lat' dir='ltr'>vi</span> 
     </span>
    </p>
   </div>
   <div class='ocr_carea' id='block_1_72' title="bbox 416 5264 2047 5335">
    <p class='ocr_par' dir='ltr' id='par_1_72' title="bbox 416 5264 2047 5335">
     <span class='ocr_line' id='line_1_72' title="bbox 416 5264 2047 5335; baseline 0.002 -19"><span class='ocrx_word' id='word_1_486' title='bbox 416 5264 636 5332; x_wconf 87' lang='lat' dir='ltr'>majore</span> <span class='ocrx_word' id='word_1_487' title='bbox 671 5281 846 5334; x_wconf 89' lang='lat' dir='ltr'>quam</span> <span class='ocrx_word' id='word_1_488' title='bbox 894 5265 1079 5335; x_wconf 91' lang='lat' dir='ltr'>pridie</span> <span class='ocrx_word' id='word_1_489' title='bbox 1118 5272 1338 5319; x_wconf 78' lang='lat' dir='ltr'>noctuas</span> <span class='ocrx_word' id='word_1_490' title='bbox 1388 5280 1629 5318; x_wconf 86' lang='lat' dir='ltr'>vacuam</span> <span class='ocrx_word' id='word_1_491' title='bbox 1664 5265 1849 5319; x_wconf 88' lang='lat' dir='ltr'>corvis</span> <span class='ocrx_word' id='word_1_492' title='bbox 1881 5266 2047 5320; x_wconf 91' lang='lat' dir='ltr'>arbo-</span> 
     </span>
    </p>
   </div>
   <div class='ocr_carea' id='block_1_73' title="bbox 414 5351 2049 5421">
    <p class='ocr_par' dir='ltr' id='par_1_73' title="bbox 414 5351 2049 5421">
     <span class='ocr_line' id='line_1_73' title="bbox 414 5351 2049 5421; baseline 0.002 -17"><span class='ocrx_word' id='word_1_493' title='bbox 414 5368 554 5421; x_wconf 91' lang='lat' dir='ltr'>rem,</span> <span class='ocrx_word' id='word_1_494' title='bbox 588 5351 769 5407; x_wconf 89' lang='lat' dir='ltr'>istum</span> <span class='ocrx_word' id='word_1_495' title='bbox 803 5370 986 5408; x_wconf 91' lang='lat' dir='ltr'>unum</span> <span class='ocrx_word' id='word_1_496' title='bbox 1019 5354 1372 5408; x_wconf 81' lang='lat' dir='ltr'>seminecem</span> <span class='ocrx_word' id='word_1_497' title='bbox 1405 5368 1470 5405; x_wconf 92' lang='lat' dir='ltr'>ac</span> <span class='ocrx_word' id='word_1_498' title='bbox 1500 5351 1754 5406; x_wconf 88' lang='lat' dir='ltr'>lacerum</span> <span class='ocrx_word' id='word_1_499' title='bbox 1786 5353 2049 5407; x_wconf 81' lang='lat' dir='ltr'>humiaf-</span> 
     </span>
    </p>
   </div>
   <div class='ocr_carea' id='block_1_74' title="bbox 415 5438 2044 5510">
    <p class='ocr_par' dir='ltr' id='par_1_74' title="bbox 415 5438 2044 5510">
     <span class='ocr_line' id='line_1_74' title="bbox 415 5438 2044 5510; baseline 0.001 -19"><span class='ocrx_word' id='word_1_500' title='bbox 415 5439 658 5494; x_wconf 85' lang='lat' dir='ltr'>ï¬‚ictum.</span> <span class='ocrx_word' id='word_1_501' title='bbox 732 5441 1222 5510; x_wconf 77' lang='lat' dir='ltr'>Percnnctanlur,</span> <span class='ocrx_word' id='word_1_502' title='bbox 1292 5457 1403 5508; x_wconf 91' lang='lat' dir='ltr'>quo</span> <span class='ocrx_word' id='word_1_503' title='bbox 1465 5438 1563 5493; x_wconf 92' lang='lat' dir='ltr'>alii</span> <span class='ocrx_word' id='word_1_504' title='bbox 1632 5442 2044 5495; x_wconf 87' lang='lat' dir='ltr'>concesserint.</span> 
     </span>
    </p>
   </div>
   <div class='ocr_carea' id='block_1_75' title="bbox 412 5527 2046 5599">
    <p class='ocr_par' dir='ltr' id='par_1_75' title="bbox 412 5527 2046 5599">
     <span class='ocr_line' id='line_1_75' title="bbox 412 5527 2046 5599; baseline 0.003 -20"><span class='ocrx_word' id='word_1_505' title='bbox 412 5527 573 5582; x_wconf 88' lang='lat' dir='ltr'>Tunc</span> <span class='ocrx_word' id='word_1_506' title='bbox 608 5529 725 5593; x_wconf 86' lang='lat' dir='ltr'>ille,</span> <span class='ocrx_word' id='word_1_507' title='bbox 759 5530 1001 5599; x_wconf 85' lang='lat' dir='ltr'>Putatis,</span> <span class='ocrx_word' id='word_1_508' title='bbox 1037 5530 1439 5598; x_wconf 82' lang='lat' dir='ltr'>inquit,quem</span> <span class='ocrx_word' id='word_1_509' title='bbox 1472 5532 1594 5582; x_wconf 89' lang='lat' dir='ltr'>tam</span> <span class='ocrx_word' id='word_1_510' title='bbox 1629 5528 1773 5583; x_wconf 89' lang='lat' dir='ltr'>male</span> <span class='ocrx_word' id='word_1_511' title='bbox 1800 5529 2046 5585; x_wconf 90' lang='lat' dir='ltr'>mulcta-</span> 
     </span>
    </p>
   </div>
   <div class='ocr_carea' id='block_1_76' title="bbox 414 5617 2043 5684">
    <p class='ocr_par' dir='ltr' id='par_1_76' title="bbox 414 5617 2043 5684">
     <span class='ocr_line' id='line_1_76' title="bbox 414 5617 2043 5684; baseline 0.003 -14"><span class='ocrx_word' id='word_1_512' title='bbox 414 5617 623 5684; x_wconf 88' lang='lat' dir='ltr'>verint,</span> <span class='ocrx_word' id='word_1_513' title='bbox 647 5633 994 5674; x_wconf 89' lang='lat' dir='ltr'>arcanorum</span> <span class='ocrx_word' id='word_1_514' title='bbox 1010 5619 1311 5675; x_wconf 88' lang='lat' dir='ltr'>conscium</span> <span class='ocrx_word' id='word_1_515' title='bbox 1327 5634 1568 5674; x_wconf 87' lang='lat' dir='ltr'>suorum</span> <span class='ocrx_word' id='word_1_516' title='bbox 1587 5618 1768 5675; x_wconf 87' lang='lat' dir='ltr'>facere</span> <span class='ocrx_word' id='word_1_517' title='bbox 1786 5636 2043 5677; x_wconf 88' lang='lat' dir='ltr'>curasse.</span> 
     </span>
    </p>
   </div>
   <div class='ocr_carea' id='block_1_77' title="bbox 2184 1884 3806 1957">
    <p class='ocr_par' dir='ltr' id='par_1_77' title="bbox 2184 1884 3806 1957">
     <span class='ocr_line' id='line_1_77' title="bbox 2184 1884 3806 1957; baseline 0.005 -20"><span class='ocrx_word' id='word_1_518' title='bbox 2184 1890 2345 1951; x_wconf 90' lang='lat' dir='ltr'>rent;</span> <span class='ocrx_word' id='word_1_519' title='bbox 2387 1884 2627 1939; x_wconf 90' lang='lat' dir='ltr'>herbam</span> <span class='ocrx_word' id='word_1_520' title='bbox 2682 1889 2908 1940; x_wconf 88' lang='lat' dir='ltr'>mature</span> <span class='ocrx_word' id='word_1_521' title='bbox 2961 1885 3363 1957; x_wconf 90' lang='lat' dir='ltr'>porrigerent;</span> <span class='ocrx_word' id='word_1_522' title='bbox 3420 1888 3668 1943; x_wconf 86' lang='lat' dir='ltr'>victores</span> <span class='ocrx_word' id='word_1_523' title='bbox 3712 1906 3806 1945; x_wconf 87' lang='lat' dir='ltr'>vos</span> 
     </span>
    </p>
   </div>
   <div class='ocr_carea' id='block_1_78' title="bbox 2180 1972 3805 2047">
    <p class='ocr_par' dir='ltr' id='par_1_78' title="bbox 2180 1972 3805 2047">
     <span class='ocr_line' id='line_1_78' title="bbox 2180 1972 3805 2047; baseline 0.006 -25"><span class='ocrx_word' id='word_1_524' title='bbox 2180 1977 2616 2038; x_wconf 89' lang='lat' dir='ltr'>venerarentnr;</span> <span class='ocrx_word' id='word_1_525' title='bbox 2641 1972 2983 2027; x_wconf 90' lang='lat' dir='ltr'>muneribus</span> <span class='ocrx_word' id='word_1_526' title='bbox 3011 1989 3077 2027; x_wconf 90' lang='lat' dir='ltr'>ac</span> <span class='ocrx_word' id='word_1_527' title='bbox 3108 1976 3374 2045; x_wconf 85' lang='lat' dir='ltr'>pactione</span> <span class='ocrx_word' id='word_1_528' title='bbox 3395 1976 3601 2031; x_wconf 89' lang='lat' dir='ltr'>tributi</span> <span class='ocrx_word' id='word_1_529' title='bbox 3627 1994 3805 2047; x_wconf 88' lang='lat' dir='ltr'>quan-</span> 
     </span>
    </p>
   </div>
   <div class='ocr_carea' id='block_1_79' title="bbox 2177 2059 3804 2135">
    <p class='ocr_par' dir='ltr' id='par_1_79' title="bbox 2177 2059 3804 2135">
     <span class='ocr_line' id='line_1_79' title="bbox 2177 2059 3804 2135; baseline 0.005 -24"><span class='ocrx_word' id='word_1_530' title='bbox 2177 2062 2302 2113; x_wconf 89' lang='lat' dir='ltr'>tum</span> <span class='ocrx_word' id='word_1_531' title='bbox 2335 2059 2706 2129; x_wconf 62' lang='lat' dir='ltr'>praescribere</span> <span class='ocrx_word' id='word_1_532' title='bbox 2736 2059 3148 2131; x_wconf 90' lang='lat' dir='ltr'>dignaremini,</span> <span class='ocrx_word' id='word_1_533' title='bbox 3203 2062 3431 2133; x_wconf 84' lang='lat' dir='ltr'>placare</span> <span class='ocrx_word' id='word_1_534' title='bbox 3462 2069 3804 2135; x_wconf 84' lang='lat' dir='ltr'>satagerent.</span> 
     </span>
    </p>
   </div>
   <div class='ocr_carea' id='block_1_80' title="bbox 2180 2149 3807 2224">
    <p class='ocr_par' dir='ltr' id='par_1_80' title="bbox 2180 2149 3807 2224">
     <span class='ocr_line' id='line_1_80' title="bbox 2180 2149 3807 2224; baseline 0.005 -25"><span class='ocrx_word' id='word_1_535' title='bbox 2180 2150 2307 2202; x_wconf 67' lang='lat' dir='ltr'>Haec</span> <span class='ocrx_word' id='word_1_536' title='bbox 2340 2163 2450 2214; x_wconf 89' lang='lat' dir='ltr'>me,</span> <span class='ocrx_word' id='word_1_537' title='bbox 2489 2152 2657 2217; x_wconf 90' lang='lat' dir='ltr'>prout</span> <span class='ocrx_word' id='word_1_538' title='bbox 2678 2149 2818 2203; x_wconf 88' lang='lat' dir='ltr'>mihi</span> <span class='ocrx_word' id='word_1_539' title='bbox 2851 2164 3016 2204; x_wconf 85' lang='lat' dir='ltr'>meus</span> <span class='ocrx_word' id='word_1_540' title='bbox 3038 2150 3295 2205; x_wconf 89' lang='lat' dir='ltr'>dictabat</span> <span class='ocrx_word' id='word_1_541' title='bbox 3311 2152 3807 2224; x_wconf 86' lang='lat' dir='ltr'>animus,loqnen-</span> 
     </span>
    </p>
   </div>
   <div class='ocr_carea' id='block_1_81' title="bbox 2177 2235 3805 2310">
    <p class='ocr_par' dir='ltr' id='par_1_81' title="bbox 2177 2235 3805 2310">
     <span class='ocr_line' id='line_1_81' title="bbox 2177 2235 3805 2310; baseline 0.005 -23"><span class='ocrx_word' id='word_1_542' title='bbox 2177 2238 2293 2288; x_wconf 90' lang='lat' dir='ltr'>tem</span> <span class='ocrx_word' id='word_1_543' title='bbox 2325 2235 2503 2289; x_wconf 90' lang='lat' dir='ltr'>coorti</span> <span class='ocrx_word' id='word_1_544' title='bbox 2536 2251 2760 2303; x_wconf 88' lang='lat' dir='ltr'>omnes,</span> <span class='ocrx_word' id='word_1_545' title='bbox 2798 2252 3015 2306; x_wconf 81' lang='lat' dir='ltr'>rexque</span> <span class='ocrx_word' id='word_1_546' title='bbox 3065 2238 3122 2291; x_wconf 92' lang='lat' dir='ltr'>in</span> <span class='ocrx_word' id='word_1_547' title='bbox 3181 2238 3405 2308; x_wconf 89' lang='lat' dir='ltr'>primis,</span> <span class='ocrx_word' id='word_1_548' title='bbox 3456 2241 3805 2310; x_wconf 87' lang='lat' dir='ltr'>proditorem</span> 
     </span>
    </p>
   </div>
   <div class='ocr_carea' id='block_1_82' title="bbox 2175 2320 3805 2398">
    <p class='ocr_par' dir='ltr' id='par_1_82' title="bbox 2175 2320 3805 2398">
     <span class='ocr_line' id='line_1_82' title="bbox 2175 2320 3805 2398; baseline 0.005 -24"><span class='ocrx_word' id='word_1_549' title='bbox 2175 2320 2541 2392; x_wconf 89' lang='lat' dir='ltr'>impiumque</span> <span class='ocrx_word' id='word_1_550' title='bbox 2573 2324 3020 2393; x_wconf 87' lang='lat' dir='ltr'>proclamantes,</span> <span class='ocrx_word' id='word_1_551' title='bbox 3065 2325 3270 2381; x_wconf 88' lang='lat' dir='ltr'>rostris</span> <span class='ocrx_word' id='word_1_552' title='bbox 3314 2332 3373 2381; x_wconf 88' lang='lat' dir='ltr'>et</span> <span class='ocrx_word' id='word_1_553' title='bbox 3421 2329 3718 2398; x_wconf 90' lang='lat' dir='ltr'>unguibus</span> <span class='ocrx_word' id='word_1_554' title='bbox 3750 2328 3805 2382; x_wconf 92' lang='lat' dir='ltr'>in</span> 
     </span>
    </p>
   </div>
   <div class='ocr_carea' id='block_1_83' title="bbox 2176 2408 3810 2481">
    <p class='ocr_par' dir='ltr' id='par_1_83' title="bbox 2176 2408 3810 2481">
     <span class='ocr_line' id='line_1_83' title="bbox 2176 2408 3810 2481; baseline 0.006 -20"><span class='ocrx_word' id='word_1_555' title='bbox 2176 2408 2324 2463; x_wconf 89' lang='lat' dir='ltr'>hanc</span> <span class='ocrx_word' id='word_1_556' title='bbox 2355 2427 2448 2464; x_wconf 90' lang='lat' dir='ltr'>me</span> <span class='ocrx_word' id='word_1_557' title='bbox 2495 2411 2889 2466; x_wconf 87' lang='lat' dir='ltr'>deformatum</span> <span class='ocrx_word' id='word_1_558' title='bbox 2942 2412 3218 2481; x_wconf 88' lang='lat' dir='ltr'>speciem,</span> <span class='ocrx_word' id='word_1_559' title='bbox 3272 2430 3371 2481; x_wconf 89' lang='lat' dir='ltr'>pro</span> <span class='ocrx_word' id='word_1_560' title='bbox 3431 2421 3661 2471; x_wconf 90' lang='lat' dir='ltr'>mortuo</span> <span class='ocrx_word' id='word_1_561' title='bbox 3712 2421 3810 2471; x_wconf 84' lang='lat' dir='ltr'>aut</span> 
     </span>
    </p>
   </div>
   <div class='ocr_carea' id='block_1_84' title="bbox 2175 2498 3463 2569">
    <p class='ocr_par' dir='ltr' id='par_1_84' title="bbox 2175 2498 3463 2569">
     <span class='ocr_line' id='line_1_84' title="bbox 2175 2498 3463 2569; baseline 0.005 -18"><span class='ocrx_word' id='word_1_562' title='bbox 2175 2498 2371 2553; x_wconf 88' lang='lat' dir='ltr'>statim</span> <span class='ocrx_word' id='word_1_563' title='bbox 2405 2500 2687 2555; x_wconf 90' lang='lat' dir='ltr'>morituro</span> <span class='ocrx_word' id='word_1_564' title='bbox 2720 2500 3109 2569; x_wconf 84' lang='lat' dir='ltr'>relinquentes</span> <span class='ocrx_word' id='word_1_565' title='bbox 3139 2500 3463 2557; x_wconf 88' lang='lat' dir='ltr'>avolarunt.</span> 
     </span>
    </p>
   </div>
   <div class='ocr_carea' id='block_1_85' title="bbox 2253 2620 3807 2697">
    <p class='ocr_par' dir='ltr' id='par_1_85' title="bbox 2253 2620 3807 2697">
     <span class='ocr_line' id='line_1_85' title="bbox 2253 2620 3807 2697; baseline 0.006 -23"><span class='ocrx_word' id='word_1_566' title='bbox 2253 2620 2401 2676; x_wconf 84' lang='lat' dir='ltr'><strong>VIII.</strong></span> <span class='ocrx_word' id='word_1_567' title='bbox 2436 2626 2596 2676; x_wconf 90' lang='lat' dir='ltr'>Tunc</span> <span class='ocrx_word' id='word_1_568' title='bbox 2624 2621 2978 2688; x_wconf 89' lang='lat' dir='ltr'>Archibubo,</span> <span class='ocrx_word' id='word_1_569' title='bbox 3011 2624 3309 2680; x_wconf 87' lang='lat' dir='ltr'>advocatis</span> <span class='ocrx_word' id='word_1_570' title='bbox 3340 2640 3463 2681; x_wconf 72' lang='lat' dir='ltr'>suae</span> <span class='ocrx_word' id='word_1_571' title='bbox 3487 2628 3682 2697; x_wconf 85' lang='lat' dir='ltr'>gentis</span> <span class='ocrx_word' id='word_1_572' title='bbox 3721 2646 3807 2684; x_wconf 87' lang='lat' dir='ltr'>se-</span> 
     </span>
    </p>
   </div>
   <div class='ocr_carea' id='block_1_86' title="bbox 2174 2710 3806 2784">
    <p class='ocr_par' dir='ltr' id='par_1_86' title="bbox 2174 2710 3806 2784">
     <span class='ocr_line' id='line_1_86' title="bbox 2174 2710 3806 2784; baseline 0.004 -19"><span class='ocrx_word' id='word_1_573' title='bbox 2174 2710 2456 2777; x_wconf 88' lang='lat' dir='ltr'>nioribus,</span> <span class='ocrx_word' id='word_1_574' title='bbox 2490 2711 2785 2779; x_wconf 82' lang='lat' dir='ltr'>quaerebat</span> <span class='ocrx_word' id='word_1_575' title='bbox 2835 2712 2970 2780; x_wconf 90' lang='lat' dir='ltr'>quid</span> <span class='ocrx_word' id='word_1_576' title='bbox 3025 2712 3128 2766; x_wconf 91' lang='lat' dir='ltr'>hoc</span> <span class='ocrx_word' id='word_1_577' title='bbox 3181 2727 3349 2768; x_wconf 89' lang='lat' dir='ltr'>corvo</span> <span class='ocrx_word' id='word_1_578' title='bbox 3399 2721 3656 2784; x_wconf 87' lang='lat' dir='ltr'>agerent.</span> <span class='ocrx_word' id='word_1_579' title='bbox 3692 2717 3806 2771; x_wconf 88' lang='lat' dir='ltr'>Pri-</span> 
     </span>
    </p>
   </div>
   <div class='ocr_carea' id='block_1_87' title="bbox 2174 2798 3804 2873">
    <p class='ocr_par' dir='ltr' id='par_1_87' title="bbox 2174 2798 3804 2873">
     <span class='ocr_line' id='line_1_87' title="bbox 2174 2798 3804 2873; baseline 0.003 -21"><span class='ocrx_word' id='word_1_580' title='bbox 2174 2798 2617 2863; x_wconf 86' lang='lat' dir='ltr'>mus,omnium</span> <span class='ocrx_word' id='word_1_581' title='bbox 2644 2798 3159 2868; x_wconf 86' lang='lat' dir='ltr'>prudentissimus,</span> <span class='ocrx_word' id='word_1_582' title='bbox 3217 2800 3543 2867; x_wconf 88' lang='lat' dir='ltr'>Occidatur,</span> <span class='ocrx_word' id='word_1_583' title='bbox 3592 2803 3804 2873; x_wconf 85' lang='lat' dir='ltr'>inquit,</span> 
     </span>
    </p>
   </div>
   <div class='ocr_carea' id='block_1_88' title="bbox 2173 2886 3805 2961">
    <p class='ocr_par' dir='ltr' id='par_1_88' title="bbox 2173 2886 3805 2961">
     <span class='ocr_line' id='line_1_88' title="bbox 2173 2886 3805 2961; baseline 0.002 -19"><span class='ocrx_word' id='word_1_584' title='bbox 2173 2886 2369 2942; x_wconf 86' lang='lat' dir='ltr'>statim</span> <span class='ocrx_word' id='word_1_585' title='bbox 2399 2902 2410 2940; x_wconf 91' lang='lat'><strong>:</strong></span> <span class='ocrx_word' id='word_1_586' title='bbox 2437 2890 2716 2955; x_wconf 70' lang='lat' dir='ltr'>suspecta:</span> <span class='ocrx_word' id='word_1_587' title='bbox 2739 2891 2879 2940; x_wconf 89' lang='lat' dir='ltr'>sunt</span> <span class='ocrx_word' id='word_1_588' title='bbox 2903 2893 3057 2942; x_wconf 87' lang='lat' dir='ltr'>artes</span> <span class='ocrx_word' id='word_1_589' title='bbox 3089 2887 3645 2961; x_wconf 71' lang='lat' dir='ltr'>hostium,prtesagit</span> <span class='ocrx_word' id='word_1_590' title='bbox 3666 2892 3805 2946; x_wconf 89' lang='lat' dir='ltr'>mihi</span> 
     </span>
    </p>
   </div>
   <div class='ocr_carea' id='block_1_89' title="bbox 2173 2974 3807 3048">
    <p class='ocr_par' dir='ltr' id='par_1_89' title="bbox 2173 2974 3807 3048">
     <span class='ocr_line' id='line_1_89' title="bbox 2173 2974 3807 3048; baseline 0.001 -19"><span class='ocrx_word' id='word_1_591' title='bbox 2173 2976 2400 3029; x_wconf 84' lang='lat' dir='ltr'>animus</span> <span class='ocrx_word' id='word_1_592' title='bbox 2433 2975 2709 3045; x_wconf 87' lang='lat' dir='ltr'>grandem</span> <span class='ocrx_word' id='word_1_593' title='bbox 2738 2974 2808 3028; x_wconf 90' lang='lat' dir='ltr'>ab</span> <span class='ocrx_word' id='word_1_594' title='bbox 2843 2975 2947 3030; x_wconf 87' lang='lat' dir='ltr'>hoc</span> <span class='ocrx_word' id='word_1_595' title='bbox 2980 2991 3095 3029; x_wconf 91' lang='lat' dir='ltr'>non</span> <span class='ocrx_word' id='word_1_596' title='bbox 3139 2992 3272 3030; x_wconf 90' lang='lat' dir='ltr'>vero</span> <span class='ocrx_word' id='word_1_597' title='bbox 3321 2977 3583 3047; x_wconf 85' lang='lat' dir='ltr'>supplice</span> <span class='ocrx_word' id='word_1_598' title='bbox 3617 2979 3807 3048; x_wconf 81' lang='lat' dir='ltr'>perni-</span> 
     </span>
    </p>
   </div>
   <div class='ocr_carea' id='block_1_90' title="bbox 2173 3062 3802 3135">
    <p class='ocr_par' dir='ltr' id='par_1_90' title="bbox 2173 3062 3802 3135">
     <span class='ocr_line' id='line_1_90' title="bbox 2173 3062 3802 3135; baseline 0.002 -19"><span class='ocrx_word' id='word_1_599' title='bbox 2173 3064 2336 3118; x_wconf 85' lang='lat' dir='ltr'>ciem.</span> <span class='ocrx_word' id='word_1_600' title='bbox 2371 3064 2496 3117; x_wconf 86' lang='lat' dir='ltr'>Scio</span> <span class='ocrx_word' id='word_1_601' title='bbox 2529 3062 2587 3116; x_wconf 91' lang='lat' dir='ltr'>in</span> <span class='ocrx_word' id='word_1_602' title='bbox 2619 3063 2826 3133; x_wconf 87' lang='lat' dir='ltr'>primis</span> <span class='ocrx_word' id='word_1_603' title='bbox 2858 3067 2913 3116; x_wconf 89' lang='lat' dir='ltr'>et</span> <span class='ocrx_word' id='word_1_604' title='bbox 2972 3064 3235 3133; x_wconf 81' lang='lat' dir='ltr'>plurimae</span> <span class='ocrx_word' id='word_1_605' title='bbox 3285 3066 3439 3135; x_wconf 89' lang='lat' dir='ltr'>apud</span> <span class='ocrx_word' id='word_1_606' title='bbox 3490 3080 3627 3120; x_wconf 89' lang='lat' dir='ltr'>suos</span> <span class='ocrx_word' id='word_1_607' title='bbox 3669 3066 3802 3121; x_wconf 81' lang='lat' dir='ltr'>ï¬dei</span> 
     </span>
    </p>
   </div>
   <div class='ocr_carea' id='block_1_91' title="bbox 2175 3149 3808 3222">
    <p class='ocr_par' dir='ltr' id='par_1_91' title="bbox 2175 3149 3808 3222">
     <span class='ocr_line' id='line_1_91' title="bbox 2175 3149 3808 3222; baseline 0.002 -18"><span class='ocrx_word' id='word_1_608' title='bbox 2175 3155 2586 3217; x_wconf 85' lang='lat' dir='ltr'>numeratum;</span> <span class='ocrx_word' id='word_1_609' title='bbox 2622 3154 2722 3205; x_wconf 89' lang='lat' dir='ltr'>aut</span> <span class='ocrx_word' id='word_1_610' title='bbox 2752 3149 2917 3204; x_wconf 88' lang='lat' dir='ltr'>valde</span> <span class='ocrx_word' id='word_1_611' title='bbox 2947 3150 3244 3216; x_wconf 88' lang='lat' dir='ltr'>fallor,aut</span> <span class='ocrx_word' id='word_1_612' title='bbox 3265 3152 3491 3222; x_wconf 72' lang='lat' dir='ltr'>ipsidiae</span> <span class='ocrx_word' id='word_1_613' title='bbox 3512 3153 3634 3207; x_wconf 57' lang='lat' dir='ltr'>ista:</span> <span class='ocrx_word' id='word_1_614' title='bbox 3666 3159 3808 3207; x_wconf 88' lang='lat' dir='ltr'>sunt</span> 
     </span>
    </p>
   </div>
   <div class='ocr_carea' id='block_1_92' title="bbox 2178 3238 3804 3309">
    <p class='ocr_par' dir='ltr' id='par_1_92' title="bbox 2178 3238 3804 3309">
     <span class='ocr_line' id='line_1_92' title="bbox 2178 3238 3804 3309; baseline 0.003 -18"><span class='ocrx_word' id='word_1_615' title='bbox 2178 3238 2566 3294; x_wconf 87' lang='lat' dir='ltr'>machinantis</span> <span class='ocrx_word' id='word_1_616' title='bbox 2598 3238 2791 3293; x_wconf 82' lang='lat' dir='ltr'>infesti</span> <span class='ocrx_word' id='word_1_617' title='bbox 2822 3238 3123 3309; x_wconf 86' lang='lat' dir='ltr'>quidpiam</span> <span class='ocrx_word' id='word_1_618' title='bbox 3149 3240 3205 3293; x_wconf 92' lang='lat' dir='ltr'>in</span> <span class='ocrx_word' id='word_1_619' title='bbox 3230 3254 3411 3309; x_wconf 90' lang='lat' dir='ltr'>genus</span> <span class='ocrx_word' id='word_1_620' title='bbox 3442 3243 3804 3296; x_wconf 86' lang='lat' dir='ltr'>nostrum.in</span> 
     </span>
    </p>
   </div>
   <div class='ocr_carea' id='block_1_93' title="bbox 2172 3325 3804 3399">
    <p class='ocr_par' dir='ltr' id='par_1_93' title="bbox 2172 3325 3804 3399">
     <span class='ocr_line' id='line_1_93' title="bbox 2172 3325 3804 3399; baseline 0.001 -18"><span class='ocrx_word' id='word_1_621' title='bbox 2172 3343 2405 3381; x_wconf 88' lang='lat' dir='ltr'>summa</span> <span class='ocrx_word' id='word_1_622' title='bbox 2436 3325 2576 3397; x_wconf 92' lang='lat' dir='ltr'>quid</span> <span class='ocrx_word' id='word_1_623' title='bbox 2611 3327 2910 3397; x_wconf 86' lang='lat' dir='ltr'>perdimus</span> <span class='ocrx_word' id='word_1_624' title='bbox 2954 3343 3020 3381; x_wconf 91' lang='lat' dir='ltr'>eo</span> <span class='ocrx_word' id='word_1_625' title='bbox 3075 3326 3444 3392; x_wconf 85' lang='lat' dir='ltr'>trucidando,</span> <span class='ocrx_word' id='word_1_626' title='bbox 3497 3331 3595 3383; x_wconf 91' lang='lat' dir='ltr'>aut</span> <span class='ocrx_word' id='word_1_627' title='bbox 3625 3346 3804 3399; x_wconf 90' lang='lat' dir='ltr'>qnam</span> 
     </span>
    </p>
   </div>
   <div class='ocr_carea' id='block_1_94' title="bbox 2172 3414 3801 3488">
    <p class='ocr_par' dir='ltr' id='par_1_94' title="bbox 2172 3414 3801 3488">
     <span class='ocr_line' id='line_1_94' title="bbox 2172 3414 3801 3488; baseline 0.001 -19"><span class='ocrx_word' id='word_1_628' title='bbox 2172 3417 2241 3469; x_wconf 90' lang='lat' dir='ltr'>ad</span> <span class='ocrx_word' id='word_1_629' title='bbox 2278 3432 2397 3470; x_wconf 86' lang='lat' dir='ltr'>rem</span> <span class='ocrx_word' id='word_1_630' title='bbox 2430 3430 2670 3485; x_wconf 90' lang='lat' dir='ltr'>egemus</span> <span class='ocrx_word' id='word_1_631' title='bbox 2718 3414 2895 3484; x_wconf 90' lang='lat' dir='ltr'>hujus</span> <span class='ocrx_word' id='word_1_632' title='bbox 2929 3430 3105 3485; x_wconf 87' lang='lat' dir='ltr'>opera</span> <span class='ocrx_word' id='word_1_633' title='bbox 3153 3416 3463 3471; x_wconf 89' lang='lat' dir='ltr'>seminecis</span> <span class='ocrx_word' id='word_1_634' title='bbox 3494 3417 3521 3470; x_wconf 85' lang='lat'><strong><em>?</em></strong></span> <span class='ocrx_word' id='word_1_635' title='bbox 3550 3422 3608 3470; x_wconf 90' lang='lat' dir='ltr'>at</span> <span class='ocrx_word' id='word_1_636' title='bbox 3636 3419 3801 3488; x_wconf 82' lang='lat' dir='ltr'>gravi</span> 
     </span>
    </p>
   </div>
   <div class='ocr_carea' id='block_1_95' title="bbox 2169 3500 3799 3575">
    <p class='ocr_par' dir='ltr' id='par_1_95' title="bbox 2169 3500 3799 3575">
     <span class='ocr_line' id='line_1_95' title="bbox 2169 3500 3799 3575; baseline 0.001 -18"><span class='ocrx_word' id='word_1_637' title='bbox 2169 3501 2501 3574; x_wconf 84' lang='lat' dir='ltr'>suspicione</span> <span class='ocrx_word' id='word_1_638' title='bbox 2534 3500 2907 3573; x_wconf 88' lang='lat' dir='ltr'>periculoque</span> <span class='ocrx_word' id='word_1_639' title='bbox 2938 3501 3229 3556; x_wconf 63' lang='lat' dir='ltr'>intestina:</span> <span class='ocrx_word' id='word_1_640' title='bbox 3262 3503 3485 3558; x_wconf 82' lang='lat' dir='ltr'>fraudis</span> <span class='ocrx_word' id='word_1_641' title='bbox 3508 3505 3578 3558; x_wconf 90' lang='lat' dir='ltr'>ab</span> <span class='ocrx_word' id='word_1_642' title='bbox 3604 3505 3799 3575; x_wconf 50' lang='lat' dir='ltr'>exple-</span> 
     </span>
    </p>
   </div>
   <div class='ocr_carea' id='block_1_96' title="bbox 2168 3586 3799 3660">
    <p class='ocr_par' dir='ltr' id='par_1_96' title="bbox 2168 3586 3799 3660">
     <span class='ocr_line' id='line_1_96' title="bbox 2168 3586 3799 3660; baseline 0.001 -15"><span class='ocrx_word' id='word_1_643' title='bbox 2168 3596 2356 3646; x_wconf 89' lang='lat' dir='ltr'>ratore</span> <span class='ocrx_word' id='word_1_644' title='bbox 2384 3589 2672 3660; x_wconf 89' lang='lat' dir='ltr'>versipelli</span> <span class='ocrx_word' id='word_1_645' title='bbox 2701 3589 2849 3643; x_wconf 88' lang='lat' dir='ltr'>clam</span> <span class='ocrx_word' id='word_1_646' title='bbox 2882 3589 3241 3645; x_wconf 73' lang='lat' dir='ltr'>instruendae</span> <span class='ocrx_word' id='word_1_647' title='bbox 3270 3589 3370 3645; x_wconf 87' lang='lat' dir='ltr'>illo</span> <span class='ocrx_word' id='word_1_648' title='bbox 3403 3586 3661 3646; x_wconf 84' lang='lat' dir='ltr'>tollendo</span> <span class='ocrx_word' id='word_1_649' title='bbox 3694 3595 3799 3647; x_wconf 90' lang='lat' dir='ltr'>de-</span> 
     </span>
    </p>
   </div>
   <div class='ocr_carea' id='block_1_97' title="bbox 2166 3678 3801 3751">
    <p class='ocr_par' dir='ltr' id='par_1_97' title="bbox 2166 3678 3801 3751">
     <span class='ocr_line' id='line_1_97' title="bbox 2166 3678 3801 3751; baseline 0.001 -17"><span class='ocrx_word' id='word_1_650' title='bbox 2166 3680 2486 3750; x_wconf 86' lang='lat' dir='ltr'>fungimur.</span> <span class='ocrx_word' id='word_1_651' title='bbox 2521 3680 2682 3750; x_wconf 64' lang='lat' dir='ltr'>Saepe</span> <span class='ocrx_word' id='word_1_652' title='bbox 2713 3678 2812 3748; x_wconf 93' lang='lat' dir='ltr'>qui</span> <span class='ocrx_word' id='word_1_653' title='bbox 2845 3678 2996 3733; x_wconf 84' lang='lat' dir='ltr'>hesti</span> <span class='ocrx_word' id='word_1_654' title='bbox 3031 3680 3288 3749; x_wconf 88' lang='lat' dir='ltr'>pepercit</span> <span class='ocrx_word' id='word_1_655' title='bbox 3324 3679 3558 3735; x_wconf 75' lang='lat' dir='ltr'>inï¬rmo</span> <span class='ocrx_word' id='word_1_656' title='bbox 3588 3682 3801 3751; x_wconf 84' lang='lat' dir='ltr'>depre-</span> 
     </span>
    </p>
   </div>
   <div class='ocr_carea' id='block_1_98' title="bbox 2163 3767 3799 3832">
    <p class='ocr_par' dir='ltr' id='par_1_98' title="bbox 2163 3767 3799 3832">
     <span class='ocr_line' id='line_1_98' title="bbox 2163 3767 3799 3832; baseline 0.002 -11"><span class='ocrx_word' id='word_1_657' title='bbox 2163 3768 2447 3832; x_wconf 85' lang='lat' dir='ltr'>henso,ab</span> <span class='ocrx_word' id='word_1_658' title='bbox 2477 3768 2679 3822; x_wconf 89' lang='lat' dir='ltr'>eodem</span> <span class='ocrx_word' id='word_1_659' title='bbox 2712 3783 2873 3821; x_wconf 88' lang='lat' dir='ltr'>mora</span> <span class='ocrx_word' id='word_1_660' title='bbox 2906 3767 3137 3822; x_wconf 90' lang='lat' dir='ltr'>indulta</span> <span class='ocrx_word' id='word_1_661' title='bbox 3166 3767 3799 3831; x_wconf 85' lang='lat' dir='ltr'>revalescente,trium-</span> 
     </span>
    </p>
   </div>
   <div class='ocr_carea' id='block_1_99' title="bbox 2162 3853 3803 3926">
    <p class='ocr_par' dir='ltr' id='par_1_99' title="bbox 2162 3853 3803 3926">
     <span class='ocr_line' id='line_1_99' title="bbox 2162 3853 3803 3926; baseline 0.002 -17"><span class='ocrx_word' id='word_1_662' title='bbox 2162 3856 2395 3926; x_wconf 77' lang='lat' dir='ltr'>pliatus,</span> <span class='ocrx_word' id='word_1_663' title='bbox 2430 3871 2559 3909; x_wconf 85' lang='lat' dir='ltr'>sero</span> <span class='ocrx_word' id='word_1_664' title='bbox 2590 3855 2849 3925; x_wconf 87' lang='lat' dir='ltr'>gemuit;</span> <span class='ocrx_word' id='word_1_665' title='bbox 2884 3853 3209 3909; x_wconf 90' lang='lat' dir='ltr'>trucidatus</span> <span class='ocrx_word' id='word_1_666' title='bbox 3238 3855 3436 3923; x_wconf 88' lang='lat' dir='ltr'>etiam,</span> <span class='ocrx_word' id='word_1_667' title='bbox 3472 3858 3803 3926; x_wconf 88' lang='lat' dir='ltr'>ignominia</span> 
     </span>
    </p>
   </div>
   <div class='ocr_carea' id='block_1_100' title="bbox 2164 3942 3802 4013">
    <p class='ocr_par' dir='ltr' id='par_1_100' title="bbox 2164 3942 3802 4013">
     <span class='ocr_line' id='line_1_100' title="bbox 2164 3942 3802 4013; baseline 0.002 -17"><span class='ocrx_word' id='word_1_668' title='bbox 2164 3947 2407 3997; x_wconf 88' lang='lat' dir='ltr'>mortem</span> <span class='ocrx_word' id='word_1_669' title='bbox 2435 3942 2776 4007; x_wconf 88' lang='lat' dir='ltr'>cumulavit,</span> <span class='ocrx_word' id='word_1_670' title='bbox 2812 3943 2977 3996; x_wconf 82' lang='lat' dir='ltr'>famae</span> <span class='ocrx_word' id='word_1_671' title='bbox 3010 3942 3226 4013; x_wconf 88' lang='lat' dir='ltr'>pariter</span> <span class='ocrx_word' id='word_1_672' title='bbox 3255 3958 3319 3997; x_wconf 85' lang='lat' dir='ltr'>ac</span> <span class='ocrx_word' id='word_1_673' title='bbox 3350 3944 3477 3997; x_wconf 68' lang='lat' dir='ltr'>vita:</span> <span class='ocrx_word' id='word_1_674' title='bbox 3501 3946 3802 4012; x_wconf 88' lang='lat' dir='ltr'>jacturam</span> 
     </span>
    </p>
   </div>
   <div class='ocr_carea' id='block_1_101' title="bbox 2163 4028 3806 4103">
    <p class='ocr_par' dir='ltr' id='par_1_101' title="bbox 2163 4028 3806 4103">
     <span class='ocr_line' id='line_1_101' title="bbox 2163 4028 3806 4103; baseline 0.001 -18"><span class='ocrx_word' id='word_1_675' title='bbox 2163 4030 2632 4101; x_wconf 89' lang='lat' dir='ltr'>patiens,quippe</span> <span class='ocrx_word' id='word_1_676' title='bbox 2663 4029 2958 4099; x_wconf 82' lang='lat' dir='ltr'>iudicatus</span> <span class='ocrx_word' id='word_1_677' title='bbox 2985 4028 3158 4099; x_wconf 88' lang='lat' dir='ltr'>culpa</span> <span class='ocrx_word' id='word_1_678' title='bbox 3179 4046 3287 4085; x_wconf 91' lang='lat' dir='ltr'>sua</span> <span class='ocrx_word' id='word_1_679' title='bbox 3310 4031 3680 4103; x_wconf 86' lang='lat' dir='ltr'>stultitiaque</span> <span class='ocrx_word' id='word_1_680' title='bbox 3703 4049 3806 4103; x_wconf 87' lang='lat' dir='ltr'>pe-</span> 
     </span>
    </p>
   </div>
   <div class='ocr_carea' id='block_1_102' title="bbox 2163 4117 3804 4187">
    <p class='ocr_par' dir='ltr' id='par_1_102' title="bbox 2163 4117 3804 4187">
     <span class='ocr_line' id='line_1_102' title="bbox 2163 4117 3804 4187; baseline 0.002 -16"><span class='ocrx_word' id='word_1_681' title='bbox 2163 4118 2351 4173; x_wconf 86' lang='lat' dir='ltr'>riisse.</span> <span class='ocrx_word' id='word_1_682' title='bbox 2387 4118 2643 4172; x_wconf 88' lang='lat' dir='ltr'>Mitiores</span> <span class='ocrx_word' id='word_1_683' title='bbox 2676 4117 2773 4171; x_wconf 91' lang='lat' dir='ltr'>alii</span> <span class='ocrx_word' id='word_1_684' title='bbox 2804 4122 2924 4171; x_wconf 89' lang='lat' dir='ltr'>tres</span> <span class='ocrx_word' id='word_1_685' title='bbox 2970 4122 3293 4187; x_wconf 88' lang='lat' dir='ltr'>quatuorve</span> <span class='ocrx_word' id='word_1_686' title='bbox 3339 4120 3660 4175; x_wconf 81' lang='lat' dir='ltr'>sententias</span> <span class='ocrx_word' id='word_1_687' title='bbox 3706 4122 3804 4174; x_wconf 81' lang='lat' dir='ltr'>di-</span> 
     </span>
    </p>
   </div>
   <div class='ocr_carea' id='block_1_103' title="bbox 2159 4206 3807 4278">
    <p class='ocr_par' dir='ltr' id='par_1_103' title="bbox 2159 4206 3807 4278">
     <span class='ocr_line' id='line_1_103' title="bbox 2159 4206 3807 4278; baseline 0.002 -18"><span class='ocrx_word' id='word_1_688' title='bbox 2159 4210 2388 4273; x_wconf 85' lang='lat' dir='ltr'>xerunt,</span> <span class='ocrx_word' id='word_1_689' title='bbox 2422 4212 2479 4261; x_wconf 88' lang='lat' dir='ltr'>et</span> <span class='ocrx_word' id='word_1_690' title='bbox 2508 4206 2633 4260; x_wconf 81' lang='lat' dir='ltr'>fuse</span> <span class='ocrx_word' id='word_1_691' title='bbox 2673 4206 3002 4260; x_wconf 89' lang='lat' dir='ltr'>disseruere</span> <span class='ocrx_word' id='word_1_692' title='bbox 3032 4222 3133 4275; x_wconf 91' lang='lat' dir='ltr'>pro</span> <span class='ocrx_word' id='word_1_693' title='bbox 3164 4220 3226 4261; x_wconf 89' lang='lat' dir='ltr'>se</span> <span class='ocrx_word' id='word_1_694' title='bbox 3247 4207 3500 4277; x_wconf 88' lang='lat' dir='ltr'>quisque</span> <span class='ocrx_word' id='word_1_695' title='bbox 3535 4225 3549 4262; x_wconf 90' lang='lat'><strong><em>:</em></strong></span> <span class='ocrx_word' id='word_1_696' title='bbox 3582 4209 3807 4278; x_wconf 86' lang='lat' dir='ltr'>quibus</span> 
     </span>
    </p>
   </div>
   <div class='ocr_carea' id='block_1_104' title="bbox 2161 4293 3805 4365">
    <p class='ocr_par' dir='ltr' id='par_1_104' title="bbox 2161 4293 3805 4365">
     <span class='ocr_line' id='line_1_104' title="bbox 2161 4293 3805 4365; baseline 0.002 -17"><span class='ocrx_word' id='word_1_697' title='bbox 2161 4296 2395 4349; x_wconf 89' lang='lat' dir='ltr'>tandem</span> <span class='ocrx_word' id='word_1_698' title='bbox 2430 4295 2723 4350; x_wconf 86' lang='lat' dir='ltr'>emollitns</span> <span class='ocrx_word' id='word_1_699' title='bbox 2754 4311 2872 4361; x_wconf 83' lang='lat' dir='ltr'>rex,</span> <span class='ocrx_word' id='word_1_700' title='bbox 2903 4293 3091 4348; x_wconf 89' lang='lat' dir='ltr'>vivere</span> <span class='ocrx_word' id='word_1_701' title='bbox 3123 4293 3299 4348; x_wconf 89' lang='lat' dir='ltr'>illum</span> <span class='ocrx_word' id='word_1_702' title='bbox 3330 4294 3482 4349; x_wconf 86' lang='lat' dir='ltr'>inter</span> <span class='ocrx_word' id='word_1_703' title='bbox 3518 4299 3805 4365; x_wconf 82' lang='lat' dir='ltr'>suosjus-</span> 
     </span>
    </p>
   </div>
   <div class='ocr_carea' id='block_1_105' title="bbox 2161 4382 3806 4453">
    <p class='ocr_par' dir='ltr' id='par_1_105' title="bbox 2161 4382 3806 4453">
     <span class='ocr_line' id='line_1_105' title="bbox 2161 4382 3806 4453; baseline -0.001 -14"><span class='ocrx_word' id='word_1_704' title='bbox 2161 4384 2237 4439; x_wconf 88' lang='lat' dir='ltr'>sit</span> <span class='ocrx_word' id='word_1_705' title='bbox 2268 4384 2538 4438; x_wconf 88' lang='lat' dir='ltr'>liberum.</span> <span class='ocrx_word' id='word_1_706' title='bbox 2574 4382 3012 4453; x_wconf 87' lang='lat' dir='ltr'>Recipientibus</span> <span class='ocrx_word' id='word_1_707' title='bbox 3050 4397 3185 4451; x_wconf 83' lang='lat' dir='ltr'>ergo</span> <span class='ocrx_word' id='word_1_708' title='bbox 3231 4396 3295 4436; x_wconf 91' lang='lat' dir='ltr'>se</span> <span class='ocrx_word' id='word_1_709' title='bbox 3343 4382 3403 4436; x_wconf 92' lang='lat' dir='ltr'>in</span> <span class='ocrx_word' id='word_1_710' title='bbox 3455 4385 3806 4453; x_wconf 79' lang='lat' dir='ltr'>speluncam</span> 
     </span>
    </p>
   </div>
   <div class='ocr_carea' id='block_1_106' title="bbox 2161 4469 3806 4540">
    <p class='ocr_par' dir='ltr' id='par_1_106' title="bbox 2161 4469 3806 4540">
     <span class='ocr_line' id='line_1_106' title="bbox 2161 4469 3806 4540; baseline 0.001 -15"><span class='ocrx_word' id='word_1_711' title='bbox 2161 4488 2328 4526; x_wconf 85' lang='lat' dir='ltr'>suam</span> <span class='ocrx_word' id='word_1_712' title='bbox 2374 4471 2603 4526; x_wconf 90' lang='lat' dir='ltr'>noctuis</span> <span class='ocrx_word' id='word_1_713' title='bbox 2654 4471 2954 4524; x_wconf 89' lang='lat' dir='ltr'>immistus</span> <span class='ocrx_word' id='word_1_714' title='bbox 3003 4485 3232 4537; x_wconf 90' lang='lat' dir='ltr'>corvus,</span> <span class='ocrx_word' id='word_1_715' title='bbox 3282 4469 3501 4540; x_wconf 89' lang='lat' dir='ltr'>aliquot</span> <span class='ocrx_word' id='word_1_716' title='bbox 3546 4471 3623 4525; x_wconf 88' lang='lat' dir='ltr'>ibi</span> <span class='ocrx_word' id='word_1_717' title='bbox 3675 4472 3806 4527; x_wconf 82' lang='lat' dir='ltr'>dies</span> 
     </span>
    </p>
   </div>
   <div class='ocr_carea' id='block_1_107' title="bbox 2160 4557 3806 4631">
    <p class='ocr_par' dir='ltr' id='par_1_107' title="bbox 2160 4557 3806 4631">
     <span class='ocr_line' id='line_1_107' title="bbox 2160 4557 3806 4631; baseline 0 -16"><span class='ocrx_word' id='word_1_718' title='bbox 2160 4559 2468 4629; x_wconf 82' lang='lat' dir='ltr'>transigit;</span> <span class='ocrx_word' id='word_1_719' title='bbox 2502 4575 2604 4630; x_wconf 89' lang='lat' dir='ltr'>per</span> <span class='ocrx_word' id='word_1_720' title='bbox 2633 4574 2780 4628; x_wconf 90' lang='lat' dir='ltr'>quos</span> <span class='ocrx_word' id='word_1_721' title='bbox 2808 4557 3013 4612; x_wconf 90' lang='lat' dir='ltr'>multis</span> <span class='ocrx_word' id='word_1_722' title='bbox 3045 4557 3324 4612; x_wconf 81' lang='lat' dir='ltr'>aerumnis</span> <span class='ocrx_word' id='word_1_723' title='bbox 3356 4560 3667 4627; x_wconf 88' lang='lat' dir='ltr'>devoratis,</span> <span class='ocrx_word' id='word_1_724' title='bbox 3695 4576 3806 4631; x_wconf 87' lang='lat' dir='ltr'>pe-</span> 
     </span>
    </p>
   </div>
   <div class='ocr_carea' id='block_1_108' title="bbox 2163 4643 3806 4717">
    <p class='ocr_par' dir='ltr' id='par_1_108' title="bbox 2163 4643 3806 4717">
     <span class='ocr_line' id='line_1_108' title="bbox 2163 4643 3806 4717; baseline 0 -14"><span class='ocrx_word' id='word_1_725' title='bbox 2163 4647 2473 4716; x_wconf 81' lang='lat' dir='ltr'>riculisque</span> <span class='ocrx_word' id='word_1_726' title='bbox 2498 4662 2648 4717; x_wconf 60' lang='lat' dir='ltr'>aegre</span> <span class='ocrx_word' id='word_1_727' title='bbox 2676 4645 2874 4700; x_wconf 89' lang='lat' dir='ltr'>vitatis</span> <span class='ocrx_word' id='word_1_728' title='bbox 2905 4661 2938 4700; x_wconf 90' lang='lat' dir='ltr'>a</span> <span class='ocrx_word' id='word_1_729' title='bbox 2968 4643 3139 4716; x_wconf 88' lang='lat' dir='ltr'>primi</span> <span class='ocrx_word' id='word_1_730' title='bbox 3184 4645 3489 4716; x_wconf 88' lang='lat' dir='ltr'>senatoris,</span> <span class='ocrx_word' id='word_1_731' title='bbox 3523 4649 3806 4703; x_wconf 82' lang='lat' dir='ltr'>occiden-</span> 
     </span>
    </p>
   </div>
   <div class='ocr_carea' id='block_1_109' title="bbox 2163 4732 3805 4806">
    <p class='ocr_par' dir='ltr' id='par_1_109' title="bbox 2163 4732 3805 4806">
     <span class='ocr_line' id='line_1_109' title="bbox 2163 4732 3805 4806; baseline -0.001 -14"><span class='ocrx_word' id='word_1_732' title='bbox 2163 4739 2301 4792; x_wconf 88' lang='lat' dir='ltr'>dum</span> <span class='ocrx_word' id='word_1_733' title='bbox 2337 4751 2569 4791; x_wconf 90' lang='lat' dir='ltr'>corvum</span> <span class='ocrx_word' id='word_1_734' title='bbox 2602 4735 2914 4803; x_wconf 88' lang='lat' dir='ltr'>censentis,</span> <span class='ocrx_word' id='word_1_735' title='bbox 2948 4732 3208 4804; x_wconf 90' lang='lat' dir='ltr'>quotidie</span> <span class='ocrx_word' id='word_1_736' title='bbox 3251 4734 3476 4789; x_wconf 88' lang='lat' dir='ltr'>iteratis</span> <span class='ocrx_word' id='word_1_737' title='bbox 3506 4738 3661 4806; x_wconf 91' lang='lat' dir='ltr'>apud</span> <span class='ocrx_word' id='word_1_738' title='bbox 3692 4738 3805 4791; x_wconf 82' lang='lat' dir='ltr'>Ar-</span> 
     </span>
    </p>
   </div>
   <div class='ocr_carea' id='block_1_110' title="bbox 2162 4820 3808 4896">
    <p class='ocr_par' dir='ltr' id='par_1_110' title="bbox 2162 4820 3808 4896">
     <span class='ocr_line' id='line_1_110' title="bbox 2162 4820 3808 4896; baseline -0.001 -15"><span class='ocrx_word' id='word_1_739' title='bbox 2162 4826 2547 4881; x_wconf 89' lang='lat' dir='ltr'>chibubonem</span> <span class='ocrx_word' id='word_1_740' title='bbox 2579 4822 2918 4891; x_wconf 85' lang='lat' dir='ltr'>instantiis;</span> <span class='ocrx_word' id='word_1_741' title='bbox 2952 4820 3515 4892; x_wconf 82' lang='lat' dir='ltr'>tandem,explorata</span> <span class='ocrx_word' id='word_1_742' title='bbox 3544 4823 3808 4896; x_wconf 86' lang='lat' dir='ltr'>diligen-</span> 
     </span>
    </p>
   </div>
   <div class='ocr_carea' id='block_1_111' title="bbox 2163 4911 3806 4980">
    <p class='ocr_par' dir='ltr' id='par_1_111' title="bbox 2163 4911 3806 4980">
     <span class='ocr_line' id='line_1_111' title="bbox 2163 4911 3806 4980; baseline -0.001 -12"><span class='ocrx_word' id='word_1_743' title='bbox 2163 4918 2250 4970; x_wconf 88' lang='lat' dir='ltr'>ter</span> <span class='ocrx_word' id='word_1_744' title='bbox 2279 4915 2461 4968; x_wconf 88' lang='lat' dir='ltr'>forma</span> <span class='ocrx_word' id='word_1_745' title='bbox 2491 4927 2747 4968; x_wconf 65' lang='lat' dir='ltr'>cavernae</span> <span class='ocrx_word' id='word_1_746' title='bbox 2778 4916 3147 4975; x_wconf 88' lang='lat' dir='ltr'>noctuarum,</span> <span class='ocrx_word' id='word_1_747' title='bbox 3176 4911 3512 4980; x_wconf 85' lang='lat' dir='ltr'>certusjam</span> <span class='ocrx_word' id='word_1_748' title='bbox 3564 4912 3806 4968; x_wconf 88' lang='lat' dir='ltr'>consilii</span> 
     </span>
    </p>
   </div>
   <div class='ocr_carea' id='block_1_112' title="bbox 2163 4998 3805 5073">
    <p class='ocr_par' dir='ltr' id='par_1_112' title="bbox 2163 4998 3805 5073">
     <span class='ocr_line' id='line_1_112' title="bbox 2163 4998 3805 5073; baseline 0 -17"><span class='ocrx_word' id='word_1_749' title='bbox 2163 5004 2314 5056; x_wconf 91' lang='lat' dir='ltr'>viam</span> <span class='ocrx_word' id='word_1_750' title='bbox 2348 5000 2843 5073; x_wconf 75' lang='lat' dir='ltr'>eXpeditissimam</span> <span class='ocrx_word' id='word_1_751' title='bbox 2893 5000 2963 5054; x_wconf 88' lang='lat' dir='ltr'>ad</span> <span class='ocrx_word' id='word_1_752' title='bbox 3000 4998 3411 5053; x_wconf 85' lang='lat' dir='ltr'>debellandum</span> <span class='ocrx_word' id='word_1_753' title='bbox 3460 5002 3805 5069; x_wconf 87' lang='lat' dir='ltr'>pandentis,</span> 
     </span>
    </p>
   </div>
   <div class='ocr_carea' id='block_1_113' title="bbox 2165 5086 3803 5161">
    <p class='ocr_par' dir='ltr' id='par_1_113' title="bbox 2165 5086 3803 5161">
     <span class='ocr_line' id='line_1_113' title="bbox 2165 5086 3803 5161; baseline -0.009 -15"><span class='ocrx_word' id='word_1_754' title='bbox 2165 5094 2232 5146; x_wconf 86' lang='lat' dir='ltr'>ad</span> <span class='ocrx_word' id='word_1_755' title='bbox 2267 5108 2427 5158; x_wconf 88' lang='lat' dir='ltr'>suos,</span> <span class='ocrx_word' id='word_1_756' title='bbox 2462 5090 2709 5160; x_wconf 85' lang='lat' dir='ltr'>receptis</span> <span class='ocrx_word' id='word_1_757' title='bbox 2740 5090 2917 5143; x_wconf 80' lang='lat' dir='ltr'>ferme</span> <span class='ocrx_word' id='word_1_758' title='bbox 2946 5086 3169 5141; x_wconf 90' lang='lat' dir='ltr'>viribus</span> <span class='ocrx_word' id='word_1_759' title='bbox 3201 5086 3507 5157; x_wconf 87' lang='lat' dir='ltr'>plagisque</span> <span class='ocrx_word' id='word_1_760' title='bbox 3538 5089 3638 5144; x_wconf 90' lang='lat' dir='ltr'>illo</span> <span class='ocrx_word' id='word_1_761' title='bbox 3661 5108 3803 5161; x_wconf 67' lang='grc' dir='ltr'>Î´ÏÎ±-</span> 
     </span>
    </p>
   </div>
   <div class='ocr_carea' id='block_1_114' title="bbox 2164 5174 3805 5247">
    <p class='ocr_par' dir='ltr' id='par_1_114' title="bbox 2164 5174 3805 5247">
     <span class='ocr_line' id='line_1_114' title="bbox 2164 5174 3805 5247; baseline -0.002 -11"><span class='ocrx_word' id='word_1_762' title='bbox 2164 5180 2245 5236; x_wconf 89' lang='lat' dir='ltr'>tio</span> <span class='ocrx_word' id='word_1_763' title='bbox 2276 5180 2514 5243; x_wconf 88' lang='lat' dir='ltr'>curatis,</span> <span class='ocrx_word' id='word_1_764' title='bbox 2548 5177 2874 5233; x_wconf 85' lang='lat' dir='ltr'>revertitur.</span> <span class='ocrx_word' id='word_1_765' title='bbox 2910 5175 3044 5229; x_wconf 82' lang='lat' dir='ltr'>Adit</span> <span class='ocrx_word' id='word_1_766' title='bbox 3081 5174 3351 5244; x_wconf 87' lang='lat' dir='ltr'>privatim</span> <span class='ocrx_word' id='word_1_767' title='bbox 3392 5192 3629 5247; x_wconf 82' lang='lat' dir='ltr'>regem;</span> <span class='ocrx_word' id='word_1_768' title='bbox 3659 5180 3805 5233; x_wconf 86' lang='lat' dir='ltr'>edo-</span> 
     </span>
    </p>
   </div>
   <div class='ocr_carea' id='block_1_115' title="bbox 2164 5262 3809 5337">
    <p class='ocr_par' dir='ltr' id='par_1_115' title="bbox 2164 5262 3809 5337">
     <span class='ocr_line' id='line_1_115' title="bbox 2164 5262 3809 5337; baseline -0.001 -15"><span class='ocrx_word' id='word_1_769' title='bbox 2164 5274 2251 5324; x_wconf 89' lang='lat' dir='ltr'>cet</span> <span class='ocrx_word' id='word_1_770' title='bbox 2280 5268 2635 5337; x_wconf 89' lang='lat' dir='ltr'>constipatas</span> <span class='ocrx_word' id='word_1_771' title='bbox 2666 5266 2930 5320; x_wconf 89' lang='lat' dir='ltr'>habitare</span> <span class='ocrx_word' id='word_1_772' title='bbox 2972 5267 3215 5318; x_wconf 88' lang='lat' dir='ltr'>noctuas</span> <span class='ocrx_word' id='word_1_773' title='bbox 3242 5262 3297 5316; x_wconf 89' lang='lat' dir='ltr'>iu</span> <span class='ocrx_word' id='word_1_774' title='bbox 3351 5268 3519 5319; x_wconf 87' lang='lat' dir='ltr'>antro</span> <span class='ocrx_word' id='word_1_775' title='bbox 3545 5266 3663 5321; x_wconf 90' lang='lat' dir='ltr'>oris</span> <span class='ocrx_word' id='word_1_776' title='bbox 3695 5284 3809 5320; x_wconf 88' lang='lat' dir='ltr'>an-</span> 
     </span>
    </p>
   </div>
   <div class='ocr_carea' id='block_1_116' title="bbox 2163 5350 3805 5425">
    <p class='ocr_par' dir='ltr' id='par_1_116' title="bbox 2163 5350 3805 5425">
     <span class='ocr_line' id='line_1_116' title="bbox 2163 5350 3805 5425; baseline -0.002 -14"><span class='ocrx_word' id='word_1_777' title='bbox 2163 5358 2338 5425; x_wconf 82' lang='lat' dir='ltr'>gusti,</span> <span class='ocrx_word' id='word_1_778' title='bbox 2374 5355 2601 5410; x_wconf 89' lang='lat' dir='ltr'>nnllum</span> <span class='ocrx_word' id='word_1_779' title='bbox 2631 5353 2857 5425; x_wconf 89' lang='lat' dir='ltr'>uspiam</span> <span class='ocrx_word' id='word_1_780' title='bbox 2890 5369 2924 5405; x_wconf 90' lang='lat' dir='ltr'>a</span> <span class='ocrx_word' id='word_1_781' title='bbox 2954 5355 3115 5421; x_wconf 88' lang='lat' dir='ltr'>tergo</span> <span class='ocrx_word' id='word_1_782' title='bbox 3148 5354 3251 5405; x_wconf 88' lang='lat' dir='ltr'>aut</span> <span class='ocrx_word' id='word_1_783' title='bbox 3280 5367 3313 5405; x_wconf 91' lang='lat' dir='ltr'>a</span> <span class='ocrx_word' id='word_1_784' title='bbox 3342 5350 3523 5407; x_wconf 90' lang='lat' dir='ltr'>latere</span> <span class='ocrx_word' id='word_1_785' title='bbox 3574 5354 3805 5409; x_wconf 83' lang='lat' dir='ltr'>exitum</span> 
     </span>
    </p>
   </div>
   <div class='ocr_carea' id='block_1_117' title="bbox 2162 5438 3804 5513">
    <p class='ocr_par' dir='ltr' id='par_1_117' title="bbox 2162 5438 3804 5513">
     <span class='ocr_line' id='line_1_117' title="bbox 2162 5438 3804 5513; baseline -0.002 -16"><span class='ocrx_word' id='word_1_786' title='bbox 2162 5446 2428 5499; x_wconf 75' lang='lat' dir='ltr'>habente.</span> <span class='ocrx_word' id='word_1_787' title='bbox 2463 5443 2609 5506; x_wconf 86' lang='lat' dir='ltr'>Quid</span> <span class='ocrx_word' id='word_1_788' title='bbox 2642 5459 2789 5513; x_wconf 90' lang='lat' dir='ltr'>opus</span> <span class='ocrx_word' id='word_1_789' title='bbox 2820 5441 2896 5496; x_wconf 89' lang='lat' dir='ltr'>sit</span> <span class='ocrx_word' id='word_1_790' title='bbox 2943 5441 3089 5493; x_wconf 89' lang='lat' dir='ltr'>facto</span> <span class='ocrx_word' id='word_1_791' title='bbox 3137 5438 3475 5494; x_wconf 89' lang='lat' dir='ltr'>distinctius</span> <span class='ocrx_word' id='word_1_792' title='bbox 3521 5442 3804 5512; x_wconf 82' lang='lat' dir='ltr'>explicat.</span> 
     </span>
    </p>
   </div>
   <div class='ocr_carea' id='block_1_118' title="bbox 2163 5526 3808 5599">
    <p class='ocr_par' dir='ltr' id='par_1_118' title="bbox 2163 5526 3808 5599">
     <span class='ocr_line' id='line_1_118' title="bbox 2163 5526 3808 5599; baseline 0.001 -14"><span class='ocrx_word' id='word_1_793' title='bbox 2163 5534 2375 5588; x_wconf 87' lang='lat' dir='ltr'>Probat</span> <span class='ocrx_word' id='word_1_794' title='bbox 2401 5531 2596 5587; x_wconf 87' lang='lat' dir='ltr'>omnia</span> <span class='ocrx_word' id='word_1_795' title='bbox 2630 5547 2743 5598; x_wconf 85' lang='lat' dir='ltr'>rex,</span> <span class='ocrx_word' id='word_1_796' title='bbox 2777 5534 2833 5584; x_wconf 88' lang='lat' dir='ltr'>et</span> <span class='ocrx_word' id='word_1_797' title='bbox 2864 5526 3139 5599; x_wconf 89' lang='lat' dir='ltr'>postridie</span> <span class='ocrx_word' id='word_1_798' title='bbox 3190 5542 3381 5593; x_wconf 87' lang='lat' dir='ltr'>mane,</span> <span class='ocrx_word' id='word_1_799' title='bbox 3416 5528 3641 5599; x_wconf 81' lang='lat' dir='ltr'>ignaris</span> <span class='ocrx_word' id='word_1_800' title='bbox 3671 5533 3808 5586; x_wconf 87' lang='lat' dir='ltr'>suis</span> 
     </span>
    </p>
   </div>
   <div class='ocr_carea' id='block_1_119' title="bbox 2166 5614 3813 5689">
    <p class='ocr_par' dir='ltr' id='par_1_119' title="bbox 2166 5614 3813 5689">
     <span class='ocr_line' id='line_1_119' title="bbox 2166 5614 3813 5689; baseline -0.002 -12"><span class='ocrx_word' id='word_1_801' title='bbox 2166 5620 2462 5688; x_wconf 90' lang='lat' dir='ltr'>omnibus,</span> <span class='ocrx_word' id='word_1_802' title='bbox 2485 5621 2650 5689; x_wconf 83' lang='lat' dir='ltr'>juxta</span> <span class='ocrx_word' id='word_1_803' title='bbox 2681 5623 2978 5683; x_wconf 85' lang='lat' dir='ltr'>conventa,</span> <span class='ocrx_word' id='word_1_804' title='bbox 2995 5629 3127 5669; x_wconf 90' lang='lat' dir='ltr'>cum</span> <span class='ocrx_word' id='word_1_805' title='bbox 3156 5614 3288 5669; x_wconf 81' lang='lat' dir='ltr'>ï¬cto</span> <span class='ocrx_word' id='word_1_806' title='bbox 3320 5617 3648 5687; x_wconf 80' lang='lat' dir='ltr'>transfuga,</span> <span class='ocrx_word' id='word_1_807' title='bbox 3679 5619 3813 5673; x_wconf 82' lang='lat' dir='ltr'>edi-</span> 
     </span>
    </p>
   </div>
  </div>
