4108 6294
255 404 382 459 1317

1256 396 1613 450 SPECIMEN
1649 392 2049 447 SAPIENTIB
2086 389 2416 442 INDORUM
2459 387 2618 439 VET.

3491 384 3631 438 1318

254 530 353 584 cit:
382 528 630 582 Ramum
671 520 921 594 quisque
962 516 1188 573 arboris
1234 523 1418 574 rostro
1466 519 1634 587 ferat,
1680 517 1763 572 sic
1808 515 1879 570 ad
1911 517 1965 581 Α
1995 530 2056 568 se
2088 514 2425 566 observasse
2445 507 2540 576 qui
2574 510 2820 577 saperet,
2854 508 3056 576 praeter
3086 505 3249 561 illum
3278 510 3627 573 senatorem,

254 618 355 672 iter
400 614 650 684 expediti
698 625 902 665 omnes
935 607 1148 662 adsint.
1184 608 1473 662 Momento
1498 609 1750 676 paretur.
1783 606 1885 657 Ac—

256 701 457 758 cinctis
486 699 784 767 omnibus,
814 713 909 751 rex
928 695 1189 767 praeiens,
1210 693 1437 748 consilii
1458 698 1690 747 auctore
1716 689 1889 745 comi-

258 795 431 858 tante,
456 792 610 843 recta
632 787 703 842 ad
737 786 953 840 ostium
976 782 1125 838 antri
1152 786 1493 836 noctuarum
1518 780 1721 843 tendit,
1744 777 1889 831 illud

259 876 473 949 oppleri
507 874 747 929 materia
779 871 1057 944 praecipit,
1089 874 1215 924 tum
1248 869 1499 924 exterius
1527 867 1707 923 aridis
1738 865 1890 920 foliis

261 964 531 1036 aggestis,
564 963 757 1033 ignem
805 958 1075 1027 accendi;
1112 974 1286 1028 quem
1334 956 1715 1012 eventilantes
1762 952 1891 1006 uni-

262 1054 430 1119 versi,
464 1058 520 1111 et
548 1054 618 1107 ad
652 1067 844 1106 ramos
876 1049 1088 1104 virides
1140 1048 1295 1101 intra
1332 1044 1619 1113 Spelunca:
1662 1060 1726 1097 os
1758 1059 1892 1095 con-

261 1147 452 1213 gestos
484 1142 535 1195 vi
585 1139 829 1210 spiritus
888 1135 1183 1208 pallentes,
1217 1135 1443 1188 fumum
1489 1134 1644 1187 intra
1692 1146 1894 1185 caver-

264 1246 395 1284 nam
429 1227 848 1282 densissimum
884 1226 1164 1289 fecerunt,
1190 1239 1303 1293 quo
1327 1222 1615 1292 plerzeque
1632 1223 1770 1275 sunt
1801 1236 1898 1274 no-

265 1324 527 1372 ctuarum
588 1320 854 1369 enecatae.
916 1317 1118 1367 Paucae
1174 1310 1408 1381 reliquae
1469 1310 1739 1363 horriﬁco
1800 1323 1901 1377 per

184 1476 195 1481 κ
266 1404 768 1460 ilammasululatu
806 1401 1067 1456 inlucem
1088 1396 1899 1467 evadentes,partimﬂammis

266 1492 450 1547 obiter
495 1491 976 1553 absumebantur,
1028 1488 1239 1558 partim
1285 1484 1704 1541 semiustulataa
1762 1500 1901 1537 con-

271 1581 527 1635 cidentes
559 1578 725 1633 facile
757 1576 1215 1633 conﬁciebantur
1266 1592 1299 1630 a
1356 1574 1566 1629 corvis.
1628 1573 1690 1627 In
1748 1571 1903 1625 hunc

270 1669 504 1723 modum
566 1683 767 1722 omnes
832 1666 902 1719 ad
957 1680 1133 1719 unam
1214 1668 1353 1717 sunt
1408 1670 1631 1717 noctua:
1686 1659 1902 1715 exstin-

268 1761 390 1810 ctae.
450 1754 649 1808 Victor
702 1767 1006 1808 corvorum
1064 1767 1183 1817 rex,
1237 1756 1455 1821 trOpaao
1510 1748 1718 1820 posito,
1770 1765 1900 1802 cum

1995 601 2092 671 qui
2129 604 2350 663 auctor,
2377 601 2442 649 ut
2472 594 2749 659 diximus,
2783 593 3179 648 Archibuboni
3212 596 3398 650 fuerat
3430 615 3630 668 suspe-

1998 688 2069 741 cti
2106 687 2417 755 transfugae
2452 682 2790 754 perimendi.
2816 682 2905 735 Ab
2928 683 3127 737 eodem
3152 701 3283 739 cum
3320 686 3633 759 aliquando

2001 776 2305 846 quaesisset
2337 790 2431 828 rex
2465 772 2755 843 quomodo
2786 772 2936 825 inter
2955 775 3074 825 tam
3107 772 3333 830 invides
3364 782 3419 831 et
3449 777 3635 834 irrita-

2003 864 2151 918 biles
2183 863 2399 918 bestias
2430 861 2737 915 duraretot
2758 860 2963 915 diebus
2988 862 3290 931 potuisset,
3328 865 3633 933 Patientia,

2002 952 2322 1021 inquiebat,
2347 954 2403 1003 et
2446 948 2743 1017 obsequiis
2796 948 3115 1014 quamlibet
3167 950 3376 1006 infensi
3428 955 3636 1009 saltem

2004 1040 2073 1093 ad
2107 1041 2336 1093 brevem
2372 1053 2542 1092 usum
2577 1035 2957 1089 deliniuntur.
3002 1037 3146 1099 Quid
3197 1041 3353 1094 ranis
3404 1044 3637 1100 exosius

2004 1127 2186 1198 hydro
2215 1128 2477 1197 ipsarum
2511 1125 2778 1194 prazdone
2799 1124 2825 1177 ‘I
2846 1126 3042 1178 tamen
3076 1126 3326 1197 hydrum
3360 1130 3496 1186 olim
3521 1134 3640 1187 vidi

2008 1215 2366 1285 decrepitum
2400 1214 2580 1280 senio,
2606 1213 2704 1282 qui
2731 1215 3107 1282 postquamin
3131 1216 3342 1284 palude
3375 1224 3492 1274 tota
3524 1221 3639 1276 vita

2010 1304 2309 1377 piraticam
2345 1304 2574 1367 fecerat,
2609 1301 2767 1355 ranis
2800 1316 2859 1356 se
2913 1303 3298 1373 ingurgitans,
3334 1311 3485 1376 quod
3515 1312 3638 1379 jam

2008 1390 2201 1447 Venari
2232 1390 2470 1444 defectis
2501 1388 2722 1443 viribus
2753 1394 2808 1443 et
2840 1390 3073 1445 amissis
3110 1392 3384 1449 dentibus
3440 1398 3643 1467 nequi-

2010 1486 2116 1546 ret,
2157 1479 2469 1533 vectoriam
2529 1491 2765 1547 operam
2825 1478 2983 1532 ranis
3032 1479 3237 1534 iisdem
3300 1498 3399 1552 per
3456 1483 3644 1540 lacum

2011 1567 2497 1630 commeantibus,
2547 1566 2701 1619 unde
2751 1567 3054 1633 victitaret,
3087 1568 3185 1622 vili
3245 1574 3507 1627 mercede
3563 1574 3647 1628 lo-

2012 1657 2200 1722 cabat,
2232 1655 2617 1723 intuebarque
2647 1653 2946 1708 admirans
2977 1655 3366 1726 inequitantes
3407 1660 3487 1714 illi
3522 1664 3649 1716 tan-

2014 1760 2189 1814 quam
2216 1745 2483 1812 jumento
2540 1757 2777 1796 securas
2838 1756 3012 1798 ranas
3059 1745 3197 1798 dum
3258 1762 3355 1801 eas
3398 1766 3497 1819 per
3529 1756 3646 1806 sta-

268 1843 386 1899 suis
415 1843 749 1909 ovantibus,
779 1841 838 1895 in
872 1840 1146 1910 antiquas
1184 1840 1373 1908 sedes,
1408 1839 1669 1893 arborem
1700 1836 1906 1890 videli-
1937 1872 1985 1936 B
2015 1848 2195 1903 gnum
2229 1844 2577 1900 quocunque
2599 1829 2875 1898 juberent
2905 1832 3152 1887 obnoxie
3198 1840 3468 1904 portaret.
3512 1839 3652 1894 Post

269 1938 357 1987 cet
386 1947 453 1985 ex
485 1947 600 2001 qua
634 1935 765 2000 post
820 1928 1044 1984 cladem
1096 1931 1476 1993 recesserant,
1538 1925 1728 1980 rediit.
1785 1924 1905 1978 Ma-

272 2037 385 2091 gna
416 2019 571 2085 inde,
604 2017 808 2071 merito
841 2033 968 2085 suo,
994 2020 1049 2069 et
1072 2014 1420 2069 existimatio
1450 2017 1506 2068 et
1536 2014 1724 2083 gratia
1754 2012 1909 2067 corvi

275 2106 702 2177 stratagematis
735 2104 1052 2159 inventuris
1100 2104 1244 2158 fuit:
1299 2102 1399 2172 qui
1431 2101 1681 2156 subinde
1737 2102 1910 2155 inter-

276 2199 554 2266 rogatus,;
586 2211 724 2248 num
759 2193 899 2263 quid
924 2193 981 2246 in
1006 2197 1347 2247 noctuarum
1366 2190 1664 2261 republica
1692 2188 1827 2243 boni
1846 2203 1911 2242 ac

277 2281 588 2338 laudabilis
620 2282 844 2347 fuisset,
891 2281 1081 2335 dicere
1125 2278 1329 2335 solitus
1374 2283 1513 2347 erat,
1550 2276 1777 2332 nullum
1830 2275 1909 2329 ibi

2018 1920 2135 1974 haec
2149 1915 2848 1989 exposita,disputationls
2864 1921 3344 1991 gymnosOphlsta
3358 1940 3651 1982 summam

2018 2007 2318 2076 colligens.
2345 2007 2452 2070 Qui
2483 2004 2657 2070 hosti,
2690 2004 2787 2071 ait,
2826 2007 3195 2063 reconciliata
3236 2012 3348 2066 cito
3395 2029 3458 2069 ac
3513 2016 3650 2071 levi-

2018 2102 2107 2151 ter
2137 2094 2464 2159 crediderit,
2499 2093 2650 2147 hunc
2701 2109 2803 2163 par
2836 2102 3030 2149 manet
3088 2096 3469 2156 infortunium
3526 2106 3655 2175 ejus

2021 2202 2135 2256 quo
2168 2188 2308 2238 sunt
2337 2199 2369 2237 a
2390 2181 2595 2250 corvis,
2622 2185 2684 2234 ut
2705 2188 2792 2235 est
2808 2181 3088 2238 hactenus
3106 2193 3655 2258 narratum,noctuze

2022 2278 2304 2329 mactata.

1441 2523 1911 2581 DlSSERTATIO
1962 2520 2394 2577 PARABOLICA
2424 2518 2491 2573 V.

279 2637 331 2697 Τ
326 2636 565 2696 ναίίασιί
588 2636 900 2695 stultitiam
931 2653 1127 2694 eorum
1157 2634 1261 2712 qui
1289 2633 1535 2721 asseputi
1572 2631 1733 2721 quod
1760 2637 1985 2721 optant,
2021 2627 2086 2721 id
2141 2623 2512 2721 elabi-sibi:
2564 2623 2832 2721 manibus
2889 2630 3135 2691 sinunt:
3180 2642 3257 2705 et,
3318 2641 3427 2714 qui
3476 2641 3666 2721 elapsi

1248 2704 1619 2789 gravissimis
1644 2704 1959 2786 perieulis,
1994 2707 2181 2767 denuo
2211 2725 2269 2765 se
2302 2707 2371 2765 iis
2403 2704 2683 2782 oﬂw'unt.

348 2838 725 2894 Satisfactum
761 2837 869 2891 sibi
902 2853 999 2891 rex
1028 2837 1121 2891 his
1153 2834 1369 2889 auditis
1397 2832 1746 2905 significavit
1777 2850 1917 2889 con-

284 2929 555 2997 dictque
584 2927 644 2979 in
676 2926 826 2980 diem
872 2929 1164 2996 posterum
1200 2936 1344 2978 novo
1388 2921 1697 2992 colloquio,
1732 2921 1799 2975 ab
1831 2937 1921 2976 re—

281 3032 447 3072 verso
493 3014 831 3085 tempestive
877 3012 1360 3084 gymnosophista
1404 3010 1585 3080 petiit,
1637 3024 1920 3080 eXponere

288 3103 399 3159 sibi
426 3118 495 3157 ne
519 3112 869 3172 gravaretur,
899 3098 1186 3169 quomodo
1210 3098 1569 3169 contingeret
1598 3096 1712 3151 voti
1762 3112 1918 3151 com-

292 3196 455 3263 potes
489 3190 690 3255 factos,
724 3189 914 3243 sinere
944 3186 1053 3241 sibi
1086 3187 1232 3241 elabi
1266 3204 1295 3241 e
1322 3185 1623 3256 complexu
1673 3201 1791 3240 rem
1824 3202 1922 3239 cu-

289 3281 490 3352 pitam,
525 3284 581 3333 et
609 3291 737 3332 eam
771 3275 987 3331 frustra
1009 3276 1215 3331 deinde
1247 3276 1561 3346 requirere.

361 3369 405 3424 Ι.
438 3368 522 3423 Ad
555 3366 668 3423 tale
710 3364 1021 3437 qumsitum
1052 3365 1135 3419 sic
1166 3380 1406 3420 exorsus
1446 3363 1930 3435 gymnosoyhista

288 3473 500 3511 novum
544 3466 873 3511 sermonem
916 3457 1003 3508 est
1039 3470 1050 3506 :
1084 3453 1321 3519 Simius,
1375 3469 1551 3523 regno
1603 3452 1809 3523 pulsus
1857 3451 1928 3506 ab

287 3543 535 3615 ingratis
569 3543 842 3607 subditis,
860 3540 1355 3611 ingravescentem
1374 3541 1496 3608 jam
1522 3541 1648 3609 ejus
1671 3544 1929 3593 contem-

288 3634 565 3688 nentibus
587 3635 840 3698 aetatem,
871 3627 1180 3699 ingloriam
1215 3629 1377 3683 eXSul
1400 3628 1699 3683 obtinebat
1730 3626 1929 3682 statio-

290 3734 421 3776 nem
456 3719 513 3773 in
536 3719 726 3773 vicina
760 3716 991 3771 cuidam
1023 3714 1171 3771 iacui
1207 3714 1477 3782 ficulnea,
1509 3717 1678 3786 cujus
1710 3720 1766 3771 et
1813 3715 1930 3769 fru-

289 3812 385 3865 ctu
420 3807 740 3863 victitabat.
774 3806 914 3861 Erat
944 3822 975 3859 e
1016 3806 1246 3875 regione
1287 3804 1442 3859 intra
1497 3808 1772 3875 stagnum
1806 3805 1930 3859 her.

285 3899 452 3963 bosa,
488 3895 588 3950 sed
622 3891 835 3962 brevis,
868 3891 1081 3959 insula,
1112 3908 1214 3947 nec
1255 3891 1524 3946 humanae
1559 3892 1935 3947 habitationis

288 4001 492 4056 capax,
527 3997 590 4037 ex
643 3998 761 4052 qua
802 3982 947 4037 freto
1000 3985 1355 4053 perangusto
1405 3984 1648 4035 enatans
1687 3981 1936 4035 subinde

294 4076 358 4129 in
391 4072 787 4127 continentem
820 4069 1051 4125 testudo
1102 4068 1436 4134 ventitabat,
1473 4067 1580 4123 sub
1612 4069 1798 4139 ipsam
1854 4068 1932 4123 si-

298 4162 414 4216 mio
470 4161 754 4213 insessam
808 4158 1115 4213 ﬁculneam
1170 4157 1481 4212 transiens.
1524 4158 1776 4227 Contigit
1824 4158 1933 4212 sub

296 4254 666 4306 momentum
690 4247 817 4316 ejus
840 4247 1126 4301 transitus
1147 4246 1322 4300 ficum
1344 4251 1635 4301 maturam
1655 4250 1859 4316 sponte
1876 4246 1934 4300 in

292 4337 622 4406 subjectam
646 4336 798 4389 viam
813 4336 1037 4389 cadere.
1075 4335 1211 4388 Eam
1235 4335 1470 4388 testudo
1492 4339 1788 4405 gustatam
1812 4334 1935 4387 obi-

287 4434 404 4494 ter,
437 4440 567 4478 cum
599 4439 835 4477 suavem
885 4424 1213 4493 probasset,
1260 4438 1371 4476 non
1405 4424 1810 4477 sobumtotam
1836 4439 1933 4476 co-

291 4513 503 4581 medit,
535 4512 633 4566 sed
664 4515 721 4566 et
747 4516 921 4580 caput
952 4509 1223 4566 attollens
1254 4510 1516 4565 inhiabat
1545 4510 1932 4581 pendentibus

2030 2834 2160 2902 post
2198 2828 2317 2883 haec
2347 2827 2542 2882 audita
2595 2827 2890 2883 simulavit
2924 2833 3213 2905 morbum,
3240 2840 3296 2891 et
3326 2841 3510 2897 multa
3562 2863 3664 2915 per

2030 2924 2255 2973 noctem
2296 2921 2541 2987 questus
2601 2916 2770 2985 quasi
2824 2919 3073 2988 graviter
3103 2923 3341 2995 doleret,
3386 2934 3665 2999 postridie

2029 3007 2192 3062 uxori
2224 3005 2388 3070 dixit,
2423 3004 2568 3058 alias
2601 3021 2660 3058 se
2684 3005 2806 3074 pari
2829 3005 3666 3090 languorelaborantem,gus-

2028 3100 2169 3162 tato,
2204 3109 2383 3149 suasu
2428 3092 2632 3146 medici
2668 3094 2838 3147 corde
2878 3096 3035 3149 simii
3065 3116 3131 3152 ex
3163 3118 3227 3155 eo
3260 3102 3663 3178 convaluisse;

2035 3185 2145 3239 iret
2172 3182 2375 3253 igiltur
2401 3182 2447 3235 si
2477 3198 2537 3235 se
2571 3183 2809 3251 amaret,
2847 3200 2911 3237 ac
2943 3190 3223 3254 quantum
3258 3201 3451 3262 posset
3481 3203 3668 3253 oraret

1956 3244 1998 3308 Ο
2040 3273 2276 3327 simium
2344 3270 2602 3339 quaesitis
2655 3270 2786 3325 aliis
2838 3244 3666 3343 praetextibus,|transfrctare

2030 3361 2087 3415 in
2121 3360 2374 3423 insuam,
2407 3375 2468 3412 se
2499 3358 2669 3412 dorso
2701 3375 2831 3414 eum
2865 3360 3178 3431 trajectum
3210 3384 3280 3422 ne
3308 3380 3666 3440 gravaretur.

2032 3448 2250 3503 Annuit
2280 3444 2401 3511 illa,
2435 3450 2491 3500 et
2522 3445 2717 3501 statim
2752 3449 2859 3503 sub
2911 3448 3085 3507 ficum
3138 3455 3367 3514 rediens
3425 3463 3664 3520 simium

2032 3536 2297 3591 invitavit
2326 3535 2396 3591 ad
2429 3535 2746 3605 hospitium
2790 3536 2879 3591 sui
2933 3541 3223 3613 conjugis,
3267 3549 3565 3618 ecpiosum
3610 3554 3667 3608 in

2033 3623 2226 3678 insula
2248 3624 2609 3681 domicilium
2644 3630 2931 3685 habentis.
2978 3633 3219 3699 Simius,
3255 3636 3574 3705 tristitiam,
3606 3647 3671 3695 ut

2035 3710 2171 3780 dixi,
2207 3712 2540 3770 solitudinis
2573 3716 2796 3772 dudum
2820 3718 3008 3775 ferens
3039 3718 3422 3792 moieste,non
3445 3725 3672 3781 illiben-

2034 3807 2119 3855 ter
2148 3805 2234 3855 est
2267 3819 2585 3875 assensus;
2621 3823 2863 3877 moxque
2918 3816 3152 3865 secutus
3191 3815 3542 3870 testudinem
3600 3820 3667 3871 ad

2034 3889 2222 3958 littus,
2254 3886 2332 3945 ibi
2363 3890 2490 3962 ejus
2524 3890 2775 3949 natantis
2809 3902 2963 3951 testa:
3004 3899 3233 3955 insedit.
3270 3901 3375 3957 Vix
3411 3905 3667 3959 medium

2036 3980 2253 4033 fretum
2286 3978 2652 4049 trajecerant,
2688 4001 2820 4038 cum
2854 3984 3028 4041 ﬂuctu
3055 3990 3417 4045 commotiori
3443 3996 3671 4048 tantum

2037 4084 2150 4122 non
2182 4083 2463 4124 excussus
2496 4070 2726 4139 simius,
2761 4071 2965 4129 timere
3000 4074 3227 4146 lapsum
3260 4083 3315 4134 et
3358 4081 3671 4137 demersio-

2038 4173 2168 4210 nem
2223 4156 2413 4226 coepit,
2439 4156 2914 4232 testudineque
2938 4160 3139 4219 orabat
3170 4172 3231 4221 ut
3263 4185 3323 4222 se
3355 4172 3674 4225 continenti

2039 4245 2327 4300 redderet.
2363 4248 2447 4300 Ad
2481 4250 2634 4317 quod
2666 4249 2786 4315 illa,
2821 4252 3192 4322 simplicitate
3215 4257 3323 4311 sibi
3345 4258 3535 4327 solita,
3570 4261 3674 4314 Mi-

2040 4333 2194 4387 nime
2227 4334 2456 4403 l'aciam,
2491 4335 2717 4405 inquit;
2753 4356 2887 4394 nam
2920 4346 2972 4394 te
3033 4344 3118 4395 vir
3166 4360 3332 4400 meus
3381 4354 3675 4417 exspectat

2036 4425 2136 4475 tuo
2168 4420 2319 4477 vesci
2351 4425 2521 4479 corde
2553 4425 2793 4495 cupiens
2823 4444 2833 4480 :
2866 4444 3073 4499 nempe
3105 4431 3157 4485 id
3192 4434 3401 4499 morbi,
3445 4453 3558 4507 quo
3592 4437 3669 4493 la-

2038 4509 2226 4580 borat,
2260 4515 2481 4567 certum
2503 4514 2621 4569 fore
2644 4512 2965 4572 remedium
2988 4517 3298 4577 existimat.
3322 4524 3557 4592 Simius,
3584 4528 3675 4582 his

291 4599 541 4658 caeteris.
576 4598 723 4653 Risit
753 4599 872 4653 haec
903 4615 1147 4653 cernens
1179 4599 1407 4663 simius,
1442 4604 1496 4653 et
1528 4616 1703 4654 unam
1738 4599 1821 4653 illi
1854 4602 1936 4654 at-
1972 4582 2014 4645 Β
2049 4599 2284 4666 auditis,
2313 4599 2468 4654 aliud
2496 4601 2620 4670 jam
2654 4602 2869 4656 malum
2904 4607 3137 4674 gravius
3167 4582 3571 4668 submersionc
3602 4616 3677 4667 ti-

289 4705 416 4761 que
448 4687 691 4743 alteram
723 4687 1002 4756 dejiciens
1034 4687 1233 4757 ﬁcum,
1267 4688 1437 4758 longo
1469 4686 1630 4742 illam
1672 4704 1938 4743 sermone

284 4792 449 4846 saepe
479 4776 799 4845 detinebat,
829 4775 998 4829 laetus
1022 4791 1083 4830 se
1103 4776 1407 4845 reperisse,
1432 4774 1669 4845 quicum
1704 4776 1939 4831 taedium

290 4864 639 4922 solitudinis
671 4863 1067 4934 qualicunque
1108 4864 1581 4919 confabulatione
1631 4864 1938 4920 solaretur.

294 4953 732 5011 Dominabatur
778 4952 834 5006 in
878 4970 942 5007 ea
976 4970 1150 5022 quam
1182 4953 1301 5006 dixi
1323 4952 1487 5008 lacus
1517 4951 1711 5007 insula
1730 4954 1944 5022 conjux

288 5041 641 5106 testudinis,
674 5041 772 5111 qui
808 5058 921 5096 non
954 5042 1132 5096 semel
1166 5041 1411 5096 miratus
1441 5040 1666 5095 tardius
1689 5042 1814 5109 jam
1847 5058 1941 5096 so-

289 5131 411 5187 lito
441 5128 510 5184 ad
545 5146 607 5184 se
640 5146 873 5184 uxorem
921 5130 1148 5197 reverti,
1181 5133 1554 5199 percontatus
1603 5145 1671 5185 ex
1720 5146 1787 5184 ea
1844 5130 1941 5183 ubi

284 5224 537 5276 tantum
563 5223 908 5286 moraretur,
934 5234 1059 5289 quae
1085 5219 1256 5273 modo
1280 5218 1449 5273 retuli
1472 5218 1542 5274 de
1562 5218 1671 5271 ficu
1696 5222 1753 5272 et
1774 5217 1944 5272 simio

288 5307 530 5364 audivit
558 5307 630 5361 ab
664 5306 784 5377 illa,
832 5312 1044 5362 cuncta
1085 5306 1519 5377 simplicissime
1550 5307 1786 5361 fatente.
1822 5306 1943 5373 Ille,

289 5412 411 5453 seu
446 5412 567 5450 rem
599 5397 1012 5467 interpretatus
1056 5394 1384 5465 sequiorem
1441 5395 1500 5449 in
1561 5399 1806 5465 partem,
1841 5410 1944 5448 seu

287 5489 644 5552 suspectam
694 5485 967 5539 viciniam
1025 5488 1296 5539 metuens
1356 5484 1531 5539 astuti
1585 5483 1944 5548 veteratoris,

287 5573 585 5643 decrevit,
619 5575 669 5628 si
701 5590 816 5645 qua
846 5579 1062 5645 posset,
1096 5574 1334 5628 simium
1368 5574 1627 5643 perdere,
1657 5572 1947 5642 istiusque

288 5661 432 5720 voti
461 5662 575 5717 sibi
604 5662 945 5719 conficiendi
1004 5662 1154 5718 hanc
1212 5661 1379 5718 inivit
1436 5662 1741 5717 rationem.
1769 5660 1947 5716 Paulo

2051 4704 2236 4743 mens'
2271 4705 2357 4752 ac,
2385 4691 2539 4759 quod
2571 4689 2755 4756 aiunt,
2788 4694 3156 4761 naufragium
3188 4696 3245 4751 in
3296 4706 3484 4770 portu,
3517 4708 3678 4762 tanto

2050 4777 2350 4866 ardentius
2389 4779 2614 4848 regredi
2645 4780 2907 4849 optabat.
2947 4782 3148 4854 Itaque
3184 4789 3465 4845 testudini
3515 4810 3677 4866 repo-

2052 4866 2205 4920 suit:
2241 4866 2300 4920 Si
2331 4864 2440 4920 hoc
2470 4866 2702 4935 quidem
2736 4873 2823 4923 est
2854 4874 2917 4925 ut
2962 4872 3129 4939 dicis,
3162 4877 3546 4937 reﬂectendus
3580 4864 3680 4939 ne-

2052 4955 2311 5042 cessario
2325 4970 2543 5042 cursus
2573 4959 2661 5010 est
2692 4972 2826 5011 nam
2856 4973 2953 5014 cor
2985 4976 3179 5018 meum
3215 4966 3307 5021 hic
3338 4985 3448 5024 non
3475 4971 3680 5042 habeo,

2054 5040 2421 5096 solitusillud
2444 5042 2597 5096 domi
2619 5042 2947 5114 relinquere
2970 5062 3096 5102 cum
3123 5051 3319 5122 aliquo
3350 5040 3685 5127 proﬁciscor

2055 5128 2235 5213 animi
2293 5130 2500 5200 gratia.
2559 5128 2763 5197 Quare,
2824 5134 2870 5186 si
2922 5134 3025 5189 tibi
3084 5137 3329 5208 videtur,
3389 5147 3537 5201 refer
3593 5168 3684 5207 me

2055 5218 2328 5273 continuo
2358 5219 2463 5309 ‘ad_
2487 5217 2654 5309 littus
2684 5222 2833 5309 unde
2864 5223 3165 5309 solvimus,
3197 5232 3251 5283 et
3275 5230 3352 5285 ibi
3378 5248 3469 5289 me
3492 5252 3684 5309 exspe-

2056 5309 2182 5371 cta;
2216 5304 2504 5359 curriculo
2536 5305 2690 5360 enim
2736 5308 2804 5361 ad
2856 5308 3029 5365 ficum
3080 5329 3340 5388 pergam,
3400 5328 3456 5378 et
3511 5304 3683 5383 corde

2058 5407 2286 5447 mecum
2346 5396 2580 5462 sumpto
2629 5394 2827 5450 statim
2860 5398 3031 5454 adero
3063 5401 3273 5459 iterum
3308 5410 3680 5480 trajecturus.

2058 5481 2328 5535 Probavit
2380 5480 2687 5536 consilium
2765 5484 2880 5539 doli
2956 5490 3149 5544 nescia
3198 5496 3447 5565 testudo,
3507 5503 3684 5556 remi-

2054 5570 2335 5640 giumque
2362 5568 2637 5625 inhibens
2668 5587 2732 5626 ac
2771 5588 2999 5642 proram
3031 5586 3278 5651 vertens,
3315 5586 3501 5657 ripam
3536 5595 3686 5648 unde

2054 5661 2289 5713 venerat
2386 5656 2649 5728 repetiit,
2722 5663 3166 5738 expositumque
3249 5656 3491 5735 simium
3587 5684 3685 5739 ad-
