4060 6304
469 376 607 431 1319

1967 376 2349 430 ΑΡΡΕΝΒΙΧ.

3759 380 3878 433 1ἓο

470 498 697 552 monuit
754 500 817 551 ut
847 499 1164 550 maturaret
1222 501 1455 566 sumpto
1515 513 1711 550 secum
1771 496 1942 549 corde
1990 494 2097 549 ibi-
2129 503 2183 565 Α
2214 501 2494 553 Annuens
2525 499 2728 555 asinus
2758 501 2937 556 vastis
2979 502 3222 557 auribus
3255 502 3329 556 ad
3362 501 3595 556 omnia.
3636 517 3758 555 non
3782 502 3873 555 du-

466 587 597 640 dem
647 602 708 641 se
757 586 985 649 sistere,
1043 585 1142 638 ubi
1190 600 1321 638 eum
1371 584 1770 655 opperituram
1820 599 1881 639 se
1929 600 2103 654 spon-

465 674 657 729 debat.

536 763 604 816 II.
637 765 708 816 At
736 762 965 830 simius,
994 761 1153 833 gravi
1192 776 1254 815 se
1287 760 1626 815 defunctum
1686 758 1941 830 periculo
1971 775 2103 829 gra-

464 850 678 917 tulans,
714 850 846 905 ﬁcui
878 865 939 904 se
969 866 1086 903 sua:
1115 849 1494 918 cupidissime
1535 846 1792 901 reddidit
1821 863 1833 900 :
1869 846 2104 917 illicquc

463 939 773 994 stultitiam
807 955 975 993 suam
1007 940 1319 1001 damnans,
1352 937 1479 991 dira
1508 936 1620 991 sibi
1652 936 2101 1006 imprecabatur,

464 1028 512 1081 si
546 1044 806 1098 unquam
842 1026 1109 1095 cujusvis
1142 1026 1412 1095 precibus
1445 1025 1579 1079 inde
1620 1037 1681 1078 se
1732 1023 1919 1089 avelli,
1954 1040 2099 1093 pras-

461 1116 660 1170 sertim
694 1115 1050 1186 inexplorato
1080 1131 1194 1185 quo
1225 1114 1417 1168 iturus
1468 1117 1623 1167 esset
1668 1112 1814 1178 loco,
1864 1113 2097 1165 sineret.

532 1209 708 1259 Porro
740 1204 994 1267 testudo,
1018 1208 1325 1273 postquam
1350 1200 1523 1272 longo
1543 1205 1934 1270 exspectasset
1953 1203 2098 1253 tem-

463 1311 618 1364 pore,
676 1309 871 1346 moras
929 1294 1297 1362 increpatura
1355 1289 1609 1361 perrexit
1665 1289 1775 1343 sub
1808 1290 2096 1343 arborem.

463 1381 751 1449 simioque
800 1379 1165 1433 familiariter
1211 1383 1432 1432 vocato.
1467 1382 1510 1431 Ο
1558 1381 1634 1444 te,
1663 1377 1764 1441 ait,
1815 1377 2045 1430 tardum
2082 1375 2094 1427 !

463 1470 687 1524 dudum
721 1469 1020 1539 trajecisse
1068 1469 1127 1522 in
1176 1466 1496 1523 insululam
1547 1471 1900 1536 oportuerat.
1949 1469 2094 1519 Tum

462 1557 673 1612 simius
705 1558 975 1622 irridens,
1007 1555 1050 1609 Ο
1084 1556 1256 1622 bona,
1294 1555 1509 1625 inquit,
1562 1570 1661 1608 cor
1690 1570 1910 1616 meum,
1942 1556 2094 1623 post.

460 1662 637 1715 quam
669 1644 809 1699 illud
842 1644 935 1697 hic
966 1644 1175 1713 reperi,
1210 1644 1479 1713 navigare
1502 1659 1595 1695 me
1620 1641 1874 1711 amplius
1904 1645 2091 1694 vetat:

460 1750 641 1803 quare
670 1733 793 1787 viro
825 1735 922 1785 tuo
955 1747 1165 1785 conseo
1194 1729 1425 1784 nunties
1449 1745 1519 1783 ne
1542 1744 1603 1783 se
1627 1733 1878 1782 maceret
1900 1744 2093 1797 exspe-

458 1822 709 1875 ctatione
742 1821 852 1875 mei
881 1838 893 1875 :
930 1836 1040 1875 non
1075 1818 1228 1873 enim
1262 1818 1432 1872 modo
1462 1822 1629 1871 vacat
1660 1817 1851 1887 ipsum
1884 1816 2090 1883 visere,
2123 1854 2167 1916 Β

458 1914 515 1963 et
546 1910 756 1978 alioqui
789 1907 1088 1978 aegrotanti
1123 1904 1329 1961 medici
1349 1921 1525 1976 quam
1548 1904 1701 1958 simii
1728 1903 2093 1972 expetibilior

456 1998 740 2052 adventus
771 2000 877 2050 est.
910 1996 1229 2065 Suggeram
1262 1993 1431 2049 etiam
1456 1991 1561 2046 tibi
1592 1990 2089 2045 narratiunculam

457 2102 571 2155 qua
602 2084 730 2153 ejus
760 2083 933 2137 taedia
988 2081 1323 2152 languentis
1383 2080 1714 2135 demulccas
1742 2095 1754 2132 :
1787 2079 2093 2148 ZEgrotans

453 2173 513 2227 in
554 2172 698 2227 silva
728 2171 815 2227 leo
872 2170 1041 2241 vulpe
1075 2170 1345 2224 ministra
1373 2168 1665 2223 utebatur.
1702 2166 2090 2221 Observabam

458 2280 562 2333 ego
604 2279 723 2329 eos,
782 2262 1188 2315 inobservatus
1245 2276 1311 2312 ex
1372 2257 1575 2311 arbore
1633 2256 1979 2326 propinqua,
2038 2259 2095 2309 et

457 2351 682 2405 leonem
708 2349 901 2403 audivi
934 2347 1220 2402 dicentem
1253 2345 1411 2416 vulpi
1446 2361 1457 2397 :
1490 2344 1724 2399 Memini
1760 2343 1901 2397 mihi
1953 2342 2089 2397 olim

458 2440 529 2494 ab
552 2439 770 2511 optimo
799 2437 1020 2492 medico
1052 2434 1369 2507 praescribi,
1403 2438 1468 2487 ut
1496 2434 1541 2487 si
1574 2433 1781 2486 iterum
1806 2448 1871 2486 eo
1896 2432 2091 2485 morbo

456 2528 779 2582 laborarem
805 2543 920 2595 quo
953 2529 1091 2579 tunc
1123 2539 1356 2593 quoque
1386 2522 1671 2585 tentabar,
1706 2519 1804 2573 illo
1837 2536 1929 2573 me
1988 2536 2089 2572 cu-

455 2621 638 2680 rante,
670 2632 769 2669 cor
797 2618 853 2668 et
877 2629 1075 2667 aurem
1109 2612 1257 2665 asini
1284 2626 1566 2676 vorarem,
1600 2609 1813 2662 melius
1870 2607 2089 2672 statim,

452 2703 711 2758 antidoto
741 2701 863 2767 tali,
890 2700 1197 2756 valiturus.
1230 2700 1342 2753 Cur
1372 2714 1567 2752 cessas
1615 2696 1814 2767 igitur,
1848 2711 1951 2749 nec
1982 2694 2093 2747 cito

454 2791 597 2846 mihi
630 2790 895 2865 alicunde
926 2790 1157 2845 asinum
1192 2788 1352 2843 sistis
1376 2787 1529 2841 unde
1554 2785 1689 2839 mali
1725 2800 1838 2855 quo
1881 2784 2092 2837 misere

455 2880 777 2935 discrucior
796 2878 1119 2933 remedium
1155 2892 1383 2931 sumam
1419 2875 1446 2928 ?
1477 2873 1738 2928 Prefecta
1787 2872 1979 2926 subito
2022 2872 2091 2924 ad

445 2968 678 3037 jussam
708 2966 1186 3037 perquisitionem
1218 2962 1443 3033 vulpes,
1478 2979 1592 3016 non
1625 2960 1795 3030 longe
1826 2958 1944 3012 illic
1993 2974 2093 3028 pa-

457 3060 713 3111 scentem
749 3053 995 3109 asellum
1045 3054 1209 3118 vidit,
1243 3065 1493 3120 eumque
1550 3049 1775 3111 adiens,
1810 3048 1983 3112 Heus,
2045 3053 2095 3097 te

458 3146 674 3216 ipsum,
697 3144 911 3215 inquit,
937 3142 1291 3213 quaerebam.
1326 3139 1515 3193 Habes
1547 3154 1661 3191 non
1706 3134 1905 3206 procul
1954 3134 2091 3187 hinc

457 3235 689 3288 fratrem
725 3231 1037 3302 quemdam
1062 3234 1253 3291 tuum,
1286 3226 1387 3297 qui
1422 3230 1476 3279 te
1508 3225 1670 3295 cupit
1699 3223 1917 3293 alloqui
1945 3246 1958 3289 ;
1993 3239 2082 3288 ne,

454 3338 705 3393 quaesso,
739 3317 996 3391 graveris
1028 3317 1096 3371 ad
1132 3332 1266 3371 eum
1297 3319 1352 3369 te
1376 3313 1656 3379 conferre,
1693 3313 1901 3366 ducam
1935 3316 2091 3366 recta

453 3424 559 3462 nec
589 3408 828 3477 longum
864 3408 973 3459 iter
1002 3408 1109 3458 est.
1142 3403 1363 3457 Annuit
1393 3401 1627 3455 credula
1657 3399 1864 3466 bestia,
1911 3414 2091 3469 seque

454 3496 686 3549 inviam
719 3494 836 3549 dat.
868 3492 969 3546 Cui
1020 3490 1212 3547 obiter
1267 3489 1557 3544 comitans
1616 3486 1839 3557 vulpes,
1898 3486 1979 3541 Ne
2036 3491 2090 3540 te

454 3583 780 3649 conturbet,
813 3583 913 3650 ait,
947 3582 1099 3652 quod
1143 3581 1316 3634 frater
1372 3578 1465 3631 hic
1513 3582 1651 3631 tuus
1684 3575 1995 3646 aliquando
2058 3592 2091 3630 a

455 3679 510 3727 te
542 3672 777 3743 tuisque
826 3670 1089 3742 cognatis
1148 3668 1385 3722 diversa:
1437 3667 1630 3720 formae
1684 3669 1815 3719 est:
1879 3663 2087 3734 pellem

454 3778 555 3831 pro
587 3766 845 3830 tempore
877 3759 1067 3812 induit
1089 3755 1284 3825 aliam,
1308 3771 1410 3809 nec
1427 3754 1637 3808 vestitu
1662 3768 1865 3808 omnes
1888 3752 2087 3805 eodem

454 3850 535 3903 uti
573 3865 805 3919 semper
838 3850 1103 3918 possunt,
1137 3861 1241 3899 nec
1276 3848 1497 3914 tegmen
1532 3841 1785 3896 exterius
1815 3840 2092 3893 immutat

451 3938 738 3992 animum.
769 3940 897 3989 Haze
919 3934 1036 3988 illis
1059 3932 1436 4004 loquentibus
1457 3928 1729 4000 apparuit
1754 3926 1953 3999 procul
1980 3927 2086 3993 leo,

452 4032 509 4080 et
541 4025 739 4094 vulpes
769 4040 900 4079 eum
933 4030 1098 4094 gestu
1132 4026 1188 4076 et
1235 4020 1401 4076 oculo
1459 4018 1796 4087 designans,
1829 4016 1931 4070 Hic
1979 4020 2087 4083 est,

454 4112 665 4183 inquit,
700 4112 824 4181 ipse
856 4111 925 4165 ad
958 4125 1133 4179 quem
1166 4108 1487 4179 pergimus,
1520 4104 1619 4175 qui
1666 4109 1723 4159 te
1777 4102 2085 4159 desiderat.

2212 587 2416 641 bitavit
2438 588 2612 644 etiam
2646 592 2906 662 proxime
2922 594 3194 647 accedere
3227 593 3482 655 leonem,
3510 592 3623 663 qui
3656 610 3870 663 ungues

2210 674 2267 727 in
2312 691 2444 728 cum
2477 676 2708 748 injitere
2736 685 3000 747 conatus,
3038 681 3296 752 arripere
3353 682 3511 752 quod
3577 683 3866 751 captabat,

2212 766 2411 820 morbo
2461 773 2756 837 gravante,
2789 786 2901 824 non
2940 769 3144 840 potuit.
3172 770 3340 825 Unde
3383 769 3602 824 asinus
3652 770 3863 841 impetu

2210 853 2306 908 illo
2338 858 2576 911 territus
2610 856 2937 925 aufugiens,
2972 856 3155 909 multo
3188 857 3450 910 cucurrit
3474 860 3863 921 externatfus,

2211 942 2307 995 ubi
2359 946 2531 999 etiam
2582 944 2784 999 hausit
2814 945 3059 999 auribus
3093 944 3195 999 feri
3237 946 3495 1015 praedam
3560 946 3684 999 sibi
3730 948 3861 1017 eripi

2208 1029 2457 1086 dolentis
2486 1033 2832 1086 iracundum
2867 1033 3149 1102 rugitum.
3183 1034 3306 1086 Sub
3349 1033 3467 1087 haec
3507 1033 3604 1087 leo
3656 1034 3857 1087 iterum

2208 1120 2275 1171 ad
2312 1120 2560 1189 vulpem,
2594 1120 2947 1184 Excidimus,
2980 1120 3189 1190 inquit,
3217 1128 3417 1175 nostra
3438 1138 3569 1190 spe,
3601 1122 3857 1192 abiitque

2208 1207 2265 1259 in
2300 1208 2527 1261 irritum
2562 1207 2787 1278 primus
2818 1208 2909 1261 hic
2938 1213 3201 1262 conatus.
3235 1210 3342 1262 Sed
3378 1209 3540 1263 mille
3574 1210 3688 1263 tibi
3713 1214 3856 1262 artes

2207 1294 2665 1361 snadendisunt,
2701 1310 2804 1347 nec
2854 1294 3097 1364 despero
3158 1295 3299 1364 quin
3362 1295 3408 1348 si
3462 1295 3617 1348 velis
3681 1311 3858 1364 queas

2204 1380 2468 1435 hebetem
2497 1382 2669 1436 istam
2695 1383 2976 1452 pecudem
3011 1383 3220 1435 iterum
3271 1382 3493 1435 fallere.
3554 1383 3857 1452 Experire,

2204 1485 2327 1538 age,
2362 1487 2493 1523 nam
2529 1470 2641 1522 nisi
2674 1475 2910 1523 strenue
2931 1470 3191 1539 adjuvas,
3218 1470 3453 1523 morior.
3486 1470 3854 1523 Provinciam

2205 1560 2449 1613 mandas
2471 1559 2790 1628 difﬁcilem,
2815 1560 3073 1629 reposuit
3093 1558 3322 1628 vulpes;
3343 1564 3541 1613 tamen
3570 1567 3641 1613 ut
3662 1563 3855 1619 omnia

2202 1652 2256 1698 et
2286 1647 2414 1701 volo
2444 1652 2495 1701 et
2540 1648 2720 1701 debeo
2767 1648 2870 1702 tibi
2929 1648 3192 1717 obsequi,
3231 1664 3351 1702 rem
3406 1656 3589 1719 prout
3655 1656 3854 1719 potero

2202 1735 2456 1789 tentabo.
2485 1736 2570 1789 Ab
2595 1735 2686 1789 his
2713 1736 2911 1789 statim
2947 1736 3097 1789 redit
3125 1736 3325 1806 vulpes
3364 1737 3434 1789 ad
3498 1736 3775 1799 asinum,
3806 1744 3853 1789 et

2200 1822 2345 1883 Quid
2392 1823 2494 1875 tibi
2545 1823 2653 1891 vis,
2685 1822 2896 1892 inquit,
2944 1823 3058 1877 isto
3093 1828 3268 1888 metu,
3303 1823 3419 1876 ista
3468 1824 3666 1892 fuga?
3708 1826 3849 1886 Quid

2198 1909 2370 1963 times
2400 1910 2427 1963 ?
2457 1915 2699 1964 conatus
2728 1910 2844 1974 ille,
2877 1927 2990 1979 quo
3022 1928 3082 1964 es
3115 1910 3443 1975 exterritus,
3482 1911 3637 1963 nihil
3694 1911 3847 1963 aliud

2199 2014 2371 2067 quam
2411 1998 2601 2053 fratris
2624 2001 2744 2051 erat
2766 1998 3021 2068 impetus
3055 1997 3325 2068 amplecti
3343 2004 3395 2050 te
3409 2015 3637 2067 magno
3658 2016 3849 2051 amore

2198 2087 2504 2157 cupientis.
2531 2086 2802 2141 Pluribus
2831 2104 2979 2157 opus
2999 2104 3112 2141 non
3138 2087 3242 2139 fuit
3263 2088 3332 2140 ad
3374 2088 3847 2156 permovendum

2200 2175 2501 2245 stupidum
2532 2175 2770 2242 animal,
2793 2179 2856 2229 ut
2879 2175 3154 2229 continuo
3173 2175 3243 2228 ad
3270 2174 3458 2228 locum
3487 2176 3653 2227 unde
3678 2176 3848 2227 modo

2198 2264 2289 2316 vix
2318 2264 2514 2318 salvus
2546 2264 2874 2335 aufugerat,
2924 2264 3075 2317 ultro
3122 2267 3530 2317 reverteretur.
3574 2263 3707 2332 Ivit,
3746 2267 3845 2318 ad-

2200 2351 2377 2405 movit
2409 2367 2535 2405 sese
2564 2350 2713 2405 leoni
2743 2355 2860 2405 tam
2896 2354 3163 2422 prope,ut
3207 2350 3303 2404 ille
3348 2351 3629 2419 quamvis
3686 2352 3849 2404 inﬁr-

2198 2454 2331 2492 mus
2356 2438 2516 2491 facile
2546 2436 2712 2491 illum
2747 2455 2942 2508 ungue
2973 2441 3303 2507 correptum
3329 2438 3855 2508 dentejugularet.

2198 2527 2461 2581 Occisum
2494 2526 2702 2581 deinde
2733 2526 2891 2597 vulpi
2923 2527 3184 2593 tradidit,
3217 2527 3505 2579 mandans
3535 2544 3723 2581 aures
3757 2530 3861 2581 sibi

2199 2631 2263 2668 ac
2289 2632 2387 2669 cor
2411 2631 2478 2668 ex
2511 2614 2787 2668 cadavere
2819 2614 3071 2684 praecidi,
3108 2629 3491 2682 seorsumque
3548 2616 3781 2675 afferri.
3810 2624 3861 2667 ut

2200 2701 2537 2772 praescripto
2570 2701 2774 2755 medici
2808 2701 3251 2771 obtemperaret.
3287 2704 3498 2754 Astuta
3543 2700 3861 2771 vulpecula

2200 2795 2427 2844 mortuo
2461 2789 2624 2843 asino
2657 2793 2819 2842 extra
2864 2790 3049 2843 leonis
3094 2794 3497 2858 con8pectum,
3552 2790 3732 2856 quasi
3798 2791 3859 2842 ad

2200 2877 2636 2946 exsequendum
2683 2877 2989 2946 imperata,
3039 2878 3242 2942 tracto,
3293 2874 3521 2929 decisas
3571 2892 3756 2929 aures
3814 2886 3863 2930 et

2202 2964 2468 3019 avulsum
2492 2979 2522 3017 e
2548 2968 2781 3034 pectore
2811 2980 2909 3017 eor
2939 2963 3067 3032 ipsa
3099 2962 3455 3033 praevoravit,
3485 2978 3679 3033 eoque
3710 2965 3861 3017 facta

2204 3052 2273 3104 ad
2308 3050 2532 3104 leonem
2567 3066 2894 3117 recurrens,
2929 3049 3075 3103 Mira
3104 3064 3218 3115 res,
3250 3049 3351 3114 ait,
3384 3049 3505 3103 haec
3526 3049 3729 3104 bestia
3761 3066 3861 3104 nec

2205 3156 2303 3193 cor
2335 3155 2437 3193 nec
2458 3154 2627 3192 aures
2659 3137 2879 3192 habet:
2927 3137 3080 3208 quod
3132 3153 3467 3207 quanquam
3522 3154 3685 3191 nunc
3728 3155 3861 3192 sero

2203 3225 2720 3296 deprehendimus,
2741 3234 2932 3280 tamen
2957 3224 3379 3296 suspicarijam
3406 3228 3580 3280 antea
3599 3224 3823 3281 licebat
3848 3248 3861 3283 :

2203 3330 2505 3384 nunquam
2536 3314 2718 3382 enim,
2750 3314 2799 3369 si
2832 3329 2931 3369 cer
2961 3318 3019 3368 et
3049 3330 3219 3368 aures
3248 3312 3576 3380 habuisset,
3610 3331 3856 3384 persua-

2203 3403 2459 3470 deretur,
2513 3418 2646 3456 eum
2707 3401 2878 3471 cujus
2930 3401 3047 3455 vim
3108 3405 3263 3456 esset
3316 3404 3629 3471 expertus,
3681 3404 3861 3471 cujus

2203 3490 2481 3544 infestum
2515 3492 2771 3560 rugitum
2806 3489 3089 3553 audisset,
3116 3489 3349 3543 fratrem
3382 3488 3493 3543 sibi
3518 3505 3651 3543 esse
3679 3490 3867 3545 bene-

2200 3578 2416 3632 volum.
2452 3578 2531 3631 Ex
2562 3578 2667 3631 hac
2724 3576 2932 3631 fabella
2962 3576 3277 3647 intelliges,
3301 3593 3333 3630 ο
3381 3577 3642 3641 testudo,
3708 3581 3866 3632 stul-

2199 3666 2406 3721 tiorem
2441 3682 2533 3719 me
2563 3665 2726 3720 asino
2759 3666 3021 3719 futurum
3054 3665 3103 3720 si
3134 3681 3227 3719 me
3252 3665 3358 3719 tibi
3402 3665 3471 3718 ad
3531 3666 3866 3720 macellum

2202 3753 2468 3807 invitanti
2503 3754 2817 3807 crederem.
2854 3757 2960 3818 Ita,
2990 3752 3241 3821 domine,
3296 3752 3377 3806 ait
3433 3752 3553 3821 regi
3612 3769 3867 3824 gymno-

2200 3841 2466 3911 sophista
2494 3856 2823 3895 sermonem
2867 3840 3196 3906 absolvens,
3220 3839 3317 3910 qui
3354 3840 3742 3895 occasionem
3789 3844 3868 3896 rei

2199 3933 2407 3999 optata:
2429 3928 2798 3982 conficiendas
2820 3926 3262 3983 semeloblatam
3297 3927 3447 3982 elabi
3485 3927 3602 3983 sibi
3629 3930 3872 3998 patiun-

2198 4020 2314 4082 tur,
2345 4018 2560 4069 frustra
2590 4014 2723 4069 dein
2755 4014 3077 4069 revocanda
3116 4012 3216 4069 illa
3247 4020 3544 4085 satagunt.

1607 4367 2081 4425 DlSSERTATIO
2113 4367 2547 4422 PARABOLICA
2580 4368 2675 4421 VI.

460 4536 463 4541 ,
504 4488 740 4547 udibrz'o
771 4484 1015 4565 exponit
1069 4482 1624 4561 prm/esttnationem
1648 4477 1890 4536 otiosam
1927 4474 2276 4613 longinqui
2299 4484 2354 4533 et
2397 4477 2621 4535 incerta
2666 4475 3202 4554 prwoccupantz'um
3244 4475 3643 4554 praesentibus
3705 4479 3868 4537 curis

1999 4574 2136 4613 amp
2162 4573 2223 4613 ec
2252 4573 2294 4613 ι.

1999 4573 2294 4634 amplecti.

522 4693 704 4753 Quam
733 4702 967 4750 vanum,
1003 4684 1249 4739 stultum
1281 4686 1337 4737 et
1368 4680 1659 4734 interdum
1718 4677 1953 4731 noxium
1986 4677 2083 4743 sit,
2118 4679 2161 4742 D
2195 4693 2366 4731 suum
2397 4678 2708 4746 quemdam
2742 4680 2800 4732 et
2829 4677 3053 4747 vulgari
3086 4678 3264 4733 aitius
3299 4678 3472 4732 modo
3523 4679 3865 4748 sapientem

452 4778 847 4850 praefestinare
874 4774 1045 4839 votis,
1078 4777 1135 4827 et
1172 4771 1329 4826 inani
1358 4767 1749 4824 destinatione
1782 4765 2089 4825 imminere

451 4865 821 4921 successibus
852 4862 1022 4933 longe
1055 4860 1245 4914 adhuc
1276 4858 1333 4911 in
1367 4858 1627 4911 futurum
1677 4854 2085 4925 pendentibus.

448 4972 513 5009 ac
551 4972 648 5009 eos
692 4968 793 5022 spe
842 4948 1170 5021 impatienti
1219 4947 1549 5018 praecipere,
1610 4941 1925 4997 declaravit
1982 4941 2086 4996 ali-

450 5042 683 5112 quando
716 5040 807 5093 his
840 5034 1118 5107 exemplis
1150 5031 1634 5107 gymnOSOpbista
1663 5028 1783 5099 regi
1833 5030 2085 5083 Abessa-

452 5130 621 5195 lome,
655 5126 847 5182 doceri
889 5126 959 5180 de
1004 5124 1113 5178 hoc
1176 5124 1303 5192 ipso
1348 5118 1692 5191 postulanti,
1752 5115 1998 5186 loquens
2026 5116 2087 5171 in

452 5220 605 5272 hunc
632 5217 912 5279 modum;

524 5310 565 5361 Ι.
600 5305 703 5358 Vir
731 5302 966 5373 quidam
1016 5298 1217 5370 puellae
1276 5297 1387 5350 sibi
1439 5294 1597 5365 paris
1656 5292 1770 5346 ritu
1830 5291 2087 5361 legitimo

452 5394 793 5465 conjugium
827 5390 1114 5455 ambiens,
1146 5386 1588 5457 impetratojam
1603 5383 1673 5437 ad
1694 5382 1750 5435 id
1776 5386 2086 5451 parentum

451 5482 693 5554 virginis
740 5496 1011 5544 assensu,
1069 5478 1209 5530 dum
1271 5490 1437 5527 sacra
1467 5468 1752 5541 nuptialia
1781 5473 2086 5539 parantur,

451 5572 710 5625 nondum
733 5559 1626 5637 conscriptismatrimonialibus
1657 5555 1893 5623 tabulis,
1926 5557 2088 5627 cupi-

454 5660 563 5713 dus
594 5654 924 5714 ostentandi
958 5654 1164 5708 futuras
1216 5648 1380 5706 uxori
1439 5645 1744 5719 providum
1790 5640 2089 5713 exquisite

2200 4766 2485 4831 animum,
2518 4781 2794 4835 sponsam
2827 4765 3031 4820 adiens
3053 4766 3135 4819 sic
3158 4782 3284 4821 eam
3310 4766 3489 4820 fertur
3524 4764 3863 4821 allocutus:

2198 4855 2277 4905 Ex
2307 4858 2504 4907 nostro
2535 4853 2804 4923 conjugio
2835 4853 2932 4923 qui
2976 4852 3201 4923 primus
3238 4858 3508 4908 nascetur
3541 4853 3863 4925 ﬁlius,jam

2198 4956 2354 4994 nunc
2382 4939 2484 5010 qui
2524 4940 2712 4994 vocari
2760 4941 2901 4995 velis
2935 4958 3002 4995 ex
3047 4945 3104 4996 te
3156 4941 3308 4996 scire
3367 4940 3561 5012 cupio.
3630 4943 3867 5005 Quibus

2198 5029 2409 5100 pannis
2441 5036 2494 5084 et
2526 5030 2694 5099 cujus
2725 5030 3105 5085 colorisveste
3127 5029 3212 5084 uti
3238 5046 3370 5084 eum
3403 5029 3602 5101 malis,
3629 5047 3868 5101 quaeso,

2197 5116 2410 5183 indica,
2435 5117 2873 5187 quamprimum
2893 5118 3047 5172 enim
3064 5117 3313 5187 parabo;
3336 5117 3661 5172 conducam
3686 5120 3868 5173 etiam

2187 5206 2312 5275 jam
2344 5204 2455 5275 ipsi
2488 5204 2805 5259 nutricium
2833 5222 2846 5259 :
2880 5210 3093 5260 etcum
3126 5205 3251 5261 ludi
3275 5205 3553 5277 magistro
3579 5206 3675 5259 cui
3698 5223 3866 5260 com-

2199 5292 2518 5347 mittendas
2549 5297 2638 5348 est
2668 5293 3009 5363 transigam.
3056 5293 3203 5347 Huic
3233 5292 3371 5347 talia
3403 5292 3553 5346 serio
3607 5289 3865 5364 nuganti

2197 5380 2353 5434 haud
2387 5380 2558 5450 paulo
2589 5381 2880 5436 cordatior
2910 5379 3125 5434 mulier
3146 5398 3164 5433 :
3197 5380 3333 5435 Mihi
3365 5380 3605 5446 videris,
3640 5396 3865 5450 sponse

2198 5464 2412 5537 inquit,
2435 5468 2617 5522 nostri
2649 5470 2954 5538 cujusdam
3001 5468 3225 5536 famuli,
3258 5468 3631 5538 egentissimi
3664 5468 3866 5523 homi-

2197 5557 2310 5623 nis,
2343 5555 2555 5610 similis
2586 5556 2697 5611 ista
2729 5556 2887 5612 inani
2919 5555 3248 5627 provisione
3278 5556 3456 5609 nimis
3490 5560 3862 5611 remotarum

2202 5649 2258 5699 et
2288 5645 2508 5699 incerto
2565 5649 2767 5700 eventu
2831 5643 3205 5715 pendentium
3250 5658 3462 5697 rerum.
3522 5645 3603 5711 Is,
3637 5644 3862 5699 diurni-
