4108 6294
249 331 378 383 1321

1257 332 1611 385 SPECIMEN
1653 326 2049 381 SAPIENTIIE
2087 330 2418 382 INDORUM
2459 332 2621 381 VET.

3500 325 3638 378 1322

248 453 616 508 mercedibus
674 451 864 507 mellis
923 469 987 508 ac
1046 452 1237 521 butyri
1290 470 1399 506 non
1464 467 1671 521 magna
1719 450 1883 520 copia
1914 459 1965 523 Α
1998 466 2125 518 pem
2153 454 2209 504 et
2241 450 2424 505 multa
2453 454 2782 521 gementem
2818 452 3114 504 momento
3146 447 3510 502 destitueret.

252 541 514 610 collecta,
548 542 779 595 duobus
809 539 920 595 ista
965 541 1119 596 vasis
1167 558 1198 595 e
1247 546 1403 594 terra
1449 538 1642 593 coctili
1693 536 1891 593 condi-

249 631 447 695 derat;
502 645 635 683 mox
684 646 883 683 secum
930 629 1010 683 ita
1053 628 1407 683 ratiocinans
1440 631 1606 682 nocte
1638 627 1891 696 quadam

252 718 480 773 dicebat
529 717 711 785 :[Mel
742 721 865 788 'ego
915 716 1070 770 istud
1122 732 1187 770 ac
1230 717 1508 783 butyrum
1559 715 1890 785 quindecim

254 807 564 860 minimum
599 807 845 859 vendam
878 804 1167 871 denariis;
1201 820 1268 857 ex
1300 805 1389 858 his
1438 804 1637 857 decem
1687 818 1891 872 capras

253 912 464 958 emam;
497 894 579 947 bas
605 893 745 946 mihi
770 895 971 961 quinto
997 908 1196 947 mense
1218 892 1456 945 totidem
1482 890 1623 945 alias
1646 891 1890 959 parient;

253 982 511 1050 quinque
545 981 712 1035 annis
764 996 997 1051 gregem
1047 996 1354 1050 caprarum
1409 978 1569 1032 facile
1619 977 1891 1048 quadrin-

252 1076 561 1139 gentarum
614 1069 946 1135 confecero;
1000 1068 1105 1121 has
1146 1072 1505 1121 commutare
1539 1072 1676 1119 tunc
1710 1065 1893 1135 placet

253 1174 384 1211 cum
446 1157 629 1210 bobus
689 1161 944 1224 centum,
995 1155 1210 1225 quibus
1267 1154 1677 1221 exarabojvim
1727 1158 1892 1206 terra:

252 1260 551 1313 magnam,
576 1249 632 1297 et
655 1260 957 1298 numerum
992 1242 1171 1296 tritici
1204 1242 1525 1295 maximum
1559 1255 1890 1311 congeram.

253 1335 334 1384 Ex
376 1330 661 1385 fructibus
704 1331 863 1385 hisce
896 1330 1299 1400 quinquennio
1331 1329 1760 1399 multiplicatis,
1791 1344 1889 1399 pe-

255 1419 442 1473 cuniae
469 1419 694 1473 scilicet
723 1423 923 1472 tantus
955 1422 1197 1473 exsistet
1229 1418 1459 1483 modus,
1512 1424 1569 1469 ut
1622 1416 1786 1470 facile
1834 1416 1888 1469 in

252 1506 735 1576 locupletissimis
768 1506 1318 1561 numerer.Aecedet
1349 1506 1452 1558 dos
1484 1504 1681 1558 uxoris
1715 1521 1887 1574 quam

258 1593 390 1647 istis
421 1594 632 1663 opibus
662 1593 1015 1647 ditissimam
1048 1594 1369 1647 nanciscar.
1422 1596 1701 1646 Nascetur
1750 1592 1891 1645 mihi

254 1681 412 1736 ﬁlius
435 1697 606 1751 quem
629 1682 752 1750 jam
779 1698 933 1734 nunc
961 1682 1205 1734 decerno
1231 1681 1530 1733 nominare
1558 1679 1887 1745 Pancalum;

254 1770 415 1822 hunc
479 1770 739 1822 educabo
800 1768 1229 1834 liberalissime,
1286 1774 1349 1821 ut
1407 1767 1680 1821 nobilium
1747 1766 1890 1820 nulli

256 1858 558 1922 concedat;
593 1858 692 1927 qui
726 1858 798 1920 si,
834 1857 927 1910 ubi
964 1856 1295 1919 adoleverit,
1330 1862 1393 1909 ut
1416 1858 1695 1925 juventus
1727 1855 1891 1921 solet,

259 1952 666 2000 contumacem
701 1964 764 2000 se
798 1946 937 1999 mihi
972 1948 1243 2015 praebeat,
1278 1945 1429 1998 haud
1465 1946 1605 1999 feret
1634 1946 1890 2014 impune;

258 2033 466 2088 baculo
516 2034 670 2087 enim
721 2033 830 2088 hoc
879 2032 1043 2087 illum
1078 2033 1185 2087 hoc
1219 2034 1389 2087 modo
1424 2033 1646 2085 feriam.
1682 2037 1893 2103 Arrep-

262 2128 386 2174 tum
418 2122 564 2175 inter
588 2122 710 2175 haec
759 2122 1070 2174 dicendum
1120 2123 1267 2174 lecto
1315 2120 1569 2174 vicinum
1624 2120 1892 2174 baculum

264 2226 363 2279 per
394 2210 661 2263 tenebras
685 2210 946 2277 jactavit,
980 2225 1236 2277 casuque
1286 2209 1589 2261 incurrens
1635 2208 1690 2260 in
1744 2208 1897 2262 dolia

267 2297 453 2349 mellis
484 2303 533 2347 et
570 2298 759 2366 butyri
794 2298 949 2358 juxta
989 2295 1195 2363 posita,
1232 2298 1506 2357 centri-uit
1564 2302 1893 2363 utrumque,

262 2386 343 2437 ita
378 2384 679 2452 utintjus
711 2386 881 2436 eﬁﬂin
916 2402 981 2436 os
1031 2388 1384 2452 hrrbannlue
1438 2384 1602 2435 sthr
1658 2386 1893 2451 ίήἶυηῐψ

261 2472 617 2541 prosilirent,
664 2478 869 2524 caetera
894 2473 1076 2525 effusa
1107 2476 1164 2525 et
1199 2472 1371 2524 mista
1408 2473 1624 2540 pulveri
1660 2488 1895 2540 prora-ns

258 2566 793 2630 corrumperentur,
828 2577 890 2613 ac
922 2560 1368 2614 fundamentum
1404 2560 1527 2630 spei
1558 2566 1728 2613 tantae
1774 2561 1895 2614 ino-

2074 538 2142 591 Il.
2196 539 2329 593 Post
2377 539 2498 594 haec
2547 538 2633 593 vir
2685 537 2781 593 ille
2841 537 3123 607 nuptialia
3170 536 3391 607 peregit
3449 552 3634 602 sacra,

2000 641 2316 695 menseque
2364 626 2590 680 decimo
2650 625 2870 679 Lucina
2930 625 3156 678 favente
3215 624 3410 678 uxoris
3467 628 3636 693 partu

1999 718 2166 782 pater
2197 715 2383 769 factus
2414 719 2522 769 est.
2556 714 2657 767 Die
2689 714 2940 783 quadam
2974 712 3204 782 negotio
3238 716 3479 781 urgente
3518 713 3637 767 exi-

1998 808 2130 857 tura
2186 809 2370 858 mater
2416 805 2483 857 ad
2534 803 2808 869 vicinam,
2858 802 3046 855 virum
3095 802 3338 873 rogavit,
3391 807 3456 855 ut
3508 805 3635 855 tan-

1998 893 2182 961 tisper
2212 893 2351 945 dum
2387 892 2627 958 rediret,
2653 890 2953 961 invigilare
2978 907 3047 944 ne
3069 895 3405 959 gravaretur
3428 890 3637 944 infanti

1999 979 2204 1047 sopito.
2230 979 2326 1033 Ille
2360 997 2499 1033 cura
2531 984 2801 1048 suscepta
2828 979 3187 1049 negligenter
3218 980 3476 1043 functus,
3496 978 3637 1030 dum

1999 1068 2111 1121 alia
2144 1067 2404 1137 cogitans
2428 1071 2559 1121 ante
2581 1066 2917 1120 cubiculum
2945 1066 3542 1135 inambulat,serpcns
3565 1066 3636 1119 ad

2000 1171 2181 1207 cunas
2204 1154 2916 1223 adrepebat,peremptura
2942 1169 3212 1222 puerum,
3239 1152 3349 1205 nisi
3381 1153 3638 1222 nympha

2000 1242 2335 1311 conspicata
2400 1242 2835 1296 inscendentem
2898 1242 3021 1309 jam
3080 1240 3359 1294 lectulum
3428 1240 3633 1309 populi

1990 1332 2244 1400 jacentis
2277 1331 2661 1385 suavissimum
2694 1330 3000 1384 colubrum
3037 1330 3264 1384 irruens
3306 1329 3637 1384 occidisset.

1997 1420 2208 1474 Audito
2254 1436 2416 1489 pater
2465 1422 2718 1490 quodam
2768 1419 2921 1472 intra
2975 1419 3310 1473 cubiculum
3367 1418 3638 1486 strepitu,

1998 1525 2130 1560 cum
2195 1507 2344 1561 fores
2402 1507 2749 1577 aperuisset,
2799 1506 2942 1559 vidit
2997 1506 3256 1560 vitricem
3317 1506 3637 1577 nympham

1998 1596 2163 1665 hydri
2194 1612 2362 1664 quem
2398 1599 2700 1649 necaverat
2732 1595 3021 1663 perfusam
3058 1596 3361 1664 sanguine,
3392 1603 3635 1647 temere-

2000 1682 2399 1753 quejudicans
2424 1682 2692 1735 nocuisse
2716 1681 2870 1734 illam
2901 1686 3302 1751 puero,statim
3325 1698 3633 1735 accurrens

2004 1770 2311 1822 interfecit.
2346 1769 2495 1821 Tum
2527 1785 2840 1822 conversus
2871 1771 2938 1821 ad
2976 1786 3179 1831 cunas,
3228 1769 3323 1821 ulii
3379 1768 3633 1837 proxime

2005 1856 2160 1925 ipsas
2186 1856 2469 1923 iacentem
2497 1858 2789 1908 mortuum
2825 1855 3123 1922 conspexit
3147 1853 3475 1919 colubrum,
3511 1870 3636 1907 sero

2004 1942 2283 1997 intellexit
2311 1943 2461 1996 mala
2485 1959 2544 1995 se
2572 1943 2829 1996 merCede
2861 1958 3262 1996 remunerasse
3288 1942 3637 1995 beneficium

2006 2032 2275 2103 nympha:
2305 2032 2398 2085 cui
2431 2032 2675 2085 salutem
2712 2031 2810 2084 tilii
2839 2032 3085 2085 debebat
3119 2048 3130 2084 :
3165 2036 3221 2086 et
3252 2031 3559 2085 festinasse
3583 2046 3643 2083 se

2007 2120 2505 2189 pcenitens,etiam
2542 2119 2716 2183 ﬂevit,
2750 2120 3155 2188 praevolantem
3190 2137 3384 2181 suum,
3416 2125 3471 2173 et
3503 2120 3645 2172 dum

2007 2208 2344 2277 longinquis
2388 2208 2589 2269 inhiat,
2628 2206 2925 2277 praesentia
2961 2226 3070 2261 non
3107 2214 3460 2273 cernentem,
3495 2208 3643 2261 serio

2006 2300 2433 2347 eun-.ndmidnm
2491 2297 2803 2346 decernens
2875 2297 3151 2347 animum.
3218 2296 3339 2347 liiec
3414 2297 3640 2347 lurntns

2008 2388 2508 2454 μδῚιηιωμίηιὴιΰιᾶ.
2544 2386 2786 2447 ηιηνθλιυ
2823 2404 2967 2449 Γγμῑβ
3004 2396 3107 2433 rn’I

2008 2482 2105 2537 ut;
2146 2473 2238 2525 lllU
2273 2489 2503 2542 quoque
2537 2482 2849 2526 annuente.

3124 2387 3181 2433 ri“
3211 2404 3353 2433 μτδμε·
3390 2405 3445 2434 Sil
3486 2394 3631 2451 ιιίιίὶιλ

1339 2854 1862 2914 DISSERTATIO
1911 2856 1997 2913 PA
2010 2854 2395 2912 RABOLICA
2439 2853 2540 2911 VII
2554 2900 2566 2912 .

270 2961 398 3016 Pro
426 2976 597 3037 scopo
628 2956 807 3017 habet
832 2963 1128 3017 ostendere
1158 2967 1448 3038 quantum
1475 2977 1629 3017 uxor
1650 2957 1911 3038 prudens
1939 2967 1995 3018 et
2021 2958 2178 3037 ﬁdus
2206 2976 2275 3038 ac
2301 2962 2543 3038 sapiens
2584 2958 2956 3016 consiliarius
3010 2960 3178 3019 utiles
3227 2960 3365 3036 regi
3404 2960 3521 3019 sint
3566 2960 3648 3019 ad

914 3036 1330 3117 praecavéndas
1362 3037 1607 3097 insidias
1635 3036 1816 3116 regno
1846 3056 1915 3097 ac
1942 3036 2132 3118 capiti
2154 3037 2286 3114 eius
2310 3036 2628 3116 perniciem
2655 3046 2967 3097 struentes.

337 3195 548 3250 Vocato
579 3195 785 3250 deinde
814 3196 907 3250 die
956 3196 1210 3266 quadam
1253 3196 1739 3268 gymnosophista
1807 3214 1904 3251 rex

2016 3213 2286 3284 improbi,
2320 3213 2483 3268 facile
2510 3214 2771 3269 coierunt
2809 3214 2868 3268 in
2918 3215 3268 3271 sententiam
3319 3216 3644 3272 sceleratis-

267 3283 931 3355 Abessalom,Magnam,
954 3283 1165 3353 inquit,
1187 3302 1220 3339 a
1247 3288 1303 3339 te
1333 3284 1503 3340 hodie
1534 3300 1656 3340 rem
1687 3302 1902 3356 quaero,

267 3372 411 3426 mihi
446 3372 832 3427 necessariam
892 3371 953 3425 in
987 3371 1217 3442 primis,
1249 3372 1467 3441 quibus
1497 3374 1724 3429 artibus
1755 3389 1904 3428 asse-

263 3466 481 3524 quatur
512 3477 609 3516 rex
658 3464 721 3514 ut
770 3461 977 3515 domus
1025 3462 1152 3530 ejus
1201 3460 1623 3531 tranquillitate
1672 3479 1737 3516 ac
1767 3479 1906 3533 pace

266 3549 496 3602 fruatur
518 3548 900 3604 inconcussa?
916 3547 1123 3619 plusne
1145 3549 1215 3602 ad
1241 3550 1296 3603 id
1322 3549 1578 3604 conferat
1607 3551 1905 3620 patientia,

268 3653 340 3690 an
371 3637 511 3692 recti
544 3637 779 3692 conscia
825 3652 1013 3703 mens,
1065 3653 1139 3690 an
1192 3637 1446 3708 denique
1491 3636 1751 3695 liberalis
1794 3639 1908 3694 lar-

268 3722 413 3793 gitio
432 3723 459 3776 ‘t

345 3814 391 3865 Ι.
413 3811 496 3865 Ad
523 3810 640 3865 haac
661 3811 1140 3882 gymnosophista
1164 3812 1247 3866 sic
1270 3814 1608 3883 respondit:
1634 3815 1910 3870 Pacandae

268 3900 404 3954 etin
421 3915 560 3970 pace
576 3900 985 3954 conservandae
999 3900 1195 3955 domui
1218 3900 1628 3957 efﬁcacissima
1648 3905 1913 3959 omnium

271 4005 367 4043 res
428 3991 519 4042 est
577 3987 887 4057 prudentia
947 3987 1265 4043 tolerantiae.
1318 3991 1648 4059 conjuncta,
1707 3992 1916 4047 deinde

275 4074 635 4145 sapientium
668 4079 997 4145 opportuna
1047 4074 1310 4142 consilia,
1357 4082 1650 4147 postremo
1699 4079 1914 4151 optima

275 4169 335 4220 et
361 4162 901 4218 consideratissima
925 4164 1525 4220 materfamiliasﬂaec
1546 4168 1743 4220 omnia
1763 4169 1919 4222 velut

278 4252 338 4306 in
374 4250 615 4323 speculo
645 4250 795 4305 clare
826 4268 1058 4306 cernere
1086 4251 1284 4306 licebit
1315 4252 1370 4306 in
1402 4270 1468 4307 eo
1498 4254 1651 4324 quod
1683 4256 1916 4310 cuidam

292 4341 574 4396 Indorum
606 4339 723 4408 regi
756 4339 1012 4409 contigit.
1048 4341 1105 4394 Id
1138 4345 1333 4395 autem
1378 4347 1466 4396 est
1516 4342 1847 4411 hujusmodi
1904 4362 1916 4398 :

280 4427 442 4482 Vidit
489 4426 583 4481 ille
632 4443 731 4481 rex
783 4444 899 4481 una
947 4431 1111 4481 nocte
1144 4433 1272 4481 octo
1304 4430 1533 4485 somnia
1563 4430 1831 4499 terriﬁca,
1864 4437 1920 4487 et

2010 3301 2240 3356 simam.
2272 3307 2402 3356 Haec
2433 3302 2587 3357 enim
2621 3302 2733 3356 fuit
2760 3318 2963 3357 eorum
2989 3304 3173 3358 oratio
3207 3320 3221 3358 :
3256 3305 3374 3359 Rex
3414 3304 3506 3360 hic
3553 3305 3642 3358 in-

2012 3405 2283 3444 numeros
2333 3393 2543 3444 nostra;
2603 3394 2768 3444 sectae
2823 3406 2890 3445 ac
2939 3392 3195 3447 nominis
3244 3392 3447 3464 paucis
3489 3397 3640 3447 retro

2012 3478 2182 3533 annis
2212 3477 2521 3545 interfecit,
2555 3477 2873 3533 ulciscendi
2900 3481 3027 3550 ejus
3068 3497 3139 3535 en
3192 3481 3347 3537 Deus
3387 3481 3642 3536 occasio-

2014 3582 2144 3620 nem
2182 3565 2349 3619 nobis
2378 3565 2562 3631 offert,
2596 3583 2712 3633 qua
2742 3583 2976 3637 sperare
3006 3571 3457 3625 commodiorem
3490 3587 3643 3623 nun-

2014 3670 2190 3725 quam
2227 3670 2538 3723 possumus
2572 3670 2585 3708 :
2616 3654 2946 3725 arripienda
2977 3672 3045 3711 ea
3073 3662 3179 3727 est,
3214 3658 3480 3729 nihilque
3513 3677 3641 3729 par-

2014 3742 2263 3797 cendum
2297 3740 2613 3811 quominus
2636 3758 2703 3795 ea
2734 3748 2973 3798 utamur
3002 3746 3074 3799 ad
3106 3762 3283 3816 quam
3328 3748 3644 3802 maximam

2017 3830 2075 3884 in
2107 3830 2233 3899 ejus
2265 3834 2437 3900 caput
2467 3832 2873 3885 accersendam
2923 3834 3256 3902 perniciem.
3308 3835 3424 3890 Hoc
3474 3836 3650 3908 igitur

2019 3918 2499 3987 respondebimus
2531 3920 2801 3973 concordi
2827 3922 3053 3989 judicio
3087 3940 3099 3978 :
3132 3924 3450 3995 Postquam
3487 3942 3649 3981 scru-

2022 4006 2122 4060 tati
2174 4006 2392 4060 scilicet
2446 4006 2626 4060 libros
2687 4024 2929 4063 arcanos
2986 4027 3215 4076 sumus,
3269 4015 3650 4069 consideratis

2021 4093 2457 4148 accuratissime
2487 4093 2782 4161 omnibus,
2821 4097 2972 4151 clare
3012 4100 3312 4168 providere
3361 4119 3487 4169 nos,
3536 4104 3650 4157 im-

2022 4196 2282 4234 mensam
2310 4182 2624 4250 quamdam
2650 4183 2903 4237 cladium
2928 4202 2991 4239 ac
3013 4187 3410 4243 calamitatum
3430 4192 3542 4244 vim
3566 4192 3652 4246 ira

2025 4287 2156 4323 mox
2206 4271 2376 4323 deum
2430 4270 2487 4323 in
2536 4286 2731 4341 regem
2784 4273 3221 4346 devolvendam,
3275 4279 3386 4333 nisi
3444 4280 3650 4350 exiguo

2024 4358 2175 4428 quod
2212 4362 2478 4427 superest
2507 4362 2763 4428 tempore
2797 4360 3038 4430 piaculis
3080 4364 3304 4420 idoneis
3354 4374 3657 4437 praevertat

2026 4444 2428 4499 imminentem
2463 4451 2702 4515 pestem,
2726 4448 3016 4520 eluatque,
3041 4452 3257 4521 quibus
3289 4455 3440 4511 male
3470 4459 3657 4525 perire

282 4516 670 4570 conturbatus
698 4514 883 4580 valde,
916 4514 1010 4569 ubi
1037 4514 1390 4585 evigilasset,
1423 4522 1708 4587 quotquot
1755 4527 1904 4574 erant

2028 4532 2578 4600 meruerit,scelera;
2600 4534 2888 4592 horrenda
2918 4539 3153 4608 quidem
3186 4542 3342 4597 dictu
3372 4514 3500 4600 esse
3530 4563 3657 4616 quae

280 4604 340 4657 in
393 4604 538 4658 urbe
589 4608 710 4658 tum
760 4602 916 4672 regia
947 4603 1257 4658 brachmas
1287 4606 1643 4673 convocavit,
1675 4613 1917 4662 cuncta-

282 4709 400 4763 que
431 4692 513 4746 ita
542 4690 839 4761 sigillatim
890 4691 1195 4761 proposuit
1235 4692 1548 4759 insomnia,
1601 4696 1740 4764 quid
1794 4713 1919 4767 por-

285 4779 595 4834 tenderent
622 4778 951 4848 exquirens.
988 4779 1077 4844 Hi,
1108 4780 1382 4834 omnibus
1413 4784 1632 4836 attente
1684 4785 1922 4867 auditis,

285 4867 737 4937 responderunt,
772 4883 981 4938 magna
1009 4872 1066 4922 et
1097 4867 1245 4922 mira
1276 4867 1591 4937 signiﬁcari
1614 4870 1755 4927 visis
1785 4872 1923 4937 illis,

284 4958 390 5010 sed
424 4953 641 5025 quibus
670 4958 728 5008 et
757 4959 953 5009 exacte
1001 4955 1404 5010 discernendis
1452 4962 1507 5011 et
1554 4964 1708 5014 certo
1757 4977 1925 5017 enar-

284 5042 491 5098 randis
521 5043 713 5115 spatio
745 5047 899 5097 esset
925 5060 1073 5115 opus
1103 5060 1169 5099 ac
1208 5044 1436 5113 studio;
1482 5045 1812 5118 indulgeret
1855 5053 1924 5105 ad

284 5130 691 5186 meditandum
744 5148 967 5186 moram
1012 5132 1240 5187 dierum
1268 5139 1513 5203 septem,
1549 5140 1680 5204 post
1710 5137 1927 5194 hebdo-

285 5221 522 5274 madem
556 5220 849 5274 redituros
880 5235 940 5274 se
972 5223 1028 5275 et
1054 5220 1165 5291 ipsi
1199 5221 1567 5292 exposituros
1619 5230 1739 5280 tum
1792 5231 1926 5297 quid

286 5307 576 5362 malorum
608 5312 666 5363 et
693 5312 983 5376 quantum
1016 5307 1137 5361 hac
1168 5313 1393 5363 ostenta
1418 5310 1926 5383 minarentur,tum

286 5412 319 5464 q
332 5394 430 5448 uid
451 5394 522 5449 iis
536 5394 993 5450 averruncandis
1006 5396 1398 5451 necessarium
1415 5397 1597 5468 factuj
1609 5400 1680 5453 ud
1693 5401 1926 5459 icarent.

286 5482 647 5538 Assentiente
679 5484 735 5537 in
766 5482 888 5537 haec
914 5500 1067 5554 rege,
1101 5483 1328 5539 dimissi
1362 5485 1744 5544 brachmanes
1793 5509 1928 5547 con-

282 5585 491 5624 venere
526 5572 580 5624 in
615 5588 895 5625 arcanum
931 5576 1164 5638 acetum,
1224 5573 1346 5640 ubi,
1400 5579 1461 5627 ut
1510 5590 1713 5632 omnes
1767 5588 1933 5637 erant

609 5691 862 5748 l’ATBOL.
910 5690 1019 5749 Gs.
1065 5690 1317 5750 CXLIII.

2027 4624 2098 4677 ab
2122 4638 2186 4675 eo
2208 4621 2289 4676 dii
2310 4622 2669 4692 exigant,sed
2692 4640 2994 4695 nunquam
3018 4629 3195 4684 nimis
3227 4647 3505 4703 magnum
3529 4636 3657 4689 vitae

2029 4726 2094 4766 ac
2120 4709 2330 4764 salutis
2357 4708 2540 4765 videri
2572 4712 2821 4781 pretium
2853 4714 3062 4771 debere
3095 4735 3107 4772 :
3142 4717 3249 4773 hac
3287 4719 3411 4776 sola
3458 4724 3658 4777 condi-

2032 4798 2189 4852 tione
2220 4797 2569 4852 incolumem
2602 4797 2769 4853 illum
2802 4817 3043 4872 regnare
3073 4805 3344 4877 deinceps
3372 4826 3562 4879 posse,
3612 4813 3662 4867 si

2036 4886 2324 4956 propriam
2359 4901 2618 4952 uxorem,
2652 4887 2702 4941 si
2735 4888 2922 4943 filium
2955 4907 3022 4945 ex
3052 4909 3118 4948 ea
3150 4900 3374 4961 natum,
3402 4898 3451 4951 si
3485 4900 3661 4970 privi-

2034 4990 2239 5044 gnum,
2272 4974 2536 5028 mulieris
2566 4975 2829 5043 ejusdem
2863 4994 2930 5032 ex
2960 4980 3136 5049 priori
3183 4984 3305 5038 viro
3354 4985 3563 5056 ﬁlium,
3614 4990 3664 5042 si

2036 5079 2169 5117 cum
2202 5062 2273 5117 iis
2305 5063 2623 5131 principem
2656 5064 2793 5133 regii
2827 5073 3065 5122 senatus
3098 5075 3156 5124 et
3203 5076 3664 5141 protonotarium

2036 5149 2411 5218 interfecerit,
2442 5150 2488 5204 si
2519 5156 2794 5219 praeterea
2841 5155 3252 5212 sacrificaverit
3299 5161 3664 5232 elephantem

2037 5237 2235 5291 album
2269 5254 2382 5307 quo
2429 5237 2556 5291 vehi
2608 5242 3026 5313 consuevisset,
3075 5261 3325 5317 cumque
3373 5249 3470 5305 illo
3519 5253 3667 5307 duos

2038 5324 2184 5380 alios
2218 5342 2287 5380 ex
2338 5330 2453 5380 toto
2505 5326 2796 5397 regiorum
2850 5347 3094 5388 numero
3138 5336 3444 5407 maximos,
3486 5340 3667 5395 simul

2039 5413 2213 5468 etiam
2247 5430 2459 5482 equum
2511 5421 2567 5469 et
2612 5416 2919 5472 camelum.
2970 5424 3186 5476 Horum
3241 5427 3501 5482 omnium
3549 5434 3667 5485 tam

2040 5500 2345 5554 hominum
2388 5518 2564 5572 quam
2618 5506 2903 5574 pecudum
2946 5509 3352 5579 jugulatorum
3405 5532 3669 5572 cruorem

2042 5588 2261 5658 phialis
2292 5589 2585 5645 inclusum
2615 5592 2754 5647 daro
2788 5594 2844 5648 in
2879 5611 3090 5653 manus
3124 5616 3313 5670 regem
3341 5604 3447 5657 sibi
3477 5607 3676 5660 brach-

3283 5723 3361 5779 42
