4108 6294
482 218 619 270 1323

1979 225 2363 279 APPENDIX.

3731 230 3853 282 13-25

488 342 760 395 inanibus
792 342 1018 407 debere,
1054 342 1183 397 illas
1211 361 1271 397 se
1302 344 1527 413 phialas
1574 348 2005 403 inlroductnros
2062 348 2119 401 in
2152 360 2206 423 Α
2237 362 2427 415 regem
2464 347 2800 410 monebant,
2833 353 3205 417 componeret
3237 348 3495 404 animum
3546 351 3615 403 ad
3670 368 3859 420 paren-

490 432 661 498 adyta
693 433 1086 497 sanctissima,
1124 433 1321 503 ibique
1352 436 1562 491 ritibus
1595 440 1778 492 sam-is
1811 456 1875 492 ac
1916 440 2124 492 carmi-

488 520 683 587 nibus,
718 538 841 588 quae
891 522 959 575 ad
1011 522 1366 590 expiationes
1414 525 1675 579 efficacia
1723 528 1833 596 ipsi
1887 534 2126 581 nossent

482 608 613 676 soli,
662 610 903 663 daturos
952 610 1211 664 sedulam
1264 628 1500 681 operam
1551 617 1914 669 exarmandae
1945 618 2122 670 deum

478 695 597 759 iraa,
636 698 1041 766 contidereque
1072 698 1402 764 elfecturos,
1440 706 1501 754 ut
1531 701 1731 757 litasse
1778 705 1908 759 istis
1954 706 2125 759 victi-

479 785 612 847 mis,
648 792 702 838 et
735 785 924 838 minas
967 792 1363 853 portentorum
1415 807 1448 842 a
1497 806 1557 843 se
1609 791 1901 860 depulisse
1951 809 2124 862 expe-

482 872 691 927 rientia
723 890 819 927 rex
848 890 1125 942 prospera
1172 876 1433 942 sentiret,
1487 877 1768 933 inoffenso
1819 881 2118 951 deinceps,

478 961 561 1013 uti
594 967 781 1027 antea,
835 962 1085 1016 tenendo
1138 963 1367 1030 privatae
1415 982 1480 1019 ac
1535 967 1778 1033 publica:
1829 968 2120 1023 felicitatis

475 1065 669 1104 cursu.
716 1054 845 1104 Haec
896 1051 1281 1105 brachmanes
1334 1054 1414 1106 uti
1468 1062 1919 1123 composuerant
1969 1058 2120 1111 inter

477 1138 715 1202 sese,sic
748 1144 945 1206 postea
977 1140 1403 1210 regi,tanquam
1432 1158 1500 1195 ex
1531 1144 1759 1212 tripode
1790 1145 2114 1213 oraculum,

476 1226 809 1280 ediderunt.
1210 1236 1211 1239 ‘

548 1350 617 1403 Il.
647 1350 705 1402 In
741 1366 854 1418 quo
888 1349 1349 1405 insidiosissimte
1385 1353 1610 1407 fraudis
1642 1354 1791 1409 hanc
1827 1356 2110 1411 rationem

478 1438 923 1506 sequebantur:
972 1438 1290 1508 principem
1344 1456 1515 1509 quem
1569 1444 1822 1511 pessime
1860 1436 2114 1499 ‘oderant

477 1526 696 1579 nudare
719 1520 1134 1597 potentissimo
1170 1528 1438 1596 prtesidio
1470 1530 1717 1584 duorum
1752 1532 1861 1603 ipsi
1896 1534 2111 1587 fidissi-

476 1618 705 1667 mOrum
766 1612 1023 1684 capitum
1086 1616 1422 1685 studebant,
1478 1618 1746 1672 sic‘e’um
1782 1619 2106 1675 obnoxium

2238 436 2375 489 dum
2410 438 2513 489 deo
2550 451 2563 488 :
2597 435 2875 503 cogitaret
2906 435 3053 489 nihil
3100 438 3374 508 cuiquam
3426 439 3741 509 pretiosius
3783 460 3862 495 sa-

2237 524 2356 576 lute
2383 538 2509 577 esse
2560 523 2794 592 propria
2840 524 3081 591 debere;
3132 524 3189 579 id
3236 542 3366 579 cum
3428 543 3741 582 commune
3795 531 3858 584 ad

2232 628 2434 665 omnes
2460 616 2682 665 naturae
2704 612 2984 666 dictatum
3018 614 3115 681 sit,
3140 630 3339 683 regum
3376 619 3591 677 tamen,
3617 632 3857 685 quorum

2229 700 2417 769 capite
2447 707 2637 755 status
2671 702 2833 771 regni
2883 701 3116 771 publica
3163 704 3397 757 fortuna
3447 705 3856 769 contineretur,

2230 787 2584 855 peculiarem
2618 805 2747 842 esse
2780 790 3085 855 tationem,
3118 792 3190 847 ob
3224 807 3399 861 quam
3443 792 3590 847 bene
3639 795 3859 862 quidvis

2230 874 2610 945 impendatur
2636 894 2835 931 eorum
2891 880 3279 935 incolumitati
3328 882 3721 947 conﬁciendae,
3769 902 3858 937 ne-

2229 963 2383 1018 mine
2415 965 2525 1019 nisi
2560 965 2837 1021 scelerate
2870 973 3206 1021 recusaturo
3239 968 3675 1039 impendentem
3726 972 3857 1040 ipsis

2226 1058 2447 1122 pestem
2506 1055 2573 1107 ad
2636 1072 2697 1108 se
2753 1054 3048 1109 attrahere
3096 1073 3161 1111 ac
3214 1062 3452 1111 vertere.
3504 1060 3589 1111 Ita
3638 1060 3856 1114 dimissi

2228 1140 2615 1197 brachmanes
2645 1148 3028 1198 recesserunt.

2296 1264 2390 1319 ΙΙΙ.
2428 1265 2544 1319 Rex
2576 1283 2729 1331 vero,
2752 1267 3092 1336 aegritudine
3124 1268 3301 1322 animi
3336 1271 3599 1324 omnium
3632 1287 3777 1341 quas
3804 1271 3856 1325 in

2220 1346 2334 1405 vita
2364 1358 2655 1407 sensisset
2678 1350 2933 1409 afflictus
2964 1342 3343 1426 gravissima,'
3366 1344 3858 1421 (lcetibiiitijnedia

2220 1438 2528 1511 vigiliaque
2586 1438 3022 1518 contabesccns,
3084 1432 3350 1513 totasque
3407 1448 3681 1499 continue
3736 1447 3851 1499 dies

2221 1529 2432 1596 pariter
2454 1544 2518 1582 ac
2542 1536 2740 1584 noctes
2761 1537 2955 1584 mente
2979 1522 3489 1602 pertu‘rbati'ssima
3512 1536 3850 1599 retractans,

2216 1630 2349 1669 cum
2384 1606 2687 1671 terrificas.
2716 1612 2973 1673 visorum
3022 1618 3328 1688 imagines,
3381 1626 3519 1675 tum'
3558 1622 3739 1675 multo
3782 1628 3854 1677 te-

468 1702 695 1755 cunctis
728 1702 971 1756 fortunae
1005 1708 1180 1774 atque
1210 1703 1443 1757 invidiae
1463 1706 1797 1761 turbinibUS
1821 1696 1928 1761 rati
1958 1700 2104 1762 ‘fore.
2140 1721 2185 1783 Β
2217 1700 2395 1757 triora
2442 1721 2566 1775 qua?
2598 1704 2671 1759 iis
2703 1709 2867 1783 erant
2898 1708 3280 1776 procurandis
3315 1709 3541 1779 piacula
3574 1709 3851 1778 inioncta.

467 1789 729 1844 Habebat
761 1806 855 1843 rex
884 1792 1212 1862 conjiigem,
1245 1796 1589 1846 matronam
1624 1790 1791 1849 facile
1839 1796 2101 1850 omnium

470 1893 596 1947 qua:
629 1882 749 1930 tum
781 1878 1035 1932 viverent
1064 1866 1468 1947 lectissimum,
1506 1882 1818 1951 pudicitiae,
1870 1884 2101 1954 sapien~

470 1966 582 2034 tiae,
634 1966 937 2020 charitatis
970 1967 1028 2020 in
1062 1967 1245 2021 virum
1280 1974 1530 2038 quantas
1565 1970 1850 2026 maXimas
1880 1973 2103 2043 Optima

464 2044 690 2107 indoles
722 2058 777 2107 et
809 2054 1077 2108 edu'eatio’
1106 2054 1547 2126 praeStinissima
1593 2058 1844 2113 inserere
1896 2060 2098 2135 mulie-

467 2140 557 2194 bri
592 2142 783 2195 animo
818 2132 1175 2211 potest.Cum
1212 2144 1315 2199 hac
1342 2147 1411 2199 ad
1447 2142 1909 2219 regni'regisq‘ue
1942 2132 2103 2202 com—

466 2231 638 2282 moda
666 2235 719 2283 et
755 2230 1031 2285 utilitates
1064 2234 1457 2301 procurandas
1490 2222 1698 2289 arcano
1734 2225 2105 2306 conspirabat

462 2317 580 2382 ille,
610 2335 782 2387 quem
817 2320 1154 2385 memoravi,
1185 2326 1422 2375 senatus
1458 2323 1726 2393 prinCeps
1771 2324 1935 2394 regii,
1988 2314 2100 2395 pri?

468 2406 687 2460 marios
727 2407 1191 2462 consiliariorum
1240 2410 1412 2478 regis,
1464 2413 1677 2463 summi
1730 2410 1815 2465 vir
1864 2414 2103 2481 ingenii,

470 2493 966 2549 excellentissima;
1026 2498 1323 2563 doctrinae,
1376 2498 1505 2551 fidei
1568 2515 1721 2568 vero,
1776 2501 2099 2568 industriae,

463 2582 823 2636 dexteritatis
864 2585 921 2636 in
970 2584 1143 2637 rebus
1192 2585 1700 2655 administrandis,
1761 2590 2099 2657 prudentim,

464 2671 828 2735 innocentiae,
866 2677 1179 2739 tantarum,
1214 2679 1278 2727 ut
1309 2674 1407 2742 qui
1439 2676 1509 2729 de
1539 2675 1635 2729 illo
1668 2677 2101 2747 incorruptissi-

463 2778 554 2815 me
586 2762 1123 2833 censebant,parem
1158 2762 1241 2816 illi
1272 2764 1499 2832 uspiam
1532 2769 1821 2819 terrarum
1854 2767 1910 2819 in
1944 2769 2101 2822 omni

462 2866 673 2917 genere
702 2850 894 2904 laudis
927 2852 1302 2920 desperarent
1338 2870 1507 2921 posse
1557 2850 1815 2923 reperiri.
1868 2856 1929 2908 In
1984 2858 2103 2911 Ι]ωο

463 2938 646 3007 igitur
674 2940 789 2993 duo
821 2939 1115 2993 columina
1147 2942 1551 3010 prosperitatis
1580 2942 1734 3012 regis
1777 2943 2100 3000 invidentes

461 3026 575 3095 ipsi
625 3028 830 3080 nefarii
878 3028 1203 3097 proditores
1244 3028 1574 3082 machinam
1610 3031 1892 3099 praecipue
1922 3033 2097 3086 istam

459 3115 869 3183 intendebant;
908 3132 1039 3169 nam
1067 3117 1219 3185 quod
1254 3116 1398 3169 alios
1428 3118 1644 3185 pariter
1669 3120 1852 3172 occidi
1896 3121 2099 3188 jussos

459 3200 552 3255 his
602 3203 993 3266 miscuerant;
1036 3203 1345 3257 artiﬁcium
1376 3202 1608 3258 sceleris
1640 3206 1965 3261 et‘ultionis
1992 3225 2097 3262 cu-

462 3290 661 3344 mulus
692 3295 835 3356 erat,
868 3290 1165 3359 siquidem
1198 3298 1253 3344 et
1280 3291 1566 3361 adigendo
1598 3309 1730 3364 rege
1761 3296 1839 3348 ad‘
1880 3297 2094 3351 caedem

460 3378 752 3448 regiorum
787 3380 899 3448 ipsi
932 3378 1415 3433 ebarissimorum
1442 3382 1751 3449 juvenum,
1785 3385 1851 3437 ad
1884 3384 2094 3439 immoé

459 3466 737 3521 lationem
805 3467 1180 3535 elephantum
1241 3468 1610 3539 aliorumque
1663 3471 2092 3539 jumentorum,

458 3554 675 3623 quibus
707 3571 839 3608 eum
872 3556 1137 3609 sciebant
1190 3556 1464 3610 delectari
1512 3558 1854 3625 plurimum,
1904 3568 2093 3615 tener-

452 3644 633 3697 riinos
662 3644 791 3711 ejus
822 3644 1061 3698 affectus
1092 3644 1517 3699 con‘vulnerare
1547 3662 1672 3701 sese
1703 3650 1973 3703 atrociter
2012 3650 2094 3703 vi-

453 3732 752 3796 debant,et
783 3733 998 3787 famam
1032 3738 1305 3802 praeterea
1334 3735 1490 3788 exosi
1525 3736 1805 3806 principis
1829 3738 2094 3793 incendio

454 3818 625 3890 longe
676 3821 1130 3890 ﬂagrantissimo
1188 3822 1487 3893 pepuleris
1545 3824 1773 3877 invidiae
1821 3828 2091 3895 objicere.

455 3909 604 3962 Tum
638 3925 771 3963 vero
801 3909 914 3963 ista
946 3909 1247 3978 inopinata
1272 3911 1688 3978 conjunctione
1718 3916 1802 3966 tot
1834 3917 1952 3966 tam
2002 3914 2093 3966 di-

452 4011 754 4050 versorum
806 3996 1062 4066 capitum
1114 4014 1425 4051 eversuros
1465 4014 1527 4051 se
1553 4000 1870 4067 sperabant
1899 4002 2093 4072 suspi-

456 4082 650 4138 ciones
683 4100 817 4138 cum
850 4084 1002 4153 regis
1030 4088 1156 4137 tum
1189 4090 1553 4151 caaterorum,
1606 4087 1676 4141 ab
1728 4089 2094 4143 animadver-

459 4170 621 4226 sione
674 4172 949 4243 praecipui
998 4174 1090 4226 sui
1139 4173 1253 4226 odii
1300 4174 1358 4227 in
1390 4175 1647 4241 reginam
1679 4192 1745 4229 ac
1771 4178 2092 4248 principem

460 4264 721 4329 senatus,
756 4263 905 4331 quod
940 4261 1136 4315 odium
1168 4261 1215 4315 si
1248 4268 1626 4329 enotesceret,
1675 4280 1945 4334 magnam
1999 4282 2092 4320 co-

458 4349 695 4403 natibus
720 4355 777 4403 et
798 4348 1177 4403 clandestinis
1196 4349 1599 4404 molitionibus
1624 4367 1823 4407 eorum
1843 4356 2093 4409 securim

2214 1782 2722 1847 Percrebréscente
2754 1786 2865 1848 late
2902 1794 3061 1848 fama
3109 1794 3261 1866 regis
3314 1796 3525 1863 incirb'i,
3579 1799 3685 1850 etsi
3736 1804 3855 1851 erat

2210 1868 2341 1933 vera
2372 1876 2499 1949 ejus
2530 1874 2705 1935 causa
2737 1868 3172 1951 insus’picabilis
3205 1882 3845 1954 hunianitus,quoniam

2212 1982 2318 2021 nec
2349 1956 2869 2033 s‘omnlorum,“ne‘c
2902 1968 3247 2039 cengressus
3287 1970 3419 2025 cum
3476 1964 3848 2027 brachmanié

2212 2053 2319 2108 bus
2368 2054 2553 2109 ullum
2589 2048 2825 2110 omnino
2858 2052 3094 2113 suorum
3124 2054 3533 2129 ‘rex‘adhibei‘e
3566 2061 3848 2115 arbitrum

2211 2142 2489 2210 voluerat,
2524 2160 2635 2198 non
2668 2145 2872 2199 lel'ellit
2920 2151 3107 2200 tamen
3158 2134 3368 2200 Palarii
3424 2138 3721 2203 solertiam
3773 2151 3850 2205 (id

2210 2220 2355 2285 erat
2382 2230 2591 2286 nomen
2642 2226 2885 2303 principi
2932 2226 3191 2305 Senatus)
3224 2235 3418 2289 animo
3448 2238 3637 2306 magis
3669 2254 3846 2307 quam

2210 2326 2450 2387 corpore
2484 2314 2757 2373 ‘laborare
2809 2324 3023 2391 regem;
3080 2323 3148 2376 Et
3199 2324 3394 2391 prima:
3453 2327 3628 2377 certis
3679 2318 3850 2394 parte:

2212 2406 2563 2473 conjecturis
2593 2408 2827 2461 innixus
2861 2410 3099 2475 notitiae,
3135 2406 3346 2463 institit
3394 2412 3605 2465 deinde
3656 2414 3851 2481 inqui-

2215 2486 2835 2563 rere,circumspicere,
2869 2482 3096 2549 oddi'ari
3123 2494 3598 2566 atqu'e'indagare
3620 2506 3849 2565 cuncta,

2210 2597 2314 2634 suo
2346 2576 2638 2634 acerrimae
2672 2582 3007 2651 sagacitatis
3032 2582 3293 2653 ingenio,
3348 2584 3535 2654 quoad
3590 2584 3759 2654 plane
3794 2586 3847 2639 in

2213 2669 2315 2722 hoc
2338 2669 2563 2737 judicio
2612 2670 2895 2738 consedit,
2944 2673 3164 2739 deesse,
3216 2679 3279 2725 ut
3327 2688 3418 2725 res
3468 2675 3847 2743 apparebant,

2209 2773 2324 2810 non
2359 2773 2526 2824 posse
2554 2757 2693 2826 quin
2728 2757 3022 2811 somnium
3056 2775 3151 2813 rex
3182 2776 3355 2813 suum
3388 2760 3623 2830 aliquod
3652 2764 3725 2815 ad
3758 2778 3847 2815 ce-

2208 2844 2399 2897 lebres
2422 2845 2625 2901 talium
2650 2848 3005 2913 conjectures
3029 2847 3415 2901 brachmanas
3439 2849 3768 2912 detulisset,
3794 2856 3849 2903 et

2208 2932 2313 2998 illi,
2347 2933 2646 2986 occasione
2677 2934 2842 3003 avide
2872 2941 3101 3006 arrepta
3147 2937 3466 3005 ulciscendi
3520 2938 3845 3005 gregalium

2211 3018 2673 3089 suorum'Jussas
2699 3024 2770 3076 ab
2802 3022 2901 3077 illo
2932 3012 3136 3088 cedes,
3162 3025 3378 3093 unguis
3403 3025 3459 3076 in
3486 3026 3677 3079 ulcere
3698 3026 3846 3078 fuis-

2213 3114 2362 3175 sent,
2394 3109 2874 3179 interpretatione
2894 3111 3000 3164 visi
3024 3113 3289 3165 nocturni
3313 3111 3386 3165 ad
3409 3111 3672 3182 ipsorum
3708 3114 3848 3179 odii,

2210 3198 2404 3267 potius
2429 3194 2601 3266 quam
2635 3198 2705 3251 ad
2758 3199 2900 3253 artis
2950 3204 3051 3252 aut
3101 3194 3445 3270 disciplinas;
3496 3202 3543 3254 si
3594 3208 3709 3270 qva
3761 3210 3853 3256 est

2206 3286 2389 3339 istius
2405 3280 2921 3355 generis,ratfones
2951 3288 3468 3343 accommodanda.
3492 3282 3621 3343 Mox-
3640 3291 3711 3343 ab
3730 3291 3761 3343 b
3775 3308 3843 3345 0c

2203 3378 2420 3427 statuto
2450 3374 2904 3429 clam‘Pal‘adem
2934 3377 3203 3429 convenit
3232 3370 3423 3437 (Palas
3455 3379 3651 3447 regina
3675 3395 3851 3433 voca-

2204 3462 2396 3530 batur)
2429 3469 2483 3515 et
2512 3464 2701 3527 ei,Aut
2726 3462 2893 3517 valde
2924 3464 3112 3531 fallor,
3138 3464 3351 3533 inquit,
3385 3468 3488 3519 aut
3516 3480 3610 3519 rex
3638 3467 3849 3521 fraude

2204 3549 2626 3603 brachmanum
2652 3552 2998 3620 gravissime
3022 3550 3607 3621 periclitatur;Prima
3630 3555 3678 3607 ei
3704 3557 3849 3609 sub-

2203 3636 2473 3691 veniendi
2498 3632 2641 3691 ratib
2668 3640 3096 3705 est,resciscere
3122 3652 3191 3693 ex
3210 3641 3347 3711 ipso
3366 3642 3515 3710 quid
3534 3657 3679 3695 cum
3712 3644 3849 3698 istis

2200 3726 2382 3794 egerit
2416 3742 2428 3779 :
2462 3726 2569 3780 hoc
2600 3726 2688 3781 vel
2719 3734 2803 3796 tu,
2835 3726 2920 3780 vel
2956 3744 3124 3781 nemo
3156 3744 3223 3781 ex
3270 3745 3335 3782 eo
3391 3729 3601 3797 poterit
3648 3728 3847 3800 expri-

2202 3827 2390 3880 mere;
2418 3812 2537 3867 nisi
2568 3816 2763 3869 autem
2795 3816 3172 3885 expresseris,
3205 3822 3403 3871 actum
3432 3820 3503 3871 de
3534 3828 3667 3887 rege
3698 3819 3848 3874 scito

2202 3904 2355 3968 tore;
2384 3918 2546 3967 nam,
2572 3909 2637 3957 ut
2666 3918 2727 3957 se
2756 3904 2897 3958 dant
2926 3903 3163 3969 indicia,-
3194 3904 3541 3973 capitalem
3568 3906 3683 3977 ipsi
3718 3924 3848 3962 ma-

2200 3989 2433 4044 chinam
2466 3991 2881 4046 scelestissimi'
2901 3991 3220 4046 nebulones
3270 3993 3653 4047 architectati'
3678 4011 3747 4049 su
3762 4003 3847 4051 nt.

2198 4079 2316 4146 Age
2348 4078 2527 4148 igitur
2556 4094 2673 4149 qua
2714 4080 2788 4149 vi,
2843 4094 2959 4149 qua
3006 4086 3128 4134 arte
3182 4080 3360 4147 vales,
3413 4081 3683 4135 ultimum
3739 4084 3851 4139 hoc

2199 4170 2437 4236 tempus
2461 4174 2608 4238 puta
2638 4183 2765 4223 esse
2796 4174 2910 4222 tuas
2942 4170 2998 4221 in
3026 4168 3223 4223 ‘virum
3257 4169 3558 4226 charitatis
3591 4189 3660 4227 ac
3713 4176 3848 4227 fidei

2200 4256 2529 4324 probandae;
2551 4268 2685 4311 cave
2712 4258 3038 4327 quidquam
3072 4258 3141 4310 ad
3171 4270 3403 4312 omnem
3441 4275 3618 4328 quam
3652 4262 3849 4315 efﬁca-

2200 4342 2501 4397 cissimam
2531 4345 2881 4399 industriam
2911 4346 3092 4414 hujus
3128 4346 3465 4415 expiscandi
3516 4350 3587 4401 ab
3638 4365 3703 4404 eo
3756 4369 3849 4403 ar-

457 4436 833 4508 infligendam
869 4436 1276 4507 providebant.
1316 4437 1458 4491 Cum
1492 4438 1691 4507 igitur,
1722 4441 1817 4494 die
1845 4442 2089 4511 septimo
2123 4428 2167 4489 D
2201 4432 2332 4485 cani
2382 4433 2486 4486 tibi
2534 4434 2743 4503 reliqui
2797 4434 3017 4488 ieceris.
3071 4434 3172 4488 His
3220 4434 3385 4489 Palas
3434 4436 3655 4491 auditis
3703 4455 3847 4493 sane

455 4527 675 4597 elapso,
710 4526 950 4580 admissi
985 4542 1198 4596 magno
1226 4526 1447 4580 ambitu
1481 4527 1550 4580 ad
1585 4542 1801 4597 regem,
1834 4536 1990 4583 metu
2036 4536 2093 4584 et

455 4614 886 4685 exspectatione
907 4614 1461 4680 anxium,vaferrimi
1486 4616 1821 4671 seductores
1842 4619 2092 4671 auctori-

456 4708 577 4758 tate
608 4702 872 4769 religiosa
900 4703 1158 4757 edictum
1188 4701 1332 4755 illud
1368 4718 1541 4757 suum
1593 4705 2089 4774 pronuntiassent,

456 4790 763 4861 perculsus
796 4792 1156 4859 ultra‘quam
1185 4790 1338 4843 credi
1370 4796 1565 4859 posset
1595 4791 1831 4845 horrore
1861 4794 2088 4847 denuné

456 4880 715 4934 tiationis
744 4880 993 4934 infandae
1021 4894 1139 4944 rex,
1170 4879 1383 4947 Egon‘e,
1418 4878 1779 4942 exclamavit,
1810 4882 2089 4949 optimam

451 4985 711 5035 uxorem,
744 4984 847 5037 ego
880 4967 1287 5021 dulcissimum
1324 4965 1504 5019 lilium
1537 4968 1815 5022 occidam!
1849 4970 1915 5022 Et
1946 4971 2089 5025 talia

450 5058 527 5112 dii
548 5059 748 5127 jubenl
771 5057 799 5110 ‘2
832 5055 977 5111 Male
1009 5072 1099 5109 me
1132 5056 1324 5125 potius
1362 5054 1556 5123 ipsum
1608 5057 1891 5125 perdunt;
1944 5060 2083 5127 quid

449 5146 604 5200 enim
640 5145 847 5199 minari
881 5144 1089 5199 saevius
1121 5142 1393 5211 possunt?
1421 5141 1634 5195 Solatio
1664 5143 1750 5196 vel
1780 5148 1904 5197 tum
1940 5144 2084 5199 mihi

446 5233 622 5288 fuerit
653 5239 771 5288 tam
804 5232 992 5287 charis
1023 5230 1440 5301 superstitibus
1472 5230 1687 5284 relictis
1720 5232 2083 5300 emori,quo-

449 5336 578 5375 rum
604 5320 778 5375 vitam
811 5319 981 5391 longe
1013 5318 1289 5373 libentius
1323 5332 1450 5371 mea
1482 5324 1663 5372 morte
1711 5321 2078 5387 redemerim,

446 5427 623 5479 quam
657 5410 872 5464 damno
900 5426 964 5463 ac
998 5407 1159 5462 clade
1190 5408 1446 5475 ipsorum
1481 5407 1696 5459 servari
1728 5409 2077 5463 sustineam.

444 5498 549 5553 His
570 5498 786 5552 auditis
808 5496 1071 5551 scelerati
1095 5494 1481 5549 bracbmanes
1514 5495 1776 5550 affectata
1802 5498 2079 5566 gravitate

2202 4519 2449 4574 sollicita
2481 4521 2633 4587 regis
2672 4522 3006 4576 cubiculum
3058 4523 3403 4591 ingreditur,
3455 4526 3848 4597 assidensque

2201 4607 2449 4662 lectoad
2482 4608 2815 4679 languentis
2846 4614 3041 4680 caput,
3088 4611 3170 4663 sic
3217 4615 3307 4664 est
3357 4612 3547 4665 virum
3600 4615 3780 4668 atrata
3829 4631 3845 4668 :

2198 4696 2643 4751 Cumulat'mihi
2675 4698 2953 4765 dolorem,
2986 4708 3160 4768 quem
3192 4714 3260 4751 ex
3290 4700 3495 4753 morbo
3531 4705 3634 4755 tuo
3664 4705 3849 4756 maxi-

2202 4798 2363 4839 mum
2423 4785 2607 4856 capio,
2636 4792 2637 4797 ‘
2668 4787 2913 4841 molesta
2958 4787 3246 4857 aegritudo
3297 4803 3366 4841 ex
3422 4792 3543 4842 tuo
3584 4792 3848 4861 quodam

2202 4873 2313 4927 mei
2346 4879 2704 4945 contemptu,
2735 4877 3065 4946 quod‘rem,
3106 4880 3170 4928 ut
3221 4881 3483 4945 apparet,
3542 4894 3851 4949 magnam,

2199 4964 2416 5031 quippe
2437 4967 2597 5017 tanto
2620 4969 2807 5018 actam
2830 4964 3049 5017 ambitu
3075 4978 3208 5017 cum
3241 4964 3730 5031 brachmanibus,
3762 4984 3855 5021 me

2197 5057 2405 5120 praeter
2435 5053 2672 5107 solitum
2707 5052 3159 5122 diligentissime
3188 5052 3386 5107 celasti
3416 5071 3429 5119 ;
3485 5068 3689 5124 quare,
3749 5072 3853 5109 oro

2198 5145 2251 5193 te
2286 5152 2387 5209 per
2416 5142 2554 5195 deos
2585 5146 2806 5210 omnes,
2844 5141 3025 5195 ista‘m'
3048 5156 3410 5211 quaecunque
3444 5148 3534 5197 est
3577 5160 3647 5199 ne
3696 5144 3850 5197 mihi

2195 5228 2469 5283 notitiam
2495 5229 2775 5284 invideas.
2810 5229 2934 5284 Scis
2965 5234 3156 5283 tacere
3186 5245 3279 5283 me
3306 5245 3499 5299 posse,
3539 5248 3605 5285 ac
3638 5237 3850 5302 pectus

2193 5317 2407 5372 habere
2438 5318 2633 5372 arcani
2664 5326 2864 5388 capax,
2896 5333 3003 5372 nec
3049 5319 3198 5371 rima
3250 5316 3368 5371 ulla
3394 5319 3707 5389 pervium.
3764 5321 3849 5374 Ne

2192 5404 2415 5459 diutius
2442 5416 2587 5460 meae
2622 5406 2753 5460 fidei
2783 5410 2884 5460 tuo
2915 5406 3098 5460 amori
3134 5405 3650 5475 facias‘injuriam.
3686 5407 3841 5469 Quid

2189 5497 2343 5566 quod
2374 5501 2474 5551 tua
2505 5500 2709 5564 cauea,
2734 5498 2957 5567 opinor,
2989 5496 3231 5550 interest
3263 5502 3376 5550 non
3421 5496 3626 5566 ignota
3685 5498 3836 5552 mihi
