4108 6294
310 205 448 259 1325

1313 202 1674 255 SPECIMEN
1713 198 2111 253 SAPIENTIE
2151 200 2482 252 INDORUM
2522 203 2680 253 VET.

3556 198 3692 251 1326

308 343 433 396 quae
468 325 852 379 brachmanes
885 330 1071 377 tecum
1098 339 1293 393 egere;
1324 340 1455 376 nam
1493 322 1625 375 inde
1647 320 1946 391 languoris
1976 323 2029 387 Α
2061 321 2183 397 tuis.
2209 321 2453 374 somniis
2486 323 2776 376 consulas.
2814 324 3000 377 Rectze
3032 324 3330 391 admones,
3360 339 3452 376 rex
3479 322 3692 391 inquit,

312 416 486 484 hujus
515 414 597 467 tui
631 431 866 468 causam
896 413 1172 467 exsistere
1205 412 1651 494 magnaindicia
1674 411 1942 464 suadent.

310 488 438 557 llaec
488 503 759 557 Paladem
811 501 1146 572 loquentem
1194 488 1735 571 interpellansirex,
1770 498 1849 551 Nc
1884 504 1943 550 tu

310 608 562 662 quoque,
588 574 1038 659 quaesopinquit,
1062 588 1317 643 dolorem
1346 604 1541 641 meum
1578 604 1723 641 novo
1749 586 1946 638 dolore

311 679 598 745 cumules,
625 678 677 731 id
706 694 973 748 quaerens
1004 695 1071 732 ex
1102 694 1194 730 me
1226 678 1377 746 quod
1410 675 1669 729 omnium
1705 675 1945 727 minime

312 767 413 821 tibi
446 770 674 837 expedit
705 782 896 820 nosse.
918 767 1067 820 Tum
1098 764 1216 830 illa,
1239 766 1394 831 Esto,
1418 764 1561 816 mihi
1587 764 1661 816 sit
1688 762 1944 824 noxium,

312 856 411 915 ait,
448 856 550 909 hoc
578 872 771 921 nosse,
807 862 1000 908 tamen
1055 854 1192 922 quia
1243 853 1346 906 tibi
1396 851 1648 905 salutare
1698 849 1948 903 arbitror

311 945 598 1006 futurum,
633 959 745 996 non
804 942 1069 995 desinam
1130 957 1334 1009 urgere
1394 945 1455 992 ut
1507 940 1742 992 fatearis
1804 936 1945 990 mihi

309 1033 701 1100 quodcunque
747 1030 803 1083 id
847 1031 1079 1083 demum
1140 1034 1245 1081 est.
1307 1028 1489 1093 Curis,
1526 1034 1587 1080 ut
1617 1027 1732 1079 scis
1765 1024 1944 1078 animi

308 1120 630 1172 amicorum
683 1117 1127 1189 participatione
1196 1116 1532 1175 minuntur;
1596 1129 1781 1183 neque
1843 1112 1945 1165 hac

302 1202 435 1276 quae
464 1213 516 1262 te
548 1214 668 1261 tam
700 1206 1028 1277 periculose
1061 1206 1223 1275 angit
1254 1205 1601 1274 aegritudine
1632 1202 1805 1256 levari
1842 1218 1943 1270 po-

305 1295 467 1362 teris,
501 1295 610 1348 nisi
664 1311 903 1348 causam
952 1294 1099 1361 ejus,
1134 1292 1291 1347 istud
1323 1292 1475 1345 haud
1510 1290 1685 1344 dubie
1733 1289 1945 1343 brach-

308 1398 550 1437 manum
576 1380 1144 1455 colloquium,alicui
1178 1381 1596 1433 communices.
1624 1378 1723 1431 Cui
1747 1385 1941 1431 autem

307 1470 799 1539 communicabis,
834 1469 880 1523 si
933 1485 1106 1538 neges
1153 1467 1360 1522 uxori?
1392 1473 1493 1521 aut
1536 1468 1663 1535 quis
1697 1467 1801 1520 tibi
1834 1483 1942 1531 me,

305 1555 585 1611 amicior?
613 1558 760 1612 Tum
820 1574 937 1625 rex,
972 1555 1224 1627 graviter
1280 1555 1604 1624 suspirans.
1648 1551 1792 1618 Quid
1829 1569 1942 1621 me,

303 1644 518 1717 inquit,
560 1646 773 1715 conjux
794 1644 1036 1715 Optima,
1061 1646 1131 1698 de
1152 1648 1250 1696 tuo
1272 1643 1444 1697 exitio
1467 1644 1653 1711 deque
1675 1641 1935 1695 omnium
1972 1663 2015 1725 Β

310 1734 457 1788 mihi
479 1732 963 1789 cbarissimorum
1013 1731 1245 1785 interitu
1273 1730 1634 1802 interrogas?
1660 1729 1787 1795 Abi,
1813 1730 1938 1783 sine

302 1838 415 1891 me,
444 1827 506 1875 ut
528 1821 698 1892 cmpi,
736 1819 933 1875 dolore
960 1837 1087 1874 meo
1111 1819 1401 1883 consumi,
1426 1836 1489 1872 ac
1520 1824 1760 1872 mortem
1794 1834 1937 1887 prae-

300 1925 557 1975 sumere,
590 1926 660 1963 ne
720 1908 941 1963 videam
996 1925 1120 1977 qua
1170 1907 1423 1977 cogitare
1456 1906 1649 1960 horret
1679 1905 1933 1960 animus.

300 1995 560 2063 Confide,
596 1996 675 2049 mi
709 1996 814 2063 vir,
868 1996 1168 2066 respondit
1201 1994 1386 2061 Palas,
1450 1993 1703 2063 imagine
1761 2010 1936 2062 quam

299 2087 673 2140 subostentas
705 2084 817 2138 mei
858 2084 1016 2137 exitii
1078 2100 1193 2137 non
1248 2088 1505 2149 terreor;
1553 2098 1653 2135 nec
1686 2097 1789 2151 ego
1834 2097 1937 2135 nec

298 2174 620 2228 liberorum
657 2177 988 2227 nostrorum
1022 2173 1331 2241 quisquam
1365 2173 1533 2241 (bene
1557 2186 1759 2223 omnes
1785 2170 1934 2239 novi)

299 2279 403 2331 pro
438 2268 491 2315 te
523 2261 667 2314 mori
693 2261 1117 2314 recusabimus.
1143 2259 1487 2329 Age,pande
1509 2258 1784 2312 audacter
1808 2275 1934 2328 quae

300 2365 431 2403 sese
462 2348 553 2402 via
584 2348 681 2402 det
711 2347 919 2401 salutis
952 2352 1064 2400 tua:
1100 2352 1282 2400 morte
1334 2350 1532 2398 nostra
1565 2345 1933 2398 redimendae.

299 2430 417 2492 Hoc
444 2439 615 2493 modo
647 2455 679 2491 a
710 2443 763 2491 te
796 2440 985 2507 petam
1021 2434 1269 2506 pretium
1302 2435 1503 2488 mortis
1544 2433 1790 2487 libenter
1837 2440 1937 2486 tua

299 2542 481 2580 causa
511 2525 698 2591 obitas,
733 2542 803 2579 ne
837 2529 965 2594 post
996 2524 1111 2576 lucc
1144 2521 1246 2575 ulli
1292 2522 1712 2576 brachmanum
1766 2522 1934 2575 neres

294 2612 1071 2684 tibi'conjunctissimorum
1120 2611 1384 2665 suadenti
1439 2613 1659 2673 credas,
1713 2626 1933 2679 egoque

297 2702 411 2755 sim
445 2702 652 2755 ultima
679 2718 851 2771 quam
885 2700 1129 2754 istorum
1159 2698 1381 2752 insidia:
1416 2688 1814 2768 perverterint.
1841 2699 1935 2751 Pe-

301 2782 625 2844 riculosum
666 2788 841 2841 nimis
874 2793 961 2842 est
993 2788 1242 2841 inimicis
1275 2785 1451 2840 ﬁdere
1486 2804 1496 2839 :
1534 2785 1800 2840 dubitare
1832 2804 1933 2839 au-

292 2882 414 2932 tem
442 2882 556 2930 non
590 2876 766 2930 debes
790 2877 928 2946 quin
954 2876 1053 2929 tibi
1079 2876 1197 2929 sint
1218 2862 1602 2928 infensissimi
1634 2874 1934 2928 brachma-

297 2980 402 3020 nes
453 2981 519 3019 ex
569 2964 847 3018 memoria
868 2980 981 3017 non
1009 2966 1087 3016 ita
1120 2962 1293 3016 veteri
1324 2961 1643 3032 gregalium
1669 2963 1929 3031 ipsorum

300 3072 334 3108 a
363 3059 421 3107 te
454 3051 672 3107 meritis
709 3053 1043 3106 all‘ectorum
1066 3052 1271 3121 poenis.
1300 3052 1485 3115 Quare
1508 3067 1685 3104 causa
1715 3056 1802 3104 est
1833 3053 1931 3121 ju»

298 3140 582 3206 stissima,
637 3158 741 3195 cur
797 3140 845 3195 si
904 3138 1039 3209 quid
1075 3157 1106 3192 a
1139 3145 1252 3193 tam
1322 3138 1676 3208 perturbatis
1722 3136 1933 3192 animis

301 3228 553 3295 consilii,
604 3228 924 3298 prasertim
966 3224 1243 3297 ancipitis
1284 3226 1632 3296 suggeritur,
1666 3226 1736 3279 ad
1792 3244 1931 3295 pru-

300 3319 542 3371 dentum
568 3322 624 3371 et
667 3322 813 3370 notae
864 3315 1277 3369 moderationis
1312 3315 1609 3367 hominum
1644 3312 1931 3385 (qualium

290 3404 427 3472 tibi,
486 3407 661 3457 deum
714 3402 1016 3469 beneficio,
1064 3419 1175 3455 non
1237 3402 1399 3456 deest
1447 3400 1633 3471 copia)
1690 3419 1930 3456 examen

290 3478 721 3561 censuramque
754 3492 1055 3545 referatur.

361 3607 455 3679 IV.
490 3607 621 3661 Haec
653 3605 865 3675 reginae
908 3604 1141 3659 Paladis
1186 3606 1361 3659 verba
1389 3606 1625 3660 tandem
1657 3622 1931 3662 excusse-

287 3701 429 3751 runt
461 3696 611 3762 regis
644 3694 838 3748 animo
870 3693 1251 3764 pertinaciam
1282 3694 1808 3750 obstinatissimam
1842 3713 1931 3750 se-

286 3785 452 3841 creti.
489 3784 766 3855 Exposuit
791 3783 901 3853 ipsi
938 3784 1195 3854 primum
1228 3788 1355 3838 octo
1388 3783 1500 3837 sibi
1534 3801 1635 3854 per
1662 3802 1930 3855 seporem

286 3876 489 3931 oblata
512 3874 765 3938 somnia,
801 3878 926 3925 tum
960 3873 1101 3943 quid
1134 3873 1205 3926 de
1239 3873 1415 3926 minis
1447 3873 1711 3944 ipsorum
1734 3881 1791 3929 et
1813 3892 1933 3929 mo-

287 3964 362 4017 do
424 3978 498 4016 ea
548 3960 842 4015 avertendi
879 3960 1266 4015 brachmanes
1298 3961 1759 4030 respondissent.
1794 3963 1931 4026 Qui-

285 4050 400 4104 bus
431 4047 606 4102 Palas
635 4046 909 4117 cognitis.
945 4045 1301 4108 Laudabilis,
1336 4046 1437 4112 ait,
1473 4053 1573 4101 tua
1595 4049 1704 4102 fuit
1726 4049 1931 4120 religio

286 4136 583 4208 cupientis
641 4134 835 4189 doceri
894 4134 1034 4204 quid
1095 4134 1175 4187 dii
1234 4134 1643 4204 portenderent
1688 4142 1931 4192 autale

286 4229 601 4296 poscerent
626 4223 765 4278 visis
797 4222 1034 4289 talibus,
1080 4223 1179 4276 sed
1218 4223 1423 4277 errasti
1448 4224 1673 4278 delectu
1707 4225 1931 4295 impru-

284 4314 448 4369 denti
481 4310 907 4367 consultorum.
931 4310 1166 4363 Minime
1181 4310 1442 4365 omnium
1468 4312 1657 4366 idonei
1675 4312 1933 4381 juvando

2056 410 2132 461 ita
2165 412 2358 463 stitizu
2413 411 2637 464 faciam.
2695 414 2819 465 Mox
2861 428 3069 479 equum
3104 412 3363 481 expediri
3415 414 3692 465 continuo

2047 498 2282 566 jussum
2316 498 2686 565 inscendens,
2721 484 2852 552 eum
2888 499 3362 553 familiarissimis
3392 499 3592 568 paucis
3620 498 3691 551 ad

2054 584 2259 638 cellam
2286 586 2634 640 venerabilis
2652 592 2858 641 ascetaa
2884 587 3105 656 aliquot
3129 590 3198 641 ab
3232 588 3374 642 urbe
3407 592 3691 641 remotam

2055 690 2331 743 passuum
2370 674 2655 739 millibus,
2691 691 2751 728 se
2781 680 3004 729 confert
3039 676 3408 729 festinatione
3435 692 3686 728 summa.

2055 762 2277 816 Auditis
2308 779 2477 816 senex
2508 764 2775 829 somniis,
2812 763 3034 832 placide
3061 764 3176 833 regi
3202 763 3503 833 respondit
3539 780 3550 815 :
3584 767 3687 817 Est

2054 852 2202 919 quod
2231 850 2331 903 tibi
2366 852 2644 918 gratuler,
2689 853 2947 916 domine;
2981 851 3125 904 nihil
3162 853 3343 919 triste,
3378 852 3518 921 quin
3554 868 3687 921 pro-

2052 954 2221 1003 spera
2253 936 2441 1005 potius
2470 938 2744 1008 pleraque
2777 946 3057 993 nocturna
3090 940 3211 992 haec
3250 940 3349 992 tibi
3402 940 3523 992 visa
3565 957 3688 1008 por-

2054 1025 2318 1079 tendunt.
2353 1025 2494 1078 Nam
2520 1027 2633 1079 duo
2658 1043 2804 1095 quos
2840 1029 3089 1095 primum
3134 1028 3326 1081 vidisti
3364 1028 3551 1096 pisces
3586 1044 3688 1096 per

2054 1116 2333 1166 montana
2386 1113 2733 1180 gradientes,
2791 1115 3124 1183 significant
3172 1121 3478 1169 venturum
3516 1116 3686 1170 tibia

2052 1200 2301 1269 quodam
2341 1200 2583 1269 dynasta
2642 1202 2896 1271 legatum
2952 1203 3286 1257 oblaturum
3346 1203 3683 1273 elephantes

2051 1287 2199 1340 duos
2233 1288 2487 1340 miriﬁca:
2538 1289 2962 1358 magnitudinis
3012 1297 3069 1343 et
3119 1292 3335 1345 formae.
3370 1291 3504 1344 Duae
3552 1309 3684 1345 vero

2052 1392 2176 1443 quae
2209 1375 2310 1427 tibi
2356 1374 2616 1429 volantes
2675 1394 2996 1447 apparuere
3030 1384 3252 1443 anates,
3306 1378 3447 1431 duos
3504 1396 3685 1447 equos

2050 1462 2533 1530 generosissimos
2574 1463 2907 1533 designant,
2940 1483 3087 1535 quos
3120 1468 3216 1535 qui
3270 1473 3407 1519 sunt
3460 1469 3685 1521 dudum

2051 1548 2107 1601 in
2168 1549 2374 1603 itinere
2432 1551 2612 1603 Persae
2674 1569 2937 1622 proceres
2971 1571 3003 1606 a
3062 1570 3192 1622 rege
3254 1571 3384 1608 mox
3425 1572 3530 1609 suo
3580 1555 3685 1608 tibi

2052 1653 2267 1691 munus
2297 1639 2550 1692 amicum
2606 1640 2868 1713 reddent.
2904 1642 3007 1703 Qui
3041 1658 3212 1712 porro
3245 1644 3451 1711 anguis
3483 1660 3682 1699 versus

2048 1730 2103 1778 te
2134 1726 2421 1796 serpebat,
2456 1727 2612 1782 ensis
2644 1729 2754 1781 fuit
2813 1729 3181 1800 praesagium,
3219 1730 3372 1783 brevi
3431 1731 3533 1785 tibi
3579 1732 3679 1785 do-

2048 1813 2244 1878 nandi,
2278 1814 2579 1882 mirabilis,
2636 1821 2690 1869 et
2747 1834 2968 1886 parem,
3037 1819 3289 1871 materiae
3349 1820 3682 1886 praestantia

2044 1900 2129 1953 vel
2164 1902 2327 1968 artis,
2362 1908 2646 1957 terrarum
2693 1905 2978 1976 _nuspiam
3042 1905 3328 1960 habentis.
3363 1909 3487 1960 Jam
3523 1910 3674 1975 quod

2044 2005 2293 2057 anguem
2329 1991 2490 2044 illum
2525 2009 2729 2046 cruore
2761 1993 2917 2047 inﬁci
2952 1988 3211 2059 videbas,
3260 1984 3681 2065 designabatur

2044 2077 2147 2130 tibi
2200 2070 2268 2131 ab
2327 2081 2527 2132 eodem
2588 2079 2797 2150 legato,
2858 2082 2957 2153 qui
2991 2098 3188 2136 ensem
3223 2083 3400 2137 istum
3459 2084 3678 2153 offeret,

2042 2164 2299 2219 oblatum
2336 2167 2401 2219 iri
2440 2172 2716 2237 praeterea
2747 2169 2986 2223 talarem
3024 2172 3280 2223 tunicam
3316 2188 3671 2240 purpuream

2043 2254 2355 2308 rarissimae
2388 2256 2672 2321 tincturae,
2707 2257 2923 2327 quippe
2974 2246 3142 2325 enjus
3196 2263 3417 2312 ostrum
3464 2259 3681 2329 fulgeat

2042 2347 2098 2395 et
2128 2342 2305 2396 videri
2338 2361 2438 2413 per
2470 2361 2530 2397 se
2563 2345 2747 2414 possit
2785 2347 2838 2399 in
2882 2346 3155 2401 tenebris.
3189 2348 3399 2409 Quinto
3450 2348 3678 2401 somnio

2041 2430 2332 2485 videbaris
2382 2431 2485 2486 tibi
2516 2433 2671 2485 ablui
2725 2452 2871 2503 aqua
2931 2451 3076 2507 pura
3134 2435 3517 2505 mundarique
3562 2440 3678 2490 toto

2041 2536 2278 2587 corpore
2308 2537 2319 2574 :
2347 2520 2579 2591 signum
2615 2521 2668 2575 id
2704 2530 2826 2576 erat
2862 2525 3012 2577 dono
3063 2528 3115 2576 te
3145 2529 3517 2595 accepturum
3555 2541 3671 2578 ma-

2040 2623 2211 2677 gnam
2247 2608 2471 2677 copiam
2507 2610 2899 2681 speciosarum
2946 2611 3215 2673 vestium,
3265 2612 3479 2681 quibus
3519 2612 3678 2665 laute

2042 2712 2105 2748 ac
2139 2695 2441 2773 splendide
2500 2704 2759 2761 ornatus,
2821 2698 3001 2753 nitide
3064 2701 3252 2769 possis
3304 2718 3581 2770 apparere
3618 2701 3673 2753 in

2042 2780 2292 2852 publico,
2324 2788 2556 2837 Sextum
2594 2786 2907 2850 somnium,
2971 2805 3084 2857 quo
3148 2787 3251 2841 tibi
3295 2789 3507 2842 montis
3544 2790 3672 2842 nive

2041 2872 2335 2941 conspersi
2372 2873 2612 2927 culmini
2645 2880 2977 2946 superstare
3010 2876 3323 2943 videbaris,
3361 2876 3503 2929 nihil
3545 2894 3677 2945 por-

2043 2958 2313 3012 tendebat
2370 2960 2527 3012 aliud
2591 2961 2700 3016 nisi
2766 2966 2838 3030 te,
2900 2963 3051 3033 quod
3107 2964 3257 3032 saepe
3316 2966 3488 3032 soles,
3544 2966 3674 3018 albo

2049 3050 2147 3099 tuo
2203 3046 2506 3123 elephants
2567 3050 2623 3102 in
2684 3066 2897 3120 pompa
2945 3051 3292 3105 vehendum.
3345 3051 3675 3122 Septimum

2041 3139 2165 3188 erat
2196 3128 2382 3190 visum
2419 3136 2653 3191 flamma
2701 3140 2918 3192 circum
2972 3144 3153 3209 caput
3183 3144 3350 3193 tuum
3402 3141 3675 3208 volitans,

2042 3221 2303 3293 illudque
2334 3222 2597 3279 ambiens
2634 3244 2646 3280 :
2680 3225 2797 3279 haec
2831 3243 3101 3281 coronam
3134 3228 3678 3298 designabatquam

2041 3306 2143 3364 tibi
2213 3304 2504 3367 maximus
2564 3314 2801 3383 quidam
2864 3332 2960 3369 rex
3018 3315 3471 3386 pulcherrimam
3526 3319 3677 3372 dono

2040 3399 2382 3468 destinavit;
2415 3406 2471 3455 et
2500 3406 2587 3455 est
2630 3402 2831 3457 itinere
2878 3405 2946 3457 ad
2997 3409 3067 3457 te.
3095 3403 3367 3458 Octavum
3397 3404 3681 3462 duntaxat

2040 3491 2333 3541 somnium
2370 3490 2663 3559 pertendit
2693 3490 2913 3560 aliquid
2948 3492 3172 3545 adversi
3206 3494 3357 3563 quod
3407 3510 3678 3550 enarrare

2041 3576 2313 3629 disertius
2365 3594 2597 3631 necesse
2655 3596 2767 3632 non
2830 3580 3051 3645 habeo;
3105 3586 3343 3634 eventus
3373 3582 3514 3635 satis
3550 3582 3674 3653 ipse

2038 3660 2377 3729 declarabit,
2433 3669 2489 3719 et
2548 3665 2700 3720 Deus
2755 3666 2907 3720 viam
2966 3669 3230 3737 expediet
3278 3686 3393 3738 qua
3440 3669 3672 3725 innoxie

2039 3753 2108 3805 ad
2144 3758 2461 3807 extremum
2497 3754 2732 3823 defungi
2766 3755 2994 3823 valeas;
3048 3756 3234 3809 dicam
3283 3762 3510 3810 tantum
3542 3759 3668 3813 bre-

2038 3838 2188 3894 viter
2232 3858 2333 3911 per
2364 3841 2543 3895 ictum
2596 3841 2760 3895 illum
2813 3859 3063 3911 superne
3110 3842 3213 3897 tibi
3265 3843 3585 3899 devolantis
3617 3845 3675 3899 in

2041 3932 2215 3998 caput
2238 3928 2578 3983 volucris‘et
2608 3934 2772 3983 tuum
2806 3936 2992 3984 rostro
3041 3932 3343 3985 tundentis
3374 3934 3673 4001 verticem,

2041 4016 2359 4086 signiﬁcari
2394 4016 2771 4072 offensionem
2802 4017 2903 4071 tibi
2940 4020 3271 4083 molestam,
3305 4025 3361 4073 et
3405 4020 3540 4075 inde
3591 4039 3678 4075 se-

2042 4110 2307 4158 cuturam
2341 4107 2701 4160 eversionem
2731 4124 2763 4161 a
2794 4111 2847 4160 te
2878 4106 3238 4161 charissima:
3272 4125 3547 4178 personaz.
3585 4110 3679 4163 Ul-

2040 4194 2248 4247 timum
2286 4194 2391 4248 hoc
2424 4201 2510 4248 est
2541 4197 2693 4265 quod
2748 4212 2953 4249 moneo
3003 4213 3115 4249 non
3168 4196 3226 4248 in
3289 4199 3524 4266 longum
3560 4198 3680 4251 haec

2041 4282 2297 4350 praedici.
2333 4282 2541 4337 Omnia
2575 4284 2842 4337 evenient
2901 4285 3053 4337 intra
3112 4289 3333 4354 septem
3369 4286 3472 4339 hos
3506 4286 3628 4340 dies
3664 4305 3678 4353 ;

287 4402 349 4456 in
383 4401 495 4457 hoc
526 4398 633 4454 tibi
692 4397 1077 4452 brachmanes
1128 4398 1308 4460 fuere,
1359 4400 1614 4469 primum
1665 4401 1931 4455 scelerati
1964 4388 2008 4451 D
2041 4369 2151 4431 ὼθθ
2188 4385 2452 4469 ¹⁰Ψ¹³ξην
2504 4371 2576 4424 ab
2606 4370 2903 4469 _h0_d_'em0
2957 4376 3215 4469 Vef‘fmle
3272 4378 3492 4469 θθίξλνξοθ
3524 4392 3682 4469 γένθ’

289 4495 468 4561 atque
497 4487 672 4543 invisi
725 4486 837 4541 diis
871 4486 1161 4552 homines,
1196 4502 1343 4556 quos
1391 4487 1517 4543 ideo
1553 4489 1704 4543 haud
1739 4490 1928 4544 sitve-

294 4576 546 4651 risimile
577 4573 907 4629 divinorum
968 4590 1317 4629 arcanorum
1371 4576 1813 4646 participatione
1844 4579 1931 4632 di-

293 4666 490 4738 gnari,
514 4664 725 4720 deinde
748 4660 912 4718 ferali
937 4661 1020 4715 tui
1058 4662 1188 4716 odio
1214 4662 1474 4719 instincti
1505 4665 1936 4737 ulciscendique

294 4754 448 4825 ipsis
478 4750 962 4808 cbarissimorum
1013 4750 1222 4805 caedem
1277 4753 1469 4807 furore
1506 4754 1935 4811 immanissimo

296 4842 640 4913 ﬂagrantes.
690 4840 916 4902 Quanto
950 4839 1019 4892 ad
1051 4839 1109 4894 id
1140 4842 1569 4897 accomodatior
1602 4849 1797 4898 asceta
1828 4862 1934 4898 no-

296 4934 419 4984 ster
449 4932 563 4997 est,
595 4943 770 4997 quem
804 4925 981 4979 miror
1029 4925 1168 4979 talia
1220 4931 1498 4996 qumrenti
1534 4946 1648 4983 non
1682 4930 1938 5000 primum

294 5018 567 5072 omnium
601 5014 775 5070 menti
822 5019 934 5067 tua:
960 5014 1306 5069 occurrisse.
1355 5016 1669 5073 Meministi
1710 5020 1939 5089 quoties

297 5106 349 5160 is
382 5120 665 5175 responsa
724 5094 892 5156 nobis
946 5100 1276 5156 divinorum
1330 5107 1635 5175 adytorum
1678 5115 1851 5175 certa,
1884 5113 1943 5164 et

298 5191 530 5259 eventis
588 5188 795 5243 deinde
859 5187 1121 5257 probata,
1175 5189 1516 5259 pertulerit;
1577 5192 1941 5263 exploratum

301 5266 495 5333 habes
522 5276 696 5332 etiam
730 5292 899 5347 quam
928 5274 1071 5328 casti
1107 5277 1225 5332 sint
1254 5276 1381 5348 ejus
1414 5297 1625 5348 mores,
1651 5298 1825 5351 quam
1859 5283 1944 5337 in-

302 5366 542 5436 culpata
574 5365 699 5419 vitae
722 5364 892 5429 ratio,
916 5380 1091 5433 quam
1120 5372 1357 5435 pacatus
1380 5373 1436 5423 et
1460 5370 1709 5425 ferarum
1740 5386 1943 5442 expers

305 5454 825 5527 perturbationum
858 5452 1307 5509 anim'us.'Hunc
1337 5473 1542 5513 censeo
1591 5456 1675 5512 vel
1716 5475 1843 5514 sero
1874 5462 1945 5516 de

2042 4474 2164 4511 cem
2200 4474 2289 4512 me
2321 4459 2493 4512 rebus
2526 4459 2790 4529 patratis,
2827 4477 2970 4529 quas
3018 4462 3243 4515 futuras
3288 4461 3457 4531 edixi,
3513 4462 3681 4531 plane

2043 4546 2282 4601 senties.

2116 4670 2181 4725 V.
2220 4670 2409 4725 Rediit
2435 4673 2505 4725 ab
2538 4671 2644 4725 hoc
2684 4672 2971 4743 colloquio
3035 4690 3131 4727 rex
3182 4673 3361 4728 multo
3413 4675 3685 4729 sedatiori

2049 4758 2244 4813 animo
2294 4760 2556 4815 domum.
2602 4766 2678 4813 Ac
2727 4777 2859 4814 cum
2910 4762 3190 4831 postridie
3223 4763 3409 4832 prima
3439 4779 3507 4815 ex
3540 4779 3685 4832 prae-

2049 4847 2336 4901 nuntiatis
2354 4848 2687 4901 advenisset
2709 4848 2942 4918 legatio,
2967 4855 3298 4920 caeteraeque
3317 4867 3520 4904 omnes
3543 4867 3684 4904 con-

2049 4936 2215 4989 tinua
2245 4935 2399 4989 intra
2429 4935 2853 4991 hebdomadam
2902 4939 3051 4992 serie
3101 4942 3512 5008 apparuissent
3550 4955 3683 4992 cum

2050 5024 2219 5077 donis
2243 5023 2534 5090 indicatis,
2560 5024 3044 5079 admiranslidem
3070 5026 3287 5080 oraculi
3313 5043 3407 5080 rex
3434 5027 3684 5080 subinde

2053 5111 2400 5165 audiebatur
2429 5112 2747 5166 exclamare
2780 5128 2791 5166 :
2830 5112 2972 5167 Vere
3002 5114 3248 5168 insanus
3279 5120 3367 5168 est
3406 5115 3503 5184 qui
3546 5131 3683 5168 con-

2054 5200 2183 5253 silia
2215 5201 2285 5253 de
2318 5201 2490 5254 rebus
2516 5200 2639 5253 suis
2664 5217 2775 5254 non
2812 5218 2844 5254 a
2867 5202 3009 5255 solis
3027 5201 3136 5255 sibi
3158 5202 3461 5257 ﬁdissimis
3484 5203 3687 5271 quaerit

2054 5294 2111 5341 et
2142 5288 2371 5357 accipit.
2397 5288 2500 5343 Die
2532 5304 2701 5357 porro
2762 5290 2887 5358 ipso
2944 5290 3194 5359 septimo
3243 5307 3376 5344 cum
3413 5291 3685 5344 ultimum

2057 5376 2341 5429 donorum
2394 5376 2801 5446 praedictorum
2832 5376 2943 5446 ipsi
2976 5383 3129 5432 esset
3157 5378 3442 5445 oblatum,
3475 5394 3690 5432 corona

2054 5462 2327 5519 videlicet
2370 5464 2816 5535 pretiosissima,
2870 5465 3113 5519 dimisso
3147 5482 3243 5519 rex
3267 5465 3579 5520 honoriﬁce
3610 5466 3689 5519 le-
