4060 6304
455 303 590 355 1327

1951 318 2040 366 AP
2050 317 2340 368 PENDIX.

3760 317 3909 370 (3‘28

453 430 587 496 gato
619 428 725 497 qui
750 429 1057 496 detulerat,
1091 431 1258 486 laetus
1298 437 1356 487 et
1395 433 1697 503 gratulans
1745 435 1813 487 ad
1847 434 2095 487 circum-
2126 442 2173 501 Α
2280 435 2375 491 Vl.
2410 438 2623 493 Eodem
2684 440 2776 495 die
2834 457 2965 495 cum
3024 458 3122 496 rex
3181 441 3456 495 hilariter
3514 457 3631 510 pro
3677 444 3901 494 caetera

456 520 678 569 stantes
701 534 837 571 suos
852 518 961 572 sibi
987 520 1476 575 familiarissimos
1500 522 1672 575 dixit:
1697 522 1850 576 Nihil
1880 521 2087 575 horum

454 602 582 656 volo
618 604 756 657 mihi
788 621 1036 674 servare,
1073 609 1169 661 sed
1201 608 1259 662 in
1293 626 1392 663 vos
1417 610 1560 663 mihi
1614 610 2059 664 benevolentissi

458 708 584 746 mos
616 710 910 764 spargere,
952 696 1355 751 dulcissimam
1408 699 1725 768 praesertim
1778 700 2086 768 conjugem

456 780 669 835 Palada
699 782 788 851 (ea
820 790 955 836 tunc
986 784 1203 849 aberat,
1238 786 1307 838 de
1359 803 1517 839 more
1557 802 1822 853 gynmceo
1868 786 2083 851 clausa)

455 874 802 939 nostrosque
836 871 1067 937 liberos,
1102 878 1271 943 teque
1294 873 1503 939 Palari,
1537 874 1679 927 mihi
1704 874 2085 939 charissime;

456 983 585 1019 nam
611 984 709 1020 vos
732 984 932 1021 omnes
983 969 1063 1022 sic
1112 969 1164 1021 in
1221 986 1309 1022 me
1348 971 1585 1024 affectos
1621 974 1768 1035 novi,
1806 977 1867 1023 ut
1898 972 2091 1041 capita

452 1055 717 1124 vitasque
778 1062 1001 1109 vestras
1062 1074 1172 1109 non
1232 1057 1360 1109 sitis
1401 1058 1718 1111 dubitaturi
1758 1076 1880 1111 mea
1914 1076 2088 1112 causa

454 1145 563 1196 sub
597 1144 976 1213 quantumvis
1012 1146 1321 1198 discrimen
1354 1146 1597 1198 mittere.
1629 1150 1702 1199 Ad
1739 1164 1803 1200 ea
1826 1147 2087 1200 Palarius

453 1234 749 1301 respondit
776 1250 786 1285 :
814 1233 1055 1302 Cunjugi
1083 1235 1312 1302 quidem
1341 1239 1451 1287 ture
1480 1252 1544 1286 ac
1576 1235 1796 1301 liberis,
1832 1236 2085 1301 domine,

453 1326 606 1371 recte
636 1320 746 1372 ista
777 1321 1064 1383 diviseris,
1116 1338 1221 1373 nos
1259 1340 1391 1374 vero
1442 1324 1709 1377 subditos
1765 1340 1874 1375 non
1927 1324 2090 1377 decet

454 1406 511 1458 in
573 1423 763 1459 rerum
819 1408 1027 1460 talium
1080 1410 1550 1463 communionem
1593 1411 1925 1465 admisceri.
1986 1412 2087 1467 Cui

456 1511 573 1558 rex,
616 1496 732 1547 lmo
766 1500 839 1551 te.
874 1496 1082 1564 inquit,
1120 1497 1171 1547 in
1229 1497 1431 1565 primis
1478 1498 1603 1551 volo
1638 1499 1921 1552 bonorum
1965 1516 2087 1552 om-

452 1582 613 1635 nium
668 1598 926 1635 meorum
980 1600 1107 1637 esse
1166 1585 1530 1655 participem,
1563 1604 1806 1654 quorum
1868 1593 2085 1655 partem

456 1672 758 1724 maximam
794 1672 947 1725 ruris
981 1689 1080 1740 pro
1116 1690 1204 1725 me.
1236 1675 1357 1726 tuis
1403 1680 1457 1727 et
1509 1674 1866 1727 fidelissimae
1916 1675 2085 1729 bene—

451 1760 713 1813 volentia:
747 1766 1039 1829 acceptam
1076 1762 1213 1813 fero.
1260 1761 1361 1815 His
1412 1762 1581 1814 dictis
1613 1764 1680 1815 ad
1721 1763 2083 1832 partitionem
2120 1782 2165 1843 Β

455 1865 761 1902 munerum
794 1866 1108 1917 aggressus
1157 1866 1271 1913 rex,
1323 1850 1433 1903 sibi
1486 1852 1719 1921 quidem
1773 1851 2090 1905 reservavit

454 1936 816 2006 elephantem
852 1938 1190 2005 candidum,
1226 1956 1337 2008 quo
1370 1940 1543 1992 etiam
1598 1938 1859 1993 invectus
1885 1940 2086 1993 eodem

454 2022 545 2076 die
579 2040 677 2093 per
708 2026 905 2078 urbem
940 2026 1155 2093 regiam
1218 2043 1279 2079 se
1328 2026 1638 2080 videndum
1695 2028 1978 2097 praebuit;
2023 2028 2087 2079 fi-

454 2111 531 2163 lio
565 2128 669 2165 suo
704 2129 883 2165 unum
916 2129 1197 2182 equorum
1252 2114 1430 2181 dedit,
1487 2114 1752 2185 privigno
1801 2115 2085 2168 alterum:

456 2207 677 2263 Palario
723 2210 998 2263 eximium
1061 2210 1227 2263 illum
1270 2227 1468 2265 ensem
1530 2212 1801 2279 donavit;
1866 2228 2088 2281 pannos

455 2296 720 2350 attalicos
753 2304 1057 2368 vestesque
1108 2300 1440 2368 peregrinas
1491 2300 1747 2367 ingentis
1800 2300 1962 2369 pretii
2018 2301 2084 2353 ad

458 2385 780 2439 solitarium
814 2387 1175 2439 somniorum
1228 2386 1603 2456 interpretem
1656 2386 1837 2450 misit,
1895 2391 2085 2456 togam

459 2490 811 2544 purpuream
847 2479 902 2527 et
932 2491 1207 2528 coronam
1233 2474 1454 2529 Palario
1483 2475 1779 2528 commisit
1804 2474 1863 2527 in
1897 2492 2089 2545 gynae-

462 2578 627 2615 ceum
660 2562 1026 2628 deferendas,
1063 2579 1174 2632 quo
1220 2568 1278 2615 et
1329 2562 1454 2633 ipse
1501 2580 1631 2616 mox
1676 2562 1975 2632 inopinato
2009 2564 2091 2617 ire

458 2650 659 2704 voluit.
710 2651 997 2719 Ingressis
1044 2651 1331 2704 ambobus
1382 2650 1440 2703 in
1490 2649 1824 2704 cubiculum
1860 2650 2089 2705 Paladis

458 2737 694 2807 reginae,
726 2738 927 2791 eodem
979 2738 1241 2791 advocari
1298 2754 1395 2791 rex
1444 2739 1627 2807 jussit
1687 2743 1741 2793 et
1799 2737 2088 2808 pellicem,

461 2842 636 2896 quam
683 2826 1003 2899 deperibat,
1045 2826 1452 2880 dissimulante
1491 2826 1716 2895 injuriae
1752 2831 1921 2880 tantae
1955 2843 2089 2881 sen-

457 2930 586 2967 sum
619 2914 851 2983 Palade,
903 2931 1004 2985 pro
1062 2932 1165 2968 sua
1225 2919 1429 2968 caetera
1457 2914 1876 2983 {moderatione
1907 2931 1969 2968 ac
1998 2932 2089 2970 sa-

457 3002 696 3073 pientia,
729 3018 845 3073 qua
904 3004 1086 3056 fretus
1146 3020 1239 3057 rex
1302 3003 1541 3057 minime
1596 3004 1837 3057 curabat
1884 3004 1954 3056 de
1985 3003 2092 3057 hac

462 3108 570 3145 sua
601 3090 761 3144 illam
797 3091 1247 3161 intemperantia
1277 3093 1483 3146 celare.
1533 3091 1816 3185 Adductis
1861 3107 1996 3162 ergo
2028 3092 2085 3145 in
2121 3120 2163 3185 ρ

459 3181 613 3249 regis
639 3184 1014 3250 conspectum
1050 3196 1225 3234 uxore
1257 3180 1434 3235 simul
1470 3184 1527 3233 et
1558 3177 1781 3247 pellice,
1825 3194 1921 3233 rex
1950 3195 2085 3233 con-

457 3284 662 3322 versus
693 3268 761 3321 ad
796 3269 1078 3338 reginam.
1114 3267 1272 3337 Elige
1330 3268 1481 3337 quod
1540 3266 1741 3334 mavis,
1776 3266 1988 3337 inquit,
2022 3284 2090 3321 ex

459 3355 568 3409 hac
600 3360 729 3425 toga
770 3371 1060 3425 purpurea
1091 3359 1147 3409 et
1175 3370 1414 3419 corona;
1456 3356 1607 3424 quod
1646 3358 1705 3408 tu
1763 3354 2085 3425 reliqueris,

462 3444 584 3497 haec
614 3442 791 3497 tollet.
827 3447 1144 3497 Cunctante
1194 3443 1250 3495 in
1303 3442 1671 3496 deliberando
1706 3442 1931 3511 Palade,
1987 3443 2086 3497 Pa-

460 3530 641 3584 larius
661 3535 881 3597 astans,
904 3537 959 3584 et
983 3534 1345 3600 compertum
1388 3529 1628 3595 habens,
1663 3529 1843 3584 multo
1876 3531 2088 3600 pretio-

459 3619 673 3674 siorem
707 3635 917 3673 corona
954 3623 1170 3674 vestem
1231 3635 1377 3684 esse,
1449 3618 1608 3672 nictu
1668 3618 1817 3672 oculi
1875 3619 2087 3673 furtivo

458 3708 672 3778 regina:
704 3708 989 3775 innuit,ut
1019 3713 1211 3779 togam
1234 3707 1489 3778 eligeret.
1536 3708 1872 3762 Observavit
1919 3706 2085 3760 illum

458 3801 667 3851 nutum
694 3813 810 3863 rex,
857 3802 914 3852 et
956 3797 1065 3851 hoc
1092 3798 1285 3867 ipsum
1310 3812 1443 3850 cum
1472 3795 1732 3850 Palarius
1760 3800 1885 3849 tum
1919 3795 2089 3850 Palas

458 3886 1007 3953 animaduertentes,
1039 3886 1164 3957 pari
1215 3886 1386 3940 ambo
1436 3901 1573 3939 cura
1623 3888 1967 3938 :estuarunt.
2003 3886 2089 3938 Ita

456 3972 540 4027 illi
590 3975 661 4028 ad
714 3974 1082 4044 procuranda
1136 3973 1285 4042 regis
1338 3990 1403 4028 ac
1462 3970 1623 4042 regni
1673 3972 1981 4025 commoda
2020 3988 2089 4026 ex

456 4070 640 4125 multo
666 4072 788 4141 jam
824 4076 1081 4142 tempore
1099 4071 1534 4142 conspirabant,
1558 4074 1620 4123 ut
1642 4068 2087 4137 diligentissime

456 4164 745 4228 caverent,
797 4176 866 4215 ne
920 4159 1097 4213 ullam
1152 4161 1303 4214 inter
1370 4175 1465 4213 eos
1522 4174 1651 4212 esse
1708 4156 2085 4212 consiliorum

456 4247 928 4302 communionem
964 4247 1249 4316 suspicari
1277 4246 1587 4316 quisquam
1640 4251 1867 4315 posset;
1909 4261 2087 4316 quare

454 4335 514 4389 in
549 4342 691 4391 nutu
725 4338 821 4392 illo
874 4343 1013 4391 tunc
1074 4336 1441 4407 deprehensi,
1501 4334 1672 4389 tacite
1701 4351 1801 4404 pro
1834 4351 1895 4388 se
1926 4334 2085 4403 quis-

455 4440 569 4495 que
599 4425 977 4480 decreverunt
1011 4427 1147 4479 dare
1197 4423 1463 4478 sedulam
1512 4438 1746 4492 operam
1783 4438 1852 4475 ne
1892 4428 2088 4492 posset
2120 4466 2163 4527 Β

454 4528 553 4566 rex
584 4513 694 4567 isto
741 4530 808 4567 ex
866 4514 1032 4583 signo
1086 4512 1407 4582 intelligere
1440 4511 1592 4581 quod
1627 4510 1890 4575 ignorare
1920 4508 2085 4562 illum

456 4603 707 4655 maxime
734 4601 1021 4655 volebant.
1059 4600 1196 4654 Eam
1232 4601 1301 4653 ad
1346 4616 1459 4653 rem
1508 4598 1782 4665 deinceps
1828 4596 2087 4651 Palarius

456 4690 745 4745 affectavit
776 4689 1027 4742 similem
1056 4688 1205 4743 oeuli
1231 4687 1449 4741 nictum
1473 4684 1939 4756 frequentissime
1962 4685 2090 4739 sine

455 4802 631 4840 causa
662 4787 851 4851 edere,
886 4802 998 4853 quo
1028 4802 1123 4839 rex
1151 4785 1357 4838 vitium
1418 4784 1475 4837 id
1535 4781 1685 4837 oculi
1746 4798 1859 4836 non
1906 4786 2085 4835 artem
2125 4835 2129 4838 .

454 4874 845 4941 existimaret;
890 4873 949 4927 in
1004 4888 1187 4943 eoque
1232 4879 1349 4927 tam
1382 4875 1658 4927 constans
1691 4870 1817 4937 fuit,
1854 4875 1916 4925 ut
1946 4886 2087 4939 qua-

454 4961 726 5033 draginta
758 4962 894 5016 totis
923 4961 1113 5029 annis,
1138 4965 1279 5031 quot
1309 4960 1518 5015 deinde
1563 4959 1887 5029 permansit
1936 4960 2086 5027 apud

453 5067 647 5121 regem
677 5051 978 5118 assiduus,
1013 5049 1216 5104 nietari
1276 5048 1525 5104 subinde
1583 5046 1750 5101 oculo
1797 5046 2088 5111 similiter,

451 5144 517 5193 ut
548 5145 687 5193 tunc
722 5140 954 5204 fecerat,
1014 5155 1127 5193 non
1183 5136 1490 5191 destiterit.
1534 5135 1752 5206 Regina
1809 5151 1962 5201 vero,
2024 5151 2091 5188 ne

450 5227 629 5280 istum
665 5233 871 5281 nutum
909 5226 994 5281 vel
1042 5224 1403 5280 intellexisse
1446 5223 1528 5279 vel
1583 5226 1839 5278 secutam
1873 5239 1933 5276 se
1963 5239 2091 5276 esse

452 5315 739 5384 suspicari
775 5333 870 5369 rex
904 5319 1118 5386 posset,
1177 5315 1246 5367 de
1299 5312 1592 5367 industria
1651 5316 1853 5366 contra
1911 5327 2089 5379 quam

452 5403 547 5455 ille
582 5404 943 5457 monstrabat
984 5402 1137 5465 fecit,
1184 5418 1455 5457 coronam
1505 5399 1726 5469 eligens
1789 5415 1906 5468 pra“:
1940 5398 2093 5467 palla

452 5490 552 5543 illa
587 5508 897 5559 purpurea,
951 5490 1083 5545 licet
1134 5491 1283 5545 hanc
1319 5506 1429 5543 non
1464 5490 1753 5558 ignoraret
1788 5486 2088 5558 pretiosio-

457 5595 577 5632 rem
610 5596 756 5633 esse.

2197 528 2315 577 tam
2352 524 2558 579 fausta:
2595 527 2742 581 lucis
2776 527 2970 583 laetitia
3020 534 3277 583 cmnaret
3313 529 3491 583 Palas
3543 528 3798 597 regina,
3836 536 3903 581 ut

2200 615 2356 665 tanto
2394 613 2579 681 magis
2615 614 2984 669 formidatam
3018 617 3127 671 sibi
3163 618 3319 688 regis
3350 634 3419 671 ex
3461 621 3627 670 nutu
3676 618 3895 685 suspi-

2196 699 2419 753 cionem
2457 702 2790 770 discuteret,
2826 709 3216 775 praetereaque
3257 705 3611 759 ostenderet
3668 706 3889 774 quanti

2196 786 2384 840 facere
2428 805 2699 843 coronam
2751 791 2903 844 dono
2953 790 3063 845 sibi
3112 793 3332 860 datam,
3384 808 3680 863 gynaeceo
3740 810 3885 863 pro-

2198 874 2385 939 cliens,
2413 892 2545 929 cum
2577 893 2788 931 corona
2814 877 2866 929 in
2901 879 3107 948 capite,
3142 884 3199 933 et
3239 885 3445 934 caetero
3492 897 3691 950 quam
3728 897 3880 950 spe-

2198 960 2528 1015 ciosissime
2560 969 2788 1031 ornatu,
2823 966 3049 1019 discum
3083 982 3346 1033 aureum,
3381 984 3562 1039 oryza
3612 966 3873 1035 plenum

2196 1050 2659 1118 exquisitissime
2690 1053 2943 1119 condita,
2995 1071 3169 1107 manu
3222 1055 3430 1121 ferens,
3483 1057 3764 1109 accessit
3799 1058 3869 1109 ad

2199 1153 2461 1191 mensam
2499 1140 2923 1195 discumbentis
2951 1143 3143 1211 regis:
3178 1145 3373 1196 eodem
3429 1149 3742 1213 tempore,
3783 1143 3873 1196 in-

2196 1230 2416 1278 certum
2452 1234 2656 1296 sponte
2688 1246 2758 1282 an
2794 1235 3050 1297 evocata,
3083 1230 3266 1299 pellex
3300 1232 3367 1284 de
3402 1248 3525 1301 qua
3558 1233 3873 1295 diximus,

2196 1313 2461 1367 cubiculo
2495 1315 2628 1368 item
2664 1332 2897 1386 egressa
2938 1335 3065 1384 suo,
3098 1324 3333 1387 gestans
3383 1318 3613 1389 pallam
3669 1322 3877 1374 cocci-

2196 1416 2361 1455 neam
2395 1419 2569 1470 quam
2606 1420 2637 1456 a
2670 1420 2799 1474 rege
2831 1410 3151 1474 acceperat,
3208 1408 3485 1477 apparuit
3544 1408 3610 1461 in
3672 1409 3821 1461 aula
3855 1429 3869 1470 ;

2196 1504 2251 1550 et
2282 1515 2410 1552 cum
2437 1500 2587 1569 regis
2620 1504 2742 1554 tum
2776 1502 3091 1557 astantium
3124 1509 3468 1557 cunctorum
3506 1506 3581 1558 ad
3622 1521 3688 1558 se
3725 1522 3875 1559 oeu-

2196 1584 2283 1638 los
2311 1588 2609 1642 convertit.
2671 1590 2846 1643 Movit
2873 1591 3027 1643 enim
3088 1608 3289 1645 omnes
3348 1593 3497 1645 mira
3531 1610 3632 1647 res
3666 1594 3874 1663 fulgor

2199 1675 2427 1728 nativus
2486 1676 2962 1742 exquisitissimae
3021 1678 3182 1732 illius
3240 1685 3295 1733 et
3353 1697 3670 1749 nunquam
3724 1682 3868 1735 visae

2202 1780 2487 1833 purpurae,
2519 1782 2644 1834 quae
2677 1784 2743 1819 ex
2776 1767 2901 1835 ipso
2933 1767 3137 1821 limine
3183 1775 3355 1822 vastae
3398 1769 3569 1831 aulas,
3609 1788 3734 1839 quo
3774 1772 3868 1824 fu-

2201 1849 2419 1903 nalium
2458 1850 2550 1904 lux
2584 1868 2692 1904 non
2730 1852 2840 1905 nisi
2890 1858 3133 1907 remissa
3166 1854 3561 1925 pertingebant,
3616 1858 3868 1926 proprio

2200 1936 2514 2007 splendens
2548 1939 2786 2005 lumine,
2821 1940 3002 1995 aciem
3049 1943 3437 2011 spectantium
3493 1944 3864 1998 suavissime

2201 2027 2555 2095 perstrinxit.
2591 2027 2729 2091 Rex,
2790 2031 3013 2083 dudum
3078 2031 3259 2084 forma
3313 2037 3521 2101 captus
3583 2033 3864 2087 mulieris

2198 2112 2379 2177 illius,
2407 2130 2535 2168 cum
2563 2116 2684 2183 jam
2715 2115 2875 2169 illam
2908 2125 3023 2170 tam
3059 2117 3318 2188 speciose
3352 2118 3691 2174 radiantem
3747 2121 3871 2174 mi-

2200 2202 2309 2256 stis
2338 2204 2454 2257 uris
2487 2221 2550 2257 ac
2584 2209 2728 2268 togae
2761 2205 3093 2275 fulguribus
3140 2206 3374 2273 videret,
3427 2210 3637 2277 gestiit
3688 2210 3863 2262 haud

2200 2291 2371 2343 dubie
2401 2292 2453 2343 in
2495 2293 2702 2345 indicia
2736 2294 3082 2347 naturaliter
3111 2313 3175 2347 ex
3214 2296 3399 2349 oculis
3433 2297 3745 2349 exstantia
3780 2304 3865 2349 te-

2201 2379 2437 2432 nerrimi
2462 2380 2830 2451 amoris,quce
2854 2398 2950 2435 cor
2969 2383 3590 2453 Paladis,triumphum
3622 2386 3861 2439 a+mula

2202 2477 2513 2540 cernentis,
2546 2476 2659 2531 alte
2708 2478 3233 2533 convulnenarunt.
3286 2481 3694 2536 Exacerbabat
3730 2483 3857 2553 pla~

2199 2579 2333 2633 gam
2366 2563 2530 2618 dolor
2579 2566 2847 2620 conscius
2905 2584 3065 2621 saevae
3122 2567 3509 2635 necessitatis,
3560 2586 3691 2638 qua
3722 2587 3863 2624 coa-

2200 2657 2351 2705 ctam
2387 2669 2447 2706 se
2472 2654 2815 2707 meminerat
2844 2671 3035 2709 errare
3093 2655 3152 2708 in
3212 2655 3509 2721 electione,
3544 2661 3722 2712 tanto
3754 2660 3861 2711 ad-

2199 2739 2465 2794 versaria:
2497 2758 2615 2795 suae
2666 2744 2993 2796 commodo.
3027 2742 3144 2797 Hos
3170 2743 3348 2797 animi
3400 2749 3582 2799 aestus
3651 2746 3861 2801 incen-

2201 2828 2375 2881 debat
2420 2844 2648 2882 morsus
2708 2829 2893 2883 acrior
2935 2846 3158 2884 arcanae
3215 2830 3525 2901 zelotypiae,
3560 2848 3711 2901 qua,
3751 2835 3863 2888 etsi

2201 2929 2433 2967 summo
2470 2930 2699 2985 semper
2754 2914 3127 2970 dissimulata
3181 2917 3375 2972 studio
3408 2918 3614 2972 intime
3651 2924 3859 2973 tamen

2202 3000 2423 3054 dudum
2458 3001 2740 3056 muliebre
2790 3003 3067 3057 urebatur
3117 3008 3336 3075 pectus.
3376 3006 3607 3074 Adjecit
3640 3022 3860 3060 cumu-

2202 3088 2324 3142 lum
2358 3093 2444 3142 tot
2475 3088 2687 3144 furoris
2745 3090 2960 3156 causis,
2997 3096 3053 3145 et
3109 3093 3278 3162 quasi
3337 3092 3526 3148 oleum
3588 3094 3856 3149 ﬂamma

2203 3176 2451 3242 adiddit,
2487 3193 2595 3231 vox
2652 3182 2790 3232 tunc
2849 3178 3049 3233 audita
3106 3180 3514 3251 compellantis
3564 3181 3854 3236 Paladem

2203 3264 2377 3334 regis,
2410 3263 2502 3319 his
2536 3266 2853 3320 admodum
2886 3267 3076 3321 verbis
3109 3284 3121 3320 :
3155 3268 3392 3338 Semper
3424 3274 3480 3323 te
3512 3270 3854 3339 prudentis-

2204 3354 2439 3418 simam,
2465 3371 2593 3409 mea
2617 3356 2803 3423 Palas,
2832 3357 3221 3422 adverteram;
3264 3375 3421 3412 nunc
3453 3374 3629 3428 cogor
3657 3375 3847 3428 agno-

2204 3457 2365 3495 scere
2399 3442 2595 3496 minus
2626 3442 2795 3497 hodie
2840 3444 3108 3513 sapuisse
3139 3448 3193 3498 te
3219 3461 3350 3498 cum
3382 3445 3532 3499 hanc
3562 3461 3847 3499 coronam

2203 3528 2284 3583 illi
2318 3534 2465 3600 togae
2495 3531 2859 3601 praeoptasti;
2918 3548 2989 3586 en
3052 3538 3115 3587 ut
3171 3538 3365 3604 spreto
3416 3550 3449 3587 a
3490 3538 3544 3587 te
3595 3550 3852 3588 munere

2203 3619 2393 3672 amica
2424 3635 2579 3673 nunc
2611 3618 2889 3690 priscellit
2919 3636 3068 3677 mea.
3102 3621 3205 3676 Hic
3234 3621 3403 3691 quasi
3424 3620 3673 3676 ultimus
3694 3622 3849 3676 arie-

2201 3707 2277 3761 tis
2308 3707 2672 3777 impulsusin
2696 3725 2928 3762 murum
2948 3710 3007 3764 in
3032 3711 3259 3765 ruinam
3287 3727 3554 3781 pronum,
3576 3711 3854 3766 conside-

2202 3795 2512 3850 ratissimm
2536 3795 2681 3850 alias
2704 3806 2978 3851 matronae
2996 3798 3385 3854 constantiam
3410 3800 3632 3853 evertit.
3664 3804 3851 3853 Passa

2201 3883 2480 3953 quiddam
2513 3883 2880 3952 humanitus,
2932 3902 3066 3940 cum
3124 3887 3299 3941 etiam
3350 3886 3635 3941 insultare
3690 3886 3849 3941 ultro

2201 3978 2313 4032 sibi
2347 3994 2539 4049 regem
2575 3980 2935 4051 opinaretur,
2968 3998 3141 4051 quam
3190 3998 3368 4036 manu
3413 3981 3683 4051 gestabat
3716 3981 3849 4037 lan-

2200 4081 2323 4120 cem
2359 4071 2515 4121 recta
2538 4067 2597 4121 in
2630 4069 2757 4139 ejus
2778 4074 2950 4139 caput
2982 4069 3244 4141 impegit,
3268 4070 3349 4124 ita
3371 4075 3434 4123 ut
3462 4070 3589 4139 ejus
3620 4070 3845 4125 cidaris

2200 4170 2265 4208 ac
2296 4158 2481 4208 totum
2532 4154 3009 4225 paludamentum
3069 4159 3249 4213 etl‘uso
3308 4174 3374 4211 ac
3432 4157 3578 4211 fccde
3631 4175 3842 4228 sparso

2191 4242 2327 4310 jure
2360 4242 2786 4313 inquinaretur,
2833 4262 3081 4315 moxque
3111 4250 3377 4300 avertens
3418 4245 3582 4299 abiit.
3618 4245 3841 4300 Excan-

2199 4330 2325 4383 duit
2352 4346 2471 4395 rex,
2528 4347 2794 4402 proceres
2851 4332 3293 4388 exhorruerunt.
3348 4332 3537 4387 Pellex
3593 4333 3655 4387 in
3705 4334 3839 4388 sinu

2198 4420 2414 4490 gavisa,
2447 4426 2504 4475 et
2554 4422 2814 4492 proxime
2845 4440 2907 4477 se
2940 4423 3236 4478 admotam
3282 4423 3406 4493 spei
3451 4424 3612 4493 regni
3667 4426 3842 4479 tacite

2197 4507 2523 4577 gratulans,
2554 4509 2625 4561 iis
2659 4525 2849 4579 regem
2881 4510 3067 4565 oculis
3095 4510 3339 4580 aspexit,
3371 4510 3469 4580 qui
3502 4510 3729 4565 aemula
3754 4512 3839 4565 in-

2198 4596 2437 4649 teritum
2470 4597 2676 4665 quavis
2718 4598 3012 4652 efficacius
3062 4598 3433 4653 accusatione
3475 4606 3834 4668 perorarent.

2200 4682 2371 4753 Regis
2403 4688 2532 4753 post
2570 4684 2861 4739 intentum
2892 4689 2950 4739 et
2980 4686 3135 4740 varie
3183 4685 3499 4741 sollicitum
3533 4685 3837 4741 silentium

2200 4770 2487 4825 universae
2528 4771 2673 4826 aulas
2715 4774 3006 4827 sententia
3038 4774 3295 4828 intonuit
3328 4772 3630 4828 :Tollatur
3661 4790 3693 4828 c
3723 4790 3843 4829 me~

2199 4858 2294 4912 dio
2320 4876 2445 4928 qua:
2468 4864 2697 4914 tantum
2724 4878 2866 4916 ausa
2886 4866 2995 4931 est;
3027 4863 3192 4917 nefas
3212 4867 3302 4916 est
3316 4862 3501 4916 vivere
3514 4867 3633 4915 tam
3658 4862 3837 4916 licen-

2198 4953 2284 5001 ter
2315 4954 2519 5019 spretaz
2546 4967 2702 5005 ream
2757 4956 2967 5006 nostras
3008 4952 3351 5024 majestatis.
3385 4952 3532 5008 Tum
3566 4952 3636 5005 ad
3675 4951 3837 5005 Pala-

2201 5036 2350 5090 rium
2385 5053 2698 5093 conversus
2751 5040 2821 5093 de
2881 5056 3038 5094 more
3069 5045 3360 5095 astantem
3398 5056 3411 5094 :
3446 5039 3576 5106 Abi,
3619 5039 3834 5101 Palari,

2201 5149 2297 5186 rex
2319 5133 2418 5201 ait,
2446 5133 2556 5188 fide
2581 5134 2721 5189 mihi
2749 5136 2919 5191 solita
2962 5142 3019 5192 et
3063 5138 3167 5193 hoc
3217 5138 3537 5207 obsequere
3564 5154 3577 5190 :
3603 5152 3745 5191 cura
3776 5142 3840 5190 ut

2202 5222 2353 5275 diem
2382 5223 2707 5277 crastinum
2744 5224 2911 5280 Palas
2943 5242 3057 5281 non
3090 5226 3300 5282 videat.
3334 5225 3437 5279 His
3487 5224 3660 5279 dictis
3708 5240 3834 5293 per-

2199 5310 2670 5381 turbatissimus,
2728 5313 2977 5384 abrupto
3035 5313 3317 5381 convivio,
3362 5329 3423 5367 se
3452 5310 3724 5366 cubiculo
3749 5310 3837 5364 in-

2200 5397 2395 5452 clusit.
2429 5400 2512 5453 Ibi
2539 5405 2764 5455 noctem
2801 5401 2965 5455 illam
3016 5401 3187 5472 plane
3237 5402 3569 5456 insomnem
3601 5405 3659 5454 et
3690 5400 3836 5454 duos

2201 5491 2389 5540 tresve
2415 5486 2710 5543 insecutos
2743 5490 2868 5544 dies
2900 5489 3224 5544 miserrime
3270 5488 3472 5542 anxios
3515 5488 3705 5552 duxit,
3748 5503 3835 5540 re-

2204 5574 2636 5645 ciprocantibus
2694 5577 3059 5648 intemperiis
3116 5576 3514 5649 agitatissimaa
3572 5573 3835 5629 mentis:
