4060 6304
237 371 377 426 1329

1249 377 1607 430 SPECIMEN
1644 378 2043 429 SAPIENTIE
2081 379 2412 431 INDORUM
2450 379 2609 429 VET.

3488 370 3623 423 1330

235 496 554 551 saevissime
586 496 908 566 praesertim
966 496 1378 551 cruciabantur
1410 503 1739 553 recurrente
1774 514 1873 567 per
1904 502 1952 561 A
1988 498 2269 551 attentius
2312 503 2658 568 reputasset,
2709 496 2991 550 intellexit
3048 496 3411 549 innocentem
3469 513 3501 549 a
3559 511 3619 549 se

234 586 409 650 vices,
447 589 579 654 post
609 590 950 655 evaporatas
981 585 1077 638 irte
1127 585 1329 655 turias,
1379 586 1659 639 memoria
1713 586 1880 638 meri-

239 680 433 729 torum
466 674 823 744 ingentium,
851 674 1142 729 verissimi
1177 677 1393 730 amoris
1425 681 1475 730 et
1531 675 1880 746 perspectis-

240 763 404 817 sima:
437 762 571 816 fidei
604 762 857 817 Paladis.

310 887 431 942 VII.
469 887 711 941 Interim
741 886 1006 942 Palarius
1037 887 1350 942 abductam
1387 889 1583 943 statim
1644 904 1673 943 e
1722 886 1879 958 regia

241 976 537 1040 Paladem,
571 975 738 1044 quasi
772 974 1097 1042 adjussum
1132 976 1283 1045 regis
1314 978 1775 1046 exsequendum,
1817 976 1875 1029 in

240 1063 468 1117 intimis
498 1062 749 1134 gynaacei
784 1062 875 1117 sui
925 1063 1226 1118 domestici
1268 1062 1507 1118 latebris
1552 1064 1879 1131 abscondit,

236 1150 486 1205 multum
521 1150 708 1205 obiter
742 1151 1069 1205 incusatum
1098 1152 1253 1221 quod
1287 1153 1345 1205 in
1394 1152 1572 1206 istum
1620 1153 1875 1206 furorem

239 1239 552 1309 erupisset.
585 1238 671 1293 Ad
706 1238 958 1308 quzeilla
999 1256 1011 1293 :
1058 1243 1386 1305 Peccatum,
1439 1239 1651 1310 inquit,
1681 1256 1875 1294 meum

235 1326 432 1381 subita
463 1327 663 1380 statim
697 1326 1035 1395 pcenitentia
1077 1328 1396 1382 damnavit.
1446 1332 1528 1381 Tu
1584 1328 1672 1381 fac
1720 1328 1875 1396 quod

229 1415 433 1471 debes.
465 1419 522 1468 et
572 1415 692 1484 regi
741 1415 1097 1484 obsequere;
1153 1432 1264 1470 non
1318 1420 1636 1470 merentem
1704 1416 1875 1468 modo

230 1518 346 1568 me,
383 1502 483 1555 sed
510 1506 566 1555 et
615 1500 904 1555 volentem
964 1500 1055 1555 his
1116 1501 1241 1554 vitae
1302 1501 1578 1555 ﬂuctibus
1637 1500 1873 1569 eripies.

232 1589 341 1643 Cui
375 1587 659 1652 Palarius,
692 1588 850 1641 Bona
878 1588 1295 1659 verba,inquit,
1329 1605 1517 1659 regem
1552 1590 1876 1658 perderem,

236 1678 287 1732 si
320 1678 371 1732 ei
405 1693 560 1730 nunc
586 1678 1069 1745 obtemperarem.
1104 1677 1240 1731 Sine
1273 1693 1364 1730 me
1408 1677 1491 1731 uti
1546 1676 1690 1731 meis
1739 1677 1875 1731 arti-

231 1763 548 1832 bus,'alias
590 1763 704 1817 vidi
736 1764 961 1831 vicique
992 1768 1409 1834 tempestates;
1445 1763 1594 1817 hanc
1643 1780 1875 1834 quoque

232 1851 546 1922 spero,diis
579 1850 715 1904 huic
750 1866 925 1921 regno
954 1832 1661 1922 propitiisjuvantibus,et
1690 1832 1872 1921 ipsum
1904 1847 1951 1909 B
1983 1832 2010 1869 8

230 1936 657 2008 tranquillitate
687 1939 1186 1992 commutandam.
1212 1939 1446 1993 Conﬁdo
1475 1944 1532 1992 et
1566 1944 1691 1993 tace
1726 1958 1738 1994 :
1783 1940 1866 1993 la-

228 2026 413 2080 tuisse
446 2025 604 2080 salus
632 2025 826 2090 fuerit,
861 2025 1162 2095 recipisoet
1190 2041 1287 2080 rex
1341 2043 1353 2079 :
1416 2043 1581 2081 serva
1636 2033 1690 2079 te
1746 2042 1865 2080 me-

229 2113 361 2167 liori
395 2112 660 2183 tempori.
711 2112 824 2166 Nec
871 2112 1039 2183 plura
1088 2114 1319 2177 effatus,
1369 2113 1599 2183 proviso
1646 2118 1712 2168 ut
1768 2114 1867 2168 illa

228 2201 388 2272 regie
420 2201 751 2269 haberetur,
786 2202 884 2253 sed
919 2201 1029 2253 sub
1060 2200 1518 2269 impenetrabitis
1562 2200 1719 2255 clave
1776 2218 1863 2255 ar-

228 2288 383 2354 cani,
416 2287 712 2342 consuetis
751 2287 877 2342 suis
927 2288 985 2341 in
1034 2288 1189 2357 regis
1247 2288 1461 2358 palatio
1522 2288 1864 2343 ministeriis

227 2392 291 2430 se
323 2375 686 2430 reddidil.Ibi
719 2391 851 2429 cum
885 2391 979 2427 rex
1004 2376 1105 2429 diu
1160 2376 1497 2429 admitteret
1548 2376 1860 2442 neminem,

221 2463 459 2519 tandem
493 2463 561 2515 ad
596 2479 727 2516 eum
758 2464 1011 2532 projure
1042 2462 1454 2517 familiaritatis
1488 2463 1725 2529 intimae,
1764 2482 1864 2518 nec

221 2556 490 2616 vocatus,
525 2550 785 2605 Palarius
818 2559 1147 2621 penetrans,
1179 2552 1303 2614 Quo
1334 2552 1593 2617 domine,
1626 2553 1725 2617 ait,
1772 2553 1864 2607 hic

224 2641 424 2695 luctus
455 2644 575 2693 tam
610 2640 866 2709 pertinax
889 2639 917 2692 ‘I
948 2655 1051 2693 cur
1073 2643 1128 2693 te
1160 2655 1225 2693 ac
1256 2657 1362 2694 nos
1410 2656 1614 2695 omnes
1672 2646 1861 2695 tecum

228 2727 498 2783 occidis?
528 2728 669 2781 Sera
701 2727 1040 2796 pmnitentia
1081 2744 1181 2781 nec
1230 2726 1461 2781 laudem
1514 2745 1617 2782 nec
1663 2745 1861 2796 usum,

222 2834 297 2872 ne
332 2816 555 2869 veniam
588 2814 822 2885 quidem
849 2814 1050 2869 habet:
1076 2818 1217 2885 quin
1270 2820 1327 2869 et
1376 2815 1719 2885 gravissime
1772 2818 1863 2869 vi-

222 2908 586 2974 tuperatura
618 2902 1005 2973 sapientibus,
1046 2902 1291 2956 insaniae
1336 2904 1619 2958 ascribere
1673 2904 1862 2958 solitis

226 2994 489 3046 dolorem
522 2992 591 3045 de
622 3007 759 3045 casu
795 2990 1178 3054 irrevocabili,
1207 3008 1317 3060 quo
1349 2997 1405 3045 et
1435 2992 1669 3046 animus
1718 2993 1862 3061 deji-

226 3080 399 3144 citur,
435 3083 491 3132 et
514 3095 725 3149 corpus
760 3084 1108 3145 maceratur,
1150 3083 1207 3132 et
1256 3078 1475 3132 malum
1527 3079 1862 3134 immedica-

1983 586 2290 655 conjugem
2328 586 2470 640 l'also
2515 587 2760 639 crimine
2818 600 3179 654 oppressam,
3241 584 3393 637 unde
3450 583 3617 636 illum

1980 676 2185 727 tantus
2219 673 2431 728 invasit
2460 672 2625 727 dolor
2657 678 2719 728 ut
2742 673 2897 727 brevi
2929 671 3325 742 exspiraverit.
3360 672 3617 741 Subjun-

1983 777 2111 829 gem
2144 765 2200 815 et
2232 760 2412 815 alium
2454 761 2588 814 huic
2637 760 2941 830 apologum
3006 776 3018 812 :
3067 758 3281 813 Simius
3328 759 3617 829 pugillum

1987 848 2400 903 lenticularum
2430 864 2460 902 e
2490 864 2657 903 sacco
2687 847 2925 902 viatoris
2967 847 3075 900 sub
3134 863 3240 900 sua
3286 848 3621 901 recubantis

1984 936 2191 990 arbore
2226 938 2471 1004 furatus,
2500 937 2639 991 dum
2671 952 2700 989 e
2732 935 2935 1006 rapina
2967 949 3076 989 sua
3111 934 3386 998 vescitur,
3429 934 3619 988 'lentis

1982 1023 2096 1094 ipsi
2121 1023 2445 1092 grauellum
2483 1025 2625 1078 forte
2656 1041 2839 1078 unum
2873 1023 3104 1077 excidit.
3138 1021 3252 1076 Hoc
3285 1022 3379 1076 ille
3422 1027 3484 1076 ut
3531 1040 3619 1077 re-

1982 1112 2204 1181 ciperet
2233 1129 2472 1167 manum
2506 1113 2842 1175 extendens,
2880 1108 3184 1164 lenticulas
3213 1126 3353 1178 quas
3385 1127 3451 1164 ea
3482 1128 3617 1165 con-

1984 1200 2206 1253 tinebat
2239 1216 2443 1254 omnes
2474 1199 2678 1253 elfudit
2707 1216 2773 1253 ac
2805 1199 3076 1268 perdidit;
3108 1214 3213 1252 nec
3243 1197 3404 1251 illam
3438 1215 3612 1252 unam

1983 1287 2172 1356 ipsam
2206 1304 2379 1356 quam
2415 1303 2582 1341 avare
2613 1288 2876 1354 captabat
2907 1290 3232 1339 assecutus.
3265 1290 3342 1338 De
3389 1289 3440 1339 te
3492 1303 3618 1339 nar-

1986 1381 2172 1430 ratam
2197 1374 2369 1443 hane,
2395 1374 2913 1443 domine,fahulam
2947 1373 3412 1445 puta.Mulierem
3439 1391 3614 1427 unam

1988 1462 2455 1533 perdidisti,quid
2491 1462 2988 1517 inconsolabiliter
3018 1478 3226 1515 mmres
3250 1462 3276 1514 ?
3314 1478 3417 1515 cur
3450 1467 3500 1516 te
3529 1462 3615 1515 lu-

1984 1558 2079 1607 ctu
2113 1551 2531 1606 consumis‘?En
2565 1551 2745 1605 habes
2778 1567 2876 1620 pro
2911 1566 3025 1604 una
3054 1550 3389 1604 innumeras
3411 1566 3615 1621 :quam

1986 1654 2250 1692 revocare
2284 1637 2491 1708 nequis
2523 1637 2843 1703 desideras,
2876 1654 3023 1708 quas
3054 1637 3212 1691 vides
3246 1637 3481 1691 afﬂuere
3532 1639 3615 1691 fa-

1984 1726 2178 1780 stidis.
2201 1728 2284 1780 An
2317 1730 2582 1779 constare
2632 1725 2854 1779 ratione
2898 1724 3003 1778 tibi
3060 1725 3289 1779 videtur
3348 1726 3460 1779 ista
3512 1726 3611 1779 tri-

2016 1814 2187 1868 titia?

2044 1938 2185 1992 VIII.
2249 1936 2524 2001 Hic-rex,
2579 1952 2752 2006 quem
2811 1952 2945 2005 spes
3004 1937 3287 1991 hactenus
3345 1938 3611 2006 quendam

1972 2026 2288 2080 lactaverat
2318 2023 2480 2078 dilati
2512 2042 2545 2078 a
2599 2024 2821 2079 Palario
2868 2024 3138 2095 supplicii
3201 2024 3450 2089 Paladis,
3502 2026 3599 2079 ubi

1970 2111 2263 2170 contraria
2294 2114 2645 2167 indicantem
2687 2112 2883 2182 ipsum
2913 2114 3103 2166 verbis
3161 2114 3331 2167 modo
3388 2114 3606 2167 auditis

1972 2200 2404 2264 animadvertit,
2429 2216 2543 2268 quo
2575 2200 2788 2255 certius
2802 2199 3030 2270 aliquod
3066 2199 3297 2254 eliceret
3323 2201 3603 2253 indicium

1970 2290 2106 2344 facti
2174 2290 2244 2343 de
2303 2305 2416 2357 quo
2468 2288 2770 2353 aestuabat,
2817 2288 2960 2349 Uno,
3022 2288 3230 2357 inquit,
3305 2288 3602 2342 excidente

1972 2378 2116 2433 mihi
2144 2377 2403 2448 periram
2428 2376 2766 2445 flagrantem
2793 2376 3182 2447 verbo‘ingens
3198 2380 3285 2431 est
3308 2376 3601 2446 piaculum

1970 2465 2315 2521 admissum.
2371 2465 2455 2518 Ad
2505 2464 2657 2532 quod
2719 2463 2975 2518 Palarius
3034 2464 3297 2534 reposuit
3349 2485 3360 2519 :
3413 2464 3600 2518 Unum

1970 2553 2274 2624 prudentis
2300 2554 2540 2605 verbum
2569 2552 3014 2606 immutabiliter
3056 2552 3235 2607 ﬁxum
3284 2557 3394 2607 est.
3443 2553 3603 2607 Tunc

1968 2658 2067 2697 rex
2098 2641 2253 2695 clare
2277 2641 2399 2709 jam
2434 2639 2837 2709 pmnitentiam
2882 2641 3177 2710 proﬁtens,
3224 2640 3389 2694 Dolet
3440 2641 3601 2709 mihi,

1969 2728 2177 2793 Palari,
2220 2728 2321 2795 ait,
2365 2729 2568 2781 orbato
2623 2743 2751 2782 esse
2805 2727 3147 2782 ﬁdelissima
3204 2730 3497 2799 conjuge;
3549 2736 3605 2783 et

1969 2816 2255 2879 Palarius,
2287 2816 2464 2884 Duos,
2514 2816 2707 2885 inquit
2754 2817 3035 2886 quosdam
3081 2816 3274 2870 dolere
3324 2821 3599 2887 oportet:

1966 2905 2134 2959 illum
2168 2905 2265 2973 qui
2289 2906 2432 2959 bene
2463 2921 2763 2973 nunquam
2797 2905 2949 2971 fecit,
2974 2910 3029 2959 et
3058 2922 3192 2960 eum
3225 2905 3323 2976 qui
3367 2907 3437 2961 de
3493 2924 3602 2961 sua

1973 2993 2177 3048 ultima
2203 2991 2295 3046 die
2326 2992 2557 3061 cogitat.
2618 2993 2767 3046 Tum
2801 3009 2895 3047 rex
2958 3009 2969 3047 :
3030 2992 3087 3046 Si
3134 2993 3329 3048 videre
3386 2995 3597 3048 iterum

1966 3081 2237 3136 Paladem
2291 3096 2545 3150 possem,
2606 3078 2751 3133 nihil
2802 3097 3089 3143 curarem,
3140 3080 3281 3134 nihil
3342 3081 3600 3137 dolerem

222 3167 683 3221 bileint‘ortunic
720 3166 885 3233 longe
930 3166 1152 3220 tetriori
1195 3168 1669 3231 cumulatur.Qui
1724 3168 1859 3222 huic
1893 3191 1934 3254 ρ
1975 3170 2249 3239 amplius.
2285 3169 2364 3221 Ad
2416 3168 2521 3221 hoc
2580 3167 2841 3222 Palarius
2878 3186 2889 3221 :
2923 3175 3080 3223 Duos
3139 3170 3404 3224 homines
3463 3187 3603 3224 cura

222 3255 494 3326 indulget
525 3255 751 3309 aﬂectui
787 3255 1082 3309 homicida
1113 3256 1201 3308 sui
1238 3256 1423 3326 ipsius
1456 3260 1564 3318 est,
1616 3256 1862 3309 aemulus

227 3344 497 3398 stultitiae
547 3343 802 3398 columbi
859 3344 958 3413 qui
1015 3344 1204 3397 occisa
1264 3360 1363 3413 per
1408 3344 1862 3413 imprudentiam

227 3430 1189 3500 comparc,mmroreipseinteriit.
1248 3431 1465 3485 Fabula
1520 3448 1634 3485 non
1694 3431 1866 3502 longa

225 3519 312 3573 sic
347 3526 618 3572 narratur
648 3534 660 3571 :
685 3518 1004 3572 Columbus
1034 3525 1092 3571 et
1124 3518 1553 3588 columba;vitae
1584 3519 1728 3573 inita
1774 3538 1867 3573 so-

229 3607 462 3671 cietate,
496 3608 694 3675 granis
726 3606 969 3659 humore
1004 3606 1254 3675 turgidis
1287 3606 1431 3659 satis
1467 3623 1670 3677 magna
1701 3608 1869 3678 cOpia

231 3694 537 3763 congestis
577 3694 635 3746 in
667 3710 870 3746 cavum
922 3693 1223 3757 familiare,
1279 3695 1574 3747 communi
1626 3697 1867 3750 consilio

231 3784 609 3835 decreverant
640 3798 705 3834 ex
757 3798 821 3835 eo
879 3780 1112 3834 cumulo
1162 3780 1309 3834 nihil
1362 3798 1618 3850 carpere,
1677 3786 1865 3853 quoad

225 3886 333 3941 per
357 3874 615 3923 aestatem
649 3873 987 3938 suppeteret
1016 3868 1289 3938 pabulum
1326 3870 1380 3921 in
1446 3871 1638 3938 agris;
1684 3888 1867 3925 anno-

226 3973 368 4012 nam
400 3957 618 4027 quippe
651 3956 809 4009 illam
840 3956 892 4008 in
924 3956 1172 4010 hiemem
1209 3956 1598 4025 providerant.
1635 3960 1868 4012 Interim

228 4045 409 4098 ardor
459 4044 587 4098 cmli
639 4044 967 4098 solstitialis
1018 4045 1134 4098 late
1193 4045 1390 4098 omnia
1437 4061 1780 4113 excoquens,
1814 4048 1867 4100 in

228 4134 505 4187 horreum
542 4149 771 4203 quoque
823 4133 979 4186 istud
1043 4132 1443 4186 columbinum
1511 4135 1879 4205 penetravit,"

230 4222 416 4290 hujus
449 4222 495 4274 vi
529 4221 747 4291 granis,
782 4221 1027 4274 humido
1061 4223 1116 4273 in
1152 4237 1393 4291 vapores
1424 4220 1871 4285 exhalante,de-

230 4309 721 4373 tumescentibus,
757 4308 1124 4378 singulisque
1149 4310 1269 4377 jam
1305 4308 1362 4360 in
1390 4312 1599 4362 molem
1630 4308 1873 4362 dimidio

231 4400 523 4452 minorem
559 4398 900 4458 extenuatis,
937 4396 1180 4465 contigit
1222 4412 1489 4449 acervum
1534 4413 1760 4465 quoque
1792 4398 1875 4467 ip-

229 4503 369 4543 sum
404 4486 523 4556 pari
558 4485 926 4556 proportione
957 4488 1310 4539 decrescere.
1345 4489 1482 4550 Hoc,
1519 4484 1749 4539 rediens
1782 4486 1872 4539 die

233 4575 492 4647 quadam
523 4574 676 4628 circa
709 4573 1168 4643 aaquinoctialem
1222 4572 1535 4635 cardinem,
1569 4573 1873 4627 columbus

233 4666 293 4718 in
333 4664 560 4728 nidum,
603 4663 703 4715 ubi
766 4661 1293 4723 animadvertisset,
1345 4666 1579 4724 temere,
1625 4678 1691 4713 ex
1727 4678 1873 4713 vana

235 4751 866 4819 suspicionejudicans
890 4750 1217 4803 columbam
1253 4753 1375 4800 tum
1428 4748 1547 4801 ovis
1587 4749 1873 4802 incuban-

233 4847 384 4904 tem,
417 4842 617 4892 contra
647 4839 1036 4892 communiter
1057 4838 1306 4903 decreta,
1334 4837 1614 4890 vescendo
1642 4854 1704 4890 ex
1739 4837 1875 4890 hor—

233 4946 334 4983 reo
388 4924 698 4979 hiemalem
750 4924 1161 4994 intempestiva
1219 4925 1531 4978 voracitate
1595 4926 1875 4978 minuisse

235 5019 659 5077 commeatum,
693 5029 817 5066 eam
854 5017 1040 5065 rostro
1074 5018 1135 5065 et
1160 5012 1457 5082 unguibus
1482 5014 1665 5065 iratus
1696 5031 1873 5083 appe-

235 5106 357 5163 tiit,
396 5101 789 5169 miseramque
816 5101 1020 5153 tandiu
1072 5100 1576 5165 repetitisictibns
1609 5104 1875 5154 contudit

238 5191 439 5263 quoad
478 5198 703 5241 mortua
737 5188 1083 5241 concideret.
1121 5187 1592 5255 Super-venerunt
1622 5189 1771 5241 haud
1800 5190 1877 5241 ita

241 5279 438 5334 multo
470 5282 602 5346 post
631 5277 846 5328 imbres
880 5277 1270 5338 autumnales,
1302 5279 1357 5328 et
1388 5275 1750 5329 humet'acius
1784 5295 1880 5330 aer

237 5384 452 5442 grana,
501 5365 821 5429 insinuato,
877 5369 939 5417 ut
997 5364 1162 5431 solet,
1224 5366 1458 5418 madore
1514 5367 1876 5433 distendens,

239 5472 506 5513 massam
540 5452 794 5519 congesti
830 5452 1005 5505 tritici
1040 5452 1107 5505 ad
1144 5452 1605 5522 magnitudinem
1630 5454 1677 5507 ei
1704 5473 1875 5524 quam

235 5560 422 5601 verno
455 5548 714 5611 tempore
748 5540 1095 5610 praetulerat,
1131 5556 1324 5609 parem
1369 5540 1608 5595 inﬂavit.
1665 5542 1878 5596 Obser—

235 5636 401 5693 vavit
434 5634 486 5687 id
522 5630 848 5693 columbus,
876 5629 1124 5698 primum
1161 5629 1459 5683 admirans
1486 5647 1498 5683 :
1524 5629 1728 5683 deinde
1751 5648 1877 5685 cum

1974 3262 2031 3311 et
2059 3256 2255 3310 dolore
2286 3271 2485 3308 vacare
2522 3255 2607 3308 fas
2651 3258 2740 3308 est
2787 3272 2799 3307 :
2857 3271 2990 3308 eum
3050 3255 3147 3324 qui
3202 3257 3345 3309 bene
3405 3257 3603 3310 multis

1976 3346 2178 3398 fecisse
2210 3342 2319 3397 sibi
2353 3343 2623 3396 conscius
2665 3347 2772 3406 est,
2825 3348 2879 3395 et
2930 3342 3093 3397 illum
3154 3344 3250 3412 qui
3303 3361 3601 3415 nunquam

1976 3430 2527 3501 peccavit.Rex:Urit
2561 3447 2651 3484 me
2699 3431 3053 3484 desiderium
3108 3430 3357 3498 Paladis,
3407 3450 3605 3500 quam,

1976 3520 2084 3573 heu
2118 3521 2241 3572 mel
2283 3535 2583 3587 nunquam
2618 3518 2873 3587 amplius
2905 3518 3126 3572 videbo.
3164 3518 3603 3574 Palariuszbuo

1976 3614 2115 3662 sunt
2142 3608 2240 3676 qui
2275 3623 2387 3660 non
2422 3606 2638 3671 vident,
2672 3622 2857 3659 caecus
2909 3612 2965 3659 ct
3020 3607 3238 3660 stultus
3270 3626 3281 3661 :
3337 3617 3393 3660 ut
3450 3609 3605 3661 enim

1975 3696 2101 3749 cmli
2134 3695 2323 3747 lucem
2358 3710 2541 3748 caecus
2574 3710 2687 3747 non
2714 3692 2975 3764 percipit,
3009 3710 3111 3747 nec
3164 3712 3289 3763 quze
3346 3707 3477 3749 ante
3509 3702 3607 3750 aut

1976 3785 2129 3838 circa
2179 3799 2240 3837 se
2301 3786 2435 3835 sunt
2494 3781 2697 3847 cernit,
2758 3782 2842 3835 sic
2902 3782 3118 3836 stultus
3169 3800 3280 3836 non
3331 3784 3609 3837 discernit

1976 3872 2193 3925 bonum
2228 3887 2261 3923 a
2294 3869 2464 3935 malo,
2498 3870 2864 3938 sequendum
2893 3887 2926 3923 a
2974 3870 3229 3926 vitando.
3265 3872 3383 3924 Rex
3414 3892 3427 3925 :
3455 3872 3607 3925 Nun-

1977 3976 2151 4028 quam
2215 3974 2304 4011 me
2366 3958 2601 4011 satietas
2662 3955 2887 4011 Paladis
2946 3958 3115 4025 cepit.
3178 3958 3437 4011 Palarius
3490 3964 3607 4012 Duo

1978 4050 2234 4116 suntqui
2264 4064 2562 4116 nunquam
2598 4046 2903 4111 satiantur,
2933 4064 3139 4100 avarus
3171 4054 3225 4101 et
3251 4048 3603 4101 luxuriosus.

1976 4142 2096 4191 Rex
2149 4154 2160 4190 :
2215 4138 2456 4189 Revocat
2514 4135 2655 4187 mihi
2720 4135 2800 4187 tui
2871 4141 3217 4205 conspectus
3267 4138 3602 4189 memoriam

1978 4226 2226 4288 Paladis,
2263 4242 2441 4294 quare
2474 4223 2669 4292 procul
2727 4230 2781 4278 te
2832 4243 2864 4278 a
2912 4242 3004 4278 me
3045 4226 3362 4293 abjnngere
3403 4216 3623 4279 suadet

1981 4316 2234 4367 animus.
2308 4312 2567 4365 Palarius
2624 4330 2634 4363 :
2692 4314 2950 4375 Quatuor
3024 4312 3327 4366 hominum
3396 4330 3607 4382 genera

1982 4401 2177 4472 procul
2212 4406 2330 4453 ate
2388 4400 2625 4468 abjnngi
2676 4401 2840 4453 decet
2897 4417 2908 4451 ε
2971 4400 3202 4468 impios,
3242 4401 3605 4470 insipientes.

1983 4506 2094 4541 non
2147 4488 2485 4540 confitentes
2533 4485 2814 4553 jadicium
2876 4491 2931 4539 et
2983 4486 3442 4549 retributionem,
3497 4505 3607 4538 non

1981 4575 2347 4628 dominantes
2397 4573 2695 4625 alfectibus
2754 4578 2810 4625 et
2865 4573 3282 4641 cupiditatibus
3343 4576 3608 4642 propriis.

1982 4665 2097 4717 ltex
2130 4680 2142 4715 :
2178 4662 2263 4717 Vre
2299 4660 2478 4715 mihi!
2541 4662 2749 4713 domus
2792 4677 2917 4713 mea
2967 4660 3190 4730 privata
3241 4666 3329 4715 est
3381 4661 3606 4715 Paladc.

1984 4752 2285 4806 Palarius:
2320 4753 2576 4813 Quatuor
2619 4766 2709 4803 res
2769 4754 2905 4802 sunt
2961 4750 3303 4803 necessariis
3356 4751 3611 4820 privatae,

1986 4841 2192 4895 ﬂuvius
2242 4856 2395 4910 aqua
2452 4854 2676 4902 carens,
2738 4842 2892 4891 terra
2950 4854 3061 4891 non
3124 4837 3341 4892 habens
3395 4855 3613 4907 regem,

1986 4928 2483 4981 mulierdostituta
2496 4926 2600 4979 viri
2623 4928 2933 4991 consortio,
2957 4924 3130 4978 homo
3148 4942 3262 4979 non
3277 4925 3613 4979 discernens

1984 5018 2201 5069 bonum
2228 5032 2259 5068 a
2291 5014 2461 5067 male.
2499 5014 2652 5067 Rex:
2686 5013 2927 5080 lnjuste,
2972 5029 3001 5064 ο
3053 5011 3258 5079 Palari,
3316 5018 3614 5084 perempta

1988 5104 2151 5157 Palas
2175 5108 2298 5168 est;
2335 5108 2390 5154 et
2424 5108 2480 5153 tu
2517 5101 2613 5169 qui
2650 5102 2941 5170 peremisti
2997 5101 3199 5153 multis
3258 5100 3613 5155 cruciatibus

1987 5194 2199 5259 dignus
2231 5190 2582 5243 es.Pa|arius
2608 5206 2619 5242 :
2647 5189 2787 5241 Tres
2820 5194 2957 5239 sunt
3004 5188 3161 5257 digni
3210 5188 3563 5241 cruciatibus
3600 5208 3611 5242 :

1986 5278 2310 5333 innocentis
2340 5280 2787 5339 accusator,non
2813 5283 3052 5328 vocatus
3083 5275 3343 5327 convivio
3368 5278 3614 5341 irruens,

1987 5373 2043 5419 et
2074 5370 2270 5435 raptor
2302 5364 2647 5416 alienorum.
2697 5363 2811 5415 Rex
2845 5382 2858 5427 ;
2892 5362 3184 5415 Debueras
3248 5380 3357 5414 non
3412 5379 3617 5430 reprze.

1990 5460 2219 5507 sentare
2251 5457 2366 5505 tam
2407 5452 2609 5503 festiue
2641 5450 2998 5520 supplicium
3036 5448 3282 5513 Paladis,
3307 5450 3405 5502 sed
3434 5450 3488 5502 in
3523 5450 3619 5503 tali

1990 5560 2167 5596 causa
2220 5540 2723 5609 longanimitatem
2784 5538 3077 5591 adhibere.
3139 5536 3442 5589 Palarius:
3486 5538 3623 5590 Tres

1992 5631 2265 5685 adhibere
2306 5627 2805 5697 longanimitatem
2857 5626 3069 5679 debent
3102 5640 3114 5677 :
3149 5625 3245 5693 qui
3301 5624 3616 5679 maximum
