4108 6294
474 542 605 597 1331

1905 509 1910 515 ’
1973 542 2355 597 ΔΡΡΒΝΒΙΧ.

3718 545 3855 600 1332

476 665 774 736 negotium
793 664 1256 743 adoritur,quii_n
1275 667 1532 743 montem
1558 663 1805 716 arduum
1831 660 2113 726 ascendit,
2145 664 2194 727 Α
2228 677 2425 737 suum,
2458 668 2514 739 et
2560 682 2795 744 summa
2852 666 2910 721 in
2950 650 3221 741 eumdem
3254 652 3709 727 charitateLHic
3764 683 3857 725 rex

485 754 585 824 qui
623 744 811 824 pisces
845 753 1117 807 comedit.
1173 740 1290 806 Rex
1324 767 1337 807 :
1370 738 1615 807 Multum
1645 766 1736 804 me
1767 748 2115 827 contemnis,

405 888 411 895 .
480 834 694 908 Palari,
755 842 937 896 serios
998 846 1243 912 questus
1310 854 1472 893 meos
1541 836 1877 892 istuismodi
1947 836 2121 906 nugis

484 930 796 1001 excipiens.
852 915 1113 984 Palarius
1161 945 1174 983 :
1226 927 1332 993 Qui
1382 915 1767 1011 contemnunt
1816 941 2008 1011 regem
2064 924 2121 978 hi

486 1023 626 1073 sunt
660 1036 674 1074 :
706 1020 805 1088 qui
841 1034 1034 1073 coram
1068 1033 1135 1071 eo
1166 1016 1347 1088 garrit
1377 1002 1769 1095 sinejudicio,
1813 1002 1923 1091 qui
1954 1013 2026 1067 ab
2056 1029 2121 1067 eo

484 1107 555 1161 de
587 1107 940 1176 quibusdam
975 1090 1471 1181 interrogatus,de
1500 1090 1632 1179 aliis
1662 1101 1995 1179 respondet,
2020 1100 2121 1179 qui

484 1196 637 1266 apud
671 1194 943 1249 eumdem
978 1194 1049 1248 de
1105 1194 1177 1246 iis
1222 1191 1458 1245 disserit
1498 1206 1623 1259 quae
1674 1206 1786 1243 non
1828 1189 2123 1263 intelligit,

483 1289 541 1336 et
569 1272 814 1355 libertus
844 1280 1227 1350 locupletatus
1262 1284 1567 1347 patronum
1588 1275 2123 1355 vexanscalumniis

485 1375 661 1440 atque
692 1370 749 1422 in
775 1352 876 1438 jus
926 1368 1187 1435 trahens.
1235 1368 1352 1439 Rex
1387 1384 1399 1421 :
1430 1352 1676 1441 Deliras,
1718 1352 1947 1445 Palar'i,
1985 1363 2126 1443 talia

486 1458 768 1528 garriens.
784 1454 1410 1535 RalariuszDeliratqui
1426 1440 1976 1535 docetstultum,qui
1994 1440 2128 1507 con-

484 1534 718 1601 tradicit
746 1534 1133 1615 sapienti,qui
1165 1544 1349 1598 credit
1382 1534 1813 1619 meretrici,qui
1847 1536 2131 1595 arcanum

488 1621 1405 1689 suuminlidocommunicat.Rex
1427 1647 1439 1685 :
1459 1630 1579 1683 Non
1598 1635 1751 1686 recte
1775 1628 1955 1711 fecisti
1973 1629 2126 1701 occi-

490 1723 634 1777 dens
652 1719 1358 1776 Paladem.Palarius:Non
1381 1724 1534 1772 recte
1564 1716 1807 1789 agit,qui
1827 1718 2129 1791 mentitur;

492 1811 593 1880 qui
616 1826 733 1864 non
763 1792 907 1863 vivit
936 1813 1000 1862 ut
1042 1800 1342 1877 loquitur;
1376 1806 1475 1878 qui
1527 1810 1696 1860 astate
1754 1798 2129 1883 praefervidus

492 1901 593 1955 iraa
652 1898 1043 1969 obsequitur;
1096 1898 1194 1968 qui
1229 1895 1369 1951 sinit
1399 1911 1461 1951 se
1510 1894 1801 1967 implicari
1832 1882 2130 1950 amoribus

492 1986 751 2059 pellicis;
782 1985 883 2057 qui
932 2002 1041 2041 sua
1089 1985 1541 2055 intemperantia
1589 1983 1791 2038 volens
1838 1982 2127 2082 vincitur;
2160 2017 2208 2082 B

490 2076 741 2147 denique
771 2091 869 2130 rex
897 2074 997 2145 qui
1031 2074 1310 2129 momenti
1345 2073 1585 2127 maximi
1619 2088 1740 2127 rem
1782 2071 2131 2142 aggrediens

490 2163 734 2219 consilia
763 2162 1095 2232 sapientum
1122 2177 1239 2216 non
1269 2160 1541 2230 exquirit.
1559 2159 1679 2214 Rex
1708 2174 1722 2213 :
1764 2158 1885 2215 Non
1917 2157 2137 2213 vereris

490 2268 704 2321 regem,
741 2259 855 2305 tam
882 2249 1060 2304 libere
1091 2249 1435 2319 obloquens,
1470 2246 1829 2309 homuncio?
1879 2246 2138 2310 Quatuor

492 2340 754 2411 suntqui
789 2356 905 2394 non
936 2343 1210 2395 verentur
1241 2353 1434 2407 regem
1476 2351 1491 2390 :
1539 2334 1900 2407 gallinaceus
1946 2333 2135 2405 gallus

491 2431 632 2483 dum
697 2428 756 2482 in
822 2443 929 2481 suo
985 2426 1363 2494 resupinatus
1437 2423 1810 2494 sterquilinio
1881 2423 2130 2493 pedibus

492 2514 1015 2572 intentisoccurrit
1043 2514 1197 2569 velut
1219 2513 1442 2567 ruituro
1473 2512 1615 2566 cmlo
1639 2529 1652 2579 ;
1684 2527 1828 2582 grus
1857 2511 2138 2566 insistens

496 2606 595 2660 uni
629 2606 881 2675 .‘pedum,
945 2603 1114 2673 quasi
1147 2605 1369 2656 metuat
1428 2617 1501 2654 ne
1559 2601 1608 2654 si
1673 2600 1857 2654 altero
1924 2600 2139 2669 pariter

495 2693 784 2757 innitatur
810 2690 1104 2761 deprimat
1131 2694 1347 2744 terram
1379 2689 1559 2742 nimio
1594 2688 1886 2759 pondere;
1920 2687 2138 2741 vermis

498 2780 788 2852 pulverem
824 2794 992 2848 parce
1020 2794 1255 2845 .vorans,
1297 2777 1450 2845 quod
1485 2780 1706 2832 metuat
1735 2791 1806 2831 ne
1834 2792 1980 2830 suus
2001 2791 2136 2830 eum

496 2870 663 2926 cibus
693 2868 943 2933 deficiat,
978 2873 1036 2922 et
1064 2865 1399 2937 vespertilio
1431 2869 1607 2925 noctu
1649 2864 1876 2918 tantum
1910 2863 2134 2930 volans;

495 2974 570 3014 ne
597 2957 645 3013 si
680 2973 784 3028 per
810 2956 965 3011 diem
998 2957 1324 3024 appareret,
1357 2970 1465 3008 sua
1496 2951 1934 3024 pulchritudine
1961 2967 2134 3006 vena-

493 3053 691 3102 torum
750 3046 822 3099 ad
887 3044 979 3098 sui
1037 3043 1300 3114 rapinam
1363 3040 1711 3113 cupiditates
1776 3040 2132 3096 accenderet.

495 3135 852 3190 Rexzﬁeul
906 3148 1212 3202 nunquam
1272 3130 1502 3200 uspiam
1562 3127 1766 3181 videbo
1805 3126 2133 3189 .mulierem

493 3221 693 3279 Paladi
723 3221 1000 3277 similem.
1036 3220 1298 3276 Palariue
1332 3234 1346 3271 :
1378 3219 1639 3281 Quatuor
1685 3219 1825 3270 sunt
1860 3215 2133 3270 inemen-

497 3309 714 3366 dabilia
770 3326 785 3365 :
845 3307 1055 3362 mulier
1113 3306 1301 3377 palam
1363 3308 1598 3359 assueta
1668 3304 2016 3375 prostituere
2064 3318 2128 3357 se

502 3396 773 3470 plurimis
813 3416 827 3464 ;
886 3371 1364 3465 loquax-solitus
1432 3371 1717 3459 mentiri‘;
1785 3392 2127 3463 imprudens
2156 3371 2198 3437 C-

508 3486 780 3556 opinione
829 3483 921 3537 sui
970 3482 1256 3546 tumidus,
1300 3486 1358 3535 et
1404 3480 1796 3536 calumniator
1843 3478 2144 3534 insidiosis

510 3570 1045 3629 machinationibus
1074 3585 1304 3641 semper
1330 3568 1613 3624 intentus.

587 3663 685 3717 IX.
710 3660 828 3716 Hoc
884 3658 1093 3714 ultimo
1153 3674 1360 3729 parum
1401 3658 1459 3711 in
1521 3657 1775 3728 speciem
1824 3656 2147 3712 cohaerente

511 3766 792 3822 responso
822 3746 1084 3803 Palarius
1116 3746 1236 3815 regi
1262 3746 1595 3815 desperanti
1644 3745 1837 3799 videre
1888 3760 2144 3812 unquam

510 3839 766 3911 amplius
790 3838 1087 3898 Paladem,
1115 3850 1216 3907 per
1236 3834 1513 3907 ambages
1541 3834 1842 3899 innuebat,
1878 3834 2028 3887 haud
2063 3835 2146 3890 ita

507 3945 686 3995 esse;
757 3941 944 3997 neque
1000 3924 1155 3979 enim
1232 3925 1303 3978 ad
1362 3938 1556 3978 rerum
1627 3921 2143 3977 inemendabilium

507 4018 758 4073 classem
814 4028 1067 4069 errorem
1123 4029 1192 4067 ea
1247 4010 1371 4066 neei
1433 4011 1756 4065 addicenda
1814 4011 2142 4066 admissum

510 4106 817 4176 pertinere.
887 4102 1173 4171 Deinceps
1247 4116 1419 4171 porro
1494 4116 1590 4153 rex
1654 4098 1711 4152 id
1782 4115 1896 4153 non
1980 4100 2141 4155 visus

502 4193 853 4263 intelligere,
884 4190 1099 4245 clarius
1142 4189 1427 4258 expressit
1483 4187 1699 4242 doloris
1756 4192 1814 4242 et
1862 4186 2137 4242 desiderii

504 4281 968 4355 magnitudinem
1021 4280 1134 4349 sui,
1196 4279 1350 4333 hunc
1417 4278 1477 4333 in
1538 4280 1776 4333 modum
1837 4279 2136 4346 loquens:

501 4374 800 4428 [Eternum
834 4368 1170 4424 exsulabite
1200 4369 1368 4422 corde
1401 4383 1491 4421 me
1521 4367 1821 4435 gaudium,
1855 4371 2137 4422 aeternum

499 4464 558 4515 in
591 4476 656 4515 eo
678 4459 845 4514 dolor
868 4455 1232 4512 domicilium
1283 4454 1538 4521 habebit,
1590 4470 1623 4509 o
1672 4454 1854 4509 Palari
1902 4448 2140 4526 propter

500 4549 799 4605 Paludem.
843 4546 927 4600 Ad
961 4545 1082 4600 hinc
1134 4543 1400 4599 Palarius
1458 4544 1718 4613 reposuit
1750 4560 1763 4597 :
1794 4543 2139 4599 Justissima

497 4636 730 4692 dolendi
762 4650 941 4691 causa
989 4637 1078 4687 est
1138 4632 1379 4687 amissio
1426 4631 1687 4685 mulieris
1738 4633 1828 4686 διε
1883 4632 2137 4702 praeditas

497 4724 734 4781 doﬁbus
789 4739 802 4776 :

500 4812 733 4879 borum,
766 4808 1092 4866 nobilitate.
1112 4809 1315 4875 forma,
1338 4808 1732 4863 submissione
1763 4812 1897 4879 erga
1949 4810 2138 4866 virum

2229 747 2521 807 Palarium
2582 755 2840 823 intuens,
2901 756 3287 823 Immensum,
3355 755 3461 824 ait,
3521 755 3855 826 cordiqmeo

2227 838 2494 893 iusevisti
2569 840 2814 905 luctum,
2887 843 3242 899 immensum
3297 843 3451 919 item.
3502 842 3587 896 tui
3642 843 3856 922 odium,

2232 925 2440 993 Patari,
2480 944 2610 983 mea
2638 930 2980 985 dulcissima
3022 929 3338 985 occidenda
3382 918 3613 985 Palade.
3664 918 3751 984 Ad
3807 931 3856 1003 id

2232 1021 2437 1072 contra
2482 1018 2745 1075 Palarius
2789 1037 2802 1074 :
2847 1021 3067 1075 Verum
3127 1023 3185 1074 et
3233 1020 3607 1075 irrevocabile
3666 1002 3856 1074 odium

2232 1105 2386 1159 inter
2411 1106 2517 1162 hos
2546 1111 2750 1162 mutuo
2776 1108 2976 1179 viget:
3019 1108 3222 1180 lupum
3265 1112 3323 1162 et
3378 1124 3536 1175 oves,
3578 1107 3751 1162 felem
3805 1113 3855 1163 et

2235 1210 2487 1263 murem,
2553 1186 2887 1267 accipitrem
2963 1202 3020 1251 et
3094 1197 3409 1268 perdicem,
3494 1212 3730 1251 corvum
3810 1202 3863 1251 et

2238 1287 2533 1350 noctuam,
2557 1300 2833 1339 cancrum
2855 1290 2913 1339 et
2942 1301 3195 1355 anguem
3226 1300 3241 1339 :
3276 1285 3501 1359 quibus,
3523 1284 3861 1339 accensendi

2238 1375 2395 1436 sunt,
2415 1371 2535 1441 qui,
2560 1388 2766 1440 magna
2787 1378 2845 1427 et
2863 1373 3039 1428 veteri
3064 1373 3320 1427 amicitia
3341 1372 3653 1443 dirempta,
3682 1389 3865 1443 coepe-

2237 1458 2353 1512 rint
2382 1460 2617 1514 tandem
2650 1461 2845 1515 odisse
2872 1460 3141 1537 invicem.
3172 1465 3317 1515 Tum
3354 1478 3453 1516 rex
3485 1477 3499 1515 :
3533 1459 3702 1537 Oculi
3735 1460 3861 1527 mei,

2236 1546 2446 1610 Palari,
2514 1538 2879 1619 requirentes
2944 1548 3173 1625 semper
3239 1549 3513 1603 miseram
3570 1549 3864 1623 Paladem,

2238 1650 2540 1705 nunquam
2599 1636 2872 1707 deinceps
2903 1652 3176 1692 somnum
3208 1636 3507 1691 videbunt.
3542 1636 3682 1692 Octo
3710 1644 3866 1705 sunt,

2239 1723 2808 1793 reposuitPalarius,
2843 1714 3059 1796 quibus
3112 1742 3253 1780 cura
3305 1712 3579 1780 somnum
3640 1725 3857 1796 eripit:

2240 1810 2428 1866 multa
2497 1812 2807 1881 possidens
2874 1829 2978 1868 nec
3034 1813 3259 1868 habens
3307 1813 3540 1867 ﬁdelem
3589 1829 3866 1879 servum;

2241 1900 2583 1955 machinans
2616 1917 2814 1979 necem
2847 1902 3030 1956 amico
3062 1905 3163 1956 aut
3182 1901 3514 1957 adversario
3536 1919 3548 1968 ;
3572 1901 3872 1979 deperiens

2239 1986 2576 2054 mulierem;
2610 1978 2880 2043 conscius
2920 2005 2984 2044 se
3026 1989 3238 2044 falsum
3299 1989 3519 2060 crimen
3562 1978 3872 2060 impegisse

2240 2074 2442 2129 ulcisci
2471 2075 2725 2144 valenti;
2760 2091 2980 2147 pauper
3009 2093 3043 2131 a
3073 2093 3188 2147 quo
3237 2076 3488 2148 exigitur
3537 2077 3691 2148 quod
3758 2068 3868 2141 non

2242 2163 2448 2230 habet;
2511 2179 2662 2235 ager
2717 2165 2921 2220 morbo
2976 2164 3333 2220 decumbens
3376 2165 3533 2236 gravi
3590 2156 3719 2219 sine
3774 2162 3878 2236 ope

2242 2250 2448 2305 medici
2486 2266 2499 2305 :
2533 2252 2781 2307 maritus
2803 2253 3115 2319 adulteras;
3149 2254 3310 2307 dives
3350 2269 3563 2325 parcus
3621 2246 3875 2323 inopiam

2242 2345 2539 2407 metuens;
2587 2341 2801 2411 quibus
2858 2342 3161 2397 addendus
3211 2346 3300 2396 est
3346 2357 3467 2396 rem
3535 2341 3879 2396 desiderans

2242 2444 2418 2497 quam
2452 2429 2731 2499 consequi
2763 2446 2877 2483 non
2910 2435 3117 2500 potest.
3154 2429 3255 2485 His
3288 2447 3383 2485 rex
3411 2430 3567 2509 eludii
3603 2446 3668 2485 se
3732 2428 3877 2484 indi-

2242 2524 2450 2587 gnans,
2485 2518 2700 2570 irratus
2731 2517 2876 2571 dixit
2933 2535 2946 2572 :
3001 2510 3314 2587 Nunquam
3376 2513 3635 2588 amplius
3693 2523 3878 2572 tecum

2243 2605 2558 2674 colloquar,
2610 2604 2815 2660 Palari.
2864 2607 2931 2659 At
2988 2605 3249 2660 Palarius
3300 2623 3313 2659 :
3363 2592 3591 2677 Indigni
3652 2608 3755 2677 qui
3812 2605 3876 2661 ad

2243 2691 2599 2762 colloquium
2635 2693 3023 2748 admittantur
3054 2692 3108 2748 hi
3140 2690 3281 2749 sunt
3312 2710 3326 2749 :
3360 2694 3456 2765 qui
3486 2695 3731 2749 fratrem
3764 2694 3879 2749 odit

2241 2796 2309 2836 ex
2332 2780 2477 2834 falsa
2505 2796 2718 2849 causa;
2753 2781 2925 2836 homo
2959 2798 3238 2853 arrogans
3264 2801 3276 2850 ;
3302 2782 3400 2853 qui
3429 2781 3665 2837 divitias
3690 2783 3881 2839 anima

2242 2870 2479 2939 propria
2555 2869 2690 2938 plus
2766 2870 3039 2938 aestimat,
3117 2870 3215 2940 qui
3274 2871 3625 2924 contradicit
3677 2887 3879 2944 servus

2242 2938 2505 3019 domino,
2537 2956 2863 3027 discipulus
2884 2938 3315 3029 magistro.Sub
3346 2957 3464 3011 haec
3497 2950 3615 3029 rex,
3647 2963 3716 3012 ut
3765 2938 3884 3013 erat

2241 3059 2526 3114 suspenso
2558 3043 2756 3098 animo
2791 3046 2997 3114 parum
3043 3042 3301 3099 attentus
3331 3044 3402 3098 ad
3433 3024 3652 3111 audita,
3687 3040 3882 3114 inopi-

2242 3136 2375 3185 nate
2414 3118 2755 3185 exclamavit
2793 3147 2806 3186 :
2850 3131 3032 3187 Nemo
3078 3135 3166 3186 est
3221 3128 3279 3185 in
3328 3128 3604 3187 omnibus
3660 3126 3890 3204 peccati

2240 3223 2528 3289 expers,et
2557 3218 2730 3272 homo
2773 3220 3064 3290 perfectus
3094 3219 3254 3274 omni
3287 3234 3356 3275 ex
3391 3224 3552 3295 parte
3585 3235 3886 3290 nusquam

2239 3307 2578 3377 reperietur.
2602 3306 2693 3360 Sic
2725 3305 2924 3362 relicto
2947 3305 3208 3362 Palarius
3265 3324 3397 3379 rege
3431 3308 3601 3379 pleno
3657 3306 3887 3372 luctus,

2251 3396 2309 3449 in
2339 3394 2664 3449 miserrima
2693 3395 3097 3464 desperatione
3127 3396 3385 3451 videndae
3417 3390 3673 3467 unquam
3693 3392 3893 3452 dilec‘

2252 3483 2494 3538 tissimze
2536 3482 2825 3561 conjugis,
2867 3482 3039 3552 paulo
3098 3490 3224 3553 post
3281 3483 3470 3538 adfuit
3515 3489 3816 3539 evocatam
3866 3500 3895 3539 e

2254 3572 2514 3636 latebris,
2546 3575 2603 3626 et
2632 3588 2765 3626 cum
2815 3576 3018 3627 caetero
3074 3573 3233 3644 regio
3280 3572 3438 3628 cultu
3494 3577 3620 3628 tum
3675 3566 3894 3629 corona

2251 3660 2352 3715 illa
2378 3659 2771 3731 pulcherrima
2801 3665 3067 3715 ornatam
3096 3660 3393 3716 adducens
3430 3654 3732 3717 Paludem.
3755 3662 3895 3717 Eam

2251 3766 2366 3820 quo
2432 3749 2641 3816 gaudio
2706 3765 2803 3803 rex
2856 3749 3085 3814 viderit,
3140 3750 3357 3821 quibus
3428 3749 3647 3805 amoris
3704 3751 3895 3822 signis

2248 3838 2552 3908 exceperit,
2616 3835 2885 3906 subjiciet
2924 3836 3034 3891 sibi
3080 3839 3351 3909 quisque,
3415 3838 3501 3892 uti
3554 3834 3612 3893 et
3672 3834 3895 3909 quibus

2250 3926 2523 3980 laudibus
2550 3924 2752 3979 Palarii
2818 3925 3183 3995 prudentiam
3240 3925 3547 3992 extulerit;
3600 3914 3893 3997 quantum

2248 4014 2319 4068 ad
2379 4013 2624 4084 priorem
2692 4013 2752 4067 in
2799 4012 2996 4083 ipsum
3052 4007 3343 4067 addiderit
3400 4010 3891 4087 benevolentiam,

2248 4106 2421 4173 qnam
2456 4102 2688 4171 quidem
2741 4100 3182 4171 pretiosissimis
3231 4092 3432 4157 statim
3487 4101 3656 4158 donis
3710 4103 3894 4159 voluit

2246 4172 2943 4246 testatamB'rach‘manas
2984 4172 3151 4271 porro
3186 4184 3562 4276 insidiatores
3607 4186 3888 4263 perﬁdos,

2245 4284 2300 4333 et
2355 4278 2582 4333 consilii
2639 4276 3000 4347 sanguinarii
3068 4274 3553 4358 sceleratissimqs
3587 4278 3888 4351 auctores,

2246 4368 2624 4437 congregatos
2670 4366 2970 4421 universos
3018 4382 3213 4421 coram
3252 4354 3325 4421 se
3370 4354 3557 4437 jussit
3614 4368 3888 4423 interﬁci.

2246 4456 2361 4511 Hoc
2393 4455 2653 4526 exemplo
2689 4459 2864 4524 putet,
2905 4454 3022 4525 regi
3058 4448 3125 4509 ad
3158 4468 3324 4509 suam
3376 4447 3660 4512 tuendam
3714 4474 3885 4528 paca-

2243 4550 2362 4599 tam
2393 4550 2569 4613 atque
2608 4542 2960 4596 incolumem
3021 4543 3260 4597 domum
3320 4540 3376 4597 et
3432 4545 3883 4621 rempublicam.

2242 4621 2631 4688 instrumenta
2704 4631 3065 4685 efficacitatis
3141 4630 3446 4702 praecipuae
3516 4626 3640 4688 haec
3698 4628 3881 4690 esse:

859 4720 1161 4791 pudicitia,
1210 4720 1543 4787 prudentia,
1600 4719 1955 4788 parci’mouia
2001 4737 2128 4774 ver-
2160 4728 2206 4791 D
2241 4722 2635 4794 prudentiam,
2664 4718 3023 4790 patientiam,
3060 4716 3356 4791 sapientes
3401 4716 3799 4791 consiliarios,
3830 4729 3883 4777 et

2249 4806 2554 4865 mulierem
2585 4807 2902 4862 cordalam.

1565 5057 2079 5120 DISSERTA'I‘IO
2121 5059 2615 5120 PARABOLICA
2661 5057 2814 5118 VIII.

503 5170 817 5231 Cautz’ones
867 5161 1207 5245 praescribit
1240 5163 1524 5220 (enmidas
1594 5162 1653 5219 in
1707 5162 1998 5222 amicitiis
2052 5168 2421 5255 quaestuosis,
2484 5158 2757 5243 temporis
2825 5161 3013 5221 solum
3089 5156 3149 5222 εὶ
3214 5157 3410 5223 mutui
3480 5155 3629 5224 τιθείη
3708 5154 3889 5227 causa’

2008 5254 2336 5305 contractis
2352 5291 2365 5303 .

566 5354 811 5463 Alia‘ldie
870 5352 1133 5459 poscenti
1192 5350 1595 5461 Abessaiomo
1624 5374 1743 5459 regi
1803 5374 2005 5455 audire
2042 5350 2133 5457 ide:

496 5457 768 5527 amicitiis
825 5457 1107 5535 temporis
1148 5457 1452 5541 lcausa‘in
1515 5457 1813 5539 communi
1875 5462 2134 5541 periculo

497 5546 831 5621 contractis,
909 5540 1188 5606 disseruit
1244 5549 1302 5601 in
1373 5545 1526 5603 hunc
1591 5551 1829 5604 modum
1892 5540 2133 5621 gymno-

500 5646 778 5715 sophista.
1772 5704 1777 5719 ι
2074 5698 2097 5725 τ.

572 5734 616 5787 I.
648 5728 769 5785 Non
802 5742 1002 5784 omnes
1051 5722 1319 5780 amicitia;
1365 5741 1549 5779 aevum
1595 5726 1809 5788 ferunt,
1857 5743 1961 5780 nec
2002 5722 2134 5781 vero

508 5823 668 5875 nefas
691 5818 803 5874 alia
831 5831 1095 5885 unquam
1124 5814 1273 5868 inire
1304 5830 1480 5884 quam
1514 5818 1728 5869 aeterna
1759 5815 1986 5870 hedera.
2037 5817 2136 5871 Est

2242 5391 2376 5449 cum
2410 5375 2583 5429 etiam
2621 5350 2783 5445 probi
2815 5389 2880 5428 ac
2910 5373 3205 5442 sapientes
3236 5390 3350 5428 non
3384 5382 3659 5449 recusant
3688 5379 3889 5445 conci-

2244 5463 2710 5539 liationemgcum
2742 5461 3013 5539 inimico,
3043 5461 3242 5523 ,vicem
3289 5466 3518 5537 tantum
3548 5481 3644 5527 ,ac
3689 5467 3892 5532 condi.

2245 5552 2465 5617 tionem
2496 5536 2865 5629 induciarum
2900 5548 3253 5622 habituram.
3286 5549 3395 5613 Res
3452 5536 3562 5606 hoc
3616 5555 3889 5626 exemplo

2246 5626 2677 5721 declarabitur,
2708 5637 2884 5718 ‘Felis
2937 5636 2995 5711 in
3072 5640 3273 5692 trunco
3310 5700 3314 5704 _
3348 5644 3605 5713 vetustas,
3660 5640 3891 5697 arboris

2250 5712 2613 5781 domicilium
2646 5712 2916 5789 habebat,
2940 5739 3045 5778 nec
3087 5721 3255 5793 longe
3304 5724 3439 5780 hinc
3490 5712 3628 5782 cavo
3671 5731 3887 5800 exiguo

2259 5815 2561 5871 habitabat
2591 5831 2744 5871 mus.
2802 5812 2977 5868 Nocte
3014 5813 3267 5882 quadam
3327 5814 3573 5870 ambivit
3619 5817 3887 5876 arborem

3854 6040 3869 6075 ι

3846 6090 3877 6127 ’ἱ
