4060 6304
265 480 411 534 1333

1256 481 1614 534 SPECIMEN
1652 437 2052 532 saetigeris:
2089 437 2422 532 iNDORUM
2461 479 2604 531 ver

3516 475 3654 528 1334

263 603 486 658 retibus
517 607 781 667 venator,
809 607 868 670 et
896 603 1101 673 ignara
1132 601 1479 655 insidiarum
1520 601 1672 653 .ante
1712 596 1904 652 lucem
1936 597 1989 661 Α
2019 598 2362 668 lncrepabat
2392 573 2475 652 sic
2528 602 2902 653 cunctantem
2962 599 3128 654 felis:
3189 600 3336 663 Quid
3391 599 3649 666 dubitas,

265 694 396 748 falis
427 693 644 763 exiens,
677 692 974 762 implicata
1004 691 1232 761 laqueis
1264 694 1370 745 est.
1420 687 1582 741 Vidit
1637 702 1764 741 eam
1823 685 1903 738 ita

264 783 519 836 vinctam
551 797 865 850 erumpens
919 795 1060 834 cavo
1094 794 1200 832 suo
1231 775 1538 832 musculus
1569 779 1626 828 et
1667 772 1901 841 gavisus

265 875 378 931 est,
411 871 510 924 sed
543 870 771 924 brevem
803 869 854 922 ei
911 867 1169 921 laetitiam
1227 867 1506 935 ingruens
1565 861 1781 931 duplici
1833 877 1903 914 ex

264 957 523 1027 periculo
579 962 774 1011 motus
829 971 1041 1025 anceps
1117 955 1269 1008 fecit.
1345 952 1684 1021 Suspiciens
1749 949 1901 1003 enim

263 1046 635 1100 insistentem
686 1045 902 1108 arbori,
961 1049 1019 1097 et
1064 1043 1253 1096 facere
1291 1041 1348 1094 in
1373 1056 1436 1094 se
1458 1040 1741 1109 impetum
1766 1053 1900 1094 noc-

263 1141 427 1188 tuam
465 1139 790 1204 parantem,
823 1149 952 1187 cum
988 1133 1251 1201 refugere
1285 1131 1342 1183 in
1377 1144 1543 1184 suam
1595 1141 1900 1181 cavernam

262 1221 456 1286 vellet,
487 1222 838 1276 subeuntem
862 1237 926 1274 eo
961 1218 1277 1290 nympham
1307 1216 1736 1270 animadvertit.
1799 1213 1901 1268 Hic

261 1311 556 1364 enimvero
587 1313 998 1363 consternatus
1059 1301 1420 1369 discrimine,
1464 1309 1522 1357 et
1559 1302 1726 1356 anxie
1759 1299 1900 1354 deli-

268 1398 642 1452 berabundus
681 1397 957 1450 haerebat.
1016 1395 1166 1458 Quid
1234 1405 1403 1462 agam
1433 1392 1461 1444 ?
1491 1397 1591 1444 aut
1642 1401 1757 1460 quo
1808 1404 1900 1441 me

254 1490 478 1539 vertam
511 1486 538 1539 τ
567 1501 765 1538 secum
801 1485 983 1537 aiens.
1018 1484 1073 1535 Si
1104 1498 1305 1536 cavum
1341 1496 1534 1534 meum
1585 1479 1898 1549 ingrediar,

263 1571 561 1626 devorabit
594 1588 684 1626 me
715 1572 1010 1642 nympha;
1047 1569 1095 1622 si
1157 1574 1350 1623 autem
1412 1565 1506 1620 hic
1564 1563 1896 1636 persistam,

263 1664 367 1715 aut
397 1660 597 1713 dextra
627 1659 936 1713 sinistrave
980 1661 1177 1727 fugere
1235 1656 1561 1725 aggrediar,
1622 1647 1900 1707 involabit

255 1751 315 1805 in
351 1765 442 1802 me
474 1745 719 1814 noctua;
754 1749 804 1802 si
850 1747 946 1801 feli
1001 1763 1090 1800 me
1143 1747 1504 1808 admoveam,
1567 1744 1756 1813 praeda
1814 1741 1897 1796 illi

259 1840 416 1892 ﬁam.
452 1837 576 1891 Non
608 1825 1063 1906 despondendus
1097 1841 1288 1888 tamen
1321 1838 1412 1886 est
1440 1833 1710 1885 animus:
1740 1831 1899 1901 inge—

2013 684 2196 749 aiens,
2221 690 2341 742 tam
2376 687 2489 740 cito
2512 687 2663 740 redis
2685 688 2753 740 ad
2773 687 3009 756 genium
3036 687 3062 741 ?
3080 690 3160 742 ita
3183 688 3373 742 brevis
3392 694 3481 741 est
3503 688 3647 740 fides

2011 771 2278 825 amicitiae
2301 773 2514 841 jurataa
2542 774 2569 827 ‘2
2598 773 2844 828 Sinceraa
2875 775 3030 844 (mus
3061 776 3162 844 ait)
3193 776 3464 845 equidem
3500 774 3647 830 mihi

2008 861 2278 914 conscius
2304 861 2616 915 voluntatis
2647 878 2776 916 sum
2815 864 2872 916 in
2910 865 3119 918 fmdere
3149 865 3302 918 inter
3361 881 3466 917 nos
3499 863 3643 916 inito

2011 948 2312 1013 servando,
2345 949 2447 1003 sed
2481 965 2597 1018 quo
2622 953 2685 1008 tu
2721 950 2916 1004 futura
2946 952 3030 1005 sis
3063 950 3260 1004 animo
3293 951 3391 1005 ubi
3434 965 3526 1004 me
3585 951 3642 1004 in

2013 1039 2295 1104 potestate
2316 1036 2595 1091 habueris
2617 1053 2811 1092 vereor
2835 1057 2848 1103 ;
2874 1055 3007 1092 nam
3034 1039 3319 1093 naturalis
3367 1039 3644 1093 inclinato

2012 1140 2128 1178 non
2160 1128 2440 1187 mutatur,
2473 1129 2572 1178 aut
2591 1125 2777 1194 siqua
2799 1126 2848 1180 ei
2871 1127 2956 1181 vis
2981 1127 3238 1192 affertur,
3260 1145 3373 1181 non
3399 1131 3643 1196 perstat;

2015 1215 2336 1279 propterea,
2371 1227 2505 1264 cum
2533 1212 2679 1266 nihil
2706 1219 2934 1282 urgeat,
2967 1215 3157 1268 tutius
3209 1232 3414 1269 censeo
3475 1215 3645 1269 relin-

2013 1314 2188 1368 quere
2249 1304 2305 1352 te
2359 1299 2550 1352 adhuc
2600 1316 2713 1353 uno
2773 1301 3149 1355 constrictam
3203 1301 3456 1366 vinculo,
3538 1302 3647 1355 hoc

2011 1393 2534 1456 quoquerupturus
2566 1404 2700 1441 cum
2735 1393 3035 1442 maturum
3055 1389 3649 1459 erit.Sicaliquandiu

2013 1474 2265 1543 perstitit
2295 1490 2570 1529 mussans
2601 1477 2790 1544 quoad
2827 1476 2948 1530 sole
2971 1478 3095 1546 jam
3128 1483 3348 1542 exorto,
3378 1488 3433 1532 et
3473 1495 3644 1532 vena-

2006 1561 2150 1615 toris
2181 1562 2812 1633 adventantisstrepitu
2873 1570 3060 1634 empto
3119 1565 3328 1632 audiri,
3388 1566 3646 1620 residem

2009 1652 2350 1722 tempestive
2373 1651 2657 1730 confregit
2677 1653 2874 1731 tilum,
2897 1653 3223 1732 proculque
3255 1655 3449 1708 statim
3475 1655 3644 1723 fugit;

2010 1735 2367 1815 felisolutze,
2398 1737 2483 1808 vel
2519 1737 2562 1792 si
2599 1739 2823 1815 deesset
2873 1740 3036 1807 ﬁdes,
3089 1742 3385 1815 venatoris
3439 1747 3641 1812 tamen

2010 1817 2287 1910 instantis
2319 1819 2507 1880 metus
2540 1813 2899 1910 insequendi,
2921 1831 3105 1896 muris
3137 1811 3445 1903 consilium
3480 1846 3644 1902 excu-

453 1889 856 1997 angustiis,
900 1925 1180 1989 cernitur,
1241 1915 1580 1992 excogitabo
1635 1889 1892 1990 aliquam
2006 1918 2171 1996 teret.
2206 1889 2352 1986 i5th
2381 1889 2641 1992 nympha
2672 1889 2861 1970 obiter
2890 1889 3182 1997 exterrita,
3241 1893 3296 1972 et
3353 1935 3418 1972 ex
3476 1899 3643 1971 antro

257 2015 468 2070 salutis
497 2016 674 2068 viam.
706 2014 782 2068 Ea
808 2012 1247 2082 circumspectis
1268 2011 1497 2065 cunctis
1519 2003 1632 2063 non
1659 2005 1894 2063 aliunde

255 2118 429 2172 quam
463 2100 633 2156 efele
689 2101 1050 2168 ostenditur:
1108 2099 1370 2169 experiar
1426 2113 1554 2166 eam
1615 2096 1891 2167 alloquio.

260 2191 353 2245 Sic
389 2191 1149 2258 accedensquantumtuto
1183 2186 1368 2257 potuit
1423 2186 1498 2252 ad,
1553 2185 1891 2252 intricatam

257 2279 363 2333 reti
395 2278 574 2342 felim,
608 2275 807 2342 Satin’,
837 2275 1051 2344 inquit,
1085 2274 1255 2336 salvae.
1287 2279 1551 2336 reslsunt
1611 2282 1720 2341 tuae
1743 2273 1769 2326 ?
1832 2277 1896 2327 Et

259 2359 413 2422 felis,
476 2357 708 2422 Gaudes
758 2354 1002 2422 scilicet,
1063 2354 1166 2416 ait,
1217 2370 1311 2406 me
1369 2352 1750 2422 deprehensa,
1827 2369 1893 2431 ac

261 2435 481 2501 miserae
514 2445 791 2518 insultas.
825 2445 1143 2518 Tummus
1178 2459 1190 2520 _:
1224 2443 1569 2520 Gauderem,
1604 2447 1669 2496 ut
1721 2443 1890 2509 dicis,

255 2536 303 2588 si
329 2550 580 2606 securus
611 2548 821 2607 essem,
857 2548 1010 2607 nunc
1043 2531 1277 2606 propria
1298 2529 1720 2610 mihipericula
1741 2529 1893 2608 eala-

259 2623 479 2677 mitatis
513 2621 711 2682 alienae
744 2622 996 2674 fructum
1025 2620 1345 2690 excutiunt.
1380 2618 1552 2686 Vides
1577 2618 1894 2693 nympham

261 2710 813 2782 pervasissesmeum
850 2725 1086 2782 cavum,
1138 2706 1432 2784 simulque
1488 2706 1892 2785 imminentem

256 2799 314 2852 in
352 2798 461 2852 mei
479 2796 760 2868 rapinam
795 2811 1053 2867 superne.
1071 2799 1374 2871 noctuam.
1400 2794 1565 2871 Nunc
1588 2808 1712 2863 age,
1737 2794 1892 2864 quod

255 2885 642 2940 communiter
672 2883 922 2954 expedit,
954 2883 1334 2957 conciliemur
1365 2882 1631 2958 invicem,
1662 2897 1892 2960 pacem,-

257 2991 370 3044 que
402 2974 706 3038 faciamus,
732 2972 823 3026 his
851 2970 1102 3043 legibus,
1139 2975 1201 3023 ut
1233 2986 1358 3039 ego,
1385 2970 1599 3038 quibus
1631 2969 1889 3036 vinciris,

254 3079 520 3132 rumpam
554 3060 818 3132 laqueos,
881 3064 943 3115 tu
1006 3057 1322 3130 nympham
1387 3057 1612 3111 occidas
1669 3057 1888 3128 praeda-

256 3153 456 3206 tricem
493 3167 704 3204 meam.
855 3216 860 3222 Ι
1285 3209 1291 3220 _
1460 3191 1466 3196 ι
1687 3215 1690 3218 ,

324 3240 395 3294 ΙΙ.
429 3240 695 3294 l‘robavit
723 3239 988 3309 impense
1023 3235 1693 3314 murisdpropolsitiqnem
1729 3234 1875 3312 felis,

2009 2002 2194 2056 muris
2225 2004 2428 2071 ejecta,
2463 2002 2615 2078 saltu
2657 2005 2998 2059 conscendit
3041 2008 3370 2083 arborem,
3406 2007 3644 2080 Maestus

2002 2095 2244 2166 venator
2275 2087 2525 2156 fractum
2559 2098 2676 2146 rete
2706 2091 3229 2150 reconcinneturus
3251 2081 3516 2169 abstulit.

2079 2175 2174 2242 IlI.
2211 2179 2382 2232 Pauci
2417 2195 2483 2232 ex
2517 2177 2624 2233 hoc
2655 2179 2777 2234 dies
2829 2171 3160 2254 tinxerant,‘
3191 2167 3322 2256 cum
3349 2167 3643 2251 prodeun-

2001 2269 2142 2334 tem,
2181 2271 2381 2346 pastus
2414 2260 2602 2346 causa.
2622 2269 2937 2342 quaerendi,
2971 2287 2999 2323 e
3023 2262 3128 2324 sua
3152 2287 3395 2346 caverna
3418 2259 3642 2323 murem

2005 2352 2207 2432 procul
2244 2343 2374 2417 telis
2405 2339 2808 2427 intuensQuo
2863 2375 2895 2411 a
2937 2375 3065 2434 :me,
3124 2351 3360 2427 clamat,
3413 2375 3644 2430 semper

2002 2437 2364 2520 vitabundus
2393 2443 2736 2516 digrederis,
2763 2445 2998 2516 ‘oblitus
3056 2437 3323 2520 amicitiai
3377 2448 3584 2516 juratte
3616 2447 3644 2501 ?

2000 2531 2137 2600 Age,
2162 2530 2328 2600 aude,
2358 2532 2564 2585 accede
2587 2533 2662 2604 ad
2717 2548 2832 2606 me,
2882 2519 3154 2604 amplecti
3206 2539 3259 2588 te
3319 2552 3384 2588 ac
3444 2551 3639 2589 remu-

2005 2634 2205 2673 nerare
2239 2635 2340 2688 pro
2376 2617 2596 2672 meritis
2629 2619 2797 2690 cupio
2822 2619 3105 2691 libertatis
3129 2627 3182 2676 et
3247 2621 3452 2676 salutis
3508 2623 3640 2676 vin-

2003 2707 2190 2786 dicem
2221 2722 2381 2783 meae.
2415 2707 2516 2782 Gui
2551 2693 3015 2784 miusparum'per
3047 2711 3408 2768 subsistens.
3460 2711 3638 2765 inter-

1998 2793 2148 2847 vallo
2182 2799 2374 2876 tameq
2410 2795 2551 2849 satis
2601 2813 2811 2870 magno
2862 2798 3076 2864 medio,
3136 2799 3362 2865 Nostra,
3419 2799 3637 2869 inquit,

1999 2880 2257 2955 amicitia
2278 2883 2613 2952 complexus,
2636 2901 2751 2937 non
2778 2885 3044 2955 requirit,
3072 2901 3174 2940 nec
3198 2885 3446 2942 libenter
3468 2905 3636 2942 oscu-

1998 2943 2151 3024 iarer
2182 2969 2341 3024 labra
2363 2969 2638 3046 contigua
2661 2961 2942 3046 dentibus
2967 2957 3241 3048 mandere
3276 2976 3381 3028 mei
3416 2977 3639 3031 similes

2000 3058 2209 3114 solitis.
2243 3063 2524 3116 Amemus
2573 3077 2601 3114 e
2646 3059 2977 3140 longinquo
3029 3079 3254 3142 censeo;
3310 3065 3425 3120 Nec
3474 3065 3640 3134 aliter

1998 3145 2136 3212 fecit
2171 3162 2429 3216 unquam
2464 3164 2595 3202 mus
2642 3149 2937 3218 providus,
2998 3151 3406 3226 haud,.minus
3463 3170 3638 3224 quam

2001 3239 2132 3288 ante
2164 3226 2588 3313 scidulovitans
2623 3252 2692 3291 ne
2719 3252 2780 3290 se
2811 3237 2910 3322 feli
2937 3225 3346 3308 committeret,
3381 3247 3497 3322 aut,
3537 3258 3636 3322 eir-

251 3332 307 3380 et
337 3343 559 3396 magnas
593 3324 871 3378 mercedis
895 3306 1323 3397 peopositiopes
1355 3304 1585 3390 adjecit,
1646 3322 1692 3373 si
1752 3309 1879 3390 ejus
1910 3297 1952 3362 C
1992 3305 2285 3400 periundze
2329 3305 2433 3376 suo
2465 3307 2681 3396 damno
2733 3297 2992 3395 perﬁdiae
3044 3317 3408 3384 occasionem
3461 3308 3634 3400 daret

255 3416 527 3468 beneﬁcio
557 3430 619 3468 se
650 3413 789 3467 solvi
815 3412 1196 3482 contingeret.
1223 3404 1578 3482 Ergo'fqzdus
1605 3408 1880 3476 inierunt,

248 3508 304 3557 et
344 3519 474 3568 mus
522 3503 669 3569 citra
712 3519 944 3572 moram
994 3502 1168 3573 ccepit
1199 3501 1316 3576 .ﬁla
1351 3500 1512 3566 retis
1560 3501 1881 3553 arrodendo

255 3592 538 3659 frangere.
573 3589 763 3656 Unum
794 3605 861 3644 ex
891 3590 982 3643 his
1014 3579 1212 3653 tamen
1241 3586 1493 3659 ,reliquit
1538 3603 1652 3658 quo
1690 3587 1883 3641 adhuc

253 3677 382 3732 felis
417 3682 753 3746 teneretur;
787 3693 899 3750 non
931 3675 1085 3747 enim
1136 3674 1308 3745 plane
1366 3674 1579 3738 ﬁdebat
1628 3673 1881 3752 reconci-

246 3765 395 3819 liatae
429 3765 630 3835 gratiae
665 3764 776 3820 nisi
808 3764 1074 3836 pignore-
1098 3762 1207 3818 sibi
1268 3761 1500 3817 certiori
1559 3765 1881 3816 caveretur.

1997 3395 2146 3465 hosti
2168 3411 2539 3484 reconciliato
2563 3395 2759 3482 secum
2794 3420 3127 3484 quaestuosa
3148 3405 3390 3490 ratione.
3413 3395 3631 3490 Fabula

1992 3498 2158 3582 docet
2179 3499 2363 3570 ﬂuxas
2395 3515 2523 3553 esse
2553 3517 2617 3568 ac
2649 3499 2782 3556 ﬁdei
2832 3502 3102 3582 sublesta
3157 3485 3445 3560 amicitias
3479 3489 3626 3576 quas

1994 3587 2216 3660 utilitas
2255 3593 2313 3666 et
2343 3588 2660 3668 necessitas
2709 3593 3130 3662 conglutinant,
3181 3595 3348 3664 genio
3405 3601 3459 3649 et
3519 3613 3622 3650 na-

1991 3677 2124 3728 tura
2153 3673 2490 3731 reluctante.

544 4079 548 4084 ,
765 4075 770 4086 ί
1043 4076 1048 4086 ί
1349 3987 1858 4086 DISSERTATlO
1905 3993 2397 4056 PARA'BOLICA
2427 3995 2524 4056 IX.

363 4107 651 4162 Deterret
682 4123 719 4161 a
748 4097 1004 4181 ﬁdei/uio
1033 4081 1542 4162 i'ecoriciliationi
1569 4106 1804 4178 gratiae
1833 4097 2088 4164 eblaitae
2119 4101 2157 4159 α
2177 4103 2474 4178 principe
2501 4093 2682 4181 quem
2707 4095 3076 4181 grauissimi:
3103 4087 3244 4186 quis
3274 4113 3520 4171 laeserit.

328 4236 616 4306 Aliqando
675 4252 857 4290 vacuo
916 4235 1071 4290 curis
1122 4233 1446 4303 majoribus
1499 4233 1875 4289 Abessalomo

245 4327 362 4396 regi
402 4323 840 4394 superveniens.
869 4328 926 4378 et
956 4326 1080 4394 ipse
1112 4323 1339 4393 negotio
1367 4323 1593 4378 solutus
1623 4321 1877 4376 familia-

243 4411 323 4466 ris
382 4412 887 4483 gymnoso'phista,
947 4411 1482 4482 interrogatusque,
1557 4415 1621 4463 ut
1677 4425 1877 4464 cavere

249 4501 540 4571 quemque
570 4504 833 4570 oporteat
862 4500 932 4554 ab
987 4516 1051 4554 eo
1102 4497 1221 4568 qui,
1284 4516 1494 4570 magna
1551 4498 1724 4553 laesus
1783 4498 1873 4551 in-

237 4591 410 4660 juria,
461 4587 988 4644 reconciliationem
1021 4589 1207 4655 offert,
1270 4587 1571 4657 respondit
1601 4588 1659 4640 in
1719 4587 1873 4641 hunc

244 4673 424 4733 ferme
458 4678 715 4732 modum.

310 4767 352 4820 l.
399 4767 516 4819 Rex
573 4761 809 4836 quidam
875 4766 1187 4837 psittacum
1243 4765 1448 4818 habuit
1504 4781 1616 4817 non
1675 4764 1872 4818 minus

242 4856 432 4925 specie
456 4872 519 4908 ac
546 4856 880 4926 plumarum
931 4855 1265 4910 versicolori
1323 4855 1598 4908 varietate
1656 4854 1871 4907 formo-

243 4957 372 4994 sum
398 4957 574 5010 quam
605 4957 741 4995 voce
763 4940 1069 5004 disertum,
1087 4947 1160 5005 et,
1189 4941 1342 5010 quod
1367 4943 1456 4994 est
1479 4940 1870 5010 potissimum,

244 5044 418 5082 sensu
460 5043 525 5081 ac
555 5043 746 5081 rerum
775 5044 884 5080 usu
918 5029 1264 5097 prudentem
1311 5027 1368 5080 in
1430 5027 1651 5096 paucis.
1706 5027 1872 5080 Hunc

244 5116 469 5186 pullum
504 5116 695 5169 adhuc
742 5121 1008 5170 tenerum
1067 5118 1316 5171 alentem
1369 5116 1583 5170 versari
1636 5115 1870 5170 assiduo

242 5220 338 5257 rex
367 5203 596 5257 videbat
624 5219 756 5256 cum
792 5202 1051 5272 principe
1081 5219 1188 5257 suo
1222 5202 1337 5258 ﬁlio
1365 5205 1604 5273 paulum
1655 5219 1868 5272 super-

241 5307 439 5362 gresso
471 5285 801 5358 infantiam,
837 5290 1186 5355 oblectandi,
1215 5293 1342 5360 ejus
1373 5293 1578 5362 gratia.
1613 5290 1865 5346 Coaluit-

242 5396 351 5449 que
383 5379 767 5441 familiaritas,
802 5381 976 5432 etiam
1013 5381 1275 5433 convictu
1309 5383 1555 5450 quodam
1616 5379 1869 5434 exercita

242 5461 426 5536 usque
449 5469 517 5521 ad
545 5468 1034 5522 necessitudinem
1060 5469 1324 5522 humanae
1345 5486 1519 5539 prope
1541 5467 1860 5535 cbaritatis;

242 5573 373 5612 nam
410 5562 473 5609 ut
506 5571 647 5625 puer
694 5571 873 5625 supra
931 5551 1170 5610 modum
1227 5557 1497 5611 delectari
1559 5556 1865 5610 videbatur

241 5646 502 5716 psittacis
535 5648 786 5709 duobus,
820 5646 903 5699 sic
934 5646 1164 5700 illorum
1200 5649 1432 5717 utrique
1479 5647 1862 5702 charissimus

239 5734 381 5790 erat,
417 5728 556 5781 adeo
591 5733 654 5781 nt
686 5743 986 5796 nunquam
1020 5729 1216 5782 senior
1245 5747 1274 5782 e
1307 5728 1569 5782 felicibus
1603 5729 1761 5783 silvis
1787 5728 1858 5782 ad

1989 4249 2137 4302 quas
2169 4235 2427 4304 quotidie
2456 4234 2706 4300 volabat,
2743 4239 2906 4292 mitia
2938 4257 3110 4310 poma
3143 4243 3299 4311 pullo
3331 4261 3434 4298 suo
3479 4262 3622 4316 por-

1984 4327 2134 4377 taret
2167 4324 2306 4392 quin
2369 4341 2567 4378 eorum
2633 4331 2856 4395 partem
2908 4329 2994 4382 vel
3052 4332 3331 4399 optimam
3387 4336 3622 4404 pusioni

1985 4412 2139 4481 regio
2171 4419 2493 4482 seponeret.
2532 4412 2637 4468 Per
2666 4430 2850 4469 annos
2885 4416 3004 4471 haec
3036 4419 3256 4490 aliquot
3296 4423 3616 4491 durarunt,

1976 4500 2218 4570 ,jaque
2253 4499 2452 4570 pullus
2484 4500 2711 4570 psiltaci
2735 4503 2969 4572 plenum
3001 4521 3184 4561 aevum
3218 4510 3508 4580 attigerat,
3564 4519 3620 4567 et

1983 4588 2135 4656 regis
2164 4587 2317 4642 ﬁlius
2351 4589 2754 4644 adoleveratin
2779 4595 3164 4659 pubertatem,
3198 4613 3330 4652 cum
3354 4599 3448 4653 die
3471 4616 3618 4670 qua-

1903 4658 1948 4720 Ι)
1980 4676 2114 4729 dam
2145 4676 2373 4742 accidit,
2411 4694 2730 4746 passerem,
2763 4681 3003 4736 delicias
3030 4685 3417 4741 adolescentis
3449 4658 3614 4757 regii,

1984 4763 2098 4816 rixa
2131 4765 2262 4816 cum
2290 4765 2520 4831 juniore
2558 4767 2803 4835 psittoco
2835 4775 3154 4834 contracta,
3189 4773 3337 4827 male
3398 4776 3469 4828 ab
3518 4776 3616 4832 illo

1983 4850 2272 4914 mulctari,
2297 4857 2471 4920 atque
2503 4855 2574 4907 ab
2605 4854 2922 4912 ulciscente
2945 4858 3137 4912 dilecti
3171 4865 3458 4929 passseris
3491 4863 3615 4932 pla-

1981 4954 2084 5008 gas
2109 4939 2325 5008 juvene
2355 4940 2560 4994 barum
2593 4949 2908 4999 auctoreml
2937 4945 3208 5002 interﬁci.
3268 4950 3613 5019 Supervenit

1981 5026 2130 5081 facto
2157 5030 2213 5080 et
2235 5027 2373 5081 οωᾱί
2408 5030 2588 5098 prolis
2619 5047 2737 5083 suae
2768 5033 2963 5088 senior
3017 5035 3316 5104 psittacus,
3377 5040 3608 5106 procul-

1981 5131 2113 5182 que,
2140 5115 2280 5169 dum
2316 5132 2552 5185 peregre
2588 5118 2828 5186 revolat,
2874 5122 3374 5193 intuensjugulari
3399 5141 3431 5178 a
3453 5126 3610 5194 regio

1983 5202 2220 5257 alumno
2251 5209 2451 5256 natum
2486 5221 2680 5271 suum,
2713 5223 2844 5261 eum
2879 5209 3066 5264 sensit
3097 5211 3290 5265 animo
3348 5212 3606 5268 dolorem

1976 5306 2156 5359 quem,
2207 5290 2458 5345 excitare
2519 5295 2849 5361 spectaculo
2936 5296 3030 5350 tali
3089 5300 3330 5352 affectus
3387 5303 3610 5366 patrius

1979 5383 2166 5447 potest
2196 5379 2536 5446 maximum.
2568 5383 2645 5435 Ac
2679 5398 2873 5436 secum
2911 5384 3110 5438 intime
3157 5386 3392 5456 ringens
3453 5390 3609 5442 fren»

1975 5467 2259 5533 densque,
2293 5469 2336 5519 0
2362 5482 2574 5533 mores,
2601 5469 2806 5539 inquit,
2833 5471 3227 5526 intolerabiles
3250 5480 3609 5542 regum.jus,

1976 5553 2083 5622 fas,
2118 5553 2397 5619 ofﬁcium,
2463 5554 3239 5623 ﬁdem,neccessitudinem,
3293 5562 3610 5618 amititiam

1975 5642 2125 5698 infra
2155 5658 2318 5695 suam
2363 5643 2656 5696 fortunam
2690 5647 3154 5716 dignitatemque
3211 5649 3550 5704 ducentium
3587 5653 3598 5705 l

1973 5730 2015 5782 0
2033 5729 2494 5783 infelicissimum
2517 5731 2604 5784 his
2621 5733 3080 5788 ministrantium
3099 5740 3334 5798 sortem,
3351 5753 3600 5804 quorum
