4060 6304
462 367 602 419 1335

1968 382 2350 433 APPENDIX.

3773 381 3879 433 13ἰὲ

459 491 542 545 illi
577 494 818 549 sudores
858 501 911 551 et
942 499 1449 553 mrumuosissima
1493 501 1774 571 obsequia
1833 501 2096 571 neglectu
2130 509 2179 569 Α
2217 503 2402 572 quoad
2439 501 2686 568 licuerit,
2720 505 3009 574 praeterita
3050 511 3318 576 paratus.
3356 505 3488 559 Nec
3557 504 3874 558 timendus

462 580 581 635 fere
613 589 1091 655 contemptuque,
1129 603 1242 640 non
1275 604 1406 642 raro
1432 589 1610 642 etiam
1643 589 1817 642 exitio
1841 605 2110 642 remune-

463 672 672 723 rantur
703 670 714 722 Ι
751 671 948 726 deberi
983 674 1094 728 sibi
1123 675 1197 728 ab
1221 676 1497 730 omnibus
1518 677 1628 730 rati
1660 677 1880 743 omnia,
1903 676 2111 730 debere

469 772 531 810 se
564 757 882 825 quidquam
915 761 1187 830 cuiquam
1223 779 1330 817 nec
1362 763 1620 833 cogitare
1644 764 1980 833 dignantur,
2006 779 2111 818 nec

470 844 584 898 dici
617 847 930 901 sustinent.
968 849 1232 902 Libidine
1257 856 1466 904 cuncta
1499 851 1837 916 metiuntur,
1872 869 1940 905 ex
1998 869 2107 906 usu

470 948 537 986 ac
559 933 751 988 fructu
785 936 1034 1006 prepriis
1063 943 1272 992 cuncta
1298 938 1628 993 aestimant:
1687 955 1748 994 se
1807 955 1954 993 unus
2012 941 2104 994 in-

468 1025 727 1089 teuntur,
763 1023 875 1076 sibi
909 1024 1040 1078 unis
1071 1025 1300 1094 placent
1331 1045 1344 1092 ;
1379 1026 1470 1080 sui
1520 1026 1688 1080 unice
1746 1043 2105 1098 suarumque

466 1107 808 1163 deliciarum
825 1111 1107 1166 rationem
1128 1112 1348 1174 haberi,
1368 1129 1598 1183 aaquum
1618 1123 1875 1168 censent.
1898 1115 2105 1185 Exspe-

467 1199 586 1249 ctes
609 1197 680 1250 ab
712 1197 839 1251 istis
861 1200 1107 1268 gratiam
1141 1199 1346 1254 merito
1371 1200 1833 1256 misericordiam
1859 1202 2102 1256 infortu-

466 1283 584 1347 nio,
618 1284 720 1354 qui
755 1301 858 1339 nec
886 1287 1112 1340 veniam
1147 1292 1358 1354 errato,
1387 1304 1488 1341 nec
1530 1289 1822 1359 supplicio
1885 1306 2102 1344 moram

468 1372 769 1443 indulgere
826 1392 1084 1445 unquam
1136 1382 1388 1441 norunt;
1450 1377 1768 1432 multorum
1825 1395 2106 1433 annorum

473 1463 725 1516 servitus
755 1471 808 1516 et
828 1462 1287 1519 laboriosissima
1321 1465 1645 1520 ministeria
1674 1484 1788 1521 uno
1820 1467 1962 1536 ipsis
1987 1483 2104 1521 mo-

475 1555 674 1604 mento
696 1549 836 1604 levis
868 1552 1304 1606 offensiunculze
1331 1553 1762 1608 oblitterantur.

547 1673 613 1727 II.
649 1673 776 1729 Haec
835 1675 1020 1729 obiter
1057 1693 1418 1752 conquerens
1471 1677 1818 1731 admovebat
1865 1693 1926 1730 se
1985 1677 2106 1732 loco

475 1763 712 1832 propius
748 1779 760 1814 :
794 1768 852 1815 at
883 1762 978 1816 ubi
1016 1763 1142 1832 jam
1201 1780 1229 1816 e
1277 1763 1465 1818 vicino
1523 1765 1858 1819 distinctius
1913 1766 2109 1819 hausit

474 1850 655 1903 oculis
687 1850 871 1903 diram
907 1851 1158 1920 speciem
1192 1852 1478 1906 cruentati
1512 1852 1837 1924 abjectique
1869 1870 1934 1907 ac
1974 1871 2107 1907 cru-

474 1936 677 1990 deliter
701 1937 773 1990 ab
805 1937 950 1990 irate
1011 1939 1194 1993 ultore
1250 1940 1453 1994 calcati
1515 1940 1844 1995 charissimi
1874 1941 2105 2010 capitis,

471 2024 525 2078 in
561 2041 658 2078 cas
693 2024 871 2078 furias
895 2026 1129 2093 exarsit,
1164 2033 1227 2080 ut
1255 2028 1313 2081 in
1355 2029 1580 2098 regium
1643 2028 1910 2082 invelans
1970 2046 2109 2099 pue-

467 2129 596 2165 rum
631 2118 818 2166 restro
867 2115 916 2166 ei
978 2119 1151 2184 atque
1209 2116 1508 2185 unguibus
1558 2116 1824 2170 effoderit
1884 2116 2107 2179 oculos,

466 2199 644 2264 Habe,
677 2201 972 2270 inquiens,
997 2203 1149 2272 quod
1184 2208 1238 2256 te
1272 2202 1514 2270 dignum
1548 2209 1654 2268 est,
1683 2205 1847 2268 dure,
1908 2205 2109 2258 immi-

469 2288 737 2350 scricors,
770 2289 1173 2356 ingratismme
1204 2307 1217 2345 :
1250 2291 1398 2343 tanti
1459 2291 1742 2360 temporis
1798 2293 2108 2345 contuber-

469 2375 654 2436 nium.
680 2383 795 2428 tam
821 2377 1123 2430 familiaris
1144 2377 1381 2445 hospitii
1413 2379 1968 2445 neccessitudinem,
1994 2385 2111 2432 tam

473 2470 679 2517 tenerae
713 2464 985 2517 amicitiae
1012 2465 1147 2532 jura
1179 2466 1523 2520 dulcissima
1557 2483 1668 2518 non
1722 2467 1960 2535 impune
2020 2467 2111 2518 in-

473 2553 647 2605 fanda
679 2553 1045 2606 immanitate
1096 2553 1390 2622 pollueris.
1416 2555 1530 2606 Sub
1554 2553 1926 2607 hmcaudacis
1977 2570 2111 2606 cnn-

473 2643 631 2693 scius
656 2641 783 2694 facti
813 2641 868 2693 in
890 2657 1122 2693 summa
1146 2642 1284 2711 regii
1313 2641 1572 2695 viridarii
1597 2642 1803 2694 arbore
1827 2643 2114 2705 consedit,

475 2730 674 2781 fruens
706 2727 839 2781 inde
871 2728 1205 2797 spectaculo
1249 2729 1669 2782 tumultuantis
1716 2729 1862 2782 aulae
1897 2730 1964 2782 ad
2018 2746 2110 2782 ca-

476 2834 603 2870 sum
668 2819 1045 2872 acerhiSsium
1103 2835 1259 2886 pueri
1314 2819 1615 2888 principis.
1668 2819 1932 2870 Accurrit.
1966 2819 2116 2870 inter

473 2903 728 2973 ejulri'ué
790 2918 924 2955 nutr
955 2907 1164 2958 tinruvn
1202 2916 1248 2957 nt
1293 2908 1656 2959 cursatinni-s
1719 2907 2106 2962 satagentiuin

474 3001 682 3042 trus'u
737 2995 861 3043 ~a’l
947 3013 1014 3042 ιι·
1075 3003 1688 3045 νγηγηιηιυςῐγκῖοι
1750 2997 1904 3044 (Ηιμγ
1993 3013 2109 3046 iun-

476 3103 502 3132 lt
571 3101 590 3128 κ
969 3127 972 3130 ,
1233 3104 1258 3130 ι.
1569 3102 1574 3140 j
1623 3119 1625 3122 .
1672 3101 1707 3122 ιι
1747 3108 1760 3116 ι
1843 3091 2031 3148 luri'yi:
2068 3099 2118 3133 ιε

590 3193 594 3212 ἲ
697 3187 700 3192 ’
851 3205 854 3210 ι
1099 3205 1101 3210 .
1235 3187 1238 3192 ”
1309 3201 1334 3210 .~
1476 3195 1478 3198 τ
1562 3207 1566 3214 _
1624 3189 1673 3206 μι-
1733 3183 1814 3217 ἵηίῒ
1849 3197 1855 3208 ,
1960 3173 2096 3219 ξθξιμ.

475 3267 534 3311 ,ι-
643 3285 736 3298 ..,
919 3295 922 3300 ,
1367 3279 1372 3298 μ
1423 3277 1618 3306 .η,,μι
1679 3277 1723 3300 η,
1832 3277 1899 3299 π,
1953 3277 2084 3306 ,ηνη

529 3371 547 3386 ι.
631 3379 645 3384 ..
1184 3365 1440 3392 τή.ᾱι’
1945 3375 1980 3380 --
2063 3357 2114 3392 ι·ι

465 3454 545 3488 Γ.
588 3463 669 3482 ν.1”
832 3457 910 3484 ;-.
1081 3449 1236 3482 .ζ·ηέ
1313 3477 1316 3482 ,
1397 3453 1400 3472 ι
1465 3477 1469 3481 .
1688 3455 1864 3495 «tum,
1927 3452 2116 3498 ξιιςιιεϋ

482 3537 673 3575 certus
704 3529 828 3573 ιιιιὶιτ
864 3539 1035 3589 quam
1074 3523 1428 3588 longissime,
1468 3524 1558 3573 ubi
1591 3539 1655 3574 ex
1705 3532 1822 3574 luto
1883 3523 2114 3575 ttlﬂlCils

480 3612 748 3665 hostibus
784 3611 1094 3673 insultans,
1129 3610 1417 3678 explesset
1449 3611 1707 3662 anii‘uuin
1746 3628 1895 3663 saeva
1941 3611 2108 3663 satie-

480 3706 596 3752 tate
629 3699 911 3751 vindictaz.
947 3701 1226 3766 Agnosce,
1262 3714 1378 3754 rex.
1403 3698 1503 3765 ait,
1528 3697 1751 3766 justam
1775 3699 1886 3750 vim
1913 3698 2114 3751 Nemi"-

481 3790 562 3842 sis
597 3788 840 3850 ultricis,
865 3787 1031 3853 cujus
1065 3785 1393 3852 exemplum
1431 3787 1484 3838 in
1522 3785 1790 3838 laiuiliari
1827 3787 1925 3838 tibi
1953 3787 2108 3850 capi-

479 3884 532 3931 te
555 3878 734 3930 habes
765 3874 1166 3927 domesticum.
1207 3873 1440 3926 Nullum
1493 3875 1593 3926 illa
1640 3876 1799 3926 nel'as
1857 3876 2108 3942 iinpuni-
2152 3867 2156 3873 ’

478 3976 599 4020 tum
637 3965 795 4027 sinit,
830 3968 1059 4015 veretur
1088 3963 1399 4028 neminem,
1428 3961 1646 4016 nullius
1673 3979 1811 4030 opes
1842 3963 2107 4015 reformi-

482 4057 613 4119 dat;
652 4070 719 4104 ne
743 4057 930 4105 vestra
961 4049 1195 4118 quidem
1230 4051 1615 4118 superborum
1641 4066 1835 4120 regum
1859 4051 2108 4120 superci-

479 4142 624 4194 liosa
673 4141 976 4208 majestate
1030 4137 1354 4190 deterretur
1421 4138 1709 4206 supplicia
1794 4137 2108 4191 sceleribus

480 4231 739 4299 adaequet
775 4231 924 4280 natis
957 4224 1131 4278 etiam
1165 4224 1220 4277 in
1252 4240 1527 4294 purpura.
1555 4224 1752 4278 Serius
1775 4241 1950 4295 ecyus
1972 4243 2109 4279 suas

481 4319 691 4386 cuique
721 4316 871 4368 vices
896 4313 1104 4378 reddit,
1132 4329 1230 4365 nec
1255 4313 1505 4382 pessima
1523 4312 1774 4366 conditio
1797 4329 1994 4366 eorum
2021 4320 2109 4368 est

482 4424 628 4477 quos
659 4402 921 4457 celeriter
953 4401 1272 4464 ulciscitur,
1305 4418 1334 4453 e
1367 4400 1580 4470 quibus
1612 4406 1699 4454 est
1755 4407 1890 4454 tuus
1950 4403 2103 4455 {ilius

2215 595 2457 659 puta,ne
2484 592 2584 662 qui
2615 591 2896 646 offensam
2929 593 3015 647 tui
3043 598 3210 648 tanta
3236 610 3421 665 paena
3449 592 3720 654 luimus,
3741 597 3880 662 quia--

2213 693 2389 746 quam
2427 680 2484 732 in
2519 684 2571 732 te
2601 679 2876 750 deinceps
2916 681 3283 736 committere
3344 681 3730 747 audeamus,
3788 699 3874 746 qua

2212 764 2408 830 istius,
2442 783 2617 836 quam
2649 783 2783 822 vere
2811 768 3114 838 praedicas,
3145 769 3427 824 Nemesis
3451 769 3805 839 graviorem
3833 772 3876 823 i:

2213 870 2319 907 nos
2349 855 2710 910 concitemus
2743 857 3131 912 iracundiam.
3165 858 3248 910 Ad
3282 873 3350 911 ea
3387 857 3738 926 psittacus,
3771 857 3872 910 Nos

2210 937 2442 1004 faciam,
2477 939 2706 1009 inquit;
2739 947 2978 996 monent
3007 940 3161 996 enim
3223 941 3598 1012 prudentes,
3661 958 3874 1011 semper

2208 1020 2258 1074 ei
2299 1022 2398 1092 qui
2446 1023 2726 1078 damnum
2779 1024 2980 1079 intulit
3025 1027 3097 1080 ab
3130 1025 3474 1080 adversario
3509 1026 3871 1079 incommoi-z

2211 1109 2429 1180 accepti
2465 1127 2722 1166 memore
2752 1097 3302 1183 cavenduin,eeque
3328 1112 3537 1184 magis
3572 1114 3866 1168 vitandam

2209 1198 2336 1266 ejus
2367 1214 2663 1253 accessum
2698 1216 2809 1269 quo
2841 1199 3288 1255 illeinvitaverit
3341 1200 3724 1255 instantius.
3771 1206 3873 1254 Au-

2210 1283 2325 1338 divi
2381 1289 2437 1338 et
2499 1284 2641 1340 illud
2691 1287 2763 1340 ab
2829 1287 3055 1342 idoneis
3121 1287 3493 1352 auctoribus,
3583 1289 3870 1358 genitores

2213 1372 2463 1442 sapienti
2515 1374 2839 1429 amicorum
2897 1373 3022 1431 loco
3079 1375 3412 1438 habendos,
3478 1376 3716 1430 fratres
3784 1394 3870 1446 pr:

2212 1460 2524 1515 comitibus
2555 1462 2806 1528 itineris,
2839 1479 3074 1517 uxarem
3105 1479 3206 1532 pro
3238 1463 3702 1530 contubernali,
3739 1464 3871 1517 ﬁlius

2215 1565 2318 1618 pro
2351 1547 2676 1603 tabellariis
2697 1551 3038 1605 memoriam
3061 1551 3242 1621 patris
3273 1551 3344 1604 ad
3368 1556 3666 1620 posteros
3702 1553 3872 1620 peris-

2212 1634 2380 1701 turis,
2415 1634 2564 1689 tilias
2597 1641 2660 1690 ut
2681 1637 3042 1692 adversarias
3082 1638 3142 1691 in
3202 1637 3306 1691 lite
3364 1639 3868 1700 considerandas,

2215 1726 2515 1792 cognatos,
2551 1728 2613 1776 ut
2646 1724 2996 1779 feneratores
3029 1724 3239 1779 acriter
3267 1730 3631 1795 repetentes
3662 1727 3867 1788 debita,

2139 1837 2185 1900 Β
2217 1825 2277 1863 se
2305 1811 2523 1880 ipsum,
2549 1816 2613 1864 ut
2643 1811 2970 1867 solitarium
2997 1813 3155 1868 omni
3177 1813 3504 1867 affectuum
3545 1816 3867 1870 necessitu-

2217 1897 2349 1952 dine
2381 1897 2657 1954 solutum.
2691 1899 2791 1954 His
2815 1917 2920 1971 ego
2945 1901 3296 1971 praescriptis
3313 1902 3702 1972 obsequens,
3729 1919 3863 1956 rece-

2214 1985 2348 2039 dere
2382 1985 2438 2038 in
2470 1985 2846 2041 solitudinem
2882 1988 3080 2042 statui.

2287 2109 2379 2163 Ill.
2412 2109 2700 2164 Adversus
2730 2126 2796 2164 ea
2827 2127 2962 2165 rex:
2995 2110 3053 2164 Si
3103 2127 3136 2164 a
3191 2115 3248 2164 te
3303 2111 3660 2180 profectum
3725 2119 3870 2166 esset

2216 2197 2352 2251 rixae
2385 2213 2448 2250 ac
2477 2214 2637 2252 noxae
2668 2198 2922 2266 initium,
2951 2200 3082 2268 jure
3105 2199 3276 2252 nobis
3300 2199 3488 2253 fidere
3533 2205 3870 2264 metueres;

2216 2303 2371 2339 nunc
2403 2303 2528 2339 rum
2582 2287 2760 2353 hujus
2817 2288 2969 2355 quod
3033 2287 3238 2340 incidit
3285 2287 3672 2342 incommodi
3727 2291 3876 2358 orig)

2217 2379 2273 2427 et
2309 2373 2479 2444 culpa
2535 2375 2710 2444 (quod
2755 2375 2960 2429 dolens
3015 2375 3422 2444 pmnitensque
3493 2377 3720 2444 fateor)
3786 2394 3872 2430 nc-

2218 2467 2338 2515 stra
2369 2464 2464 2524 sit,
2499 2462 2634 2530 quid
2669 2463 2860 2515 obstat
2890 2462 3208 2532 quominus
3239 2463 3451 2516 credas
3476 2461 3878 2517 invitantibus

2218 2551 2386 2604 nobis
2415 2551 2442 2603 ‘2
2462 2549 2544 2602 Ad
2570 2566 2630 2602 ea
2658 2551 2940 2619 psittacus
2968 2565 2980 2602 :
3007 2549 3286 2603 Memoria
3309 2551 3696 2606 damnorum
3726 2570 3877 2606 acre.

2220 2643 2448 2707 ptorum
2484 2636 2598 2689 alta
2652 2637 2928 2690 cordibus
2979 2637 3167 2706 inﬁgit
3196 2637 3464 2701 vulnera,
3505 2655 3625 2692 nec
3674 2640 3877 2708 lingu:

2221 2741 2449 2793 semper
2470 2741 2635 2778 veros
2658 2725 2939 2778 mentium
2965 2726 3535 2795 exprimuntsensus
3565 2743 3582 2778 :
3606 2731 3880 2796 quocirca

2222 2813 2391 2865 verba
2427 2821 2525 2865 tua
2558 2813 2728 2865 fidem
2762 2813 2912 2880 apud
2951 2829 3042 2866 me
3097 2829 3208 2866 non
3268 2813 3513 2866 habent.
3593 2813 3880 2884 Reposui-1

2221 2901 2312 2953 his
2347 2918 2476 2953 rex:
2510 2901 2657 2954 Mile
2689 2902 2758 2954 de
2792 2917 2880 2953 me
2913 2901 3192 2969 opinaris,
3229 2902 3500 2970 psittace,
3554 2905 3670 2970 qui
3737 2907 3878 2957 scias

2222 3007 2495 3052 sapww
2598 2991 2786 3042 virum
2839 3005 3069 3041 omnem
3132 2988 3407 3040 adhibere
3495 3006 3760 3058 operam
3829 3005 3874 3041 ιη

2223 3095 2316 3126 τις-ι·
2367 3119 2371 3143 ε
2520 3081 2714 3140 ’Λιιι-’ίῑε
2739 3077 3072 3127 ineniuriaui
3101 3093 3164 3127 ex
3189 3093 3382 3128 animo
3409 3087 3711 3145 stirpitus
3743 3080 3886 3131 evr-i-

2583 3179 2701 3214 'Ira
2759 3167 2868 3216 liart-
2938 3177 3234 3216 imitans.
3299 3165 3390 3214 Est
3457 3185 3724 3217 lllt~llil-|I
3809 3179 3884 3216 (κέ

2262 3271 2310 3300 ‘i
2376 3267 2425 3286 μ’
2489 3253 3098 3317 ἔιδπ.ΓνΧ.κρΜ;ηηην
3136 3261 3429 3302 ᾙηιΰηυεϋ
3479 3269 3734 3302 οῐὴΑοΡν
3818 3263 3884 3306 t.

2486 3341 2898 3404 η·ικῖλσμηηη
2941 3351 3048 3388 “HL
3100 3343 3806 3394 UHi.thH"'Jnir'~lia
3855 3353 3882 3392 η

2238 3449 2263 3496 in
2290 3448 2383 3476 .›‹ί
2419 3457 2434 3465 ~
2475 3447 2528 3476 is
2558 3429 2858 3478 “lilii-iur:-
2896 3429 3202 3490 iri‘:i;_-‘;.":i-iii
3239 3445 3300 3478 ex
3331 3435 3526 3478 tri-utt-
3555 3445 3568 3490 ;
3601 3441 3845 3481 (ιδ-τιέτιι·

2231 3539 2299 3572 au
2332 3523 2478 3583 qunti
2512 3534 2739 3569 conaris
2773 3535 2852 3569 sis
2879 3521 3239 3586 perl'returus
3261 3518 3488 3580 dubito,
3517 3527 3568 3570 et
3609 3537 3733 3571 non
3767 3538 3886 3572 δίης

2227 3625 2405 3660 causa
2435 3623 2632 3658 vereor
2664 3605 2965 3674 utpossis:
3014 3621 3193 3673 quare
3244 3603 3370 3657 sine
3423 3621 3525 3659 me
3581 3606 3709 3659 isto
3762 3625 3880 3660 am-

2227 3696 2401 3762 biguo
2440 3694 2575 3746 mihi
2609 3693 2927 3745 consulere.
2983 3691 3140 3745 Multi
3200 3693 3374 3746 nimis
3435 3693 3599 3746 facili
3674 3695 3883 3748 alienae

2227 3783 2634 3836 moderationis
2668 3782 2878 3833 ﬁducia
2914 3781 3222 3849 perierunt,
3256 3781 3395 3832 dum
3430 3799 3494 3832 ex
3563 3800 3682 3834 sua
3741 3801 3880 3836 ren-

2224 3873 2463 3926 scieutia
2496 3872 2788 3922 tt‘stlilmnt
2819 3870 2984 3932 alios,
3019 3870 3173 3938 passi
3230 3870 3382 3938 quod
3441 3870 3880 3939 elephantibus

2223 3958 2523 4013 indomitis
2557 3959 2887 4028 frequenter
2919 3958 3149 4021 accidit,
3179 3973 3326 4025 quos
3350 3958 3604 4022 cicures,
3665 3977 3878 4030 sapere

2223 4065 2352 4102 cum
2392 4047 2530 4117 ipsis
2568 4048 2725 4116 paria
2756 4045 2977 4114 crediti,
3012 4047 3069 4098 in
3130 4044 3371 4098 insidias
3429 4047 3875 4114 pertrahentes.

2223 4137 2486 4192 servituti
2522 4137 2825 4190 hominum
2878 4136 3230 4205 mancipant.
3290 4139 3500 4189 Contra
3561 4136 3693 4190 haec
3759 4157 3873 4201 rex,

2223 4227 2342 4291 Vir,
2375 4225 2476 4293 ait,
2510 4225 2798 4294 ingenuus
2829 4229 2886 4277 et
2912 4223 3167 4277 liberalis
3220 4222 3434 4276 indolis
3494 4241 3614 4278 non
3683 4235 3872 4280 mutat

2221 4315 2278 4366 in
2316 4315 2476 4382 pejus
2512 4329 2723 4374 mores,
2759 4327 2859 4364 nec
2891 4312 3158 4365 amicitiae
3183 4313 3284 4380 jus
3312 4312 3505 4372 violat,
3544 4330 3658 4367 nec
3695 4314 3868 4368 ﬁdem

2223 4403 2370 4455 fallit
2389 4405 2581 4455 datam
2607 4416 2620 4454 :
2650 4401 3004 4467 abjectarum
3029 4399 3146 4454 haec
3171 4401 3307 4454 vitia
3323 4407 3675 4454 naturarum
3705 4410 3868 4458 sunt.

482 4499 543 4550 In
578 4489 844 4561 ﬂagranti
879 4488 1121 4558 perfidia
1164 4503 1479 4556 Oppressus
1514 4503 1526 4540 :
1579 4487 1855 4540 dilatione
1909 4505 2105 4556 poenas
2146 4525 2185 4586 Β
2224 4490 2539 4558 Respondit
2571 4489 2891 4558 psittacus:
2928 4487 3204 4542 Memoria
3227 4489 3423 4542 damni
3448 4491 3677 4557 accepti
3702 4508 3868 4544 acres

479 4586 673 4653 auget,
707 4596 770 4632 ac
804 4579 997 4630 fenore
1033 4580 1450 4628 tormentorum
1484 4575 1738 4628 toleratae
1779 4575 1878 4626 diu
1930 4575 2109 4645 culpae

478 4676 693 4726 sortem
721 4671 1052 4734 exaggerat,
1093 4663 1236 4716 adeo
1296 4667 1358 4715 ut
1407 4679 1554 4731 quos
1612 4661 1935 4732 inexpiates
1992 4662 2109 4715 vita

478 4756 789 4817 dimiserit,
815 4752 1190 4822 sempiternis
1224 4750 1720 4804 immiserabiliter
1754 4750 2132 4820 cruciatibus~

479 4847 732 4902 addicat.
767 4843 903 4894 Erat
962 4839 1174 4908 unguis
1239 4839 1295 4892 ir.
1356 4839 1546 4892 ulcere
1600 4839 1858 4892 ardentis
1916 4838 2108 4894 dolere

483 4935 635 5005 regis
667 4929 1076 4999 intempestiva
1107 4927 1337 4998 psittaci
1372 4926 1760 4998 philosophia,
1820 4945 1937 4998 qua
1991 4927 2110 4994 ille,

481 5033 546 5078 ut
563 5021 857 5076 irisisiene
875 5019 985 5081 sui,
1011 5034 1345 5086 quanquam
1381 5017 1795 5086 nitlignabatur
1813 5018 2108 5071 vehemen-

475 5118 614 5178 tius,
650 5111 857 5182 pressit
891 5115 1080 5162 tamen
1106 5108 1320 5161 iudicia
1345 5106 1698 5177 ignescentia
1756 5108 2105 5162 aastuesissi-

475 5222 566 5258 me
591 5200 821 5255 furoris:
855 5202 912 5252 et
939 5213 998 5250 se
1026 5210 1382 5265 componens
1407 5196 1462 5249 in
1491 5195 1967 5263 moderationem,
1993 5213 2108 5266 qua

473 5293 671 5363 posset
712 5288 938 5342 hostem
1007 5281 1228 5346 fallere,
1292 5288 1514 5351 pacate,
1577 5287 1860 5353 quantum
1919 5284 2111 5353 potuit

469 5380 633 5433 vultu
669 5373 969 5446 respondit
1003 5389 1015 5425 :
1060 5369 1300 5424 Minime
1349 5369 1626 5440 ambigua
1661 5374 1721 5423 tu
1757 5370 1991 5440 quidem
2051 5376 2107 5425 et

473 5483 564 5520 me
597 5479 831 5536 quoque
859 5461 1072 5514 fatente
1092 5474 1229 5511 vera
1260 5456 1535 5526 loqueris,
1575 5473 1690 5526 quo
1741 5457 2103 5527 ipsedeside-

475 5555 626 5608 rium
661 5567 841 5620 auges
876 5548 956 5602 tui
993 5547 1237 5608 reditus,
1271 5561 1341 5598 ne
1371 5549 1486 5598 tam
1523 5544 1772 5616 sapienti
1818 5545 2104 5600 monitore

473 5643 719 5696 eaream.
754 5640 960 5704 Quare,
984 5650 1085 5689 oro
1116 5640 1188 5700 te,
1227 5652 1295 5688 ne
1328 5650 1432 5688 nos
1465 5635 1723 5700 deseras,
1767 5634 2098 5702 emendare,

2227 4580 2281 4632 in
2318 4578 2652 4648 querumvis
2675 4577 2886 4630 animis
2922 4583 3114 4630 motus
3145 4579 3276 4644 ciet,
3302 4575 3470 4646 longe
3530 4579 3864 4634 acerrimos

2221 4669 2276 4719 in
2313 4682 2509 4735 regum
2571 4664 2886 4718 mentibus.
2921 4663 2986 4716 Hi
3017 4665 3172 4718 enim
3195 4665 3249 4717 in
3275 4664 3647 4734 gravissimis
3676 4667 3860 4721 male-

2219 4772 2345 4807 rum
2379 4769 2685 4807 numerare
2716 4751 3110 4806 solentvivere
3131 4751 3406 4819 inultum,
3432 4751 3657 4823 gloriae,
3683 4756 3860 4822 cujus

2219 4847 2355 4895 sunt
2387 4839 2729 4903 avidissimi,
2755 4844 2976 4909 partem
3001 4839 3085 4892 vel
3123 4840 3433 4893 maximam
3485 4841 3542 4893 in
3593 4842 3862 4896 vindicta

2219 4934 2580 5000 reponentes.
2618 4930 2884 4998 Ignosces
2915 4926 3093 4997 igitur
3123 4927 3168 4981 si
3202 4933 3389 4982 tutum
3415 4928 3554 4981 mihi
3590 4945 3711 4982 non
3749 4947 3857 4999 pu-

2216 5024 2330 5073 tem
2365 5019 2436 5070 ail
2468 5016 2627 5070 vivas
2660 5016 2946 5086 quasdam
2981 5016 3036 5068 in
3087 5017 3259 5070 corde
3310 5021 3408 5069 tuo
3469 5033 3695 5085 prunas
3758 5037 3856 5072 ira?

2217 5108 2523 5159 admovere
2555 5104 2857 5158 materiam
2893 5103 3249 5173 imprudenti
3285 5104 3666 5176 usurpatione
3691 5107 3858 5177 prius

2217 5199 2414 5265 coeptis
2448 5191 2860 5246 familiaritatis
2893 5197 3080 5246 tecum
3114 5208 3274 5256 meae,
3307 5194 3543 5263 quando
3573 5210 3681 5248 nec
3713 5213 3852 5266 pre-

2219 5299 2313 5336 ccs
2344 5281 2517 5334 irrita:
2551 5295 2655 5332 nec
2681 5295 2821 5333 sera:
2853 5278 3275 5333 obtestationes
3316 5296 3455 5335 mea:
3507 5281 3853 5336 incendium

2215 5387 2248 5423 a
2273 5386 2360 5423 me
2396 5385 2511 5438 quo
2543 5382 2919 5421 consumerer
2946 5373 3231 5421 arcerent.
3263 5366 3518 5437 Optima,
3543 5370 3592 5423 si
3627 5371 3850 5438 nescis,

2216 5459 2285 5512 ad
2319 5457 2637 5510 curandam
2671 5453 2896 5523 injuriae
2924 5455 3260 5509 memoriam
3297 5455 3593 5511 medicina
3620 5462 3715 5512 est
3744 5459 3846 5512 ab-

2212 5545 2400 5600 sentia
2431 5542 2655 5612 injuriae
2686 5541 2958 5596 auctoris.
3013 5541 3148 5596 Eam
3205 5543 3311 5596 tibi
3360 5544 3740 5600 admoverea
3795 5554 3848 5601 te

2215 5634 2531 5690 recedendo
2553 5631 2724 5702 cupio
2750 5650 2764 5698 ;
2792 5647 2924 5685 nam
2947 5646 3098 5686 ceire
3119 5636 3175 5686 et
3195 5631 3531 5688 cicatricem
3556 5636 3848 5692 obducere
