  <div class='ocr_page' id='page_1' title='image "/cluster/home/n/w/nwhite01/storage/ocr_20150623/143/mdp.39015078384784/676.png"; bbox 0 0 4060 6304; ppageno 0'>
   <div class='ocr_carea' id='block_1_1' title="bbox 214 435 352 488">
    <p class='ocr_par' dir='ltr' id='par_1_1' title="bbox 214 435 352 488">
     <span class='ocr_line' id='line_1_1' title="bbox 214 435 352 488; baseline -0.007 -1"><span class='ocrx_word' id='word_1_1' title='bbox 214 435 352 488; x_wconf 86' lang='grc'><strong>1337</strong></span> 
     </span>
    </p>
   </div>
   <div class='ocr_carea' id='block_1_2' title="bbox 1215 437 2576 494">
    <p class='ocr_par' dir='ltr' id='par_1_2' title="bbox 1215 437 2576 494">
     <span class='ocr_line' id='line_1_2' title="bbox 1215 437 2576 494; baseline 0 -2"><span class='ocrx_word' id='word_1_2' title='bbox 1215 440 1572 493; x_wconf 81' lang='lat' dir='ltr'><strong>SPECIMEN</strong></span> <span class='ocrx_word' id='word_1_3' title='bbox 1611 437 2005 492; x_wconf 70' lang='lat' dir='ltr'><strong>SAPIENTIE</strong></span> <span class='ocrx_word' id='word_1_4' title='bbox 2051 439 2376 494; x_wconf 77' lang='lat' dir='ltr'><strong>INDORUM</strong></span> <span class='ocrx_word' id='word_1_5' title='bbox 2414 443 2576 494; x_wconf 81' lang='lat' dir='ltr'><strong>VET.</strong></span> 
     </span>
    </p>
   </div>
   <div class='ocr_carea' id='block_1_3' title="bbox 3457 433 3592 488">
    <p class='ocr_par' dir='ltr' id='par_1_3' title="bbox 3457 433 3592 488">
     <span class='ocr_line' id='line_1_3' title="bbox 3457 433 3592 488; baseline -0.007 -1"><span class='ocrx_word' id='word_1_6' title='bbox 3457 433 3592 488; x_wconf 84' lang='grc'><strong>1338</strong></span> 
     </span>
    </p>
   </div>
   <div class='ocr_carea' id='block_1_4' title="bbox 210 558 3592 633">
    <p class='ocr_par' dir='ltr' id='par_1_4' title="bbox 210 558 3592 633">
     <span class='ocr_line' id='line_1_4' title="bbox 210 558 3592 633; baseline 0 -22"><span class='ocrx_word' id='word_1_7' title='bbox 210 560 544 613; x_wconf 90' lang='lat' dir='ltr'><strong>istiusmodi</strong></span> <span class='ocrx_word' id='word_1_8' title='bbox 579 559 816 614; x_wconf 81' lang='lat' dir='ltr'><strong>vulnera</strong></span> <span class='ocrx_word' id='word_1_9' title='bbox 847 561 903 612; x_wconf 92' lang='lat' dir='ltr'><strong>in</strong></span> <span class='ocrx_word' id='word_1_10' title='bbox 938 562 1064 630; x_wconf 84' lang='lat' dir='ltr'><strong>ejus</strong></span> <span class='ocrx_word' id='word_1_11' title='bbox 1097 561 1194 632; x_wconf 85' lang='lat' dir='ltr'><strong>qui</strong></span> <span class='ocrx_word' id='word_1_12' title='bbox 1232 561 1365 615; x_wconf 90' lang='lat' dir='ltr'><strong>fecit</strong></span> <span class='ocrx_word' id='word_1_13' title='bbox 1395 567 1708 632; x_wconf 87' lang='lat' dir='ltr'><strong>conspectu</strong></span> <span class='ocrx_word' id='word_1_14' title='bbox 1741 579 1838 616; x_wconf 90' lang='lat' dir='ltr'><strong>ne-</strong></span> <span class='ocrx_word' id='word_1_15' title='bbox 1872 567 1919 629; x_wconf 83' lang='grc' dir='ltr'>Α</span> <span class='ocrx_word' id='word_1_16' title='bbox 2025 566 2092 619; x_wconf 86' lang='lat' dir='ltr'><strong>V.</strong></span> <span class='ocrx_word' id='word_1_17' title='bbox 2127 564 2446 633; x_wconf 83' lang='lat' dir='ltr'><strong>Respondit</strong></span> <span class='ocrx_word' id='word_1_18' title='bbox 2490 565 2558 618; x_wconf 91' lang='lat' dir='ltr'><strong>ad</strong></span> <span class='ocrx_word' id='word_1_19' title='bbox 2610 580 2676 618; x_wconf 89' lang='lat' dir='ltr'><strong>ea</strong></span> <span class='ocrx_word' id='word_1_20' title='bbox 2724 580 2821 618; x_wconf 85' lang='lat' dir='ltr'><strong>rex</strong></span> <span class='ocrx_word' id='word_1_21' title='bbox 2879 581 2890 617; x_wconf 90' lang='lat'>:</span> <span class='ocrx_word' id='word_1_22' title='bbox 2943 563 3102 626; x_wconf 86' lang='lat' dir='ltr'><strong>Quod</strong></span> <span class='ocrx_word' id='word_1_23' title='bbox 3160 563 3230 616; x_wconf 90' lang='lat' dir='ltr'><strong>de</strong></span> <span class='ocrx_word' id='word_1_24' title='bbox 3283 565 3339 614; x_wconf 89' lang='lat' dir='ltr'><strong>te</strong></span> <span class='ocrx_word' id='word_1_25' title='bbox 3398 558 3592 613; x_wconf 77' lang='lat' dir='ltr'><strong>fateris</strong></span> 
     </span>
    </p>
   </div>
   <div class='ocr_carea' id='block_1_5' title="bbox 213 649 1850 720">
    <p class='ocr_par' dir='ltr' id='par_1_5' title="bbox 213 649 1850 720">
     <span class='ocr_line' id='line_1_5' title="bbox 213 649 1850 720; baseline 0.001 -19"><span class='ocrx_word' id='word_1_26' title='bbox 213 653 454 717; x_wconf 89' lang='lat' dir='ltr'><strong>queunt.</strong></span> <span class='ocrx_word' id='word_1_27' title='bbox 481 649 685 716; x_wconf 83' lang='lat' dir='ltr'><strong>Atque,</strong></span> <span class='ocrx_word' id='word_1_28' title='bbox 710 653 844 702; x_wconf 90' lang='lat' dir='ltr'><strong>utut</strong></span> <span class='ocrx_word' id='word_1_29' title='bbox 874 649 943 702; x_wconf 92' lang='lat' dir='ltr'><strong>de</strong></span> <span class='ocrx_word' id='word_1_30' title='bbox 971 655 1025 703; x_wconf 92' lang='lat' dir='ltr'><strong>te</strong></span> <span class='ocrx_word' id='word_1_31' title='bbox 1055 649 1155 718; x_wconf 85' lang='lat' dir='ltr'><strong>sit,</strong></span> <span class='ocrx_word' id='word_1_32' title='bbox 1182 666 1311 704; x_wconf 89' lang='lat' dir='ltr'><strong>mea</strong></span> <span class='ocrx_word' id='word_1_33' title='bbox 1337 649 1481 703; x_wconf 86' lang='lat' dir='ltr'><strong>mihi</strong></span> <span class='ocrx_word' id='word_1_34' title='bbox 1505 666 1683 704; x_wconf 88' lang='lat' dir='ltr'><strong>causa</strong></span> <span class='ocrx_word' id='word_1_35' title='bbox 1713 650 1850 720; x_wconf 92' lang='lat' dir='ltr'><strong>quid</strong></span> 
     </span>
    </p>
   </div>
   <div class='ocr_carea' id='block_1_6' title="bbox 215 736 1850 806">
    <p class='ocr_par' dir='ltr' id='par_1_6' title="bbox 215 736 1850 806">
     <span class='ocr_line' id='line_1_6' title="bbox 215 736 1850 806; baseline 0.002 -17"><span class='ocrx_word' id='word_1_36' title='bbox 215 752 387 806; x_wconf 89' lang='lat' dir='ltr'><strong>agere</strong></span> <span class='ocrx_word' id='word_1_37' title='bbox 417 736 656 790; x_wconf 84' lang='lat' dir='ltr'><strong>debeam</strong></span> <span class='ocrx_word' id='word_1_38' title='bbox 692 753 804 790; x_wconf 91' lang='lat' dir='ltr'><strong>non</strong></span> <span class='ocrx_word' id='word_1_39' title='bbox 839 741 927 791; x_wconf 90' lang='lat' dir='ltr'><strong>est</strong></span> <span class='ocrx_word' id='word_1_40' title='bbox 975 738 1314 792; x_wconf 89' lang='lat' dir='ltr'><strong>obscurum.</strong></span> <span class='ocrx_word' id='word_1_41' title='bbox 1363 738 1507 793; x_wconf 89' lang='lat' dir='ltr'><strong>Nam</strong></span> <span class='ocrx_word' id='word_1_42' title='bbox 1553 737 1640 792; x_wconf 85' lang='lat' dir='ltr'><strong>vel</strong></span> <span class='ocrx_word' id='word_1_43' title='bbox 1685 740 1732 793; x_wconf 92' lang='lat' dir='ltr'><strong>si</strong></span> <span class='ocrx_word' id='word_1_44' title='bbox 1789 743 1850 793; x_wconf 90' lang='lat' dir='ltr'><strong>tu</strong></span> 
     </span>
    </p>
   </div>
   <div class='ocr_carea' id='block_1_7' title="bbox 211 825 1850 896">
    <p class='ocr_par' dir='ltr' id='par_1_7' title="bbox 211 825 1850 896">
     <span class='ocr_line' id='line_1_7' title="bbox 211 825 1850 896; baseline 0.004 -20"><span class='ocrx_word' id='word_1_45' title='bbox 211 828 331 878; x_wconf 91' lang='lat' dir='ltr'><strong>tam</strong></span> <span class='ocrx_word' id='word_1_46' title='bbox 385 825 721 878; x_wconf 90' lang='lat' dir='ltr'><strong>moderatus</strong></span> <span class='ocrx_word' id='word_1_47' title='bbox 761 841 941 894; x_wconf 85' lang='lat' dir='ltr'><strong>quam</strong></span> <span class='ocrx_word' id='word_1_48' title='bbox 989 825 1076 879; x_wconf 93' lang='lat' dir='ltr'><strong>vis</strong></span> <span class='ocrx_word' id='word_1_49' title='bbox 1104 826 1470 896; x_wconf 83' lang='lat' dir='ltr'><strong>persuadere,</strong></span> <span class='ocrx_word' id='word_1_50' title='bbox 1505 827 1715 881; x_wconf 89' lang='lat' dir='ltr'><strong>futuris</strong></span> <span class='ocrx_word' id='word_1_51' title='bbox 1747 827 1850 894; x_wconf 90' lang='lat' dir='ltr'><strong>sis,</strong></span> 
     </span>
    </p>
   </div>
   <div class='ocr_carea' id='block_1_8' title="bbox 211 912 1854 986">
    <p class='ocr_par' dir='ltr' id='par_1_8' title="bbox 211 912 1854 986">
     <span class='ocr_line' id='line_1_8' title="bbox 211 912 1854 986; baseline 0.004 -22"><span class='ocrx_word' id='word_1_52' title='bbox 211 914 407 966; x_wconf 90' lang='lat' dir='ltr'><strong>tamen</strong></span> <span class='ocrx_word' id='word_1_53' title='bbox 473 928 577 982; x_wconf 88' lang='lat' dir='ltr'><strong>ego</strong></span> <span class='ocrx_word' id='word_1_54' title='bbox 627 917 819 967; x_wconf 87' lang='lat' dir='ltr'><strong>tecum</strong></span> <span class='ocrx_word' id='word_1_55' title='bbox 867 912 1158 967; x_wconf 90' lang='lat' dir='ltr'><strong>sollicitus</strong></span> <span class='ocrx_word' id='word_1_56' title='bbox 1215 914 1485 976; x_wconf 84' lang='lat' dir='ltr'><strong>viverem.</strong></span> <span class='ocrx_word' id='word_1_57' title='bbox 1535 915 1750 986; x_wconf 89' lang='lat' dir='ltr'><strong>quippe</strong></span> <span class='ocrx_word' id='word_1_58' title='bbox 1797 920 1854 970; x_wconf 89' lang='lat' dir='ltr'><strong>et</strong></span> 
     </span>
    </p>
   </div>
   <div class='ocr_carea' id='block_1_9' title="bbox 217 999 1852 1071">
    <p class='ocr_par' dir='ltr' id='par_1_9' title="bbox 217 999 1852 1071">
     <span class='ocr_line' id='line_1_9' title="bbox 217 999 1852 1071; baseline 0.005 -21"><span class='ocrx_word' id='word_1_59' title='bbox 217 999 480 1053; x_wconf 87' lang='lat' dir='ltr'><strong>animum</strong></span> <span class='ocrx_word' id='word_1_60' title='bbox 514 1000 791 1070; x_wconf 82' lang='lat' dir='ltr'><strong>ignorans</strong></span> <span class='ocrx_word' id='word_1_61' title='bbox 836 1006 1022 1070; x_wconf 91' lang='lat' dir='ltr'><strong>tuum,</strong></span> <span class='ocrx_word' id='word_1_62' title='bbox 1073 1006 1131 1056; x_wconf 90' lang='lat' dir='ltr'><strong>et</strong></span> <span class='ocrx_word' id='word_1_63' title='bbox 1177 1003 1556 1071; x_wconf 84' lang='lat' dir='ltr'><strong>quantumvis</strong></span> <span class='ocrx_word' id='word_1_64' title='bbox 1605 1008 1758 1058; x_wconf 83' lang='lat' dir='ltr'><strong>esset</strong></span> <span class='ocrx_word' id='word_1_65' title='bbox 1804 1004 1852 1058; x_wconf 89' lang='lat' dir='ltr'><strong>is</strong></span> 
     </span>
    </p>
   </div>
   <div class='ocr_carea' id='block_1_10' title="bbox 211 1087 1849 1158">
    <p class='ocr_par' dir='ltr' id='par_1_10' title="bbox 211 1087 1849 1158">
     <span class='ocr_line' id='line_1_10' title="bbox 211 1087 1849 1158; baseline 0.005 -21"><span class='ocrx_word' id='word_1_66' title='bbox 211 1087 444 1157; x_wconf 88' lang='lat' dir='ltr'><strong>qualem</strong></span> <span class='ocrx_word' id='word_1_67' title='bbox 505 1097 789 1158; x_wconf 80' lang='lat' dir='ltr'><strong>optarem,</strong></span> <span class='ocrx_word' id='word_1_68' title='bbox 841 1090 994 1158; x_wconf 85' lang='lat' dir='ltr'><strong>jure,</strong></span> <span class='ocrx_word' id='word_1_69' title='bbox 1046 1107 1115 1144; x_wconf 92' lang='lat' dir='ltr'><strong>ne</strong></span> <span class='ocrx_word' id='word_1_70' title='bbox 1167 1094 1509 1157; x_wconf 89' lang='lat' dir='ltr'><strong>mutaretur,</strong></span> <span class='ocrx_word' id='word_1_71' title='bbox 1564 1095 1849 1146; x_wconf 86' lang='lat' dir='ltr'><strong>metuens.</strong></span> 
     </span>
    </p>
   </div>
   <div class='ocr_carea' id='block_1_11' title="bbox 211 1176 1851 1246">
    <p class='ocr_par' dir='ltr' id='par_1_11' title="bbox 211 1176 1851 1246">
     <span class='ocr_line' id='line_1_11' title="bbox 211 1176 1851 1246; baseline 0.002 -17"><span class='ocrx_word' id='word_1_72' title='bbox 211 1176 425 1230; x_wconf 87' lang='lat' dir='ltr'><strong>Desine</strong></span> <span class='ocrx_word' id='word_1_73' title='bbox 482 1176 662 1246; x_wconf 85' lang='lat' dir='ltr'><strong>igitur</strong></span> <span class='ocrx_word' id='word_1_74' title='bbox 707 1176 952 1230; x_wconf 84' lang='lat' dir='ltr'><strong>invitare</strong></span> <span class='ocrx_word' id='word_1_75' title='bbox 999 1193 1092 1231; x_wconf 89' lang='lat' dir='ltr'><strong>me</strong></span> <span class='ocrx_word' id='word_1_76' title='bbox 1141 1178 1210 1231; x_wconf 88' lang='lat' dir='ltr'><strong>ad</strong></span> <span class='ocrx_word' id='word_1_77' title='bbox 1262 1177 1590 1233; x_wconf 90' lang='lat' dir='ltr'><strong>convictum</strong></span> <span class='ocrx_word' id='word_1_78' title='bbox 1635 1184 1851 1245; x_wconf 81' lang='lat' dir='ltr'><strong>tecum,</strong></span> 
     </span>
    </p>
   </div>
   <div class='ocr_carea' id='block_1_12' title="bbox 211 1265 1855 1338">
    <p class='ocr_par' dir='ltr' id='par_1_12' title="bbox 211 1265 1855 1338">
     <span class='ocr_line' id='line_1_12' title="bbox 211 1265 1855 1338; baseline 0.002 -20"><span class='ocrx_word' id='word_1_79' title='bbox 211 1265 542 1318; x_wconf 87' lang='lat' dir='ltr'><strong>necessario</strong></span> <span class='ocrx_word' id='word_1_80' title='bbox 575 1265 716 1319; x_wconf 87' lang='lat' dir='ltr'><strong>mihi</strong></span> <span class='ocrx_word' id='word_1_81' title='bbox 750 1265 1072 1335; x_wconf 90' lang='lat' dir='ltr'><strong>suspiciose</strong></span> <span class='ocrx_word' id='word_1_82' title='bbox 1098 1267 1356 1331; x_wconf 86' lang='lat' dir='ltr'><strong>anxium,</strong></span> <span class='ocrx_word' id='word_1_83' title='bbox 1383 1272 1440 1320; x_wconf 91' lang='lat' dir='ltr'><strong>et</strong></span> <span class='ocrx_word' id='word_1_84' title='bbox 1471 1284 1572 1338; x_wconf 92' lang='lat' dir='ltr'><strong>per</strong></span> <span class='ocrx_word' id='word_1_85' title='bbox 1599 1268 1704 1322; x_wconf 90' lang='lat' dir='ltr'><strong>hoc</strong></span> <span class='ocrx_word' id='word_1_86' title='bbox 1737 1285 1855 1323; x_wconf 91' lang='lat' dir='ltr'><strong>mo-</strong></span> 
     </span>
    </p>
   </div>
   <div class='ocr_carea' id='block_1_13' title="bbox 211 1351 1851 1420">
    <p class='ocr_par' dir='ltr' id='par_1_13' title="bbox 211 1351 1851 1420">
     <span class='ocr_line' id='line_1_13' title="bbox 211 1351 1851 1420; baseline 0.003 -16"><span class='ocrx_word' id='word_1_87' title='bbox 211 1351 598 1406; x_wconf 89' lang='lat' dir='ltr'><strong>lestissimum</strong></span> <span class='ocrx_word' id='word_1_88' title='bbox 645 1354 949 1420; x_wconf 89' lang='lat' dir='ltr'><strong>futurum;</strong></span> <span class='ocrx_word' id='word_1_89' title='bbox 1004 1353 1148 1407; x_wconf 84' lang='lat' dir='ltr'><strong>nihil</strong></span> <span class='ocrx_word' id='word_1_90' title='bbox 1197 1359 1390 1408; x_wconf 89' lang='lat' dir='ltr'><strong>autem</strong></span> <span class='ocrx_word' id='word_1_91' title='bbox 1437 1355 1694 1409; x_wconf 90' lang='lat' dir='ltr'><strong>omnium</strong></span> <span class='ocrx_word' id='word_1_92' title='bbox 1746 1356 1851 1410; x_wconf 87' lang='lat' dir='ltr'><strong>tibi</strong></span> 
     </span>
    </p>
   </div>
   <div class='ocr_carea' id='block_1_14' title="bbox 201 1441 1855 1516">
    <p class='ocr_par' dir='ltr' id='par_1_14' title="bbox 201 1441 1855 1516">
     <span class='ocr_line' id='line_1_14' title="bbox 201 1441 1855 1516; baseline 0.004 -23"><span class='ocrx_word' id='word_1_93' title='bbox 201 1442 375 1510; x_wconf 82' lang='lat' dir='ltr'><strong>juxta</strong></span> <span class='ocrx_word' id='word_1_94' title='bbox 396 1441 654 1511; x_wconf 79' lang='lat' dir='ltr'><strong>mihique</strong></span> <span class='ocrx_word' id='word_1_95' title='bbox 675 1442 979 1496; x_wconf 77' lang='lat' dir='ltr'><strong>consulere</strong></span> <span class='ocrx_word' id='word_1_96' title='bbox 1003 1459 1240 1513; x_wconf 91' lang='lat' dir='ltr'><strong>possum</strong></span> <span class='ocrx_word' id='word_1_97' title='bbox 1262 1442 1669 1513; x_wconf 89' lang='lat' dir='ltr'><strong>utilius,quam</strong></span> <span class='ocrx_word' id='word_1_98' title='bbox 1698 1445 1855 1516; x_wconf 86' lang='lat' dir='ltr'><strong>fuge-</strong></span> 
     </span>
    </p>
   </div>
   <div class='ocr_carea' id='block_1_15' title="bbox 211 1528 1853 1602">
    <p class='ocr_par' dir='ltr' id='par_1_15' title="bbox 211 1528 1853 1602">
     <span class='ocr_line' id='line_1_15' title="bbox 211 1528 1853 1602; baseline 0.003 -20"><span class='ocrx_word' id='word_1_99' title='bbox 211 1545 274 1582; x_wconf 91' lang='lat' dir='ltr'><strong>re</strong></span> <span class='ocrx_word' id='word_1_100' title='bbox 320 1528 783 1600; x_wconf 81' lang='lat' dir='ltr'><strong>longissimeque</strong></span> <span class='ocrx_word' id='word_1_101' title='bbox 833 1548 864 1583; x_wconf 88' lang='lat' dir='ltr'><strong>a</strong></span> <span class='ocrx_word' id='word_1_102' title='bbox 911 1530 1072 1584; x_wconf 88' lang='lat' dir='ltr'><strong>vobis</strong></span> <span class='ocrx_word' id='word_1_103' title='bbox 1118 1531 1449 1586; x_wconf 86' lang='lat' dir='ltr'><strong>abscedere.</strong></span> <span class='ocrx_word' id='word_1_104' title='bbox 1500 1532 1649 1602; x_wconf 89' lang='lat' dir='ltr'><strong>Ergo</strong></span> <span class='ocrx_word' id='word_1_105' title='bbox 1696 1533 1853 1588; x_wconf 86' lang='lat' dir='ltr'><strong>salve</strong></span> 
     </span>
    </p>
   </div>
   <div class='ocr_carea' id='block_1_16' title="bbox 210 1617 950 1683">
    <p class='ocr_par' dir='ltr' id='par_1_16' title="bbox 210 1617 950 1683">
     <span class='ocr_line' id='line_1_16' title="bbox 210 1617 950 1683; baseline 0.001 -13"><span class='ocrx_word' id='word_1_106' title='bbox 210 1617 358 1671; x_wconf 88' lang='lat' dir='ltr'><strong>mihi</strong></span> <span class='ocrx_word' id='word_1_107' title='bbox 390 1621 687 1683; x_wconf 58' lang='lat' dir='ltr'><strong>aeternum,</strong></span> <span class='ocrx_word' id='word_1_108' title='bbox 721 1624 777 1672; x_wconf 92' lang='lat' dir='ltr'><strong>et</strong></span> <span class='ocrx_word' id='word_1_109' title='bbox 805 1617 950 1672; x_wconf 85' lang='lat' dir='ltr'><strong>vale.</strong></span> 
     </span>
    </p>
   </div>
   <div class='ocr_carea' id='block_1_17' title="bbox 284 1704 1854 1779">
    <p class='ocr_par' dir='ltr' id='par_1_17' title="bbox 284 1704 1854 1779">
     <span class='ocr_line' id='line_1_17' title="bbox 284 1704 1854 1779; baseline 0.003 -21"><span class='ocrx_word' id='word_1_110' title='bbox 284 1704 613 1758; x_wconf 89' lang='lat' dir='ltr'><strong>IV.Sustine</strong></span> <span class='ocrx_word' id='word_1_111' title='bbox 641 1705 832 1759; x_wconf 90' lang='lat' dir='ltr'><strong>adhuc</strong></span> <span class='ocrx_word' id='word_1_112' title='bbox 863 1704 1190 1776; x_wconf 82' lang='lat' dir='ltr'><strong>paululum,</strong></span> <span class='ocrx_word' id='word_1_113' title='bbox 1224 1724 1321 1761; x_wconf 80' lang='lat' dir='ltr'><strong>rex</strong></span> <span class='ocrx_word' id='word_1_114' title='bbox 1346 1707 1557 1778; x_wconf 83' lang='lat' dir='ltr'><strong>inquit,</strong></span> <span class='ocrx_word' id='word_1_115' title='bbox 1579 1712 1635 1761; x_wconf 89' lang='lat' dir='ltr'><strong>et</strong></span> <span class='ocrx_word' id='word_1_116' title='bbox 1663 1708 1854 1779; x_wconf 85' lang='lat' dir='ltr'><strong>cogita</strong></span> 
     </span>
    </p>
   </div>
   <div class='ocr_carea' id='block_1_18' title="bbox 212 1791 1852 1862">
    <p class='ocr_par' dir='ltr' id='par_1_18' title="bbox 212 1791 1852 1862">
     <span class='ocr_line' id='line_1_18' title="bbox 212 1791 1852 1862; baseline 0.004 -18"><span class='ocrx_word' id='word_1_117' title='bbox 212 1791 438 1845; x_wconf 90' lang='lat' dir='ltr'><strong>nullam</strong></span> <span class='ocrx_word' id='word_1_118' title='bbox 480 1791 758 1862; x_wconf 85' lang='lat' dir='ltr'><strong>imputari</strong></span> <span class='ocrx_word' id='word_1_119' title='bbox 794 1809 962 1862; x_wconf 87' lang='lat' dir='ltr'><strong>posse</strong></span> <span class='ocrx_word' id='word_1_120' title='bbox 991 1811 1024 1846; x_wconf 89' lang='lat' dir='ltr'><strong>a</strong></span> <span class='ocrx_word' id='word_1_121' title='bbox 1058 1809 1148 1847; x_wconf 86' lang='lat' dir='ltr'><strong>me</strong></span> <span class='ocrx_word' id='word_1_122' title='bbox 1177 1794 1276 1847; x_wconf 84' lang='lat' dir='ltr'><strong>tibi</strong></span> <span class='ocrx_word' id='word_1_123' title='bbox 1311 1795 1660 1850; x_wconf 84' lang='lat' dir='ltr'><strong>calamitatis</strong></span> <span class='ocrx_word' id='word_1_124' title='bbox 1713 1814 1852 1850; x_wconf 77' lang='lat' dir='ltr'><strong>mere</strong></span> 
     </span>
    </p>
   </div>
   <div class='ocr_carea' id='block_1_19' title="bbox 1955 651 3592 722">
    <p class='ocr_par' dir='ltr' id='par_1_19' title="bbox 1955 651 3592 722">
     <span class='ocr_line' id='line_1_19' title="bbox 1955 651 3592 722; baseline -0.002 -17"><span class='ocrx_word' id='word_1_125' title='bbox 1955 651 2212 722; x_wconf 90' lang='lat' dir='ltr'><strong>opinaris</strong></span> <span class='ocrx_word' id='word_1_126' title='bbox 2241 653 2312 706; x_wconf 93' lang='lat' dir='ltr'><strong>de</strong></span> <span class='ocrx_word' id='word_1_127' title='bbox 2343 669 2455 721; x_wconf 89' lang='lat' dir='ltr'><strong>me,</strong></span> <span class='ocrx_word' id='word_1_128' title='bbox 2491 653 2836 722; x_wconf 88' lang='lat' dir='ltr'><strong>probrosum</strong></span> <span class='ocrx_word' id='word_1_129' title='bbox 2872 652 3106 721; x_wconf 86' lang='lat' dir='ltr'><strong>utrique</strong></span> <span class='ocrx_word' id='word_1_130' title='bbox 3136 653 3244 704; x_wconf 87' lang='lat' dir='ltr'><strong>est.</strong></span> <span class='ocrx_word' id='word_1_131' title='bbox 3297 653 3592 703; x_wconf 89' lang='lat' dir='ltr'><strong>Bonorum</strong></span> 
     </span>
    </p>
   </div>
   <div class='ocr_carea' id='block_1_20' title="bbox 1953 734 3593 810">
    <p class='ocr_par' dir='ltr' id='par_1_20' title="bbox 1953 734 3593 810">
     <span class='ocr_line' id='line_1_20' title="bbox 1953 734 3593 810; baseline -0.002 -18"><span class='ocrx_word' id='word_1_132' title='bbox 1953 739 2109 792; x_wconf 90' lang='lat' dir='ltr'><strong>enim</strong></span> <span class='ocrx_word' id='word_1_133' title='bbox 2159 755 2224 793; x_wconf 90' lang='lat' dir='ltr'><strong>ac</strong></span> <span class='ocrx_word' id='word_1_134' title='bbox 2266 739 2598 810; x_wconf 89' lang='lat' dir='ltr'><strong>sapientum</strong></span> <span class='ocrx_word' id='word_1_135' title='bbox 2645 745 2731 794; x_wconf 87' lang='lat' dir='ltr'><strong>est</strong></span> <span class='ocrx_word' id='word_1_136' title='bbox 2782 739 2839 794; x_wconf 87' lang='lat' dir='ltr'><strong>iu</strong></span> <span class='ocrx_word' id='word_1_137' title='bbox 2874 743 3155 809; x_wconf 85' lang='lat' dir='ltr'><strong>potestate</strong></span> <span class='ocrx_word' id='word_1_138' title='bbox 3186 737 3398 790; x_wconf 90' lang='lat' dir='ltr'><strong>habere</strong></span> <span class='ocrx_word' id='word_1_139' title='bbox 3428 734 3593 801; x_wconf 90' lang='lat' dir='ltr'><strong>cupi-</strong></span> 
     </span>
    </p>
   </div>
   <div class='ocr_carea' id='block_1_21' title="bbox 1956 822 3590 899">
    <p class='ocr_par' dir='ltr' id='par_1_21' title="bbox 1956 822 3590 899">
     <span class='ocr_line' id='line_1_21' title="bbox 1956 822 3590 899; baseline -0.002 -20"><span class='ocrx_word' id='word_1_140' title='bbox 1956 827 2185 892; x_wconf 89' lang='lat' dir='ltr'><strong>ditates,</strong></span> <span class='ocrx_word' id='word_1_141' title='bbox 2218 843 2322 882; x_wconf 91' lang='lat' dir='ltr'><strong>nec</strong></span> <span class='ocrx_word' id='word_1_142' title='bbox 2355 827 2596 899; x_wconf 90' lang='lat' dir='ltr'><strong>obsequi</strong></span> <span class='ocrx_word' id='word_1_143' title='bbox 2627 827 2928 882; x_wconf 75' lang='lat' dir='ltr'><strong>atiectibus</strong></span> <span class='ocrx_word' id='word_1_144' title='bbox 2956 841 3086 880; x_wconf 88' lang='lat' dir='ltr'><strong>cum</strong></span> <span class='ocrx_word' id='word_1_145' title='bbox 3120 826 3190 880; x_wconf 90' lang='lat' dir='ltr'><strong>ad</strong></span> <span class='ocrx_word' id='word_1_146' title='bbox 3223 823 3440 894; x_wconf 90' lang='lat' dir='ltr'><strong>aliquid</strong></span> <span class='ocrx_word' id='word_1_147' title='bbox 3476 822 3590 876; x_wconf 90' lang='lat' dir='ltr'><strong>im-</strong></span> 
     </span>
    </p>
   </div>
   <div class='ocr_carea' id='block_1_22' title="bbox 1957 911 3591 984">
    <p class='ocr_par' dir='ltr' id='par_1_22' title="bbox 1957 911 3591 984">
     <span class='ocr_line' id='line_1_22' title="bbox 1957 911 3591 984; baseline -0.003 -16"><span class='ocrx_word' id='word_1_148' title='bbox 1957 913 2179 984; x_wconf 89' lang='lat' dir='ltr'><strong>pellunt</strong></span> <span class='ocrx_word' id='word_1_149' title='bbox 2209 915 2415 970; x_wconf 86' lang='lat' dir='ltr'><strong>rationi</strong></span> <span class='ocrx_word' id='word_1_150' title='bbox 2449 932 2562 970; x_wconf 90' lang='lat' dir='ltr'><strong>non</strong></span> <span class='ocrx_word' id='word_1_151' title='bbox 2595 919 3083 980; x_wconf 88' lang='lat' dir='ltr'><strong>consentaneum;</strong></span> <span class='ocrx_word' id='word_1_152' title='bbox 3109 917 3165 967; x_wconf 91' lang='lat' dir='ltr'><strong>et</strong></span> <span class='ocrx_word' id='word_1_153' title='bbox 3194 927 3298 982; x_wconf 88' lang='lat' dir='ltr'><strong>ego</strong></span> <span class='ocrx_word' id='word_1_154' title='bbox 3332 911 3510 982; x_wconf 89' lang='lat' dir='ltr'><strong>igitur</strong></span> <span class='ocrx_word' id='word_1_155' title='bbox 3538 918 3591 964; x_wconf 91' lang='lat' dir='ltr'><strong>et</strong></span> 
     </span>
    </p>
   </div>
   <div class='ocr_carea' id='block_1_23' title="bbox 1954 1000 3590 1072">
    <p class='ocr_par' dir='ltr' id='par_1_23' title="bbox 1954 1000 3590 1072">
     <span class='ocr_line' id='line_1_23' title="bbox 1954 1000 3590 1072; baseline -0.001 -18"><span class='ocrx_word' id='word_1_156' title='bbox 1954 1003 2425 1072; x_wconf 86' lang='lat' dir='ltr'><strong>tu,quantumvis</strong></span> <span class='ocrx_word' id='word_1_157' title='bbox 2447 1007 2776 1058; x_wconf 87' lang='lat' dir='ltr'><strong>recurrente</strong></span> <span class='ocrx_word' id='word_1_158' title='bbox 2802 1003 3077 1057; x_wconf 88' lang='lat' dir='ltr'><strong>memoria</strong></span> <span class='ocrx_word' id='word_1_159' title='bbox 3100 1000 3590 1066; x_wconf 86' lang='lat' dir='ltr'><strong>eladium,mutuo</strong></span> 
     </span>
    </p>
   </div>
   <div class='ocr_carea' id='block_1_24' title="bbox 1956 1087 3592 1162">
    <p class='ocr_par' dir='ltr' id='par_1_24' title="bbox 1956 1087 3592 1162">
     <span class='ocr_line' id='line_1_24' title="bbox 1956 1087 3592 1162; baseline -0.001 -20"><span class='ocrx_word' id='word_1_160' title='bbox 1956 1106 2153 1144; x_wconf 86' lang='lat' dir='ltr'><strong>amare</strong></span> <span class='ocrx_word' id='word_1_161' title='bbox 2185 1090 2525 1162; x_wconf 90' lang='lat' dir='ltr'><strong>poterimus.</strong></span> <span class='ocrx_word' id='word_1_162' title='bbox 2561 1093 2786 1161; x_wconf 85' lang='lat' dir='ltr'><strong>Anceps</strong></span> <span class='ocrx_word' id='word_1_163' title='bbox 2816 1090 3100 1160; x_wconf 88' lang='lat' dir='ltr'><strong>(reposuit</strong></span> <span class='ocrx_word' id='word_1_164' title='bbox 3128 1089 3433 1158; x_wconf 83' lang='lat' dir='ltr'><strong>psittacus)</strong></span> <span class='ocrx_word' id='word_1_165' title='bbox 3481 1087 3592 1141; x_wconf 85' lang='lat' dir='ltr'><strong>ista</strong></span> 
     </span>
    </p>
   </div>
   <div class='ocr_carea' id='block_1_25' title="bbox 1955 1175 3593 1250">
    <p class='ocr_par' dir='ltr' id='par_1_25' title="bbox 1955 1175 3593 1250">
     <span class='ocr_line' id='line_1_25' title="bbox 1955 1175 3593 1250; baseline -0.001 -18"><span class='ocrx_word' id='word_1_166' title='bbox 1955 1178 2308 1248; x_wconf 89' lang='lat' dir='ltr'><strong>experientia</strong></span> <span class='ocrx_word' id='word_1_167' title='bbox 2335 1181 2526 1235; x_wconf 88' lang='lat' dir='ltr'><strong>fuerit.</strong></span> <span class='ocrx_word' id='word_1_168' title='bbox 2547 1180 2752 1250; x_wconf 86' lang='lat' dir='ltr'><strong>Magna</strong></span> <span class='ocrx_word' id='word_1_169' title='bbox 2782 1179 2938 1233; x_wconf 89' lang='lat' dir='ltr'><strong>enim</strong></span> <span class='ocrx_word' id='word_1_170' title='bbox 2971 1179 3054 1232; x_wconf 89' lang='lat' dir='ltr'><strong>vis</strong></span> <span class='ocrx_word' id='word_1_171' title='bbox 3085 1182 3172 1232; x_wconf 87' lang='lat' dir='ltr'><strong>est</strong></span> <span class='ocrx_word' id='word_1_172' title='bbox 3202 1175 3593 1247; x_wconf 88' lang='lat' dir='ltr'><strong>perturbatio-</strong></span> 
     </span>
    </p>
   </div>
   <div class='ocr_carea' id='block_1_26' title="bbox 1957 1265 3585 1337">
    <p class='ocr_par' dir='ltr' id='par_1_26' title="bbox 1957 1265 3585 1337">
     <span class='ocr_line' id='line_1_26' title="bbox 1957 1265 3585 1337; baseline -0.001 -19"><span class='ocrx_word' id='word_1_173' title='bbox 1957 1266 2412 1332; x_wconf 88' lang='lat' dir='ltr'><strong>num,irritante</strong></span> <span class='ocrx_word' id='word_1_174' title='bbox 2456 1268 2664 1337; x_wconf 86' lang='lat' dir='ltr'><strong>objecti</strong></span> <span class='ocrx_word' id='word_1_175' title='bbox 2717 1267 3028 1336; x_wconf 74' lang='lat' dir='ltr'><strong>praesentia</strong></span> <span class='ocrx_word' id='word_1_176' title='bbox 3074 1265 3376 1319; x_wconf 89' lang='lat' dir='ltr'><strong>solitarum</strong></span> <span class='ocrx_word' id='word_1_177' title='bbox 3426 1280 3585 1317; x_wconf 84' lang='lat' dir='ltr'><strong>exar-</strong></span> 
     </span>
    </p>
   </div>
   <div class='ocr_carea' id='block_1_27' title="bbox 1957 1351 3590 1424">
    <p class='ocr_par' dir='ltr' id='par_1_27' title="bbox 1957 1351 3590 1424">
     <span class='ocr_line' id='line_1_27' title="bbox 1957 1351 3590 1424; baseline -0.001 -17"><span class='ocrx_word' id='word_1_178' title='bbox 1957 1354 2212 1420; x_wconf 79' lang='lat' dir='ltr'><strong>descere,</strong></span> <span class='ocrx_word' id='word_1_179' title='bbox 2241 1355 2597 1424; x_wconf 86' lang='lat' dir='ltr'><strong>rationisque</strong></span> <span class='ocrx_word' id='word_1_180' title='bbox 2629 1355 2856 1408; x_wconf 83' lang='lat' dir='ltr'><strong>frenum</strong></span> <span class='ocrx_word' id='word_1_181' title='bbox 2890 1354 2948 1407; x_wconf 90' lang='lat' dir='ltr'><strong>in</strong></span> <span class='ocrx_word' id='word_1_182' title='bbox 2981 1358 3124 1407; x_wconf 65' lang='lat' dir='ltr'><strong>aestu</strong></span> <span class='ocrx_word' id='word_1_183' title='bbox 3160 1351 3373 1406; x_wconf 85' lang='lat' dir='ltr'><strong>furoris</strong></span> <span class='ocrx_word' id='word_1_184' title='bbox 3421 1368 3590 1406; x_wconf 88' lang='lat' dir='ltr'><strong>excu-</strong></span> 
     </span>
    </p>
   </div>
   <div class='ocr_carea' id='block_1_28' title="bbox 1957 1439 3592 1512">
    <p class='ocr_par' dir='ltr' id='par_1_28' title="bbox 1957 1439 3592 1512">
     <span class='ocr_line' id='line_1_28' title="bbox 1957 1439 3592 1512; baseline -0.002 -16"><span class='ocrx_word' id='word_1_185' title='bbox 1957 1442 2246 1497; x_wconf 88' lang='lat' dir='ltr'><strong>tientium.</strong></span> <span class='ocrx_word' id='word_1_186' title='bbox 2279 1444 2438 1507; x_wconf 88' lang='lat' dir='ltr'><strong>Quod</strong></span> <span class='ocrx_word' id='word_1_187' title='bbox 2473 1442 2521 1496; x_wconf 89' lang='lat' dir='ltr'><strong>si</strong></span> <span class='ocrx_word' id='word_1_188' title='bbox 2553 1442 2684 1512; x_wconf 88' lang='lat' dir='ltr'><strong>quis</strong></span> <span class='ocrx_word' id='word_1_189' title='bbox 2717 1443 2767 1494; x_wconf 95' lang='lat' dir='ltr'><strong>vi</strong></span> <span class='ocrx_word' id='word_1_190' title='bbox 2802 1442 3073 1496; x_wconf 86' lang='lat' dir='ltr'><strong>annitens</strong></span> <span class='ocrx_word' id='word_1_191' title='bbox 3117 1456 3350 1495; x_wconf 89' lang='lat' dir='ltr'><strong>summa</strong></span> <span class='ocrx_word' id='word_1_192' title='bbox 3396 1439 3592 1494; x_wconf 89' lang='lat' dir='ltr'><strong>mode-</strong></span> 
     </span>
    </p>
   </div>
   <div class='ocr_carea' id='block_1_29' title="bbox 1957 1525 3591 1600">
    <p class='ocr_par' dir='ltr' id='par_1_29' title="bbox 1957 1525 3591 1600">
     <span class='ocr_line' id='line_1_29' title="bbox 1957 1525 3591 1600; baseline -0.001 -18"><span class='ocrx_word' id='word_1_193' title='bbox 1957 1530 2069 1582; x_wconf 88' lang='lat' dir='ltr'><strong>rari</strong></span> <span class='ocrx_word' id='word_1_194' title='bbox 2104 1529 2204 1583; x_wconf 91' lang='lat' dir='ltr'><strong>tali</strong></span> <span class='ocrx_word' id='word_1_195' title='bbox 2238 1535 2500 1600; x_wconf 90' lang='lat' dir='ltr'><strong>tempore</strong></span> <span class='ocrx_word' id='word_1_196' title='bbox 2531 1529 2628 1583; x_wconf 64' lang='lat' dir='ltr'><strong>iraa</strong></span> <span class='ocrx_word' id='word_1_197' title='bbox 2661 1533 2760 1583; x_wconf 90' lang='lat' dir='ltr'><strong>aut</strong></span> <span class='ocrx_word' id='word_1_198' title='bbox 2791 1529 2921 1583; x_wconf 93' lang='lat' dir='ltr'><strong>odio</strong></span> <span class='ocrx_word' id='word_1_199' title='bbox 2949 1527 3222 1599; x_wconf 88' lang='lat' dir='ltr'><strong>potuerit,</strong></span> <span class='ocrx_word' id='word_1_200' title='bbox 3264 1525 3591 1581; x_wconf 83' lang='lat' dir='ltr'><strong>molestiam</strong></span> 
     </span>
    </p>
   </div>
   <div class='ocr_carea' id='block_1_30' title="bbox 1955 1613 3594 1688">
    <p class='ocr_par' dir='ltr' id='par_1_30' title="bbox 1955 1613 3594 1688">
     <span class='ocr_line' id='line_1_30' title="bbox 1955 1613 3594 1688; baseline -0.001 -19"><span class='ocrx_word' id='word_1_201' title='bbox 1955 1621 2148 1670; x_wconf 86' lang='lat' dir='ltr'><strong>tamen</strong></span> <span class='ocrx_word' id='word_1_202' title='bbox 2173 1617 2468 1688; x_wconf 86' lang='lat' dir='ltr'><strong>ingentem</strong></span> <span class='ocrx_word' id='word_1_203' title='bbox 2494 1617 2723 1684; x_wconf 89' lang='lat' dir='ltr'><strong>sentiet,</strong></span> <span class='ocrx_word' id='word_1_204' title='bbox 2747 1633 2852 1671; x_wconf 88' lang='lat' dir='ltr'><strong>nec</strong></span> <span class='ocrx_word' id='word_1_205' title='bbox 2873 1631 3009 1686; x_wconf 84' lang='lat' dir='ltr'><strong>pace</strong></span> <span class='ocrx_word' id='word_1_206' title='bbox 3031 1619 3129 1668; x_wconf 85' lang='lat' dir='ltr'><strong>aut</strong></span> <span class='ocrx_word' id='word_1_207' title='bbox 3169 1613 3594 1685; x_wconf 87' lang='lat' dir='ltr'><strong>tranquillitate</strong></span> 
     </span>
    </p>
   </div>
   <div class='ocr_carea' id='block_1_31' title="bbox 1957 1701 3586 1774">
    <p class='ocr_par' dir='ltr' id='par_1_31' title="bbox 1957 1701 3586 1774">
     <span class='ocr_line' id='line_1_31' title="bbox 1957 1701 3586 1774; baseline -0.002 -17"><span class='ocrx_word' id='word_1_208' title='bbox 1957 1704 2158 1768; x_wconf 88' lang='lat' dir='ltr'><strong>animi,</strong></span> <span class='ocrx_word' id='word_1_209' title='bbox 2195 1721 2320 1774; x_wconf 69' lang='lat' dir='ltr'><strong>quae</strong></span> <span class='ocrx_word' id='word_1_210' title='bbox 2354 1704 2481 1758; x_wconf 72' lang='lat' dir='ltr'><strong>vitae</strong></span> <span class='ocrx_word' id='word_1_211' title='bbox 2515 1703 2849 1758; x_wconf 80' lang='lat' dir='ltr'><strong>felicitatem</strong></span> <span class='ocrx_word' id='word_1_212' title='bbox 2899 1703 3155 1766; x_wconf 82' lang='lat' dir='ltr'><strong>conficit,</strong></span> <span class='ocrx_word' id='word_1_213' title='bbox 3205 1703 3264 1756; x_wconf 89' lang='lat' dir='ltr'><strong>iu</strong></span> <span class='ocrx_word' id='word_1_214' title='bbox 3315 1701 3586 1756; x_wconf 86' lang='lat' dir='ltr'><strong>conﬂictu</strong></span> 
     </span>
    </p>
   </div>
   <div class='ocr_carea' id='block_1_32' title="bbox 1956 1789 3582 1860">
    <p class='ocr_par' dir='ltr' id='par_1_32' title="bbox 1956 1789 3582 1860">
     <span class='ocr_line' id='line_1_32' title="bbox 1956 1789 3582 1860; baseline 0.001 -16"><span class='ocrx_word' id='word_1_215' title='bbox 1956 1796 2073 1844; x_wconf 83' lang='lat' dir='ltr'><strong>tam</strong></span> <span class='ocrx_word' id='word_1_216' title='bbox 2125 1791 2450 1846; x_wconf 88' lang='lat' dir='ltr'><strong>vehementi</strong></span> <span class='ocrx_word' id='word_1_217' title='bbox 2502 1791 2813 1846; x_wconf 76' lang='lat' dir='ltr'><strong>affectuum</strong></span> <span class='ocrx_word' id='word_1_218' title='bbox 2863 1807 2994 1845; x_wconf 91' lang='lat' dir='ltr'><strong>cum</strong></span> <span class='ocrx_word' id='word_1_219' title='bbox 3041 1789 3286 1860; x_wconf 90' lang='lat' dir='ltr'><strong>judicio,</strong></span> <span class='ocrx_word' id='word_1_220' title='bbox 3333 1789 3582 1845; x_wconf 76' lang='lat' dir='ltr'><strong>fruetur.</strong></span> 
     </span>
    </p>
   </div>
   <div class='ocr_carea' id='block_1_33' title="bbox 210 1878 3594 1978">
    <p class='ocr_par' dir='ltr' id='par_1_33' title="bbox 210 1878 3594 1978">
     <span class='ocr_line' id='line_1_33' title="bbox 210 1878 3594 1978; baseline -0 -47"><span class='ocrx_word' id='word_1_221' title='bbox 210 1884 440 1949; x_wconf 88' lang='lat' dir='ltr'><strong>partem</strong></span> <span class='ocrx_word' id='word_1_222' title='bbox 482 1885 582 1932; x_wconf 88' lang='lat' dir='ltr'><strong>aut</strong></span> <span class='ocrx_word' id='word_1_223' title='bbox 628 1897 693 1932; x_wconf 88' lang='lat' dir='ltr'><strong>eo</strong></span> <span class='ocrx_word' id='word_1_224' title='bbox 744 1881 975 1934; x_wconf 91' lang='lat' dir='ltr'><strong>nomine</strong></span> <span class='ocrx_word' id='word_1_225' title='bbox 1023 1881 1264 1952; x_wconf 86' lang='lat' dir='ltr'><strong>culpari.</strong></span> <span class='ocrx_word' id='word_1_226' title='bbox 1312 1883 1440 1936; x_wconf 91' lang='lat' dir='ltr'><strong>Scio</strong></span> <span class='ocrx_word' id='word_1_227' title='bbox 1487 1882 1642 1936; x_wconf 91' lang='lat' dir='ltr'><strong>enim</strong></span> <span class='ocrx_word' id='word_1_228' title='bbox 1697 1883 1850 1936; x_wconf 89' lang='lat' dir='ltr'><strong>fatali</strong></span> <span class='ocrx_word' id='word_1_229' title='bbox 1884 1915 1927 1978; x_wconf 78' lang='grc' dir='ltr'><strong>Β</strong></span> <span class='ocrx_word' id='word_1_230' title='bbox 1959 1883 2102 1934; x_wconf 87' lang='lat' dir='ltr'><strong>Nam</strong></span> <span class='ocrx_word' id='word_1_231' title='bbox 2132 1878 2231 1949; x_wconf 88' lang='lat' dir='ltr'><strong>qui</strong></span> <span class='ocrx_word' id='word_1_232' title='bbox 2265 1878 2604 1933; x_wconf 89' lang='lat' dir='ltr'><strong>vulneratus</strong></span> <span class='ocrx_word' id='word_1_233' title='bbox 2631 1879 2688 1932; x_wconf 92' lang='lat' dir='ltr'><strong>in</strong></span> <span class='ocrx_word' id='word_1_234' title='bbox 2725 1879 2868 1948; x_wconf 92' lang='lat' dir='ltr'><strong>pede</strong></span> <span class='ocrx_word' id='word_1_235' title='bbox 2901 1879 3083 1932; x_wconf 89' lang='lat' dir='ltr'><strong>currit</strong></span> <span class='ocrx_word' id='word_1_236' title='bbox 3115 1886 3330 1944; x_wconf 86' lang='lat' dir='ltr'><strong>tamen,</strong></span> <span class='ocrx_word' id='word_1_237' title='bbox 3360 1892 3594 1931; x_wconf 91' lang='lat' dir='ltr'><strong>summo</strong></span> 
     </span>
    </p>
   </div>
   <div class='ocr_carea' id='block_1_34' title="bbox 207 1967 1851 2041">
    <p class='ocr_par' dir='ltr' id='par_1_34' title="bbox 207 1967 1851 2041">
     <span class='ocr_line' id='line_1_34' title="bbox 207 1967 1851 2041; baseline 0.003 -22"><span class='ocrx_word' id='word_1_238' title='bbox 207 1971 421 2020; x_wconf 90' lang='lat' dir='ltr'><strong>cuncta</strong></span> <span class='ocrx_word' id='word_1_239' title='bbox 439 1967 784 2022; x_wconf 89' lang='lat' dir='ltr'><strong>necessitate</strong></span> <span class='ocrx_word' id='word_1_240' title='bbox 802 1968 1579 2039; x_wconf 85' lang='lat' dir='ltr'><strong>contingere.lnevitabiliter</strong></span> <span class='ocrx_word' id='word_1_241' title='bbox 1602 1971 1669 2026; x_wconf 89' lang='lat' dir='ltr'><strong>ad</strong></span> <span class='ocrx_word' id='word_1_242' title='bbox 1688 1973 1851 2041; x_wconf 91' lang='lat' dir='ltr'><strong>quid-</strong></span> 
     </span>
    </p>
   </div>
   <div class='ocr_carea' id='block_1_35' title="bbox 208 2054 1852 2128">
    <p class='ocr_par' dir='ltr' id='par_1_35' title="bbox 208 2054 1852 2128">
     <span class='ocr_line' id='line_1_35' title="bbox 208 2054 1852 2128; baseline 0.004 -22"><span class='ocrx_word' id='word_1_243' title='bbox 208 2055 298 2107; x_wconf 90' lang='lat' dir='ltr'><strong>vis</strong></span> <span class='ocrx_word' id='word_1_244' title='bbox 329 2054 555 2122; x_wconf 89' lang='lat' dir='ltr'><strong>horum,</strong></span> <span class='ocrx_word' id='word_1_245' title='bbox 589 2072 714 2125; x_wconf 67' lang='lat' dir='ltr'><strong>quas</strong></span> <span class='ocrx_word' id='word_1_246' title='bbox 748 2056 868 2110; x_wconf 84' lang='lat' dir='ltr'><strong>ﬁeri</strong></span> <span class='ocrx_word' id='word_1_247' title='bbox 905 2056 1294 2126; x_wconf 83' lang='lat' dir='ltr'><strong>videmus,qui</strong></span> <span class='ocrx_word' id='word_1_248' title='bbox 1331 2062 1507 2127; x_wconf 83' lang='lat' dir='ltr'><strong>agunt</strong></span> <span class='ocrx_word' id='word_1_249' title='bbox 1543 2057 1852 2128; x_wconf 85' lang='lat' dir='ltr'><strong>rapiuntur</strong></span> 
     </span>
    </p>
   </div>
   <div class='ocr_carea' id='block_1_36' title="bbox 213 2141 1846 2200">
    <p class='ocr_par' dir='ltr' id='par_1_36' title="bbox 213 2141 1846 2200">
     <span class='ocr_line' id='line_1_36' title="bbox 213 2141 1846 2200; baseline 0.002 -4"><span class='ocrx_word' id='word_1_250' title='bbox 213 2141 472 2196; x_wconf 84' lang='lat' dir='ltr'><strong>efficacia</strong></span> <span class='ocrx_word' id='word_1_251' title='bbox 502 2143 860 2196; x_wconf 83' lang='lat' dir='ltr'><strong>decretorum</strong></span> <span class='ocrx_word' id='word_1_252' title='bbox 895 2149 1264 2199; x_wconf 69' lang='lat' dir='ltr'><strong>aeternorum.</strong></span> <span class='ocrx_word' id='word_1_253' title='bbox 1290 2144 1470 2198; x_wconf 85' lang='lat' dir='ltr'><strong>Nexui</strong></span> <span class='ocrx_word' id='word_1_254' title='bbox 1504 2146 1846 2200; x_wconf 84' lang='lat' dir='ltr'><strong>robustissi-</strong></span> 
     </span>
    </p>
   </div>
   <div class='ocr_carea' id='block_1_37' title="bbox 212 2230 1847 2302">
    <p class='ocr_par' dir='ltr' id='par_1_37' title="bbox 212 2230 1847 2302">
     <span class='ocr_line' id='line_1_37' title="bbox 212 2230 1847 2302; baseline 0.002 -20"><span class='ocrx_word' id='word_1_255' title='bbox 212 2246 310 2283; x_wconf 93' lang='lat' dir='ltr'><strong>mo</strong></span> <span class='ocrx_word' id='word_1_256' title='bbox 343 2230 691 2283; x_wconf 71' lang='lat' dir='ltr'><strong>admantinre</strong></span> <span class='ocrx_word' id='word_1_257' title='bbox 723 2235 937 2284; x_wconf 64' lang='lat' dir='ltr'><strong>catenae</strong></span> <span class='ocrx_word' id='word_1_258' title='bbox 987 2232 1119 2302; x_wconf 90' lang='lat' dir='ltr'><strong>quis</strong></span> <span class='ocrx_word' id='word_1_259' title='bbox 1173 2237 1392 2286; x_wconf 89' lang='lat' dir='ltr'><strong>tractus</strong></span> <span class='ocrx_word' id='word_1_260' title='bbox 1441 2234 1706 2288; x_wconf 87' lang='lat' dir='ltr'><strong>mortalis</strong></span> <span class='ocrx_word' id='word_1_261' title='bbox 1747 2234 1847 2288; x_wconf 91' lang='lat' dir='ltr'><strong>ob-</strong></span> 
     </span>
    </p>
   </div>
   <div class='ocr_carea' id='block_1_38' title="bbox 211 2316 1844 2389">
    <p class='ocr_par' dir='ltr' id='par_1_38' title="bbox 211 2316 1844 2389">
     <span class='ocr_line' id='line_1_38' title="bbox 211 2316 1844 2389; baseline 0.002 -20"><span class='ocrx_word' id='word_1_262' title='bbox 211 2316 506 2371; x_wconf 83' lang='lat' dir='ltr'><strong>luctetur?</strong></span> <span class='ocrx_word' id='word_1_263' title='bbox 558 2317 792 2370; x_wconf 90' lang='lat' dir='ltr'><strong>Nullum</strong></span> <span class='ocrx_word' id='word_1_264' title='bbox 848 2318 1044 2389; x_wconf 89' lang='lat' dir='ltr'><strong>igitur,</strong></span> <span class='ocrx_word' id='word_1_265' title='bbox 1091 2325 1193 2372; x_wconf 90' lang='lat' dir='ltr'><strong>aut</strong></span> <span class='ocrx_word' id='word_1_266' title='bbox 1242 2324 1433 2388; x_wconf 89' lang='lat' dir='ltr'><strong>tuum,</strong></span> <span class='ocrx_word' id='word_1_267' title='bbox 1467 2326 1567 2374; x_wconf 88' lang='lat' dir='ltr'><strong>aut</strong></span> <span class='ocrx_word' id='word_1_268' title='bbox 1599 2322 1708 2374; x_wconf 91' lang='lat' dir='ltr'><strong>mei</strong></span> <span class='ocrx_word' id='word_1_269' title='bbox 1745 2321 1844 2374; x_wconf 84' lang='lat' dir='ltr'><strong>filii</strong></span> 
     </span>
    </p>
   </div>
   <div class='ocr_carea' id='block_1_39' title="bbox 208 2405 1844 2462">
    <p class='ocr_par' dir='ltr' id='par_1_39' title="bbox 208 2405 1844 2462">
     <span class='ocr_line' id='line_1_39' title="bbox 208 2405 1844 2462; baseline 0.002 -4"><span class='ocrx_word' id='word_1_270' title='bbox 208 2405 430 2459; x_wconf 88' lang='lat' dir='ltr'><strong>crimen</strong></span> <span class='ocrx_word' id='word_1_271' title='bbox 463 2411 566 2459; x_wconf 84' lang='lat' dir='ltr'><strong>est.</strong></span> <span class='ocrx_word' id='word_1_272' title='bbox 601 2405 849 2459; x_wconf 90' lang='lat' dir='ltr'><strong>Ministri</strong></span> <span class='ocrx_word' id='word_1_273' title='bbox 899 2407 1092 2461; x_wconf 86' lang='lat' dir='ltr'><strong>fuistis</strong></span> <span class='ocrx_word' id='word_1_274' title='bbox 1140 2407 1311 2461; x_wconf 88' lang='lat' dir='ltr'><strong>ambo</strong></span> <span class='ocrx_word' id='word_1_275' title='bbox 1363 2426 1476 2461; x_wconf 88' lang='lat' dir='ltr'><strong>non</strong></span> <span class='ocrx_word' id='word_1_276' title='bbox 1529 2408 1844 2462; x_wconf 87' lang='lat' dir='ltr'><strong>voluntarii</strong></span> 
     </span>
    </p>
   </div>
   <div class='ocr_carea' id='block_1_40' title="bbox 209 2493 1842 2565">
    <p class='ocr_par' dir='ltr' id='par_1_40' title="bbox 209 2493 1842 2565">
     <span class='ocr_line' id='line_1_40' title="bbox 209 2493 1842 2565; baseline 0.001 -18"><span class='ocrx_word' id='word_1_277' title='bbox 209 2494 652 2563; x_wconf 82' lang='lat' dir='ltr'><strong>fatorum,quod</strong></span> <span class='ocrx_word' id='word_1_278' title='bbox 683 2493 864 2547; x_wconf 91' lang='lat' dir='ltr'><strong>multo</strong></span> <span class='ocrx_word' id='word_1_279' title='bbox 889 2498 1021 2548; x_wconf 90' lang='lat' dir='ltr'><strong>ante</strong></span> <span class='ocrx_word' id='word_1_280' title='bbox 1045 2501 1357 2549; x_wconf 82' lang='lat' dir='ltr'><strong>sanxerant</strong></span> <span class='ocrx_word' id='word_1_281' title='bbox 1377 2497 1842 2565; x_wconf 69' lang='lat' dir='ltr'><strong>exsequontium.</strong></span> 
     </span>
    </p>
   </div>
   <div class='ocr_carea' id='block_1_41' title="bbox 208 2581 1844 2650">
    <p class='ocr_par' dir='ltr' id='par_1_41' title="bbox 208 2581 1844 2650">
     <span class='ocr_line' id='line_1_41' title="bbox 208 2581 1844 2650; baseline 0.002 -16"><span class='ocrx_word' id='word_1_282' title='bbox 208 2581 519 2634; x_wconf 88' lang='lat' dir='ltr'><strong>Parcarum</strong></span> <span class='ocrx_word' id='word_1_283' title='bbox 555 2597 762 2650; x_wconf 88' lang='lat' dir='ltr'><strong>nempe</strong></span> <span class='ocrx_word' id='word_1_284' title='bbox 793 2582 849 2634; x_wconf 91' lang='lat' dir='ltr'><strong>in</strong></span> <span class='ocrx_word' id='word_1_285' title='bbox 885 2581 1172 2636; x_wconf 89' lang='lat' dir='ltr'><strong>tabulario</strong></span> <span class='ocrx_word' id='word_1_286' title='bbox 1223 2599 1330 2637; x_wconf 76' lang='lat' dir='ltr'><strong>iere</strong></span> <span class='ocrx_word' id='word_1_287' title='bbox 1377 2582 1572 2637; x_wconf 72' lang='lat' dir='ltr'><strong>incisa:</strong></span> <span class='ocrx_word' id='word_1_288' title='bbox 1624 2585 1844 2637; x_wconf 89' lang='lat' dir='ltr'><strong>dudum</strong></span> 
     </span>
    </p>
   </div>
   <div class='ocr_carea' id='block_1_42' title="bbox 208 2669 1842 2739">
    <p class='ocr_par' dir='ltr' id='par_1_42' title="bbox 208 2669 1842 2739">
     <span class='ocr_line' id='line_1_42' title="bbox 208 2669 1842 2739; baseline 0.001 -15"><span class='ocrx_word' id='word_1_289' title='bbox 208 2675 424 2725; x_wconf 75' lang='lat' dir='ltr'><strong>aeterno</strong></span> <span class='ocrx_word' id='word_1_290' title='bbox 477 2674 587 2722; x_wconf 74' lang='lat' dir='ltr'><strong>tuis</strong></span> <span class='ocrx_word' id='word_1_291' title='bbox 641 2669 817 2739; x_wconf 90' lang='lat' dir='ltr'><strong>prolis</strong></span> <span class='ocrx_word' id='word_1_292' title='bbox 868 2672 1372 2736; x_wconf 73' lang='lat' dir='ltr'><strong>mors,excmcatio</strong></span> <span class='ocrx_word' id='word_1_293' title='bbox 1406 2689 1545 2726; x_wconf 70' lang='lat' dir='ltr'><strong>mete</strong></span> <span class='ocrx_word' id='word_1_294' title='bbox 1577 2673 1842 2738; x_wconf 88' lang='lat' dir='ltr'><strong>stabant;</strong></span> 
     </span>
    </p>
   </div>
   <div class='ocr_carea' id='block_1_43' title="bbox 207 2757 1844 2828">
    <p class='ocr_par' dir='ltr' id='par_1_43' title="bbox 207 2757 1844 2828">
     <span class='ocr_line' id='line_1_43' title="bbox 207 2757 1844 2828; baseline 0.002 -18"><span class='ocrx_word' id='word_1_295' title='bbox 207 2758 584 2828; x_wconf 81' lang='lat' dir='ltr'><strong>ignoscamus</strong></span> <span class='ocrx_word' id='word_1_296' title='bbox 616 2757 783 2810; x_wconf 90' lang='lat' dir='ltr'><strong>nobis</strong></span> <span class='ocrx_word' id='word_1_297' title='bbox 830 2763 1032 2811; x_wconf 91' lang='lat' dir='ltr'><strong>mutuo</strong></span> <span class='ocrx_word' id='word_1_298' title='bbox 1082 2758 1335 2813; x_wconf 84' lang='lat' dir='ltr'><strong>alienum</strong></span> <span class='ocrx_word' id='word_1_299' title='bbox 1386 2760 1625 2815; x_wconf 90' lang='lat' dir='ltr'><strong>crimen.</strong></span> <span class='ocrx_word' id='word_1_300' title='bbox 1680 2762 1844 2824; x_wconf 76' lang='lat' dir='ltr'><strong>Veni,</strong></span> 
     </span>
    </p>
   </div>
   <div class='ocr_carea' id='block_1_44' title="bbox 212 2847 1846 2919">
    <p class='ocr_par' dir='ltr' id='par_1_44' title="bbox 212 2847 1846 2919">
     <span class='ocr_line' id='line_1_44' title="bbox 212 2847 1846 2919; baseline 0.002 -19"><span class='ocrx_word' id='word_1_301' title='bbox 212 2863 319 2900; x_wconf 89' lang='lat' dir='ltr'><strong>nec</strong></span> <span class='ocrx_word' id='word_1_302' title='bbox 351 2847 514 2910; x_wconf 91' lang='lat' dir='ltr'><strong>time,</strong></span> <span class='ocrx_word' id='word_1_303' title='bbox 549 2847 715 2900; x_wconf 87' lang='lat' dir='ltr'><strong>amici</strong></span> <span class='ocrx_word' id='word_1_304' title='bbox 769 2853 831 2900; x_wconf 91' lang='lat' dir='ltr'><strong>ut</strong></span> <span class='ocrx_word' id='word_1_305' title='bbox 886 2848 1048 2919; x_wconf 90' lang='lat' dir='ltr'><strong>prius</strong></span> <span class='ocrx_word' id='word_1_306' title='bbox 1097 2848 1335 2902; x_wconf 90' lang='lat' dir='ltr'><strong>erimus.</strong></span> <span class='ocrx_word' id='word_1_307' title='bbox 1387 2851 1674 2904; x_wconf 83' lang='lat' dir='ltr'><strong>Adversus</strong></span> <span class='ocrx_word' id='word_1_308' title='bbox 1727 2851 1846 2904; x_wconf 67' lang='lat' dir='ltr'><strong>haec</strong></span> 
     </span>
    </p>
   </div>
   <div class='ocr_carea' id='block_1_45' title="bbox 207 2933 1842 3007">
    <p class='ocr_par' dir='ltr' id='par_1_45' title="bbox 207 2933 1842 3007">
     <span class='ocr_line' id='line_1_45' title="bbox 207 2933 1842 3007; baseline 0.004 -20"><span class='ocrx_word' id='word_1_309' title='bbox 207 2935 493 3007; x_wconf 86' lang='lat' dir='ltr'><strong>psittacus</strong></span> <span class='ocrx_word' id='word_1_310' title='bbox 529 2951 540 2988; x_wconf 90' lang='lat'><strong>:</strong></span> <span class='ocrx_word' id='word_1_311' title='bbox 577 2933 942 3001; x_wconf 85' lang='lat' dir='ltr'><strong>Horribilem,</strong></span> <span class='ocrx_word' id='word_1_312' title='bbox 977 2935 1188 3006; x_wconf 90' lang='lat' dir='ltr'><strong>inquit,</strong></span> <span class='ocrx_word' id='word_1_313' title='bbox 1231 2937 1494 3001; x_wconf 86' lang='lat' dir='ltr'><strong>disseris,</strong></span> <span class='ocrx_word' id='word_1_314' title='bbox 1549 2954 1651 2992; x_wconf 89' lang='lat' dir='ltr'><strong>nec</strong></span> <span class='ocrx_word' id='word_1_315' title='bbox 1703 2939 1842 2993; x_wconf 87' lang='lat' dir='ltr'><strong>mihi</strong></span> 
     </span>
    </p>
   </div>
   <div class='ocr_carea' id='block_1_46' title="bbox 210 3023 1842 3095">
    <p class='ocr_par' dir='ltr' id='par_1_46' title="bbox 210 3023 1842 3095">
     <span class='ocr_line' id='line_1_46' title="bbox 210 3023 1842 3095; baseline 0.002 -19"><span class='ocrx_word' id='word_1_316' title='bbox 210 3024 545 3077; x_wconf 82' lang='lat' dir='ltr'><strong>credibilem</strong></span> <span class='ocrx_word' id='word_1_317' title='bbox 623 3023 1087 3092; x_wconf 81' lang='lat' dir='ltr'><strong>philosophiam;</strong></span> <span class='ocrx_word' id='word_1_318' title='bbox 1155 3043 1259 3095; x_wconf 81' lang='lat' dir='ltr'><strong>ego</strong></span> <span class='ocrx_word' id='word_1_319' title='bbox 1327 3025 1624 3095; x_wconf 52' lang='lat' dir='ltr'><strong>megistris</strong></span> <span class='ocrx_word' id='word_1_320' title='bbox 1689 3027 1842 3080; x_wconf 73' lang='lat' dir='ltr'><strong>haud</strong></span> 
     </span>
    </p>
   </div>
   <div class='ocr_carea' id='block_1_47' title="bbox 211 3112 1842 3182">
    <p class='ocr_par' dir='ltr' id='par_1_47' title="bbox 211 3112 1842 3182">
     <span class='ocr_line' id='line_1_47' title="bbox 211 3112 1842 3182; baseline 0 -16"><span class='ocrx_word' id='word_1_321' title='bbox 211 3112 384 3181; x_wconf 87' lang='lat' dir='ltr'><strong>paulo</strong></span> <span class='ocrx_word' id='word_1_322' title='bbox 422 3112 754 3164; x_wconf 72' lang='lat' dir='ltr'><strong>melioribus</strong></span> <span class='ocrx_word' id='word_1_323' title='bbox 804 3114 1089 3165; x_wconf 88' lang='lat' dir='ltr'><strong>assentior</strong></span> <span class='ocrx_word' id='word_1_324' title='bbox 1139 3131 1150 3166; x_wconf 95' lang='lat'>:</span> <span class='ocrx_word' id='word_1_325' title='bbox 1205 3114 1322 3166; x_wconf 85' lang='lat' dir='ltr'><strong>fato</strong></span> <span class='ocrx_word' id='word_1_326' title='bbox 1371 3116 1640 3182; x_wconf 83' lang='lat' dir='ltr'><strong>superius</strong></span> <span class='ocrx_word' id='word_1_327' title='bbox 1690 3117 1842 3168; x_wconf 90' lang='lat' dir='ltr'><strong>arbi-</strong></span> 
     </span>
    </p>
   </div>
   <div class='ocr_carea' id='block_1_48' title="bbox 206 3202 1842 3272">
    <p class='ocr_par' dir='ltr' id='par_1_48' title="bbox 206 3202 1842 3272">
     <span class='ocr_line' id='line_1_48' title="bbox 206 3202 1842 3272; baseline 0.004 -21"><span class='ocrx_word' id='word_1_328' title='bbox 206 3202 383 3253; x_wconf 83' lang='lat' dir='ltr'><strong>trium</strong></span> <span class='ocrx_word' id='word_1_329' title='bbox 411 3207 668 3253; x_wconf 68' lang='lat' dir='ltr'><strong>n-&quot;-striim</strong></span> <span class='ocrx_word' id='word_1_330' title='bbox 697 3218 822 3250; x_wconf 69' lang='lat' dir='ltr'><strong>esse</strong></span> <span class='ocrx_word' id='word_1_331' title='bbox 846 3203 1086 3270; x_wconf 78' lang='lat' dir='ltr'><strong>vitaeque</strong></span> <span class='ocrx_word' id='word_1_332' title='bbox 1111 3206 1321 3254; x_wconf 69' lang='lat' dir='ltr'><strong>sorlem</strong></span> <span class='ocrx_word' id='word_1_333' title='bbox 1349 3203 1403 3254; x_wconf 92' lang='lat' dir='ltr'><strong>in</strong></span> <span class='ocrx_word' id='word_1_334' title='bbox 1431 3220 1535 3256; x_wconf 84' lang='lat' dir='ltr'><strong>sua</strong></span> <span class='ocrx_word' id='word_1_335' title='bbox 1559 3205 1842 3272; x_wconf 75' lang='lat' dir='ltr'><strong>cujusque</strong></span> 
     </span>
    </p>
   </div>
   <div class='ocr_carea' id='block_1_49' title="bbox 1958 1966 3592 2037">
    <p class='ocr_par' dir='ltr' id='par_1_49' title="bbox 1958 1966 3592 2037">
     <span class='ocr_line' id='line_1_49' title="bbox 1958 1966 3592 2037; baseline -0.001 -17"><span class='ocrx_word' id='word_1_336' title='bbox 1958 1966 2154 2021; x_wconf 91' lang='lat' dir='ltr'><strong>dolore</strong></span> <span class='ocrx_word' id='word_1_337' title='bbox 2185 1967 2499 2032; x_wconf 89' lang='lat' dir='ltr'><strong>cruciatur,</strong></span> <span class='ocrx_word' id='word_1_338' title='bbox 2533 1972 2588 2020; x_wconf 89' lang='lat' dir='ltr'><strong>et</strong></span> <span class='ocrx_word' id='word_1_339' title='bbox 2617 1968 2713 2036; x_wconf 91' lang='lat' dir='ltr'><strong>qui</strong></span> <span class='ocrx_word' id='word_1_340' title='bbox 2757 1967 2952 2037; x_wconf 89' lang='lat' dir='ltr'><strong>lippus</strong></span> <span class='ocrx_word' id='word_1_341' title='bbox 3004 1966 3311 2036; x_wconf 88' lang='lat' dir='ltr'><strong>palpebras</strong></span> <span class='ocrx_word' id='word_1_342' title='bbox 3361 1969 3592 2034; x_wconf 87' lang='lat' dir='ltr'><strong>apertas</strong></span> 
     </span>
    </p>
   </div>
   <div class='ocr_carea' id='block_1_50' title="bbox 1954 2053 3589 2123">
    <p class='ocr_par' dir='ltr' id='par_1_50' title="bbox 1954 2053 3589 2123">
     <span class='ocr_line' id='line_1_50' title="bbox 1954 2053 3589 2123; baseline -0.001 -17"><span class='ocrx_word' id='word_1_343' title='bbox 1954 2053 2166 2123; x_wconf 89' lang='lat' dir='ltr'><strong>objecit</strong></span> <span class='ocrx_word' id='word_1_344' title='bbox 2194 2058 2383 2122; x_wconf 89' lang='lat' dir='ltr'><strong>vento,</strong></span> <span class='ocrx_word' id='word_1_345' title='bbox 2417 2055 2526 2108; x_wconf 90' lang='lat' dir='ltr'><strong>etsi</strong></span> <span class='ocrx_word' id='word_1_346' title='bbox 2559 2054 2796 2108; x_wconf 91' lang='lat' dir='ltr'><strong>minime</strong></span> <span class='ocrx_word' id='word_1_347' title='bbox 2827 2053 2965 2108; x_wconf 88' lang='lat' dir='ltr'><strong>velit</strong></span> <span class='ocrx_word' id='word_1_348' title='bbox 2995 2057 3051 2108; x_wconf 89' lang='lat' dir='ltr'><strong>et</strong></span> <span class='ocrx_word' id='word_1_349' title='bbox 3094 2057 3295 2108; x_wconf 89' lang='lat' dir='ltr'><strong>contra</strong></span> <span class='ocrx_word' id='word_1_350' title='bbox 3343 2056 3589 2123; x_wconf 88' lang='lat' dir='ltr'><strong>satagat,</strong></span> 
     </span>
    </p>
   </div>
   <div class='ocr_carea' id='block_1_51' title="bbox 1953 2139 3584 2213">
    <p class='ocr_par' dir='ltr' id='par_1_51' title="bbox 1953 2139 3584 2213">
     <span class='ocr_line' id='line_1_51' title="bbox 1953 2139 3584 2213; baseline -0.001 -18"><span class='ocrx_word' id='word_1_351' title='bbox 1953 2139 2204 2211; x_wconf 85' lang='lat' dir='ltr'><strong>Oppletis</strong></span> <span class='ocrx_word' id='word_1_352' title='bbox 2236 2140 2472 2212; x_wconf 89' lang='lat' dir='ltr'><strong>pulvere</strong></span> <span class='ocrx_word' id='word_1_353' title='bbox 2503 2141 2689 2197; x_wconf 92' lang='lat' dir='ltr'><strong>oculis</strong></span> <span class='ocrx_word' id='word_1_354' title='bbox 2721 2141 2887 2213; x_wconf 92' lang='lat' dir='ltr'><strong>plane</strong></span> <span class='ocrx_word' id='word_1_355' title='bbox 2918 2141 3199 2195; x_wconf 80' lang='lat' dir='ltr'><strong>caecutiet.</strong></span> <span class='ocrx_word' id='word_1_356' title='bbox 3223 2143 3314 2194; x_wconf 91' lang='lat' dir='ltr'><strong>Sic</strong></span> <span class='ocrx_word' id='word_1_357' title='bbox 3347 2157 3584 2194; x_wconf 90' lang='lat' dir='ltr'><strong>sensum</strong></span> 
     </span>
    </p>
   </div>
   <div class='ocr_carea' id='block_1_52' title="bbox 1953 2229 3591 2300">
    <p class='ocr_par' dir='ltr' id='par_1_52' title="bbox 1953 2229 3591 2300">
     <span class='ocr_line' id='line_1_52' title="bbox 1953 2229 3591 2300; baseline -0.001 -18"><span class='ocrx_word' id='word_1_358' title='bbox 1953 2245 2158 2297; x_wconf 88' lang='lat' dir='ltr'><strong>gerens</strong></span> <span class='ocrx_word' id='word_1_359' title='bbox 2184 2230 2342 2283; x_wconf 89' lang='lat' dir='ltr'><strong>intus</strong></span> <span class='ocrx_word' id='word_1_360' title='bbox 2364 2230 2554 2283; x_wconf 91' lang='lat' dir='ltr'><strong>vivum</strong></span> <span class='ocrx_word' id='word_1_361' title='bbox 2579 2230 3139 2300; x_wconf 87' lang='lat' dir='ltr'><strong>gravisincominodi</strong></span> <span class='ocrx_word' id='word_1_362' title='bbox 3163 2229 3591 2300; x_wconf 89' lang='lat' dir='ltr'><strong>accepti,quan-</strong></span> 
     </span>
    </p>
   </div>
   <div class='ocr_carea' id='block_1_53' title="bbox 1954 2317 3587 2387">
    <p class='ocr_par' dir='ltr' id='par_1_53' title="bbox 1954 2317 3587 2387">
     <span class='ocr_line' id='line_1_53' title="bbox 1954 2317 3587 2387; baseline -0.001 -17"><span class='ocrx_word' id='word_1_363' title='bbox 1954 2317 2172 2370; x_wconf 89' lang='lat' dir='ltr'><strong>tumvis</strong></span> <span class='ocrx_word' id='word_1_364' title='bbox 2203 2317 2494 2387; x_wconf 87' lang='lat' dir='ltr'><strong>imperare</strong></span> <span class='ocrx_word' id='word_1_365' title='bbox 2542 2317 2738 2372; x_wconf 91' lang='lat' dir='ltr'><strong>animo</strong></span> <span class='ocrx_word' id='word_1_366' title='bbox 2787 2323 3048 2386; x_wconf 87' lang='lat' dir='ltr'><strong>conetur,</strong></span> <span class='ocrx_word' id='word_1_367' title='bbox 3100 2318 3238 2371; x_wconf 92' lang='lat' dir='ltr'><strong>dum</strong></span> <span class='ocrx_word' id='word_1_368' title='bbox 3293 2321 3587 2371; x_wconf 89' lang='lat' dir='ltr'><strong>auctorem</strong></span> 
     </span>
    </p>
   </div>
   <div class='ocr_carea' id='block_1_54' title="bbox 1953 2403 3591 2472">
    <p class='ocr_par' dir='ltr' id='par_1_54' title="bbox 1953 2403 3591 2472">
     <span class='ocr_line' id='line_1_54' title="bbox 1953 2403 3591 2472; baseline 0 -14"><span class='ocrx_word' id='word_1_369' title='bbox 1953 2405 2041 2458; x_wconf 90' lang='lat' dir='ltr'><strong>sui</strong></span> <span class='ocrx_word' id='word_1_370' title='bbox 2094 2403 2288 2460; x_wconf 90' lang='lat' dir='ltr'><strong>luctus</strong></span> <span class='ocrx_word' id='word_1_371' title='bbox 2336 2422 2526 2459; x_wconf 89' lang='lat' dir='ltr'><strong>coram</strong></span> <span class='ocrx_word' id='word_1_372' title='bbox 2559 2406 2933 2472; x_wconf 90' lang='lat' dir='ltr'><strong>videt,oleum</strong></span> <span class='ocrx_word' id='word_1_373' title='bbox 2965 2405 3024 2459; x_wconf 91' lang='lat' dir='ltr'><strong>in</strong></span> <span class='ocrx_word' id='word_1_374' title='bbox 3057 2406 3355 2459; x_wconf 85' lang='lat' dir='ltr'><strong>ﬂammam</strong></span> <span class='ocrx_word' id='word_1_375' title='bbox 3391 2404 3591 2469; x_wconf 82' lang='lat' dir='ltr'><strong>mittit,</strong></span> 
     </span>
    </p>
   </div>
   <div class='ocr_carea' id='block_1_55' title="bbox 1953 2492 3588 2564">
    <p class='ocr_par' dir='ltr' id='par_1_55' title="bbox 1953 2492 3588 2564">
     <span class='ocr_line' id='line_1_55' title="bbox 1953 2492 3588 2564; baseline 0.001 -20"><span class='ocrx_word' id='word_1_376' title='bbox 1953 2492 2240 2562; x_wconf 77' lang='lat' dir='ltr'><strong>cujusque</strong></span> <span class='ocrx_word' id='word_1_377' title='bbox 2270 2493 2480 2547; x_wconf 81' lang='lat' dir='ltr'><strong>excitat</strong></span> <span class='ocrx_word' id='word_1_378' title='bbox 2510 2493 2844 2548; x_wconf 89' lang='lat' dir='ltr'><strong>incendium</strong></span> <span class='ocrx_word' id='word_1_379' title='bbox 2878 2510 3051 2564; x_wconf 91' lang='lat' dir='ltr'><strong>quam</strong></span> <span class='ocrx_word' id='word_1_380' title='bbox 3083 2493 3173 2547; x_wconf 90' lang='lat' dir='ltr'><strong>cui</strong></span> <span class='ocrx_word' id='word_1_381' title='bbox 3222 2510 3326 2564; x_wconf 90' lang='lat' dir='ltr'><strong>par</strong></span> <span class='ocrx_word' id='word_1_382' title='bbox 3372 2493 3588 2546; x_wconf 86' lang='lat' dir='ltr'><strong>exstin-</strong></span> 
     </span>
    </p>
   </div>
   <div class='ocr_carea' id='block_1_56' title="bbox 1951 2579 3587 2652">
    <p class='ocr_par' dir='ltr' id='par_1_56' title="bbox 1951 2579 3587 2652">
     <span class='ocr_line' id='line_1_56' title="bbox 1951 2579 3587 2652; baseline 0.001 -19"><span class='ocrx_word' id='word_1_383' title='bbox 1951 2581 2181 2649; x_wconf 85' lang='lat' dir='ltr'><strong>gueudo</strong></span> <span class='ocrx_word' id='word_1_384' title='bbox 2208 2581 2300 2634; x_wconf 92' lang='lat' dir='ltr'><strong>sit.</strong></span> <span class='ocrx_word' id='word_1_385' title='bbox 2338 2584 2523 2646; x_wconf 81' lang='lat' dir='ltr'><strong>Quare</strong></span> <span class='ocrx_word' id='word_1_386' title='bbox 2555 2581 2774 2636; x_wconf 88' lang='lat' dir='ltr'><strong>talibus</strong></span> <span class='ocrx_word' id='word_1_387' title='bbox 2809 2599 2922 2636; x_wconf 91' lang='lat' dir='ltr'><strong>una</strong></span> <span class='ocrx_word' id='word_1_388' title='bbox 2953 2582 3207 2636; x_wconf 90' lang='lat' dir='ltr'><strong>conditio</strong></span> <span class='ocrx_word' id='word_1_389' title='bbox 3241 2582 3332 2652; x_wconf 91' lang='lat' dir='ltr'><strong>pie</strong></span> <span class='ocrx_word' id='word_1_390' title='bbox 3364 2598 3429 2634; x_wconf 90' lang='lat' dir='ltr'><strong>ac</strong></span> <span class='ocrx_word' id='word_1_391' title='bbox 3461 2579 3587 2634; x_wconf 83' lang='lat' dir='ltr'><strong>feli-</strong></span> 
     </span>
    </p>
   </div>
   <div class='ocr_carea' id='block_1_57' title="bbox 1951 2667 3587 2740">
    <p class='ocr_par' dir='ltr' id='par_1_57' title="bbox 1951 2667 3587 2740">
     <span class='ocr_line' id='line_1_57' title="bbox 1951 2667 3587 2740; baseline 0.001 -19"><span class='ocrx_word' id='word_1_392' title='bbox 1951 2669 2092 2721; x_wconf 91' lang='lat' dir='ltr'><strong>citer</strong></span> <span class='ocrx_word' id='word_1_393' title='bbox 2124 2667 2350 2723; x_wconf 90' lang='lat' dir='ltr'><strong>vivendi</strong></span> <span class='ocrx_word' id='word_1_394' title='bbox 2384 2675 2581 2735; x_wconf 89' lang='lat' dir='ltr'><strong>restat,</strong></span> <span class='ocrx_word' id='word_1_395' title='bbox 2619 2687 2883 2724; x_wconf 86' lang='lat' dir='ltr'><strong>amovere</strong></span> <span class='ocrx_word' id='word_1_396' title='bbox 2931 2688 2964 2724; x_wconf 90' lang='lat' dir='ltr'><strong>a</strong></span> <span class='ocrx_word' id='word_1_397' title='bbox 3012 2675 3322 2740; x_wconf 89' lang='lat' dir='ltr'><strong>conspectu</strong></span> <span class='ocrx_word' id='word_1_398' title='bbox 3375 2686 3587 2723; x_wconf 89' lang='lat' dir='ltr'><strong>monu-</strong></span> 
     </span>
    </p>
   </div>
   <div class='ocr_carea' id='block_1_58' title="bbox 1952 2757 3588 2828">
    <p class='ocr_par' dir='ltr' id='par_1_58' title="bbox 1952 2757 3588 2828">
     <span class='ocr_line' id='line_1_58' title="bbox 1952 2757 3588 2828; baseline 0.001 -19"><span class='ocrx_word' id='word_1_399' title='bbox 1952 2762 2146 2810; x_wconf 86' lang='lat' dir='ltr'><strong>menta</strong></span> <span class='ocrx_word' id='word_1_400' title='bbox 2172 2757 2422 2811; x_wconf 90' lang='lat' dir='ltr'><strong>cladium</strong></span> <span class='ocrx_word' id='word_1_401' title='bbox 2448 2776 2686 2812; x_wconf 87' lang='lat' dir='ltr'><strong>suarum</strong></span> <span class='ocrx_word' id='word_1_402' title='bbox 2705 2759 3018 2813; x_wconf 89' lang='lat' dir='ltr'><strong>etsalutem</strong></span> <span class='ocrx_word' id='word_1_403' title='bbox 3036 2759 3090 2813; x_wconf 91' lang='lat' dir='ltr'><strong>in</strong></span> <span class='ocrx_word' id='word_1_404' title='bbox 3107 2758 3420 2812; x_wconf 84' lang='lat' dir='ltr'><strong>solitudine</strong></span> <span class='ocrx_word' id='word_1_405' title='bbox 3439 2775 3588 2828; x_wconf 70' lang='lat' dir='ltr'><strong>quai-</strong></span> 
     </span>
    </p>
   </div>
   <div class='ocr_carea' id='block_1_59' title="bbox 1951 2845 3592 2917">
    <p class='ocr_par' dir='ltr' id='par_1_59' title="bbox 1951 2845 3592 2917">
     <span class='ocr_line' id='line_1_59' title="bbox 1951 2845 3592 2917; baseline 0.001 -21"><span class='ocrx_word' id='word_1_406' title='bbox 1951 2859 2096 2898; x_wconf 92' lang='lat' dir='ltr'><strong>rere.</strong></span> <span class='ocrx_word' id='word_1_407' title='bbox 2133 2846 2216 2898; x_wconf 85' lang='lat' dir='ltr'><strong>Ad</strong></span> <span class='ocrx_word' id='word_1_408' title='bbox 2249 2846 2398 2899; x_wconf 89' lang='lat' dir='ltr'><strong>hanc</strong></span> <span class='ocrx_word' id='word_1_409' title='bbox 2430 2845 2894 2917; x_wconf 89' lang='lat' dir='ltr'><strong>amplectendam</strong></span> <span class='ocrx_word' id='word_1_410' title='bbox 2947 2852 3067 2901; x_wconf 88' lang='lat' dir='ltr'><strong>toto</strong></span> <span class='ocrx_word' id='word_1_411' title='bbox 3119 2847 3394 2917; x_wconf 90' lang='lat' dir='ltr'><strong>deinceps</strong></span> <span class='ocrx_word' id='word_1_412' title='bbox 3443 2847 3592 2900; x_wconf 84' lang='lat' dir='ltr'><strong>feror</strong></span> 
     </span>
    </p>
   </div>
   <div class='ocr_carea' id='block_1_60' title="bbox 1949 2931 3584 3003">
    <p class='ocr_par' dir='ltr' id='par_1_60' title="bbox 1949 2931 3584 3003">
     <span class='ocr_line' id='line_1_60' title="bbox 1949 2931 3584 3003; baseline 0.002 -19"><span class='ocrx_word' id='word_1_413' title='bbox 1949 2931 2170 3002; x_wconf 86' lang='lat' dir='ltr'><strong>impetu</strong></span> <span class='ocrx_word' id='word_1_414' title='bbox 2230 2933 2430 2997; x_wconf 91' lang='lat' dir='ltr'><strong>studii,</strong></span> <span class='ocrx_word' id='word_1_415' title='bbox 2484 2934 2941 3003; x_wconf 82' lang='lat' dir='ltr'><strong>suifragantibus</strong></span> <span class='ocrx_word' id='word_1_416' title='bbox 2998 2935 3053 2986; x_wconf 92' lang='lat' dir='ltr'><strong>in</strong></span> <span class='ocrx_word' id='word_1_417' title='bbox 3114 2934 3221 2988; x_wconf 90' lang='lat' dir='ltr'><strong>hoc</strong></span> <span class='ocrx_word' id='word_1_418' title='bbox 3274 2934 3584 2988; x_wconf 90' lang='lat' dir='ltr'><strong>consilium</strong></span> 
     </span>
    </p>
   </div>
   <div class='ocr_carea' id='block_1_61' title="bbox 1951 3020 3588 3092">
    <p class='ocr_par' dir='ltr' id='par_1_61' title="bbox 1951 3020 3588 3092">
     <span class='ocr_line' id='line_1_61' title="bbox 1951 3020 3588 3092; baseline 0.002 -20"><span class='ocrx_word' id='word_1_419' title='bbox 1951 3020 2186 3074; x_wconf 88' lang='lat' dir='ltr'><strong>monitis</strong></span> <span class='ocrx_word' id='word_1_420' title='bbox 2223 3021 2724 3092; x_wconf 88' lang='lat' dir='ltr'><strong>philosophorum,</strong></span> <span class='ocrx_word' id='word_1_421' title='bbox 2757 3039 2902 3091; x_wconf 89' lang='lat' dir='ltr'><strong>quos</strong></span> <span class='ocrx_word' id='word_1_422' title='bbox 2934 3021 3167 3076; x_wconf 90' lang='lat' dir='ltr'><strong>audisse</strong></span> <span class='ocrx_word' id='word_1_423' title='bbox 3200 3022 3432 3076; x_wconf 90' lang='lat' dir='ltr'><strong>memini</strong></span> <span class='ocrx_word' id='word_1_424' title='bbox 3485 3023 3588 3076; x_wconf 84' lang='lat' dir='ltr'><strong>do—</strong></span> 
     </span>
    </p>
   </div>
   <div class='ocr_carea' id='block_1_62' title="bbox 1950 3109 3589 3178">
    <p class='ocr_par' dir='ltr' id='par_1_62' title="bbox 1950 3109 3589 3178">
     <span class='ocr_line' id='line_1_62' title="bbox 1950 3109 3589 3178; baseline 0.003 -17"><span class='ocrx_word' id='word_1_425' title='bbox 1950 3114 2167 3172; x_wconf 86' lang='lat' dir='ltr'><strong>centes,</strong></span> <span class='ocrx_word' id='word_1_426' title='bbox 2201 3109 2463 3178; x_wconf 91' lang='lat' dir='ltr'><strong>quinque</strong></span> <span class='ocrx_word' id='word_1_427' title='bbox 2499 3110 2670 3163; x_wconf 87' lang='lat' dir='ltr'><strong>rebus</strong></span> <span class='ocrx_word' id='word_1_428' title='bbox 2726 3109 3009 3178; x_wconf 89' lang='lat' dir='ltr'><strong>perveniri</strong></span> <span class='ocrx_word' id='word_1_429' title='bbox 3059 3111 3130 3164; x_wconf 93' lang='lat' dir='ltr'><strong>ad</strong></span> <span class='ocrx_word' id='word_1_430' title='bbox 3185 3111 3400 3165; x_wconf 87' lang='lat' dir='ltr'><strong>famam</strong></span> <span class='ocrx_word' id='word_1_431' title='bbox 3452 3109 3589 3166; x_wconf 49' lang='lat' dir='ltr'><strong>illuv-</strong></span> 
     </span>
    </p>
   </div>
   <div class='ocr_carea' id='block_1_63' title="bbox 1952 3197 3590 3268">
    <p class='ocr_par' dir='ltr' id='par_1_63' title="bbox 1952 3197 3590 3268">
     <span class='ocr_line' id='line_1_63' title="bbox 1952 3197 3590 3268; baseline 0.002 -21"><span class='ocrx_word' id='word_1_432' title='bbox 1952 3202 2128 3247; x_wconf 89' lang='lat' dir='ltr'><strong>strem</strong></span> <span class='ocrx_word' id='word_1_433' title='bbox 2161 3213 2173 3248; x_wconf 87' lang='lat'><strong>:</strong></span> <span class='ocrx_word' id='word_1_434' title='bbox 2211 3197 2560 3260; x_wconf 68' lang='lat' dir='ltr'><strong>innocentia,</strong></span> <span class='ocrx_word' id='word_1_435' title='bbox 2594 3198 3023 3268; x_wconf 73' lang='lat' dir='ltr'><strong>dortrina,fuga</strong></span> <span class='ocrx_word' id='word_1_436' title='bbox 3056 3199 3455 3267; x_wconf 85' lang='lat' dir='ltr'><strong>suspicionum</strong></span> <span class='ocrx_word' id='word_1_437' title='bbox 3493 3199 3590 3251; x_wconf 87' lang='lat' dir='ltr'><strong>ad-</strong></span> 
     </span>
    </p>
   </div>
   <div class='ocr_carea' id='block_1_64' title="bbox 209 3264 3590 3356">
    <p class='ocr_par' dir='ltr' id='par_1_64' title="bbox 209 3264 3590 3356">
     <span class='ocr_line' id='line_1_64' title="bbox 209 3264 3590 3356; baseline 0.003 -28"><span class='ocrx_word' id='word_1_438' title='bbox 209 3307 379 3341; x_wconf 54' lang='lat' dir='ltr'><strong>mam.</strong></span> <span class='ocrx_word' id='word_1_439' title='bbox 422 3291 688 3356; x_wconf 59' lang='grc' dir='ltr'><strong>μιιςίιτιιτι,</strong></span> <span class='ocrx_word' id='word_1_440' title='bbox 728 3295 779 3337; x_wconf 90' lang='lat' dir='ltr'><strong>ut</strong></span> <span class='ocrx_word' id='word_1_441' title='bbox 821 3288 1064 3341; x_wconf 65' lang='lat' dir='ltr'><strong>lt‘ilClli‘lS</strong></span> <span class='ocrx_word' id='word_1_442' title='bbox 1095 3305 1158 3341; x_wconf 85' lang='lat' dir='ltr'><strong>ac</strong></span> <span class='ocrx_word' id='word_1_443' title='bbox 1211 3291 1463 3344; x_wconf 75' lang='lat' dir='ltr'><strong>miseria.</strong></span> <span class='ocrx_word' id='word_1_444' title='bbox 1517 3295 1691 3351; x_wconf 85' lang='lat' dir='ltr'><strong>recte,</strong></span> <span class='ocrx_word' id='word_1_445' title='bbox 1744 3297 1843 3344; x_wconf 85' lang='lat' dir='ltr'><strong>aut</strong></span> <span class='ocrx_word' id='word_1_446' title='bbox 1875 3264 1917 3325; x_wconf 55' lang='grc' dir='ltr'><strong>(ἶ</strong></span> <span class='ocrx_word' id='word_1_447' title='bbox 1958 3301 2280 3344; x_wconf 66' lang='lat' dir='ltr'><strong>versaruin,</strong></span> <span class='ocrx_word' id='word_1_448' title='bbox 2315 3286 2594 3338; x_wconf 84' lang='lat' dir='ltr'><strong>suavitate</strong></span> <span class='ocrx_word' id='word_1_449' title='bbox 2630 3301 2878 3347; x_wconf 87' lang='lat' dir='ltr'><strong>morum,</strong></span> <span class='ocrx_word' id='word_1_450' title='bbox 2916 3287 2982 3339; x_wconf 91' lang='lat' dir='ltr'><strong>ad</strong></span> <span class='ocrx_word' id='word_1_451' title='bbox 3021 3285 3159 3338; x_wconf 89' lang='lat' dir='ltr'><strong>nihil</strong></span> <span class='ocrx_word' id='word_1_452' title='bbox 3197 3292 3387 3338; x_wconf 86' lang='lat' dir='ltr'><strong>tamen</strong></span> <span class='ocrx_word' id='word_1_453' title='bbox 3423 3286 3590 3339; x_wconf 88' lang='lat' dir='ltr'><strong>inho-</strong></span> 
     </span>
    </p>
   </div>
   <div class='ocr_carea' id='block_1_65' title="bbox 207 3376 1850 3446">
    <p class='ocr_par' dir='ltr' id='par_1_65' title="bbox 207 3376 1850 3446">
     <span class='ocr_line' id='line_1_65' title="bbox 207 3376 1850 3446; baseline 0.003 -21"><span class='ocrx_word' id='word_1_454' title='bbox 207 3394 374 3427; x_wconf 61' lang='lat' dir='ltr'><strong>sv-cus</strong></span> <span class='ocrx_word' id='word_1_455' title='bbox 428 3376 747 3427; x_wconf 46' lang='grc' dir='ltr'><strong>γηείιι-ιέωλὲ.»</strong></span> <span class='ocrx_word' id='word_1_456' title='bbox 816 3377 1064 3427; x_wconf 69' lang='lat' dir='ltr'><strong>motione</strong></span> <span class='ocrx_word' id='word_1_457' title='bbox 1126 3376 1525 3429; x_wconf 77' lang='lat' dir='ltr'><strong>Consultorum</strong></span> <span class='ocrx_word' id='word_1_458' title='bbox 1596 3377 1850 3446; x_wconf 63' lang='lat' dir='ltr'><strong>reputari</strong></span> 
     </span>
    </p>
   </div>
   <div class='ocr_carea' id='block_1_66' title="bbox 207 3462 1838 3534">
    <p class='ocr_par' dir='ltr' id='par_1_66' title="bbox 207 3462 1838 3534">
     <span class='ocr_line' id='line_1_66' title="bbox 207 3462 1838 3534; baseline 0.001 -17"><span class='ocrx_word' id='word_1_459' title='bbox 207 3467 429 3517; x_wconf 66' lang='lat' dir='ltr'><strong>fructm</strong></span> <span class='ocrx_word' id='word_1_460' title='bbox 615 3481 728 3515; x_wconf 71' lang='lat' dir='ltr'><strong>--::t.</strong></span> <span class='ocrx_word' id='word_1_461' title='bbox 767 3467 923 3526; x_wconf 86' lang='lat' dir='ltr'><strong>Quod</strong></span> <span class='ocrx_word' id='word_1_462' title='bbox 963 3463 1006 3515; x_wconf 93' lang='lat' dir='ltr'><strong>si</strong></span> <span class='ocrx_word' id='word_1_463' title='bbox 1046 3463 1128 3515; x_wconf 83' lang='lat' dir='ltr'><strong>vel</strong></span> <span class='ocrx_word' id='word_1_464' title='bbox 1163 3462 1270 3515; x_wconf 88' lang='lat' dir='ltr'><strong>hoc</strong></span> <span class='ocrx_word' id='word_1_465' title='bbox 1305 3465 1640 3515; x_wconf 76' lang='lat' dir='ltr'><strong>admiserim</strong></span> <span class='ocrx_word' id='word_1_466' title='bbox 1687 3467 1838 3534; x_wconf 87' lang='lat' dir='ltr'><strong>quod</strong></span> 
     </span>
    </p>
   </div>
   <div class='ocr_carea' id='block_1_67' title="bbox 212 3549 1843 3618">
    <p class='ocr_par' dir='ltr' id='par_1_67' title="bbox 212 3549 1843 3618">
     <span class='ocr_line' id='line_1_67' title="bbox 212 3549 1843 3618; baseline 0.002 -20"><span class='ocrx_word' id='word_1_467' title='bbox 212 3551 478 3616; x_wconf 72' lang='lat' dir='ltr'><strong>disp-itas</strong></span> <span class='ocrx_word' id='word_1_468' title='bbox 515 3551 570 3618; x_wconf 92' lang='lat' dir='ltr'><strong>(u</strong></span> <span class='ocrx_word' id='word_1_469' title='bbox 595 3567 668 3599; x_wconf 85' lang='lat' dir='ltr'><strong>un</strong></span> <span class='ocrx_word' id='word_1_470' title='bbox 709 3555 887 3601; x_wconf 63' lang='lat' dir='ltr'><strong>fateor</strong></span> <span class='ocrx_word' id='word_1_471' title='bbox 912 3551 965 3600; x_wconf 92' lang='lat' dir='ltr'><strong>in</strong></span> <span class='ocrx_word' id='word_1_472' title='bbox 1003 3565 1070 3601; x_wconf 85' lang='lat' dir='ltr'><strong>ea</strong></span> <span class='ocrx_word' id='word_1_473' title='bbox 1102 3549 1316 3601; x_wconf 81' lang='lat' dir='ltr'><strong>multos</strong></span> <span class='ocrx_word' id='word_1_474' title='bbox 1350 3551 1631 3602; x_wconf 75' lang='lat' dir='ltr'><strong>sententia</strong></span> <span class='ocrx_word' id='word_1_475' title='bbox 1669 3549 1843 3602; x_wconf 41' lang='lat' dir='ltr'><strong>haere.</strong></span> 
     </span>
    </p>
   </div>
   <div class='ocr_carea' id='block_1_68' title="bbox 214 3636 1852 3706">
    <p class='ocr_par' dir='ltr' id='par_1_68' title="bbox 214 3636 1852 3706">
     <span class='ocr_line' id='line_1_68' title="bbox 214 3636 1852 3706; baseline -0.001 -15"><span class='ocrx_word' id='word_1_476' title='bbox 214 3641 531 3706; x_wconf 73' lang='lat' dir='ltr'><strong>rc),tamen</strong></span> <span class='ocrx_word' id='word_1_477' title='bbox 567 3637 779 3690; x_wconf 83' lang='lat' dir='ltr'><strong>veritus</strong></span> <span class='ocrx_word' id='word_1_478' title='bbox 816 3653 883 3688; x_wconf 88' lang='lat' dir='ltr'><strong>ne</strong></span> <span class='ocrx_word' id='word_1_479' title='bbox 916 3636 970 3688; x_wconf 90' lang='lat' dir='ltr'><strong>in</strong></span> <span class='ocrx_word' id='word_1_480' title='bbox 1007 3636 1116 3688; x_wconf 89' lang='lat' dir='ltr'><strong>ista</strong></span> <span class='ocrx_word' id='word_1_481' title='bbox 1149 3653 1379 3706; x_wconf 92' lang='lat' dir='ltr'><strong>quoque</strong></span> <span class='ocrx_word' id='word_1_482' title='bbox 1411 3639 1658 3690; x_wconf 88' lang='lat' dir='ltr'><strong>fatorum</strong></span> <span class='ocrx_word' id='word_1_483' title='bbox 1708 3638 1852 3690; x_wconf 86' lang='lat' dir='ltr'><strong>serio</strong></span> 
     </span>
    </p>
   </div>
   <div class='ocr_carea' id='block_1_69' title="bbox 221 3724 1850 3793">
    <p class='ocr_par' dir='ltr' id='par_1_69' title="bbox 221 3724 1850 3793">
     <span class='ocr_line' id='line_1_69' title="bbox 221 3724 1850 3793; baseline -0.001 -15"><span class='ocrx_word' id='word_1_484' title='bbox 221 3727 401 3778; x_wconf 77' lang='lat' dir='ltr'><strong>fixum</strong></span> <span class='ocrx_word' id='word_1_485' title='bbox 435 3725 510 3778; x_wconf 90' lang='lat' dir='ltr'><strong>sit</strong></span> <span class='ocrx_word' id='word_1_486' title='bbox 542 3730 596 3776; x_wconf 90' lang='lat' dir='ltr'><strong>te</strong></span> <span class='ocrx_word' id='word_1_487' title='bbox 631 3724 771 3776; x_wconf 89' lang='lat' dir='ltr'><strong>mihi</strong></span> <span class='ocrx_word' id='word_1_488' title='bbox 808 3724 1100 3793; x_wconf 87' lang='lat' dir='ltr'><strong>perjuruin</strong></span> <span class='ocrx_word' id='word_1_489' title='bbox 1147 3725 1280 3783; x_wconf 87' lang='lat' dir='ltr'><strong>fore.</strong></span> <span class='ocrx_word' id='word_1_490' title='bbox 1309 3741 1421 3777; x_wconf 93' lang='lat' dir='ltr'><strong>non</strong></span> <span class='ocrx_word' id='word_1_491' title='bbox 1469 3726 1850 3790; x_wconf 88' lang='lat' dir='ltr'><strong>committam,</strong></span> 
     </span>
    </p>
   </div>
   <div class='ocr_carea' id='block_1_70' title="bbox 217 3810 1851 3882">
    <p class='ocr_par' dir='ltr' id='par_1_70' title="bbox 217 3810 1851 3882">
     <span class='ocr_line' id='line_1_70' title="bbox 217 3810 1851 3882; baseline -0.001 -16"><span class='ocrx_word' id='word_1_492' title='bbox 217 3813 370 3866; x_wconf 90' lang='lat' dir='ltr'><strong>utin</strong></span> <span class='ocrx_word' id='word_1_493' title='bbox 427 3828 609 3865; x_wconf 86' lang='lat' dir='ltr'><strong>meam</strong></span> <span class='ocrx_word' id='word_1_494' title='bbox 667 3810 971 3877; x_wconf 87' lang='lat' dir='ltr'><strong>perniciem</strong></span> <span class='ocrx_word' id='word_1_495' title='bbox 1024 3813 1314 3881; x_wconf 86' lang='lat' dir='ltr'><strong>cooperari</strong></span> <span class='ocrx_word' id='word_1_496' title='bbox 1366 3814 1494 3866; x_wconf 75' lang='lat' dir='ltr'><strong>tatis</strong></span> <span class='ocrx_word' id='word_1_497' title='bbox 1548 3815 1851 3882; x_wconf 72' lang='lat' dir='ltr'><strong>prrebe&#39;ndo</strong></span> 
     </span>
    </p>
   </div>
   <div class='ocr_carea' id='block_1_71' title="bbox 216 3901 1852 3969">
    <p class='ocr_par' dir='ltr' id='par_1_71' title="bbox 216 3901 1852 3969">
     <span class='ocr_line' id='line_1_71' title="bbox 216 3901 1852 3969; baseline 0 -15"><span class='ocrx_word' id='word_1_498' title='bbox 216 3903 318 3955; x_wconf 85' lang='lat' dir='ltr'><strong>tibi</strong></span> <span class='ocrx_word' id='word_1_499' title='bbox 383 3901 492 3953; x_wconf 86' lang='lat' dir='ltr'><strong>mei</strong></span> <span class='ocrx_word' id='word_1_500' title='bbox 555 3901 827 3968; x_wconf 74' lang='lat' dir='ltr'><strong>perdendi</strong></span> <span class='ocrx_word' id='word_1_501' title='bbox 885 3901 1374 3969; x_wconf 69' lang='lat' dir='ltr'><strong>opportunitatem</strong></span> <span class='ocrx_word' id='word_1_502' title='bbox 1433 3918 1626 3955; x_wconf 76' lang='lat' dir='ltr'><strong>coner.</strong></span> <span class='ocrx_word' id='word_1_503' title='bbox 1697 3901 1852 3954; x_wconf 83' lang='lat' dir='ltr'><strong>Velis</strong></span> 
     </span>
    </p>
   </div>
   <div class='ocr_carea' id='block_1_72' title="bbox 219 3987 1845 4060">
    <p class='ocr_par' dir='ltr' id='par_1_72' title="bbox 219 3987 1845 4060">
     <span class='ocr_line' id='line_1_72' title="bbox 219 3987 1845 4060; baseline 0.001 -20"><span class='ocrx_word' id='word_1_504' title='bbox 219 3989 417 4060; x_wconf 88' lang='lat' dir='ltr'><strong>potius</strong></span> <span class='ocrx_word' id='word_1_505' title='bbox 450 3995 504 4040; x_wconf 90' lang='lat' dir='ltr'><strong>et</strong></span> <span class='ocrx_word' id='word_1_506' title='bbox 540 3988 712 4040; x_wconf 79' lang='lat' dir='ltr'><strong>i-eiiiis</strong></span> <span class='ocrx_word' id='word_1_507' title='bbox 761 4003 849 4038; x_wconf 89' lang='lat' dir='ltr'><strong>me</strong></span> <span class='ocrx_word' id='word_1_508' title='bbox 899 3987 956 4039; x_wconf 92' lang='lat' dir='ltr'><strong>in</strong></span> <span class='ocrx_word' id='word_1_509' title='bbox 1010 4003 1178 4055; x_wconf 86' lang='lat' dir='ltr'><strong>quam</strong></span> <span class='ocrx_word' id='word_1_510' title='bbox 1233 3987 1632 4042; x_wconf 82' lang='lat' dir='ltr'><strong>diversissima</strong></span> <span class='ocrx_word' id='word_1_511' title='bbox 1667 3990 1845 4058; x_wconf 89' lang='lat' dir='ltr'><strong>prori-</strong></span> 
     </span>
    </p>
   </div>
   <div class='ocr_carea' id='block_1_73' title="bbox 219 4076 1848 4147">
    <p class='ocr_par' dir='ltr' id='par_1_73' title="bbox 219 4076 1848 4147">
     <span class='ocr_line' id='line_1_73' title="bbox 219 4076 1848 4147; baseline 0 -17"><span class='ocrx_word' id='word_1_512' title='bbox 219 4079 403 4147; x_wconf 89' lang='lat' dir='ltr'><strong>piam,</strong></span> <span class='ocrx_word' id='word_1_513' title='bbox 438 4077 948 4146; x_wconf 75' lang='lat' dir='ltr'><strong>interpretansque</strong></span> <span class='ocrx_word' id='word_1_514' title='bbox 972 4076 1025 4128; x_wconf 91' lang='lat' dir='ltr'><strong>in</strong></span> <span class='ocrx_word' id='word_1_515' title='bbox 1055 4077 1302 4127; x_wconf 81' lang='lat' dir='ltr'><strong>favorem</strong></span> <span class='ocrx_word' id='word_1_516' title='bbox 1329 4092 1519 4129; x_wconf 90' lang='lat' dir='ltr'><strong>meum</strong></span> <span class='ocrx_word' id='word_1_517' title='bbox 1548 4077 1848 4145; x_wconf 85' lang='lat' dir='ltr'><strong>providen-</strong></span> 
     </span>
    </p>
   </div>
   <div class='ocr_carea' id='block_1_74' title="bbox 215 4162 1850 4232">
    <p class='ocr_par' dir='ltr' id='par_1_74' title="bbox 215 4162 1850 4232">
     <span class='ocr_line' id='line_1_74' title="bbox 215 4162 1850 4232; baseline -0.001 -13"><span class='ocrx_word' id='word_1_518' title='bbox 215 4167 362 4219; x_wconf 85' lang='lat' dir='ltr'><strong>tiam</strong></span> <span class='ocrx_word' id='word_1_519' title='bbox 395 4171 690 4226; x_wconf 72' lang='lat' dir='ltr'><strong>aaternam,</strong></span> <span class='ocrx_word' id='word_1_520' title='bbox 731 4162 885 4216; x_wconf 84' lang='lat' dir='ltr'><strong>fatali</strong></span> <span class='ocrx_word' id='word_1_521' title='bbox 921 4164 1046 4231; x_wconf 84' lang='lat' dir='ltr'><strong>ejus</strong></span> <span class='ocrx_word' id='word_1_522' title='bbox 1080 4163 1203 4232; x_wconf 84' lang='lat' dir='ltr'><strong>lege</strong></span> <span class='ocrx_word' id='word_1_523' title='bbox 1234 4169 1468 4216; x_wconf 87' lang='lat' dir='ltr'><strong>cautum</strong></span> <span class='ocrx_word' id='word_1_524' title='bbox 1505 4164 1850 4229; x_wconf 86' lang='lat' dir='ltr'><strong>arbitrabor,</strong></span> 
     </span>
    </p>
   </div>
   <div class='ocr_carea' id='block_1_75' title="bbox 218 4251 1850 4323">
    <p class='ocr_par' dir='ltr' id='par_1_75' title="bbox 218 4251 1850 4323">
     <span class='ocr_line' id='line_1_75' title="bbox 218 4251 1850 4323; baseline -0.001 -16"><span class='ocrx_word' id='word_1_525' title='bbox 218 4260 283 4308; x_wconf 90' lang='lat' dir='ltr'><strong>ut</strong></span> <span class='ocrx_word' id='word_1_526' title='bbox 315 4270 417 4323; x_wconf 81' lang='lat' dir='ltr'><strong>ego</strong></span> <span class='ocrx_word' id='word_1_527' title='bbox 453 4254 508 4305; x_wconf 90' lang='lat' dir='ltr'><strong>in</strong></span> <span class='ocrx_word' id='word_1_528' title='bbox 539 4251 682 4306; x_wconf 91' lang='lat' dir='ltr'><strong>locis</strong></span> <span class='ocrx_word' id='word_1_529' title='bbox 735 4269 765 4304; x_wconf 89' lang='lat' dir='ltr'><strong>a</strong></span> <span class='ocrx_word' id='word_1_530' title='bbox 815 4255 910 4304; x_wconf 81' lang='lat' dir='ltr'><strong>tua</strong></span> <span class='ocrx_word' id='word_1_531' title='bbox 958 4252 1174 4304; x_wconf 90' lang='lat' dir='ltr'><strong>ditione</strong></span> <span class='ocrx_word' id='word_1_532' title='bbox 1228 4252 1635 4306; x_wconf 87' lang='lat' dir='ltr'><strong>remotissimis</strong></span> <span class='ocrx_word' id='word_1_533' title='bbox 1685 4269 1850 4306; x_wconf 83' lang='lat' dir='ltr'><strong>secu-</strong></span> 
     </span>
    </p>
   </div>
   <div class='ocr_carea' id='block_1_76' title="bbox 219 4340 1845 4410">
    <p class='ocr_par' dir='ltr' id='par_1_76' title="bbox 219 4340 1845 4410">
     <span class='ocr_line' id='line_1_76' title="bbox 219 4340 1845 4410; baseline -0.001 -14"><span class='ocrx_word' id='word_1_534' title='bbox 219 4359 342 4396; x_wconf 87' lang='lat' dir='ltr'><strong>ram</strong></span> <span class='ocrx_word' id='word_1_535' title='bbox 379 4340 688 4394; x_wconf 87' lang='lat' dir='ltr'><strong>incolumis</strong></span> <span class='ocrx_word' id='word_1_536' title='bbox 724 4340 894 4392; x_wconf 90' lang='lat' dir='ltr'><strong>vitam</strong></span> <span class='ocrx_word' id='word_1_537' title='bbox 934 4340 1160 4408; x_wconf 82' lang='lat' dir='ltr'><strong>degam.</strong></span> <span class='ocrx_word' id='word_1_538' title='bbox 1194 4340 1533 4408; x_wconf 87' lang='lat' dir='ltr'><strong>Quanquam</strong></span> <span class='ocrx_word' id='word_1_539' title='bbox 1581 4343 1845 4410; x_wconf 78' lang='lat' dir='ltr'><strong>equidem</strong></span> 
     </span>
    </p>
   </div>
   <div class='ocr_carea' id='block_1_77' title="bbox 217 4428 1851 4500">
    <p class='ocr_par' dir='ltr' id='par_1_77' title="bbox 217 4428 1851 4500">
     <span class='ocr_line' id='line_1_77' title="bbox 217 4428 1851 4500; baseline -0.001 -16"><span class='ocrx_word' id='word_1_540' title='bbox 217 4432 354 4500; x_wconf 90' lang='lat' dir='ltr'><strong>(non</strong></span> <span class='ocrx_word' id='word_1_541' title='bbox 419 4431 572 4484; x_wconf 86' lang='lat' dir='ltr'><strong>enim</strong></span> <span class='ocrx_word' id='word_1_542' title='bbox 630 4429 892 4480; x_wconf 81' lang='lat' dir='ltr'><strong>recedam</strong></span> <span class='ocrx_word' id='word_1_543' title='bbox 950 4445 980 4480; x_wconf 88' lang='lat' dir='ltr'><strong>a</strong></span> <span class='ocrx_word' id='word_1_544' title='bbox 1031 4429 1294 4481; x_wconf 87' lang='lat' dir='ltr'><strong>doctrina</strong></span> <span class='ocrx_word' id='word_1_545' title='bbox 1347 4428 1578 4497; x_wconf 80' lang='lat' dir='ltr'><strong>veriori)</strong></span> <span class='ocrx_word' id='word_1_546' title='bbox 1635 4430 1774 4482; x_wconf 85' lang='lat' dir='ltr'><strong>nihil</strong></span> <span class='ocrx_word' id='word_1_547' title='bbox 1822 4449 1851 4482; x_wconf 89' lang='lat' dir='ltr'><strong>a</strong></span> 
     </span>
    </p>
   </div>
   <div class='ocr_carea' id='block_1_78' title="bbox 218 4516 1849 4586">
    <p class='ocr_par' dir='ltr' id='par_1_78' title="bbox 218 4516 1849 4586">
     <span class='ocr_line' id='line_1_78' title="bbox 218 4516 1849 4586; baseline -0.001 -15"><span class='ocrx_word' id='word_1_548' title='bbox 218 4519 352 4572; x_wconf 84' lang='lat' dir='ltr'><strong>fatis</strong></span> <span class='ocrx_word' id='word_1_549' title='bbox 402 4523 502 4570; x_wconf 86' lang='lat' dir='ltr'><strong>aut</strong></span> <span class='ocrx_word' id='word_1_550' title='bbox 551 4533 720 4586; x_wconf 78' lang='lat' dir='ltr'><strong>spero</strong></span> <span class='ocrx_word' id='word_1_551' title='bbox 770 4521 869 4568; x_wconf 90' lang='lat' dir='ltr'><strong>aut</strong></span> <span class='ocrx_word' id='word_1_552' title='bbox 921 4516 1116 4569; x_wconf 89' lang='lat' dir='ltr'><strong>timeo.</strong></span> <span class='ocrx_word' id='word_1_553' title='bbox 1168 4516 1322 4577; x_wconf 88' lang='lat' dir='ltr'><strong>Quod</strong></span> <span class='ocrx_word' id='word_1_554' title='bbox 1380 4533 1472 4569; x_wconf 91' lang='lat' dir='ltr'><strong>me</strong></span> <span class='ocrx_word' id='word_1_555' title='bbox 1522 4517 1764 4570; x_wconf 84' lang='lat' dir='ltr'><strong>deterret</strong></span> <span class='ocrx_word' id='word_1_556' title='bbox 1820 4535 1849 4569; x_wconf 90' lang='lat' dir='ltr'><strong>a</strong></span> 
     </span>
    </p>
   </div>
   <div class='ocr_carea' id='block_1_79' title="bbox 221 4590 1927 4674">
    <p class='ocr_par' dir='ltr' id='par_1_79' title="bbox 221 4590 1927 4674">
     <span class='ocr_line' id='line_1_79' title="bbox 221 4590 1927 4674; baseline -0.001 -14"><span class='ocrx_word' id='word_1_557' title='bbox 221 4624 312 4660; x_wconf 88' lang='lat' dir='ltr'><strong>me</strong></span> <span class='ocrx_word' id='word_1_558' title='bbox 345 4608 445 4660; x_wconf 86' lang='lat' dir='ltr'><strong>tibi</strong></span> <span class='ocrx_word' id='word_1_559' title='bbox 478 4605 920 4665; x_wconf 78' lang='lat' dir='ltr'><strong>committendo,</strong></span> <span class='ocrx_word' id='word_1_560' title='bbox 945 4604 1140 4657; x_wconf 89' lang='lat' dir='ltr'><strong>odium</strong></span> <span class='ocrx_word' id='word_1_561' title='bbox 1178 4604 1284 4656; x_wconf 89' lang='lat' dir='ltr'><strong>mei</strong></span> <span class='ocrx_word' id='word_1_562' title='bbox 1312 4609 1398 4656; x_wconf 82' lang='lat' dir='ltr'><strong>est</strong></span> <span class='ocrx_word' id='word_1_563' title='bbox 1422 4606 1568 4672; x_wconf 81' lang='lat' dir='ltr'><strong>quod</strong></span> <span class='ocrx_word' id='word_1_564' title='bbox 1609 4605 1850 4674; x_wconf 71' lang='lat' dir='ltr'><strong>ﬂagrare</strong></span> <span class='ocrx_word' id='word_1_565' title='bbox 1886 4590 1927 4650; x_wconf 88' lang='grc'><strong>[)</strong></span> 
     </span>
    </p>
   </div>
   <div class='ocr_carea' id='block_1_80' title="bbox 215 4691 1843 4760">
    <p class='ocr_par' dir='ltr' id='par_1_80' title="bbox 215 4691 1843 4760">
     <span class='ocr_line' id='line_1_80' title="bbox 215 4691 1843 4760; baseline -0.003 -12"><span class='ocrx_word' id='word_1_566' title='bbox 215 4697 273 4748; x_wconf 92' lang='lat' dir='ltr'><strong>in</strong></span> <span class='ocrx_word' id='word_1_567' title='bbox 311 4696 481 4748; x_wconf 85' lang='lat' dir='ltr'><strong>corde</strong></span> <span class='ocrx_word' id='word_1_568' title='bbox 515 4699 613 4746; x_wconf 87' lang='lat' dir='ltr'><strong>tuo</strong></span> <span class='ocrx_word' id='word_1_569' title='bbox 652 4692 970 4744; x_wconf 80' lang='lat' dir='ltr'><strong>maximum</strong></span> <span class='ocrx_word' id='word_1_570' title='bbox 1004 4691 1302 4760; x_wconf 80' lang='lat' dir='ltr'><strong>suspicor;</strong></span> <span class='ocrx_word' id='word_1_571' title='bbox 1337 4693 1417 4742; x_wconf 78' lang='lat' dir='ltr'><strong>vel</strong></span> <span class='ocrx_word' id='word_1_572' title='bbox 1457 4695 1647 4759; x_wconf 82' lang='lat' dir='ltr'><strong>potius</strong></span> <span class='ocrx_word' id='word_1_573' title='bbox 1678 4692 1843 4744; x_wconf 74' lang='lat' dir='ltr'><strong>intel-</strong></span> 
     </span>
    </p>
   </div>
   <div class='ocr_carea' id='block_1_81' title="bbox 213 4779 1848 4849">
    <p class='ocr_par' dir='ltr' id='par_1_81' title="bbox 213 4779 1848 4849">
     <span class='ocr_line' id='line_1_81' title="bbox 213 4779 1848 4849; baseline -0.002 -13"><span class='ocrx_word' id='word_1_574' title='bbox 213 4783 327 4846; x_wconf 66' lang='lat' dir='ltr'><strong>ligo</strong></span> <span class='ocrx_word' id='word_1_575' title='bbox 359 4801 424 4837; x_wconf 83' lang='lat' dir='ltr'><strong>ex</strong></span> <span class='ocrx_word' id='word_1_576' title='bbox 457 4789 610 4835; x_wconf 86' lang='lat' dir='ltr'><strong>certa</strong></span> <span class='ocrx_word' id='word_1_577' title='bbox 643 4798 819 4835; x_wconf 87' lang='lat' dir='ltr'><strong>causa</strong></span> <span class='ocrx_word' id='word_1_578' title='bbox 853 4779 984 4834; x_wconf 85' lang='lat' dir='ltr'><strong>talis</strong></span> <span class='ocrx_word' id='word_1_579' title='bbox 1016 4780 1156 4842; x_wconf 81' lang='lat' dir='ltr'><strong>odii,</strong></span> <span class='ocrx_word' id='word_1_580' title='bbox 1192 4779 1491 4843; x_wconf 88' lang='lat' dir='ltr'><strong>memoria,</strong></span> <span class='ocrx_word' id='word_1_581' title='bbox 1528 4797 1652 4849; x_wconf 59' lang='lat' dir='ltr'><strong>quia</strong></span> <span class='ocrx_word' id='word_1_582' title='bbox 1689 4780 1744 4831; x_wconf 91' lang='lat' dir='ltr'><strong>in</strong></span> <span class='ocrx_word' id='word_1_583' title='bbox 1799 4787 1848 4832; x_wconf 82' lang='lat' dir='ltr'><strong>le</strong></span> 
     </span>
    </p>
   </div>
   <div class='ocr_carea' id='block_1_82' title="bbox 209 4868 1846 4938">
    <p class='ocr_par' dir='ltr' id='par_1_82' title="bbox 209 4868 1846 4938">
     <span class='ocr_line' id='line_1_82' title="bbox 209 4868 1846 4938; baseline -0.001 -15"><span class='ocrx_word' id='word_1_584' title='bbox 209 4873 365 4938; x_wconf 77' lang='lat' dir='ltr'><strong>viget</strong></span> <span class='ocrx_word' id='word_1_585' title='bbox 397 4870 593 4923; x_wconf 88' lang='lat' dir='ltr'><strong>damni</strong></span> <span class='ocrx_word' id='word_1_586' title='bbox 624 4887 655 4922; x_wconf 88' lang='lat' dir='ltr'><strong>a</strong></span> <span class='ocrx_word' id='word_1_587' title='bbox 691 4887 778 4922; x_wconf 92' lang='lat' dir='ltr'><strong>me</strong></span> <span class='ocrx_word' id='word_1_588' title='bbox 808 4869 972 4921; x_wconf 85' lang='lat' dir='ltr'><strong>illati.</strong></span> <span class='ocrx_word' id='word_1_589' title='bbox 1001 4869 1112 4921; x_wconf 89' lang='lat' dir='ltr'><strong>Nec</strong></span> <span class='ocrx_word' id='word_1_590' title='bbox 1146 4869 1448 4920; x_wconf 86' lang='lat' dir='ltr'><strong>remissior</strong></span> <span class='ocrx_word' id='word_1_591' title='bbox 1482 4868 1743 4921; x_wconf 88' lang='lat' dir='ltr'><strong>fortassis</strong></span> <span class='ocrx_word' id='word_1_592' title='bbox 1791 4868 1846 4922; x_wconf 91' lang='lat' dir='ltr'><strong>in</strong></span> 
     </span>
    </p>
   </div>
   <div class='ocr_carea' id='block_1_83' title="bbox 210 4955 1844 5027">
    <p class='ocr_par' dir='ltr' id='par_1_83' title="bbox 210 4955 1844 5027">
     <span class='ocr_line' id='line_1_83' title="bbox 210 4955 1844 5027; baseline -0.004 -15"><span class='ocrx_word' id='word_1_593' title='bbox 210 4977 335 5012; x_wconf 69' lang='lat' dir='ltr'><strong>meo</strong></span> <span class='ocrx_word' id='word_1_594' title='bbox 391 4963 620 5027; x_wconf 84' lang='lat' dir='ltr'><strong>pectore</strong></span> <span class='ocrx_word' id='word_1_595' title='bbox 680 4957 862 5010; x_wconf 86' lang='lat' dir='ltr'><strong>fomes</strong></span> <span class='ocrx_word' id='word_1_596' title='bbox 922 4955 1238 5009; x_wconf 84' lang='lat' dir='ltr'><strong>aversionis</strong></span> <span class='ocrx_word' id='word_1_597' title='bbox 1291 4971 1322 5007; x_wconf 90' lang='lat' dir='ltr'><strong>a</strong></span> <span class='ocrx_word' id='word_1_598' title='bbox 1370 4960 1426 5006; x_wconf 84' lang='lat' dir='ltr'><strong>te</strong></span> <span class='ocrx_word' id='word_1_599' title='bbox 1487 4955 1650 5022; x_wconf 74' lang='lat' dir='ltr'><strong>vivit,</strong></span> <span class='ocrx_word' id='word_1_600' title='bbox 1708 4955 1844 5008; x_wconf 86' lang='lat' dir='ltr'><strong>dum</strong></span> 
     </span>
    </p>
   </div>
   <div class='ocr_carea' id='block_1_84' title="bbox 214 5042 1846 5110">
    <p class='ocr_par' dir='ltr' id='par_1_84' title="bbox 214 5042 1846 5110">
     <span class='ocr_line' id='line_1_84' title="bbox 214 5042 1846 5110; baseline -0.004 -11"><span class='ocrx_word' id='word_1_601' title='bbox 214 5045 484 5100; x_wconf 79' lang='lat' dir='ltr'><strong>recordor</strong></span> <span class='ocrx_word' id='word_1_602' title='bbox 512 5044 794 5096; x_wconf 67' lang='lat' dir='ltr'><strong>interfecti</strong></span> <span class='ocrx_word' id='word_1_603' title='bbox 830 5043 985 5095; x_wconf 90' lang='lat' dir='ltr'><strong>domi</strong></span> <span class='ocrx_word' id='word_1_604' title='bbox 1019 5051 1126 5094; x_wconf 65' lang='lat' dir='ltr'><strong>tua:</strong></span> <span class='ocrx_word' id='word_1_605' title='bbox 1161 5042 1267 5095; x_wconf 79' lang='lat' dir='ltr'><strong>mei</strong></span> <span class='ocrx_word' id='word_1_606' title='bbox 1298 5042 1437 5110; x_wconf 92' lang='lat' dir='ltr'><strong>pulli</strong></span> <span class='ocrx_word' id='word_1_607' title='bbox 1474 5061 1505 5095; x_wconf 90' lang='lat' dir='ltr'><strong>a</strong></span> <span class='ocrx_word' id='word_1_608' title='bbox 1556 5047 1653 5096; x_wconf 91' lang='lat' dir='ltr'><strong>tuo</strong></span> <span class='ocrx_word' id='word_1_609' title='bbox 1708 5043 1846 5106; x_wconf 78' lang='lat' dir='ltr'><strong>tilio,</strong></span> 
     </span>
    </p>
   </div>
   <div class='ocr_carea' id='block_1_85' title="bbox 209 5131 1848 5200">
    <p class='ocr_par' dir='ltr' id='par_1_85' title="bbox 209 5131 1848 5200">
     <span class='ocr_line' id='line_1_85' title="bbox 209 5131 1848 5200; baseline -0.005 -13"><span class='ocrx_word' id='word_1_610' title='bbox 209 5153 274 5187; x_wconf 81' lang='lat' dir='ltr'><strong>ex</strong></span> <span class='ocrx_word' id='word_1_611' title='bbox 309 5149 436 5187; x_wconf 87' lang='lat' dir='ltr'><strong>mea</strong></span> <span class='ocrx_word' id='word_1_612' title='bbox 469 5131 822 5184; x_wconf 85' lang='lat' dir='ltr'><strong>conscientia</strong></span> <span class='ocrx_word' id='word_1_613' title='bbox 852 5131 920 5183; x_wconf 86' lang='lat' dir='ltr'><strong>de</strong></span> <span class='ocrx_word' id='word_1_614' title='bbox 953 5138 1006 5182; x_wconf 88' lang='lat' dir='ltr'><strong>te</strong></span> <span class='ocrx_word' id='word_1_615' title='bbox 1029 5131 1252 5198; x_wconf 80' lang='lat' dir='ltr'><strong>judico,</strong></span> <span class='ocrx_word' id='word_1_616' title='bbox 1307 5131 1592 5200; x_wconf 89' lang='lat' dir='ltr'><strong>planeque</strong></span> <span class='ocrx_word' id='word_1_617' title='bbox 1643 5148 1848 5184; x_wconf 80' lang='lat' dir='ltr'><strong>censeo</strong></span> 
     </span>
    </p>
   </div>
   <div class='ocr_carea' id='block_1_86' title="bbox 212 5218 1842 5289">
    <p class='ocr_par' dir='ltr' id='par_1_86' title="bbox 212 5218 1842 5289">
     <span class='ocr_line' id='line_1_86' title="bbox 212 5218 1842 5289; baseline -0.003 -14"><span class='ocrx_word' id='word_1_618' title='bbox 212 5240 313 5275; x_wconf 79' lang='lat' dir='ltr'><strong>nec</strong></span> <span class='ocrx_word' id='word_1_619' title='bbox 339 5220 441 5274; x_wconf 90' lang='lat' dir='ltr'><strong>tibi</strong></span> <span class='ocrx_word' id='word_1_620' title='bbox 466 5218 733 5288; x_wconf 73' lang='lat' dir='ltr'><strong>expedire</strong></span> <span class='ocrx_word' id='word_1_621' title='bbox 759 5235 859 5271; x_wconf 89' lang='lat' dir='ltr'><strong>nec</strong></span> <span class='ocrx_word' id='word_1_622' title='bbox 889 5218 1029 5270; x_wconf 91' lang='lat' dir='ltr'><strong>mihi</strong></span> <span class='ocrx_word' id='word_1_623' title='bbox 1054 5235 1159 5270; x_wconf 90' lang='lat' dir='ltr'><strong>nos</strong></span> <span class='ocrx_word' id='word_1_624' title='bbox 1183 5218 1455 5289; x_wconf 83' lang='lat' dir='ltr'><strong>deinceps</strong></span> <span class='ocrx_word' id='word_1_625' title='bbox 1482 5235 1595 5271; x_wconf 87' lang='lat' dir='ltr'><strong>una</strong></span> <span class='ocrx_word' id='word_1_626' title='bbox 1619 5221 1842 5285; x_wconf 79' lang='lat' dir='ltr'><strong>degere.</strong></span> 
     </span>
    </p>
   </div>
   <div class='ocr_carea' id='block_1_87' title="bbox 1964 3374 3589 3444">
    <p class='ocr_par' dir='ltr' id='par_1_87' title="bbox 1964 3374 3589 3444">
     <span class='ocr_line' id='line_1_87' title="bbox 1964 3374 3589 3444; baseline 0.002 -21"><span class='ocrx_word' id='word_1_627' title='bbox 1964 3381 2226 3424; x_wconf 75' lang='lat' dir='ltr'><strong>miratum</strong></span> <span class='ocrx_word' id='word_1_628' title='bbox 2264 3374 2666 3439; x_wconf 74' lang='lat' dir='ltr'><strong>descendente,</strong></span> <span class='ocrx_word' id='word_1_629' title='bbox 2702 3375 2947 3443; x_wconf 84' lang='lat' dir='ltr'><strong>denique</strong></span> <span class='ocrx_word' id='word_1_630' title='bbox 2997 3375 3419 3444; x_wconf 80' lang='lat' dir='ltr'><strong>perpetratione</strong></span> <span class='ocrx_word' id='word_1_631' title='bbox 3468 3391 3589 3426; x_wconf 82' lang='lat' dir='ltr'><strong>ma-</strong></span> 
     </span>
    </p>
   </div>
   <div class='ocr_carea' id='block_1_88' title="bbox 1961 3463 3590 3530">
    <p class='ocr_par' dir='ltr' id='par_1_88' title="bbox 1961 3463 3590 3530">
     <span class='ocr_line' id='line_1_88' title="bbox 1961 3463 3590 3530; baseline 0.002 -19"><span class='ocrx_word' id='word_1_632' title='bbox 1961 3476 2205 3528; x_wconf 84' lang='lat' dir='ltr'><strong>gnorum</strong></span> <span class='ocrx_word' id='word_1_633' title='bbox 2242 3477 2503 3530; x_wconf 81' lang='lat' dir='ltr'><strong>operum.</strong></span> <span class='ocrx_word' id='word_1_634' title='bbox 2539 3465 2793 3525; x_wconf 78' lang='lat' dir='ltr'><strong>Quarum</strong></span> <span class='ocrx_word' id='word_1_635' title='bbox 2831 3463 3066 3516; x_wconf 89' lang='lat' dir='ltr'><strong>laudum</strong></span> <span class='ocrx_word' id='word_1_636' title='bbox 3103 3480 3233 3516; x_wconf 78' lang='lat' dir='ltr'><strong>cuiu</strong></span> <span class='ocrx_word' id='word_1_637' title='bbox 3291 3463 3590 3516; x_wconf 83' lang='lat' dir='ltr'><strong>facultates</strong></span> 
     </span>
    </p>
   </div>
   <div class='ocr_carea' id='block_1_89' title="bbox 1962 3549 3591 3614">
    <p class='ocr_par' dir='ltr' id='par_1_89' title="bbox 1962 3549 3591 3614">
     <span class='ocr_line' id='line_1_89' title="bbox 1962 3549 3591 3614; baseline 0.001 -14"><span class='ocrx_word' id='word_1_638' title='bbox 1962 3549 2212 3601; x_wconf 88' lang='lat' dir='ltr'><strong>solitudo</strong></span> <span class='ocrx_word' id='word_1_639' title='bbox 2261 3550 2688 3612; x_wconf 80' lang='lat' dir='ltr'><strong>subministret,</strong></span> <span class='ocrx_word' id='word_1_640' title='bbox 2740 3551 3040 3604; x_wconf 88' lang='lat' dir='ltr'><strong>obstacula</strong></span> <span class='ocrx_word' id='word_1_641' title='bbox 3090 3557 3398 3614; x_wconf 79' lang='lat' dir='ltr'><strong>removeat,</strong></span> <span class='ocrx_word' id='word_1_642' title='bbox 3451 3551 3591 3604; x_wconf 86' lang='lat' dir='ltr'><strong>nihil</strong></span> 
     </span>
    </p>
   </div>
   <div class='ocr_carea' id='block_1_90' title="bbox 1961 3636 3587 3708">
    <p class='ocr_par' dir='ltr' id='par_1_90' title="bbox 1961 3636 3587 3708">
     <span class='ocr_line' id='line_1_90' title="bbox 1961 3636 3587 3708; baseline 0.002 -20"><span class='ocrx_word' id='word_1_643' title='bbox 1961 3652 2028 3689; x_wconf 90' lang='lat' dir='ltr'><strong>ea</strong></span> <span class='ocrx_word' id='word_1_644' title='bbox 2059 3636 2232 3689; x_wconf 85' lang='lat' dir='ltr'><strong>videri</strong></span> <span class='ocrx_word' id='word_1_645' title='bbox 2270 3637 2586 3706; x_wconf 85' lang='lat' dir='ltr'><strong>optabilius</strong></span> <span class='ocrx_word' id='word_1_646' title='bbox 2609 3640 2854 3708; x_wconf 76' lang='lat' dir='ltr'><strong>sapienti</strong></span> <span class='ocrx_word' id='word_1_647' title='bbox 2890 3640 3076 3706; x_wconf 81' lang='lat' dir='ltr'><strong>debet,</strong></span> <span class='ocrx_word' id='word_1_648' title='bbox 3110 3657 3258 3708; x_wconf 63' lang='lat' dir='ltr'><strong>aegre</strong></span> <span class='ocrx_word' id='word_1_649' title='bbox 3293 3640 3344 3691; x_wconf 91' lang='lat' dir='ltr'><strong>id</strong></span> <span class='ocrx_word' id='word_1_650' title='bbox 3381 3655 3587 3692; x_wconf 89' lang='lat' dir='ltr'><strong>nomen</strong></span> 
     </span>
    </p>
   </div>
   <div class='ocr_carea' id='block_1_91' title="bbox 1963 3725 3590 3796">
    <p class='ocr_par' dir='ltr' id='par_1_91' title="bbox 1963 3725 3590 3796">
     <span class='ocr_line' id='line_1_91' title="bbox 1963 3725 3590 3796; baseline 0.001 -20"><span class='ocrx_word' id='word_1_651' title='bbox 1963 3730 2061 3776; x_wconf 89' lang='lat' dir='ltr'><strong>aut</strong></span> <span class='ocrx_word' id='word_1_652' title='bbox 2095 3741 2297 3794; x_wconf 87' lang='lat' dir='ltr'><strong>parare</strong></span> <span class='ocrx_word' id='word_1_653' title='bbox 2330 3731 2428 3777; x_wconf 89' lang='lat' dir='ltr'><strong>aut</strong></span> <span class='ocrx_word' id='word_1_654' title='bbox 2459 3727 2601 3778; x_wconf 89' lang='lat' dir='ltr'><strong>tueri</strong></span> <span class='ocrx_word' id='word_1_655' title='bbox 2639 3725 2907 3790; x_wconf 89' lang='lat' dir='ltr'><strong>valituro,</strong></span> <span class='ocrx_word' id='word_1_656' title='bbox 2960 3727 3070 3780; x_wconf 91' lang='lat' dir='ltr'><strong>nisi</strong></span> <span class='ocrx_word' id='word_1_657' title='bbox 3122 3745 3153 3779; x_wconf 71' lang='grc' dir='ltr'>ιι</span> <span class='ocrx_word' id='word_1_658' title='bbox 3202 3744 3262 3780; x_wconf 90' lang='lat' dir='ltr'><strong>se</strong></span> <span class='ocrx_word' id='word_1_659' title='bbox 3306 3727 3431 3796; x_wconf 88' lang='lat' dir='ltr'><strong>ipso</strong></span> <span class='ocrx_word' id='word_1_660' title='bbox 3481 3725 3590 3779; x_wconf 85' lang='lat' dir='ltr'><strong>sibi</strong></span> 
     </span>
    </p>
   </div>
   <div class='ocr_carea' id='block_1_92' title="bbox 1963 3813 3586 3881">
    <p class='ocr_par' dir='ltr' id='par_1_92' title="bbox 1963 3813 3586 3881">
     <span class='ocr_line' id='line_1_92' title="bbox 1963 3813 3586 3881; baseline 0.001 -17"><span class='ocrx_word' id='word_1_661' title='bbox 1963 3827 2190 3874; x_wconf 89' lang='lat' dir='ltr'><strong>cavens,</strong></span> <span class='ocrx_word' id='word_1_662' title='bbox 2243 3816 2298 3864; x_wconf 87' lang='lat' dir='ltr'><strong>et</strong></span> <span class='ocrx_word' id='word_1_663' title='bbox 2359 3813 2662 3881; x_wconf 65' lang='lat' dir='ltr'><strong>perdenda:</strong></span> <span class='ocrx_word' id='word_1_664' title='bbox 2709 3813 2916 3866; x_wconf 70' lang='lat' dir='ltr'><strong>animm</strong></span> <span class='ocrx_word' id='word_1_665' title='bbox 2965 3815 3324 3868; x_wconf 85' lang='lat' dir='ltr'><strong>occasionem</strong></span> <span class='ocrx_word' id='word_1_666' title='bbox 3378 3815 3586 3878; x_wconf 87' lang='lat' dir='ltr'><strong>vitans,</strong></span> 
     </span>
    </p>
   </div>
   <div class='ocr_carea' id='block_1_93' title="bbox 1962 3900 3589 3972">
    <p class='ocr_par' dir='ltr' id='par_1_93' title="bbox 1962 3900 3589 3972">
     <span class='ocr_line' id='line_1_93' title="bbox 1962 3900 3589 3972; baseline 0.001 -20"><span class='ocrx_word' id='word_1_667' title='bbox 1962 3917 1995 3952; x_wconf 89' lang='lat' dir='ltr'><strong>a</strong></span> <span class='ocrx_word' id='word_1_668' title='bbox 2044 3901 2324 3969; x_wconf 69' lang='lat' dir='ltr'><strong>cognatis.</strong></span> <span class='ocrx_word' id='word_1_669' title='bbox 2374 3900 2531 3961; x_wconf 80' lang='lat' dir='ltr'><strong>filiis,</strong></span> <span class='ocrx_word' id='word_1_670' title='bbox 2585 3900 2820 3960; x_wconf 87' lang='lat' dir='ltr'><strong>divitiis.</strong></span> <span class='ocrx_word' id='word_1_671' title='bbox 2871 3903 3113 3971; x_wconf 84' lang='lat' dir='ltr'><strong>ipsaque</strong></span> <span class='ocrx_word' id='word_1_672' title='bbox 3168 3902 3363 3972; x_wconf 55' lang='lat' dir='ltr'><strong>procul</strong></span> <span class='ocrx_word' id='word_1_673' title='bbox 3414 3919 3446 3955; x_wconf 89' lang='lat' dir='ltr'><strong>a</strong></span> <span class='ocrx_word' id='word_1_674' title='bbox 3496 3918 3589 3970; x_wconf 89' lang='lat' dir='ltr'><strong>pa-</strong></span> 
     </span>
    </p>
   </div>
   <div class='ocr_carea' id='block_1_94' title="bbox 1963 3988 3586 4059">
    <p class='ocr_par' dir='ltr' id='par_1_94' title="bbox 1963 3988 3586 4059">
     <span class='ocr_line' id='line_1_94' title="bbox 1963 3988 3586 4059; baseline 0.002 -19"><span class='ocrx_word' id='word_1_675' title='bbox 1963 3988 2070 4040; x_wconf 88' lang='lat' dir='ltr'><strong>tria</strong></span> <span class='ocrx_word' id='word_1_676' title='bbox 2103 4004 2227 4040; x_wconf 88' lang='lat' dir='ltr'><strong>sese</strong></span> <span class='ocrx_word' id='word_1_677' title='bbox 2262 3989 2586 4041; x_wconf 88' lang='lat' dir='ltr'><strong>removerit.</strong></span> <span class='ocrx_word' id='word_1_678' title='bbox 2623 3991 2876 4043; x_wconf 85' lang='lat' dir='ltr'><strong>Patriam</strong></span> <span class='ocrx_word' id='word_1_679' title='bbox 2911 3990 3224 4059; x_wconf 84' lang='lat' dir='ltr'><strong>siquidem,</strong></span> <span class='ocrx_word' id='word_1_680' title='bbox 3272 3991 3440 4054; x_wconf 83' lang='lat' dir='ltr'><strong>tilios,</strong></span> <span class='ocrx_word' id='word_1_681' title='bbox 3493 4007 3586 4043; x_wconf 86' lang='lat' dir='ltr'><strong>eo-</strong></span> 
     </span>
    </p>
   </div>
   <div class='ocr_carea' id='block_1_95' title="bbox 1963 4075 3590 4148">
    <p class='ocr_par' dir='ltr' id='par_1_95' title="bbox 1963 4075 3590 4148">
     <span class='ocr_line' id='line_1_95' title="bbox 1963 4075 3590 4148; baseline 0.002 -21"><span class='ocrx_word' id='word_1_682' title='bbox 1963 4075 2322 4145; x_wconf 87' lang='lat' dir='ltr'><strong>gnationem,</strong></span> <span class='ocrx_word' id='word_1_683' title='bbox 2350 4093 2486 4144; x_wconf 89' lang='lat' dir='ltr'><strong>opes</strong></span> <span class='ocrx_word' id='word_1_684' title='bbox 2519 4084 2878 4131; x_wconf 85' lang='lat' dir='ltr'><strong>commutare</strong></span> <span class='ocrx_word' id='word_1_685' title='bbox 2928 4095 3059 4131; x_wconf 92' lang='lat' dir='ltr'><strong>cum</strong></span> <span class='ocrx_word' id='word_1_686' title='bbox 3110 4077 3590 4148; x_wconf 74' lang='lat' dir='ltr'><strong>zequivalentibus</strong></span> 
     </span>
    </p>
   </div>
   <div class='ocr_carea' id='block_1_96' title="bbox 1963 4163 3592 4235">
    <p class='ocr_par' dir='ltr' id='par_1_96' title="bbox 1963 4163 3592 4235">
     <span class='ocr_line' id='line_1_96' title="bbox 1963 4163 3592 4235; baseline 0.002 -20"><span class='ocrx_word' id='word_1_687' title='bbox 1963 4164 2194 4231; x_wconf 90' lang='lat' dir='ltr'><strong>poterit,</strong></span> <span class='ocrx_word' id='word_1_688' title='bbox 2227 4163 2434 4216; x_wconf 69' lang='lat' dir='ltr'><strong>animae</strong></span> <span class='ocrx_word' id='word_1_689' title='bbox 2471 4167 2749 4229; x_wconf 83' lang='lat' dir='ltr'><strong>iacturam</strong></span> <span class='ocrx_word' id='word_1_690' title='bbox 2786 4167 2936 4234; x_wconf 90' lang='lat' dir='ltr'><strong>quod</strong></span> <span class='ocrx_word' id='word_1_691' title='bbox 2973 4167 3248 4219; x_wconf 81' lang='lat' dir='ltr'><strong>resarciat</strong></span> <span class='ocrx_word' id='word_1_692' title='bbox 3290 4183 3592 4235; x_wconf 90' lang='lat' dir='ltr'><strong>nunquam</strong></span> 
     </span>
    </p>
   </div>
   <div class='ocr_carea' id='block_1_97' title="bbox 1963 4251 3590 4324">
    <p class='ocr_par' dir='ltr' id='par_1_97' title="bbox 1963 4251 3590 4324">
     <span class='ocr_line' id='line_1_97' title="bbox 1963 4251 3590 4324; baseline 0.003 -21"><span class='ocrx_word' id='word_1_693' title='bbox 1963 4251 2232 4304; x_wconf 82' lang='lat' dir='ltr'><strong>inveniet.</strong></span> <span class='ocrx_word' id='word_1_694' title='bbox 2287 4252 2612 4320; x_wconf 75' lang='lat' dir='ltr'><strong>Adjungam</strong></span> <span class='ocrx_word' id='word_1_695' title='bbox 2663 4259 2719 4305; x_wconf 87' lang='lat' dir='ltr'><strong>et</strong></span> <span class='ocrx_word' id='word_1_696' title='bbox 2756 4253 2908 4306; x_wconf 89' lang='lat' dir='ltr'><strong>aliud</strong></span> <span class='ocrx_word' id='word_1_697' title='bbox 2945 4255 3274 4324; x_wconf 87' lang='lat' dir='ltr'><strong>sapientum</strong></span> <span class='ocrx_word' id='word_1_698' title='bbox 3308 4255 3539 4308; x_wconf 79' lang='lat' dir='ltr'><strong>effatum</strong></span> <span class='ocrx_word' id='word_1_699' title='bbox 3578 4272 3590 4308; x_wconf 93' lang='lat'><strong>:</strong></span> 
     </span>
    </p>
   </div>
   <div class='ocr_carea' id='block_1_98' title="bbox 1965 4341 3593 4412">
    <p class='ocr_par' dir='ltr' id='par_1_98' title="bbox 1965 4341 3593 4412">
     <span class='ocr_line' id='line_1_98' title="bbox 1965 4341 3593 4412; baseline 0.002 -21"><span class='ocrx_word' id='word_1_700' title='bbox 1965 4341 2275 4409; x_wconf 80' lang='lat' dir='ltr'><strong>pessimam</strong></span> <span class='ocrx_word' id='word_1_701' title='bbox 2312 4357 2437 4392; x_wconf 75' lang='lat' dir='ltr'><strong>esse</strong></span> <span class='ocrx_word' id='word_1_702' title='bbox 2470 4343 2802 4408; x_wconf 77' lang='lat' dir='ltr'><strong>pei-cuniam</strong></span> <span class='ocrx_word' id='word_1_703' title='bbox 2837 4358 2961 4409; x_wconf 68' lang='lat' dir='ltr'><strong>qua:</strong></span> <span class='ocrx_word' id='word_1_704' title='bbox 2995 4357 3106 4394; x_wconf 92' lang='lat' dir='ltr'><strong>non</strong></span> <span class='ocrx_word' id='word_1_705' title='bbox 3139 4347 3428 4412; x_wconf 88' lang='lat' dir='ltr'><strong>erogatur,</strong></span> <span class='ocrx_word' id='word_1_706' title='bbox 3463 4360 3593 4412; x_wconf 87' lang='lat' dir='ltr'><strong>pes—</strong></span> 
     </span>
    </p>
   </div>
   <div class='ocr_carea' id='block_1_99' title="bbox 1964 4427 3589 4499">
    <p class='ocr_par' dir='ltr' id='par_1_99' title="bbox 1964 4427 3589 4499">
     <span class='ocr_line' id='line_1_99' title="bbox 1964 4427 3589 4499; baseline 0.002 -20"><span class='ocrx_word' id='word_1_707' title='bbox 1964 4427 2167 4480; x_wconf 88' lang='lat' dir='ltr'><strong>simam</strong></span> <span class='ocrx_word' id='word_1_708' title='bbox 2208 4444 2439 4479; x_wconf 74' lang='lat' dir='ltr'><strong>uxorem</strong></span> <span class='ocrx_word' id='word_1_709' title='bbox 2477 4427 2568 4480; x_wconf 88' lang='lat' dir='ltr'><strong>cui</strong></span> <span class='ocrx_word' id='word_1_710' title='bbox 2600 4446 2743 4480; x_wconf 87' lang='lat' dir='ltr'><strong>suus</strong></span> <span class='ocrx_word' id='word_1_711' title='bbox 2776 4431 2860 4481; x_wconf 88' lang='lat' dir='ltr'><strong>vir</strong></span> <span class='ocrx_word' id='word_1_712' title='bbox 2890 4446 3097 4482; x_wconf 86' lang='lat' dir='ltr'><strong>exosus</strong></span> <span class='ocrx_word' id='word_1_713' title='bbox 3128 4438 3237 4490; x_wconf 75' lang='lat' dir='ltr'><strong>est,</strong></span> <span class='ocrx_word' id='word_1_714' title='bbox 3273 4431 3589 4499; x_wconf 88' lang='lat' dir='ltr'><strong>pessimum</strong></span> 
     </span>
    </p>
   </div>
   <div class='ocr_carea' id='block_1_100' title="bbox 1959 4501 3584 4585">
    <p class='ocr_par' dir='ltr' id='par_1_100' title="bbox 1965 4514 3584 4585">
     <span class='ocr_line' id='line_1_100' title="bbox 1965 4514 3584 4585; baseline 0.002 -19"><span class='ocrx_word' id='word_1_715' title='bbox 1965 4514 2143 4566; x_wconf 76' lang='lat' dir='ltr'><strong>tiliitiii</strong></span> <span class='ocrx_word' id='word_1_716' title='bbox 2183 4515 2518 4584; x_wconf 85' lang='lat' dir='ltr'><strong>parentibus</strong></span> <span class='ocrx_word' id='word_1_717' title='bbox 2559 4522 2983 4583; x_wconf 76' lang='lat' dir='ltr'><strong>contumacem,</strong></span> <span class='ocrx_word' id='word_1_718' title='bbox 3036 4519 3348 4585; x_wconf 80' lang='lat' dir='ltr'><strong>pessimum</strong></span> <span class='ocrx_word' id='word_1_719' title='bbox 3399 4536 3584 4585; x_wconf 64' lang='lat' dir='ltr'><strong>regem</strong></span> 
     </span>
    </p>
   </div>
   <div class='ocr_carea' id='block_1_101' title="bbox 1960 4602 3588 4675">
    <p class='ocr_par' dir='ltr' id='par_1_101' title="bbox 1960 4602 3588 4675">
     <span class='ocr_line' id='line_1_101' title="bbox 1960 4602 3588 4675; baseline 0.001 -19"><span class='ocrx_word' id='word_1_720' title='bbox 1960 4604 2054 4667; x_wconf 88' lang='lat' dir='ltr'><strong>qui</strong></span> <span class='ocrx_word' id='word_1_721' title='bbox 2094 4602 2333 4656; x_wconf 85' lang='lat' dir='ltr'><strong>simulat</strong></span> <span class='ocrx_word' id='word_1_722' title='bbox 2366 4604 2777 4668; x_wconf 79' lang='lat' dir='ltr'><strong>innocentiam,</strong></span> <span class='ocrx_word' id='word_1_723' title='bbox 2817 4605 3132 4673; x_wconf 81' lang='lat' dir='ltr'><strong>pessimum</strong></span> <span class='ocrx_word' id='word_1_724' title='bbox 3161 4606 3409 4658; x_wconf 86' lang='lat' dir='ltr'><strong>amicum</strong></span> <span class='ocrx_word' id='word_1_725' title='bbox 3461 4622 3588 4675; x_wconf 90' lang='lat' dir='ltr'><strong>per-</strong></span> 
     </span>
    </p>
   </div>
   <div class='ocr_carea' id='block_1_102' title="bbox 1960 4690 3588 4763">
    <p class='ocr_par' dir='ltr' id='par_1_102' title="bbox 1960 4690 3588 4763">
     <span class='ocr_line' id='line_1_102' title="bbox 1960 4690 3588 4763; baseline 0.002 -19"><span class='ocrx_word' id='word_1_726' title='bbox 1960 4692 2254 4752; x_wconf 78' lang='lat' dir='ltr'><strong>fidiosum,</strong></span> <span class='ocrx_word' id='word_1_727' title='bbox 2302 4690 2618 4758; x_wconf 80' lang='lat' dir='ltr'><strong>pessimum</strong></span> <span class='ocrx_word' id='word_1_728' title='bbox 2673 4691 2962 4745; x_wconf 88' lang='lat' dir='ltr'><strong>civitatem</strong></span> <span class='ocrx_word' id='word_1_729' title='bbox 3015 4693 3362 4747; x_wconf 84' lang='lat' dir='ltr'><strong>seditionum</strong></span> <span class='ocrx_word' id='word_1_730' title='bbox 3415 4711 3588 4763; x_wconf 85' lang='lat' dir='ltr'><strong>appa—</strong></span> 
     </span>
    </p>
   </div>
   <div class='ocr_carea' id='block_1_103' title="bbox 1959 4779 3586 4846">
    <p class='ocr_par' dir='ltr' id='par_1_103' title="bbox 1959 4779 3586 4846">
     <span class='ocr_line' id='line_1_103' title="bbox 1959 4779 3586 4846; baseline 0.003 -16"><span class='ocrx_word' id='word_1_731' title='bbox 1959 4779 2182 4831; x_wconf 84' lang='lat' dir='ltr'><strong>ratibus</strong></span> <span class='ocrx_word' id='word_1_732' title='bbox 2219 4783 2558 4845; x_wconf 85' lang='lat' dir='ltr'><strong>tumentem,</strong></span> <span class='ocrx_word' id='word_1_733' title='bbox 2597 4781 2766 4846; x_wconf 81' lang='lat' dir='ltr'><strong>eujus</strong></span> <span class='ocrx_word' id='word_1_734' title='bbox 2798 4780 2948 4832; x_wconf 85' lang='lat' dir='ltr'><strong>cives</strong></span> <span class='ocrx_word' id='word_1_735' title='bbox 2980 4783 3146 4834; x_wconf 78' lang='lat' dir='ltr'><strong>anxie</strong></span> <span class='ocrx_word' id='word_1_736' title='bbox 3195 4782 3377 4836; x_wconf 84' lang='lat' dir='ltr'><strong>vivere</strong></span> <span class='ocrx_word' id='word_1_737' title='bbox 3427 4787 3482 4835; x_wconf 85' lang='lat' dir='ltr'><strong>et</strong></span> <span class='ocrx_word' id='word_1_738' title='bbox 3529 4782 3586 4835; x_wconf 90' lang='lat' dir='ltr'><strong>in</strong></span> 
     </span>
    </p>
   </div>
   <div class='ocr_carea' id='block_1_104' title="bbox 1959 4866 3587 4937">
    <p class='ocr_par' dir='ltr' id='par_1_104' title="bbox 1959 4866 3587 4937">
     <span class='ocr_line' id='line_1_104' title="bbox 1959 4866 3587 4937; baseline 0.001 -18"><span class='ocrx_word' id='word_1_739' title='bbox 1959 4866 2132 4919; x_wconf 83' lang='lat' dir='ltr'><strong>horas</strong></span> <span class='ocrx_word' id='word_1_740' title='bbox 2185 4871 2441 4919; x_wconf 80' lang='lat' dir='ltr'><strong>extrema</strong></span> <span class='ocrx_word' id='word_1_741' title='bbox 2486 4868 2793 4921; x_wconf 89' lang='lat' dir='ltr'><strong>formidare</strong></span> <span class='ocrx_word' id='word_1_742' title='bbox 2837 4884 3070 4920; x_wconf 79' lang='lat' dir='ltr'><strong>necesse</strong></span> <span class='ocrx_word' id='word_1_743' title='bbox 3122 4869 3217 4922; x_wconf 88' lang='lat' dir='ltr'><strong>sit.</strong></span> <span class='ocrx_word' id='word_1_744' title='bbox 3268 4870 3359 4922; x_wconf 81' lang='lat' dir='ltr'><strong>Sic</strong></span> <span class='ocrx_word' id='word_1_745' title='bbox 3399 4876 3452 4922; x_wconf 88' lang='lat' dir='ltr'><strong>et</strong></span> <span class='ocrx_word' id='word_1_746' title='bbox 3483 4887 3587 4937; x_wconf 74' lang='lat' dir='ltr'><strong>ego</strong></span> 
     </span>
    </p>
   </div>
   <div class='ocr_carea' id='block_1_105' title="bbox 1957 4955 3584 5023">
    <p class='ocr_par' dir='ltr' id='par_1_105' title="bbox 1957 4955 3584 5023">
     <span class='ocr_line' id='line_1_105' title="bbox 1957 4955 3584 5023; baseline 0.001 -16"><span class='ocrx_word' id='word_1_747' title='bbox 1957 4955 2106 5022; x_wconf 88' lang='lat' dir='ltr'><strong>apud</strong></span> <span class='ocrx_word' id='word_1_748' title='bbox 2142 4960 2193 5008; x_wconf 88' lang='lat' dir='ltr'><strong>te</strong></span> <span class='ocrx_word' id='word_1_749' title='bbox 2225 4971 2468 5007; x_wconf 86' lang='lat' dir='ltr'><strong>manens</strong></span> <span class='ocrx_word' id='word_1_750' title='bbox 2500 4971 2724 5023; x_wconf 77' lang='lat' dir='ltr'><strong>semper</strong></span> <span class='ocrx_word' id='word_1_751' title='bbox 2755 4972 2942 5009; x_wconf 87' lang='lat' dir='ltr'><strong>essem</strong></span> <span class='ocrx_word' id='word_1_752' title='bbox 2986 4956 3211 5008; x_wconf 84' lang='lat' dir='ltr'><strong>anxius.</strong></span> <span class='ocrx_word' id='word_1_753' title='bbox 3248 4958 3313 5009; x_wconf 75' lang='lat' dir='ltr'><strong>Et</strong></span> <span class='ocrx_word' id='word_1_754' title='bbox 3361 4957 3453 5011; x_wconf 86' lang='lat' dir='ltr'><strong>bis</strong></span> <span class='ocrx_word' id='word_1_755' title='bbox 3502 4959 3584 5010; x_wconf 84' lang='lat' dir='ltr'><strong>rli-</strong></span> 
     </span>
    </p>
   </div>
   <div class='ocr_carea' id='block_1_106' title="bbox 1959 5041 3589 5112">
    <p class='ocr_par' dir='ltr' id='par_1_106' title="bbox 1959 5041 3589 5112">
     <span class='ocr_line' id='line_1_106' title="bbox 1959 5041 3589 5112; baseline 0.001 -18"><span class='ocrx_word' id='word_1_756' title='bbox 1959 5041 2064 5095; x_wconf 84' lang='lat' dir='ltr'><strong>etis</strong></span> <span class='ocrx_word' id='word_1_757' title='bbox 2122 5041 2384 5104; x_wconf 85' lang='lat' dir='ltr'><strong>evolavit,</strong></span> <span class='ocrx_word' id='word_1_758' title='bbox 2437 5041 2632 5095; x_wconf 82' lang='lat' dir='ltr'><strong>relicto</strong></span> <span class='ocrx_word' id='word_1_759' title='bbox 2685 5044 2908 5096; x_wconf 84' lang='lat' dir='ltr'><strong>cunctis</strong></span> <span class='ocrx_word' id='word_1_760' title='bbox 2959 5045 3217 5112; x_wconf 80' lang='lat' dir='ltr'><strong>exemplo</strong></span> <span class='ocrx_word' id='word_1_761' title='bbox 3266 5045 3484 5098; x_wconf 84' lang='lat' dir='ltr'><strong>salubri</strong></span> <span class='ocrx_word' id='word_1_762' title='bbox 3533 5052 3589 5098; x_wconf 79' lang='lat' dir='ltr'><strong>et.</strong></span> 
     </span>
    </p>
   </div>
   <div class='ocr_carea' id='block_1_107' title="bbox 1958 5130 3588 5202">
    <p class='ocr_par' dir='ltr' id='par_1_107' title="bbox 1958 5130 3588 5202">
     <span class='ocr_line' id='line_1_107' title="bbox 1958 5130 3588 5202; baseline 0.002 -20"><span class='ocrx_word' id='word_1_763' title='bbox 1958 5131 2418 5200; x_wconf 77' lang='lat' dir='ltr'><strong>prudentissimo</strong></span> <span class='ocrx_word' id='word_1_764' title='bbox 2446 5130 2710 5196; x_wconf 81' lang='lat' dir='ltr'><strong>consilio,</strong></span> <span class='ocrx_word' id='word_1_765' title='bbox 2749 5149 3044 5202; x_wconf 86' lang='lat' dir='ltr'><strong>nunquam</strong></span> <span class='ocrx_word' id='word_1_766' title='bbox 3079 5133 3148 5184; x_wconf 77' lang='lat' dir='ltr'><strong>iis</strong></span> <span class='ocrx_word' id='word_1_767' title='bbox 3181 5133 3395 5185; x_wconf 85' lang='lat' dir='ltr'><strong>fidendi</strong></span> <span class='ocrx_word' id='word_1_768' title='bbox 3443 5150 3588 5202; x_wconf 84' lang='lat' dir='ltr'><strong>quos</strong></span> 
     </span>
    </p>
   </div>
   <div class='ocr_carea' id='block_1_108' title="bbox 1961 5217 2191 5272">
    <p class='ocr_par' dir='ltr' id='par_1_108' title="bbox 1961 5217 2191 5272">
     <span class='ocr_line' id='line_1_108' title="bbox 1961 5217 2191 5272; baseline -0.013 -2"><span class='ocrx_word' id='word_1_769' title='bbox 1961 5217 2191 5272; x_wconf 71' lang='lat' dir='ltr'><strong>laeseris.</strong></span> 
     </span>
    </p>
   </div>
  </div>
