4108 6294
447 349 586 402 1343

1977 355 2360 408 APPENDIX.

3689 356 3834 412 1344

446 477 548 530 sed
601 476 984 530 intolerabilis
1033 477 1272 533 licentia
1321 478 1603 533 violandae
1662 494 1807 532 ausu
1861 477 2076 531 nefario
2109 479 2160 544 Α
2190 479 2430 548 spexisti
2463 479 2632 535 fidem
2667 486 2723 535 et
2754 482 3098 553 probitatem
3135 483 3336 537 thois?
3364 487 3420 536 et
3444 483 3604 536 illum
3637 492 3833 536 tamen

439 581 616 619 sacris
653 566 992 632 majestatis.
1032 567 1395 621 Audiebatur
1426 573 1482 621 et
1511 567 1749 620 alterius
1784 567 1903 619 haec
1935 582 2040 618 vox
2070 583 2081 619 :

441 653 634 707 Mittat
664 667 763 705 rex
792 653 891 722 qui
935 659 1271 708 scrutentur
1323 656 1564 709 domum
1625 654 1817 721 thois;
1867 653 2086 707 cubilia

449 738 686 794 sceleris
729 739 1257 808 deprehendentur,
1305 745 1360 795 et
1411 757 1646 812 corpus,
1698 739 1850 808 quod
1898 738 2082 808 aiunt,

443 831 639 900 ipsum
673 829 867 883 delicti
898 831 1211 886 tenebitur.
1247 830 1481 898 Verum,
1521 830 1878 899 adjungebat
1908 826 2080 893 alius,

441 917 879 988 properandum
906 917 964 971 in
989 918 1094 972 hoc
1124 924 1443 984 csset,nam
1480 918 1801 988 periculum
1834 915 1890 969 in
1922 931 2083 969 mora

437 1010 562 1073 est;
598 1011 653 1060 et
704 1005 880 1070 alius,
933 1006 1077 1061 Male
1126 1024 1331 1061 vereor
1376 1023 1444 1060 ne
1493 1005 1626 1060 thos
1678 1003 2081 1059 astutissimus

440 1095 739 1150 consuetis
773 1095 1035 1149 artiﬁciis
1068 1096 1315 1150 fascinet
1356 1096 1570 1149 iterum
1626 1110 1840 1163 regem,
1874 1098 1930 1146 et
1961 1097 2079 1146 tam

445 1184 742 1260 manifesti
803 1185 1069 1238 criminis
1148 1184 1408 1238 mendaci
1483 1183 1814 1238 defensione
1885 1185 2079 1234 notam

450 1272 631 1327 cluat.

513 1379 755 1435 VI.Cum
772 1379 851 1433 ita
865 1395 1064 1434 omnes
1081 1379 1532 1434 insidiosissimo
1547 1394 1832 1432 consensu
1854 1371 2084 1431 leoneni

446 1466 702 1537 undique
733 1472 1027 1537 urgerent,
1078 1473 1134 1522 et
1184 1468 1379 1538 ipsum
1427 1466 1833 1537 perturbatum
1884 1464 2081 1518 dolore

447 1554 673 1624 prandii
706 1555 1196 1624 subtracti,jussit
1223 1556 1316 1608 ille
1350 1555 1541 1608 thoem
1577 1555 1770 1608 subito
1802 1552 2080 1612 vocari.et

446 1658 515 1696 ex
545 1643 814 1712 praesenti
851 1644 1157 1697 minaciter
1187 1647 1562 1713 percontatus
1605 1647 1713 1705 est,
1767 1641 1865 1694 ubi
1902 1639 2080 1693 ferina

447 1735 601 1785 esset
616 1746 788 1800 quam
807 1731 913 1800 ipsi
930 1731 1273 1784 tradidisset
1288 1731 1471 1800 pridie
1494 1727 1883 1784 servandam?
1903 1727 2078 1787 Thos.

450 1819 605 1887 quod
641 1833 732 1872 res
778 1823 922 1885 erat,
970 1817 1312 1888 simpliciter
1361 1818 1663 1888 respondit
1714 1833 1776 1872 se
1825 1816 2078 1870 curatori
2111 1831 2156 1893 Β

452 1923 638 1978 penus
669 1907 1060 1976 reponendam
1087 1906 1474 1960 commisisse.
1510 1906 1721 1959 Aderat
1748 1905 1890 1958 forte
1924 1905 1974 1958 is
2028 1907 2084 1958 et

451 2000 892 2066 praeoccupatus
922 2012 955 2048 a
986 1994 1506 2049 calumniatoribus
1539 1995 1744 2061 fuerat,
1779 2008 1958 2064 quare
1992 2010 2085 2063 pa-

457 2085 573 2139 lam
609 2084 838 2155 negavit
871 2101 932 2138 se
963 2101 993 2136 a
1023 2084 1157 2138 thoe
1189 2084 1512 2154 quidquam
1558 2082 1872 2152 accepisse.
1922 2082 2086 2136 Tunc

459 2173 620 2227 misit
666 2188 765 2226 rex
807 2173 904 2241 qui
957 2177 1358 2226 scrutarentur
1406 2173 1647 2225 domum
1701 2170 1876 2237 thois,
1927 2171 2088 2240 ipsos

456 2262 827 2317 commodum
854 2261 951 2330 qui
981 2261 1241 2314 fraudem
1267 2259 1717 2313 adornarent.Hi
1741 2257 1934 2312 statim
1961 2261 2090 2327 post

456 2351 699 2405 ferinam
735 2349 899 2417 quasi
951 2348 1103 2417 apud
1156 2347 1351 2400 thoem
1407 2346 1464 2399 in
1515 2345 1754 2399 latebris
1803 2349 2090 2414 repertam

457 2440 607 2494 leoni
643 2437 1084 2492 detulerunt.Ad
1098 2436 1203 2489 fuit
1226 2438 1375 2490 inter
1398 2435 1653 2505 reliquos
1675 2435 1850 2504 lupus
1873 2433 2089 2497 senior,

455 2526 766 2581 simulator
796 2526 970 2590 vafer,
1005 2525 1103 2593 qui
1141 2526 1355 2578 tamam
1395 2524 1640 2594 justitiae
1673 2538 1735 2576 ac
1766 2520 2092 2575 sanctitatis

459 2616 593 2670 ﬁcta
624 2613 909 2668 modestia
937 2612 1268 2680 collegerat.
1301 2612 1353 2664 ls
1383 2612 1632 2680 graviter
1680 2614 1738 2663 et
1788 2609 2095 2678 diligenter

456 2705 635 2758 vitata
661 2701 817 2755 omni
853 2701 1185 2770 suspicione
1215 2700 1311 2753 ira;
1335 2709 1432 2753 aut
1454 2698 1674 2760 livoris.
1710 2696 2002 2768 suggessit
2032 2695 2092 2748 in

459 2807 657 2846 aurem
693 2789 811 2859 regi
849 2804 862 2842 :
894 2788 949 2841 Si
981 2788 1207 2841 veniam
1241 2789 1390 2854 apud
1425 2791 1482 2840 te
1507 2785 1729 2840 invenit
1777 2790 1896 2838 tam
1930 2787 2092 2838 atrox

455 2886 512 2936 et
544 2879 914 2934 manifestum
949 2875 1369 2940 scelus,nullus
1400 2875 1511 2928 erit
1540 2874 1748 2928 deinde
1779 2873 1876 2942 qui
1902 2872 2092 2926 defer-

457 2987 517 3024 re
549 2967 732 3022 ullum
768 2965 1048 3019 indicium
1084 2965 1296 3018 audeat
1327 2961 1776 3017 machinationis
1809 2960 2092 3029 cujusvis,

465 3055 731 3112 etiamin
781 3057 955 3121 caput
1001 3057 1191 3106 tuum.
1244 3051 1360 3105 Hoc
1408 3050 1498 3105 leo
1547 3049 1746 3103 audito
1797 3047 2094 3118 compingi

458 3147 647 3201 thoem
676 3142 858 3213 jussit
888 3141 947 3194 in
981 3156 1291 3194 carcerem.
1344 3141 1483 3191 Dum
1517 3137 1571 3188 id
1607 3137 1789 3198 fieret,
1822 3135 2090 3189 adulator

467 3233 700 3305 quidam
733 3248 800 3285 ex
832 3229 1182 3283 astantibus.
1218 3226 1470 3292 Dudum,
1504 3224 1586 3278 ait
1617 3223 1872 3278 mirabar
1899 3241 1931 3277 a
1961 3240 2086 3278 sce-

464 3323 646 3376 lerato
677 3321 790 3373 isto
825 3319 1020 3370 fucum
1056 3314 1178 3368 fieri
1228 3312 1744 3382 perspicacissimze
1785 3312 2089 3382 sagacitati

457 3408 677 3465 domini
712 3406 916 3460 nostri.
954 3404 1073 3458 Sub
1105 3402 1224 3456 haec
1258 3402 1420 3455 misit
1442 3403 1527 3454 leo
1559 3401 1628 3453 ad
1660 3399 1851 3454 thoem
1879 3400 2090 3469 quaesi-

459 3504 613 3554 tores
645 3513 711 3550 ex
743 3495 941 3548 eadem
978 3491 1472 3561 sycophantarum
1525 3487 1761 3540 cohorte
1808 3487 1904 3558 qui
1956 3503 2088 3540 eum

458 3586 882 3652 interrogarent
906 3581 960 3633 in
979 3578 1612 3633 custodia.Confinxeru
1626 3580 1684 3628 nt
1707 3574 1788 3628 illi
1816 3591 2094 3644 responsa

459 3678 583 3746 ejus
618 3672 987 3728 contumacia
1017 3675 1073 3723 ct
1095 3666 1517 3722 contumeliosa
1546 3666 1602 3718 in
1650 3665 2090 3735 principem,cui

461 3770 517 3818 et
547 3779 677 3817 mox
709 3762 909 3815 eadem
943 3760 1358 3827 exaggerantes
1393 3753 1849 3807 invidiosissime
1881 3755 2091 3805 retule-

464 3852 771 3914 runt,adeo
805 3857 865 3901 ut
897 3847 967 3900 iis
993 3845 1206 3899 auditis
1230 3844 1500 3897 efferatus
1521 3842 1608 3896 leo
1628 3842 1818 3895 thoem
1848 3839 2094 3893 interfici

468 3939 789 3994 mandaret.

534 4043 656 4097 VII.
688 4040 952 4095 Pervenit
979 4037 1213 4091 interim
1242 4037 1308 4089 ad
1340 4039 1578 4088 matrem
1611 4034 1762 4103 regis
1792 4034 1970 4086 totius
1994 4050 2096 4086 no-

460 4134 586 4187 titia
615 4129 942 4185 calumnia}.
980 4127 1109 4180 Hzec
1140 4126 1392 4193 primum
1423 4125 1710 4190 omnium,
1744 4123 1895 4192 quod
1933 4120 2097 4175 facile

463 4221 709 4289 poterat,
746 4220 978 4285 propter
1008 4212 1410 4266 auctoritatem
1435 4206 2094 4276 summam,dilationcm

463 4305 814 4376 interposuit
847 4300 1155 4371 supplicio.
1190 4300 1336 4352 Tum
1391 4297 1616 4351 leonem
1676 4296 1940 4366 privatim
1999 4312 2096 4363 ag-

464 4413 684 4464 gressa,
717 4396 897 4458 Quam
934 4393 1006 4445 ob
1037 4406 1295 4454 causam;
1331 4388 1432 4450 ait,
1470 4387 1568 4452 fili,
1612 4384 1916 4454 capitalem
1968 4402 2096 4438 seu-

462 4484 700 4538 tentiain
733 4483 786 4533 in
817 4480 1008 4531 thoem
1036 4475 1462 4546 pronuntiasti?
1497 4473 1714 4526 Retulit
1737 4471 1821 4525 leo
1847 4489 1970 4541 qua}
1996 4489 2098 4524 au-

467 4572 651 4625 dierat
682 4576 736 4622 et
767 4567 1023 4629 viderat;
1058 4569 1113 4617 et
1143 4563 1240 4616 illa
1275 4580 1284 4615 :
1322 4561 1654 4626 Festinasti,
1711 4559 1810 4624 fili,
1847 4560 2094 4613 nimium

463 4661 518 4712 in
558 4676 615 4711 re
650 4655 880 4710 maximi
906 4652 1211 4716 momenti;
1245 4657 1298 4702 et
1323 4654 1606 4718 quantum
1643 4648 1697 4700 in
1736 4653 1788 4700 te
1824 4648 2098 4712 t'uil,seraz

465 4747 569 4801 tibi
607 4744 955 4816 pcenitentize
983 4741 1036 4792 in
1071 4741 1247 4791 vitam
1280 4738 1556 4806 reliquam
1596 4735 1755 4788 triste.
1791 4752 2097 4805 argumen-

465 4841 582 4888 tum
619 4818 990 4900 comparasti.
1016 4827 1314 4879 Sustinere
1345 4830 1676 4893 Oportuerat
1707 4829 1761 4874 et
1793 4825 2053 4875 cunctari
2081 4841 2094 4886 ;

465 4941 598 4978 nam
637 4920 847 4974 mulier
881 4935 977 4987 per
998 4916 1184 4967 virum
1221 4929 1391 4966 suum
1429 4911 1728 4974 stat,iilius
1763 4928 1862 4981 per
1893 4928 2095 4979 paren-

465 5019 574 5069 tes.
609 5007 932 5078 discipulus
974 5021 1073 5075 per
1111 5003 1482 5070 magistrum,
1537 4999 1823 5051 exercitus
1858 5016 1957 5067 per
1987 5001 2095 5051 du-

465 5117 608 5160 cem,
645 5095 894 5167 populus
919 5111 1018 5161 per
1050 5107 1266 5160 regem,
1318 5105 1415 5140 rex
1466 5105 1566 5156 per
1612 5088 1818 5153 legem,
1863 5087 1951 5139 lex
2000 5104 2099 5156 per

467 5185 861 5257 prudentiam,
895 5179 1204 5252 prudentia
1237 5195 1336 5247 per
1383 5175 1853 5236 cunctationem;
1883 5184 1936 5227 et
1983 5176 2095 5226 ini-

465 5277 610 5328 tium
645 5269 942 5342 sapientia:
973 5267 1092 5335 regi
1127 5270 1235 5330 est,
1267 5280 1438 5318 nosse
1468 5263 1578 5316 sibi
1606 5263 1997 5331 subjectos,ac
2028 5263 2097 5315 de

464 5378 691 5429 quoque
723 5360 984 5429 ipsorum
1017 5355 1348 5408 existimare
1382 5355 1553 5421 prout
1575 5367 1762 5404 mores
1793 5351 1918 5419 ejus
1937 5353 2094 5404 sunt.

467 5451 528 5505 Id
561 5450 606 5503 si
645 5450 881 5513 faceres,
934 5461 1045 5498 non
1095 5439 1388 5494 mirareris
1441 5439 1651 5507 probos
1701 5437 2020 5507 oppugnari
2065 5454 2097 5492 a

469 5534 874 5604 aequissimis,
907 5548 1010 5585 nec
1043 5531 1212 5584 fidem
1259 5526 1328 5579 iis
1373 5526 1660 5578 tribueres
1715 5525 1928 5594 quibus
1960 5541 2096 5594 sup-

471 5624 642 5694 plicia
673 5621 1152 5675 debebas.Nonne
1182 5615 1506 5668 innumeris
1537 5612 1948 5682 experimentis
1973 5629 2095 5682 per-

2193 571 2310 620 tam
2351 567 2462 622 cito
2520 575 2754 639 propter
2816 571 3370 626 inverisimillimum
3415 571 3636 626 crimen
3683 572 3827 624 sub-

2191 657 2386 708 tractae
2419 658 2767 723 carunculae,
2810 659 2880 714 ad
2912 658 3263 714 delationem
3312 659 3656 736 aemulorum
3697 660 3832 727 ejus

2191 741 2408 796 scelere
2439 742 2839 814 ﬂagrantium,
2871 762 2940 800 ex
2971 747 3175 800 fraude
3215 746 3573 817 perfidiaque
3604 747 3833 801 conﬂa-

2190 834 2410 898 torum,
2474 833 2646 886 morti
2702 833 3028 888 addixisti‘?
3100 834 3301 889 Nescis
3372 834 3619 905 capitale
3695 851 3829 888 esse

2188 919 2447 988 regibus,
2481 919 2610 974 aliis
2641 924 3002 977 committere
3032 940 3156 992 quae
3188 939 3385 991 gerere
3417 939 3516 992 per
3551 939 3679 976 sese
3712 921 3827 992 ipsi

2187 1007 2451 1060 debent?
2479 1007 2603 1063 Non
2637 1009 2797 1064 vides
2831 1009 2930 1079 qui
2963 1010 3163 1064 vinum
3220 1016 3446 1073 emunt,
3500 1026 3676 1080 quam
3732 1011 3822 1063 di-

2184 1093 2431 1164 ligenter
2461 1095 2625 1166 prius
2657 1096 2959 1166 explorent
2989 1096 3261 1162 colorem,
3293 1098 3826 1167 odorem,gustum,

2187 1199 2258 1236 ne
2288 1199 2405 1252 qua
2437 1183 2581 1254 ipsis
2613 1185 2774 1238 fraus
2807 1185 2954 1238 fiat?
2988 1190 3206 1254 quanto
3240 1185 3425 1254 magis
3457 1186 3622 1238 decet
3660 1200 3828 1253 reges

2187 1269 2586 1325 curiosissime
2613 1270 2889 1342 indagare
2921 1277 3132 1326 cuncta
3162 1271 3219 1325 in
3245 1273 3474 1341 negotio
3510 1273 3563 1324 in
3590 1288 3708 1340 quo
3738 1273 3827 1324 ni-

2186 1355 2266 1410 hil
2303 1356 2493 1412 minus
2525 1374 2702 1428 quam
2727 1360 2888 1430 regni
2922 1359 3083 1414 salus
3111 1358 3335 1428 agitur!
3373 1359 3639 1413 Minister
3668 1359 3826 1412 ﬁdus

2187 1460 2252 1497 ac
2294 1446 2551 1514 prudens
2594 1446 2897 1501 brachium
2947 1447 3213 1501 dextrum
3267 1446 3573 1516 principis,
3626 1447 3826 1516 reipu-

2187 1530 2350 1586 blicae.
2397 1533 2826 1588 firmamentum
2873 1550 2938 1588 ac
2993 1534 3262 1589 columen
3308 1539 3416 1588 est.
3470 1539 3593 1589 Non
3642 1533 3829 1604 igitur

2187 1621 2484 1689 oportebat
2516 1627 2570 1675 te
2600 1620 2697 1676 alii
2733 1622 2906 1676 fidere
2937 1622 2995 1675 in
3045 1622 3371 1689 cognitione
3420 1622 3554 1675 talis
3611 1638 3823 1689 causas,

2186 1708 2508 1777 prmsertim
2541 1725 2695 1776 cum,
2731 1715 2793 1762 ut
2817 1708 2956 1777 dixi,
2993 1708 3154 1764 nulla
3182 1708 3694 1763 verisimilitudine
3716 1708 3823 1762 cri-

2189 1812 2318 1849 men
2351 1797 2893 1860 nitatur.Quomodo
2924 1797 3079 1851 enim
3111 1796 3212 1867 qui
3240 1797 3622 1868 temperantia
3643 1813 3822 1866 spon-

2191 1886 2360 1937 tanea
2391 1884 2565 1953 (quod
2598 1884 2873 1938 erunibus
2920 1889 3009 1938 est
3051 1884 3452 1952 notissimum)
3497 1885 3653 1938 omni
3706 1883 3820 1937 sibi

2189 1971 2488 2025 interdixit
2515 1987 2614 2025 esu
2649 1971 2936 2037 carnium,
2969 1973 3124 2026 credi
3149 1975 3330 2041 possit
3353 1972 3597 2026 ferinam
3618 1987 3646 2025 e
3666 1988 3817 2042 penu

2190 2061 2287 2111 tua
2320 2057 2722 2112 subtraxisse?
2752 2058 2927 2129 Finge
2959 2059 3095 2129 gula
3125 2060 3340 2113 victum
3380 2077 3394 2122 ;
3427 2060 3663 2113 deerant
3696 2077 3825 2113 ma-

2190 2145 2333 2200 cella
2379 2145 2675 2215 locupleti,
2721 2147 2962 2200 deerant
3019 2164 3264 2201 munera
3316 2147 3578 2202 certatim
3630 2149 3831 2202 oblata

2191 2239 2552 2302 venatorum,
2587 2250 2688 2303 per
2719 2251 2844 2303 quae
2877 2233 3182 2305 cupiditati
3214 2235 3620 2290 satisfaceret?
3649 2241 3717 2289 At
3745 2236 3829 2287 in-

2193 2323 2363 2372 venta
2393 2318 2550 2372 domi
2579 2319 2706 2388 ejus
2739 2318 2918 2373 ferina
2947 2323 3048 2374 tua
3079 2319 3210 2375 est?
3260 2325 3478 2390 Nempe
3523 2323 3594 2375 ab
3627 2321 3703 2374 iis
3729 2321 3831 2391 qui

2196 2407 2305 2475 ipsi
2339 2406 2765 2471 subtraxerant,
2789 2408 2900 2477 ipsi
2926 2424 2992 2462 eo
3021 2407 3361 2473 intulerant,
3384 2414 3447 2463 ut
3477 2410 3672 2464 thoem
3699 2426 3831 2480 per-

2197 2497 2419 2550 derent.
2455 2499 2532 2551 An
2565 2502 2654 2552 est
2682 2498 2992 2552 obscurum
3039 2515 3242 2553 omnes
3286 2499 3431 2553 istos
3477 2499 3706 2553 invidiae
3738 2516 3829 2553 ra-

2197 2585 2289 2640 bie
2319 2585 2376 2638 in
2411 2601 2542 2638 eum
2577 2586 2808 2639 furere?
2839 2585 3052 2641 Vident
3089 2587 3359 2658 occupari
3408 2588 3478 2640 ab
3526 2604 3594 2641 eo
3639 2587 3832 2641 locum

2199 2689 2370 2742 quem
2402 2673 2514 2727 sibi
2539 2673 2847 2739 ambiunt;
2885 2691 3024 2744 opes
3055 2677 3207 2744 ejus,
3239 2675 3542 2740 honorem,
3578 2675 3833 2730 auctori-

2199 2766 2400 2827 tatem,
2434 2761 2587 2831 apud
2621 2766 2674 2815 te
2703 2761 2973 2831 gratiam,
3007 2763 3239 2832 propria
3273 2761 3622 2816 detrimenta
3655 2762 3838 2817 inter-

2198 2855 2504 2920 pretantur
2531 2892 2546 2916 ,
2579 2855 2840 2920 spectare
2871 2849 3170 2905 ﬂorentem
3218 2850 3380 2905 illum
3428 2856 3614 2906 morte
3665 2853 3835 2922 pejus

2199 2939 2421 2992 ducunt
2453 2955 2465 2991 :
2499 2938 2583 2992 sic
2610 2937 2834 2992 vulturi
2875 2943 3096 3008 partem
3143 2939 3440 2993 cadaveris
3493 2940 3719 3004 ferenti,
3751 2941 3834 2994 sic

2199 3028 2328 3082 cani
2361 3045 2493 3083 osse
2512 3032 2676 3097 rapto
2704 3029 3145 3099 fugienti,multi
3167 3029 3385 3084 circum
3410 3030 3633 3084 instant
3651 3029 3840 3083 vultu-

2202 3132 2293 3170 res
2332 3122 2389 3170 et
2436 3132 2609 3170 canes
2641 3115 2735 3168 alii
2796 3117 3044 3182 praedam
3078 3123 3421 3188 extorquere
3479 3123 3835 3187 satagentes.

2203 3206 2263 3257 In
2299 3220 2533 3258 summa
2563 3203 2646 3258 sic
2677 3203 2846 3269 habe,
2882 3203 3096 3258 bellum
3144 3221 3270 3258 esse
3321 3205 3745 3258 internecinum
3779 3209 3837 3258 et

2196 3293 2270 3345 im
2285 3291 2800 3362 plae:ibile,natura
2822 3299 3222 3362 comparatum
3253 3298 3427 3363 atque
3445 3293 3831 3347 commissum

2197 3379 2350 3432 inter
2381 3379 2677 3448 improbos
2717 3379 2982 3433 subditos
3027 3385 3084 3434 et
3121 3381 3336 3434 bonum
3387 3379 3730 3450 principem.
3765 3380 3831 3433 ln

2197 3481 2262 3519 eo
2295 3466 2446 3519 bello
2477 3467 2651 3520 cardo
2685 3466 2923 3536 periculi
2946 3471 3002 3519 et
3023 3484 3155 3537 spes
3177 3467 3425 3521 victoriae
3450 3468 3508 3520 in
3537 3467 3834 3520 ministro-

2200 3572 2327 3608 rum
2364 3555 2639 3624 qualitate
2672 3555 2915 3608 vertitur
2953 3574 2964 3609 :
3001 3556 3178 3610 vincit
3209 3557 3478 3625 princeps
3526 3557 3576 3608 si
3612 3556 3832 3608 mordio

2198 3659 2301 3697 cus
2334 3646 2492 3696 tenet
2521 3642 2884 3696 consiliarios
2917 3644 3210 3714 sapientes
3252 3647 3310 3695 et
3359 3641 3557 3696 fideles
3591 3662 3606 3708 ;
3642 3643 3689 3696 si
3727 3658 3829 3712 pro

2197 3730 2416 3784 talibus
2448 3730 2745 3784 calumnia
2766 3731 3006 3785 extortis
3029 3735 3182 3785 artes
3203 3730 3471 3800 malignae
3494 3730 3827 3784 invidorum

2197 3819 2492 3889 improbos
2523 3819 2852 3889 inﬁdosque
2883 3819 3184 3873 ministros
3222 3819 3601 3884 obtruserint,
3635 3825 3827 3874 actum

2201 3907 2270 3959 de
2292 3922 2422 3973 rege
2449 3912 2533 3958 est
2566 3921 2578 3958 :
2613 3906 2872 3959 seditiosi
2926 3906 2997 3960 de
3050 3905 3151 3960 illo
3199 3922 3262 3958 ac
3308 3905 3573 3970 rebelles,
3611 3905 3829 3976 ingenti

2201 3994 2531 4062 reipublicae
2580 3996 2764 4060 clade,
2815 3994 3283 4064 triumphabunt.
3332 3995 3518 4056 Quare
3565 3994 3621 4046 in
3676 4010 3742 4048 ea
3779 4011 3832 4047 re

2200 4087 2455 4135 extremo
2487 4088 2694 4135 conatu
2736 4082 3140 4149 decertare,sic
3161 4085 3439 4151 tanquam
3461 4099 3562 4151 pro
3584 4082 3704 4136 arie
3729 4100 3829 4153 pu-

2203 4174 2336 4238 gnet
2366 4175 2421 4223 et
2450 4170 2613 4237 focis,
2649 4169 2916 4239 princeps
2957 4169 3188 4239 sapiens
3238 4170 3426 4233 debet,
3482 4186 3554 4223 ne
3609 4170 3831 4225 idoneis

2203 4264 2526 4327 compertos
2558 4258 2923 4311 nocumentis
2949 4258 3155 4327 probos
3205 4274 3270 4310 ac
3314 4257 3558 4311 solertes
3592 4259 3832 4311 admini-

2205 4353 2354 4399 stros
2387 4345 2530 4415 eripi
2563 4345 2671 4398 sibi
2705 4345 2979 4414 patiatur,
3011 4348 3068 4398 et
3098 4349 3160 4398 ut
3193 4344 3249 4398 in
3273 4344 3482 4398 horum
3521 4347 3828 4416 perniciem

2203 4434 2454 4486 intentas
2489 4433 2788 4487 machinas
2825 4433 3217 4503 improbitatis
3267 4433 3519 4502 disjiciat
3569 4452 3633 4488 ac
3687 4436 3828 4488 iran~

2130 4515 2175 4577 Ι)
2208 4527 2327 4592 gat.

2278 4643 2422 4698 VIII.
2454 4648 2584 4697 Haec
2615 4644 2864 4698 maxime
2898 4644 3093 4715 regina
3142 4644 3482 4709 disserente,
3536 4647 3772 4715 quidam
3807 4663 3832 4700 e

2207 4731 2529 4800 conjuratis
2562 4733 2898 4785 auctoribus
2928 4732 3448 4797 caliimiiim,sontis
3472 4736 3835 4788 conscienti-e

2208 4821 2529 4872 convicium
2585 4838 2696 4872 non
2745 4821 2956 4887 ferens,
3018 4821 3264 4888 procidit
3313 4822 3381 4873 ad
3436 4824 3609 4892 pedes
3667 4825 3836 4893 regis,

2212 4909 2428 4974 Fateor,
2462 4908 2751 4977 inquiens,
2777 4909 3031 4966 domine.
3061 4907 3248 4961 scelus
3283 4925 3474 4962 meum
3513 4925 3523 4962 :
3560 4911 3834 4964 innocens

2208 4997 2337 5048 thes
2371 5001 2454 5049 est
2489 4996 2752 5048 criminis
2782 4995 3054 5065 impacti;
3089 5012 3192 5064 ego
3228 4998 3466 5049 ferinam
3519 5015 3696 5065 quam
3733 5001 3833 5052 tibi

2207 5100 2571 5151 seposueras,
2607 5101 2635 5135 e
2667 5101 2815 5152 penu
2871 5091 2971 5136 tua
3019 5085 3264 5145 iuratus,
3312 5084 3367 5136 iu
3421 5084 3548 5152 ejus
3597 5088 3831 5139 domum

2205 5170 2405 5224 detuli.
2441 5171 2558 5237 Ego
2590 5171 2740 5223 idem
2770 5172 2845 5223 ibi
2878 5187 3005 5224 eam
3039 5171 3133 5224 ubi
3167 5164 3588 5226 absconderem
3627 5176 3828 5243 reperi,

2207 5259 2471 5330 produxi,
2507 5263 2570 5311 ut
2608 5263 2681 5325 te,
2735 5260 2885 5328 quod
2938 5259 3199 5328 contigit,
3244 5260 3313 5312 ad
3363 5277 3494 5314 eum
3543 5262 3825 5315 damnan-

2207 5348 2347 5400 dum
2384 5345 2763 5416 impellerem.
2799 5347 2923 5400 Feci
2966 5345 3073 5398 hoc
3120 5352 3177 5399 et
3222 5346 3444 5400 malitia
3494 5350 3727 5418 prepria
3772 5356 3827 5403 et

2210 5451 2389 5488 suasu
2439 5434 2836 5503 instinctuque
2884 5434 3290 5502 plerorumque
3347 5434 3667 5489 aulicorum
3729 5438 3821 5507 qui

2207 5523 2399 5576 thoem
2437 5523 2682 5590 pessime
2713 5524 2978 5584 oderunt,
3009 5522 3160 5590 quod
3215 5520 3314 5573 tibi
3367 5523 3603 5589 cbarus,
3653 5533 3708 5578 et
3740 5527 3824 5579 ni-

2210 5610 2421 5671 mium,
2456 5616 2520 5661 ut
2547 5609 2694 5679 ipsis
2723 5609 2970 5675 videtur,
3020 5609 3153 5662 felix
3192 5614 3281 5663 est
3332 5610 3559 5664 Miranti
3610 5616 3680 5665 ad
3716 5615 3829 5667 haec
