4108 6294
256 356 394 411 1345

1258 346 1617 399 SPECIMEN
1658 342 2060 397 SAPIENTIE
2099 344 2430 397 INDORUM
2468 345 2625 396 VET.

3504 342 3638 395 1346

252 479 395 549 regi,
429 482 485 532 et
518 479 677 530 tanto
710 473 840 543 plus
876 488 1060 542 prono
1095 470 1164 523 ad
1203 466 1727 537 obtemperandum
1769 481 1895 517 mo~
1927 468 1977 530 Α
2002 465 2179 533 juriis
2212 465 2431 530 laesere,
2467 466 2538 519 ab
2567 464 2640 518 iis
2675 481 2822 535 quos
2855 482 2913 519 re
2966 464 3238 519 familiari
3286 465 3633 535 spoliarunt,

254 567 394 621 nitis
427 563 650 631 matris,
688 562 787 615 illa
818 575 1083 615 sermone
1108 560 1430 627 resumpto,
1463 554 1605 609 Huic
1657 552 1891 623 quidem

255 655 409 711 ultro
443 652 735 724 profitenti
764 648 1188 720 pmnitentiam,
1219 651 1405 717 potes,
1456 642 1663 713 inquit,
1726 642 1890 712 igno-

256 758 437 805 scere,
497 744 736 795 caateros
767 736 897 790 illos
928 750 1179 805 quorum
1230 738 1319 787 est
1375 730 1657 785 scelerata
1688 730 1895 799 depre—

257 832 438 884 hensa
468 828 659 895 coitio,
712 826 779 879 ad
822 841 1005 878 unum
1064 822 1343 875 interﬁce.
1396 820 1509 872 Nec
1559 824 1896 871 contemnas

258 915 715 970 imbecillitatem
753 913 1189 982 plerorumque,
1239 924 1371 960 nam
1408 906 1512 960 etsi
1566 906 1693 959 feno
1752 903 1896 957 nihil

260 1004 567 1066 humilius,
628 998 1110 1066 nihilinﬁrmius,
1161 1002 1356 1049 tamen
1410 1010 1479 1047 ex
1528 1010 1591 1048 eo
1626 993 1896 1061 manipu-

258 1092 421 1145 latim
456 1091 665 1143 intorto
701 1088 865 1142 funes
893 1088 1210 1138 nectuntur
1258 1082 1355 1151 qui
1407 1082 1578 1135 etiam
1623 1079 1897 1148 elephan-

260 1184 345 1232 tes
372 1177 649 1247 alligent;
696 1176 888 1228 thoem
923 1189 1055 1225 vero
1093 1171 1286 1224 statim
1315 1186 1521 1223 censeo
1555 1169 1609 1221 in
1646 1170 1895 1237 priorem

260 1265 534 1320 restituas
560 1262 798 1318 honoris
831 1262 1102 1331 gradum,
1128 1258 1351 1328 tibique
1382 1257 1539 1311 omni
1574 1273 1681 1326 ope
1714 1254 1900 1309 conci-

260 1354 561 1408 lies.Tunc
592 1352 679 1405 leo
715 1367 727 1403 ε
784 1349 1009 1404 Faciam
1045 1347 1197 1417 quod
1243 1348 1439 1415 jubes,
1485 1350 1688 1409 mater,
1723 1343 1897 1395 etiam

263 1458 393 1496 mea
424 1444 668 1510 sponte;
706 1454 839 1492 nam
881 1440 1124 1507 purgata
1154 1433 1470 1499 calumnia,
1506 1431 1811 1501 revigescit
1843 1432 1898 1483 in

267 1546 395 1583 meo
426 1528 621 1583 animo
646 1525 908 1580 'charitas
966 1525 1024 1576 in
1068 1523 1281 1586 thoem,
1316 1521 1487 1591 cujus
1546 1520 1719 1573 etiam
1773 1536 1903 1587 pro-

258 1616 573 1671 videntiam
610 1613 899 1678 recordor,
936 1612 1055 1664 hmo
1102 1626 1228 1680 qua:
1274 1608 1647 1678 contigerunt
1698 1605 1899 1676 praevi-

259 1704 473 1770 dentis,
505 1709 561 1757 et
594 1702 735 1756 mihi
769 1698 1135 1769 suggerentis
1172 1696 1339 1750 utilia
1384 1697 1752 1766 praecaventlo
1810 1712 1900 1747 er-

1999 555 2071 606 ab
2103 554 2174 607 iis
2205 571 2348 623 quos
2371 553 2493 608 sine
2524 570 2701 607 causa
2734 552 2934 608 exsilio
2995 553 3375 618 mulctarunt,
3437 555 3509 608 ab
3564 554 3637 608 iis

2001 658 2148 711 quos
2203 642 2551 696 fraudarunt
2601 644 2865 696 mercede
2918 658 3103 710 opera:
3151 647 3251 695 aut
3300 642 3634 712 stipendiis,

2002 736 2275 798 praeterea
2309 731 2378 783 ab
2413 730 2621 797 avaris,
2665 731 2736 784 ab
2782 730 3247 798 inexplebilibus,
3284 730 3533 801 denique
3569 732 3639 783 ab

2000 815 2118 870 illis
2150 818 2245 885 qui
2278 816 2542 887 publicas
2576 817 2856 871 utilitates
2880 818 3110 886 prOpria
3133 819 3342 872 damna
3372 824 3642 888 reputan-

2002 905 2427 974 tes,desperant
2457 922 2518 959 se
2552 921 2718 974 posse
2771 906 2914 973 ﬁeri,
2960 905 3068 958 nisi
3118 907 3414 960 communi
3468 906 3641 959 infor-

2000 992 2411 1059 tunio,felices.
2450 994 2559 1046 Hos
2592 1010 2793 1046 omnes
2820 994 3086 1063 princeps
3112 995 3345 1064 sapiens
3379 995 3635 1049 hostium

2000 1079 2123 1134 loco
2159 1080 2368 1133 habere
2402 1098 2433 1134 a
2476 1098 2655 1150 seque
2705 1098 2995 1135 removere
3048 1082 3389 1151 longissime
3448 1083 3634 1136 debet.

2002 1167 2120 1220 Etsi
2149 1166 2300 1221 enim
2326 1169 2497 1238 culpa
2528 1173 2733 1221 vacant
2765 1168 2955 1238 priora
2988 1174 3235 1237 quatuor
3276 1186 3511 1239 genera,
3562 1175 3641 1223 ta-

2003 1270 2135 1307 men
2170 1272 2418 1325 magnus
2450 1255 2612 1309 dolor
2641 1272 2708 1309 ex
2738 1257 2952 1309 damno
2986 1257 3141 1325 quod
3175 1264 3314 1310 sunt
3366 1257 3520 1326 passi
3551 1273 3641 1309 ve-

2005 1343 2325 1396 risimiliter
2378 1342 2509 1397 illos
2541 1343 2871 1397 stimularet
2902 1345 2971 1397 ad
3008 1362 3119 1398 non
3148 1345 3554 1407 omittendam,
3590 1343 3639 1397 si

2006 1448 2264 1501 unquam
2301 1438 2647 1494 occurreret,
2707 1437 2806 1486 aut
2848 1432 3023 1486 etiam
3075 1432 3225 1486 ultro
3270 1434 3641 1502 quaerendam

2006 1521 2473 1589 captandamque
2530 1520 2893 1573 occasionem
2953 1520 3213 1575 ultionis.
3272 1521 3407 1575 Sine
3462 1521 3644 1591 igitur

2007 1607 2272 1660 recedere
2305 1623 2396 1660 me
2427 1607 2485 1659 in
2520 1609 2741 1661 dudum
2776 1614 3029 1678 optatam
3063 1608 3466 1673 solitudinem,
3500 1625 3643 1678 prte-

2009 1696 2207 1748 sertim
2241 1712 2372 1748 cum
2407 1695 2789 1764 opportunior
2819 1696 3091 1766 deinceps
3124 1714 3297 1765 quam
3337 1696 3497 1766 prius
3550 1714 3641 1749 ca-

258 1793 398 1862 rori,
424 1790 532 1845 nisi
556 1790 697 1844 laeva
729 1804 894 1843 mens
927 1787 1148 1841 fuisset.
1186 1785 1509 1855 [legaverat
1541 1784 1719 1847 enim,
1757 1786 1820 1836 ut
1852 1782 1899 1835 si
1934 1815 1979 1878 B
2008 1781 2251 1836 lumniis
2282 1784 2394 1837 sim
2428 1785 2660 1837 futurus
2693 1801 3067 1854 perseverans
3100 1786 3154 1837 in
3192 1785 3534 1839 ministerio.
3561 1784 3648 1839 Si-

262 1882 498 1951 quando
521 1879 755 1949 aliquod
792 1880 920 1946 ejus
948 1875 1163 1930 crimen
1198 1874 1521 1927 deferretur
1552 1873 1618 1926 ad
1657 1888 1903 1933 me,sus-

258 1970 508 2023 tinerem
534 1967 825 2037 judicium
852 1980 1031 2033 usque
1073 1964 1144 2017 ab
1176 1962 1612 2032 inquisitionem
1651 1960 1901 2028 plenam,

262 2057 445 2127 quod,
470 2055 582 2109 heu
618 2052 742 2108 me!
779 2070 892 2107 non
928 2052 1057 2113 feci,
1094 2052 1190 2104 sed
1226 2050 1434 2103 faciam
1469 2050 1517 2102 si
1568 2049 1711 2101 alias
1763 2064 1905 2101 usus

268 2145 489 2198 incidet
523 2159 534 2197 :
569 2143 718 2195 serio
750 2143 903 2196 enim
939 2139 1176 2209 pwnitet
1235 2144 1348 2191 tam
1408 2138 1687 2190 damnose
1746 2135 1904 2188 festi-

265 2248 464 2285 nasse.
498 2232 595 2284 His
624 2229 793 2283 dictis
827 2226 1127 2281 confestim
1163 2225 1273 2279 sibi
1308 2225 1436 2278 sisti
1479 2224 1660 2292 jussit
1712 2223 1905 2276 thoem

265 2320 605 2385 liberum,et
641 2317 970 2384 insignibus
1002 2318 1272 2367 ornatum
1308 2312 1609 2378 dignitatis
1627 2310 1903 2381 pristinae;

268 2422 443 2477 quem
482 2405 861 2476 amplectens,
896 2402 1246 2465 Erravimus,
1283 2401 1491 2469 inquit,
1525 2401 1622 2453 sed
1658 2400 1908 2452 circum-

269 2494 434 2548 venti
463 2494 611 2547 dolis
645 2491 834 2546 malis.
871 2491 1172 2560 Sapienter
1198 2506 1230 2542 a
1261 2496 1314 2542 te
1347 2487 1686 2557 praemonita
1718 2487 1911 2539 incon-

273 2582 426 2637 sulte
460 2582 859 2651 negleximus;
891 2594 1090 2631 verum
1124 2577 1221 2630 icti
1250 2577 1678 2646 sapiemus,nec
1711 2576 1779 2628 de
1811 2590 1912 2627 caa-

273 2678 401 2726 tero
452 2670 522 2724 ab
572 2666 907 2722 istiusmodi
966 2665 1195 2719 insidiis
1257 2662 1575 2735 periculum
1637 2663 1739 2715 tibi
1803 2668 1909 2717 est.

273 2763 458 2828 Perge
487 2773 728 2812 securus
762 2753 1016 2809 ferendis
1038 2768 1103 2807 ac
1126 2751 1446 2822 partiendis
1480 2750 1784 2805 nobiscum
1810 2767 1912 2803 cu-

277 2846 362 2900 ris
388 2843 636 2914 imperii.
667 2843 769 2897 Cui
801 2841 953 2895 thos.
986 2839 1059 2894 Ut
1079 2839 1251 2893 talem
1286 2855 1377 2892 me
1428 2841 1654 2910 probes,
1701 2838 1913 2909 inquit,

280 2932 516 3004 qualem
547 2931 660 2985 ista
691 2927 1024 2999 dignatione
1055 2928 1285 2982 credere
1318 2927 1599 2994 ostendis,
1643 2927 1749 2981 hoc
1808 2932 1917 2995 est,

277 3021 390 3075 tibi
424 3019 604 3073 ﬁdum
644 3022 700 3072 et
750 3015 1052 3072 verissime
1109 3015 1473 3084 benevolum,
1525 3015 1663 3068 audi
1723 3031 1917 3069 meum

281 3106 623 3174 consilium,
655 3109 712 3159 et
742 3104 826 3159 sic
874 3104 1042 3169 habe,
1078 3102 1222 3157 nihil
1253 3120 1381 3157 esse
1431 3103 1620 3174 magis
1663 3102 1919 3158 salutare

2012 1871 2248 1941 quidem
2282 1871 2532 1926 conflata
2564 1873 2771 1926 iterum
2807 1873 2983 1942 (quod
3038 1873 3201 1928 vitari
3260 1873 3483 1943 nequit)
3522 1872 3645 1942 pari

2012 1959 2147 2011 huic
2180 1960 2235 2011 in
2271 1974 2358 2011 me
2392 1958 2636 2013 coitione
2677 1961 3074 2030 improborum
3124 1960 3286 2015 falsis
3342 1978 3433 2014 me
3493 1960 3653 2013 testi-

2016 2047 2227 2100 moniis
2258 2048 2989 2116 oppugnantium,accedet
3019 2050 3121 2102 tibi
3158 2067 3305 2103 nova
3334 2061 3515 2104 causa
3545 2051 3649 2103 cri-

2016 2135 2352 2188 minationis
2385 2134 2757 2189 admittenda:
2788 2138 3227 2207 credendreque,
3263 2139 3413 2206 quod
3462 2139 3655 2192 existi—

2018 2240 2175 2276 mare
2208 2224 2413 2276 merito
2448 2224 2658 2292 poteris
2709 2226 2988 2279 memoria
3022 2243 3111 2281 nte
3144 2228 3370 2289 injuria}
3404 2233 3646 2295 acceptae

2020 2310 2190 2377 priori
2250 2311 2623 2363 damnatione
2654 2314 2723 2365 ad
2774 2314 2874 2365 tibi
2930 2316 3251 2367 nocendum
3320 2315 3650 2368 incitatum.

2018 2404 2114 2451 Ηπε
2149 2402 2480 2462 rex,iterum
2508 2400 2866 2470 amplectens
2897 2402 3111 2465 thoem,
3151 2404 3307 2469 Vera,
3344 2404 3554 2472 inquit,
3593 2406 3647 2456 in

2018 2487 2147 2540 aliis
2180 2488 2289 2541 ista
2321 2491 2438 2541 sint
2468 2505 2594 2557 quae
2618 2489 2832 2560 allegas
2862 2507 2873 2541 :
2908 2496 3004 2543 tua
3036 2491 3454 2555 sincerissima,
3481 2491 3643 2544 boni-

2017 2580 2108 2629 tas
2137 2575 2279 2629 mihi
2306 2578 2662 2646 perspectior
2691 2582 2777 2630 est
2817 2595 2987 2647 quam
3038 2583 3102 2631 ut
3151 2595 3500 2649 quocunque
3549 2596 3654 2633 no—

2023 2664 2177 2717 mine
2209 2669 2514 2733 suspectus
2546 2681 2805 2734 unquam
2838 2682 2967 2720 esse
3020 2668 3210 2736 possis
3252 2673 3353 2722 aut
3400 2669 3651 2734 debeas;

2022 2768 2093 2806 ne
2116 2769 2284 2822 porro
2314 2752 2445 2818 ista,
2482 2755 2634 2807 unde
2663 2753 2915 2808 intentas
2950 2755 3091 2808 mihi
3135 2761 3379 2823 metum,
3427 2755 3654 2824 injuriae

2021 2841 2304 2894 memoria
2336 2840 2393 2894 in
2428 2846 2482 2895 te
2530 2842 2797 2909 resideat,
2849 2843 3099 2897 efﬁciam
3151 2844 3453 2899 beneﬁciis
3499 2843 3649 2897 mul-

2021 2927 2354 2997 tiplicandis
2383 2930 2596 2999 quibus
2627 2929 2787 2983 illam
2811 2931 3231 2986 autobliterem
3264 2939 3365 2986 aut
3388 2934 3656 3000 obruam;

2024 3020 2084 3068 tu
2119 3032 2233 3085 qua
2277 3016 2387 3070 ﬁde
2432 3017 2680 3088 cmpisti,
2714 3034 2887 3088 perge
2919 3019 3061 3073 mihi
3093 3024 3148 3075 et
3173 3020 3505 3090 reipublicze
3558 3038 3659 3074 na-

2024 3119 2157 3157 vare
2188 3120 2444 3174 Operam,
2479 3105 2685 3175 majori
2709 3106 2881 3161 etiam
2925 3124 3100 3178 quam
3133 3108 3416 3163 hactenus
3448 3108 3659 3163 alacri-

281 3161 521 3265 regibus
552 3161 726 3264 quam
754 3161 1127 3247 subditorum
1158 3190 1379 3246 sincere
1410 3161 1667 3244 ﬁdelium
1703 3191 1917 3244 admit-
1943 3161 1986 3227 Ο
2024 3194 2161 3245 tate.
2193 3161 2520 3248 Restitutus
2550 3161 2684 3248 inde
2710 3194 2843 3249 thes
2874 3161 2966 3250 ost
2995 3195 3055 3250 in
3076 3161 3334 3266 pristinae
3367 3161 3665 3267 fastigium

277 3288 405 3337 tere
438 3281 615 3336 libera
644 3280 869 3335 monita
882 3282 938 3333 et
957 3294 1156 3333 eorum
1182 3279 1660 3349 suggestionibus
1674 3279 1913 3333 deferre.

274 3371 411 3436 Aio,
444 3387 555 3425 non
578 3368 844 3439 expedire
874 3366 981 3421 tibi
1040 3383 1132 3421 me
1190 3366 1439 3437 amplius
1492 3367 1696 3421 intimo
1753 3368 1917 3421 mini-

277 3458 465 3513 sterio
495 3458 726 3521 habere,
762 3454 907 3509 mihi
956 3453 1210 3523 amplius
1270 3453 1465 3507 ﬁdere.
1528 3454 1708 3523 Reges
1765 3453 1919 3507 enim

276 3549 516 3616 oportet
540 3543 648 3598 sibi
684 3559 881 3597 cavere
913 3542 983 3597 ab
1032 3541 1103 3595 iis
1135 3556 1283 3610 quos
1337 3540 1783 3595 vehementibus
1830 3540 1917 3593 in-

2027 3279 2352 3348 dignitatis,
2385 3281 2603 3352 ingenti
2636 3286 2692 3337 et
2723 3282 2959 3338 honoris
3002 3290 3059 3338 et
3090 3284 3290 3355 gratia":
3323 3289 3659 3355 augmento,

2029 3366 2251 3436 talique
2276 3369 2536 3439 exemplo
2569 3370 3132 3442 declaratum,posse
3163 3372 3460 3427 interdum
3504 3377 3659 3428 recte

2030 3471 2193 3526 reges
2217 3456 2385 3510 inniti
2418 3473 2656 3513 securos
2687 3459 3068 3515 reconciliatze
3092 3462 3255 3531 prius
3279 3479 3310 3515 a
3341 3478 3403 3516 se
3432 3466 3660 3516 vexato-

2032 3557 2162 3597 rum
2196 3543 2629 3602 benevolentiae.

1380 3791 1539 3850 DISES
1557 3793 1889 3850 ERTATiO
1932 3794 2085 3851 PAR
2099 3796 2138 3850 A
2153 3794 2422 3853 BOLICA
2466 3795 2568 3855 ΧΙ.

272 3906 477 3979 Quam
511 3911 689 3980 turpe
714 3900 791 3959 sit
811 3898 1053 3976 ingrati
1076 3894 1265 3956 animi
1292 3894 1513 3955 vitium
1543 3897 1601 3954 in
1630 3895 1860 4032 homin;
1902 3906 2191 3987 monstrat
2218 3900 2487 3979 exemplo
2518 3898 2926 3975 bestiarum,et
2955 3902 3029 3962 ab
3060 3922 3122 3962 eo
3163 3904 3419 3963 deterret
3441 3923 3665 3984 propo-

1693 3994 1816 4032 nosz
1849 3994 1884 4032 a
1911 3995 2040 4032 erus
2069 3995 2263 4032 mena.

1688 3994 1884 4053 μοειτα
1911 3995 2040 4055 ejus
2061 3995 2263 4056 paena.

358 4113 609 4185 Rogavit
642 4112 777 4167 inde
807 4110 1353 4184 gymnosOphistam
1374 4123 1471 4161 rex
1492 4105 1932 4173 Abessalomus,

266 4210 350 4260 ut
414 4202 676 4256 indicare
724 4199 834 4255 sibi
888 4216 957 4254 ne
1017 4202 1353 4269 gravaretur
1411 4194 1503 4249 cui
1560 4194 1930 4265 potissimum

261 4289 573 4366 generi,et
605 4304 720 4359 quo
753 4287 1002 4343 maxime
1021 4286 1309 4352 merito,et
1326 4281 1638 4355 gratificari
1672 4287 1726 4335 et
1755 4283 1931 4335 fidere

260 4395 455 4450 reges
474 4378 742 4431 debeant.
773 4380 957 4447 Super
977 4391 1043 4430 eo
1074 4380 1440 4444 argumento,
1474 4375 1772 4441 resumpto
1803 4387 1928 4424 ser-

263 4483 490 4532 mone,
513 4464 995 4536 gymnosophista
1023 4462 1345 4531 disputavit
1370 4458 1428 4513 in
1460 4458 1615 4513 hunc
1646 4458 1883 4512 modum
1912 4474 1925 4511 :

2043 4108 2139 4162 ubi
2171 4115 2365 4164 autem
2413 4111 2704 4183 ingratum
2751 4112 3005 4183 aliquem
3056 4129 3153 4167 rex
3202 4113 3671 4184 deprehenderit,

2043 4198 2332 4251 amovebit
2363 4216 2395 4252 a
2426 4200 2669 4253 seillum
2694 4200 2850 4255 omni
2876 4201 3117 4269 ratione,
3140 4201 3188 4255 si
3208 4202 3439 4272 quidem
3464 4202 3671 4271 sapiet,

2043 4299 2145 4337 nec
2179 4285 2355 4339 ullam
2388 4303 2646 4357 unquam
2668 4289 2768 4341 tali
2822 4293 3043 4358 partem
3098 4289 3229 4343 fidei
3269 4290 3504 4344 tribuet.
3557 4289 3675 4344 Hoc

2040 4377 2257 4425 natura;
2284 4372 2467 4443 ipsius
2487 4390 2615 4429 esse
2636 4375 2927 4444 judicium
2960 4377 3156 4430 bestia
3190 4376 3244 4429 in
3278 4376 3386 4430 hoc
3410 4376 3673 4446 exemplo

2040 4460 2304 4514 docuere.
2338 4461 2624 4516 Foderant
2657 4463 2713 4515 in
2747 4480 2883 4533 agro
2915 4464 3165 4535 quodam
3201 4464 3402 4519 rustici
3451 4464 3671 4519 foveam

354 4558 409 4610 Ι.
447 4554 775 4607 Beneficum
816 4568 944 4607 esse
992 4566 1185 4622 regem
1237 4547 1505 4603 convenit
1533 4547 1588 4599 in
1623 4551 1819 4616 gratos
1876 4550 1932 4599 et
1963 4537 2006 4599 Ι)
2037 4546 2187 4601 leoni
2218 4547 2343 4602 loca
2375 4548 2471 4603 illa
2502 4551 2799 4605 infestanti
2832 4552 3133 4622 capiendo.
3166 4552 3379 4606 Verum
3425 4552 3482 4605 in
3525 4551 3675 4605 hanc

260 4642 579 4702 beneﬁcio
609 4640 842 4711 dignos,
876 4655 1084 4711 neque,
1110 4642 1174 4691 ut
1205 4651 1353 4707 saepe
1380 4636 1463 4703 ﬁt,
1480 4634 1774 4689 effundere
1806 4634 1931 4689 sine

259 4732 528 4790 delectu
552 4743 690 4799 Opes
724 4726 988 4798 publicas
1010 4726 1069 4781 in
1102 4723 1569 4794 consanguineos
1592 4726 1647 4775 et
1668 4721 1934 4793 privatim

257 4819 404 4878 sibi
443 4816 979 4885 charos,utcunque
1004 4816 1127 4885 jam
1163 4814 1216 4867 hi
1241 4812 1359 4867 sint
1388 4809 1617 4876 divites,
1650 4826 1932 4880 pauperes

257 4911 499 4968 autem
541 4909 915 4958 contemnere
950 4919 962 4957 :
994 4916 1195 4956 verum
1244 4916 1311 4954 ex
1351 4898 1445 4952 his
1497 4897 1596 4968 qui
1646 4896 1933 4951 observati

253 4995 519 5056 fuerint
567 4991 791 5062 judicio
842 4988 1080 5061 pollere,
1139 4992 1529 5059 praestareque
1603 4986 1935 5056 prudentia,

244 5081 571 5145 honorari
604 5098 638 5135 a
669 5078 932 5151 principe
955 5076 1247 5147 ditarique
1279 5073 1623 5130 muneribus
1682 5078 1932 5144 oportet.

243 5185 403 5235 Prae
445 5169 670 5224 caeteris
701 5173 896 5222 autem
931 5182 1126 5221 amore
1156 5183 1220 5220 ac
1278 5162 1659 5219 beneﬁcentia
1686 5163 1936 5233 comple-

242 5258 490 5323 ctendi
523 5261 680 5324 sunt,
708 5256 805 5326 qui
839 5272 900 5309 se
936 5255 1101 5309 factis
1138 5252 1439 5325 probarint
1468 5255 1712 5322 acceptae
1735 5251 1934 5321 gratiae

244 5363 591 5411 memores
622 5350 678 5399 et
707 5346 764 5399 in
798 5343 1099 5399 occasione
1141 5340 1491 5412 rependendi
1546 5340 1733 5393 meriti
1796 5340 1934 5393 fide-

240 5443 421 5499 liter
451 5434 687 5489 sedulos
723 5450 735 5486 :
771 5450 799 5486 τι
832 5432 1050 5485 talibus
1094 5430 1247 5484 enim
1299 5436 1557 5499 tempore
1605 5445 1711 5482 suo
1761 5428 1937 5499 duplo

241 5528 637 5598 exspectare
669 5522 849 5574 vicem
882 5519 1053 5574 ofﬁcii
1086 5517 1296 5590 poterit
1345 5517 1431 5587 (ut
1488 5516 1643 5570 enim
1701 5517 1933 5585 quidam

243 5620 355 5677 ait
386 5612 772 5682 sapientum:
795 5609 973 5663 Homo
995 5607 1219 5662 homini
1249 5620 1553 5661 occursum
1587 5605 1894 5673 feneratur)
1920 5624 1934 5674 ;

2046 4634 2279 4690 incaute
2311 4635 2439 4691 illac
2486 4644 2690 4692 euntes
2750 4639 3084 4694 inciderunt
3141 4640 3395 4709 primum
3453 4639 3676 4693 aurifex

2043 4723 2302 4793 quidam,
2337 4724 2545 4779 deinde
2592 4726 2822 4792 simius,
2855 4744 2987 4780 mox
3043 4729 3238 4795 draco,
3272 4732 3567 4798 postremo
3621 4733 3678 4781 et

2045 4828 2303 4881 serpens.
2337 4812 2716 4883 Conspicatus
2748 4814 2803 4868 id
2860 4815 3001 4870 forte
3041 4832 3109 4870 ex
3155 4815 3345 4869 vicina
3392 4815 3517 4871 loco
3558 4813 3673 4869 cel-

2045 4899 2181 4967 lula,
2233 4916 2347 4969 quo
2396 4900 2709 4955 diversorio
2748 4902 2970 4955 dudum
3031 4904 3321 4971 utebatur,
3381 4901 3678 4957 solitarius

2045 4985 2279 5056 aliquis,
2310 4988 2395 5040 vir
2427 4988 2636 5042 bonus.
2672 4990 2774 5058 En,
2809 4989 3020 5059 inquit,
3084 4988 3183 5044 ille
3224 4990 3425 5045 infelix
3482 4990 3677 5058 homo,

2045 5080 2252 5144 praeter
2292 5074 2680 5131 calamitatem
2741 5094 2934 5146 casus,
2966 5077 3139 5131 etiam
3174 5096 3208 5133 a
3234 5079 3482 5134 dracone
3504 5082 3678 5147 atque

2046 5178 2235 5232 angue
2266 5164 2550 5217 devolutis
2583 5164 2781 5219 eodem
2816 5163 3212 5235 periclitatur;
3248 5182 3359 5220 non
3411 5166 3677 5221 omittam

2048 5250 2411 5305 occasionem
2446 5253 2740 5307 servandae
2773 5254 2980 5307 animae
3019 5257 3077 5307 et
3125 5253 3409 5309 mercedis
3458 5258 3681 5309 aeternae

2046 5337 2147 5392 tali
2180 5340 2337 5407 operi
2360 5340 2666 5409 propositae
2704 5340 3012 5394 lucrandis.
3070 5340 3151 5394 Ita
3207 5341 3303 5395 ille
3362 5358 3557 5396 secum
3616 5357 3684 5394 ac

2049 5442 2178 5480 mox
2211 5431 2445 5480 strenue
2478 5445 2822 5497 progressus
2866 5429 2937 5482 ad
3011 5445 3171 5483 oram
3233 5432 3426 5497 foveae,
3487 5431 3682 5482 funem

2049 5514 2305 5581 demisit,
2335 5515 2654 5571 inclamans
2690 5516 3007 5585 homini,ut
3037 5517 3198 5572 illum
3232 5518 3531 5588 arriperet,
3558 5519 3685 5588 ejus

2052 5620 2159 5674 ope
2190 5603 2720 5660 extrahendus.Sed
2755 5606 3177 5676 praeoccupavit
3204 5605 3357 5661 saltu
3388 5605 3599 5662 simius
3629 5608 3686 5660 et
