4060 6304
189 239 335 291 1349

1207 244 1563 298 SPECIMEN
1600 240 1995 295 SAPIENTIE
2034 234 2368 291 INDORUM
2405 235 2563 289 VET.

3441 234 3464 283 1
3474 228 3579 283 350

189 368 449 433 quatuor
470 364 621 417 haud
656 364 933 417 diuturno
956 367 1092 417 sunt
1119 366 1300 432 spatio
1329 362 1824 434 experti.Juvenis
1857 368 1910 432 Î‘
1940 364 2085 413 rent.
2131 360 2287 421 Quod
2324 374 2456 410 cum
2485 360 2639 411 esset
2662 357 2916 410 factum:
2951 356 3060 418 Me,
3120 354 3312 424 inquit
3371 354 3579 407 formo-

189 453 348 521 regis
374 453 553 520 filius,
581 458 741 525 patre
767 458 1018 525 mortuo,
1039 470 1071 505 a
1093 456 1265 506 fratre
1292 456 1514 506 minore
1540 452 1831 506 invidente

193 540 511 615 virtutibus
535 541 682 615 ejus,
707 545 759 613 et
784 542 983 608 adjuto
1012 558 1185 594 manu
1210 542 1607 604 factiosorum,
1636 544 1828 593 notam

193 629 325 697 ejus
341 630 677 698 aequitatem
700 627 1163 695 formidantium,
1185 645 1360 700 regno
1388 630 1628 698 ejectus;
1650 642 1831 697 vagus

192 731 390 770 errare
420 719 704 786 inopsque
729 717 1062 785 cogebatur.
1098 716 1241 769 Huic
1292 733 1527 787 peregre
1584 713 1835 770 occurrit

193 803 664 859 formosissimus
721 810 777 873 et
835 803 1166 873 praenobilis
1225 804 1583 869 adolescens,
1660 818 1832 873 quem

194 893 520 961 suspicacis
578 892 859 963 principis
909 888 1213 963 zelotypia,
1274 910 1342 946 ex
1399 893 1509 959 levi
1569 894 1832 958 coniectu

194 980 495 1035 oculorum
525 980 746 1050 placere
769 979 933 1033 illum
958 996 1075 1031 suae
1110 980 1269 1033 uxori
1299 981 1629 1045 criminata,
1653 986 1835 1033 extur-

193 1086 318 1123 rem
346 1070 574 1122 fecerat.
608 1069 729 1137 Non
765 1069 863 1121 diu
901 1074 1330 1138 processerant,
1366 1086 1536 1123 casus
1586 1069 1833 1131 invicem

191 1165 563 1211 renarrantes
596 1174 754 1223 suos,
788 1174 920 1210 cum
954 1156 1026 1210 iis
1046 1174 1106 1213 se
1143 1159 1412 1227 adjungit
1436 1145 1717 1211 mercator
1735 1158 1834 1226 qui

196 1260 343 1297 nave
375 1245 575 1313 fracta,
612 1262 728 1314 qua
779 1262 896 1298 rem
961 1248 1293 1301 universam
1353 1262 1521 1300 suam
1582 1245 1835 1314 ingentis

196 1333 370 1402 pretii
405 1333 667 1397 vehebat,
729 1337 899 1389 modo
952 1336 1047 1389 vix
1106 1336 1302 1389 salvus
1364 1338 1720 1400 enataverat,
1780 1339 1837 1386 et

197 1416 546 1474 seminudus
578 1422 869 1490 quaerebat
900 1423 1133 1493 stipem.
1177 1421 1440 1491 Denique
1495 1426 1722 1475 torosus
1778 1426 1835 1474 et

196 1509 383 1563 durus
416 1508 570 1562 illius
605 1509 787 1579 patris
815 1510 1099 1579 agricolae,
1132 1517 1401 1564 extrusus
1424 1510 1618 1573 domo,
1644 1511 1834 1562 abun-

198 1596 464 1649 dantium
499 1596 695 1651 sobole
727 1603 1034 1667 parentum
1058 1597 1337 1661 convicio,
1374 1598 1509 1653 dum
1543 1597 1593 1649 ei
1627 1612 1831 1665 expro-

194 1684 391 1748 brant,
421 1685 711 1750 inertiam,
746 1686 803 1737 ni
849 1690 1007 1740 tanto
1068 1690 1208 1739 natu
1269 1700 1528 1755 pressam
1592 1700 1833 1737 numero

197 1772 483 1825 familiam
514 1772 746 1841 levaret,
772 1775 1037 1827 eamdem
1068 1776 1292 1828 terebat
1337 1774 1512 1839 viam,
1572 1789 1835 1842 quaerens

199 1857 304 1911 ubi
335 1874 565 1927 operam
602 1858 837 1913 locaret.
871 1861 939 1914 Et
970 1861 1061 1914 hic
1122 1865 1363 1930 quartus
1422 1860 1718 1914 admissus
1774 1859 1833 1912 in

203 1947 563 1999 consortium
599 1947 774 2001 trium
822 1949 1108 2018 priorum,
1168 1948 1545 2017 vicissimque
1598 1948 1835 2001 auditus

205 2034 345 2087 dum
380 2052 548 2088 suam
580 2040 636 2089 et
665 2036 787 2104 ipse
820 2037 1109 2090 fortunam
1145 2037 1366 2090 recitat.
1402 2035 1629 2101 Coaluit
1685 2035 1837 2089 inter

201 2129 451 2191 quatuor
482 2124 890 2177 diversissimae
915 2126 1049 2187 licet
1072 2126 1243 2178 sortis
1269 2124 1555 2190 homines,
1579 2139 1836 2177 commu-

201 2211 375 2263 nione
404 2212 712 2263 conciliata
746 2213 1128 2277 necessitatis,
1182 2213 1325 2265 satis
1387 2216 1544 2266 arcta
1600 2214 1655 2264 et
1703 2227 1838 2263 vera

205 2297 489 2352 charitiite
514 2299 905 2369 conglutinata
926 2302 1193 2363 societas,
1224 2303 1352 2353 utet
1370 2298 1553 2353 mutui
1574 2299 1837 2353 libertate

202 2387 493 2439 sermonis
559 2388 766 2441 famem
825 2404 889 2440 ac
944 2387 1350 2440 lassitudinem
1410 2386 1839 2440 humanissime

201 2473 449 2528 invicem
480 2475 931 2544 consclarenter,
953 2480 1007 2528 et
1031 2476 1184 2545 quod
1219 2476 1677 2543 quisqnejuvare
1707 2490 1837 2543 pos-

204 2566 312 2626 set,
344 2562 495 2614 haud
532 2562 639 2615 sibi
676 2564 991 2633 quisquam
1025 2564 1317 2631 privatim,
1352 2564 1448 2615 sed
1483 2568 1748 2615 amanter
1782 2577 1834 2613 In

210 2664 519 2701 commune
552 2650 940 2725 consulerent.
974 2651 1066 2704 Sic
1095 2651 1203 2703 iter
1236 2652 1457 2720 agendo
1489 2652 1841 2705 devenerunt

207 2736 265 2788 in
310 2736 582 2791 viciniam
646 2724 898 2791 civitatis
957 2754 1199 2808 magnae,
1256 2755 1431 2807 quam
1495 2738 1838 2807 priusquam

210 2823 501 2889 subirent,
534 2825 971 2895 acquiescentes
1005 2828 1073 2879 ad
1102 2826 1367 2880 umbram
1425 2825 1482 2887 in
1546 2825 1841 2895 crepidine

209 2912 311 2963 via:
342 2912 605 2981 publicae,
641 2912 963 2983 disquirere
998 2914 1367 2967 familaritate
1426 2912 1597 2967 solita
1659 2929 1840 2983 cmpe-

208 3016 272 3051 ru
286 3005 366 3067 nt,
387 3016 564 3069 quam
583 3000 827 3070 quisque
847 3002 936 3054 sui
957 3017 1021 3055 ac
1044 3000 1335 3055 sociorum
1352 3001 1842 3063 sublevandorum

207 3102 371 3155 Spem
405 3104 469 3140 ac
504 3089 830 3141 facultatem
870 3088 1079 3142 habere
1112 3105 1173 3141 se
1206 3088 1605 3142 arbitraretur.

281 3213 351 3266 II.
388 3211 549 3277 Mihi,
584 3212 664 3266 ait
694 3213 844 3275 regis
877 3212 1054 3278 filius,
1081 3213 1317 3267 conscia
1341 3213 1608 3283 quaedam
1634 3212 1847 3265 fiducia

210 3299 531 3365 blanditur,
562 3300 821 3353 eamdem
855 3316 980 3369 qua:
1015 3317 1191 3369 regno
1228 3317 1316 3353 me
1347 3299 1585 3368 privavit
1644 3300 1846 3353 Provi-

211 3388 465 3441 dentiam
503 3387 671 3457 (nihil
704 3388 861 3441 cnim
895 3388 1286 3443 humanorum
1311 3388 1435 3443 sine
1458 3387 1698 3443 consilio
1730 3388 1847 3442 Nu-

209 3476 386 3527 minis
418 3475 660 3544 geritur)
692 3475 1172 3545 insuspicabitem
1202 3492 1338 3529 mete
1374 3462 1693 3546 prudentiae
1720 3492 1842 3529 mo-

209 3563 346 3614 dum
403 3564 716 3630 quemdazn
772 3564 1135 3617 inventuram
1197 3564 1536 3617 extrahendi
1600 3580 1689 3619 me
1752 3564 1846 3618 his

212 3650 505 3716 sordibus;
537 3655 592 3703 et
625 3651 678 3702 in
713 3651 933 3718 copiam
969 3652 1122 3705 unde
1154 3668 1244 3704 me
1282 3668 1345 3705 ac
1371 3668 1527 3705 meos
1555 3650 1842 3721 consoler,

210 3738 550 3805 reponendi.
586 3738 701 3807 Ego
732 3755 885 3801 vero,
920 3739 1167 3806 subjecit
1217 3739 1341 3792 vice
1392 3756 1498 3793 sua
1552 3740 1844 3793 formosus

210 3823 443 3887 nobilis,
478 3824 551 3878 iis
583 3840 729 3893 quas
762 3826 818 3878 in
845 3842 935 3878 me
958 3826 1255 3894 praedicari
1283 3826 1515 3881 memini
1539 3831 1846 3882 venustate

208 3917 261 3964 et
317 3911 577 3966 claritate
635 3912 915 3966 natalium
980 3930 1330 3983 magnopere
1387 3916 1634 3969 confido.
1696 3916 1844 3968 Tum

213 4006 497 4054 mercator
529 4003 847 4070 naufragus
880 4018 892 4056 :
929 4002 1072 4069 Etsi,
1105 4002 1203 4067 ait,
1258 4018 1379 4055 rem
1435 4019 1624 4056 meam
1685 4019 1845 4057 mare

207 4088 522 4157 absorpsit,
556 4093 750 4142 tamen
782 4089 1070 4143 industria
1100 4106 1226 4157 quae
1276 4106 1397 4143 rem
1426 4090 1658 4155 fecerat,
1721 4105 1842 4145 me-

208 4192 339 4229 cum
365 4192 592 4230 emersa
622 4177 898 4231 fluctibus
930 4193 1089 4247 spem
1127 4179 1184 4231 in
1219 4178 1349 4231 sinu
1403 4179 1551 4231 fovet
1606 4182 1845 4232 mutan-

212 4264 294 4315 dis
328 4263 536 4317 iterum
572 4264 779 4333 inopia;
811 4266 868 4317 iu
901 4265 1297 4319 conditionem
1330 4265 1506 4319 talem
1553 4282 1669 4334 qua
1726 4283 1841 4319 non

210 4350 351 4404 mihi
386 4351 495 4404 soli
529 4369 735 4421 queam
771 4353 1094 4407 consulere.
1130 4354 1384 4416 Quartus
1416 4353 1696 4415 rusticus,
1728 4353 1843 4407 Vos

208 4438 550 4509 longinqua,
579 4441 791 4509 inquit,
822 4446 878 4495 et
910 4442 1129 4495 incerta
1161 4441 1604 4499 vaticinamini..
1664 4441 1843 4511 Atqui

208 4534 373 4598 urget
403 4531 648 4595 esuries,
671 4532 841 4600 cujus
871 4548 977 4602 ego
1001 4548 1253 4602 praesens
1288 4532 1342 4585 in
1398 4533 1558 4586 hisce
1614 4531 1843 4586 lacertis

209 4617 542 4686 praesidium
604 4624 792 4673 teneo.
852 4620 933 4674 Ne
987 4619 1210 4680 multa;
1270 4619 1690 4689 prastolamini
1752 4619 1844 4673 hic

209 4706 373 4773 mihi,
402 4707 596 4773 sultis,
632 4725 818 4779 usque
867 4710 938 4764 ad
969 4725 1307 4780 vesperum,
1367 4710 1629 4763 afï¬‚eram
1689 4708 1845 4762 unde

211 4809 525 4849 ccenemus.
574 4796 1046 4852 Assentientibus
1105 4796 1355 4863 cunctis,
1431 4797 1662 4851 scandit
1742 4795 1841 4850 sil-

208 4895 408 4933 vosum
470 4889 719 4937 montem
776 4884 956 4939 situm
1008 4885 1066 4937 in
1129 4884 1409 4953 proximo,
1469 4885 1842 4953 congestum-

213 4983 324 5035 quo
380 4968 461 5020 ibi
520 4987 799 5039 magnum
860 4985 916 5026 et
973 4974 1117 5027 bene
1174 4978 1587 5041 exaggeratam
1654 4970 1842 5040 ligno-

212 5071 340 5107 rum
376 5056 588 5110 fascem
634 5058 888 5114 robustis
947 5060 1234 5130 inponens
1287 5059 1572 5125 humeris,
1628 5073 1841 5112 venum

212 5142 410 5196 intulit
443 5144 584 5203 foro.
617 5146 850 5215 citoque
894 5148 1221 5203 nummulis
1253 5147 1499 5217 paratis,
1527 5145 1689 5200 cibos
1720 5162 1844 5199 em-

209 5234 336 5298 PLOS
368 5231 545 5293 SOCiis
573 5234 878 5302 gratulans
910 5236 1126 5301 attulit,
1157 5236 1217 5290 in
1242 5239 1409 5306 porta
1438 5234 1691 5289 civitatis
1713 5232 1839 5287 obi-

209 5322 295 5371 ter
318 5319 618 5373 scribens:
653 5323 835 5376 Unius
870 5322 1113 5377 hominis
1141 5322 1300 5378 labor
1329 5328 1575 5391 quatuor
1606 5326 1842 5392 egentes

212 5409 387 5475 pavit.
422 5408 687 5463 Suaviter
744 5409 847 5464 illa
904 5427 1143 5480 vespera
1201 5414 1455 5477 fuerunt,
1519 5408 1841 5479 praesertim

213 5511 341 5549 cuin
376 5495 701 5551 abundaret
729 5514 799 5553 ex
827 5498 1070 5570 reliquis
1101 5500 1255 5555 unde
1290 5499 1569 5570 postridie
1593 5498 1840 5569 prande-

1940 465 2041 502 sus
2074 447 2431 517 adolescens,
2466 446 2603 517 ordo
2626 446 2747 514 jam
2787 462 2947 498 meus
2974 450 3136 498 vocat
3167 445 3237 497 ad
3270 443 3577 510 experiun-

1940 538 2078 591 dum
2112 537 2249 607 quid
2283 535 2400 589 haec
2433 535 2635 600 forma,
2672 534 2881 604 quidve
2908 526 3189 586 nobilitas
3212 534 3397 601 possit
3448 533 3569 583 elli-

1940 641 2087 679 eere.
2124 625 2220 678 [bo
2254 624 2406 677 intro
2440 622 2497 676 in
2548 622 2774 690 urbem,
2830 626 2885 675 et
2943 624 2986 673 si
3044 621 3183 690 quid
3250 619 3574 672 invenerim

1940 717 2072 767 ante
2104 717 2327 765 noctem
2361 712 2628 764 referam.
2661 710 3002 763 Laudarunt
3041 724 3264 762 omnes.
3322 707 3419 762 Ille
3477 723 3579 776 per

1941 800 2183 853 celebris
2216 797 2468 853 civitatis
2498 798 2621 851 loca
2653 799 2746 851 diu
2784 802 3049 868 vagatus,
3111 797 3316 869 incidit
3373 795 3428 848 in
3490 811 3580 849 se-

1940 895 2202 957 natorem
2236 886 2418 941 otiose
2450 887 2799 957 spatiantem
2836 886 2891 938 in
2927 884 3187 939 basilica.
3231 889 3286 939 Is
3346 901 3413 938 ex
3466 884 3577 937 adâ€”

1941 993 2105 1030 verso
2136 974 2455 1046 gradientis
2488 991 2551 1027 os
2583 979 2639 1048 et
2668 979 2955 1033 staturam
2986 973 3086 1045 diu
3120 974 3392 1027 intuitus.
3429 972 3581 1025 Fieri

1944 1080 2055 1117 non
2090 1068 2298 1133 potest,
2332 1079 2531 1131 secum
2562 1062 2775 1132 inquit,
2812 1061 2952 1131 quin
3005 1061 3125 1129 haec
3185 1059 3388 1114 frontis
3447 1077 3577 1113 ma-

1935 1154 2143 1220 jestas,
2166 1152 2257 1204 hic
2280 1151 2476 1221 regius
2494 1152 2759 1204 incessus
2777 1150 3033 1203 indolem
3059 1148 3309 1202 nobilem
3334 1150 3578 1202 abscon-

1942 1241 2082 1305 dat;
2137 1238 2435 1308 explorare
2486 1240 2654 1306 juvat
2704 1238 3025 1291 hominem.
3087 1238 3176 1303 Sic
3231 1253 3579 1307 progressus

1941 1328 2163 1382 obviam
2199 1327 2382 1395 eunti,
2418 1327 2572 1395 Unde
2605 1332 2658 1380 te
2690 1325 2996 1391 habemus,
3024 1324 3234 1395 hospes
3257 1325 3283 1385 '2
3306 1325 3403 1379 ait:
3432 1326 3582 1379 aude

1942 1416 2107 1470 fateri
2140 1416 2272 1485 quis
2298 1416 2398 1478 sis,
2433 1416 2649 1469 senties
2680 1415 2735 1467 in
2796 1431 2862 1467 ea
2915 1413 3041 1483 loca
3092 1419 3147 1484 te
3204 1414 3428 1467 venisse
3482 1413 3581 1467 ubi

1941 1503 2191 1575 pretium
2227 1502 2515 1557 nobilitati
2548 1519 2613 1556 ac
2667 1502 2874 1556 merito
2933 1503 3031 1555 sit.
3094 1501 3212 1571 ille,
3283 1502 3471 1570 patria
3529 1505 3585 1554 et

1942 1597 2111 1661 gente
2145 1600 2483 1657 memorata,
2519 1591 2883 1661 breviterque
2937 1590 3159 1658 adjecto
3219 1591 3290 1644 de
3350 1590 3584 1643 fortuna

1946 1698 2074 1745 sua,
2107 1685 2389 1751 quantum
2420 1678 2608 1748 primo
2639 1695 2906 1734 sermone
2940 1678 3197 1748 profiteri
3224 1672 3378 1751 apud
3416 1680 3578 1745 igno-

1947 1774 2037 1823 tos
2096 1774 2285 1822 tutum
2345 1771 2434 1831 est
2489 1767 2703 1836 visum,
2755 1766 2998 1820 miriï¬ce
3047 1766 3287 1837 patricio
3338 1765 3579 1837 placuit.

1944 1860 2133 1922 Quare
2165 1856 2329 1910 illum
2363 1856 2605 1909 comiter
2634 1872 2811 1908 manu
2836 1854 3210 1923 prehensum,
3245 1846 3352 1908 Tui
3415 1854 3583 1908 simi-

1943 1945 2029 1999 les
2067 1944 2453 2013 hospitionon
2485 1949 2703 2011 carent,
2748 1943 2958 2013 inquit,
3023 1943 3119 2009 ubi
3179 1958 3283 2012 ego
3340 1943 3581 1996 domum

1946 2033 2166 2094 habeo;
2211 2032 2297 2085 sic
2329 2032 2385 2085 in
2421 2033 2571 2095 aedes
2619 2048 2752 2085 eum
2790 2030 3013 2085 inducit
3042 2048 3200 2099 suas,
3253 2031 3583 2101 apponique

1947 2136 2206 2173 mensam
2242 2121 2311 2173 de
2342 2121 2431 2173 via
2462 2120 2616 2183 lasso
2665 2136 2804 2173 sane
2863 2118 3081 2172 lautam
3139 2118 3411 2188 imperat.
3461 2119 3581 2172 Sub

1947 2209 2119 2273 hanc,
2174 2209 2301 2276 ejus
2360 2223 2628 2261 sermone
2681 2209 3001 2276 decoreque
3050 2224 3115 2260 ac
3176 2224 3403 2260 morum
3464 2224 3571 2261 usu

1947 2301 2243 2365 comperta
2273 2296 2557 2364 elegantia
2611 2295 2795 2365 magis
2852 2300 3081 2364 captus,
3141 2296 3197 2348 Si
3232 2294 3337 2351 tibi
3396 2295 3579 2358 urbis,

1948 2384 2051 2448 ait,
2085 2384 2262 2451 huius
2296 2384 2484 2453 placet
2540 2383 2939 2451 commoratio,
2994 2384 3232 2437 domum
3279 2383 3458 2437 habes
3517 2384 3577 2449 in

1948 2489 2085 2541 qua,
2116 2478 2179 2525 ut
2224 2474 2376 2542 apud
2436 2479 2589 2539 tuos,
2644 2472 2929 2539 diversere
2988 2472 3245 2541 quandiu
3312 2470 3580 2539 lubebit;

1950 2560 2041 2613 sin
2075 2560 2187 2613 alio
2225 2560 2470 2629 urgeris,
2509 2562 2852 2615 instructem
2885 2559 3086 2637 viatico
3113 2560 3431 2625 dimittam.
3464 2559 3585 2615 Hoc

1950 2654 2315 2717 postremum
2341 2649 2580 2717 juvenis
2613 2648 2848 2718 recepit,
2881 2651 3277 2703 necessarium
3312 2648 3420 2702 iter
3466 2647 3584 2702 Sibi

1950 2741 2248 2805 causatus,
2286 2742 2342 2811 et
2371 2741 2602 2807 accepto
2640 2737 2831 2791 viatici
2876 2738 3107 2791 nomine
3164 2737 3306 2790 satis
3363 2753 3574 2806 magno

1951 2825 2206 2893 pecuniae
2266 2814 2528 2889 numero,
2580 2825 2650 2878 ad
2699 2824 2887 2878 socios
2926 2827 3034 2879 sub
3092 2823 3233 2879 solis
3304 2841 3575 2879 occasum

1949 2912 2119 2967 laetus
2149 2912 2325 2977 venit,
2358 2914 2576 2982 scripto
2630 2916 2686 2966 et
2747 2913 2871 2981 ipse
2927 2913 2985 2967 in
3040 2912 3261 2983 foribus
3318 2912 3575 2967 civitatis

1949 3016 2225 3054 successu
2260 3001 2383 3071 spei
2415 3018 2532 3055 suae
2567 3000 2625 3054 in
2677 3002 2796 3065 haec
2850 3002 3061 3055 verba:
3119 3001 3302 3067 Unius
3350 3000 3584 3069 juvenis

1871 3073 1912 3137 C
1952 3089 2142 3143 forma
2172 3090 2506 3159 peregrinos
2538 3093 2788 3158 quatuor
2820 3089 3095 3144 instruxit
3120 3107 3371 3144 annona.

2025 3213 2123 3278 lli,
2159 3212 2286 3266 Dies
2310 3212 2435 3280 jam
2460 3212 2684 3283 aliquot
2715 3229 2783 3267 ex
2842 3214 3079 3268 formosi
3143 3214 3356 3267 nobilis
3412 3230 3585 3284 pecu-

1954 3300 2501 3369 niajucundissime
2525 3300 2753 3354 sodales
2773 3306 3024 3370 quatuor
3045 3303 3435 3369 convixerant,
3452 3318 3586 3355 cum

1956 3388 2053 3442 illa
2099 3389 2318 3441 sensim
2367 3389 2671 3442 deficiente
2704 3394 2985 3443 mercator
3016 3390 3113 3459 qui
3151 3407 3250 3460 per
3307 3407 3404 3443 eos
3458 3391 3585 3443 dies

1953 3480 2155 3546 parata
2182 3462 2293 3529 sibi
2329 3462 2486 3529 veSte
2520 3481 2576 3529 et
2605 3482 2770 3547 portu
2802 3478 2957 3530 obito
3003 3478 3214 3548 aliquid
3276 3478 3356 3531 ibi
3416 3484 3583 3531 nota-

1953 3569 2131 3631 verat,
2166 3556 2319 3617 unde
2344 3552 2649 3634 praesentis
2680 3564 2825 3617 lucri
2858 3554 3047 3619 offerri
3082 3566 3191 3619 sibi
3220 3566 3581 3620 oceasionem

1954 3652 2313 3721 opinaretur,
2346 3652 2587 3721 Nempe,
2622 3653 2805 3722 inquit
2862 3656 2928 3706 ad
2991 3655 3198 3723 socios,
3262 3671 3351 3709 me
3400 3654 3585 3707 intue-

1954 3740 2120 3808 mini,
2154 3745 2211 3794 et
2235 3740 2357 3794 vice
2392 3756 2520 3794 mea
2568 3741 2923 3811 promissum
2960 3742 3257 3805 industriae
3301 3742 3585 3796 auxilium

1953 3846 1986 3883 a
2044 3843 2136 3883 me
2195 3828 2521 3898 reposcitis.
2572 3828 2707 3883 Non
2773 3830 3077 3899 interpono
3138 3847 3377 3884 moram.
3450 3831 3589 3885 Cras

1954 3932 2122 3969 mane
2156 3917 2420 3987 prodibo,
2453 3922 2509 3971 et
2538 3917 2587 3970 si
2620 3918 2943 3972 Mercurius
2973 3919 3279 3987 adiuverit,
3330 3935 3445 3972 non
3492 3935 3588 3971 va-

1952 4021 2125 4058 cuum
2160 4020 2250 4057 me
2280 4020 2516 4074 vespere
2549 4005 2855 4074 recipietis.
2890 4006 3004 4061 Nec
3055 4006 3301 4060 mendax
3333 4006 3584 4075 promis-

1951 4109 2083 4147 sum
2117 4092 2265 4152 fuit:
2294 4093 2404 4147 sub
2430 4108 2630 4147 secum
2664 4094 2775 4147 diei
2800 4100 3041 4163 posterae
3099 4093 3255 4148 mille
3313 4110 3585 4148 nummos

1953 4182 2024 4235 ad
2057 4181 2248 4235 socios
2280 4182 2495 4247 attulit,
2546 4197 2692 4251 quos
2751 4182 2857 4236 hac
2917 4188 3041 4237 arte
3091 4188 3430 4251 paraverat:
3494 4181 3582 4235 luâ€”

1952 4270 2191 4323 strando
2223 4269 2378 4323 circa
2408 4274 2609 4339 portus
2657 4269 3014 4340 crepidinem
3075 4272 3325 4325 advenas
3386 4287 3584 4326 naves.

1953 4375 2131 4411 unam
2167 4358 2467 4411 invenerat
2497 4358 2898 4413 recentissime
2931 4359 3262 4429 appulsam,
3292 4376 3358 4413 ex
3414 4360 3585 4428 cujus

1875 4424 1920 4485 D
1955 4450 2173 4500 rectore
2225 4446 2616 4513 percontando
2675 4463 2952 4516 quorsum
3004 4447 3249 4515 veniret,
3307 4445 3587 4502 elicuerat

1960 4537 2128 4588 certas
2157 4531 2324 4585 illum
2353 4532 2563 4587 mercis
2596 4536 2739 4587 satis
2769 4550 2910 4587 rara:
2944 4534 3231 4588 desiderio
3262 4533 3466 4598 teneri,
3525 4533 3584 4586 in

1954 4637 2152 4692 quam,
2187 4620 2235 4674 si
2268 4621 2447 4691 proba
2486 4625 2542 4673 et
2596 4620 2802 4675 idonea
2869 4623 3035 4691 copia
3092 4622 3429 4693 reperietur,
3491 4639 3587 4675 sex

1955 4714 2247 4779 septemve
2280 4725 2659 4763 nummorum
2692 4710 2875 4763 millia
2920 4709 3168 4765 libenter
3196 4710 3583 4779 impenderet.

1953 4797 2129 4851 Porro
2158 4812 2222 4849 ex
2257 4794 2464 4850 amicis
2493 4796 2785 4852 veteribus
2831 4797 2989 4867 (nam
3042 4798 3249 4852 horum
3298 4797 3582 4863 quosdam

1952 4884 2009 4937 in
2042 4883 2215 4937 turba
2245 4884 2390 4937 forte
2430 4887 2635 4938 nactus
2657 4888 2800 4954 erat)
2831 4885 3129 4955 didicerat,
3178 4887 3307 4955 ejus
3350 4885 3582 4955 speciei,

1954 4988 2129 5041 quam
2152 4970 2245 5025 hic
2280 4972 2618 5040 peregrinus
2651 4973 2886 5027 institor
2913 4979 3170 5043 cuperet,
3203 4973 3426 5043 copiam
3486 4989 3580 5027 ex-

1955 5058 2221 5129 spectari,
2280 5075 2314 5112 a
2379 5059 2650 5113 nauclero
2726 5061 3074 5115 adventante
3147 5062 3578 5131 inportandam.

1952 5151 2117 5200 Hunc
2150 5146 2516 5215 praestolatus
2549 5153 2916 5216 praeoccupat
2949 5149 3174 5217 primus
3205 5147 3493 5210 omnium,
3526 5151 3585 5200 et

1953 5236 2023 5287 de
2054 5250 2243 5287 merce
2276 5249 2446 5302 quam
2480 5232 2599 5287 dixi
2632 5234 2819 5303 pretio
2870 5252 3241 5290 nummorum
3295 5251 3397 5289 sex
3451 5234 3587 5288 mil-

1951 5320 2097 5374 lium
2128 5320 2417 5390 transigit,
2448 5337 2515 5376 Î¾Ï‰
2544 5321 2681 5377 dato
2722 5338 2790 5376 ex
2834 5318 3041 5378 amicis
3100 5338 3380 5393 sponsore
3431 5321 3583 5376 solu-

1952 5408 2129 5463 tionis
2185 5409 2341 5462 intra
2396 5408 2550 5463 diem
2630 5412 3124 5479 repraesentandis,
3202 5409 3578 5476 navarchum,

1957 5513 2214 5568 quocum
2244 5501 2459 5567 egerat,
2492 5513 2624 5552 cum
2658 5514 2847 5554 merce
2877 5499 3001 5554 adit
3027 5516 3041 5566 ;
3066 5500 3116 5554 is
3146 5514 3273 5554 eam
3302 5496 3585 5567 qualitate
