4108 6294
523 316 653 369 1351

2015 324 2404 376 APPENDIX.

3731 334 3839 386 1352

520 459 585 497 ac
617 457 860 496 numero
892 442 1125 512 qualem
1159 445 1395 513 optabat
1426 462 1487 499 se
1535 445 1645 499 cito
1705 449 1940 500 nactum
1990 445 2145 515 gavi-
2177 454 2227 516 Α
2264 447 2421 501 mino
2453 463 2626 517 quem
2650 448 2987 517 extulimus,
3014 450 3170 521 regia
3190 452 3455 507 universa
3480 454 3704 523 familia;
3726 460 3836 526 quid

519 547 643 596 sus,
672 535 891 599 septem
918 530 1101 586 millia
1131 549 1439 587 nummum
1465 533 1620 587 haud
1652 538 1885 604 gravato
1914 534 2153 604 pacisci-

519 622 615 672 tur
644 622 701 673 et
729 620 927 672 statim
961 618 1159 673 tradit-
1197 616 1297 674 His
1332 626 1527 675 noster
1557 623 1811 692 acceptis
1866 639 2035 677 suam
2098 628 2155 676 et

518 706 819 777 sponsoris
854 707 1023 761 ﬁdem
1058 708 1286 775 liberat,
1322 726 1421 763 sex
1452 710 1716 764 millibus
1746 727 1813 764 ex
1842 716 2010 780 pacto
2042 727 2153 763 nu-

521 798 815 852 merandis
845 797 935 851 cui
982 799 1245 852 debebat.
1310 800 1556 870 Moxque
1616 802 1685 853 ad
1747 801 1935 854 socios
1994 801 2151 854 festi-

518 902 666 939 nans
699 886 755 939 in
791 890 954 956 porta
1014 886 1174 940 urbis
1226 887 1472 941 carbone
1529 904 1646 940 suae
1706 894 2149 942 monumentum

517 990 700 1043 Operae
729 974 996 1043 signavit,
1032 974 1115 1027 sic
1147 975 1407 1029 scribens
1437 991 1449 1027 :
1481 974 1777 1029 Industria
1813 976 2152 1029 mercatoris

518 1061 677 1115 mille
712 1078 984 1116 nummos
1010 1079 1123 1115 una
1154 1063 1247 1115 die
1278 1063 1387 1116 sibi
1422 1068 1479 1116 et
1508 1062 1810 1117 sodalibus
1840 1079 1905 1116 ex
1967 1062 2149 1117 nihilo

515 1150 783 1203 confecit.

586 1238 670 1291 IV.
707 1237 866 1291 Unus
899 1244 1200 1308 supererat
1262 1239 1414 1309 regis
1477 1238 1681 1307 filius;
1740 1239 1838 1309 qui
1904 1255 2012 1292 non
2077 1238 2150 1292 ita

515 1326 697 1379 multo
733 1327 1006 1395 post,die
1037 1332 1224 1397 capto,
1292 1344 1405 1381 non
1460 1326 1627 1381 bonis
1686 1328 1891 1381 avibus
1947 1327 2148 1380 urbem

515 1415 734 1483 ingredi
762 1415 921 1467 visus
953 1420 1040 1468 est
1072 1420 1320 1468 atratam
1356 1415 1512 1468 luctu
1554 1433 1566 1481 ;
1602 1431 1731 1468 nam
1768 1432 1833 1467 ea
1867 1415 1957 1469 sui
1998 1415 2150 1484 regis

511 1503 636 1556 sine
666 1502 868 1557 liberis
898 1503 1155 1556 defuncti
1192 1504 1367 1557 funus
1403 1509 1604 1556 moesta
1634 1502 1983 1556 celebrabat.
2014 1502 2148 1555 Pro-

510 1607 668 1645 ceres
709 1591 809 1661 qui
843 1591 1265 1660 rempublicam
1291 1592 1807 1655 administrabant,
1830 1590 1932 1643 tali
1956 1606 2145 1643 rerum

512 1679 755 1734 articulo
787 1678 1042 1744 solliciti,
1080 1696 1150 1733 ne
1177 1680 1317 1750 quid
1351 1679 1658 1732 turbarum
1718 1678 1989 1746 oriretur,
2050 1695 2150 1731 cu-

512 1767 732 1821 stodias
763 1767 1203 1837 geminaverant
1235 1771 1558 1836 portarum,
1593 1765 1992 1835 explorarique
2016 1765 2149 1819 sub-

510 1859 717 1908 euntes
743 1856 1069 1923 jusserant.
1109 1855 1191 1907 Ab
1222 1854 1782 1923 his‘animadversus
1808 1853 2147 1922 peregrinus

504 1942 735 2011 juvenis
767 1942 1001 2011 speciei,
1035 1942 1298 2006 beroicze,
1360 1957 1489 1994 cum
1548 1940 1939 2006 interrogatus
1992 1939 2142 2007 quis,

511 2031 701 2098 cujus,
734 2031 909 2098 unde,
943 2046 1045 2083 cur
1078 2028 1318 2095 veniret,
1350 2043 1695 2097 responsum
1727 2027 1877 2079 haud
1926 2032 2145 2080 certum

508 2118 861 2188 expedisset,
894 2120 1171 2187 supectus
1205 2116 1261 2169 in
1297 2115 1529 2168 vincula
1578 2115 1749 2167 datus
1808 2117 1915 2181 est,
1978 2113 2145 2167 valde

508 2207 949 2269 miserantibus,
995 2205 1092 2259 ubi
1153 2221 1271 2259 rem
1336 2220 1674 2273 cognovere,
1737 2208 1852 2255 tam
1916 2202 2141 2255 tristem

509 2312 845 2350 successum
882 2295 1075 2346 sociis.
1108 2294 1325 2347 Triduo
1355 2298 1482 2362 post
1505 2290 1964 2345 consulentesde
1994 2291 2144 2359 regis

507 2384 785 2437 electione
844 2388 1164 2447 senatores,
1228 2382 1539 2434 audierunt
1616 2398 1647 2432 a
1726 2378 2139 2447 quaealtoribus

509 2488 633 2541 quas
688 2471 726 2524 ii
785 2470 1011 2539 captivo
1089 2468 1457 2522 adolescente
1538 2468 1934 2521 resciverant:
2014 2482 2142 2519 esse

508 2561 673 2613 illum
708 2561 860 2629 regis
894 2558 1011 2611 noti
1044 2559 1094 2611 et
1124 2557 1372 2628 potentis
1408 2554 2141 2626 primogenitum,factione

507 2648 704 2701 fratris
738 2646 1001 2701 mimoris
1024 2646 1184 2715 regni
1209 2644 1542 2698 hzereditate
1561 2644 1848 2712 dejectum
1878 2658 1891 2708 ;
1915 2648 1970 2695 et
1996 2642 2139 2695 forte

509 2736 664 2789 fama
694 2736 775 2789 rei
807 2740 978 2789 tantae
1016 2735 1074 2787 in
1106 2733 1369 2803 proximo
1428 2736 1599 2803 gestae
1656 2748 1721 2785 eo
1779 2733 2134 2801 pervenerat,

504 2823 806 2878 celebrans
829 2823 1000 2877 etiam
1036 2822 1142 2875 viri
1195 2820 1416 2875 laudes.
1472 2820 1572 2875 His
1624 2818 1840 2874 auditis
1898 2824 2136 2873 senatus

508 2911 798 2981 princeps,
836 2911 1073 2979 Nempe,
1105 2909 1320 2979 inquit,
1346 2912 1565 2971 Patres,
1589 2923 1784 2977 regem
1811 2906 1963 2961 Deus
1992 2909 2138 2960 ultro

507 2999 667 3054 nobis
724 2999 909 3065 offert,
971 3013 1086 3067 quo
1142 2998 1440 3052 meliorem
1501 3012 1571 3050 ne
1627 2999 1825 3065 optare
1902 2994 2136 3064 quidem

508 3104 846 3158 possumus.
878 3086 1198 3153 Exstincta,
1223 3089 1289 3140 ut
1311 3085 1493 3151 scitis,
1522 3088 1610 3138 est
1638 3099 1773 3138 cum
1798 3086 1994 3137 nostro
2033 3082 2134 3136 do-

2259 534 2583 605 elegantius
2614 536 2802 590 facere
2831 536 2965 592 licet
2995 553 3170 607 quam
3231 540 3668 607 nobilissimum,
3712 546 3834 614 opti-

2261 638 2445 689 mum,
2481 639 2586 677 nec
2643 625 2847 678 rudem
2907 626 3187 695 regnandi
3239 630 3449 681 artium
3499 629 3750 696 juvenem
3788 632 3833 685 in

2258 726 2503 764 vacuum
2539 712 2719 765 nostri
2752 713 2913 783 regni
2944 714 3183 768 evehere
3213 714 3427 770 solium
3449 716 3476 769 Ἰ
3497 716 3838 787 Disceptatum

2256 798 2592 867 aliquandiu
2628 800 2696 853 de
2729 817 2808 866 re,
2852 806 3253 871 certatumque
3308 803 3453 856 votis
3512 821 3573 857 ac
3628 806 3836 859 studiis;

2256 886 2494 940 tandem
2529 886 2802 941 euntibus
2835 888 3130 958 plerisque
3187 889 3245 943 in
3307 893 3645 945 sententiam
3700 895 3836 961 primi

2257 973 2565 1040 senatoris,
2598 975 2843 1028 eductus
2873 993 2903 1029 θ
2928 976 3195 1030 custodia
3226 978 3333 1031 rite
3383 986 3678 1032 coronatur
3727 982 3835 1034 ado-

2257 1062 2497 1115 lescens.
2533 1062 2818 1131 Subjiciet
2849 1063 2959 1117 sibi
3004 1065 3255 1133 quisque
3287 1065 3450 1120 facile
3482 1084 3602 1135 qua:
3636 1071 3834 1132 novitas,

2261 1166 2503 1219 quaeque
2536 1150 2853 1203 admiratio
2886 1155 3228 1205 cunctorum
3262 1153 3451 1206 fuerit.
3510 1153 3693 1207 Trium
3744 1172 3833 1208 ma-

2254 1239 2408 1290 xime
2439 1239 2570 1306 ojus
2610 1239 2891 1292 comitum
2954 1224 3083 1309 post
3139 1240 3369 1293 anxiam
3404 1244 3835 1312 exspectationem

2257 1326 2467 1395 ingens
2498 1326 2780 1396 gaudium
2814 1332 2870 1380 et
2893 1326 3207 1397 gratulatio
3240 1327 3336 1382 Dei
3365 1329 3536 1382 laude
3575 1330 3837 1399 conjuncta

2257 1413 2497 1466 exstitit.
2531 1413 2730 1484 Neque
2759 1413 2967 1468 borum
2999 1414 3214 1468 oblitus
3262 1416 3321 1468 in
3381 1415 3602 1469 fortuna
3656 1418 3839 1471 meliori

2256 1517 2440 1554 novus
2468 1517 2586 1562 rex,
2613 1501 2813 1554 statim
2845 1518 2944 1555 eos
2977 1504 3239 1568 accersit,
3275 1520 3341 1557 ac
3374 1504 3618 1558 nobilem
3649 1506 3839 1572 quidem

2258 1588 2578 1643 formosum
2613 1589 2780 1643 illum
2816 1589 3072 1660 palatino
3103 1592 3357 1645 maxime
3380 1599 3725 1646 auctoratum
3753 1609 3842 1645 ma-

2254 1678 2499 1745 gistratu
2536 1679 2690 1747 apud
2726 1694 2786 1731 se
2819 1678 3023 1731 habuit
3054 1694 3067 1742 ;
3101 1682 3456 1748 naufragum
3514 1688 3837 1735 mercatorem

2257 1765 2458 1818 aerario
2491 1766 2778 1835 prazfecit;
2807 1766 3022 1820 rustico
3045 1767 3296 1836 denique
3313 1767 3578 1821 villarum
3602 1768 3842 1838 regiarum

2255 1853 2718 1922 procurationem
2746 1854 3238 1908 demandavit.Ae
3261 1856 3413 1923 quod
3444 1855 3571 1909 illos
3593 1856 3845 1925 scripsisse

2255 1942 2310 1995 in
2348 1946 2512 2012 porta
2546 1946 2907 2011 compererat
2938 1942 3192 2013 elogium
3230 1961 3349 1997 suae
3379 1960 3659 2015 quemque
3679 1945 3839 2011 sortis,

2253 2030 2453 2100 etipse
2488 2031 2539 2082 iu'l
2576 2029 2860 2097 imitatus,
2894 2030 2953 2083 in
2992 2031 3177 2084 fronte
3236 2032 3509 2103 propylmi
3567 2038 3723 2101 porta:
3766 2049 3835 2085 ur-

2255 2118 2345 2171 bis
2381 2118 2666 2188 primariae
2694 2117 2871 2171 locari
2932 2135 3192 2173 marmor
3248 2121 3477 2174 curavit
3531 2122 3615 2174 cui
3664 2119 3837 2173 litteris

2252 2205 2737 2275 quadrantalibus
2770 2206 2960 2259 aureis
2994 2207 3244 2276 insculpi
3305 2209 3563 2276 jnsserat
3595 2227 3606 2263 :
3660 2208 3840 2260 Certior

2254 2293 2607 2363 solidiorque
2640 2293 3049 2346 basisliducize
3128 2296 3392 2347 humanm
3480 2314 3638 2362 quam
3692 2296 3839 2351 labor.

2252 2384 2458 2438 forma.
2519 2381 2828 2443 industria,
2889 2381 3081 2433 divina
3134 2388 3221 2435 est
3280 2386 3655 2451 providentia,
3717 2383 3836 2435 unde

2250 2486 2423 2523 omne
2453 2471 2669 2522 bonum
2706 2470 2979 2537 provenit.
3019 2474 3149 2523 Haec
3177 2470 3381 2523 Genxm
3430 2472 3509 2540 (id
3566 2472 3611 2523 ei
3664 2487 3834 2523 nonwn

2250 2557 2394 2625 erat)
2428 2572 2659 2624 semper
2691 2555 2796 2608 fuit
2826 2557 3045 2624 opinio,
3078 2557 3418 2612 felicissimo
3468 2564 3662 2613 eventu
3708 2574 3832 2610 com-

2252 2646 2509 2713 probata.
2546 2644 2664 2697 Sub
2718 2644 2836 2697 haec
2898 2660 3173 2709 perorans
3225 2646 3701 2716 gymnosophista
3743 2644 3834 2712 regi

2247 2730 2628 2786 Abessalomo
2660 2731 2852 2786 dixit:
2908 2732 3083 2786 Vides
3140 2750 3208 2787 ex
3266 2734 3378 2799 his,
3433 2736 3678 2802 domine,
3727 2748 3836 2802 opes

2248 2819 2554 2890 egentibus
2581 2821 2913 2889 contingere
2951 2837 3149 2890 opera,
3188 2822 3404 2891 specie,
3453 2838 3675 2893 genere,
3726 2826 3835 2879 arte,

2248 2912 2307 2961 at
2337 2922 2512 2976 super
2542 2907 2759 2974 omnia,
2794 2907 3151 2977 providentia
3185 2913 3243 2962 et
3275 2913 3564 2979 potestate
3620 2906 3834 2979 supremi

2246 2995 2331 3049 Nu
2345 2994 2518 3049 minis
2541 2999 2751 3050 cuncta
2764 2995 3198 3065 sapientissime
3211 2997 3655 3068 aequissimeque
3677 2996 3837 3050 mode~

2250 3081 2453 3136 rantis.

1567 3394 2078 3455 DISSERTATIO
2134 3392 2624 3453 PARABOLICA
2668 3393 2825 3450 Xlll.

507 3509 706 3568 Docet
738 3514 893 3566 vices
922 3524 1131 3583 aequas
1158 3520 1375 3563 rerum
1405 3512 1645 3561 wterna
1674 3500 1810 3577 lege
1867 3501 2233 3560 constitutas
2262 3520 2283 3566 ,°
2314 3501 2483 3557 unde
2544 3504 2871 3558 conveniat
2932 3519 3058 3558 non
3112 3519 3282 3577 aegre
3331 3508 3509 3576 ferre
3564 3524 3696 3563 cum
3738 3508 3849 3580 quis

1881 3599 2023 3658 quae
2045 3586 2218 3655 fecit,
2248 3585 2524 3655 patitur.

583 3738 737 3793 Dixit
766 3742 957 3791 autem
1003 3751 1137 3790 rex:
1184 3733 1416 3804 Percepi
1479 3730 1809 3803 parabolam
1859 3730 2034 3785 istam
2091 3734 2148 3784 et
2178 3730 2220 3795 C
2256 3728 2480 3799 cipiunt
2509 3728 2921 3783 abstinendum
2955 3729 3065 3783 sibi
3098 3746 3227 3785 esse
3259 3750 3291 3786 a
3321 3735 3600 3789 vexandis
3650 3752 3738 3804 per
3786 3734 3848 3787 in-

516 3827 655 3896 quid
694 3842 791 3895 per
820 3841 947 3879 eam
999 3822 1368 3894 praecipiatur
1428 3818 1738 3890 intelligo;
1796 3834 1952 3871 nunc
2010 3817 2152 3871 doce

518 3929 629 3983 quo
661 3918 827 3984 pacto
860 3914 963 3966 ﬁat
990 3915 1056 3964 ut
1087 3909 1254 3965 facile
1285 3907 1559 3962 oblivioni
1591 3906 1785 3960 tradat
1815 3921 1881 3959 ac
1941 3920 2148 3975 parum

517 4007 680 4056 curet
710 4001 931 4055 alienas
962 3997 1347 4064 calamitates,
1381 3996 1479 4066 qui
1512 3994 1743 4049 nullum
1804 3993 1928 4062 ipse
1984 3993 2150 4046 dam-

522 4106 661 4144 num
724 4105 934 4161 passus
989 4102 1248 4157 unquam
1309 4089 1437 4149 est;
1496 4082 1593 4137 ubi
1651 4084 1845 4136 autem
1906 4078 2151 4150 experiri

519 4179 671 4233 mala
704 4177 960 4248 coeperit,
994 4174 1240 4229 aliorum
1293 4172 1377 4225 illi
1444 4171 1660 4235 clades,
1722 4168 2152 4223 admonitiones

515 4284 579 4321 ac
611 4268 963 4319 documenta
995 4264 1115 4317 sint
1146 4261 1359 4332 quibus
1382 4260 1449 4313 ad
1473 4258 1935 4328 resipiscendum
1962 4256 2151 4309 addu-

518 4359 703 4409 catur.

588 4443 667 4496 Ad
699 4459 765 4497 ea
788 4444 1089 4510 resumpto
1113 4454 1380 4493 sermone
1402 4433 1886 4507 gymnosophista
1907 4449 2149 4503 respon-

520 4532 603 4585 dit
634 4531 689 4584 in
724 4531 880 4582 hunc
915 4530 1190 4581 modum:
1239 4527 1343 4589 Qui
1399 4542 1513 4578 non
1574 4524 1806 4577 dubitat
1860 4522 2006 4576 alios
2064 4520 2155 4575 Iaz-

520 4621 654 4674 dere
695 4624 757 4671 ut
780 4619 891 4670 sibi
926 4617 1111 4686 prosit
1143 4612 1505 4685 ipsi,stultus
1536 4611 1999 4680 imprudensque
2042 4613 2151 4673 est,

522 4707 739 4778 quippe
769 4705 866 4774 qui
899 4721 1008 4756 non
1044 4704 1257 4771 cogitet
1285 4701 1545 4756 omnium
1578 4714 1707 4753 esse
1741 4702 2002 4752 actorum
2055 4698 2152 4765 ju-

520 4799 639 4846 stas
671 4792 843 4854 vices,
879 4787 1353 4857 immutabilique
1382 4787 1584 4841 ordine
1607 4800 2009 4839 successuram
2044 4783 2143 4836 ali-

520 4881 754 4948 quando
813 4879 1146 4945 cuicunque
1180 4875 1405 4943 injuria:
1435 4890 1630 4944 parem
1664 4873 1967 4949 ultionem,
2002 4875 2155 4926 certe

521 4974 580 5022 ut
604 4966 946 5037 longissime
977 4965 1307 5027 dilieratur,
1342 4961 1549 5015 ultima
1581 4960 1683 5014 illa
1713 4960 1806 5014 die
1838 4976 1952 5030 qua
1989 4975 2156 5029 aequa

517 5055 819 5110 retributio
851 5052 1102 5117 cunctis,
1138 5055 1312 5121 prout
1354 5049 1620 5111 vixerint,
1684 5048 1979 5101 reddetur.
2038 5048 2153 5102 Hac

518 5161 687 5216 porro
720 5146 912 5195 mente
943 5142 998 5194 in
1034 5140 1397 5194 calamitates
1424 5137 1638 5191 incidet
1669 5134 2150 5203 immedicabiles,

518 5249 583 5286 ac
613 5231 723 5286 nisi
758 5230 934 5283 vitam
968 5228 1236 5282 emendet
1266 5226 1322 5279 in
1355 5230 1635 5295 tempore,
1668 5223 2018 5294 pcenitentia:
2051 5223 2149 5277 de-

518 5322 694 5389 nique
725 5334 864 5373 serae
897 5322 1071 5387 atquo
1106 5315 1333 5369 inutilis
1364 5313 1481 5367 acri
1514 5316 1804 5366 tormento
1862 5309 2147 5365 cruciabi-

516 5413 628 5462 tur.
664 5405 1016 5475 Hujusmodi
1050 5409 1244 5457 tamen
1277 5401 1573 5455 interdum
1610 5400 2000 5454 emendantur
2054 5413 2151 5452 ex-

520 5494 799 5566 perientia
826 5493 1115 5547 malorum
1149 5490 1515 5562 propriorum
1548 5507 1561 5555 ;
1595 5488 1717 5541 etsi
1754 5487 1988 5556 quando
2019 5502 2152 5539 sen-

518 5584 668 5639 tiant
693 5582 908 5637 damna
936 5580 1008 5636 ab
1040 5580 1192 5648 aliis,
1223 5577 1405 5648 illata,
1438 5575 1762 5647 intelligere
1791 5576 2028 5629 demum
2063 5574 2153 5628 in-

2250 3819 2441 3887 jurias
2471 3817 2623 3882 aliis,
2669 3823 2838 3887 prout
2888 3817 3079 3871 leaenas
3135 3820 3400 3891 contigit.
3469 3825 3671 3878 Ferunt
3722 3822 3844 3876 enim

2256 3905 2445 3959 leaena;
2477 3905 2730 3975 cuipiam
2766 3905 2989 3959 catulos
3018 3907 3164 3960 duos
3197 3907 3555 3980 fuisse,quos
3579 3911 3695 3981 ipsa
3712 3926 3846 3964 vena-

2259 4002 2377 4047 tum
2412 3993 2704 4063 prodiens,
2738 3999 2882 4061 tuto,
2917 3998 2979 4046 ut
3010 3996 3272 4063 putabat,
3317 3996 3444 4051 loco
3510 3999 3757 4069 deposuit
3801 3996 3845 4048 in

2258 4080 2421 4144 silva,
2450 4080 2545 4133 ubi
2580 4096 2680 4135 eos
2706 4080 2965 4134 inventos
2996 4088 3238 4137 venator
3286 4084 3525 4153 quidam
3584 4084 3845 4143 interfecit:

2258 4174 2313 4222 et
2345 4168 2491 4237 pelle
2522 4168 2755 4237 utrique
2786 4169 3047 4223 detracta
3077 4185 3399 4242 secumque
3457 4174 3663 4241 ablata,
3712 4187 3846 4227 exco-

2258 4254 2431 4309 riatos
2466 4261 2519 4308 et
2544 4254 2752 4309 misere
2782 4253 3004 4311 laceros
3036 4256 3293 4328 reliquit.
3328 4263 3533 4316 Redux
3572 4263 3638 4316 ad
3689 4261 3843 4315 locum

2258 4342 2455 4409 leaena,
2488 4348 2545 4397 et
2574 4342 2952 4399 charissimos
3013 4345 3164 4399 fetus
3218 4348 3537 4403 exstinctos
3594 4355 3747 4419 atque
3792 4361 3843 4398 ex

2258 4432 2627 4485 carnificatos
2684 4448 2948 4500 cernens,
3009 4433 3334 4489 incredibili
3389 4437 3614 4492 conﬁxa
3689 4433 3843 4490 dolore

2258 4523 2365 4584 est,
2401 4518 2745 4588 nullumque
2774 4521 2947 4573 ﬁnem
2980 4521 3155 4575 ﬂendi
3184 4539 3249 4576 ac
3307 4522 3660 4580 lamentandi
3715 4520 3846 4575 facie-

2258 4608 2378 4676 bat,
2408 4608 2550 4662 adeo
2584 4612 2648 4661 ut
2677 4607 2959 4677 ejulatum
2994 4610 3123 4678 ejus
3147 4626 3213 4664 ac
3246 4611 3545 4681 planctum
3576 4612 3742 4667 excita
3773 4622 3847 4659 so-

2259 4697 2382 4749 nitu
2410 4695 2599 4749 vicina
2630 4712 2768 4749 ursa
2826 4712 2925 4765 pro
2983 4698 3413 4755 necessitudine
3444 4704 3753 4756 accurreret
3793 4693 3845 4747 ad

2259 4782 2510 4837 amicam
2551 4782 2984 4837 consolandam.
3045 4787 3137 4839 Ait
3190 4802 3327 4857 ergo
3385 4787 3561 4842 simul
3611 4782 3847 4859 pervenit.

2259 4870 2399 4935 Quial
2431 4874 2485 4924 te
2514 4875 2711 4925 tantus
2741 4886 2956 4925 mceror
2983 4874 3239 4937 coniicit,
3270 4891 3375 4946 age
3414 4876 3554 4946 quid
3585 4867 3848 4945 quereris?

2259 4958 2399 5028 quid
2431 4958 2537 5012 tibi
2571 4959 2725 5029 quod
2758 4958 2941 5014 nolles
2973 4962 3216 5033 contigit
3243 4963 3270 5016 ?
3318 4963 3637 5027 Enimvero,
3691 4955 3849 5027 inquit

2260 5046 2381 5115 illa,
2445 5049 2737 5117 quomodo
2795 5064 2908 5102 non
2968 5048 3162 5116 ﬂeam,
3224 5052 3470 5117 utulem,
3541 5069 3649 5107 non
3720 5047 3849 5119 plan-

2262 5151 2416 5206 gam,
2487 5151 2612 5205 qua;
2686 5135 2832 5190 duos
2898 5137 3123 5191 catulos
3188 5140 3545 5195 amiserim?
3600 5140 3704 5194 Hos
3780 5148 3849 5186 re-

2258 5222 2540 5292 liqueram
2562 5224 2934 5278 absconditos
2956 5225 3015 5279 in
3038 5227 3403 5283 arundineto.
3430 5230 3667 5285 Venator
3686 5227 3848 5279 autem

2259 5310 2497 5380 quidam
2530 5310 2649 5364 illic
2672 5316 2927 5380 repertos
2960 5313 3087 5381 (heu
3124 5314 3261 5368 mibi
3299 5314 3337 5385 Ι)
3387 5316 3613 5381 occidit,
3667 5317 3719 5368 et
3768 5325 3848 5362 nu-

2259 5400 2526 5453 datarum
2559 5398 2822 5453 carnium
2850 5399 3029 5469 pelles
3083 5403 3350 5458 auferens
3406 5404 3565 5459 abiit.
3627 5398 3759 5455 Dixit
3805 5393 3848 5447 ei

2260 5503 2398 5541 ursa
2431 5501 2443 5538 :
2474 5485 2670 5555 Atqui.
2699 5489 2907 5552 amica,
2940 5490 3087 5544 terre
3118 5495 3173 5544 te
3203 5492 3358 5545 hunc
3387 5509 3582 5547 casum
3624 5506 3685 5544 eo
3726 5500 3842 5540 con-

2261 5573 2515 5629 stantius
2547 5591 2650 5644 par
2679 5579 2787 5644 est,
2820 5577 2974 5646 quod
3004 5594 3136 5633 eum
3169 5580 3399 5636 conscia
3428 5580 3530 5634 tibi
3554 5596 3615 5635 es
3636 5568 3842 5631 merenti
