4060 6304
246 520 385 576 1353

1252 511 1606 569 SPECIMEN
1644 509 2044 564 SAPIENTIE
2083 510 2414 567 INDORUM
2450 513 2614 566 VET.

3492 505 3628 562 1354

245 646 583 717 contigisse,
616 657 750 698 nam
781 641 981 696 eadem
1014 652 1140 708 quae
1173 636 1361 691 fecisti
1394 651 1568 706 passa
1606 649 1686 689 es.
1731 635 1881 695 Quo-
1912 636 1963 698 Α
1995 632 2270 702 profecto,
2321 633 2516 704 inquit
2569 633 2788 701 leaena;
2849 632 2940 688 cui
3016 647 3174 698 ursa,
3233 631 3380 695 Quid
3447 631 3628 703 igitur

245 736 402 792 circa
431 733 668 788 modum
699 745 880 801 ponas
932 725 1184 783 luctibus
1215 740 1444 792 censeo,
1493 739 1557 777 ac
1601 724 1878 791 reputans

245 827 436 879 tecum
464 835 640 892 quam
663 817 877 874 multas
909 819 964 870 et
994 815 1122 886 ipsa
1171 817 1386 868 matres
1431 812 1600 866 orbas
1653 809 1876 875 feceris,

249 909 743 978 orbitatemjusta
771 905 889 960 vice
936 903 1042 959 tibi
1081 916 1384 972 repensam
1429 899 1567 954 boni
1617 895 1876 962 consule,

249 1003 350 1054 aut
400 997 685 1068 patienter
738 993 945 1050 saltem
1001 990 1213 1046 tolera.
1267 989 1491 1043 Usitata
1556 984 1770 1056 pateris
1825 986 1882 1038 et

248 1101 449 1158 aequa:
502 1089 714 1139 aeterna
765 1081 980 1152 quippe
1026 1079 1316 1135 sancitum
1359 1077 1505 1147 lege,
1552 1075 1767 1144 ubique
1814 1087 1878 1126 ac

251 1191 482 1246 semper
527 1173 713 1229 serius
748 1173 911 1227 ocius
960 1169 1056 1234 sit,
1105 1173 1168 1222 ut
1217 1183 1342 1238 quae
1391 1164 1540 1219 male
1572 1162 1706 1233 quis
1737 1161 1881 1216 dixit

251 1265 487 1332 audiat;
521 1279 646 1334 quae
678 1260 831 1330 fecit,
864 1260 1040 1313 ferat:
1093 1272 1220 1327 quas
1269 1251 1642 1309 seminaverit
1681 1252 1879 1316 meiat,

251 1368 482 1426 quaque
531 1365 808 1406 mensura
851 1362 1089 1402 mensus
1142 1343 1274 1398 aliis
1313 1339 1506 1407 fuerit,
1536 1338 1738 1394 eadem
1767 1334 1882 1407 ipsi

250 1441 609 1508 remetiatur;
668 1437 919 1508 denique
965 1435 1065 1506 qui
1124 1433 1367 1495 foveam,
1435 1428 1537 1500 qui
1583 1427 1880 1498 laqueum,

250 1531 350 1602 qui
373 1530 574 1585 dolum
605 1524 869 1599 quemvis
895 1524 956 1580 in
987 1523 1269 1578 damnum
1301 1518 1540 1575 alterius
1572 1514 1882 1602 paraverit,

251 1601 544 1674 similibus
577 1614 928 1686 quandoque
985 1607 1474 1665 circumveniatur
1513 1603 1768 1660 insidiis.
1803 1601 1881 1657 Ad

250 1723 318 1762 ea
347 1706 529 1761 leaena
572 1718 707 1757 vero
757 1701 929 1766 victa,
976 1698 1166 1766 Recte,
1201 1694 1414 1766 inquit,
1464 1709 1687 1748 mones.
1733 1691 1882 1745 Tum

252 1811 412 1863 ursa,
441 1792 566 1861 Dic,
592 1789 800 1846 amabo
851 1791 929 1856 te,
960 1790 1104 1856 quot
1151 1799 1421 1839 numeras
1468 1782 1598 1836 vitae
1654 1777 1885 1835 annos?

250 1883 402 1938 Sane
451 1879 687 1948 multos,
735 1877 816 1932 ait
862 1875 1078 1944 leaena;
1131 1876 1188 1929 et
1233 1889 1393 1941 ursa,
1459 1871 1577 1925 Hoc
1629 1883 1880 1939 quoque,

253 1969 364 2025 nisi
395 1984 567 2040 grave
629 1969 736 2035 est,
771 1978 1052 2031 memora,
1085 1977 1196 2030 quo
1233 1959 1421 2015 victus
1465 1973 1675 2029 genere
1720 1960 1883 2012 tanto

251 2060 512 2128 tempore
559 2054 641 2110 sis
698 2069 825 2119 usa,
879 2051 1020 2121 quid
1067 2052 1154 2104 tot
1196 2048 1326 2103 istis
1374 2046 1545 2101 annis
1583 2045 1885 2099 comedere

252 2143 642 2201 consueveris.
672 2141 893 2211 Nempe
941 2136 1114 2202 nosti,
1155 2136 1236 2191 ait
1277 2134 1398 2201 illa,
1433 2133 1585 2189 vesci
1635 2149 1728 2187 me
1758 2149 1885 2188 car-

251 2233 428 2288 nibus
476 2227 864 2286 animantium
912 2225 1116 2281 solere.
1162 2225 1333 2289 Sane,
1365 2222 1446 2278 ait
1479 2239 1650 2289 ursa;
1680 2238 1885 2276 rursus

250 2320 399 2375 illud
427 2332 642 2390 quaero:
668 2315 806 2380 Quis
832 2313 940 2368 tibi
971 2311 1331 2368 carnesistas
1353 2308 1885 2366 subministrabat?

248 2407 538 2473 Venabar,
584 2403 797 2474 inquit,
829 2401 1089 2473 quotidie
1138 2399 1198 2453 in
1239 2402 1455 2465 monte,
1485 2401 1542 2452 et
1592 2413 1740 2468 quas
1781 2397 1881 2452 be-

251 2496 397 2553 stias
447 2493 702 2564 arripere
749 2493 1012 2562 poteram
1078 2488 1376 2542 vorabam.
1439 2486 1664 2541 Rursus
1721 2502 1882 2554 ursa,

250 2583 397 2652 Quid
428 2581 533 2638 tibi
561 2577 1044 2648 videtur,inquit:
1098 2574 1377 2631 animalia
1400 2574 1501 2629 illa
1521 2578 1641 2628 tam
1674 2572 1878 2639 multa,

1914 1993 1961 2058 B

1988 736 2172 775 causae
2204 722 2426 788 est,ait,
2458 739 2564 776 cur
2608 721 2828 776 nullius
2879 721 3084 792 patris,
3139 718 3364 774 nullius
3420 721 3625 776 matris

1988 823 2055 862 ex
2079 812 2198 863 tam
2250 809 2448 864 multis
2495 826 2640 880 quos
2684 810 2892 864 catulis
2939 807 3179 878 orbasti,
3218 807 3473 880 ejulatus
3521 826 3625 864 au-

1990 897 2270 952 dzamus?
2317 898 2376 952 Si
2427 912 2563 969 ergo
2612 898 2694 952 illi
2724 898 2887 954 taciti
2931 897 3160 953 dolores
3226 914 3366 954 suos
3413 915 3627 954 conco-

1990 991 2201 1055 quunt,
2234 991 2531 1056 utcunque
2561 986 2824 1057 plerique
2855 1004 2966 1042 non
2999 985 3223 1041 meritis
3255 986 3492 1057 paribus
3540 987 3624 1043 fa-

1990 1073 2098 1129 ctis
2130 1073 2324 1129 clades
2359 1091 2514 1141 suas,
2549 1075 2679 1130 vide
2709 1092 2781 1131 an
2805 1092 2919 1130 non
2951 1091 3185 1146 aequum
3219 1075 3296 1130 sit
3316 1079 3372 1130 te
3404 1075 3624 1146 patien-

1991 1161 2108 1216 tius
2140 1161 2314 1232 paulo
2347 1163 2495 1217 ferre
2539 1164 2752 1233 quibus
2783 1164 2961 1234 digna
3001 1180 3082 1231 es,
3117 1179 3220 1218 nec
3268 1163 3446 1218 nimis
3478 1163 3625 1218 indi-

1988 1254 2235 1321 gnanter
2271 1250 2530 1320 excipere
2560 1252 2631 1306 ab
2681 1252 2958 1323 exemplis
2991 1255 3106 1306 ate
3159 1252 3312 1308 datis
3358 1252 3419 1306 in
3450 1255 3619 1308 tuum

1989 1338 2168 1394 semel
2220 1342 2394 1410 caput
2435 1339 2712 1410 injuriam
2762 1340 3085 1396 reﬂexum?
3133 1340 3303 1410 Quin,
3358 1345 3518 1412 puto,
3573 1343 3624 1398 si

1987 1443 2190 1482 verum
2223 1427 2308 1482 vis
2339 1427 2552 1495 dicere,
2593 1429 2887 1500 fateberis,
2931 1429 3382 1501 haudquaquam
3414 1433 3469 1484 te
3498 1434 3622 1485 tam

1991 1514 2214 1571 facilem
2266 1515 2324 1570 in
2374 1516 2648 1573 vexandis
2685 1516 2817 1573 aliis
2861 1519 3143 1588 futuram,
3175 1518 3224 1573 si
3273 1535 3623 1589 persuasum

1990 1603 2298 1659 habuisses
2327 1604 2463 1659 hinc
2487 1611 2831 1661 eventurum
2864 1610 2930 1662 ut
2957 1610 3020 1662 tu
3043 1621 3275 1677 quoque
3305 1607 3624 1678 aliquando

1991 1692 2154 1764 paria
2184 1696 2464 1763 paterere.
2497 1693 2601 1749 His
2631 1694 2850 1750 auditis
2899 1694 3103 1765 leaena,
3151 1699 3427 1766 reputans
3469 1695 3624 1767 apud

1993 1796 2139 1846 sese,
2174 1780 2390 1852 proprii
2422 1781 2676 1852 seipsam
2710 1782 2801 1837 sui
2833 1798 3069 1838 causam
3092 1782 3397 1838 infortunii
3420 1783 3622 1850 fuisse,

1992 1868 2205 1924 seriam
2263 1869 2390 1923 vitae
2435 1870 2643 1939 prioris
2691 1871 3088 1942 pcsnitentiam
3130 1872 3412 1942 concepit,
3446 1875 3627 1927 certa-

1991 1972 2104 2026 que
2147 1957 2596 2026 emendationis,
2640 1959 2911 2030 deinceps
2967 1975 3069 2014 esu
3123 1959 3382 2015 carnium
3445 1961 3627 2016 absti-

1993 2046 2140 2114 nuit,
2200 2045 2487 2101 fructibus
2561 2046 2838 2102 arborum
2907 2048 3082 2102 vitam
3156 2047 3434 2103 tolerans.
3495 2049 3628 2104 Post

1995 2150 2120 2204 qua:
2147 2134 2472 2204 subjunxit,
2505 2135 2849 2206 compendio
2878 2135 3034 2190 dicta
3074 2135 3350 2207 colligens
3382 2153 3627 2208 gymno-

1994 2221 2455 2292 sophista:‘{Sie
2512 2222 2682 2293 habe,
2740 2239 2839 2278 rex
2917 2224 3183 2293 maxime,
3261 2224 3360 2294 qui
3432 2223 3628 2280 dolore

1993 2309 2272 2381 pungitur
2319 2311 2541 2382 accepti
2607 2311 2828 2377 damni,
2877 2312 2976 2366 ubi
3047 2311 3224 2366 simul
3274 2312 3630 2384 cognoverit,

1991 2397 2151 2452 istud
2182 2397 2310 2452 ideo
2343 2415 2406 2453 se
2439 2399 2555 2469 pati
2587 2399 2726 2469 quia
2772 2399 3042 2454 similiter
3085 2400 3143 2454 in
3176 2399 3321 2456 alios
3352 2417 3626 2472 peccave-

1993 2485 2088 2552 rit,
2121 2489 2177 2540 et
2201 2485 2421 2541 malum
2454 2485 2682 2542 illatum
2733 2487 2876 2543 feret
2903 2487 3108 2557 levius,
3141 2492 3197 2543 et
3240 2489 3632 2544 deterrebitur

1991 2573 2049 2626 in
2078 2577 2376 2644 posterum
2404 2574 2476 2630 ab
2507 2574 2659 2645 aliis,
2690 2574 2945 2632 reditura
2965 2576 3025 2632 in
3057 2578 3634 2650 auctoremlquando-

251 2687 379 2743 qua
407 2668 644 2740 vorasti,
676 2666 968 2740 genitores
998 2680 1115 2721 non
1136 2661 1510 2719 habuerunt?
1540 2662 1882 2717 Habuerunt
1994 2677 2108 2732 que
2137 2661 2372 2734 injuria,
2407 2661 2711 2720 violandis.

1909 2816 1982 2831 -ο

1390 2919 1860 2978 DISSERTATIO
1891 2919 2331 2977 PARABOLICA
2359 2921 2504 2978 XIV.

260 3030 489 3091 Tradit
515 3026 772 3088 modum
795 3023 1194 3084 discernendi
1223 3024 1492 3082 consilia
1522 3024 1715 3081 utilia
1745 3021 1822 3159 alb
1840 3021 2171 3178 [ﬁgam-tibus,
2193 3024 2424 3158 gualia
2440 3025 2716 3082 maxime
2741 3032 2894 3083 sunt
2921 3024 2994 3084 id
3019 3026 3358 3087 suadentia
3391 3037 3636 3091 tentare

1633 3118 1752 3178 quo
1892 3119 1986 3159 ert
2016 3119 2205 3178 nequi
2242 3145 2258 3160 .

1633 3118 1799 3178 quoa
1840 3118 1986 3178 fieri.
2016 3118 2258 3178 nequit.

324 3241 555 3314 Optima
584 3245 636 3294 et
665 3241 722 3294 te
752 3238 950 3310 digna,
980 3251 1079 3291 rex
1108 3235 1208 3303 ait,
1236 3233 1521 3306 nobisque
1551 3232 1772 3288 utiliter
1801 3248 1890 3287 re-

253 3331 494 3388 colenda
522 3327 859 3400 disputasti;
893 3342 1047 3380 nunc
1080 3325 1151 3380 de
1181 3321 1527 3379 consiliariis
1560 3338 1705 3393 quos
1725 3319 1890 3376 adhi-

253 3422 387 3475 bere
414 3434 580 3488 reges
624 3417 856 3485 debent,
915 3414 1102 3484 deque
1149 3411 1385 3467 illorum
1418 3410 1642 3466 delectu
1676 3414 1733 3464 et
1779 3425 1890 3464 usu

255 3506 608 3578 perlibenter
638 3503 854 3572 aliquid
887 3502 1171 3557 audirem.

329 3596 373 3649 Ι.
397 3594 546 3648 Tum
563 3590 1044 3663 gymnosophista
1064 3590 1214 3645 hanc
1236 3592 1325 3644 est
1347 3587 1604 3644 fabulam
1627 3600 1888 3642 exorsus:

1999 3233 2349 3303 posteriores
2406 3233 2620 3290 habere
2675 3235 2914 3292 soleam.
2977 3238 3170 3307 Quare
3229 3241 3404 3311 agite,
3454 3241 3635 3300 libere

2001 3322 2293 3392 suggerite
2323 3323 2370 3377 si
2391 3323 2526 3391 quid
2559 3324 2809 3380 occurrit
2844 3326 3008 3380 vobis
3035 3331 3425 3398 opportunum
3455 3331 3633 3386 factu.

2001 3410 2150 3464 Faxo
2180 3426 2250 3464 ne
2281 3425 2374 3465 me
2411 3412 2641 3467 tardum
2674 3413 2732 3467 in
2781 3414 3161 3481 admittendo,
3213 3433 3351 3472 neve
3395 3435 3636 3489 segnem

2001 3497 2060 3551 in
2091 3499 2638 3570 exsequendo,quod
2670 3500 2782 3555 tale
2832 3504 3253 3574 proposueritis
3301 3508 3464 3576 queri
3499 3525 3640 3579 pos-

2002 3585 2150 3639 sitis.
2182 3587 2263 3639 Ad
2324 3602 2392 3640 ea
2428 3587 2737 3654 Creborus,
2787 3590 3047 3646 certatim
3107 3593 3408 3661 adjutante
3467 3595 3638 3650 Lino-

259 3681 397 3736 Erat
421 3697 518 3735 rex
552 3658 806 3734 m—urium
838 3658 1189 3748 'I‘roglodyta
1220 3677 1472 3745 nomine,
1505 3676 1708 3730 urbem
1748 3675 1894 3728 bene
1922 3658 1968 3724 C
2009 3674 2170 3742 rodo,
2219 3690 2500 3744 generosa
2538 3675 2650 3730 ista
2679 3680 2734 3732 et
2764 3677 3108 3748 dignissima
3161 3681 3420 3752 principe
3468 3682 3638 3739 indu-

265 3769 555 3825 munitam
571 3768 630 3823 in
653 3769 882 3822 deserta
905 3771 960 3820 et
978 3765 1103 3820 avia
1116 3765 1346 3835 regione
1362 3781 1594 3820 summa
1614 3761 1898 3832 tranquil-

264 3858 427 3912 litate
483 3855 775 3920 obtinens,
849 3853 1308 3924 imperitansque
1375 3851 1599 3923 ingenti
1655 3865 1897 3904 numero

267 3960 530 4001 suorum.
563 3943 702 3997 Tres
733 3941 883 3996 circa
915 3957 976 3995 se
1007 3941 1274 3996 assiduos
1306 3940 1558 3994 habebat
1603 3943 1898 3994 senatores

269 4034 484 4106 gentis,
519 4032 734 4103 quibus
764 4031 1061 4086 deferebat
1089 4030 1435 4100 plurimum;
1466 4033 1522 4084 et
1572 4033 1737 4085 erant
1767 4027 1901 4083 lecti

265 4137 470 4178 omnes
493 4119 848 4190 expertique:
875 4119 974 4172 sed
1007 4118 1232 4172 cunctis
1249 4117 1570 4172 antistabat
1600 4117 1901 4173 intervallo

267 4208 545 4277 maximo,
578 4206 679 4278 qui
720 4205 1096 4276 Tyrophagus
1142 4206 1477 4272 vocabatur,
1536 4205 1817 4261 Creoboro
1849 4209 1905 4260 et

271 4296 559 4351 Linorodo
591 4294 855 4365 (nomina
888 4294 1005 4348 haec
1037 4298 1202 4348 erant
1231 4295 1413 4348 duum
1446 4292 1714 4362 aliorum)
1745 4292 1903 4347 haud

271 4385 445 4456 paulo
476 4384 838 4454 prudentior.
875 4383 941 4438 Hi
974 4397 1178 4437 omnes
1222 4383 1472 4451 quadam
1521 4381 1613 4435 die
1657 4380 1906 4435 circum-

2004 3763 2192 3816 ctione
2223 3762 2401 3817 animi
2445 3764 2699 3830 laudata,
2749 3765 3265 3823 incalescebantin
3316 3772 3640 3840 suadendo,

2007 3855 2070 3905 ut
2099 3851 2565 3907 conscriberetur
2596 3869 2768 3922 quam
2801 3857 3324 3913 numerosissimus
3355 3860 3641 3916 exercitus

2006 3945 2197 4009 posset
2228 3957 2295 3994 ex
2324 3944 2462 3994 tunc
2493 3941 2827 3998 abundante
2861 3944 3164 4012 iuventute
3211 3947 3434 4016 gentis;
3463 3949 3640 4002 duces

2007 4029 2140 4083 inde
2171 4028 2314 4099 ipsis
2348 4031 2767 4100 praeponendos
2799 4047 2970 4102 quam
3017 4034 3556 4104 experientissimos
3585 4041 3641 4090 et

2009 4117 2378 4182 fortissimos,
2402 4123 2529 4173 tum
2578 4119 2870 4177 fortunam
2894 4124 3258 4191 tentandam,
3283 4141 3411 4194 quae
3447 4129 3510 4179 ut
3526 4125 3640 4180 dici

2010 4207 2174 4274 solet,
2209 4208 2482 4261 audentes
2504 4208 2706 4277 juvat:
2741 4226 2853 4265 non
2888 4215 3102 4265 temere
3148 4211 3328 4266 videri
3361 4229 3640 4285 magnum

2009 4311 2077 4349 ex
2108 4295 2220 4350 isto
2251 4299 2459 4350 conatu
2493 4312 2680 4366 operae
2709 4296 2961 4367 pretium
2993 4302 3371 4369 sperandum.

2084 4385 2156 4437 II.
2190 4383 2354 4437 Talia
2383 4384 2511 4438 istis
2539 4385 2987 4457 disserentibus,
3020 4388 3335 4443 dormitare
3353 4394 3455 4444 aut
3485 4389 3646 4445 aliud

272 4475 492 4528 stantes
514 4486 732 4541 regem,
765 4469 816 4524 ei
838 4475 894 4525 et
924 4470 1168 4524 invicem
1214 4469 1663 4540 gratulabantur
1707 4485 1907 4540 pacem
2015 4487 2182 4541 agere
2206 4470 2582 4541 Tyrophagus
2630 4472 3304 4544 videbatur,admirante
3335 4493 3504 4548 rege;
3548 4478 3649 4549 qui

241 4560 244 4565 ’
272 4563 329 4614 et
357 4558 802 4630 prosperitatem
834 4575 1052 4627 rerum,
1086 4574 1261 4629 quam
1307 4558 1479 4613 unica
1511 4558 1792 4612 duntaxat
1820 4557 1908 4611 in-
2014 4559 2248 4612 tandem
2281 4559 2664 4628 postlongum
2692 4560 2820 4630 ejus
2845 4560 3346 4630 silentium,Miror
3372 4570 3427 4619 te
3457 4566 3650 4632 hodie,

271 4648 606 4720 terpellaret
635 4647 967 4704 sollicitudo
1000 4647 1071 4701 ab
1097 4647 1432 4702 incursibus
1488 4647 1710 4714 felium,
1773 4663 1912 4718 quo-
2015 4648 2376 4718 Tyrophage,
2424 4647 2482 4701 in
2527 4648 2770 4704 consilio
2817 4654 3007 4704 tacere
3052 4655 3260 4721 praeter
3291 4669 3531 4709 morem.
3571 4659 3656 4708 An

273 4754 406 4793 rum
425 4742 580 4794 esset
611 4737 836 4792 dudum
870 4738 1132 4808 ipsorum
1165 4736 1359 4807 generi
1385 4740 1440 4790 et
1460 4735 1771 4791 multitudo
1795 4736 1911 4790 for-
2019 4736 2254 4790 dubitas
2287 4751 2439 4790 nunc
2458 4735 2710 4805 primum
2731 4741 2830 4792 tua
2851 4737 2986 4792 huic
3007 4739 3180 4793 coetui
3203 4741 3661 4796 sensacommit-

276 4825 584 4892 midolosa,
607 4830 663 4881 et
704 4825 793 4880 vis
827 4842 892 4880 ac
923 4824 1237 4880 crudelitas
1291 4823 1696 4879 intolerabilis.
1729 4827 1914 4887 Quare
2019 4829 2160 4890 tere,
2193 4841 2317 4895 quae
2348 4828 2490 4891 tam,
2525 4840 2674 4894 saepe
2701 4827 3094 4897 suspeximus,
3130 4829 3298 4897 quasi
3332 4830 3656 4899 periculum

276 4912 391 4967 duo
449 4914 728 4984 postremi
783 4917 1014 4984 tempus
1074 4929 1201 4968 esse
1232 4913 1487 4980 aiebant,
1536 4913 1595 4966 in
1636 4912 1745 4967 hoc
1777 4913 1916 4966 ﬂore
2024 4913 2096 4968 sit
2129 4917 2230 4967 aut
2261 4929 2332 4967 ne
2363 4911 2501 4966 talia
2539 4912 2655 4967 sint
2679 4929 2804 4983 quae
2835 4916 3030 4985 sperni
3072 4921 3307 4985 queant,
3343 4923 3464 4984 aut,
3497 4917 3583 4972 vel
3611 4917 3661 4972 si

281 5000 526 5055 fortuna:
557 5000 820 5072 publicae,
864 5001 1212 5072 dispiciendi
1268 5018 1410 5056 num
1470 5001 1609 5071 quid
1663 5000 1916 5071 expediri
1948 4999 2160 5076 unid
2217 4998 2450 5052 afferres
2505 4998 2656 5068 quod
2712 5015 2825 5053 non
2887 5002 3249 5070 probaretur,
3281 5004 3354 5057 ad
3411 5004 3664 5058 dedecus

285 5087 731 5159 consiliiposset
756 5090 825 5143 ad
858 5090 1033 5145 semel
1064 5090 1504 5161 defungendum
1536 5089 1706 5144 taedio
1736 5093 1792 5144 et
1822 5105 1919 5159 pe-
2030 5089 2382 5143 damnumve
2414 5086 2701 5156 pertinere
2732 5086 2789 5140 id
2840 5091 3005 5142 tuum
3067 5088 3184 5143 ullo
3235 5090 3406 5145 modo
3466 5095 3667 5162 posset

285 5175 471 5232 rieulo
504 5181 625 5231 tam
652 5177 1918 5249 diuturnaetamqueimportunatyrannidis.
2032 5177 2230 5247 utique
2270 5191 2397 5229 cum
2448 5175 2684 5244 plenum
2735 5178 2791 5229 et
2837 5175 3085 5230 liberum
3137 5179 3389 5233 senatori
3443 5184 3669 5234 constet

294 5264 376 5318 Ad
405 5281 473 5320 ea
502 5264 893 5336 Troglodytas:
927 5265 1064 5320 Post
1095 5266 1505 5335 necessariam,
1537 5265 1638 5335 ait,
1699 5281 1922 5334 curam,
2034 5264 2264 5335 quidvis
2306 5263 2460 5332 quod
2511 5263 2726 5318 sentiat
2769 5266 3144 5334 expromendi
3185 5267 3307 5336 jus,
3355 5272 3413 5322 et
3461 5272 3670 5323 nostras

290 5368 355 5406 ac
385 5352 628 5408 tutelam
662 5353 776 5408 mei
807 5352 1037 5423 capitis,
1074 5354 1167 5408 cui
1206 5354 1384 5410 etiam
1416 5370 1528 5409 non
1564 5369 1692 5409 meo
1726 5370 1924 5417 causa,
2035 5353 2478 5409 deliberationes
2525 5352 2992 5421 impenetrabilis
3039 5355 3235 5410 arcani
3277 5354 3552 5426 religione
3583 5372 3676 5413 se-

292 5441 392 5496 sed
427 5441 757 5497 communis
794 5440 1004 5497 salutis
1035 5447 1324 5514 respectu,
1354 5441 1619 5511 consulo,
1653 5441 1927 5513 equidem
2037 5441 2295 5513 piantur.
2328 5440 2412 5494 Ad
2444 5455 2511 5494 ea
2540 5441 2957 5511 Tyrophagus:
2994 5441 3201 5497 Nullus
3227 5443 3361 5499 talis
3397 5446 3467 5501 de
3499 5451 3552 5500 te
3581 5449 3683 5500 aut

289 5527 438 5583 nihil
470 5528 654 5585 habeo
682 5528 983 5600 antiquius
1015 5546 1190 5600 quam
1217 5530 1615 5600 subjectorum
1648 5547 1776 5585 meo
1821 5530 1930 5585 im-
2039 5532 2111 5586 de
2142 5528 2287 5584 meis
2316 5528 2475 5583 hisce
2510 5527 2745 5600 collegis
2779 5534 2992 5596 metus,
3027 5529 3206 5600 hujus
3236 5532 3374 5603 mei,
3408 5535 3564 5603 quod
3594 5550 3685 5590 re-

295 5615 454 5688 perio
485 5617 786 5673 securitati
819 5635 884 5673 ac
914 5618 1242 5674 rationibus
1267 5618 1615 5689 prospicere,
1652 5620 1792 5674 adeo
1811 5621 1934 5690 qui-
2042 5617 2376 5691 prehendis,
2440 5616 2696 5687 domine,
2731 5616 2952 5673 silentii
2988 5635 3166 5674 causa
3222 5625 3331 5688 est,
3370 5638 3592 5691 verum,
3624 5627 3691 5677 ut

298 5705 455 5772 dem,
491 5709 554 5760 ut
582 5704 838 5761 filiorum
867 5709 924 5761 et
955 5706 1523 5778 consanguineorum
1552 5707 1714 5778 ipsos
1743 5711 1933 5762 tener-
2042 5710 2228 5763 fatear
2282 5706 2552 5775 ingenue,
2604 5720 2765 5760 mera
2793 5703 2993 5776 inepia
3043 5706 3378 5778 verborum,
3413 5715 3470 5764 et
3518 5710 3693 5780 quasi

295 5792 478 5849 rimos
499 5793 740 5850 affectus
768 5794 1050 5850 charitate
1076 5793 1278 5866 populi
1299 5810 1448 5850 curae
1469 5809 1612 5850 meae
1633 5794 1936 5852 commissi
2047 5795 2306 5866 quaedam
2346 5791 2594 5849 infantia
2614 5808 2791 5864 super
2810 5796 3158 5863 argumento
3184 5795 3485 5867 inopinato
3518 5802 3697 5869 atque

581 5912 847 5974 Persea.
899 5911 1006 5972 Gs.
1055 5910 1319 5974 CXLIII.
3335 5915 3417 5972 43
