4060 6304
471 493 615 552 1355

1212 492 1601 547 ΔΡΡΕΝΒΙΧ.
1640 517 1711 533 -
1744 493 2105 549 ΒΡΕΟῙΜΒΝ
2141 495 2166 549 ε

2275 496 2541 551 ἸΒΝΤΙΒ
2577 496 2905 551 INDORUM
2944 495 3109 549 VBT.

3732 487 3841 544 i356

464 615 786 691 improviso
840 614 986 670 mihi
1032 613 1323 683 maxime;
1358 614 1428 669 de
1477 629 1615 684 quo,
1665 613 1717 669 si
1770 630 2010 672 necesse
2041 615 2119 670 sit
2146 616 2202 683 Α
2232 632 2334 687 per
2362 616 2655 673 somnium
2687 617 3005 689 ingressos,
3035 615 3296 673 abfuisse
3324 628 3461 671 vero
3504 611 3695 670 multo
3741 611 3844 668 lou-

478 704 843 772 dicere,illud
878 719 1059 759 unum
1094 719 1261 758 mens
1304 702 1587 773 suggerit,
1612 717 1741 758 esse
1772 702 1930 759 istud
1963 704 2118 776 quod
2230 704 2361 776 gius
2392 706 2463 761 ab
2494 705 2613 761 ullo
2637 706 2697 761 in
2729 721 2852 761 rem
2880 704 3213 761 istiusmodi
3245 710 3536 775 apparatu
3553 703 3845 757 autconatu

478 795 593 851 mei
623 792 853 865 collega:
884 807 1237 863 proposuere
1270 791 1572 861 negotium
1617 789 1984 863 hujusmodi,
2016 792 2121 847 de-

483 900 598 955 quo
630 898 733 937 nec
760 881 1014 952 cogitare
1043 880 1295 950 amplius
1328 895 1431 933 nec
1462 878 1617 949 loqui
1662 895 1915 949 unquam
1948 896 2123 951 opor-

485 976 627 1027 teat.
660 969 929 1026 Omnium
960 968 1177 1039 quippe
1205 982 1398 1021 rerum
1446 982 1570 1037 quae
1601 966 1660 1021 in
1712 966 2127 1024 deliberatione

485 1062 795 1115 versantur
820 1056 1008 1128 prima
1026 1055 1127 1111 illa
1149 1054 1432 1125 uniceque
1453 1053 1738 1125 requisita
1757 1055 2011 1111 conditio
2040 1072 2132 1123 est,

486 1152 553 1205 ut
583 1147 814 1220 possint
838 1144 1025 1211 efﬁci;
1061 1143 1351 1199 debellare
1404 1146 1596 1199 autem
1628 1159 1694 1198 ac
1744 1143 2009 1200 funditus
2034 1160 2130 1200 ex-

489 1235 789 1308 stinguere
843 1236 1075 1305 gentem
1122 1230 1347 1301 felium,
1377 1236 1541 1286 extra
1567 1234 1854 1299 nostram,
1889 1231 2132 1302 quamli-

2236 794 2593 850 meditando.
2624 794 2841 850 Contra
2871 809 2939 850 ea
2968 810 3101 850 cum
3132 792 3463 848 Creoborus
3480 794 3543 846 et
3561 788 3849 845 Linorodus

2233 880 2382 935 nihil
2413 882 2722 938 hiscerent.
2757 899 2877 955 rex,
2925 883 3142 938 tacitus
3194 879 3502 936 admirans
3553 875 3855 949 Terphagi

2235 969 2483 1025 solidam
2516 971 2745 1027 consilii
2779 970 2917 1039 vim,
2956 974 3170 1027 emtum
3200 968 3455 1025 dimisit.
3488 966 3687 1023 Habes
3714 964 3857 1021 infor-

2238 1062 2457 1114 matam
2490 1060 2596 1115 hoc
2628 1060 2778 1116 facto
2806 1059 3019 1126 ideam,
3050 1058 3303 1127 domine,
3335 1056 3524 1113 ofﬁcii
3566 1055 3704 1111 boni
3733 1053 3855 1124 regis

2236 1145 2298 1201 in
2330 1147 2717 1205 disceruenda
2743 1147 3214 1205 consiliariorum
3238 1149 3297 1202 et
3316 1144 3713 1202 consiliorum
3742 1157 3857 1215 qua-

2238 1233 2424 1293 litate.
2450 1238 2585 1301 Qum
2616 1252 2760 1293 sane
2788 1235 3062 1294 discretio
3092 1239 3336 1292 eatenus
3365 1237 3461 1290 est
3489 1229 3746 1305 principi
3781 1245 3859 1285 ne-

492 1326 593 1381 bet
621 1328 980 1395 satagamus,
1034 1318 1369 1376 facultatem
1418 1335 1566 1385 esse,
1616 1319 1777 1387 satis,
1809 1323 1875 1375 ut
1912 1336 2006 1377 res
2035 1337 2137 1392 per
2244 1324 2518 1392 cessaris,
2587 1329 2880 1397 quatenus
2941 1323 3296 1397 experientia
3366 1322 3760 1386 demonstrat,
3815 1332 3864 1373 ea

494 1428 557 1469 se
584 1414 801 1467 taceret
830 1410 980 1482 ipsa,
1011 1409 1217 1464 docere
1266 1424 1375 1463 nos
1405 1410 1604 1477 posset
1639 1407 1920 1465 memoria
1949 1410 2136 1481 majo-

2244 1411 2515 1470 adhibita
2553 1414 3004 1471 commoditates
3036 1412 3349 1482 maximas,
3379 1408 3663 1482 neglecta
3690 1407 3865 1463 damna

496 1511 656 1570 rum,
690 1515 837 1571 quos
868 1496 1225 1570 potentiores
1254 1499 1311 1551 et
1341 1495 1727 1567 sapientiores
1757 1497 1949 1566 nobis,
1982 1514 2139 1554 nun-
2245 1499 2506 1571 ingentia
2536 1502 2714 1560 rebus
2742 1500 2996 1574 publicis
3026 1499 3251 1558 inferri.

498 1604 671 1661 quam
698 1591 899 1645 tamen
928 1586 1105 1643 fando
1146 1583 1479 1642 audivimus
1535 1585 1596 1641 in
1626 1583 1805 1643 talem
1852 1601 2017 1658 spem
2046 1586 2139 1643 vel

1646 1814 2121 1873 DISSERTATIO
2152 1816 2599 1875 PARABOLICA
2625 1819 2753 1876 XV.

1048 1916 1343 1994 Castigat
1372 1919 1693 1976 curiosum
1721 1915 2107 1977 desiderium
2138 1919 2638 1997 longinquarum
2666 1930 2729 1980 et
2755 1921 3096 1981 inutilium
3117 1934 3361 1979 rerum.

580 2042 683 2099 Hic
712 2057 809 2098 rex
846 2038 1263 2096 Abessalomus
1311 2037 1803 2110 gymnosophislzs
1856 2038 1975 2095 ait:
2012 2039 2149 2095 Per-
2181 2041 2477 2113 Bvereor,
2509 2043 2611 2113 ait,
2665 2060 2739 2100 ne
2794 2042 2993 2115 patrias
3050 2040 3212 2112 prius
3264 2036 3643 2095 obliviscaris
3696 2034 3877 2105 lingua

511 2132 635 2204 cepi
667 2130 859 2187 fructu
900 2128 1081 2183 animi
1138 2142 1349 2199 magno
1400 2144 1528 2199 quae
1576 2126 1830 2183 docuisti
1880 2127 2070 2183 multa
2099 2131 2157 2183 et

514 2220 813 2294 praeclara,
843 2217 1070 2288 tibique
1111 2217 1261 2286 jam,
1295 2219 1361 2271 ut
1407 2219 1497 2271 est
1544 2215 1884 2287 verisimile,
1916 2216 2161 2272 dicendo

518 2311 697 2375 fesso,
736 2306 1017 2363 molestus
1061 2319 1191 2360 esse
1241 2304 1532 2371 desinam,
1583 2304 1683 2359 ubi
1732 2321 1917 2360 unum
1972 2305 2163 2361 adhuc

523 2397 786 2465 audiero,
819 2394 959 2467 quid
991 2408 1231 2450 censeas
1261 2408 1327 2447 ac
1360 2391 1657 2463 praecipias
1685 2392 1840 2449 circa
1869 2394 2165 2449 curiosam

533 2486 893 2559 pruriginem
928 2482 1320 2555 quorumdam
1360 2480 1782 2536 fastidientium
1806 2486 2167 2553 parata,con-

534 2578 815 2631 sentanea
860 2571 1005 2642 ipsis
1051 2573 1107 2625 et
1136 2568 1367 2624 abunde
1389 2567 1763 2636 sufﬁcientia,
1814 2567 2167 2624 inhiantium

534 2678 669 2718 vero
700 2657 1105 2731 lonquinquis,
1136 2655 1359 2723 arduis,
1391 2654 1726 2711 inutilibus.

606 2747 860 2805 IUltimi
911 2761 1088 2816 super
1126 2760 1194 2799 ea
1244 2759 1304 2797 re
1353 2743 1640 2799 sermonis
1689 2744 2197 2816 gymnosophista,

531 2839 639 2894 hoc
669 2836 904 2899 initium
937 2833 1104 2889 fecit:
1140 2831 1271 2887 Fuit
1300 2831 1457 2903 apud
1512 2847 1617 2887 nos
1648 2834 1843 2886 asceta
1872 2831 2174 2903 religionis

532 2931 589 2982 et
608 2923 929 2997 prudentiae
953 2920 1197 2992 insignis
1221 2919 1559 2990 quidam,ad
1586 2935 1758 2990 quem
1782 2920 1996 2991 hospes
2016 2918 2174 2975 haud

534 3014 693 3085 paris
725 3011 1022 3085 sapientiae
1051 3010 1511 3076 divertens,sane
1540 3007 1877 3064 humaniter
1905 3012 2178 3080 exceptus

534 3106 642 3158 est.
674 3102 829 3158 Inter
856 3114 1077 3155 omnem
1110 3113 1211 3169 pro
1245 3096 1555 3168 praebentis
1579 3095 1950 3167 philosophia
1981 3096 2179 3168 fruga-

538 3190 675 3257 lem,
710 3191 880 3260 cujus
928 3191 1088 3243 totus
1143 3190 1461 3256 apparatus
1506 3200 1677 3254 pane,
1707 3184 1978 3256 dactylis,
2030 3200 2183 3255 aqua

536 3276 1083 3346 constabat,hospes
1112 3272 1364 3344 gustatis
1392 3270 1941 3342 dactylis,8uavem,
1963 3272 2178 3344 inquit,

2264 2148 2441 2204 quam
2473 2132 2648 2190 istius
2680 2131 2999 2204 peregrina
3031 2145 3206 2185 usum
3239 2126 3567 2200 paraveris.
3597 2123 3790 2197 Spissa
3806 2138 3877 2177 res

2265 2226 2375 2289 est,
2398 2226 2631 2293 experto
2663 2222 2855 2288 crede,
2888 2236 2994 2275 nec
3015 2218 3190 2275 istius
3219 2216 3410 2272 aetatis
3441 2219 3548 2270 aut
3582 2210 3881 2284 occupatio-

2268 2312 2361 2367 nis
2389 2316 2503 2365 tuaa
2529 2326 2541 2365 :
2576 2327 2681 2366 nec
2712 2307 3071 2365 contentioni
3102 2302 3663 2362 aarumnossissimae
3692 2317 3789 2372 par
3819 2312 3883 2353 re-

2270 2400 2584 2470 sponderet
2638 2398 2884 2454 fructus.
2942 2394 3223 2460 Quocirca
3260 2396 3593 2447 metuerem
3647 2386 3881 2459 equidem

2270 2504 2343 2543 ne
2370 2487 2475 2542 tibi
2509 2486 2764 2542 eveniret
2784 2484 2939 2557 quod
2972 2498 3141 2539 corvo
3174 2481 3357 2537 aiunt.
3404 2482 3480 2545 Is,
3543 2476 3884 2549 conspicatus

2271 2575 2590 2647 aliquando
2604 2572 2854 2646 perdicis
2873 2573 3193 2639 incessum,
3213 2571 3423 2641 captus
3438 2567 3616 2639 quasi
3647 2562 3886 2638 praeclara

2274 2664 2488 2736 specie,
2520 2661 2729 2719 statuit
2758 2660 3027 2717 omittere
3055 2657 3383 2716 naturalem
3402 2672 3612 2725 suum,
3636 2667 3803 2725 seque
3825 2649 3885 2705 la-

2275 2752 2505 2809 boriose
2534 2751 2632 2806 diu
2665 2765 2939 2806 exercens
2970 2748 3029 2803 in
3061 2746 3346 2803 librandis
3378 2744 3687 2816 passibus,
3714 2745 3767 2796 et
3800 2738 3886 2793 cir-

2276 2839 2641 2912 cumagendo
2692 2838 2761 2894 ad
2818 2835 3086 2908 singulos
3144 2847 3404 2904 corpore,
3454 2826 3888 2895 alternandaque

2278 2928 2666 3000 propensione
2683 2926 2742 2980 in
2773 2924 2928 2981 latus
2958 2928 3290 2993 utrumque,
3314 2920 3469 2975 hunc
3486 2917 3662 2973 stulti
3680 2917 3889 2971 conatus

2278 3020 2548 3072 eventum
2579 3013 2806 3083 habuit,
2839 3017 2906 3069 ut
2943 3025 3049 3067 nec
3105 3006 3356 3082 perdicis
3410 3019 3714 3078 gressum,
3742 3012 3887 3072 quem

2281 3103 2690 3180 aemulabatur,
2723 3091 3157 3171 assequeretur,
3186 3112 3291 3153 nec
3347 3093 3661 3151 corvinum
3704 3090 3887 3147 teneret

2283 3193 2557 3265 amplius,
2613 3189 3055 3260 ludibriumque
3101 3186 3337 3257 utrique
3403 3181 3610 3255 generi
3655 3182 3799 3236 esset
3837 3189 3887 3229 ac

2282 3298 2351 3338 ex
2383 3281 2540 3337 omni
2571 3280 2792 3350 ejectus
2824 3282 2998 3343 coetu,
3030 3275 3154 3331 risu
3187 3272 3409 3346 passim
3441 3274 3782 3328 cunctorum
3802 3269 3893 3318 tra-

533 3368 616 3422 ita
641 3382 732 3421 me
763 3370 911 3420 Deus
952 3366 1131 3428 amet,
1152 3446 1155 3447 ν
1180 3360 1371 3447 cibum
1400 3360 1411 3413 Ῑ
1447 3360 1620 3447 taedet
1667 3376 1761 3415 me
1795 3362 1917 3430 jam
1951 3363 2172 3431 patriai,
2204 3381 2247 3447 ο
2287 3371 2614 3425 duceretur.
2638 3373 2768 3423 Haec
2790 3382 2961 3438 poena
2976 3362 3347 3434 estinquietm
3363 3355 3894 3432 prurigninisinnon

538 3471 663 3526 qua:
688 3452 833 3508 tales
857 3467 971 3506 non
999 3446 1188 3519 gignit
1213 3446 1437 3501 fructus
1463 3462 1476 3512 ;
1501 3445 1633 3502 licet
1654 3448 2173 3516 uvarum,ficuum,

540 3558 758 3598 nucum
792 3556 856 3595 ac
887 3551 1189 3609 pomorum
1216 3535 1407 3590 omnis
1428 3534 1656 3605 generis
1678 3534 1837 3589 ferax
1859 3535 2179 3606 sit,quibus

548 3630 779 3685 abunde
810 3641 1024 3681 mensae
1057 3624 1431 3677 instruuntur
1459 3622 1611 3692 apud
1648 3639 1776 3689 nos,
1808 3628 2004 3677 tamen
2038 3622 2180 3678 mihi

542 3717 745 3770 videor
775 3730 890 3769 non
922 3727 1091 3784 posse
1116 3712 1239 3782 jam
1283 3709 1408 3764 sine
1456 3708 1549 3764 his
1579 3710 1766 3765 vivere
1793 3726 1805 3776 ;
1841 3726 2020 3781 quare
2048 3710 2179 3766 volo

542 3806 753 3862 referre
800 3803 1039 3857 domum
1083 3815 1283 3855 semen
1328 3804 1427 3853 aut
1474 3798 1771 3853 surculum
1804 3798 2026 3854 arboris
2074 3800 2180 3853 da-

540 3895 724 3967 ctylos
755 3892 1014 3957 ferentis,
1046 3907 1113 3945 ex
1145 3905 1263 3960 qua
1310 3888 1653 3943 viridarium
1703 3905 2048 3958 conseram;
2080 3893 2182 3945 aut

542 3988 695 4039 certe
728 3983 881 4053 quod
915 3978 1238 4050 expeditius
1268 3977 1415 4032 forte
1448 3976 1639 4045 fuerit,
1673 3978 1730 4030 in
1783 3978 1930 4031 hanc
1964 3980 2179 4031 terram

542 4068 897 4125 domicilium
932 4066 1303 4121 transferam.
1335 4063 1612 4118 Arridens
1639 4063 1733 4119 his
1765 4068 1980 4133 asceta,
2010 4063 2183 4119 Juvat

543 4175 657 4227 me,
682 4157 895 4227 inquit,
930 4155 1145 4209 habere
1176 4168 1279 4208 nos
1336 4151 1558 4223 aliquid
1615 4169 1730 4206 non
1764 4152 2004 4208 insuave
2032 4153 2177 4221 tibi;

543 4251 767 4312 tamen,
798 4244 846 4299 si
879 4259 972 4297 me
1005 4241 1149 4296 sinis
1201 4241 1413 4310 dicere,
1446 4256 1660 4311 magna
1691 4256 1823 4311 pars
1849 4241 2182 4313 tranquilli-

540 4335 677 4389 tatis
704 4336 884 4387 vitam
915 4329 1141 4385 beantis
1170 4328 1228 4382 in
1261 4326 1520 4382 finienda
1548 4328 1843 4383 concessis
1862 4345 1927 4383 ac
1948 4329 2184 4399 parabi-

542 4424 696 4478 libus
728 4420 1045 4491 cupiditate
1077 4416 1192 4473 sita
1244 4421 1366 4472 est:
1421 4415 1523 4485 qui
1570 4417 1794 4487 appetit
1844 4416 2182 4488 longinqua,

538 4512 625 4568 vel
650 4510 947 4581 sequendo
970 4503 1365 4578 fatigatur,vel
1388 4504 1637 4559 carendo
1662 4504 1930 4576 angitur;
1957 4509 2179 4561 utram-

537 4617 649 4672 que
679 4598 1005 4655 molestiam
1036 4594 1405 4657 lucrifecerit,
1430 4594 1525 4664 qui
1557 4594 1681 4649 suis
1726 4598 2032 4650 contentus
2065 4612 2178 4651 non

535 4688 774 4743 inhiarit
805 4685 1034 4742 alienis.

2289 3457 2403 3514 sibi
2428 3472 2686 3527 congrua
2752 3452 3193 3527 prosilibundsa.
3243 3446 3652 3505 Meministine
3706 3444 3894 3516 patrem

2289 3552 2459 3602 tuum
2512 3548 2613 3601 aut
2656 3548 3000 3616 patruorum
3049 3539 3331 3611 aliquem,
3373 3535 3462 3592 vel
3506 3535 3688 3592 fando
3724 3532 3779 3585 in
3814 3534 3894 3616 tua

2288 3633 2513 3689 familia
2542 3632 2681 3688 ferri
2710 3628 2983 3687 audivisti
3013 3629 3085 3683 de
3116 3642 3355 3683 avorum
3381 3622 3667 3697 quopiam
3694 3618 3786 3691 qui
3814 3615 3897 3670 liu-

2289 3738 2463 3789 guam
2496 3735 2757 3790 unquam
2787 3715 3160 3773 Chaldaicam
3191 3711 3502 3770 calluerit?
3533 3713 3683 3767 Cum
3712 3708 3892 3774 hospes

2290 3813 2579 3881 negasset,
2613 3810 2807 3863 asceta
2834 3806 3150 3876 excipiens,
3181 3802 3387 3875 igitur,
3410 3798 3664 3863 addidit,
3703 3804 3901 3881 magne-

2290 3876 2424 3968 pere
2453 3900 2655 3953 auctor
2681 3895 2791 3951 tibi
2822 3910 2956 3950 sum
2986 3910 3103 3949 non
3132 3888 3480 3962 erumpendi
3514 3882 3679 3942 extra
3714 3876 3899 3968 causa]:

2289 3986 2378 4041 los
2424 3984 2799 4040 familiarium
2848 3982 3273 4053 exemplorum,
3322 3977 3423 4033 sed
3472 3973 3723 4031 coercita
3762 3964 3895 4024 inani

2291 4074 2648 4139 curiositate,
2680 4069 3089 4143 acquiescendi
3117 4065 3412 4124 concessis
3434 4081 3468 4121 a
3485 4068 3699 4119 natura
3716 4063 3769 4116 et
3784 4056 3895 4112 edu-

2290 4162 2537 4217 cationis
2568 4165 2742 4217 sorte.
2788 4163 3080 4216 Hactenus
3139 4152 3629 4229 gymnosophista
3676 4148 3894 4207 locutus,

2291 4256 2348 4306 et
2376 4250 2713 4306 adoratione
2742 4246 3177 4304 demississima
3200 4247 3513 4299 veneratus
3547 4252 3765 4310 regem,
3805 4236 3893 4286 Re-

2291 4340 2524 4410 spondi,
2558 4337 2817 4407 domine,
2848 4336 3063 4407 iuquit,
3094 4338 3160 4390 ut
3189 4334 3354 4405 potui
3384 4346 3488 4402 pro
3528 4322 3893 4410 mediocritate

2290 4408 2586 4484 facultatis
2617 4443 2780 4494 mea,
2810 4426 2881 4481 ad
2912 4430 3014 4480 tua
3041 4423 3157 4479 ista
3185 4420 3432 4493 quaesita
3449 4416 3636 4473 multa
3668 4419 3722 4471 et
3746 4408 3891 4467 varia:

2291 4518 2351 4571 in
2381 4533 2517 4587 quo,
2550 4532 2768 4587 quaeso,
2788 4515 2838 4570 si
2859 4511 3248 4569 eruditionem
3263 4508 3464 4564 minus
3481 4508 3665 4578 potes,
3696 4515 3803 4572 qua
3819 4508 3893 4551 me

2292 4586 2642 4661 destitutum
2664 4603 2876 4659 idonea
2907 4605 2972 4657 ut
3000 4600 3187 4656 sentio
3218 4597 3305 4653 sic
3350 4595 3506 4652 ultro
3537 4594 3739 4655 fateor,
3766 4586 3891 4642 certe

2291 4692 2651 4749 voluntatem
2701 4691 2967 4764 parendi,
3026 4693 3083 4745 et
3129 4684 3495 4758 obsequendi
3543 4678 3889 4764 alacritatem,

609 4778 679 4832 Il.
711 4775 1002 4845 Castigata
1035 4771 1243 4827 leniter
1291 4770 1539 4842 hospitis
1582 4769 1789 4826 levitas
1818 4773 2177 4843 acquievisse
2701 4739 3516 4850 Sir-avs—‘p-rolixam,~amﬁplecti
3563 4774 3618 4825 te
3642 4763 3821 4827 velim,
3847 4760 3891 4812 ei

532 4868 819 4937 praecepto
850 4860 1101 4932 sapienti
1122 4859 1448 4925 videbatur,
1482 4860 1716 4927 quando
1741 4861 1953 4915 iterum
1985 4863 2177 4933 erupit

532 4956 594 5011 in
642 4951 1057 5025 appetitionem
1103 4946 1571 5018 intempestivam
1630 4946 1873 5004 alterius
1920 4951 2171 5021 generis.

527 5043 890 5113 Allegaverat
921 5040 1065 5093 forte
1089 5038 1575 5107 asceta,provecto
1612 5034 1671 5089 in
1704 5036 1863 5092 varia
1880 5053 2171 5106 sermone,

527 5129 876 5188 sententiam
909 5142 975 5181 ex
1009 5126 1153 5181 libro
1182 5124 1514 5193 Chaldaico,
1548 5138 1716 5194 quam
1753 5122 2172 5196 interpretatus

528 5220 907 5276 disseruerat.
960 5213 1187 5269 Placuit
1228 5211 1446 5283 hospiti
1495 5210 1788 5273 eruditio;
1834 5217 1912 5281 et,
1955 5215 2171 5272 Amabo

523 5314 582 5365 te
614 5306 823 5378 inquit,
864 5305 1080 5359 iterum
1129 5306 1343 5372 repete,
1396 5300 1551 5371 quod
1600 5299 1881 5369 recitasti,
1909 5304 2170 5361 testimo-

526 5398 731 5463 nium;
779 5409 870 5449 me
919 5391 1170 5447 delectat
1217 5389 1326 5444 iste
1357 5404 1537 5443 sonus
1576 5404 1689 5442 non
1739 5387 2167 5448 intellecturum

525 5487 665 5541 licet
694 5498 925 5548 vocum,
957 5497 1021 5535 ac
1052 5480 1296 5534 decerno
1348 5478 1486 5531 dare
1536 5492 1773 5547 operam
1805 5478 2168 5537 addiscendae

523 5574 623 5629 isti
652 5572 887 5642 linguae,
938 5572 1189 5639 petoque
1243 5582 1314 5621 ne
1343 5565 1601 5637 graveris
1646 5564 1824 5635 hujus
1847 5566 1970 5635 jam
2013 5586 2170 5627 nunc

522 5660 823 5719 idiomatis
854 5658 1141 5715 elementa
1171 5655 1315 5711 mihi
1345 5655 1595 5711 tradere.
1627 5653 1730 5709 Cui
1759 5671 1955 5724 senex,
1997 5660 2170 5724 Atqui

2287 4885 2379 4925 me
2408 4869 2469 4925 in
2500 4884 2743 4924 numero
2775 4867 2883 4923 tibi
2916 4863 3478 4930 addictissimorum,
3510 4854 3718 4914 favoris
3736 4851 3889 4905 inter-

2284 4959 2425 5014 dum
2454 4958 2540 5013 tui
2571 4956 2716 5029 regii
2748 4954 3139 5026 beneﬁcaque
3168 4950 3372 5025 gratiae
3393 4935 3887 5020 signiﬁcationibus

2283 5061 2609 5118 aspergere.

2352 5112 2484 5190 lissi
2501 5132 2836 5205 quindecim
2866 5127 3310 5187 dissertationes
3369 5122 3603 5196 sapiens
3658 5112 3885 5173 medicus

2282 5227 2520 5278 Perzoes
2541 5238 2610 5277 ex
2643 5221 2843 5276 lndica
2890 5219 2951 5275 in
2984 5216 3275 5274 Persicam
3335 5213 3596 5285 linguam
3626 5224 3659 5263 a
3688 5217 3747 5260 se
3772 5213 3880 5296 αξη·

2278 5326 2475 5365 versas
2508 5308 2629 5381 regi
2651 5308 2890 5369 Chosroi
2921 5305 3153 5372 obtulit;
3182 5304 3317 5359 inde
3346 5300 3560 5357 eisdem
3591 5311 3658 5351 ex
3686 5295 3882 5382 Persico

2279 5398 2340 5451 in
2369 5375 2685 5453 Arabicum
2715 5394 3012 5452 translatas
3043 5406 3375 5450 sermonem
3398 5389 3569 5455 sunt;
3587 5400 3655 5441 ex
3675 5375 3880 5437 Arabico

2278 5501 2411 5541 vero
2445 5485 2719 5541 idiomate
2748 5484 2880 5541 illas
2910 5499 3016 5555 ego
3045 5486 3294 5554 Symeon
3328 5475 3603 5549 magister
3624 5473 3679 5527 et
3720 5460 3883 5539 philo'

2254 5574 2501 5645 sophus
2533 5577 2917 5645 cognomento
2943 5571 3104 5641 Seth,
3146 5565 3477 5625 communis
3509 5555 3773 5619 utilitatis
3803 5559 3884 5619 8P5

2277 5663 2533 5731 illectus,
2564 5662 2760 5719 Graece
2790 5678 2924 5719 sum
2952 5660 3393 5731 interpretatus.

1650 5778 1800 5838 Lam
1829 5782 1947 5838 Deo
1968 5781 2235 5842 bonorum
2264 5788 2517 5845 omnium
2544 5787 2788 5845 Auctori.
