4026 6228
1607 371 2155 493 ELENCH
2176 372 2350 493 US

485 620 992 694 Αυοτοηυη
1042 619 1158 693 ΕΤ
1202 621 1586 694 ορεηυκι
1635 621 1786 706 QUI
1836 622 1922 692 IN
1975 621 2075 694 I-IC

1878 622 1922 692 Ν
1975 621 2154 697 HOC
2201 623 2454 696 TOMO
2497 622 2767 696 CXLIII
2814 621 3468 698 GOIITINENTUR

1715 838 2235 873 +

910 1093 1386 1144 HERMANNUS
1435 1094 1921 1147 CONTRACTUS
1969 1094 2382 1146 MONACHUS
2431 1095 2688 1147 AUGIE
2740 1096 3025 1146 DIVITIS

387 1156 694 1206 Chronicon
713 1169 842 1205 cum
860 1158 1141 1214 auctariis,
1160 1157 1254 1205 col.
1277 1156 1361 1205 55.
1380 1181 1454 1192 -ο
1471 1157 1552 1206 De
1574 1170 1830 1206 mensura
1850 1157 2154 1214 astroiabii,
2173 1159 2268 1207 col.
2291 1158 2410 1208 379.
2429 1185 2502 1193 —-
2521 1160 2601 1208 De
2622 1160 2963 1210 utilitatibus
2982 1159 3286 1216 astrolabii,
3305 1160 3399 1208 col.
3422 1159 3541 1210 389.
3560 1183 3634 1194 —

319 1218 399 1269 De
433 1221 662 1277 musica,
698 1220 792 1269 col.
829 1219 951 1268 413.
985 1245 1059 1254 --
1092 1220 1392 1281 Sequentia
1427 1220 1493 1270 de
1531 1220 1698 1269 beata
1732 1220 1908 1269 Maria
1942 1221 2171 1281 virgine,
2207 1221 2301 1268 col.
2339 1222 2460 1270 443.
2495 1247 2567 1255 —
2599 1222 2833 1271 Carmen
2869 1223 2935 1273 de
2973 1221 3233 1270 conflictu
3269 1223 3389 1270 ovis
3421 1224 3481 1270 et
3514 1222 3630 1278 lini,

315 1282 409 1330 col.
448 1281 568 1330 445.

1355 1341 1406 1392 S.
1462 1342 1607 1392 Ι..Εο
1664 1343 1747 1392 IX
1798 1342 2183 1392 PONTIFEX
2234 1344 2594 1396 ROMANUS

389 1404 631 1454 Libellus
661 1405 726 1456 de
759 1405 1020 1454 conflictu
1051 1405 1316 1454 vitiorum
1347 1409 1515 1467 atque
1547 1407 1844 1463 virtutum,
1874 1407 1968 1454 col.
2003 1406 2122 1455 559.
2153 1433 2225 1440 —
2255 1407 2447 1456 Oratio
2478 1409 2550 1457 ad
2578 1408 2942 1457 Adelbertum
2974 1409 3252 1463 comitem,
3283 1407 3377 1456 col.
3410 1407 3530 1456 577.
3560 1432 3634 1442 —-

320 1466 536 1532 Notitia
568 1469 635 1532 de
669 1468 922 1532 cmnoblo
955 1467 1008 1517 S.
1042 1468 1197 1532 Apri,
1225 1468 1324 1532 col.
1359 1466 1479 1532 581.
1512 1493 1595 1532 τε
1617 1468 1940 1530 Diplomata
1972 1469 2107 1518 data
2140 1481 2266 1517 cum
2299 1470 2483 1518 adhuc
2513 1471 2806 1532 episcopus
2836 1469 3110 1520 Tullensis
3140 1473 3345 1532 ageret,
3379 1469 3472 1518 col.
3508 1469 3629 1520 583.

318 1554 392 1564 —
418 1529 684 1591 Epistolas
708 1532 767 1579 et
793 1531 1016 1580 decreta
1042 1530 1351 1593 pontificia,
1380 1531 1474 1578 col.
1506 1530 1624 1580 591.

1360 1618 1634 1668 VICTOR
1692 1619 1744 1666 II
1798 1617 2183 1668 PONTIFEX
2234 1619 2595 1671 ROMANUS

393 1679 658 1742 Epistolas
697 1681 757 1732 et
801 1682 1043 1740 decneta,
1087 1681 1180 1730 col.
1227 1680 1348 1730 803.

1184 1769 1724 1819 BERENGARIUS
1775 1769 1822 1816 V
1834 1769 2193 1821 ICECOMES
2244 1771 2703 1821 NARBONENS
2713 1771 2774 1821 IS

395 1831 748 1890 Querimonia
781 1833 1046 1883 adversus
1079 1831 1413 1882 Gutiredum
1448 1832 1866 1882 Narbonensem
1898 1833 2157 1894 archiep.,
2178 1834 2286 1882 .col.
2321 1834 2440 1883 837.

799 1920 1102 1970 THEUZO
1155 1920 1494 1968 EREMITA
1549 1921 1642 1969 ET
1692 1920 2102 1971 MONACHUS
2154 1922 2205 1971 S.
2261 1921 2522 1970 MARI/‘E
2574 1922 2676 1970 DE
2729 1921 3158 1971 FLORENTIA

397 1982 658 2044 Prologus
684 1984 1048 2044 expositionis
1076 1984 1276 2046 regula:
1307 1983 1356 2032 S.
1393 1984 1448 2031 P.
1482 1983 1550 2031 N.
1585 1984 1889 2040 Benedicti,
1918 1984 2012 2032 col.
2043 1983 2161 2032 845.

1403 2072 1556 2122 ODO
1608 2071 2016 2123 MONACHUS
2069 2071 2554 2122 FOSSATENSIS

393 2132 522 2182 Vita
552 2133 855 2185 Burchardi
882 2134 1117 2192 comitis,
1144 2135 1238 2182 col.
1267 2134 1385 2182 847.

1296 2222 1689 2271 ANSELMUS
1737 2221 2161 2272 GANONICUS
2213 2221 2660 2272 LEODIENSIS

396 2284 645 2335 Historia
674 2286 1059 2347 episcoporum
1093 2285 1497 2341 Leodiensium,
1530 2286 1624 2333 col.
1659 2285 1776 2332 861.

1297 2373 1554 2422 DROGO
1610 2372 2211 2423 BELLOVACENSIS
2263 2373 2663 2424 EPISCOPUS

397 2434 648 2496 Epistola
675 2436 748 2485 ad
775 2435 858 2482 W.
889 2435 1276 2497 coepiscopum
1304 2447 1484 2492 suum,
1511 2435 1604 2482 col.
1636 2435 1755 2483 863.

1569 2523 2008 2572 STEPHANUS
2065 2523 2142 2572 IN
2195 2523 2285 2572 PA
2295 2525 2385 2580 PA

403 2585 669 2647 Epistole
689 2586 747 2635 et
769 2585 1073 2648 privilegia,
1097 2585 1190 2633 col.
1217 2584 1336 2635 869.
2201 2613 2206 2616 -

1444 2673 1920 2723 GOZECHINUS
1971 2673 2343 2724 SCHOLAST
2353 2674 2512 2723 ICUS

396 2735 647 2798 Epistola
680 2737 753 2786 ad
786 2735 1135 2792 Valcherum,
1170 2736 1263 2783 col.
1301 2735 1419 2784 885.

1337 2822 1675 2873 JOANNES
1727 2823 2094 2873 SABINENS
2106 2824 2166 2873 IS
2218 2824 2618 2874 EPISCOPUS

400 2886 751 2945 Querimonia
779 2889 974 2936 contra
1003 2886 1291 2936 Farfenses
1319 2886 1638 2943 monachos,
1665 2887 1760 2934 col.
1790 2886 1909 2935 909.

912 2975 1378 3024 HUMBERTUS
1427 2975 1902 3031 CARDINALIS,
1956 2975 2355 3026 EPISCOPUS
2407 2975 2642 3024 SILVIE
2690 2974 3049 3025 GANDIDE

399 3037 604 3087 Contra
632 3038 946 3087 Graecorum
972 3038 1294 3095 calumnias,
1321 3038 1416 3086 col.
1445 3037 1564 3086 929.
1593 3063 1664 3074 ——
1687 3039 1970 3088 Adversus
1998 3038 2354 3094 Simoniacos,
2381 3039 2475 3085 col.
2506 3037 2658 3086 1005.
2685 3063 2758 3072 --
2781 3038 3112 3094 Ανρεκοικ,
3139 3063 3211 3070 —
3237 3036 3632 3099 Fragmentum

328 3101 725 3162 disputationis
761 3104 954 3150 contra
992 3100 1229 3158 στι-εσσε,
1266 3101 1360 3148 col.
1404 3101 1556 3149 1213.
1592 3126 1666 3134 ——
1704 3101 1904 3149 Domni
1945 3100 1996 3148 J.
2038 3101 2341 3149 Mabillonii
2380 3100 2713 3149 Dissertatio
2750 3102 2816 3149 de
2855 3113 2996 3162 pane
3033 3098 3399 3148 eucharistico
3435 3111 3633 3159 azymo

325 3175 392 3212 ac
415 3162 768 3219 fermentata,
795 3163 889 3211 col.
921 3162 1072 3211 1219.

1248 3223 1765 3273 ADELMANNUS
1818 3223 2257 3272 BRIXIENSIS
2308 3223 2706 3274 EPISCOPUS

400 3287 651 3349 Epistola
683 3288 754 3337 ad
788 3288 1197 3349 Berengarium,
1229 3287 1322 3334 col.
1360 3287 1511 3335 1289.
1545 3312 1617 3322 —-
1648 3286 1920 3346 Rhythmi
1953 3286 2288 3348 alphabetici
2321 3288 2386 3336 de
2419 3288 2552 3336 viris
2581 3287 2887 3336 illustribus
2918 3287 3001 3335 sui
3033 3286 3317 3346 temporis,
3348 3285 3442 3333 col.
3480 3285 3632 3334 1295.

1620 3374 1990 3426 NICOLAUS
2046 3374 2097 3421 II
2152 3375 2341 3423 ΡΑΡΑ

396 3437 663 3500 Ερὶειοιω
680 3442 738 3487 et
761 3438 1074 3499 privelegia,
1096 3437 1190 3486 col.
1218 3438 1368 3486 1301.

1319 3525 1529 3574 HUGO
1585 3525 1638 3573 II
1691 3525 2200 3574 NIVERNENSIS
2251 3525 2650 3576 EPISCOPUS

404 3589 653 3651 Epistoia
680 3589 752 3638 ad
781 3589 1249 3656 Bartholomaaum
1276 3588 1653 3650 Turonensem
1679 3589 2169 3650 archiepisc0pum,
2197 3589 2290 3636 col.
2323 3588 2473 3637 1367.

1573 3677 1772 3726 BOVO
1821 3676 2062 3724 ABBAS
2115 3677 2165 3725 S.
2222 3676 2536 3724 BERTINI

412 3739 492 3789 De
520 3740 836 3789 inventione
865 3741 925 3788 et
951 3739 1259 3789 elevatione
1289 3739 1531 3801 corporis
1560 3739 1612 3788 S.
1646 3739 1874 3795 Bertini,
1903 3740 1997 3787 col.
2032 3739 2182 3787 1369.

1235 3827 1731 3876 FROLLANDUS
1783 3826 2431 3881 SYLVANECTENSIS
2482 3826 2881 3877 EPISCOPUS

405 3890 654 3952 Epistola
678 3892 751 3942 ad
777 3891 1185 3952 Berengarium,
1210 3891 1304 3938 col.
1335 3891 1485 3939 1369.

1099 3977 1474 4028 WIDRICUS
1524 3977 1764 4027 ABBAS
1816 3978 1866 4027 5.
1921 3977 2280 4027 GHISLENI
2337 3977 2414 4025 IN
2469 3976 2867 4026 HANNONIA

414 4041 664 4104 Epistola
693 4043 766 4092 ad
795 4041 1097 4091 chricum
1124 4042 1256 4102 imp.
1287 4042 1608 4102 cognomine
1640 4041 1886 4101 Nigrum.
1916 4041 2010 4088 col.
2043 4041 2194 4089 1371.

1289 4129 1583 4179 FRANCO
1635 4129 2007 4179 SCHOLAST
2016 4129 2175 4179 ICUS
2226 4128 2424 4177 LEOD
2435 4128 2602 4177 IENS
2613 4127 2673 4176 IS

416 4193 703 4255 Specimen
733 4192 855 4254 ejus
887 4193 1104 4254 operids
1136 4193 1202 4241 de
1237 4193 1579 4253 quadratura
1609 4193 1814 4249 circuli,
1847 4192 1939 4240 col.
1979 4192 2128 4241 1373.

821 4281 884 4328 Β.
938 4279 1357 4329 MAURILIUS
1406 4280 2045 4330 ARCHIEPISCOPUS
2098 4279 2731 4329 ROTHOMAGENSIS

417 4343 670 4406 Epistola
703 4343 776 4393 ad
808 4343 1131 4406 episcopum
1168 4343 1574 4406 Ebroigensem,
1608 4343 1703 4391 col.
1743 4343 1895 4406 1387.
1931 4342 2311 4406 —7Professio
2350 4342 2474 4406 fidei
2510 4344 2576 4406 de
2612 4345 2958 4406 sacramento
2994 4343 3235 4404 corporis
3265 4345 3325 4406 et
3359 4341 3639 4406 sanguinis

345 4403 572 4463 Christi,
601 4406 695 4454 col.
729 4403 882 4455 1389.
912 4403 1314 4468 -——-’Epitaphia
1346 4405 1594 4454 Rollonis
1621 4409 1680 4454 et
1711 4405 1984 4454 Guillelmi
2016 4405 2216 4466 Longae
2249 4405 2488 4466 Spathae,
2522 4404 2941 4454 Northmannia:
2970 4403 3192 4476 ducum,
3224 4405 3317 4454 col.
3352 4403 3502 4453 1389.

690 4485 1180 4543 RAIMBALDUS
1230 4493 1744 4542 ARELATENSIS
1796 4493 2168 4544 ECCLESIIE
2217 4491 2860 4544 ARCHIEPISCOPUS

414 4557 750 4618 Diplomata,
775 4557 868 4605 col.
898 4557 1050 4605 1393.

1215 4617 1634 4667 GERVASIUS
1686 4617 2061 4667 REMENSIS
2111 4617 2754 4668 ARCHIEPISCOPUS

415 4681 680 4744 Epistoiae
705 4683 778 4730 ad
806 4680 1096 4730 Nicolaum
1131 4679 1184 4728 II
1209 4685 1268 4730 et
1293 4681 1671 4731 Alexandrum
1707 4680 1778 4737 II,
1806 4681 1898 4729 col.
1934 4680 2083 4729 1399.
2113 4706 2184 4714 ——
2211 4681 2549 4742 Diplomata,
2577 4681 2672 4728 col.
2705 4679 2856 4728 1401.

407 4833 578 4882 ΟΜ
739 4832 756 4879 ι
811 4769 1451 4881 14{mlasEODEGARIUS
1502 4768 1956 4818 VIENNENSIS
2009 4769 2378 4819 ECCLESIIE
2428 4768 3067 4820 ARCHIEPISCOPUS

581 4845 642 4882 ω.
677 4845 736 4880 σο
761 4869 771 4880 .
954 4868 965 4880 ,

581 4845 642 4890 ω,
677 4845 771 4880 σοι.
813 4845 965 4881 Ιᾶυό.

942 4920 1381 4970 STEPHANUS
1433 4920 1732 4971 SANCT/E
1785 4920 2121 4969 ΒΟΜΑΝᾸΞ
2172 4919 2532 4970 ΕΟΟΙᾸΞδΙΛΞ

1459 4920 1732 4971 ἱΑΝΟΤᾹΞ
1785 4920 2121 4969 ΒΟΜΑΝᾸΞ
2172 4919 2545 4970 ECCLESI/E
2593 4919 3049 4970 CARDINALIS

417 4984 664 5034 Canones
684 4984 900 5032 concilii
917 4983 1271 5041 Turonensis,
1289 4983 1384 5032 col.
1410 4983 1562 5031 1409.
1581 5009 1654 5016 —
1672 4982 1923 5045 Epistola
1945 4983 2015 5031 ad
2036 4983 2310 5032 Joannem
2333 4982 2626 5032 Dolensem
2644 4983 2982 5044 episcopum,
3003 4982 3097 5031 col.
3123 4983 3272 5030 1411.
3292 5008 3365 5016 ——
3383 4981 3642 5044 Diploma

337 5060 437 5109 pro
465 5047 749 5097 monachis
775 5045 1292 5104 Vindoclnensibus,
1319 5046 1412 5094 col.
1447 5046 1597 5095 1413.

1467 5133 1611 5183 LEO
1661 5132 2059 5182 ATINENSIS
2111 5133 2510 5184 EPISCOPUS

418 5198 498 5248 De
525 5199 841 5248 inventione
871 5197 1112 5258 corporis
1141 5198 1203 5245 B.
1234 5197 1403 5247 Marci
1430 5197 1708 5258 martyris,
1735 5197 1828 5244 col.
1861 5197 2014 5244 1415.
2041 5222 2113 5230 —
2140 5196 2492 5258 Privilegium
2519 5207 2619 5258 pro
2645 5195 2923 5258 canonicis
2946 5199 3006 5245 et
3031 5195 3238 5245 clericis
3264 5195 3643 5252 Atinensibus,

346 5261 440 5309 col.
471 5261 626 5310 1423.
646 5286 721 5295 —
745 5261 933 5310 Sermo
956 5257 1024 5308 de
1050 5260 1304 5322 passione
1332 5260 1395 5308 Β.
1423 5257 1612 5316 Marci,
1636 5259 1730 5307 col.
1760 5259 1914 5310 1423.
1938 5285 2010 5293 —
2035 5259 2223 5308 Sermo
2247 5259 2306 5306 in
2328 5262 2530 5308 octava
2553 5257 2822 5318 ejusdem,
2846 5257 2940 5306 col.
2971 5258 3123 5306 1427.

912 5348 1346 5398 AVESGOTUS
1396 5348 1448 5398 5.
1504 5347 1729 5396 PETRI
1780 5347 2150 5398 CULTURE
2199 5346 2777 5397 CENOMANENSIS
2826 5346 3067 5395 ABBAS

415 5412 666 5474 Epistoia
701 5412 773 5461 ad
810 5412 1150 5469 Anselmum,
1187 5412 1548 5474 postmodum
1584 5410 2036 5462 Cantuariensem
2073 5409 2331 5471 archiep.,
2368 5409 2462 5458 col.
2502 5409 2654 5458 1431.

702 5555 706 5559 ,
1320 5500 1412 5550 SS.
1464 5499 1849 5548 ARIALDUS
1901 5498 1994 5547 ET
2047 5497 2661 5557 HERLEMBALDUS

404 5564 564 5620 Acta,
594 5563 686 5611 col.
721 5564 872 5612 1433.
901 5590 974 5598 ——-
1001 5564 1052 5612 S.
1085 5563 1294 5613 Arialdi
1324 5563 1613 5612 conciones
1641 5565 1773 5617 tres,
1801 5560 1895 5609 col.
1931 5561 2080 5609 1515.

1212 5652 1264 5701 S.
1317 5651 1526 5700 ANNO
1577 5648 2071 5699 COLONIENSIS
2120 5645 2762 5697 ARCHIEPISCOPUS

406 5714 743 5776 Diplomata,
763 5717 856 5765 col.
881 5716 1033 5765 1585.
