4026 6228
1639 329 1646 332 .
1671 327 2038 335 --οοκν--πῌο
2053 328 2184 334 ...φ-α.
2197 329 2322 335 .--
2335 329 2350 334 _

1616 523 1779 568 ANNO
1823 524 2035 570 DOHINI
2081 525 2252 570 κων.

529 707 1813 902 HERMANNUS

1981 705 3336 906 CONTBACTUS

1390 1016 1825 1079 MONACHUS
1871 1019 2138 1080 AUGIzE
2185 1019 2473 1080 DIVITIS

417 1190 883 1277 NOTITIA
953 1185 1580 1273 HISTORICA
1650 1189 1759 1272 IN
1832 1187 2572 1275 HEBMANNUM
2629 1187 3448 1276 CONTBACTUM.

514 1395 618 1464 (Ex
644 1393 873 1448 Joanne
901 1392 1117 1462 Egone,
1147 1389 1250 1446 lib.
1285 1391 1358 1445 De
1389 1391 1522 1444 viris
1557 1391 1864 1446 illustribus
1899 1391 2084 1462 Augiae
2114 1393 2332 1459 Divitis,
2366 1393 2518 1463 apud
2551 1396 2680 1459 Pez,
2718 1393 2970 1447 These-ur.
3009 1393 3048 1460 Ι,
3083 1409 3168 1459 III,
3197 1393 3348 1461 688.)

279 1692 664 1748 Hermannus
685 1688 1029 1744 Contractus
1052 1685 1158 1758 (sic
1191 1702 1224 1740 a
1255 1687 1652 1741 membrorum
1671 1685 1873 1740 debili-
1905 1688 1960 1752 Α
1991 1686 2252 1759 scripsit;
2291 1691 2345 1742 et
2375 1688 2614 1742 demum
2649 1690 3028 1760 posteaquam
3059 1685 3373 1742 virtutibus
3403 1685 3642 1759 quidem

202 1786 331 1838 tate
364 1779 655 1849 vocatus),
691 1775 1002 1848 Augiensis
1028 1773 1273 1829 coanobii
1303 1774 1600 1847 singulare
1618 1775 1795 1831 decus
1824 1779 1880 1830 et

204 1871 401 1927 totius
431 1865 790 1924 Benedictini
809 1863 1030 1918 ordinis
1054 1863 1700 1935 lucidissimumjubar,
1726 1881 1877 1918 anno

205 1959 434 2017 Christi
471 1955 630 2019 1013,
664 1971 736 2009 xv
766 1952 890 2009 Kal.
925 1953 1198 2025 Augusti,
1229 1959 1390 2024 patre
1422 1957 1594 2008 natus
1618 1957 1706 2008 est
1729 1951 1880 2007 Wol-

209 2045 657 2115 ferado,comite
677 2041 1238 2114 Veringensi,matre
1263 2046 1456 2096 autem
1482 2041 1879 2096 Hiltrude.tlic

213 2155 365 2211 puer
391 2137 449 2191 in
480 2134 729 2206 Augiam
764 2132 996 2198 ductus,
1031 2147 1165 2186 cum
1197 2131 1360 2185 bonae
1393 2131 1629 2201 quidem
1662 2130 1877 2185 indolis

211 2223 699 2296 esset,ingenium
719 2226 912 2275 tamen
932 2218 1493 2290 rudius,litterisque
1506 2219 1878 2274 addiscendis

210 2316 415 2372 minus
445 2313 724 2368 idoneum
757 2313 1028 2382 expertus
1059 2312 1168 2363 est.
1205 2309 1392 2372 Quare
1413 2308 1590 2362 beatze
1621 2307 1877 2380 Virginis

210 2421 410 2478 opem,
443 2402 609 2472 cujus
639 2397 923 2472 singulari
945 2395 1268 2468 patrocinio
1288 2397 1412 2467 jam
1441 2412 1502 2451 se
1523 2395 1746 2468 pridem
1772 2397 1874 2451 de-

206 2496 468 2558 voverat,
501 2488 818 2545 inclamare
850 2486 1040 2559 coepit,
1076 2503 1202 2557 quae
1223 2484 1449 2540 felicius
1472 2485 1770 2557 ingenium
1793 2484 1876 2538 illi

210 2579 570 2656 quantocius
601 2575 954 2649 impetravit.
988 2573 1135 2629 Hinc
1157 2574 1314 2628 brevi
1333 2577 1592 2646 tempore
1613 2573 1874 2644 linguam

219 2667 788 2737 Latinam,Grzecam
823 2662 1341 2734 Arabicamqueita
1369 2665 1620 2734 perfecte
1651 2663 1874 2718 addidi-

206 2760 310 2828 cit,
345 2764 413 2814 ut
441 2754 765 2830 quamlibet
796 2767 996 2808 earum
1029 2751 1204 2806 veluti
1230 2749 1600 2807 vernaculam
1624 2768 1875 2823 pronun-

208 2848 405 2903 tiaret.
440 2845 618 2900 Poeta
641 2841 743 2899 sui
769 2840 1053 2912 temporis
1076 2838 1186 2894 fuit
1208 2839 1538 2912 praeclarus,
1559 2838 1873 2894 historicus

205 2935 524 3001 excellens,
564 2931 830 2987 musicus
879 2929 1150 3001 insignis,
1211 2927 1597 3001 philosophus
1652 2927 1874 2982 theolo-

205 3040 442 3099 gusque
475 3024 784 3094 praestans,
821 3017 1274 3121 mathematicils
1304 3017 1682 3121 doctissimus
1712 3033 1873 3089 teque
1902 3054 1950 3121 B

206 3132 275 3170 ac
307 3109 846 3186 ingeniosissimus,
881 3107 960 3162 ita
991 3110 1054 3161 ut
1083 3103 1317 3161 laudem
1359 3105 1442 3160 illi
1502 3111 1642 3161 tunc
1696 3122 1868 3162 nemo

202 3200 587 3276 praeripuisse
599 3198 887 3253 videatur.
903 3196 1086 3252 Tanta
1115 3194 1269 3251 enim
1285 3195 1868 3268 jugeniidexteritate

202 3293 278 3348 de
312 3288 630 3347 astrolabio
661 3284 918 3357 scripsit,
954 3288 1015 3339 ut
1047 3301 1080 3340 a
1110 3283 1312 3339 multis
1343 3283 1530 3355 ipsius
1569 3283 1869 3340 astrolabii

199 3382 484 3436 inventor
513 3376 844 3432 haberetur.
881 3371 1222 3444 Composuit
1273 3371 1460 3443 primo
1492 3389 1707 3445 magna
1735 3390 1869 3428 cum

199 3467 522 3540 diligentia
551 3463 883 3521 Chronicon
915 3460 1279 3516 succinctum
1308 3465 1366 3515 et
1396 3459 1558 3515 valde
1581 3466 1869 3533 apertum,

199 3547 374 3631 quoa
409 3555 480 3610 ab
512 3551 746 3610 exordio
775 3550 980 3605 mundi
1015 3550 1085 3604 ad
1118 3566 1302 3603 aevum
1335 3566 1523 3621 usque
1554 3567 1748 3618 suum,
1801 3552 1871 3606 ad

196 3661 444 3701 annum
474 3658 682 3713 nempe
712 3637 926 3696 Christi
961 3637 1116 3704 1054,
1151 3638 1439 3708 perduxit,
1475 3639 1629 3710 quod
1661 3639 1875 3711 saepius

195 3736 578 3806 impressum
602 3729 828 3784 auctius
850 3727 920 3782 ab
947 3727 1185 3781 Henrico
1203 3725 1434 3781 Canisio
1458 3731 1598 3781 tom.
1632 3728 1652 3781 Ι
1675 3727 1872 3800 Antiq.

193 3823 376 3880 Lect.
413 3820 635 3876 editum
666 3823 776 3885 est,
817 3817 1220 3888 insertumque
1278 3820 1416 3871 tom.
1478 3816 1550 3870 XI
1603 3815 1875 3872 Biblioth.

191 3911 458 3968 Patrum
482 3927 495 3976 ;
519 3909 588 3963 de
609 3905 1031 3972 musicalib.1;
1061 3905 1138 3960 De
1165 3904 1558 3960 monochordo
1591 3903 1692 3959 lib.
1727 3922 1774 3970 1;
1799 3905 1878 3961 De

186 3999 541 4072 eclipsibus
570 3997 674 4052 lib.
703 3994 856 4062 1;De
896 3993 1255 4066 quadratura
1296 3993 1496 4048 circuli
1555 3992 1654 4048 lib.
1691 4010 1743 4061 I;
1799 3993 1878 4048 De

185 4091 493 4159 computo
524 4086 651 4141 lib.1
676 4107 691 4153 ;
725 4083 805 4139 De
827 4081 1276 4156 physiognomia
1298 4081 1399 4137 lib.
1427 4100 1473 4149 ις
1506 4083 1579 4137 De
1604 4081 1878 4136 conﬂictu

185 4173 746 4250 rhythmomachize
776 4171 880 4226 lib.
914 4189 966 4238 1;
998 4172 1076 4226 De
1135 4171 1494 4226 astronomia
1523 4175 1880 4226 commenta-

185 4268 367 4330 rius,
401 4268 458 4320 et
486 4265 558 4319 de
587 4259 1011 4334 compositione
1041 4259 1342 4316 astrolabii
1373 4259 1473 4314 lib.
1502 4277 1596 4329 III;
1619 4259 1699 4316 De
1722 4259 1878 4315 utili-

185 4359 342 4410 tate
374 4350 676 4409 astrolabii
707 4349 812 4405 lib.
848 4367 864 4403 1
893 4366 906 4416 ;
941 4353 1016 4404 De
1043 4348 1191 4403 Vitis
1223 4347 1482 4419 plurium
1541 4353 1878 4404 sanctorum

1991 1777 2264 1832 omnibus
2295 1777 2521 1848 egregie
2541 1776 2803 1845 invaluit,
2828 1792 3068 1848 corpore
3099 1779 3293 1832 tamen
3317 1776 3408 1830 vix
3429 1774 3645 1831 debilia

1989 1867 2255 1920 membra
2285 1871 2623 1921 sustentans
2646 1865 2903 1920 animam
2931 1865 3187 1921 Creatori
3210 1883 3336 1932 suo,
3357 1864 3447 1920 cui
3475 1865 3644 1920 unice

1988 1955 2045 2008 in
2078 1955 2185 2010 hac
2208 1956 2326 2010 vita
2355 1954 2579 2026 placere
2613 1954 2860 2020 studuit,
2909 1954 3164 2009 reddidit
3218 1959 3350 2027 post
3406 1958 3640 2027 partum

1988 2043 2243 2115 Virginis
2270 2061 2421 2098 anno
2445 2043 2604 2110 1054,
2631 2047 2687 2098 et
2719 2043 2775 2097 in
2811 2043 3026 2114 praedio
3057 2047 3364 2114 parentum
3398 2059 3642 2098 suorum

1987 2131 2350 2186 Adclshusen
2386 2131 2708 2186 translatus
2735 2135 2843 2186 est.

2059 2220 2316 2275 Tametsi
2349 2237 2479 2274 vero
2512 2219 2604 2274 hic
2637 2218 2976 2292 prolubium
3009 2219 3152 2274 mihi
3185 2223 3339 2275 esset
3371 2236 3640 2292 superse-

1987 2309 2120 2363 dere
2151 2309 2680 2364 concertationibus
2713 2325 2828 2362 nor.
2862 2307 3229 2377 necessariis,
3265 2309 3406 2381 quia
3442 2313 3641 2364 tamen

1987 2397 2244 2469 quotidie
2275 2397 2374 2452 alii
2405 2403 2576 2469 atque
2601 2397 2697 2452 alii
2730 2397 3008 2453 historias
3039 2415 3214 2453 novas
3247 2414 3480 2470 semper
3500 2399 3640 2453 scri-

1986 2487 2151 2552 bunt,
2187 2486 2403 2558 quibus
2435 2503 2537 2558 pro
2570 2487 2851 2542 arbitratu
2886 2503 2991 2542 suo
3024 2488 3344 2543 sententias
3403 2486 3642 2560 quasvis

1985 2575 2158 2630 etiam
2193 2575 2502 2631 manifeste
2535 2575 2711 2631 falsas
2757 2577 2826 2631 ad
2880 2576 3252 2632 rumusculos
3300 2575 3499 2649 populi
3553 2593 3643 2632 ca-

1986 2665 2234 2735 ptandos
2261 2663 2580 2728 venditant,
2630 2663 2899 2719 existimo
2949 2666 3132 2719 satius
3183 2665 3446 2720 futurum
3480 2664 3528 2720 si
3574 2681 3642 2721 ea

1983 2752 2216 2821 saltem,
2241 2769 2367 2824 quae
2391 2754 2461 2808 de
2483 2753 2812 2808 Hermanno
2837 2757 3037 2809 nostro
3059 2755 3132 2808 ab
3155 2753 3225 2810 iis
3249 2753 3394 2810 falso
3416 2753 3646 2811 asserta

1984 2847 2144 2909 sunt,
2177 2843 2349 2896 etiam
2383 2859 2561 2913 quam
2594 2842 2934 2897 brevissime
2961 2843 3294 2911 refutarem,
3329 2860 3423 2910 ne,
3453 2843 3500 2899 si
3556 2846 3639 2899 ta-

1983 2947 2195 2995 cerem,
2220 2930 2446 2986 nullum
2466 2935 2812 3003 argumenta
2835 2935 3035 2986 nostra
3055 2930 3252 2999 robur,
3269 2947 3382 3003 quo
3406 2931 3640 2988 nosmet

1985 3037 2117 3076 cum
2151 3020 2458 3074 Contracto
2492 3025 2812 3087 tueremur,
2842 3019 2996 3074 credi
3032 3024 3272 3091 possent
3291 3019 3524 3076 habere.

2055 3108 2414 3164 Trithemius
2428 3108 2692 3181 proinde,
2715 3107 3640 3180 monachisAugiensibusimme-

1981 3197 2090 3252 rito
2124 3197 2399 3268 iniquior,
2435 3196 2702 3269 pluribus
2750 3196 2892 3252 locis
2952 3198 3188 3270 scripsit
3233 3197 3637 3256 Hermannum

1980 3289 2246 3342 nostrum
2277 3285 2757 3341 San-Gallensem
2790 3285 2992 3353 fuisse,
3028 3303 3201 3360 quem
3234 3287 3361 3357 ejus
3381 3303 3636 3344 errorem

1981 3375 2078 3430 alii
2110 3375 2293 3430 secuti
2318 3375 2375 3428 in
2407 3375 2696 3445 turpiores
2755 3374 2930 3430 etiam
2990 3375 3140 3447 lapsi
3172 3379 3329 3430 sunt.
3377 3375 3523 3430 Nam
3571 3381 3638 3431 ut

1981 3463 2318 3536 conceptam
2340 3462 2516 3519 semel
2541 3464 2733 3518 animo
2749 3463 2954 3519 falsam
2974 3464 3308 3536 opinionem
3326 3467 3634 3519 tuerentur

1983 3569 2243 3608 asserere
2274 3551 2400 3606 ausi
2431 3557 2569 3607 sunt
2600 3551 2967 3624 Helpericum
3009 3554 3066 3607 S.
3101 3552 3270 3622 Galli,
3327 3552 3637 3625 caeteroqui

1983 3641 2450 3697 eruditissimum
2472 3641 2848 3711 monachum,
2874 3641 3190 3698 Hermanni
3221 3645 3635 3715 praeceptorem

1985 3729 2166 3784 fuisse
2196 3746 2260 3783 ac
2291 3729 2635 3800 magistrum
2666 3748 2678 3796 ;
2714 3730 2881 3801 eique
2911 3746 2940 3784 e
2972 3731 3089 3784 vita
3122 3730 3357 3785 abeunti
3388 3731 3447 3785 in
3497 3734 3640 3785 San-

1987 3817 2241 3874 Gallensi
2255 3817 2559 3890 gymnasio
2572 3817 2969 3873 Hermannum
2986 3816 3645 3885 substitutum,utnimi-

1987 3923 2141 3977 rum,
2175 3905 2228 3960 sl
2255 3906 2452 3960 omnia
2475 3909 2593 3959 tam
2613 3903 2760 3960 belle
2787 3905 3162 3960 convenirent
3183 3908 3358 3977 atque
3382 3904 3631 3960 cohaere-

1989 3999 2135 4061 rent,
2170 4011 2340 4050 nemo
2370 3993 2625 4066 amplius
2657 3994 2971 4050 Hermanni
3023 3993 3440 4050 monachatum
3497 3997 3642 4050 San-

1990 4083 2317 4139 Gallensem
2353 4084 2408 4138 in
2445 4083 2688 4137 dubium
2724 4101 3009 4150 revocare,
3045 4084 3260 4139 nedum
3293 4083 3644 4156 impugnare

1988 4176 2258 4228 tentaret.
2283 4171 2363 4227 Ne
2384 4176 2576 4226 autem
2599 4171 2796 4227 videar
2818 4172 3045 4227 nullum
3064 4171 3310 4243 hujusce
3327 4169 3646 4228 commenti

1989 4264 2284 4316 auctorem
2319 4261 2494 4316 citare
2519 4277 2708 4331 posse,
2709 4262 2889 4331 jubeo
2910 4261 3182 4317 lectorem
3207 4260 3409 4317 Jacobi
3435 4259 3644 4316 Meckii

1999 4348 2266 4406 libellum
2292 4349 2372 4404 De
2400 4349 2688 4421 episcopis
2719 4350 3264 4406 Constantiensibus
3298 4349 3644 4406 Germanico

185 4442 320 4498 lib.
389 4460 455 4508 1,-
514 4437 801 4496 Historias
851 4436 970 4492 sive
1023 4436 1215 4491 ofﬁcia
1258 4435 1735 4492 Annuntialionis
1817 4437 1879 4492 B.
1913 4421 1956 4487 (Σ
1997 4439 2273 4494 idiomate
2331 4439 2551 4493 editum
2612 4439 2792 4508 adire,
2842 4438 2942 4495 ubi
2998 4437 3095 4495 ille
3176 4439 3326 4495 hanc
3384 4437 3645 4495 fabulam

185 4528 485 4602 Virginis
516 4533 573 4584 et
603 4529 664 4584 S.
699 4525 896 4582 Maria:
929 4525 1284 4596 Magdalenae
1311 4543 1322 4592 ;
1365 4523 1673 4581 historiam
1710 4525 1884 4582 etiam

185 4621 276 4676 de
320 4620 431 4676 SS.
469 4616 718 4689 angelis,
747 4615 1087 4687 sequentias
1113 4615 1183 4669 de
1233 4615 1574 4670 ascensione
1632 4614 1888 4683 Domini,

188 4713 336 4765 Rex
369 4709 733 4779 omnipotens,
767 4709 904 4771 etc.;
945 4708 1022 4759 De
1052 4703 1469 4776 Assumptione
1503 4705 1564 4758 Β.
1604 4703 1886 4776 Virginis,

187 4799 349 4861 Ave,
378 4795 663 4869 prwclaru
692 4795 865 4848 maris
894 4792 1085 4861 Stella,
1111 4797 1246 4852 etc.;
1297 4791 1374 4847 De
1406 4792 1614 4864 spiritu
1647 4797 1885 4847 sancto:

194 4888 374 4954 Veni,
409 4893 600 4942 sancte
632 4884 897 4953 Spiritus,
926 4885 978 4937 et
1026 4883 1212 4936 emitte
1263 4883 1494 4937 mutilus.
1557 4881 1888 4954 Responso—

195 4977 396 5044 rium,
433 4977 634 5032 Simon
671 4973 934 5043 Barjuna,
995 4975 1130 5039 etc.;
1193 4971 1531 5041 sequentias
1589 4974 1883 5042 praeterea,

197 5063 630 5138 responsorias
663 5058 1104 5130 cantilenasque
1134 5057 1419 5129 plurimas
1448 5060 1709 5128 dictavit,
1743 5077 1890 5131 quas

201 5155 370 5211 inter
398 5150 806 5211 celeberrima:
851 5152 910 5203 et
938 5147 1045 5202 toti
1103 5146 1366 5205 Ecclesiae
1400 5149 1573 5205 utiles
1617 5149 1785 5220 juxta
1833 5153 1892 5203 et

197 5251 387 5319 gratae
420 5245 570 5300 sunt
623 5237 1003 5311 antipbo'nae;
1056 5236 1230 5307 Salve,
1276 5243 1488 5309 regina,
1541 5242 1675 5306 etc.;
1732 5238 1892 5293 Alma

195 5334 605 5408 Redemptoris,
634 5333 748 5386 etc.
785 5327 1003 5382 Praeter
1032 5325 1143 5381 ista
1174 5324 1345 5383 etiam
1386 5328 1590 5387 omnia
1645 5326 1889 5382 rhetori-

196 5443 322 5487 eam
355 5431 418 5486 et
447 5421 668 5499 poesin
702 5413 1050 5472 Aristotelis
1079 5429 1147 5468 ex
1175 5413 1369 5489 lingua
1383 5418 1636 5477 Arabica
1659 5416 1716 5471 in
1742 5415 1893 5471 Lati-

197 5537 329 5580 nam
373 5514 588 5584 vertit,
649 5506 970 5578 multaque
1028 5502 1141 5560 alia
1196 5503 1506 5570 innumera
1566 5505 1892 5562 luculenter

525 5645 815 5711 PATBOL.
863 5628 1129 5697 CXLIII.

1997 4528 2268 4595 rotunde,
2287 4528 2473 4600 deque
2495 4526 2736 4582 veritate
2757 4529 2885 4599 ejus
2912 4527 3056 4583 nihil
3081 4528 3368 4584 sollicitus
3390 4530 3642 4594 enarrat,

1997 4622 2235 4688 tamque
2257 4621 2472 4672 certam
2497 4620 2554 4671 et
2576 4621 2771 4671 notam
2797 4617 3112 4683 existimat,
3138 4621 3200 4672 ut
3221 4618 3395 4673 etiam
3415 4616 3646 4672 nullum

2000 4723 2102 4778 pro
2125 4723 2186 4761 se
2209 4721 2394 4776 neque
2415 4710 2824 4777 argumentum
2847 4722 3032 4778 neque
3055 4711 3350 4763 auctorem
3373 4707 3645 4762 adducat.

2003 4795 2162 4849 Unde
2191 4812 2323 4849 vero
2357 4796 2511 4849 hunc
2542 4811 2792 4849 errorem
2854 4795 3134 4861 hauserit,
3194 4795 3336 4850 mihi
3386 4795 3652 4850 nondum

1998 4883 2481 4955 liquet.0ptarem
2500 4899 2633 4938 vero
2657 4889 2721 4938 ut
2744 4884 3057 4956 scriptores
3079 4889 3136 4938 et
3155 4882 3483 4940 historiculi
3506 4881 3652 4937 tales

2001 4989 2129 5044 puze
2162 4971 2270 5026 sibi
2306 4972 2667 5044 incomperta
2701 4977 2837 5026 sunt
2871 4973 3101 5029 silentio
3130 4971 3507 5044 praeterirent,
3547 4969 3655 5024 nec

2001 5077 2133 5116 cum
2159 5065 2320 5116 tanto
2344 5060 2591 5116 aliorum
2614 5061 2954 5133 przejudicio
2977 5079 3252 5134 magnam
3273 5047 3656 5116 vanihonoris‘

1999 5149 2496 5205 existimationem
2528 5157 2584 5205 et
2610 5152 2764 5222 apud
2797 5152 3035 5223 ignaros
3066 5151 3336 5206 homines
3377 5149 3654 5222 plausum

2003 5238 2249 5293 mercari
2283 5239 2606 5294 studerent.
2639 5243 2827 5305 Quare
2856 5242 3011 5295 enim
3058 5239 3380 5310 primulum
3439 5237 3655 5294 citatus

2000 5327 2251 5399 scriptor
2275 5327 2642 5399 Helpericum
2677 5328 3150 5383 san-Gallensem
3202 5329 3282 5382 ait
3336 5327 3656 5384 Hermanni

2000 5415 2182 5471 fuisse
2213 5417 2591 5488 magistrum,
2622 5413 2781 5470 nullo
2831 5415 3198 5488 antiquitatis
3251 5416 3428 5472 allato
3481 5433 3654 5490 argu-

2002 5503 2245 5563 mento?
2277 5505 2424 5562 Nam
2447 5503 2555 5560 hoc
2574 5502 2770 5562 elicuit
2790 5521 2858 5562 ex
2879 5505 3112 5580 scriptis
3134 5504 3432 5583 aliquibus
3454 5506 3658 5584 Helpe-

3300 5636 3327 5697 1
