4026 6228
412 357 483 449 μ
1185 352 1677 418 HERMANNUS
1720 355 2230 421 CONTRACTUS
2277 357 2627 419 MONACH.
2677 356 3049 420 AUGIENS.
3749 361 3829 422 12

412 486 539 554 rici,
571 489 671 542 aut
702 484 889 557 ipsius
920 485 1258 556 Hermanni,
1293 491 1394 543 aut
1424 503 1491 543 ex
1522 488 1810 560 scriptura
1838 487 1951 543 alia
1967 504 2060 543 ve-
2091 487 2145 556 Α
2176 487 2373 560 igitur,
2408 490 2565 560 quod
2599 488 2938 547 meminisse
2969 491 3158 561 potest
3185 487 3383 556 lector,
3408 506 3588 562 supra
3617 488 3829 563 proba-

412 576 521 631 teri
560 579 617 631 et
674 573 1046 630 authentica?
1096 575 1399 644 Ostendat,
1449 576 1497 631 si
1554 576 1708 647 quod
1761 576 2052 647 ejusmodi

410 663 709 737 reperit,et
736 663 995 719 veritatis
1025 665 1255 721 radium
1287 665 1456 721 nobis
1486 683 1601 721 non
1633 664 1978 729 invideat,ut
1998 669 2055 720 et

409 751 544 826 ipsi,
577 752 734 826 quod
763 768 997 825 equum
1028 758 1138 820 est,
1163 755 1504 821 credamus;
1540 754 1591 810 si
1620 757 1838 819 autem,
1898 753 2052 824 quod

407 840 825 908 autumo,nihil
855 840 968 899 tale
1000 842 1237 912 invenit,
1271 842 1411 915 quid
1444 846 1560 897 tam
1594 842 1870 896 audacter
1901 842 2055 913 quod

408 930 594 988 nescit
649 931 949 988 afﬁrmat?
1004 933 1112 988 Sed
1174 931 1313 1003 quid
1369 929 1640 986 acerbius
1672 930 1730 985 in
1756 930 2056 986 hominem

410 1019 671 1087 invehor,
706 1036 880 1092 quem
904 1019 1112 1090 opinor
1130 1035 1323 1075 errore
1345 1035 1450 1074 suo
1486 1018 1629 1073 nihil
1652 1017 1819 1074 nobis
1840 1018 2059 1074 incom-

410 1108 918 1176 modaturum,sed
942 1106 1312 1178 profuturum
1334 1106 1752 1179 plurimumYSi
1776 1108 1930 1161 enim
1953 1123 2058 1179 ego

410 1197 811 1255 demonstrare
844 1194 1211 1266 Helpericum
1242 1195 1412 1267 longe
1444 1199 1754 1267 antequam
1790 1196 2065 1252 Herman-

413 1300 525 1340 nus
556 1285 614 1338 in
644 1284 833 1339 lucem
866 1289 1039 1338 natus
1068 1284 1162 1349 sit,
1198 1289 1445 1339 mortem
1504 1284 1739 1350 obiisse,
1796 1283 2058 1357 nunquid

413 1390 527 1428 non
559 1373 824 1428 concidet
875 1377 1062 1428 totum
1093 1373 1219 1443 ejus
1250 1374 1746 1428 fundamentum?
1806 1375 1871 1428 Et
1926 1389 2059 1427 eum

408 1462 621 1518 falsum
651 1478 745 1517 ess
762 1462 1113 1535 eprobavero
1146 1462 1541 1518 llermannum
1577 1462 1861 1533 llelperici
1885 1462 2060 1517 disci-

410 1550 615 1623 pulum
649 1550 848 1618 fuisse,
882 1567 1076 1606 annon
1129 1551 1467 1624 languescet
1517 1568 1773 1622 quoque,
1832 1551 1881 1606 si
1943 1568 2058 1605 non

409 1640 833 1712 exstinguatur,
867 1638 1083 1711 opinio,
1107 1640 1258 1711 quod
1294 1643 1462 1710 putat
1493 1639 1889 1695 Hermannum
1922 1639 1981 1694 in
2003 1640 2061 1695 S.

410 1727 558 1784 Galli
588 1727 851 1783 coenobio
882 1727 1238 1783 monachum
1265 1728 1486 1783 fuisse?
1515 1727 1599 1783 ita
1630 1728 1885 1800 profecto
1926 1745 2063 1783 con-

408 1810 596 1889 tinget
620 1834 634 1873 ε
669 1832 784 1888 quo
815 1816 973 1872 enim
999 1814 1261 1889 fragilior
1290 1817 1697 1888 inﬁrmiorque
1726 1816 1928 1872 isthaac
1948 1815 2065 1888 opi-

408 1903 506 1960 nio
535 1903 761 1959 reddita
790 1904 986 1973 fuerit,
1020 1919 1087 1960 eo
1117 1908 1319 1960 nostra
1352 1904 1552 1960 fortior
1582 1905 1908 1977 certiorque
1935 1922 2066 1961 eva-

410 1992 526 2048 det.
560 1991 863 2065 Siquidem
882 2009 1018 2047 cum
1037 1991 1253 2048 falsum
1276 1994 1613 2064 apparuerit
1659 1994 2064 2048 Hermannum

412 2079 714 2154 Helperico
736 2081 794 2137 in
818 2081 1017 2137 schola
1036 2081 1437 2137 San-Gallensi
1469 2082 1845 2145 successisse,
1872 2083 2069 2136 minus

414 2170 549 2227 dein
579 2170 756 2227 etiam
786 2187 988 2227 verum
1021 2170 1498 2243 apparebitillum
1530 2170 1587 2225 in
1607 2171 1664 2225 S.
1691 2170 1839 2226 Galli
1865 2188 2065 2225 mona-

415 2259 591 2317 sterio
637 2261 987 2317 ccenobitam
1046 2260 1247 2316 fuisse.
1310 2258 1382 2313 Ut
1435 2275 1570 2331 ergo
1629 2276 1881 2315 errorem
1916 2259 2071 2314 hunc

414 2347 588 2406 citius
617 2347 1551 2421 deprehendamus,necessarium
1573 2352 1663 2403 est
1682 2346 2071 2419 pervestigare

414 2438 579 2511 prius
604 2453 721 2509 quo
750 2454 868 2492 (evo
899 2440 1164 2508 uterque,
1185 2441 1304 2492 tam
1337 2436 1677 2508 Helpericus
1693 2453 1871 2508 quam
1895 2436 2070 2492 etiam

414 2526 814 2591 Hermannus,
846 2524 1125 2581 ﬂoruerit.
1158 2524 1238 2581 De
1268 2524 1553 2597 Helperici
1613 2524 1850 2596 quidem
1908 2528 2073 2580 astate

415 2611 564 2671 nihil
593 2614 808 2670 certius
840 2630 1083 2686 possum
1113 2613 1365 2670 scribere
1395 2630 1572 2685 quam
1605 2614 1755 2684 quod
1789 2612 2071 2668 San-Gal-

416 2702 610 2760 lenses
635 2702 749 2776 ipsi
781 2703 1093 2774 scriptores
1140 2703 1403 2772 tradunt,
1449 2702 1699 2757 maxime
1746 2718 1877 2757 vero
1910 2702 1974 2756 R.
2008 2702 2071 2756 Ρ.

417 2793 673 2849 Jodocus
720 2791 1022 2862 Mezlerus,
1077 2791 1497 2864 antiquitatum
1557 2791 1649 2846 sui
1720 2790 2063 2847 monasterii

421 2881 673 2954 scriptor
701 2885 758 2937 et
786 2879 1113 2936 illustrator
1128 2880 1418 2953 egregius,
1453 2880 1549 2952 qui
1578 2880 1636 2934 in
1664 2878 1814 2935 libro
1841 2885 1915 2935 De
1937 2879 2077 2936 viris

421 2969 757 3035 illustribus
790 2969 1128 3026 monasterii
1156 2969 1215 3024 Β.
1249 2968 1418 3040 Galli,
1468 2969 1568 3024 ubi
1627 2968 1696 3024 de
1753 2969 2076 3025 Walafrido

434 3058 645 3116 Strabo
671 3062 905 3127 tractat,
940 3058 1024 3113 sic
1051 3057 1168 3113 ait:
1199 3059 1417 3114 Nostros
1446 3062 1593 3113 certe
1621 3062 1810 3113 Patres
1831 3058 2076 3130 Helperi-

425 3165 551 3204 cum
596 3154 649 3204 et
703 3147 1133 3206 Werembertum
1160 3148 1333 3218 fuisse
1378 3146 1671 3218 discipulos
1698 3146 1937 3218 ejusdem
1974 3148 2076 3202 Ra-

2162 577 2276 632 veri
2288 594 2418 633 mus
2442 578 2808 650 Helpericum
2833 582 3036 633 natum
3051 577 3206 634 circa
3219 595 3439 634 annum
3452 579 3667 635 Christi
3683 581 3817 649 827,

2164 671 2444 737 sequetur
2474 665 2642 722 illum
2675 666 2830 722 ultra
2856 668 2962 721 200
2989 683 3176 723 annos
3200 667 3380 722 vitam
3403 684 3571 724 suam
3604 669 3824 740 produ-

2163 755 2338 821 xisse,
2377 759 2439 809 ut
2470 756 2597 827 jam
2654 750 2965 812 Germania
2993 755 3170 811 etiam
3222 773 3437 812 novum
3487 773 3549 813 se
3608 756 3830 815 habere

2164 843 2409 898 Nestora
2437 842 2675 915 gloriari
2706 844 2911 916 possit,
2944 859 3133 915 neque
3159 860 3335 900 suum
3356 845 3584 901 Graeciae
3608 845 3832 902 invide-

2165 949 2227 987 re
2257 932 2485 987 debeat.

2240 1020 2305 1074 Et
2334 1019 2467 1076 licet
2498 1037 2648 1092 smpe
2692 1021 2906 1075 citatus
2946 1020 3196 1092 scriptor
3248 1025 3479 1077 tetatem
3535 1021 3829 1094 Hilperico

2168 1108 2311 1163 satis
2340 1107 2573 1181 longam
2597 1109 2898 1176 attribuat,
2922 1108 3192 1180 dicatque
3212 1109 3376 1165 illum
3406 1111 3479 1165 ad
3503 1113 3829 1183 nonagesi-

2170 1212 2332 1251 mum
2364 1196 2678 1267 scptimum
2710 1213 2897 1269 usque
2929 1214 3149 1251 annum
3180 1199 3534 1268 pervenisse,
3559 1203 3625 1253 ut
3646 1199 3827 1268 forte,

2170 1286 2324 1356 quod
2358 1287 2428 1339 de
2463 1285 2774 1340 Hermanni
2800 1286 2908 1341 sub
2937 1285 3234 1357 He‘lperico
3257 1286 3609 1359 discipulatu
3638 1288 3828 1355 ﬁnxit,

2170 1391 2302 1428 vero
2335 1374 2589 1429 similius
2621 1382 2894 1447 appareat
2922 1393 2934 1441 ;
2962 1392 3073 1429 non
3108 1380 3300 1430 tamen
3347 1377 3490 1431 satis
3522 1377 3705 1430 finxit.
3766 1377 3831 1432 Si

2173 1463 2328 1517 enim
2362 1464 2486 1517 vult
2509 1469 2572 1517 ut
2594 1463 2862 1518 fabulosa
2889 1465 3019 1534 ejus
3040 1464 3235 1535 opinio
3258 1465 3563 1533 subsistat,
3587 1481 3831 1522 necesse

2172 1558 2259 1606 est
2292 1557 2353 1604 ut
2385 1553 2451 1606 ad
2493 1553 2807 1623 nonaginta
2840 1570 2938 1607 sex
2969 1570 3155 1608 annos
3182 1564 3414 1608 centum
3446 1559 3505 1609 et
3540 1558 3832 1626 quatuor-

2173 1641 2357 1695 decim
2392 1640 2535 1695 alios
2566 1641 2821 1712 adjiciat.
2864 1642 3233 1714 Perpendant
3262 1657 3399 1714 ergo
3455 1642 3514 1697 in
3576 1647 3831 1714 quantos

2175 1745 2399 1783 errores
2431 1729 2731 1785 contrariae
2763 1729 3055 1801 opinionis
3078 1734 3344 1786 auctores
3366 1729 3660 1799 labantur,
3684 1731 3830 1788 dum

2176 1835 2352 1889 quam
2385 1817 2563 1874 semel
2616 1817 2688 1872 de
2746 1817 3062 1872 Hermanni
3104 1817 3481 1889 professione
3529 1819 3833 1892 arripuere

2181 1906 2555 1973 sententiam,
2591 1905 2886 1961 mordicus
2917 1906 3321 1962 connituntur.
3355 1907 3555 1979 Neque
3610 1908 3829 1963 verosi-

2180 1995 2317 2049 mile
2343 1994 2602 2065 estquod
2618 1993 2830 2065 aliquis
2851 1994 3078 2065 opinari
3098 1999 3312 2066 posset,
3331 1994 3511 2050 fuisse
3524 1994 3831 2052 forteduos

2181 2083 2512 2154 Helpericos
2543 2082 2694 2153 apud
2730 2083 2787 2136 S.
2824 2082 3076 2149 Gallum,
3110 2099 3359 2154 quorum
3391 2099 3546 2138 unus
3568 2083 3679 2139 sub
3718 2084 3830 2139 Ra-

2182 2172 2648 2237 bano,altercum
2673 2172 2837 2226 Herm
2848 2188 2999 2225 anno
3019 2172 3534 2245 ﬂorueritejusque
3549 2173 3832 2244 magister

2180 2277 2307 2316 esse
2336 2260 2606 2333 potuerit.
2637 2259 2774 2314 Dico
2796 2259 2950 2315 enim
2976 2276 3067 2314 me
3088 2261 3382 2316 neminem
3405 2261 3594 2317 adhuc
3615 2260 3832 2334 legisse

2182 2349 2282 2421 qui
2294 2349 2442 2403 duos
2454 2347 2701 2419 hujusce
2716 2348 2972 2403 nominis
2987 2348 3252 2404 doctores
3275 2347 3833 2407 faciat.Trithemius

2182 2438 2376 2503 etiam,
2420 2439 2589 2507 cujus
2619 2437 2691 2491 ab
2723 2436 3072 2492 adversariis
3102 2437 3248 2493 ﬁdes
3277 2436 3371 2492 hic
3395 2436 3684 2510 miropere
3728 2454 3830 2494 ex-

2184 2524 2425 2588 tollitur,
2461 2542 2646 2580 unum
2698 2523 3068 2580 solummodo
3117 2523 3484 2596 Helpericum
3543 2525 3838 2592 nominat,

2185 2630 2357 2686 quem
2392 2612 2738 2684 plerumque
2768 2613 3098 2669 Hermanno
3120 2617 3285 2668 estate
3314 2612 3453 2668 facit
3481 2630 3705 2685 parem,
3739 2620 3847 2670 aut

2183 2702 2358 2759 etiam
2391 2718 2701 2772 suppurem
2730 2706 2787 2756 et
2803 2700 3451 2773 juniorem,praasertim
3473 2703 3532 2757 in
3557 2700 3837 2775 Catalogo

2186 2792 2256 2847 de
2287 2790 2672 2862 scriptoribus
2696 2788 3127 2856 ecclesiasticis,
3161 2805 3338 2861 quem
3366 2795 3502 2863 post
3532 2789 3716 2847 libros
3747 2790 3831 2847 De

2188 2879 2329 2935 viris
2360 2877 2691 2934 illustribus
2722 2878 2942 2933 ordinis
2973 2877 3159 2934 nostri
3189 2877 3443 2950 scripsit.
3470 2877 3553 2934 lbi
3573 2878 3730 2934 enim
3757 2879 3844 2936 ait

2189 2968 2587 3024 Hermannum
2603 2966 2815 3023 vixisse
2837 2966 2946 3022 sub
2970 2966 3216 3023 Henrico
3239 2967 3519 3040 llimpera
3535 2972 3677 3035 tore,
3690 2968 3852 3024 circa

2188 3072 2408 3112 annum
2442 3056 2673 3111 Domini
2708 3056 2872 3123 1040;
2905 3055 3273 3127 Helpericum
3290 3072 3424 3111 vero
3444 3057 3843 3112 circaannum

2192 3147 2348 3215 1069,
2380 3145 2489 3201 sub
2522 3144 2766 3200 Henrico
2800 3144 2877 3199 ΙΙΙ
2908 3143 3277 3217 imperatore.
3313 3145 3458 3201 Ecce
3489 3160 3626 3216 ergo
3685 3146 3845 3217 quod

428 3238 558 3293 bani
584 3238 805 3304 scimus,
836 3240 945 3292 etc.
980 3235 1039 3292 Si
1069 3251 1205 3315 ergo
1227 3217 1563 3307 Helpericus
1613 3234 1939 3308 discipulus
1967 3236 2076 3291 Ra-
2106 3217 2149 3285 Ε
2190 3250 2376 3306 neque
2406 3232 2729 3288 secundum
2759 3231 3065 3287 Trithemii
3096 3230 3432 3304 opinionem
3488 3233 3689 3304 (quam
3722 3233 3842 3305 ipsi

425 3325 565 3383 bani
594 3326 724 3393 fuit,
758 3341 995 3382 necesse
1024 3328 1116 3380 est
1145 3324 1327 3380 fuisse
1351 3329 1486 3380 ante
1518 3341 1738 3379 annum
1777 3326 1902 3394 847,
1960 3341 2075 3397 quo

427 3414 736 3471 Rabanum
757 3412 1150 3470 archidimcesi
1182 3412 1517 3485 praefectum
1550 3428 1678 3469 esse
1709 3414 1918 3469 docent
1937 3414 2079 3469 Con-

424 3507 647 3560 tractus
674 3502 735 3559 in
766 3502 1074 3569 Chronico,
1108 3501 1394 3558 Baronius
1442 3501 1651 3557 Annal.
1684 3508 1825 3557 tom.
1885 3503 1953 3569 X,
2004 3502 2077 3557 ad

425 3593 770 3665 praedictum
800 3590 1017 3649 Christi
1046 3607 1292 3647 annum.
1326 3590 1471 3645 Hinc
1492 3607 1623 3646 vero
1647 3590 1896 3647 ulterius
1919 3589 2077 3646 colli-

426 3697 560 3754 gere
588 3680 726 3738 licet
746 3680 834 3737 Hi1
843 3680 1103 3753 pericum
1126 3683 1331 3735 natum
1355 3678 1537 3735 fuisse
1558 3684 1693 3735 ante
1714 3695 1933 3735 annum
1951 3680 2077 3747 828,

429 3786 565 3827 cum
596 3769 895 3844 probabile
916 3769 1012 3836 sit,
1034 3768 1269 3842 quando
1290 3767 1429 3823 Fuld
1440 3785 1534 3824 am
1556 3785 1585 3824 e
1605 3772 1661 3823 S.
1679 3766 2077 3824 Gallostudio-

429 3876 561 3917 rum
590 3876 770 3916 causa
801 3859 1019 3915 missus
1050 3860 1156 3923 est,
1191 3858 1261 3912 ad
1294 3857 1609 3911 minimum
1662 3855 2079 3929 septemdecim

430 3966 719 4007 annorum
752 3948 955 4015 fuisse,
982 3949 1039 4003 et
1068 3946 1299 4002 duobus
1330 3950 1431 4001 aut
1461 3946 1651 4000 tribus
1673 3943 2081 4001 circiterannis

430 4039 649 4095 ibidem
683 4038 990 4094 Rabanum
1021 4050 1220 4091 sacras
1249 4034 1474 4090 litteras
1503 4037 1887 4107 exponentem
1912 4033 2078 4088 audi-

430 4128 612 4197 visse,
626 4127 806 4201 quod,
831 4131 896 4183 ut
916 4125 1083 4194 dixit,
1107 4128 1240 4181 ante
1272 4140 1493 4179 annum
1516 4124 1620 4179 847
1640 4121 1895 4194 oportuit
1936 4121 2080 4177 ﬁeri.

428 4217 576 4274 Nam
606 4215 882 4274 credibile
913 4232 1028 4272 non
1060 4218 1149 4272 est
1181 4214 1507 4281 Rabanum,
1531 4212 1659 4283 jam
1691 4210 2079 4282 archiepisco-

414 4323 570 4379 pum
600 4304 1085 4379 gravissimisque
1114 4302 1276 4359 curis
1305 4302 1657 4369 distentum,
1692 4298 1922 4355 scholas
1978 4299 2081 4355 ha-

424 4394 646 4450 buisse.
670 4394 788 4450 Hoc
813 4410 950 4466 ergo
966 4392 1145 4449 veluti
1170 4391 1550 4447 fundamento
1573 4387 1896 4461 supposito,
1924 4387 2079 4444 vide-

424 4482 623 4539 bimus
637 4486 913 4556 praaterea
925 4498 1039 4554 quo
1055 4485 1318 4553 tempore
1332 4476 1747 4551 Hclpericus,si
1765 4476 2082 4532 Hermanni

2184 3321 2329 3377 alias
2342 3322 2413 3378 de
2434 3319 2748 3377 Hermanni
2766 3319 3113 3376 monachatu
3129 3318 3380 3375 libenter
3392 3324 3454 3375 ut
3468 3319 3844 3377 verissimam

2183 3410 2660 3482 amplectuntur),
2698 3409 2992 3481 Helperico
3015 3408 3111 3464 ille
3126 3408 3185 3463 in
3208 3408 3843 3465 scholaSan-Gallensi

2184 3517 2251 3555 su
2264 3497 2467 3554 bstitui
2502 3496 2769 3570 potuerit.
2795 3497 2907 3552 Sed
2935 3495 3075 3567 quid
3098 3496 3230 3552 istis
3245 3497 3684 3569 figmentisjam
3714 3499 3836 3554 suf-

2187 3588 2449 3643 ﬁcienter
2479 3584 2825 3657 improbatis
2858 3583 3082 3640 diutius
3139 3585 3471 3640 immorer?
3512 3585 3840 3643 Prodamus

2186 3674 2505 3748 aliquando
2517 3674 2641 3746 jam
2668 3689 2772 3729 nos
2792 3688 2973 3744 quare
2994 3671 3161 3728 nobis
3187 3673 3499 3730 Hermanni
3522 3674 3844 3732 monacha-

2190 3769 2315 3820 tum
2335 3763 2788 3829 ascribamus,et
2803 3778 2909 3817 cur
2925 3760 3438 3818 San-Gallensibus
3456 3763 3841 3836 abnegemus.

2188 3853 2350 3917 Quod
2390 3852 2463 3908 ad
2492 3868 2598 3907 nos
2628 3853 2869 3923 spectat,
2900 3849 3153 3906 dicimus
3182 3849 3463 3907 solidiora
3486 3858 3838 3925 argumenta

2189 3943 2261 3998 ad
2293 3942 2421 4013 ejus
2439 3940 2860 4014 professionem
2884 3939 2941 3994 in
2964 3939 3150 4012 Augia
3169 3940 3447 3996 emissam
3469 3940 3838 4011 probandam

2188 4046 2304 4086 non
2336 4045 2507 4102 posse
2554 4027 2795 4101 produci
2828 4044 3004 4099 quam
3040 4045 3166 4100 quae
3206 4028 3490 4084 hactenus
3546 4028 3846 4087 Arnoldus

2188 4118 2361 4175 Wion
2418 4122 2475 4173 et
2529 4115 2915 4184 Christianus,
2968 4115 3255 4172 Urstisius
3311 4114 3528 4188 aliique
3583 4116 3849 4174 veritatis

2190 4211 2457 4263 amantes
2487 4221 2555 4261 ex
2610 4205 2840 4278 ipsonet
2888 4206 3217 4261 Hermanno
3268 4205 3582 4278 protulere,
3643 4205 3849 4278 qualia

2190 4301 2331 4354 sunt
2362 4313 2487 4368 quae
2519 4294 2697 4351 habet
2713 4294 2770 4349 in
2793 4294 3078 4351 Chronico
3099 4295 3170 4351 ad
3193 4311 3417 4350 annum
3439 4294 3655 4351 Christi
3679 4295 3846 4366 1048,

2191 4386 2291 4442 ubi
2323 4386 2405 4442 sic
2437 4384 2615 4441 dicit:
2647 4385 2947 4457 Imperator
2974 4383 3284 4456 (Henricus
3307 4384 3378 4451 Il)
3401 4385 3721 4455 Ratispona,
3748 4384 3849 4441 ubi

2188 4475 2401 4533 Pascha
2428 4477 2555 4546 egit,
2587 4474 2881 4545 digressus,
2913 4473 3299 4528 Alcmanniam
3326 4474 3541 4544 repetit,
3575 4480 3626 4528 et
3646 4474 3704 4528 in
3734 4473 3848 4529 Au-

427 4569 710 4643 magister
737 4570 866 4639 fuit,
899 4570 1104 4625 docere
1133 4565 1418 4624 debuerit.
1448 4565 1738 4637 Imprimis
1767 4565 1925 4621 enim
1958 4567 2082 4638 ipse
2109 4585 2158 4651 D
2187 4568 2339 4636 giam
2367 4567 2609 4620 nostram
2638 4564 2911 4633 ingressus
2941 4565 3125 4617 octavo
3166 4561 3286 4651 Kal.
3333 4560 3483 4629 Maii,
3532 4576 3732 4651 novam
3785 4560 3845 4617 S.

427 4659 800 4716 Hermannus
821 4659 880 4713 in
906 4656 1189 4715 Chronico
1209 4654 1415 4711 scribit
1431 4671 1492 4710 se
1522 4657 1725 4709 natum
1743 4670 1895 4710 anno
1956 4658 2081 4725 013,

429 4748 641 4806 litteris
666 4764 802 4804 vero
832 4752 1176 4820 septennem
1221 4743 1503 4800 traditum
1534 4760 1686 4799 anno
1721 4744 1876 4798 1020.
1930 4745 2080 4817 Ergo

430 4841 566 4913 post
586 4854 809 4894 annum
824 4837 928 4892 102
949 4834 1139 4892 adhuc
1158 4832 1299 4889 vixit
1319 4831 1808 4905 Helpericus,imo
1832 4832 2081 4906 diutius,

432 4927 905 5003 quandoquidem
926 4942 960 4981 a
979 4924 1256 4998 praadicto
1279 4922 1559 4994 scriptore
1575 4921 2081 4978 diciturHerman-

432 5035 546 5076 nus
577 5018 638 5073 in
669 5013 870 5073 schola
925 5014 983 5070 S.
1018 5011 1167 5069 Galli
1215 5011 1513 5084 Helperico
1569 5015 2079 5080 succenturietus;

434 5121 622 5178 neque
642 5104 800 5162 enim
822 5101 1210 5168 Hermannus,
1231 5100 1530 5172 septennis
1551 5099 1741 5155 adhuc
1758 5116 1904 5171 puer
1917 5115 2081 5173 gym-

431 5194 597 5250 nasio
627 5194 818 5248 eidem
850 5191 1052 5264 praefui
1084 5189 1295 5262 potuit,
1329 5189 1428 5244 sed
1463 5204 1596 5243 cum
1621 5188 1747 5258 jam
1776 5188 2087 5260 prudentia

429 5281 670 5349 valeret,
687 5284 744 5336 et
764 5284 1032 5336 maturus
1054 5278 1198 5336 satis
1221 5282 1393 5343 esset,
1411 5277 1563 5349 quod
1589 5280 1722 5332 ante
1738 5276 2083 5332 vicesimum

430 5374 705 5444 quartum
720 5369 909 5426 atatis
930 5386 1147 5426 annum
1170 5368 1262 5423 vix
1276 5366 1590 5439 contigisse
1603 5365 1957 5421 credendum
1971 5369 2080 5421 est.

428 5461 487 5516 Si
517 5459 726 5515 demus
754 5474 890 5531 ergo
914 5458 1246 5516 Hermanno
1274 5456 1344 5510 24
1376 5470 1563 5511 annos
1576 5457 1894 5524 antequam
1926 5451 2078 5508 ludi-

430 5547 713 5622 magister
740 5547 1178 5607 San-Gallensis
1209 5543 1569 5602 constitutus
1599 5541 1694 5609 sit,
1720 5541 2079 5612 reperiemus

426 5635 538 5699 hoc
559 5651 675 5693 non
697 5636 953 5713 potuisse
966 5639 1090 5698 ﬂeri
1115 5639 1252 5695 ante
1274 5646 1496 5691 annum
1518 5628 1735 5690 Christi
1758 5628 1914 5689 1037.
1934 5630 2078 5693 Cum

2194 4655 2364 4712 Marci
2390 4653 2729 4723 evangelista:
2746 4652 2971 4723 patroni
2989 4652 3168 4706 nostri
3197 4650 3509 4716 basilicam,
3542 4667 3579 4705 a
3617 4650 3850 4707 Domino

2189 4746 2437 4801 Bernone
2464 4741 2654 4797 abbate
2680 4747 3059 4805 constructam,
3100 4753 3157 4793 se
3194 4747 3472 4809 prasente
3520 4757 3556 4794 a
3614 4739 3846 4796 Theodo-

2190 4834 2304 4889 rz‘co
2337 4830 2742 4887 Constantiensi
2770 4830 3015 4899 episcopo
3043 4825 3287 4883 dedicari
3312 4830 3460 4900 fecit,
3509 4835 3562 4885 et
3603 4827 3848 4901 ejusdem

2189 4923 2365 4978 sancti
2382 4924 2517 4991 [esto
2566 4917 2710 4990 apud
2739 4933 2836 4973 nos
2884 4924 3019 4985 octo,
3050 4916 3429 4974 Ascensionem
3458 4918 3681 4974 Domini
3740 4918 3846 4973 Tu-

2192 5012 2326 5082 regi,
2360 5010 2720 5063 Pentecostem
2747 5004 3010 5062 Soloduro
3039 5005 3344 5072 celebravit,
3395 5012 3510 5063 etc.
3552 5007 3844 5063 Hactenus

2194 5100 2581 5167 llermannus,
2614 5111 2790 5167 quem
2823 5093 3013 5150 fusius
3044 5094 3115 5150 de
3141 5095 3329 5167 Augia
3349 5095 3844 5151 sermocinantem

2194 5204 2261 5243 eo
2284 5185 2561 5242 libentius
2594 5182 2949 5251 audivimus,
2982 5199 3097 5256 quo
3128 5184 3325 5255 majus
3365 5183 3460 5237 hic
3491 5182 3664 5238 nobis
3722 5200 3847 5240 suae

2191 5273 2573 5348 professionis
2602 5271 2796 5328 locum
2819 5271 3150 5329 inveniendi
3180 5270 3377 5326 lumen
3409 5269 3673 5341 praebuit.
3697 5271 3847 5327 Tam

2192 5364 2518 5420 luculenter
2546 5361 2702 5417 enim
2733 5360 2828 5416 hic
2859 5361 3117 5433 scripsit,
3149 5363 3215 5416 ut
3243 5374 3312 5415 ea
3355 5375 3480 5431 quae
3533 5356 3845 5416 attulimus

2190 5470 2306 5508 non
2338 5452 2637 5523 indigeant
2658 5448 2876 5505 nostris
2906 5448 3143 5505 scholiis
3172 5445 3848 5520 illustrari,clarioraque

2191 5541 2311 5597 sint
2341 5556 2519 5614 quam
2540 5542 2606 5594 ut
2626 5536 2745 5593 ullo
2766 5535 3205 5606 aliointerprete
3221 5553 3370 5608 opus
3394 5537 3669 5593 habeant.
3694 5537 3844 5604 Quid

2186 5630 2346 5692 enim
2377 5625 2713 5706 expressius
2731 5623 2924 5683 dicere
2939 5621 3253 5698 potuisset,
3278 5639 3395 5703 quo
3412 5640 3475 5684 se
3490 5625 3844 5702 Augiensem
