4026 6228
250 289 346 355 13

1703 296 2314 357 PRULOGOMENA.
3633 296 3713 360 ﬂ

272 429 606 493 assereret,
641 442 833 496 quam
869 426 1096 498 quando
1141 425 1323 483 dixit:
1379 429 1674 499 Imperator
1723 428 1953 497 Augiam
1982 426 2035 493 Α
2065 427 2135 481 de
2167 444 2311 482 novo
2345 427 2637 499 professos
2667 444 2816 493 esse,
2850 444 2964 483 non
2998 431 3193 482 tamen
3225 426 3354 482 ideo
3385 441 3517 482 mox
3546 442 3708 483 asse-

281 519 539 572 ποθεν-ατη
564 516 873 586 ingressus,
907 514 961 569 S.
988 516 1156 570 Marci
1178 518 1401 587 patroni
1448 518 1619 571 nostri
1667 517 1956 571 basilicam

288 604 551 684 dedicati
566 605 720 675 fecit.
753 605 971 660 Festum
1011 604 1066 658 S.
1119 604 1287 659 Marci
1334 607 1395 660 in
1444 606 1620 675 Augia
1666 604 1819 675 apud
1864 620 1961 660 nos

294 694 450 765 egit?
479 692 735 748 Rectene
768 691 1235 759 San-Gallenses,
1270 693 1410 748 dum
1462 709 1699 748 narrare
1746 691 1962 748 vellent

295 781 716 853 imperatorem
754 779 815 835 in
834 780 1026 852 Augia
1047 780 1261 836 festum
1287 781 1346 837 S.
1373 781 1551 837 Marci
1573 780 1958 854 evangelista,

300 871 433 942 ejus
461 868 574 925 loci
609 868 863 941 patroni,
894 868 1244 936 celebrasse,
1298 870 1592 926 dicerent:
1638 870 1963 942 Imperator

302 958 462 1029 apud
496 974 605 1013 nos
637 958 855 1013 festum
888 957 947 1013 S.
982 957 1162 1013 Marci
1194 957 1423 1029 patroni
1459 958 1642 1015 nostri
1693 956 1961 1029 peregit?

297 1047 361 1103 Si
394 1047 555 1103 enim
589 1046 672 1101 ita
702 1045 980 1112 dicerent,
1003 1045 1159 1117 quis,
1179 1046 1569 1111 obsecro,non
1601 1047 1963 1103 existimaret

290 1135 716 1207 imperatorem
747 1135 962 1190 festum
994 1134 1052 1189 S.
1079 1134 1259 1190 Marci
1291 1136 1444 1208 apud
1478 1142 1532 1190 S.
1554 1134 1784 1191 Gallum
1809 1134 1957 1191 cele-

292 1224 532 1289 brasse,
557 1240 689 1279 cum
723 1228 960 1280 econtra
976 1223 1348 1280 Hermannus
1377 1225 1530 1280 dicat
1560 1224 1621 1279 in
1640 1224 1829 1297 Augia
1848 1224 1958 1279 hoc

289 1315 524 1369 factum
553 1312 566 1366 l
599 1312 740 1377 Quis
764 1313 943 1367 etiam
974 1329 1089 1367 non
1124 1312 1257 1368 inde
1288 1312 1585 1385 colligeret
1611 1314 1669 1369 S.
1696 1314 1953 1368 Marcum

290 1400 725 1473 evangelistam
759 1402 913 1473 apud
948 1400 1403 1457 San-Gallenses
1452 1419 1580 1469 esse
1619 1406 1954 1474 patronum,

289 1491 688 1562 ejusdemque
714 1506 913 1546 sacras
947 1489 1222 1563 reliquias
1255 1492 1327 1546 ab
1360 1491 1433 1547 iis
1461 1491 1746 1547 asservari
1773 1508 1786 1560 ;
1819 1508 1955 1547 cum

290 1584 493 1636 tamen
511 1579 883 1635 Hermannus
906 1579 978 1636 ad
1006 1596 1227 1635 annum
1240 1581 1349 1636 830
1361 1581 1572 1636 referat
1587 1579 1955 1638 solummodo

284 1669 365 1725 ad
399 1668 695 1741 Augiense
725 1668 1148 1723 monasterium
1179 1668 1453 1725 delatas?
1484 1670 1771 1735 Quoniam
1820 1686 1954 1725 vero

285 1756 423 1813 haec
454 1756 668 1853 omnia.
684 1759 821 1811 sunt
845 1756 1013 1855 valde
1042 1757 1300 1860 absurda
1320 1762 1376 1814 et
1405 1775 1439 1814 a
1456 1758 1696 1814 veritate
1717 1758 1953 1816 alienis-
1984 1795 2031 1860 B

284 1845 477 1911 sima,
506 1844 773 1916 sequitur
800 1861 833 1899 a
862 1844 1095 1901 nemine
1126 1843 1241 1901 alio
1273 1845 1429 1902 istud
1478 1846 1805 1903 Chronicon
1857 1863 1952 1919 po-

286 1932 487 1989 tuisse
518 1932 692 1988 scribi
726 1949 903 2006 quam
934 1950 969 1989 ιι
998 1934 1283 1989 monacho
1314 1934 1615 2006 Aegiensi.
1655 1935 1800 1990 Cum
1848 1953 1953 1991 au-

282 2026 416 2078 tem
450 2024 677 2078 constet
691 2022 1092 2079 Hermannum
1124 2022 1302 2094 hujus
1335 2022 1953 2080 Chroniciesseaucto-

282 2128 442 2177 rem,
476 2110 746 2183 sequitur
772 2110 949 2165 etiam
983 2112 1281 2167 evidenter
1308 2110 1476 2167 illum
1530 2112 1709 2167 tuisse
1752 2114 1948 2185 Augiaz

283 2198 675 2256 monachum.
709 2198 1107 2255 Nihilominus
1138 2204 1363 2268 tamen,
1398 2200 1629 2256 etiamsi
1673 2201 1785 2255 ista
1831 2202 1951 2256 sint

282 2289 625 2354 verissima,
658 2286 974 2344 audiamus
1001 2288 1140 2360 quid
1173 2294 1379 2345 contra
1410 2289 1777 2362 respondeat,
1810 2307 1951 2362 qua-

282 2378 549 2450 literque
560 2377 737 2433 verba
748 2395 816 2433 ex
827 2376 1163 2433 Hermanno
1176 2378 1430 2434 adducta
1445 2377 1688 2449 explicet
1702 2378 1765 2433 R.
1782 2378 1840 2433 Ρ.
1856 2379 1948 2435 Jo-

282 2468 480 2522 docus
501 2465 808 2532 Mezlerus,
842 2464 943 2538 qui
973 2482 1099 2538 cap.
1123 2467 1194 2521 26
1214 2466 1317 2521 lib.
1338 2467 1419 2521 De
1448 2465 1588 2522 viris
1619 2466 1946 2523 illustribus

278 2556 350 2611 S.
398 2553 568 2621 Galli,
612 2554 713 2610 ubi
760 2554 832 2610 de
880 2554 1215 2610 Hermanno
1258 2559 1489 2623 tractat,
1537 2555 1619 2610 sic
1666 2555 1941 2611 disserit:

275 2644 692 2701 Allueinantur
736 2659 860 2699 vero
890 2646 987 2715 qui
1029 2646 1228 2715 putant
1271 2645 1644 2699 Hermannum
1693 2645 1749 2699 S.
1803 2644 1946 2700 Galli

276 2732 620 2791 monachum
648 2748 760 2787 non
788 2733 975 2802 fuisse.
1009 2733 1172 2786 Enim
1202 2747 1325 2786 vero
1372 2749 1442 2787 ex
1496 2748 1555 2787 eo
1611 2732 1751 2803 quod
1798 2738 1944 2788 Iler-

278 2838 554 2888 maauus,
572 2837 705 2877 cum
724 2822 963 2889 Augiam
980 2821 1227 2876 nominet
1241 2837 1421 2886 suam,
1445 2844 1471 2870 ‹‹
1497 2822 1672 2891 Augia
1688 2826 1896 2888 nostra,
1915 2845 1943 2870 »

277 2934 313 2961 α
353 2914 661 2982 imperator
686 2911 922 2981 Augiam
948 2913 1194 2965 nostram
1241 2911 1545 2979 ingressus,
1598 2910 1653 2964 S.
1706 2910 1941 2966 Marcum

274 3001 580 3055 nobiscum
606 3001 776 3069 egit,»
804 2998 1190 3069 similibusque
1218 3000 1416 3065 utitur,
1435 3013 1543 3053 non
1568 2999 1695 3070 plus
1723 3000 1947 3055 elicitur

273 3105 458 3161 quam
478 3089 855 3143 Her-manuum
884 3088 947 3143 iu
963 3087 1139 3158 Augia
1162 3103 1223 3142 eo
1252 3102 1357 3158 quo
1387 3089 1675 3172 imperator
1724 3086 1944 3144 advenit

2069 516 2314 571 rendnm
2337 516 2510 572 etiam
2538 516 2936 571 Hermannum
2960 531 3192 587 quoque
3220 519 3278 572 et
3308 514 3454 572 alios
3488 515 3545 571 id
3592 515 3711 572 fac-

2068 603 2292 672 titasse,
2324 622 2457 660 cum
2501 606 2755 660 rationes
2803 621 2908 659 cur
2953 605 3142 660 denuo
3190 605 3299 660 hoc
3348 604 3712 661 affirmemus

2068 692 2293 764 possint
2322 694 2470 757 dari,
2504 710 2605 765 pro
2637 692 2750 748 alio
2783 709 2895 747 non
2926 692 3086 748 item.
3108 694 3217 749 Sed
3243 693 3292 748 si
3314 692 3489 749 etiam
3514 709 3713 750 conce-

2068 783 2340 837 deremus
2353 781 2461 837 hoc
2480 782 2718 848 factum,
2734 781 3120 837 nihilominus
3132 782 3504 839 Hermannus
3521 782 3713 856 magis

2066 871 2138 926 ad
2156 871 2477 943 Augienses
2492 888 2666 942 quam
2689 872 2761 926 ad
2776 870 3217 927 San-Gallenses
3228 871 3563 943 pertineret.
3583 871 3714 928 Cer—

2067 962 2193 1013 tum
2216 967 2302 1012 est
2322 958 2478 1013 enim
2503 957 2690 1025 illum,
2711 958 2759 1013 si
2783 975 2813 1013 e
2833 959 2886 1013 S.
2912 958 3076 1014 Gallo
3101 960 3157 1015 in
3178 959 3429 1031 Augiam
3452 958 3708 1023 transiit.

2066 1047 2264 1118 ibique
2295 1046 2672 1102 stabilitatem
2702 1047 3109 1118 tirmavit,juri
3140 1064 3266 1117 suo,
3288 1047 3441 1118 quod
3465 1048 3537 1103 ad
3559 1047 3707 1103 illud

2066 1137 2487 1191 monasterium
2521 1135 2911 1206 habuit,prius
2931 1136 3712 1209 renuntiasse,vicissimque

2065 1226 2336 1280 abbatem
2369 1224 2844 1280 San-Gallensem
2869 1242 3002 1279 cum
3033 1229 3317 1280 conventu
3341 1225 3613 1280 eumdem
3635 1224 3709 1281 ab

2065 1313 2395 1369 obedientia
2424 1330 2532 1369 sua
2564 1313 2882 1369 absolvisse
2910 1313 3277 1385 liberumque
3307 1312 3624 1369 dimisisse.
3648 1311 3710 1368 Si

2064 1419 2201 1475 ergo
2232 1420 2322 1458 res
2354 1403 2433 1458 ita
2478 1420 2605 1458 sese
2655 1402 2885 1468 habeat,
2936 1418 3038 1457 cur
3082 1400 3555 1470 San-Gallenses,
3606 1401 3707 1474 qui

2064 1491 2463 1547 Hermannum
2488 1496 2623 1547 tunc
2646 1495 2853 1562 sponte
2874 1489 3244 1557 dimiserunt,
3260 1507 3415 1546 nunc
3438 1493 3712 1564 repetunt

2063 1584 2119 1635 et
2147 1581 2216 1635 ad
2240 1598 2303 1636 se
2335 1580 2628 1636 nolentem
2663 1584 2934 1636 revocant
2951 1579 2979 1634 ?
2997 1581 3203 1635 Annon
3227 1580 3511 1635 Mezterus
3533 1578 3709 1653 paulo

2062 1686 2240 1741 supra
2262 1670 2573 1725 concedere
2595 1671 2807 1741 jussus
2837 1672 2925 1725 est
2954 1668 3707 1741 Hermannum,postquam

2063 1758 2119 1812 in
2144 1758 2390 1830 Augiam
2411 1760 2519 1814 eS.
2553 1758 2715 1814 Gallo
2754 1758 3153 1828 transmeavit,
3196 1757 3277 1813 ibi
3324 1756 3705 1814 stabilitatem

2062 1864 2229 1903 suam
2259 1847 2571 1903 firmasse?
2618 1847 2917 1913 Quomodo
2962 1851 3156 1903 autem
3198 1847 3451 1903 revocari
3496 1850 3703 1920 potest,

2061 1935 2159 2007 qui
2180 1935 2451 1991 stabilem
2475 1952 2536 1992 se
2556 1936 2613 1991 in
2644 1936 2828 2006 Augia
2850 1935 3112 1992 futurum
3126 1934 3378 2007 juravit?
3399 1935 3708 1992 Nosterest

2060 2040 2217 2095 ergo,
2250 2029 2306 2079 et
2339 2023 2555 2078 frustra
2576 2028 2706 2096 post
2735 2028 2854 2078 tam
2877 2023 3112 2095 longam
3144 2022 3464 2078 multorum
3485 2027 3707 2095 tempo-

2060 2130 2192 2169 rum
2220 2112 2638 2184 usucapionem
2671 2112 2972 2184 repetitur,
3004 2112 3104 2182 qui
3137 2110 3314 2166 etiam
3346 2114 3555 2182 sponte
3598 2127 3705 2167 sua

2058 2207 2192 2259 ante
2209 2206 2508 2258 sexcentos
2531 2218 2714 2257 annos
2736 2198 3128 2256 indissolubili
3151 2215 3301 2255 nexu
3322 2215 3455 2254 cum
3469 2196 3706 2255 licentia

2057 2308 2290 2363 quoque
2313 2289 2821 2347 San-Gullensium
2847 2288 3044 2361 Augiaa
3074 2304 3136 2344 se
3167 2287 3443 2360 alligavit.
3475 2289 3548 2343 At
3572 2291 3703 2343 tan-

2016 2388 2019 2389 ⁷
2056 2382 2188 2437 dem
2211 2378 2617 2447 Mezlerus,ubi
2647 2394 2838 2450 neque
2862 2378 3180 2434 secundam
3203 2376 3354 2433 hanc
3378 2376 3705 2449 responsio.

2057 2486 2187 2524 nem
2230 2468 2645 2525 animadvertit
2690 2484 2792 2538 pro
2847 2464 3366 2523 San-Gallensibus
3424 2468 3596 2533 stare,
3639 2464 3700 2521 in

2055 2575 2183 2613 eam
2205 2558 2455 2628 denique
2472 2555 2805 2626 opinionem
2825 2554 3101 2611 inductus
3123 2558 3231 2622 est,
3247 2557 3312 2609 ut
3332 2554 3550 2610 diceret
3566 2553 3702 2609 Her-

2056 2663 2338 2702 mannum
2372 2646 2431 2700 in
2471 2644 2656 2717 Augia
2710 2645 2971 2716 quidem,
3027 2644 3262 2716 quando
3312 2644 3396 2699 ita
3439 2643 3698 2716 scripsit,

2055 2736 2256 2803 fuisse,
2276 2735 2536 2807 potuisse
2553 2737 2745 2789 tamen
2784 2734 2854 2789 ad
2887 2734 2945 2788 S.
2970 2732 3199 2789 Gallum
3233 2731 3442 2803 redire,
3473 2735 3700 2788 consta-

2053 2841 2229 2897 reque
2250 2842 2317 2880 ex
2358 2822 2674 2879 Tritliemio
2724 2823 3041 2878 monachos
3097 2821 3238 2879 olim
3287 2838 3392 2894 pro
3438 2819 3701 2893 pleniore

2052 2914 2295 2971 scientia
2311 2911 2681 2984 assequenda
2712 2911 2781 2966 ad
2814 2911 3043 2967 diversa
3073 2909 3429 2966 monasteria
3458 2908 3695 2979 missos;

2051 3019 2304 3074 cumque
2332 3000 2442 3057 hoc
2472 3001 2542 3055 de
2568 2999 2875 3072 discipulis
2906 3000 2982 3055 sit
3002 3002 3248 3067 certum,
3281 2999 3352 3055 de
3396 2997 3697 3070 magistris

2052 3091 2223 3164 longe
2253 3090 2429 3145 fuisse
2460 3088 2875 3145 certissimum.

276 3186 535 3249 tempore
556 3178 749 3247 fuisse,
776 3176 864 3232 vel
891 3193 1165 3233 summum
1200 3175 1361 3244 illud,
1414 3162 1785 3231 Ilermminum
1822 3179 1945 3249 jam
1973 3162 2015 3229 C
2126 3162 2409 3251 O'pinatur
2438 3176 2604 3233 tertio
2627 3178 3029 3232 Ilermannum
3049 3194 3079 3232 e
3099 3177 3158 3233 S.
3182 3174 3346 3232 Gallo
3368 3175 3426 3231 in
3447 3175 3697 3248 Augiam

275 3270 410 3322 tum
436 3267 497 3321 in
533 3267 762 3337 Augiam
800 3274 1095 3337 receptum,
1152 3265 1507 3322 stabilitatem
1557 3281 1713 3320 suam
1763 3267 1823 3320 in
1880 3282 1946 3322 ea

273 3359 526 3429 fortasse
553 3357 826 3426 ﬁrmasse.
868 3356 1013 3410 Bene
1040 3356 1190 3410 enim
1225 3356 1404 3424 potuit
1423 3355 1765 3409 Ilermannus
1795 3356 1855 3410 in
1883 3355 1940 3411 S.

280 3444 783 3515 Galloretigionem
793 3445 855 3499 in
861 3444 1141 3516 principio
1149 3443 1409 3516 proﬁteri
1419 3451 1470 3499 et
1490 3442 1617 3498 dein
1630 3444 1689 3498 in
1710 3445 1945 3513 Augiam

275 3543 674 3599 transmeasse,
722 3536 833 3588 etc.
880 3532 1175 3588 Hactenus
1242 3532 1358 3588 ille.
1419 3531 1690 3598 Videsne,
1742 3531 1943 3600 lector,

277 3641 321 3696 q
339 3623 596 3680 uomodo
616 3622 835 3677 nodum
857 3620 1017 3676 hunc
1039 3620 1257 3693 duplici
1275 3620 1388 3677 telo
1409 3626 1652 3677 conetur
1670 3622 1946 3694 perstrin-

276 3728 460 3785 gere.
482 3711 868 3783 Posteaquam
895 3710 1053 3765 enim
1072 3709 1749 3782 animadvertitprimum
1779 3710 1948 3766 infir-

276 3802 457 3856 Inius
478 3815 628 3862 esse,
641 3798 812 3855 etiam
836 3798 1161 3854 secundum
1176 3798 1465 3855 adhibuit.
1485 3799 1667 3854 Ratus
1683 3803 1771 3855 est
1786 3800 1944 3856 enim

275 3888 488 3962 primo
521 3887 920 3943 Hermannum
942 3886 1089 3942 forte
1118 3890 1241 3943 tum
1275 3889 1333 3943 in
1365 3888 1552 3959 Augia
1580 3887 1944 3960 hospitatum

285 3977 381 4033 illi
412 3975 762 4033 dedicationi
792 3993 929 4030 cum
961 3974 1092 4031 aliis
1121 3975 1410 4032 extraneis
1447 3974 1800 4033 interfuisse.
1834 3978 1945 4034 Sed

288 4065 533 4124 etiamsi
560 4066 856 4139 ﬁngamus
886 4064 998 4120 hoc
1045 4065 1286 4133 factum,
1336 4082 1449 4121 non
1506 4071 1697 4122 tamen
1746 4068 1947 4123 statim

287 4157 452 4213 hanc
483 4156 558 4211 ob
588 4171 825 4211 causam
848 4154 1220 4209 Hermannus
1239 4154 1489 4227 Augiam
1512 4155 1713 4211 debuit
1742 4174 1950 4214 vocare

284 4254 566 4311 nostram,
599 4260 787 4317 neque
815 4248 872 4298 S.
907 4242 1168 4299 Marcum
1186 4251 1485 4315 patronum
1516 4248 1785 4301 nostrum.
1806 4246 1947 4302 Nul-

282 4335 388 4389 lus
407 4334 567 4389 enim
600 4332 817 4404 hospes
846 4335 903 4388 et
932 4332 1176 4399 advena,
1208 4332 1350 4387 dum
1391 4332 1482 4387 vix
1536 4332 1776 4390 alterius
1827 4351 1948 4391 mo-

286 4422 534 4480 nasterii
568 4420 747 4477 limen
778 4419 1121 4486 salutasset,
1153 4437 1288 4476 mox
1317 4422 1387 4476 ad
1431 4421 1575 4477 illud
1625 4423 1954 4495 acquireret

278 4513 389 4583 jus
421 4511 652 4581 ut,jam
680 4508 900 4582 proprii
932 4508 1537 4599 monasteriioblitus,
1570 4509 1714 4566 illud
1746 4511 1805 4566 in
1835 4529 1951 4584 quo
1982 4536 2028 4599 Β

288 4601 696 4674 hospitaretur
721 4602 958 4654 vocaret
986 4614 1167 4653 suum.
1188 4598 1331 4662 Quis
1350 4615 1486 4670 ergo
1507 4616 1621 4655 non
1644 4601 1801 4656 videt
1818 4600 1953 4657 Her-

291 4705 604 4757 mannum,
636 4688 781 4742 dum
806 4685 1296 4757 talibusAugium
1327 4687 1517 4742 verbis
1534 4688 1864 4761 descripsit,
1889 4707 1951 4746 se

293 4795 525 4851 quoque
556 4777 708 4833 inter
750 4774 949 4848 Augiae
1000 4774 1322 4830 mauachos
1372 4778 1761 4832 numerasse?
1806 4779 1947 4834 Cum

293 4867 535 4938 proinde
568 4865 863 4923 Mezlerus
894 4864 1292 4937 perspexisset
1324 4863 1433 4919 hac
1477 4865 1665 4937 prima
1708 4884 1816 4922 sua
1864 4885 1950 4923 re-

293 4959 604 5028 sponsione
635 4954 979 5029 argumenti
1006 4952 1121 5007 vim
1146 4953 1407 5008 nondum
1433 4952 1955 5028 labefactari,adje-

295 5046 365 5102 cit
383 5048 651 5115 alterum,
667 5042 1078 5114 divinavitque
1093 5041 1490 5098 Hermannum
1505 5044 1769 5115 potuisse
1789 5046 1953 5118 prius

292 5138 431 5211 apud
453 5134 916 5197 San-Gallenses
949 5130 1378 5204 professionem
1400 5132 1684 5203 emittere,
1708 5139 1765 5190 et
1794 5136 1951 5205 dein,

287 5210 506 5305 quando
521 5225 859 5300 inAugiam
878 5210 1510 5287 transmeavit,ibidem
1535 5223 1954 5293 professionem

278 5338 578 5381 renovasse
589 5313 1129 5381 stabilitatemque
1151 5308 1441 5365 firmasse.
1457 5312 1672 5368 Atcum
1692 5312 1801 5369 hoc
1823 5331 1954 5386 pro-

272 5414 606 5475 bationibus
629 5405 869 5471 careat,
894 5397 1081 5474 gratis
1104 5398 1408 5453 asseritur.
1428 5397 1590 5455 Dicet
1611 5417 1744 5458 vero
1764 5401 1956 5459 allatis

266 5504 542 5584 exemplis
573 5500 848 5561 conetur
873 5488 1130 5565 probare
1149 5491 1295 5584 ante
1318 5490 1376 5542 et
1406 5491 1535 5560 post
1556 5487 1954 5548 Hermannum

261 5573 580 5682 Aegienses
603 5586 926 5670 quosdam
951 5576 1026 5638 ad
1050 5576 1111 5635 S.
1144 5573 1378 5634 Gallum
1410 5576 1735 5651 transiisse,
1756 5578 1959 5659 ibique

2051 3280 2170 3343 1am
2200 3268 2544 3333 missum,ut
2557 3266 2922 3337 juventutem
2944 3265 3115 3322 bonis
3147 3264 3353 3321 litteris
3382 3264 3690 3322 imbueret.

2052 3363 2264 3415 Verum
2298 3361 2354 3411 et
2384 3354 2503 3410 haec
2525 3353 2929 3426 improbabilis
2949 3353 3251 3426 responsio
3272 3369 3514 3426 prorsus
3531 3357 3587 3409 et
3606 3369 3698 3409 ve-

2053 3446 2208 3504 ritati
2241 3448 2628 3502 consentanea
2662 3442 2903 3497 minime
2949 3446 3055 3498 est.
3106 3442 3253 3497 Nam
3303 3445 3694 3514 prmterquam

2053 3535 2207 3610 quod
2234 3539 2463 3590 tantum
2495 3534 2564 3587 ad
2594 3532 2710 3587 vim
2734 3530 3062 3603 argumenti
3087 3531 3269 3587 nostri
3291 3528 3698 3586 declinandam

2053 3621 2834 3695 sitexcogitata,probarique
2847 3619 3071 3691 aliquot
3084 3618 3414 3675 testimonio
3427 3622 3701 3691 nequeat,

2054 3710 2394 3771 incredibile
2424 3710 2598 3766 etiam
2630 3718 2718 3765 est
2743 3709 2849 3763 hoc
2883 3709 3196 3781 contigisse
3225 3713 3351 3763 tum
3390 3708 3548 3779 quod
3578 3708 3701 3762 Au-

2055 3804 2255 3876 giense
2286 3797 2711 3855 monasterium
2744 3802 2883 3852 tunc
2913 3796 3225 3851 adventitio
3248 3795 3525 3866 magistro
3551 3810 3703 3866 opus

2058 3909 2170 3947 non
2195 3888 2464 3954 habebat,
2482 3903 2616 3942 cum
2643 3885 2753 3940 sub
2785 3890 3046 3940 Bernone
3074 3883 3302 3951 abbate,
3337 3881 3507 3937 editis
3535 3880 3704 3937 libris

2056 3977 2456 4046 celeberrimo,
2488 3974 2627 4030 viris
2658 3972 3018 4029 doctissimis
3046 3972 3127 4028 ita
3157 3971 3436 4039 ﬂoruerit,
3468 3973 3535 4025 ut
3575 3985 3704 4026 om-

2057 4071 2221 4126 nium
2246 4065 2623 4123 scientiarum
2643 4063 2874 4119 culmen
2888 4062 3307 4135 fastigiumque
3327 4059 3704 4116 transcende-

2056 4163 2180 4216 ret:
2206 4163 2331 4213 tum
2364 4154 2565 4222 etiam,
2589 4153 2638 4209 si
2671 4154 2880 4208 demus
2911 4151 3168 4224 aliquem
3201 4151 3309 4206 aS.
3336 4146 3497 4205 Gallo
3516 4146 3703 4221 magi-

2058 4254 2246 4304 strum
2277 4243 2488 4301 SChOltB
2518 4242 2796 4318 Augiensi
2829 4241 2888 4297 in
2921 4240 3255 4298 subsidium
3287 4240 3562 4305 missum,
3585 4253 3704 4293 non

2058 4340 2255 4392 tamen
2269 4333 2496 4389 videtur
2508 4332 2876 4388 Hermannus
2892 4329 3154 4403 potuisse
3169 4326 3453 4399 mitti,qui
3466 4341 3706 4398 corpore

2059 4441 2290 4495 semper
2318 4427 2375 4479 et
2404 4421 2733 4477 valetudine
2766 4419 3058 4487 infirmus,
3099 4417 3480 4489 omniumque
3528 4432 3709 4471 mem-

2061 4515 2297 4570 brorum
2329 4511 2510 4566 ferme
2544 4509 2861 4565 destitutus
2890 4512 2982 4565 est
3012 4507 3262 4575 usu,sed
3295 4505 3446 4562 alius
3467 4520 3708 4577 corpore

2064 4601 2400 4675 vegetior,et
2421 4599 2492 4654 iis
2513 4598 2787 4654 omnibus
2806 4595 3154 4656 suti'erendis
3170 4593 3665 4651 accommodatior
3690 4611 3705 4662 ;

2061 4695 2185 4747 tum
2217 4690 2467 4760 denique
2496 4687 2692 4754 etiam,
2723 4686 2877 4758 quod
2910 4704 3025 4742 non
3056 4685 3403 4752 existimem,
3423 4683 3710 4739 Herman-

2062 4796 2203 4834 num
2217 4777 2309 4833 sui
2323 4776 2421 4832 ωνὶ
2438 4775 2602 4831 facile
2614 4772 3708 4844 scientissimum,eruditissimumque,

2060 4885 2091 4924 e
2123 4885 2229 4923 suo
2259 4864 2613 4921 monasterio
2645 4863 2756 4919 alio
2789 4863 2969 4919 fuisse
3001 4862 3357 4935 ablegatum,
3381 4876 3511 4917 cum
3555 4858 3712 4914 scia-

2064 4975 2196 5013 mus
2213 4956 2501 5027 hodieque
2518 4954 2821 5009 thesauros
2836 4952 3119 5024 pretiosos
3131 4954 3359 5006 etraros
3371 4944 3713 5019 diligentius

2063 5044 2367 5102 custodiri.
2391 5044 2500 5101 Sed
2526 5042 2787 5099 attendat
2807 5040 2992 5097 lo'ctor
3021 5039 3174 5112 quod
3202 5037 3409 5092 ultimo
3462 5033 3716 5108 denique

2064 5139 2267 5192 contra
2286 5137 2633 5207 argumenta
2654 5135 2855 5187 nostra
2880 5131 3117 5203 abjiciat
3134 5126 3433 5182 Mezlerus.
3448 5123 3551 5181 Hic
3575 5140 3713 5183 cum

2064 5222 2487 5297 pensiculatius
2518 5221 2697 5276 robur
2717 5221 3055 5276 eorumdem
3079 5215 3711 5286 examinasset,sensis-

2064 5317 2267 5384 setque
2283 5312 2561 5366 humeros
2582 5325 2720 5364 suos
2741 5309 2992 5379 graviter
3002 5321 3481 5379 premere,neque
3494 5304 3711 5361 ostium

2066 5417 2181 5474 quo
2212 5401 2543 5470 erumperet
2574 5400 2791 5468 patere,
2824 5395 2881 5449 in
2909 5411 3114 5451 omnes
3153 5411 3217 5451 se
3259 5398 3454 5466 partes
3503 5392 3713 5450 anxius

2063 5488 2333 5554 versavit,
2367 5490 2432 5543 ut
2468 5500 2639 5558 grave
2681 5484 2896 5556 jugum
2947 5482 3206 5556 scapulis
3236 5483 3362 5540 suis
3393 5485 3709 5563 excuteret.

2066 5575 2441 5641 Occasionem
2473 5574 2711 5637 demum
2743 5574 2962 5633 certam
2993 5570 3261 5637 elabendi
3305 5586 3368 5629 se
3421 5571 3714 5638 invenisse
