4026 6228
397 364 474 439 JH
1169 376 1651 440 HERMANNUS
1697 373 2214 439 CONTRACTUS
2261 376 2609 439 MONACH.
2657 377 3026 442 AUGIENS.
3715 363 3800 468 t6

399 516 563 567 ratus
596 524 806 584 negare
839 509 1067 583 incipit,
1100 527 1228 584 quae
1257 528 1323 566 ex
1340 511 1623 566 Chronico
1643 509 1913 581 praedicto
1936 510 2033 564 ad-
2069 518 2122 582 Î‘
2153 515 2394 564 nostrum
2429 511 2687 581 potuisse
2719 512 2931 579 dicere,
2955 513 3054 585 qui
3087 513 3423 587 patrimonii
3454 515 3582 587 ejus
3614 516 3800 587 portio

401 601 702 665 duximus,
723 601 900 656 verba
931 617 1057 656 esse
1089 599 1500 655 abHermanno
1532 600 1767 670 scripta,
1793 600 1892 654 sed
1915 615 2042 653 esse

403 690 476 747 ab
507 689 703 762 aliquo
735 689 847 746 alio
878 687 1212 761 appendicis
1241 687 1366 744 loco
1398 688 1643 760 adjecta,
1677 687 1932 758 dicitque
1981 705 2043 742 se

402 779 466 836 in
496 779 820 836 Annalibus
851 777 994 844 suis,
1030 795 1064 834 a
1095 793 1186 832 me
1218 793 1324 834 nec
1353 777 1497 832 visis
1547 793 1651 832 nec
1699 775 1882 844 lectis,
1935 776 2043 831 hoc

403 871 854 926 demonstrasse.

472 962 548 1013 At
576 956 624 1013 si
655 957 768 1012 huc
786 956 1023 1012 tandem
1053 955 1405 1011 veniendum
1427 959 1570 1021 erat,
1596 959 1852 1026 poteram
1873 954 2043 1009 omit-

398 1049 522 1102 tere
551 1061 618 1101 ea
648 1062 774 1118 qua
807 1044 1088 1100 hactenus
1121 1042 1753 1116 probavimus,poterat
1772 1047 1828 1098 et
1841 1043 2042 1098 Mezle-

399 1151 501 1191 rus
522 1138 640 1190 tres
671 1151 705 1190 a
734 1151 796 1190 se
811 1149 1024 1205 magno
1041 1131 1238 1188 studio
1263 1131 1613 1204 excogitatas
1635 1132 2043 1203 responsiones

390 1223 715 1298 praeterire,
737 1226 794 1278 et
823 1221 995 1277 unico
1026 1221 1258 1294 neganti
1289 1222 1461 1276 verbo
1496 1219 1680 1276 totum
1713 1221 2042 1292 argumenti

397 1314 580 1369 robur
600 1310 867 1383 dejicere,
891 1326 1244 1382 omnemque
1265 1308 1424 1364 litem
1448 1323 1810 1379 componere.
1828 1309 2041 1364 Verum

401 1406 492 1458 est
519 1401 699 1468 enim,
732 1399 782 1454 si
808 1416 876 1455 ea
904 1399 1079 1454 verba
1108 1397 1423 1453 Hermanni
1458 1415 1570 1452 non
1603 1402 1758 1463 sunt,
1794 1414 1898 1452 nos
1939 1399 2041 1453 ha-

401 1493 608 1546 ctenus
637 1505 844 1562 parum
877 1489 1192 1562 probasse;
1227 1487 1275 1543 si
1316 1491 1512 1542 autem
1563 1487 1701 1552 sint,
1734 1492 1798 1541 ut
1846 1487 2043 1542 nullus

402 1578 656 1652 ambigo,
688 1594 890 1634 verum
923 1592 1157 1650 quoque
1186 1580 1276 1632 est
1307 1592 1413 1630 nos
1443 1576 1841 1630 Hermannum
1875 1575 2043 1630 nobis

402 1665 698 1724 evidenter
725 1665 1065 1723 asseruisse.
1097 1664 1252 1721 Licet
1279 1682 1411 1720 vero
1443 1664 1536 1718 ille
1566 1665 1719 1719 dicat
1747 1681 1808 1720 se
1835 1664 1892 1718 in
1921 1664 2045 1719 suis

399 1739 728 1812 Annal-ibus
740 1754 848 1810 hoc
862 1753 1505 1821 demonstrasse,miror
1517 1758 1710 1808 tamen
1725 1758 1874 1808 certe
1893 1754 2045 1808 unde

401 1847 627 1918 probet.
662 1843 909 1914 Etenim,
942 1844 991 1900 si
1021 1843 1279 1898 divinare
1319 1842 1507 1908 liceat,
1561 1842 1829 1913 suspicor
1874 1842 2040 1897 illum

403 1934 544 1990 inde
570 1932 714 1989 velle
745 1930 1017 2005 colligere
1048 1932 1202 2004 quod
1235 1932 1292 1986 in
1339 1931 1622 1988 Chronico
1672 1931 1939 1999 auetiori,
1974 1932 2044 1987 ab

403 2022 651 2078 Henrico
681 2021 908 2077 Canisio
937 2021 1112 2088 edito,
1146 2019 1331 2076 multa
1364 2021 1729 2092 reperiantur
1759 2037 1887 2090 quae
1929 2021 2046 2074 sint

407 2112 480 2167 ab
500 2109 631 2167 aliis
663 2111 982 2182 iuterjecta.
1020 2110 1086 2164 Et
1114 2110 1348 2164 tametsi
1382 2127 1495 2164 non
1529 2109 1790 2181 ignorem
1824 2108 1930 2163 hoc
1961 2125 2047 2163 ve-

402 2199 706 2256 rissimum
737 2216 889 2265 esse,
911 2198 1085 2254 verba
1109 2204 1305 2254 tamen
1339 2198 1438 2253 illa
1470 2216 1596 2268 quae
1628 2215 1808 2270 supra
1849 2199 2044 2268 posui-

403 2307 560 2360 mus,
578 2293 802 2346 certum
820 2293 909 2344 est
937 2304 1065 2344 esse
1099 2287 1444 2354 Hermanni;
1468 2287 1759 2358 siquidem
1785 2288 1842 2341 in
1865 2288 2048 2341 omni-

402 2379 538 2447 bus,
573 2395 721 2450 quas
751 2377 990 2448 quidem
1023 2393 1116 2430 me
1152 2376 1344 2430 videre
1393 2376 1658 2446 contigit,
1691 2375 2047 2432 editionibus

405 2473 462 2524 et
491 2465 751 2538 antiquis
781 2470 837 2520 et
857 2463 1300 2529 recentioribus,
1328 2468 1446 2518 tam
1479 2464 1836 2520 auctioribus
1868 2482 2044 2536 quam

406 2554 912 2622 diminutioribus,
945 2553 1334 2625 reperiuntur,
1364 2558 1429 2608 ut
1457 2552 1603 2608 nihil
1637 2554 1811 2608 etiam
1844 2555 1912 2608 de
1932 2571 2049 2608 ma-

405 2643 728 2717 nuscriptis
759 2643 890 2700 aliis
921 2643 1133 2699 dicam.
1168 2644 1229 2698 In
1263 2647 1458 2698 nostro
1517 2647 1668 2698 certe
1715 2647 2046 2714 pervetusto

405 2733 720 2807 exemplari
745 2733 923 2805 (quod
957 2749 1133 2804 penes
1158 2749 1250 2787 me
1280 2732 1484 2798 habeo,
1517 2733 1788 2804 quodque
1821 2732 1893 2786 ab
1939 2731 2046 2786 ali-

407 2823 625 2897 quibus
655 2818 851 2894 ipsum
884 2822 1312 2894 autograpbum
1337 2822 1840 2892 eredehatur,etc.)
1863 2821 1995 2876 licet
2017 2839 2049 2877 a

405 2912 729 2977 recentiore
759 2928 936 2967 manu
969 2911 1138 2984 plura
1167 2911 1286 2966 sint
1316 2911 1602 2982 apposita,
1622 2928 1748 2982 quae
1779 2911 1954 2966 etiam
1987 2911 2048 2966 in

406 2991 722 3066 editionem
740 3000 955 3058 Canisii
974 3001 1278 3072 irrepsere,
1302 3000 1476 3055 verba
1496 3003 1692 3054 tamen
1725 3000 2048 3071 suprascri-

407 3098 508 3166 pta
538 3091 875 3148 continuato
896 3093 953 3146 et
979 3089 1155 3145 veteri
1187 3088 1487 3144 simillimo
1510 3088 1839 3144 charactere
1867 3088 1925 3143 in
1957 3106 2048 3144 or-

409 3182 548 3238 dine
578 3197 684 3248 suo
715 3179 905 3253 posita
930 3182 1272 3234 cernuntur.
1305 3177 1628 3234 Ostendant
1657 3179 2049 3247 adversarii,si

2154 599 2314 653 nulla
2337 616 2593 670 unquam
2629 601 2932 668 i'uerit,cur
2961 607 3016 659 et
3038 603 3180 658 mihi
3208 619 3320 658 non
3343 601 3514 659 liceat
3539 619 3801 659 asserere

2153 687 2446 743 neminem
2503 706 2734 760 quoque
2785 690 3049 761 potuisse
3090 694 3147 746 S.
3181 691 3444 748 Marcum
3500 697 3804 764 patronum

2151 780 2395 831 nostrum
2419 778 2743 844 nominare,
2768 779 2864 850 qui
2891 780 3224 850 patrimonii
3252 782 3380 851 ejus
3410 781 3584 836 etiam
3610 782 3799 854 portio

2153 864 2315 918 nulla
2346 865 2519 920 fuerit
2549 882 2829 936 unquam.
2865 868 2930 922 Et
2960 884 3156 924 revera
3186 870 3320 925 inde
3353 870 3521 941 sequi
3570 870 3796 936 debuit,

2154 953 2306 1024 quod
2329 959 2521 1008 tamen
2540 971 2665 1026 cap.
2686 956 2752 1008 12
2775 972 2954 1027 supra
2975 958 3380 1024 refutavimus,
3404 958 3798 1014 Walafridum

2153 1041 2634 1097 San-Gallensem
2665 1042 3054 1110 fuisse,mult0
3073 1046 3260 1118 magis
3286 1047 3451 1118 sequi
3480 1047 3650 1102 debet
3665 1047 3800 1102 Her-

2153 1147 2435 1185 mannum
2453 1131 2803 1202 Augiensem
2821 1133 3018 1197 fuisse,
3035 1151 3168 1189 cum
3184 1135 3451 1207 pluribus
3472 1141 3529 1190 et
3550 1136 3796 1192 diversis

2153 1219 2449 1274 vocabulis
2480 1237 2596 1275 uno
2635 1222 2957 1292 eodemque
3003 1223 3127 1279 loco
3159 1229 3278 1279 tam
3312 1224 3636 1280 luculenter
3691 1226 3800 1281 hoc

2144 1307 2382 1362 indicet.
2407 1308 2438 1363 J
2445 1325 2537 1363 am
2555 1326 2686 1364 vero
2708 1311 3039 1381 producant
3061 1313 3236 1367 etiam
3261 1313 3578 1368 adversarii
3601 1312 3794 1369 locum

2151 1397 2406 1467 aliquem
2430 1413 2498 1451 ex
2514 1398 2819 1466 Chronico,
2843 1416 2958 1470 quo
2981 1401 3460 1456 San-Gallensem
3483 1401 3650 1456 illum
3676 1419 3801 1475 pro-

2151 1486 2306 1540 bent.
2333 1487 2500 1541 Forte
2521 1487 2744 1543 s'mutS.
2784 1489 3067 1556 Marcum,
3099 1490 3180 1544 ita
3201 1493 3258 1544 et
3279 1490 3336 1546 S.
3361 1489 3594 1545 Gallum
3634 1495 3801 1546 vocat

2149 1578 2440 1645 patronum
2469 1581 2734 1643 nostrum,
2763 1582 2865 1632 aut
2909 1594 2978 1632 ex
3007 1578 3200 1633 verbis
3244 1578 3375 1633 aliis
3411 1578 3605 1634 forsan
3635 1579 3795 1635 colli-

2153 1663 2309 1735 gitur
2324 1664 2502 1718 fuisse
2522 1663 2993 1721 San-Gallensis?
3007 1666 3223 1721 Verum
3237 1682 3343 1738 ego
3367 1666 3641 1739 nuspiam
3659 1668 3797 1740 quid

2151 1751 2264 1807 tale
2288 1752 2659 1817 invenio,imo
2675 1770 2808 1808 vero
2822 1754 3014 1825 potius
3029 1754 3385 1810 contrarium
3413 1772 3527 1810 non
3552 1757 3799 1813 obscure

2153 1841 2360 1910 colligo
2394 1859 2460 1894 ex
2492 1859 2557 1896 co
2590 1843 2744 1912 quod
2794 1843 2866 1897 ad
2908 1860 3129 1898 annum
3175 1843 3390 1900 Christi
3431 1845 3535 1899 977
3582 1845 3800 1901 scribat

2155 1929 2307 1999 Apud
2339 1931 2391 1982 S.
2427 1930 2644 1984 Gallum
2681 1932 2858 1986 Ymmo
2893 1933 3057 1987 altbas
3093 1935 3323 2004 pur/uit
3355 1936 3518 1989 annis
3543 1942 3675 2003 octo,
3707 1936 3802 2007 qui

2155 2019 2413 2088 templum
2465 2022 2694 2090 patroni
2746 2023 2841 2075 sui
2877 2022 3156 2076 adamare
3213 2022 3442 2088 studuit,
3490 2027 3598 2078 etc.
3659 2025 3802 2089 Quis

2156 2109 2386 2171 amabo,
2419 2109 2616 2162 credat
2650 2109 3045 2164 Hermannum
3077 2111 3256 2165 fuisse
3296 2111 3798 2181 San-Gallensem,

2157 2211 2290 2249 cum
2326 2197 2416 2249 hic
2449 2202 2727 2252 consueto
2777 2198 3067 2254 abstineat
3111 2200 3169 2254 S.
3221 2199 3452 2255 Gallum
3499 2202 3803 2258 nominare

2151 2289 2447 2356 patronum
2479 2291 2896 2352 nostrum,eum
2931 2293 3121 2341 tamen
3147 2289 3195 2343 si
3215 2288 3801 2347 San-Galleusisluis-

2157 2379 2264 2440 set,
2298 2373 2391 2428 hic
2419 2375 2661 2429 minime
2683 2376 3019 2446 oporteret?
3036 2377 3150 2452 Cur
3170 2379 3227 2432 S.
3247 2377 3596 2433 GallumYm
3609 2381 3800 2436 monis

2157 2462 2386 2517 abbatis
2419 2463 2609 2517 solum
2633 2470 2942 2535 patronum
2976 2465 3141 2530 dixit,
3175 2470 3231 2522 et
3260 2483 3434 2523 suum
3473 2469 3799 2539 prmteriitâ€˜?

2159 2551 2321 2607 Certe
2354 2568 2466 2606 non
2491 2551 2663 2607 aliam
2693 2553 2764 2607 ob
2788 2571 3027 2608 causam
3059 2571 3234 2626 quam
3258 2557 3410 2627 quod
3433 2574 3545 2612 non
3578 2559 3804 2630 ignora-

2156 2639 2238 2694 vit
2291 2641 2641 2713 Augicnsem
2699 2659 2760 2696 se
2815 2659 2944 2697 esse
2997 2644 3350 2699 monachum
3407 2651 3464 2700 et
3509 2647 3566 2700 S.
3621 2647 3802 2703 Marci

2158 2730 2367 2784 tilium.

2229 2819 2518 2874 Hactenus
2551 2836 2685 2890 ergo
2718 2821 3010 2876 evidenter
3037 2838 3105 2876 ex
3132 2822 3261 2894 ipso
3304 2823 3637 2880 Hermanno
3669 2841 3800 2897 pro-

2159 2908 2428 2962 bav1mus
2449 2925 2580 2962 eum
2596 2910 2814 2979 Augien
2825 2926 2944 2963 sem
2970 2927 3082 2965 non
3098 2911 3572 2968 San-Gallensem
3597 2914 3780 2970 fuisse

2159 2996 2400 3052 Frustra
2421 2998 2600 3068 igitur
2621 2997 2788 3052 nobis
2806 2998 3110 3053 'Iâ€˜rithemii
3133 2999 3534 3056 dissentientis
3557 3003 3779 3058 auctori

2158 3090 2248 3140 tas
2280 3086 2741 3157 obtruditur,qui
2758 3087 3135 3143 historiarum
3159 3088 3690 3146 diversissimarum
3709 3109 3805 3148 va-

2161 3176 2362 3230 rietate
2385 3175 2650 3241 obrutus,
2695 3176 3146 3247 particularibus
3195 3178 3325 3234 istis
3375 3181 3804 3251 quastionibus

406 3270 524 3328 tale
553 3268 787 3341 aliquod
817 3271 982 3325 vetus
1013 3268 1480 3340 manuscriptum
1512 3268 1748 3338 habent,
1782 3268 1883 3323 ubi
1927 3269 2048 3324 haec
2078 3256 2120 3323 C
2159 3264 2562 3321 examinandis
2592 3264 2788 3320 minus
2819 3266 3095 3322 insudare
3118 3267 3324 3338 potuit.
3345 3269 3569 3324 Etenim
3596 3276 3807 3340 praeter

406 3359 584 3416 verba
612 3369 728 3415 non
758 3357 1234 3414 inveniantur.Et
1263 3357 1398 3412 licet
1413 3357 1586 3412 etiam
1614 3357 1726 3412 tale
1747 3357 2049 3430 haberent,

410 3455 467 3507 et
497 3449 802 3506 ostendere
831 3450 1092 3520 possent,
1126 3463 1240 3502 non
1267 3450 1458 3502 tamen
1491 3447 1825 3519 probabunt
1854 3465 1919 3502 su
1930 3465 2050 3520 pra-

413 3539 568 3596 dicta
595 3538 770 3594 verba
813 3537 885 3592 ab
934 3535 1045 3591 alio
1095 3535 1651 3608 superaddita,eum
1680 3552 1809 3590 vero
1863 3536 2053 3593 simile

408 3627 486 3686 sit
498 3629 899 3683 Hermannum
914 3625 1239 3682 Cbronicon
1252 3641 1424 3680 suum
1439 3641 1554 3679 non
1569 3623 1746 3680 semel
1768 3625 2052 3681 duntaxat

408 3715 832 3790 composuisse,
866 3716 967 3771 sed
995 3718 1129 3786 post
1159 3713 1386 3786 aliquos
1417 3730 1602 3769 annos
1633 3712 1971 3780 correxisse,
1995 3718 2052 3770 et

406 3807 583 3864 rebus
614 3806 745 3864 aliis
777 3806 952 3862 etiam
977 3805 1233 3872 auxisse,
1263 3807 1436 3874 prout
1466 3807 1662 3875 aperte
1695 3803 1867 3858 etiam
1899 3803 2047 3858 indi-

403 3900 548 3958 cant.
574 3894 854 3954 Urstitius
882 3899 941 3950 et
970 3891 1258 3962 Canisius,
1291 3891 1705 3963 afï¬rmantque
1736 3891 1894 3948 illam
1927 3897 2046 3948 tam

402 3986 724 4042 multarum
770 3984 1093 4040 editionum
1139 3980 1477 4036 varietatem
1537 3981 2046 4055 diversitatemque

401 4073 540 4130 inde
561 4073 752 4129 solum
779 4071 937 4128 oriri.
959 4074 1147 4142 Atque
1177 4070 1248 4124 de
1268 4069 1363 4124 his
1393 4068 1583 4125 fusius
1612 4069 1915 4141 hucusque
1933 4071 2047 4126 dis-

400 4161 832 4234 putavimus,ut
847 4159 1070 4215 scilicet
1095 4159 1537 4214 ostenderemus
1561 4159 1749 4213 locum
1775 4175 1888 4230 quo
1910 4161 2043 4216 Iler-

399 4267 656 4308 mannus
686 4249 747 4308 in
777 4248 1063 4305 Chronico
1093 4245 1446 4317 Augiensem
1475 4263 1536 4302 se
1565 4246 1903 4318 insinuavit,
1927 4265 2040 4303 non

399 4340 542 4396 adeo
565 4338 1118 4413 segnitertanquam
1134 4335 1447 4390 obscurum
1459 4339 1580 4403 ,aut
1592 4334 1873 4390 Chronico
1888 4337 2043 4391 novi-

394 4433 485 4485 ter
512 4429 777 4485 afï¬ctum
797 4432 854 4483 et
875 4424 1269 4482 adulterinum
1288 4441 1415 4480 esse
1444 4425 2038 4496 praetereundum,sed

392 4517 576 4574 veluti
605 4517 830 4573 clarum
861 4513 1174 4587 imprimis,
1208 4512 1571 4568 luculentum
1612 4521 1668 4568 et
1714 4515 2038 4586 genuinum

2165 3353 2483 3425 ipsummet
2496 3353 2892 3409 Hermannum
2919 3355 3270 3427 opponimus
3284 3355 3702 3413 Bellarminum
3724 3359 3805 3414 De

2161 3443 2544 3514 scriptoribus
2581 3443 3028 3509 ecclesiasticis;
3059 3445 3374 3500 Antonium
3423 3446 3803 3504 Possevinum

2159 3532 2219 3588 in
2252 3535 2546 3604 Apparatu
2578 3549 2776 3600 sacro;
2809 3533 3128 3588 Antonium
3164 3535 3234 3590 de
3265 3535 3443 3606 Yepes
3477 3536 3802 3608 Hispanum

2160 3621 2220 3676 in
2234 3622 2515 3677 Chronico
2547 3622 2940 3694 generaliord.
2965 3623 3023 3678 S.
3047 3623 3258 3678 Bened.
3279 3623 3802 3692 ;ArnoldumWion

2161 3711 2220 3766 in
2252 3711 2374 3783 Lig.
2409 3711 2590 3779 Vitze;
2623 3711 2935 3766 Henrieum
2974 3711 3294 3781 Canisium,
3328 3713 3600 3769 Carolum
3635 3716 3800 3770 Sten-

2157 3799 3416 3874 gelium,ChristianumUrstisium,a1iosque
3438 3803 3799 3872 innumeros,

2158 3891 2256 3962 qui
2283 3906 2487 3946 omnes
2507 3889 2870 3945 concorditer
2882 3895 3580 3961 asscrunt,Hermannum
3601 3893 3801 3966 Augiae

2157 3980 2338 4035 fuisse
2362 3979 2714 4035 monachum
2742 3997 2754 4047 ;
2777 3978 3091 4051 pluresque
3112 3997 3311 4036 eorum
3339 3980 3473 4036 inde
3497 3980 3802 4053 suspican-

2153 4073 2251 4123 tur
2271 4069 2362 4123 Tri
2375 4068 2574 4123 themii
2594 4083 2844 4123 errorem
2867 4068 3048 4124 fuisse
3063 4071 3439 4141 ortum,quod
3455 4071 3598 4126 forte
3613 4071 3805 4142 prima

2152 4157 2254 4213 illa
2278 4162 2336 4213 et
2361 4156 2596 4229 vulgata
2624 4157 2941 4212 Hermanni
2974 4157 3149 4214 editio
3181 4176 3249 4215 ex
3289 4159 3483 4215 codice
3513 4158 3798 4215 Sen-Gal-

2149 4246 2294 4302 lensi
2320 4246 2492 4302 fuerit
2512 4246 2882 4318 transcripta.
2901 4247 3046 4303 Hinc
3063 4248 3237 4304 etiam
3255 4266 3368 4304 non
3387 4248 3799 4304 subticendum

2150 4335 2418 4391 existimo
2447 4336 2846 4391 Hermannum
2893 4335 3109 4408 ubique
3141 4337 3200 4392 in
3248 4337 3538 4393 veteribus
3588 4353 3802 4393 manu-

2149 4423 2381 4496 scriptis
2393 4423 2826 4496 exemplaribus
2849 4424 3038 4481 vocari
3057 4426 3407 4482 monachum
3423 4426 3800 4499 Augiensem,

2149 4529 2452 4584 nunquam
2505 4513 3002 4583 San-Gallensem,
3049 4516 3204 4586 quod
3275 4514 3568 4571 Arnoldus
3625 4515 3795 4573 Wion

393 4623 522 4664 esse
555 4606 903 4672 notandum,
928 4606 993 4660 ut
1022 4602 1252 4672 merito,
1276 4602 1324 4657 si
1345 4602 1520 4657 etiam
1552 4602 1710 4657 aliud
1733 4618 2041 4675 argumen-
2071 4631 2116 4695 Î’
2147 4601 2362 4658 diserte
2393 4607 2661 4660 testatur.
2690 4604 2854 4660 Unde
2886 4603 3058 4676 longe
3108 4603 3382 4659 aberrant
3429 4621 3463 4659 a
3511 4621 3646 4660 vero
3699 4603 3801 4676 qui

397 4699 524 4750 tum
560 4712 676 4752 non
710 4695 1004 4766 suppetat,
1055 4691 1450 4746 Hermannum
1502 4691 1672 4746 nobis
1723 4691 2040 4748 astruxisse

390 4789 659 4840 constare
691 4781 898 4855 possit.
922 4781 1086 4836 Unde
1109 4780 1321 4835 mirum
1339 4783 1427 4834 est
1446 4779 1753 4836 Mczlerum
1777 4797 2038 4838 asserere

388 4891 458 4929 ex
487 4890 553 4929 eo
583 4873 710 4929 loco
742 4868 888 4926 nihil
920 4874 1122 4924 contra
1163 4867 1616 4925 San-Gallenses
1662 4869 1914 4940 probari.
1965 4870 2038 4926 Ut

387 4962 544 5018 enim
576 4964 941 5035 praeteream,
975 4959 1127 5030 quod
1159 4975 1336 5030 supra
1377 4957 1616 5014 uberius
1664 4959 2031 5030 pertractavi,

386 5069 573 5108 unum
606 5051 737 5119 hoc,
773 5048 924 5121 quod
957 5049 1324 5113 Hermanpus
1354 5049 1407 5102 S.
1445 5052 1692 5104 Marcum
1740 5053 2032 5118 patronum

382 5144 634 5197 nostrum
662 5138 890 5206 dixerit,
925 5139 996 5193 ad
1029 5138 1499 5210 persuadendum
1531 5137 1590 5191 in
1630 5137 1818 5208 Augia
1867 5136 2031 5191 illum

385 5229 729 5285 caenobitam
763 5228 963 5294 fuisse,
998 5228 1265 5283 sufï¬cere
1289 5226 1531 5280 Mezlero
1565 5231 1810 5297 poterat.
1835 5226 2030 5279 Memi-

385 5319 544 5375 nisse
573 5319 729 5374 enim
764 5317 1028 5386 debebat,
1061 5333 1122 5371 se
1154 5333 1334 5387 supra
1364 5315 1646 5385 persimili
1686 5319 2030 5385 argumento

381 5406 1074 5480 probasse,Walafridum
1099 5406 1207 5461 sub
1229 5403 1542 5475 disciplina
1572 5403 1801 5458 abbatis
1817 5403 2031 5458 S.Galli

378 5497 612 5565 vixisse,
635 5497 790 5570 quod
811 5495 1077 5552 videlicet
1098 5494 1156 5548 in
1173 5492 1410 5565 prologo
1435 5493 1579 5546 Vita:
1603 5492 1658 5546 S.
1695 5490 1843 5546 Galli
1867 5507 2032 5546 eum-

379 5589 512 5645 dem
538 5587 877 5645 voeitaverit
901 5593 1201 5659 patronum
1223 5588 1490 5638 nostrum.
1516 5581 1576 5635 Si
1616 5596 1751 5654 ergo
1789 5579 2031 5637 Mezlero

376 5677 712 5745 subinferre
769 5675 936 5734 licuit
991 5672 1284 5729 neminem
1345 5671 1404 5728 Î’.
1463 5668 1692 5727 Gallum
1735 5674 2032 5744 patronum

2154 4696 2414 4747 nostram
2447 4694 2516 4748 de
2543 4693 2857 4748 Hermanni
2881 4692 3233 4748 monachatu
3262 4694 3534 4766 Augiensi
3567 4697 3800 4749 senten-

2148 4781 2293 4836 tiam
2327 4785 2532 4837 vocant
2555 4799 2784 4852 novam,
2818 4787 3143 4854 putantque
3179 4782 3440 4855 primum
3475 4783 3546 4838 ab
3587 4799 3652 4839 eo
3697 4782 3798 4854 qui

2145 4871 2694 4926 Francol'ordianam
2745 4873 3064 4928 editionem
3117 4872 3408 4944 promovit
3473 4871 3793 4926 inventam.

2145 4959 2262 5013 Hoc
2289 4959 2444 5014 enim
2472 4959 2684 5014 melius
2717 4959 2897 5015 refelli
2931 4978 3046 5016 non
3078 4964 3269 5032 potest
3299 4976 3476 5030 quam
3520 4960 3567 5016 si
3600 4963 3794 5014 vetera

2143 5048 2532 5119 inspicientur
2552 5049 2927 5121 exemplaria,
2951 5067 3076 5121 qua:
3095 5048 3317 5120 aliquot
3332 5047 3594 5104 centenis
3617 5047 3790 5102 annis

2144 5143 2278 5192 ante
2300 5137 2848 5193 Francolâ€˜ordianam
2871 5139 3183 5193 editionem
3207 5139 3424 5210 scripta
3453 5145 3609 5203 sunt,
3633 5153 3791 5208 qua:-

2142 5242 2254 5302 que
2287 5226 2599 5280 Hermanni
2634 5227 3235 5298 monachiAugiensis
3253 5243 3466 5283 nomen
3502 5225 3561 5280 in
3603 5226 3792 5280 fronte

2139 5321 2435 5375 exaratum
2460 5320 2708 5388 gestant.
2730 5315 2868 5371 Tale
2891 5315 3187 5387 exemplar
3207 5315 3494 5388 reperitur
3507 5316 3787 5385 Augustis

2141 5407 2293 5480 apud
2317 5406 2376 5461 S.
2401 5405 2759 5474 Udalricum,
2784 5421 2850 5460 ex
2879 5421 2992 5476 quo
3016 5404 3299 5460 Henricus
3319 5403 3586 5460 Canisius
3617 5419 3788 5458 suam

2140 5495 2453 5552 editionem
2485 5493 2816 5565 exscripsit.
2870 5492 3009 5548 Tale
3065 5493 3242 5548 etiam
3301 5493 3412 5548 fuit
3468 5491 3610 5546 illud
3673 5507 3791 5562 quo

2139 5585 2424 5643 Urstisius
2457 5582 2565 5637 fuit
2594 5598 2762 5651 usus,
2792 5580 2932 5637 talia
2961 5581 3198 5635 fuerunt
3225 5597 3293 5636 ea
3338 5596 3468 5652 quae
3495 5578 3794 5637 Arnoldus

2147 5673 2314 5736 Wion
2337 5689 2399 5730 se
2419 5671 2636 5728 vidisse
2665 5674 2768 5727 aut
2795 5669 3007 5746 legisse
3025 5669 3252 5742 asserit;
3275 5669 3418 5727 talia
3441 5671 3579 5725 sunt
3602 5669 3796 5731 multa
