4026 6228
246 444 322 516 ιτ
1686 432 2271 502 PROLOGOMENA
2286 480 2300 498 .
3602 435 3680 504 1,8

253 582 397 642 hinc
428 581 569 642 inde
600 582 666 646 in
697 579 878 640 variis
905 577 1270 639 bibliothecis
1300 577 1920 643 asservata.0uomodo
1951 574 2004 638 Α
2033 580 2427 640 certissimum
2459 582 2568 646 est,
2600 583 2658 636 et
2678 578 2737 635 in
2767 575 3049 634 Chronico
3080 573 3324 634 auctiori
3355 589 3459 648 per
3501 571 3678 630 Cani-

260 691 399 749 ergo
430 673 612 748 (quod
647 672 891 746 quidam
924 670 1087 742 dixit)
1119 686 1290 726 nemo
1322 685 1582 740 unquam
1629 666 1918 722 dubitavit

265 764 672 822 Hermannum
706 761 889 818 fuisse
918 765 972 814 S.
1007 760 1154 816 Galli
1199 758 1550 814 monachum
1602 763 1916 828 antequam

265 854 394 925 eius
406 852 744 908 Chronicon
760 849 1118 906 Francoforti
1131 849 1388 921 prodiret
1409 850 1436 903 ?
1455 847 1664 903 Verius
1678 845 1920 918 proinde

267 941 512 998 dixerim
536 957 644 1014 ego
668 944 806 996 ante
827 937 1133 995 'I‘rithemii
1161 937 1729 1008 temporaneminem
1745 935 1921 991 exsti-

264 1030 410 1088 tisse
439 1030 540 1103 qui
575 1047 692 1086 non
727 1030 986 1085 crederet
1025 1029 1425 1083 Hermannum
1458 1027 1639 1082 fuisse
1669 1025 1918 1097 Augien-

265 1136 418 1187 sem,
434 1120 590 1191 quod
606 1118 851 1191 antiqua
863 1116 1235 1190 exemplaria,
1261 1117 1330 1172 de
1353 1116 1569 1188 quibus
1592 1115 1764 1170 modo
1779 1113 1920 1178 dixi,

266 1209 480 1265 docere
526 1211 794 1281 possunt.
848 1212 1026 1262 Porro
1071 1211 1136 1262 ut
1180 1206 1417 1262 tandem
1466 1203 1920 1260 controversiam

267 1295 425 1354 hanc
449 1295 953 1365 ﬁniamus,audire
978 1294 1154 1350 etiam
1179 1293 1384 1349 ultimo
1409 1293 1614 1348 liberet
1632 1309 1758 1364 quae
1775 1296 1923 1346 San-

264 1384 572 1442 Gallenses
599 1387 965 1458 argumenta,
1000 1400 1145 1455 quas
1178 1383 1434 1438 rationes
1475 1398 1738 1454 quosque
1770 1381 1918 1437 anti-

266 1491 421 1547 quos
452 1473 683 1530 codices
715 1489 821 1545 pro
854 1487 918 1528 se
940 1473 1254 1537 adducant,
1281 1471 1497 1543 quibus
1522 1472 1921 1527 Hermannum

268 1563 387 1622 sibi
416 1562 1036 1618 ascribant.Hactenus
1056 1561 1212 1616 enim
1246 1560 1393 1616 nihil
1427 1559 1667 1615 allatum
1699 1562 1787 1614 est
1808 1575 1921 1630 quo

267 1652 384 1709 San
421 1650 710 1707 Gallensis
740 1651 1107 1723 probaretur.
1142 1651 1330 1715 Quare
1361 1649 1410 1704 si
1443 1649 1620 1704 etiam
1675 1647 1924 1703 sciretur

267 1757 386 1797 non
421 1740 605 1796 fuisse
632 1739 1237 1812 Augiensis,nondum
1268 1742 1463 1793 tamen
1483 1739 1774 1792 constaret
1795 1751 1923 1792 esse

265 1826 945 1884 San-Gallensem.Unde
967 1831 1379 1900 praeposteram
1412 1843 1540 1882 esse
1566 1841 1769 1881 censes
1791 1841 1918 1880 eam

269 1917 620 2007 disputandi
633 1916 1172 2007 rationem,quando
1181 1915 1707 2007 audacter‘quidem
1720 1913 1919 2007 aliena
1952 1943 2000 2007 Β

264 2004 595 2072 sententia,
629 2005 1005 2076 quantumvis
1031 2004 1291 2070 munitae,
1316 2003 1658 2071 insultatur,
1687 2001 1922 2074 propria

263 2107 404 2146 vero
436 2089 1076 2163 negligitur,nullisque
1106 2092 1470 2164 argumentis
1491 2089 1921 2147 obfirmatur.Si

264 2196 406 2252 ergo
423 2178 941 2235 San-Gallensium
961 2180 1211 2236 rationes
1224 2179 1440 2236 nostris
1454 2179 1773 2252 aliquando
1794 2179 1918 2234 effi-

265 2269 530 2332 caciores
559 2269 1054 2340 perspexerimus,
1089 2286 1260 2324 nemo
1283 2269 1544 2342 ambigat
1568 2285 1673 2324 nos
1694 2266 1919 2324 veritati

263 2357 519 2413 libenter
545 2356 739 2413 locum
773 2358 1035 2426 daturos,
1068 2357 1346 2430 litemque
1375 2374 1511 2413 mox
1559 2373 1791 2414 omnem
1827 2371 1917 2412 se-

266 2445 561 2518 pulturos.
592 2446 1011 2502 Verumtamen
1044 2447 1224 2503 donec
1255 2447 1327 2502 ab
1359 2448 1431 2503 iis
1461 2446 1706 2502 certiora
1755 2445 1916 2500 inve-

267 2535 532 2600 niantur,
564 2539 763 2589 noster
804 2540 1040 2590 maneat
1086 2537 1372 2607 tantisper
1418 2537 1810 2598 Hermannus,
1860 2538 1919 2591 et

265 2639 403 2678 cum
436 2638 743 2694 speremus
774 2623 897 2679 fore
929 2627 992 2679 ut
1019 2625 1112 2679 vix
1143 2625 1391 2680 certiora
1436 2624 1756 2691 inveniant,
1808 2640 1918 2679 no-

261 2712 499 2768 biscum
530 2711 706 2766 etiam
735 2713 1100 2784 perennabit.

909 2801 1285 2857 APPENDIX.

332 2890 466 2946 Jam
501 2905 536 2943 a
565 2905 656 2944 me
687 2889 890 2945 isthaec
921 2894 1293 2946 controversa
1323 2891 1393 2946 de
1423 2889 1739 2945 Hermanni
1786 2907 1912 2962 pro-

261 2979 521 3034 fessione
551 2978 905 3034 concertatio
937 2979 1102 3034 finita
1133 2983 1339 3045 erat,et
1359 2979 1572 3051 sapius
1596 2983 1916 3034 memorato

263 3067 332 3123 Β.
369 3068 433 3122 Ρ.
470 3066 717 3123 Mezlero
749 3067 1157 3124 San-Gallensi
1190 3069 1562 3134 transmissa,
1605 3069 1742 3134 ut,si
1775 3068 1912 3140 quid

265 3156 468 3211 minus
493 3155 549 3210 in
574 3172 640 3211 ea
661 3156 952 3211 videretur
973 3157 1209 3211 ﬁrmum
1232 3160 1286 3212 et
1309 3156 1914 3224 solidum,annotarct,

263 3262 334 3301 ac
389 3245 722 3312 contrariis,
784 3245 832 3300 si
891 3245 1222 3301 robustiora
1263 3245 1520 3314 haberet,
1554 3245 1915 3318 argumentis

2037 671 2191 726 sium
2222 671 2395 738 edito,
2429 675 2485 726 et
2514 687 2671 726 nunc
2702 670 2874 726 etiam
2903 669 3125 725 tom.IX
3156 665 3677 725 Bibliotb.Patrum

2036 760 2254 817 inserto
2286 760 2592 817 manifeste
2624 764 2884 832 apparet,
2917 765 3089 831 prout
3120 757 3269 830 aequi
3300 761 3358 814 et
3387 750 3679 830 sapientes

2032 867 2228 905 rerum
2260 866 2809 920 censores,quorum
2836 848 3076 905 arbitrio
3086 847 3382 918 judicium
3407 850 3675 904 nostrum

2027 936 2278 995 libenter
2309 939 2682 1009 subjicimus,
2715 939 3000 1006 dispicere
3021 942 3288 1012 possunt.
3309 938 3525 993 Verum
3549 931 3680 1010 qui-

2031 1028 2160 1082 dem
2193 1032 2281 1083 est
2303 1029 2565 1084 ordinem
2590 1028 2648 1082 in
2672 1028 2985 1099 antiquiori
3004 1027 3102 1083 illo
3125 1025 3408 1083 Chronico
3429 1025 3502 1082 ab
3523 1041 3676 1082 anno

2033 1118 2170 1172 1040
2203 1119 2273 1173 ad
2307 1118 2483 1173 finem
2515 1135 2702 1189 usque
2731 1117 2903 1190 longe
2944 1117 3128 1173 videri
3177 1117 3498 1181 diversum,
3547 1117 3676 1172 tum

2031 1207 2185 1278 quod
2219 1207 2402 1263 multo
2425 1207 2612 1262 fusior
2627 1211 2683 1262 et
2706 1207 2934 1278 longior
2952 1206 3047 1262 hic
3065 1206 3294 1272 sit,tum
3317 1204 3492 1261 etiam
3517 1204 3675 1276 quod

2030 1294 2090 1349 in
2124 1295 2601 1351 antecedentibus
2632 1293 2894 1366 singulos
2923 1293 3100 1350 etiam
3141 1309 3326 1348 annos
3375 1287 3677 1362 regiminis

2031 1383 2425 1440 Romanorum
2457 1384 2876 1455 imperatorum
2909 1380 3370 1456 apposuerit,qui
3395 1379 3454 1434 in
3477 1381 3677 1452 poste-

2031 1473 2168 1528 riori
2202 1477 2364 1544 parte
2395 1472 2598 1529 omissi
2629 1476 2787 1542 sunt,
2822 1472 3034 1528 Christi
3085 1471 3254 1528 annis
3303 1468 3676 1526 solummodo

2032 1562 2343 1618 notatis.At
2372 1579 2570 1618 revera
2599 1562 2924 1618 Chronicon
2957 1577 3170 1618 novum
3190 1563 3247 1616 et
3267 1557 3498 1615 auctius
3520 1574 3678 1613 nunc

2030 1651 2549 1724 evulgatum,quod
2575 1670 2676 1724 pro
2693 1652 2949 1724 genuino
2979 1655 3037 1707 et
3065 1649 3327 1723 legitimo
3357 1645 3679 1704 Hermanni

2032 1740 2149 1796 fetu
2199 1741 2533 1798 habendum
2578 1746 2695 1808 est,
2757 1741 2976 1814 ubique
3031 1739 3226 1796 simile
3267 1755 3510 1811 prorsus
3567 1740 3676 1793 est.

2030 1834 2216 1886 Causa
2243 1848 2374 1887 vero
2407 1848 2588 1901 quare
2618 1831 2677 1886 in
2711 1830 3014 1902 posteriori
3047 1833 3210 1902 parte
3257 1825 3532 1901 prolixior
3577 1826 3675 1892 sit,

2031 1919 2156 1974 sine
2187 1918 2362 1974 dubio
2393 1919 2492 1974 illa
2523 1920 2791 1991 est,quod
2823 1936 2891 1974 ea
2911 1936 3036 1990 qum
3068 1916 3388 1973 recentiora
3421 1916 3678 1982 fuerunt,

2029 2011 2088 2062 et
2115 2011 2282 2062 aetate
2311 2025 2420 2062 sua
2449 2011 2783 2076 evenerunt,
2819 2007 3163 2078 explicatius
3199 2011 3256 2062 et
3302 2005 3508 2076 majori
3540 2021 3683 2060 cura

2031 2096 2142 2152 sibi
2174 2096 2407 2152 duxerit
2436 2096 2765 2163 scribenda,
2798 2112 2977 2168 quam
2999 2112 3068 2152 ea
3087 2112 3212 2167 quae
3230 2095 3304 2150 ab
3325 2095 3462 2151 orbe
3485 2096 3679 2166 creato

2030 2187 2102 2242 ad
2132 2203 2241 2241 sua
2269 2202 2458 2258 usque
2487 2189 2754 2258 tempore.
2769 2184 3310 2257 contigere,qua3,ut
3327 2199 3477 2255 opus
3499 2197 3679 2237 suum

2029 2275 2502 2348 chronologicum
2527 2275 2685 2330 omni
2707 2290 2777 2330 ex
2797 2277 2961 2346 parte
2991 2273 3314 2346 perfectum
3346 2273 3677 2344 appareret,

2028 2365 2610 2436 compendiosissime
2639 2363 2832 2435 potius
2863 2363 3146 2434 attingere
3176 2377 3352 2433 quam
3391 2374 3677 2432 exponere

2028 2454 2438 2526 studuit,quod
2471 2452 2749 2508 nimirum
2781 2452 2956 2509 sciret
2984 2451 3057 2507 ab
3090 2450 3222 2507 aliis
3241 2449 3675 2521 antiquioribus

2026 2542 2136 2598 hoc
2164 2542 2404 2598 uberius
2436 2542 2787 2615 praestitum,
2817 2540 2963 2597 illud
2993 2557 3127 2596 vero
3157 2538 3523 2594 minime.Ad
3553 2537 3677 2594 haec

2027 2649 2142 2688 non
2193 2649 2434 2704 possum
2466 2648 2580 2686 non
2614 2630 2814 2686 mirari
2861 2647 2965 2686 cur
3011 2630 3403 2694 Hermannus,
3452 2627 3553 2699 qui
3601 2627 3676 2684 ad

2026 2738 2215 2793 usque
2245 2739 2352 2776 sua
2382 2726 2644 2793 tempora
2666 2719 2962 2776 succincte
2993 2719 3254 2791 quidem,
3281 2717 3384 2774 sed
3408 2719 3676 2774 accurate

2025 2809 2330 2866 historiam
2361 2825 2529 2866 suam
2562 2808 3082 2880 perduxit,ea,qua3
3113 2823 3219 2863 suo
3251 2822 3367 2860 δενο
3388 2805 3673 2874 accidere,

2026 2897 2471 2970 praetermisisse
2501 2897 2749 2953 dicatur.
2785 2897 2924 2962 Quis
2963 2896 3119 2953 enim
3167 2895 3276 2951 sibi
3328 2895 3678 2966 persuadeat

2024 2988 2323 3044 hominem
2347 2987 2565 3043 laboris
2591 2987 2871 3059 cupidum
2885 2985 3208 3042 ethistorice
3223 2986 3522 3040 amantem
3536 2983 3676 3040 totis

2027 3077 2093 3132 14
2121 3076 2312 3142 annis,
2345 3076 2561 3147 quibus
2591 3076 2665 3130 ab
2696 3093 2849 3131 anno
2880 3073 3093 3130 Christi
3134 3073 3274 3130 1040
3314 3073 3468 3128 inter
3512 3071 3676 3130 vivos

2026 3165 2217 3220 adhuc
2248 3165 2376 3232 fuit,
2406 3183 2439 3221 a
2469 3165 2776 3221 scribendo
2807 3179 3072 3220 cessasse
3097 3167 3154 3218 et
3183 3161 3430 3217 otiatum
3454 3159 3676 3217 fuisse?

2024 3257 2099 3308 At
2127 3269 2280 3321 vero,
2315 3257 2378 3308 ut
2406 3255 2771 3324 conjecturas
2800 3253 2946 3308 alias
2976 3252 3226 3308 intactas
3243 3249 3671 3322 relinquamus,

262 3332 654 3391 refelleret.At
683 3334 830 3389 nihil
861 3334 1188 3406 ille,pra2ter
1216 3311 1520 3406 antiquam
1552 3311 1712 3390 illam
1744 3352 1913 3390 suam
1945 3311 1988 3379 (αἶ
2025 3341 2181 3397 aliud
2213 3311 2602 3414 inseparabile
2631 3340 2960 3413 argumenti
2992 3341 3171 3396 robur
3199 3355 3261 3395 se
3291 3311 3462 3394 nobis
3481 3311 3669 3405 offert,

262 3424 438 3480 toties
471 3423 778 3494 repetitam
811 3424 1105 3478 crambem
1139 3423 1374 3488 recoxit,
1426 3439 1694 3480 asserens
1739 3426 1914 3480 verba

262 3512 366 3567 illa
398 3511 916 3582 Chronici,quibus
938 3529 1117 3583 supra
1138 3511 1327 3568 fusius
1347 3511 1545 3568 relatis
1573 3513 1912 3584 probavera-

263 3619 400 3657 mus
431 3602 836 3656 Hermannum
866 3601 1219 3672 Augiensem
1247 3615 1395 3669 esse,
1427 3614 1540 3657 non
1573 3617 1701 3658 esse
1732 3603 1911 3659 fetum

264 3688 612 3754 Hermanni,
671 3688 1014 3760 addiditque
1073 3693 1254 3744 totam
1304 3689 1590 3761 reliquam
1642 3691 1912 3748 Chronici

266 3783 501 3852 partem
533 3794 654 3847 qua:
672 3781 762 3832 est
789 3779 862 3832 ab
891 3794 1042 3832 anno
1075 3778 1214 3832 1040
1241 3793 1369 3833 esse
1392 3780 1916 3850 supposititiam,et

265 3865 521 3924 auctarii
552 3864 672 3920 loco
702 3866 774 3920 ab
813 3865 1010 3936 aliquo
1041 3865 1154 3921 alio
1207 3867 1669 3938 superadjectam
1699 3887 1711 3936 ;
1757 3873 1910 3941 quod

266 3954 574 4014 evidenter
593 3959 757 4010 ratus
781 3957 870 4010 est
890 3954 1025 4009 inde
1046 3971 1108 4010 se
1130 3956 1566 4012 demonstrasse
1588 3959 1740 4028 quod
1765 3960 1916 4014 vide-

266 4047 407 4102 licet
453 4044 515 4098 in
539 4043 879 4114 ‘antiquiori
929 4043 1211 4099 Chronico
1261 4060 1420 4100 mors
1460 4050 1517 4099 et
1543 4045 1745 4103 laudes
1776 4047 1914 4103 Her-

264 4133 471 4191 manni
506 4134 576 4188 ad
608 4149 829 4188 annum
860 4131 1070 4187 Christi
1103 4133 1237 4188 1054
1281 4131 1586 4205 descripta
1617 4135 1916 4192 invenian-

263 4229 382 4281 tur.
420 4229 537 4279 Hoc
567 4226 758 4278 autem
789 4225 944 4278 certe
975 4215 1371 4277 Hermannum
1403 4228 1678 4296 praestare
1699 4242 1918 4298 nequa-

265 4329 450 4386 quam
486 4311 766 4383 potuissc,
800 4311 902 4367 sed
932 4327 1235 4368 necessum
1267 4329 1393 4368 esse
1424 4314 1495 4368 ab
1520 4313 1632 4369 alio
1663 4315 1915 4385 factum;

2021 3431 2209 3500 quoad
2224 3431 2612 3486 versariorum
2634 3430 2784 3486 male
2805 3429 3012 3486 fultam
3036 3428 3368 3500 opinionem
3393 3425 3670 3482 facillimo

2021 3518 2254 3588 negotio
2284 3519 2664 3585 subruamus,
2698 3520 2851 3590 quod
2883 3519 3053 3573 credo
3082 3517 3216 3572 illos
3257 3515 3669 3571 dissimulasse

2021 3607 2216 3677 potius
2248 3624 2426 3678 quam
2458 3625 2570 3662 non
2603 3606 3093 3663 advertisse.Tam
3115 3604 3269 3660 enim
3293 3602 3668 3675 perspicuum

2021 3699 2206 3761 est,ut
2233 3694 2409 3750 etiam
2442 3713 2475 3750 a
2507 3695 2714 3750 modici
2747 3695 2806 3749 in
2833 3693 3077 3750 historia
3096 3696 3322 3749 versato
3346 3709 3463 3747 non
3486 3691 3674 3763 possit

2022 3800 2138 3838 non
2171 3783 2548 3854 deprehendi.
2583 3785 2651 3838 Et
2688 3784 3008 3854 quodnam,
3040 3782 3295 3853 inquies,
3327 3779 3474 3837 illud
3495 3781 3522 3834 ?
3550 3780 3670 3836 Hoc

2023 3875 2174 3927 certe
2205 3872 2358 3942 quod
2392 3870 2450 3926 in
2482 3871 2603 3939 illa,
2648 3887 2825 3942 quam
2875 3874 3091 3941 negant
3138 3868 3454 3924 Hermanni
3494 3867 3671 3923 telam

2023 3975 2173 4024 esse,
2224 3958 2491 4013 Chronici
2549 3958 2867 4030 posteriore
2910 3960 3074 4028 parte
3104 3957 3174 4011 ad
3206 3970 3428 4010 annum
3460 3953 3675 4010 Christi

2027 4049 2166 4105 1052
2198 4063 2357 4103 mors
2387 4047 2671 4102 Hiltrudis
2707 4045 3041 4111 comitissae,
3077 4043 3392 4100 Hermanni
3443 4043 3672 4110 matris,

2024 4136 2244 4191 talibus
2272 4135 2463 4191 verbis
2485 4134 2850 4190 describatur
2870 4132 3145 4206 qualibus
3161 4148 3332 4187 nemo
3354 4130 3504 4188 alius
3530 4147 3676 4204 prae-

2027 4228 2114 4279 ter
2141 4227 2562 4289 Hermannum,
2598 4226 2796 4295 utpote
2827 4223 2954 4294 ejus
2982 4221 3194 4287 filium,
3234 4221 3318 4276 uti
3360 4220 3568 4293 potuit.
3599 4219 3683 4278 Ex

2029 4314 2244 4385 quibus
2276 4313 2518 4385 proinde
2549 4311 2942 4368 clarissimum
2979 4312 3077 4367 fiat
3106 4327 3233 4366 eam
3253 4309 3522 4366 Chronici
3547 4326 3679 4381 par-

268 4403 342 4459 de
374 4418 492 4473 quo
522 4416 628 4472 ego
661 4399 832 4472 plane
853 4416 966 4455 non
991 4400 1718 4475 ambigo,etlibenteripse
1740 4406 1922 4462 fateor
2030 4409 2144 4458 tem
2179 4404 2399 4458 nemini
2435 4403 2547 4458 nisi
2598 4403 2929 4458 Hermanno
2980 4418 3151 4474 posse
3199 4399 3433 4456 ascribi.
3490 4399 3684 4456 Verba

271 4495 527 4547 mortem
560 4487 688 4558 ejus
719 4489 790 4543 ab
822 4486 938 4543 alio
970 4503 1097 4544 esse
1126 4489 1500 4561 descriptam,
1542 4492 1694 4548 sicut
1723 4499 1781 4549 et
1810 4495 1924 4551 alia
2031 4496 2228 4548 autem
2260 4495 2400 4546 sunt
2445 4491 2596 4546 ista:
2649 4491 2844 4546 Eodem
2886 4499 3122 4560 tempore
3168 4506 3203 4544 v
3258 4487 3379 4544 Idus
3425 4488 3688 4545 Januarii

274 4595 408 4652 qua:
422 4577 553 4645 eius
568 4576 793 4631 obitum
814 4581 1014 4632 secuta
1034 4579 1265 4632 sunt.At
1289 4577 1612 4651 intelligere
1634 4596 1739 4654 ego
1764 4583 1925 4640 nulla
2031 4589 2210 4636 mater
2238 4597 2358 4636 mea
2392 4580 2680 4646 Hiltriuiis,
2725 4579 3020 4652 Wolferadi
3051 4579 3266 4634 comitis
3315 4592 3458 4634 uxor
3505 4576 3690 4634 admo-

271 4668 506 4724 ratione
551 4681 793 4738 possum
851 4681 956 4720 cur
1002 4665 1200 4720 statim
1252 4665 1426 4722 etiam
1480 4685 1548 4724 ea
1576 4671 1775 4726 omnia
1805 4689 1929 4744 qua:
1961 4679 2008 4742 ι)
2038 4669 2169 4724 dum
2191 4671 2309 4742 pia,
2336 4669 2480 4724 diem
2510 4670 2769 4723 ultimum
2797 4670 3017 4737 clausit,
3049 4672 3157 4722 etc.
3186 4685 3198 4735 ;
3232 4667 3322 4722 cui
3358 4675 3418 4722 ut
3443 4682 3545 4740 pro
3574 4669 3689 4740 epi-

274 4758 533 4812 mortem
565 4755 690 4825 ejus
714 4753 1154 4826 praecedunt,ab
1179 4771 1332 4810 anno
1350 4755 1570 4813 scilicet
1589 4757 1729 4822 10110
1751 4779 1939 4834 usque

273 4842 348 4902 ad
384 4848 609 4900 annum
643 4843 804 4913 1054,
836 4843 899 4897 in
934 4858 1108 4914 quem
1151 4843 1345 4899 obitus
1375 4846 1502 4916 ejus
1534 4847 1759 4921 incidit,
1791 4854 1938 4906 Iler-

279 4948 504 4990 manno
526 4929 924 5002 adjndicanda
979 4931 1117 4987 sint.
1167 4931 1455 5003 Equidem
1507 4937 1776 5008 suspicor
1821 4957 1937 4996 non

280 5022 461 5079 aliam
495 5021 568 5078 ob
599 5036 841 5077 causam
873 5019 984 5075 hoc
1013 5019 1622 5096 excogitatum‘quam
1672 5031 1737 5081 ut
1765 5029 1940 5085 verba

279 5112 382 5168 illa
413 5127 564 5166 anno
596 5110 810 5166 Christi
847 5110 990 5166 1048
1020 5109 1229 5181 posita,
1276 5111 1488 5182 quibus
1538 5112 1936 5172 Hermannum

277 5200 633 5272 Augiensem
665 5200 854 5255 fuisse
889 5203 1087 5269 aperte
1139 5199 1600 5268 conviceramus,
1634 5203 1834 5275 spuria
1883 5210 1939 5261 et

279 5292 503 5346 incerta
531 5276 1112 5345 redderentur.Undc
1137 5287 1184 5342 si
1217 5287 1360 5343 nihil
1395 5289 1550 5345 aliud
1585 5299 1935 5364 superesset,

282 5385 473 5434 totum
506 5379 807 5436 sententia:
841 5380 1056 5432 nostrae
1077 5377 1520 5434 fundamentum
1545 5386 1819 5449 rueret,et
1839 5400 1941 5454 per

283 5485 652 5541 consequens
673 5463 1198 5524 San-Gallensium
1221 5466 1416 5538 opinio
1439 5469 1937 5527 fortiorevaderet.

281 5557 340 5613 Si
371 5557 532 5613 dicas
581 5556 986 5614 diversitatem
1038 5553 1173 5626 styli
1227 5557 1281 5610 et
1331 5556 1588 5612 methodi
1646 5558 1940 5614 diversum

276 5647 453 5705 etiam
493 5652 790 5704 auctorem
825 5643 1014 5717 loqui,
1048 5642 1241 5698 dicam
1273 5659 1377 5716 ego
1399 5644 1616 5716 stylum
1640 5649 1694 5702 et
1715 5647 1944 5703 metho-

280 5739 422 5797 dum
455 5739 753 5811 eamdem,
787 5734 1072 5794 eumdem
1105 5737 1402 5790 auctorem
1462 5734 1735 5802 clamare,
1787 5736 1946 5806 quod

2049 4759 2237 4831 taphio
2266 4760 2361 4814 hos
2389 4759 2624 4814 scribere
2654 4774 2836 4812 versus
2871 4757 3034 4812 libuit
3059 4773 3071 4811 :

2108 4893 2275 4942 Mater
2305 4904 2614 4956 egenorum,
2647 4905 2770 4955 spes
2799 4891 3165 4954 auxiliumque
3194 4902 3434 4948 suorum,
3465 4889 3565 4938 etc.

2047 5027 2176 5083 Haec
2205 5025 2323 5082 ille.

2118 5116 2433 5170 Fateantur
2457 5131 2592 5188 ergo
2617 5129 2853 5170 necesse
2874 5119 2964 5170 est
2996 5112 3152 5168 istud
3171 5107 3536 5182 epitaphium
3560 5109 3697 5167 Her-

2049 5204 2246 5259 manni
2299 5221 2425 5259 esse
2475 5205 2676 5270 fctum,
2727 5202 2878 5258 sicut
2909 5207 2965 5257 et
2995 5200 3150 5255 dicta
3178 5198 3354 5253 verba
3382 5196 3453 5253 ad
3483 5196 3698 5256 Christi

2047 5310 2269 5350 annum
2305 5294 2444 5347 1052
2473 5294 2543 5348 de
2575 5291 2860 5346 Hiltrudis
2891 5289 3049 5344 obitu
3083 5286 3258 5343 dicta.
3294 5286 3411 5344 Hoc
3444 5303 3579 5344 cum
3618 5289 3701 5346 ita

2066 5399 2127 5438 se
2157 5381 2372 5437 habere
2407 5379 2570 5435 fateri
2596 5376 2912 5434 adversarii
2951 5375 3131 5431 velint
3165 5372 3348 5432 nolint
3397 5383 3702 5450 cogantur,

2051 5471 2185 5542 quis
2217 5487 2328 5524 non
2359 5470 2516 5525 videt
2543 5467 2760 5538 optime
2792 5464 2958 5535 sequi
2980 5464 3157 5519 verba
3177 5482 3408 5538 quoque
3429 5465 3701 5540 superius

2052 5559 2265 5630 saepius
2279 5553 2807 5625 inculcata,quibus
2821 5552 2986 5608 illum
3002 5553 3702 5626 Augiensemfeceramus,

2054 5646 2385 5702 Hermanno
2416 5660 2543 5700 esse
2574 5641 2965 5712 attribuenda,
2999 5659 3133 5698 cum
3190 5659 3257 5699 ea
3287 5660 3413 5715 quae
3445 5645 3704 5714 sequun-

2057 5739 2173 5806 tur,
2201 5751 2445 5807 quaeque
2495 5732 2866 5802 antecedunt,
2898 5734 3120 5807 absque
3150 5731 3270 5791 ulla
3309 5725 3704 5796 controversia
