4026 6228
236 474 313 539 21
358 508 363 511 ς
1660 471 2082 540 PROLOGOM
2093 471 2277 540 ENA.
3593 467 3671 531 ΞΩ

247 608 579 669 editionem
601 604 1319 669 secutisuntBibliothecae
1334 614 1571 667 Patrum
1586 614 1907 677 curatores,
1939 610 1991 677 Α
2023 607 2201 666 disse.
2237 605 2623 666 Trithemius:
2660 608 2865 682 praeter
2887 604 3172 681 scriptum
3222 606 3298 666 De
3349 607 3564 666 musica
3613 610 3670 664 et

249 701 627 760 Coloniensis
652 705 797 758 tom.
830 701 921 765 XI,
954 705 1012 756 et
1048 700 1455 772 Lugdunensis
1511 705 1651 757 tom.
1707 700 1909 756 XVIII.

252 790 458 848 Daniel
491 806 729 862 quoque
740 789 1040 846 Nesselius
1060 790 1334 861 promisit
1354 806 1421 845 ex
1439 790 1696 845 Caesareo
1716 789 1912 845 codice

253 880 771 938 continuationem
801 878 981 951 hujus
1013 879 1281 935 Chronici
1319 897 1505 951 usque
1563 880 1635 935 ad
1688 896 1910 935 annum

253 970 419 1026 1347.
449 968 965 1025 Continuationem
999 968 1072 1024 ab
1100 984 1252 1023 anno
1287 969 1426 1023 1279
1453 969 1526 1024 ad
1586 970 1723 1025 1310
1780 969 1910 1024 Wi-

249 1058 433 1114 cardo
463 1058 537 1114 de
568 1056 855 1125 Polheim,
878 1057 1317 1130 archiepiscopo
1348 1057 1783 1132 Saltzburgensi
1806 1060 1908 1114 tri-

251 1146 385 1213 bui,
421 1146 770 1202 Lambecius
784 1151 927 1201 tom.
960 1147 1033 1214 ll,
1050 1164 1107 1221 p.
1122 1147 1175 1214 3,
1192 1146 1511 1213 adnotavit,
1532 1148 1632 1219 qui
1655 1152 1713 1203 et
1734 1149 1910 1203 conti-

250 1234 569 1292 nuationis
598 1251 785 1307 usque
812 1235 885 1291 ad
917 1251 1137 1291 annum
1171 1236 1305 1290 1347
1340 1235 1610 1291 meminit
1641 1253 1772 1309 pag.
1814 1238 1903 1292 70.

247 1325 484 1381 Caetera
512 1324 828 1380 Hermanni
864 1324 1083 1396 scripta
1108 1324 1265 1396 apud
1294 1326 1667 1397 Anonymum
1718 1325 1905 1382 Melli-

247 1429 496 1470 censem
527 1430 651 1485 cap.
683 1414 747 1468 91
786 1416 1189 1469 memorantur
1217 1412 1368 1469 haec:

325 1502 380 1557 1.
416 1502 571 1559 Gesta
596 1503 881 1558 Chunradi
910 1507 961 1558 et
983 1504 1226 1559 Henrici.

322 1594 381 1646 2.
415 1591 664 1648 Carnem
694 1597 778 1648 De
806 1593 1063 1662 conﬂictu
1085 1594 1201 1648 ovis
1225 1596 1277 1647 et
1303 1593 1431 1660 lini,
1460 1596 1519 1648 et
1531 1592 1686 1649 aliud
1707 1593 1765 1648 in
1789 1611 1905 1649 mo-

253 1679 404 1735 dum
439 1681 714 1737 Theoduli.
747 1680 923 1735 Aliud
955 1680 1095 1737 item
1125 1681 1200 1737 De
1218 1686 1528 1753 contemptu
1558 1682 1771 1738 mundi.
1826 1683 1906 1738 Ex

243 1769 522 1824 carmine
550 1770 625 1824 De
656 1768 950 1825 virtutibus
979 1768 1108 1825 vide
1138 1769 1381 1825 Eccardi
1399 1774 1540 1826 tom.
1566 1770 1616 1826 II
1633 1771 1904 1844 Corporis

240 1857 442 1913 medii
463 1857 587 1923 sevi,
620 1873 750 1930 pag.
782 1859 838 1913 6.

324 1947 384 2001 3.
420 1945 592 2001 Liber
617 1947 691 2001 De
701 1947 1102 2019 principalibus
1129 1949 1373 2019 computi
1392 1949 1617 2017 regulis.

326 2034 437 2090 His
463 2051 497 2090 a
528 2033 845 2091 Trithemio
876 2036 1208 2092 adduntur:
1242 2037 1295 2091 4.
1332 2037 1472 2095 Vita
1495 2037 1747 2109 plurium
1765 2055 1899 2095 san-

235 2128 485 2179 ctorum.

316 2213 373 2286 5.
408 2214 484 2286 De
512 2215 963 2286 Physiognomia.

316 2285 373 2339 6.
406 2285 484 2339 De
501 2285 894 2357 compositione
925 2285 1045 2342 sive
1098 2302 1363 2342 mensura
1419 2287 1705 2343 astrolabii
1735 2292 1792 2343 et
1837 2288 1901 2344 de

237 2373 372 2444 ejus
400 2375 801 2446 utilitate,qure
822 2375 938 2430 duo
966 2374 1183 2448 scripta
1203 2375 1431 2449 primus
1453 2375 1635 2433 edidit
1654 2378 1898 2433 Bernar-

235 2462 365 2517 dus
394 2462 502 2517 Pez
534 2466 674 2519 tom.
706 2463 785 2519 ΙΙΙ
817 2462 1102 2520 Thesauri
1130 2465 1582 2534 Anecdotorum,
1641 2471 1803 2538 parte
1836 2485 1899 2534 ιι,

238 2564 387 2621 pag.
421 2549 495 2605 95
522 2555 579 2605 et
610 2550 732 2605 106.
766 2550 883 2605 Hos
913 2554 1155 2623 propter
1183 2551 1361 2608 libros
1392 2553 1756 2609 Hermannus
1806 2552 1897 2609 in-

234 2642 453 2693 ventor
465 2637 766 2693 astrolabii
784 2637 1022 2694 habitus
1037 2639 1190 2695 fuita
1203 2639 1488 2697 Guilelmo
1508 2642 1801 2709 Durando,
1822 2660 1897 2712 1v,

236 2728 339 2793 22,
353 2724 624 2799 aliisque.
644 2726 792 2783 Vide
806 2725 1027 2783 laudati
1052 2728 1199 2784 Pezii
1218 2729 1652 2803 prolegomene,
1671 2748 1802 2804 pag.
1818 2749 1895 2787 Ix.

237 2815 356 2870 Sed
392 2819 599 2871 notum
629 2819 720 2871 est
744 2819 879 2872 ante
908 2815 1480 2891 Ptolemaeitempora
1511 2837 1683 2876 usum
1712 2824 1898 2876 astro-

241 2901 390 2959 labii
412 2904 543 2979 jam
574 2903 1009 2976 frequentatum
1045 2905 1244 2961 fuisse.

316 2993 373 3048 7.
403 2994 481 3048 De
507 2993 827 3064 eclipsibus.

317 3082 375 3137 8.
408 3082 489 3137 De
517 3082 863 3154 quadratura
893 3083 1114 3139 circuli.

2024 698 2183 754 aliud
2214 700 2287 755 De
2312 699 2675 755 monochordo
2704 699 2788 755 ait
2823 698 2975 754 dulci
3025 704 3079 755 et
3135 699 3392 769 regulare
3432 698 3669 756 melodia

2021 802 2145 843 eum
2173 791 2365 843 cantus
2393 792 2444 844 et
2469 805 2659 859 prosas
2677 789 3074 860 pulcherrimas
3093 791 3472 862 composuisse.
3499 790 3667 858 Equi-

2024 874 2121 931 bus
2150 879 2228 931 est
2250 877 2350 932 illa
2373 875 2440 931 de
2472 877 2629 932 beata
2665 878 2882 947 Virgine
2918 878 3255 945 dulcissima,
3314 876 3500 945 Salve,
3556 878 3668 934 Re-

2019 964 2157 1036 gina
2187 965 2263 1036 (2)
2294 969 2343 1020 et
2374 964 2541 1020 Alma
2574 966 2976 1037 Redemptoris
2994 967 3195 1036 Mater,
3218 970 3269 1022 et
3291 970 3506 1024 caetera
3524 983 3667 1039 qua-

2017 1069 2145 1107 rum
2172 1055 2416 1123 copiosus
2444 1058 2523 1109 est
2550 1069 2831 1109 numerus.
2866 1056 3182 1126 Sequentia
3203 1073 3458 1128 quoque,
3513 1057 3663 1126 Veni,

2015 1146 2206 1197 sancte
2235 1143 2473 1214 Spiritus
2501 1146 2555 1197 et
2583 1144 2767 1199 emitte
2794 1144 3005 1199 creditus
3035 1144 3171 1199 lucis
3201 1149 3315 1202 tua?
3343 1145 3562 1201 radium
3588 1145 3661 1200 ad

2017 1230 2189 1286 Herm
2200 1247 2420 1286 annum
2438 1235 2734 1287 auctorem
2757 1233 3023 1289 refertur.
3040 1232 3182 1289 Vide
3205 1234 3493 1290 Joannem
3513 1234 3660 1306 Ego-

2019 1336 2151 1375 nem
2177 1321 2248 1375 de
2277 1319 2429 1376 Viris
2447 1320 2780 1377 illustribus
2800 1323 2995 1394 Augiaa
3017 1323 3244 1389 Divitis,
3263 1339 3390 1396 cap.
3408 1325 3497 1390 28,
3525 1338 3657 1395 pag.

2015 1409 2142 1475 689,
2177 1412 2318 1463 tom.
2353 1408 2374 1464 Ι
2407 1410 2836 1465 Anecdotorum
2868 1411 3185 1467 Bernhardi
3219 1411 3365 1469 Pezii
3387 1414 3658 1484 partem,
3758 1449 3763 1453 ς

2016 1513 2149 1569 pag.
2181 1497 2273 1565 68,
2306 1501 2361 1552 et
2392 1498 2773 1555 Possevinum
2803 1501 2863 1555 in
2906 1501 3223 1573 Apparatu.
3268 1501 3456 1573 Longe
3488 1499 3658 1572 plura

2015 1585 2314 1641 adduntur
2342 1590 2469 1643 tum
2493 1587 2563 1642 ab
2584 1588 2786 1643 eodem
2810 1588 3157 1661 Egone,tum
3180 1604 3213 1645 a
3232 1588 3455 1644 Joanne
3476 1587 3658 1644 Metz—

2017 1672 2135 1729 lero
2152 1690 2281 1747 cap.
2299 1676 2364 1730 47
2388 1676 2466 1731 De
2486 1676 3462 1752 virisillustribusSangallensibus
3483 1678 3659 1733 tom.I

2017 1763 2281 1834 ejusdem
2302 1765 2448 1819 Pezii
2464 1770 2627 1837 parte
2653 1784 2735 1831 ιιι,
2757 1768 3029 1840 pag.582,
3046 1770 3173 1837 Ave,
3186 1767 3463 1839 praeclara
3482 1767 3656 1823 maris

2014 1851 2204 1908 Stella.
2236 1853 2501 1909 Historiae
2524 1855 2642 1911 sive
2665 1856 2867 1912 Officia
2884 1856 3362 1913 Annuntiationis
3382 1857 3440 1911 et
3457 1855 3516 1912 S.
3540 1854 3658 1911 Ma-

2011 1939 2108 1995 rias
2140 1940 2494 2013 Magdalenze
2526 1944 2985 2015 responsorium,
3019 1945 3209 2002 Simon
3266 1944 3527 2017 Barjona.
3587 1943 3657 1999 Et

2012 2030 2345 2101 sequentia:
2382 2032 2493 2087 Rea:
2521 2034 2858 2104 omnipotens
2884 2036 2955 2090 de
2984 2034 3348 2090 Ascensione
3377 2030 3610 2090 Domini
3636 2048 3651 2087 :

2009 2121 2066 2173 et
2094 2118 2350 2175 Historia
2378 2120 2448 2175 de
2478 2120 2723 2193 angelis.
2758 2122 3038 2194 Denique,
3101 2122 3429 2178 Trithemio
3480 2125 3651 2187 teste,

2010 2208 2298 2263 transtulit
2323 2211 2591 2264 nonnulla
2624 2209 2937 2267 Graecorum
2961 2211 3411 2283 philosOphorum
3430 2215 3481 2267 ct
3514 2211 3652 2266 Ara-

2011 2297 2140 2352 bum
2162 2298 2557 2369 astrologorum
2587 2300 2871 2355 volumina
2898 2302 2959 2355 in
3004 2302 3296 2369 Latinum;
3357 2315 3389 2356 e
3435 2299 3652 2371 quibus

2006 2385 2263 2442 Joannes
2292 2386 2593 2443 Metzlerus
2650 2388 2917 2445 nominat
2973 2389 3404 2457 rhetoricamet
3445 2387 3647 2461 possin

2004 2474 2330 2531 Aristotelis
2360 2493 2428 2532 ex
2457 2476 2723 2534 Arabico.
2756 2478 3004 2551 Scripsit
3032 2477 3207 2534 etiam
3238 2478 3525 2551 hymnum
3545 2493 3649 2533 seu

2006 2563 2345 2636 rhythmum
2378 2565 2743 2638 applaudens
2771 2566 2970 2640 gloriae
3000 2568 3230 2624 Henrici
3254 2570 3303 2623 ΙΙ
3335 2567 3648 2640 imperato-

2006 2652 2110 2717 ris,
2140 2670 2296 2721 cum,
2322 2654 2559 2712 Obhone
2589 2656 2751 2728 regni
2812 2655 3077 2731 Ungariae
3131 2656 3396 2713 invasore
3456 2654 3649 2728 pulso,

2004 2740 2241 2797 Petrum
2274 2741 2601 2815 legitimum
2633 2744 2955 2819 principem
2979 2745 3256 2804 restituit.
3284 2744 3493 2818 Incipit
3530 2743 3652 2800 haec

2005 2828 2326 2885 cantilena:
2358 2833 2467 2888 νοω
2485 2833 2603 2889 haec
2624 2834 2788 2889 melos
2806 2838 3035 2906 pangat.
3060 2833 3207 2890 Vide
3222 2832 3555 2890 Albericum
3589 2832 3650 2888 in

2005 2916 2284 2973 Chronico
2306 2918 2379 2973 ad
2409 2936 2499 2974 an.
2540 2921 2696 2975 1045.
2730 2921 3049 2977 Hermanni
3077 2920 3257 2993 hujus
3278 2920 3534 2993 elogium
3556 2920 3653 2975 hi-

2006 3005 2286 3061 storicum
2318 3008 2391 3062 ab
2421 3008 2547 3078 ejus
2580 3008 2853 3065 familiari
2879 3026 3033 3066 anno
3063 3011 3209 3066 forte
3233 3009 3652 3067 1054601180ΐί-

2007 3099 2172 3166 ptum
2205 3112 2236 3150 e
2266 3112 2377 3151 ms.
2420 3096 2615 3153 codice
2644 3099 3082 3155 Vindobonensi
3105 3100 3268 3156 dedit
3297 3097 3654 3156 Muratorius

314 3170 370 3261 9.
408 3176 490 3228 De
516 3173 779 3261 conﬂictu
809 3172 1287 3261 rhtymomachiw.
2005 3182 2204 3255 Antiq.
2236 3187 2377 3240 tom.
2414 3186 2508 3251 ΙΙΙ,
2541 3204 2673 3259 pag.
2708 3189 2832 3244 933.
2868 3190 2931 3244 In
2962 3205 3030 3244 eo
3060 3204 3217 3255 vero,
3243 3191 3455 3260 praeter
3476 3204 3653 3261 opera

318 3260 408 3314 40.
445 3260 757 3328 Honorius,
791 3277 870 3330 ιν,
902 3260 992 3331 l2,
1035 3260 1239 3317 scribit
1292 3262 1635 3320 dulcisonum
1672 3273 1898 3320 cantum
2005 3270 2297 3327 Contracti
2319 3272 2413 3328 hic
2443 3276 2750 3342 recensita,
2783 3280 3280 3333 commemoratur
3307 3260 3540 3332 libellus
3581 3277 3655 3331 De

244 3349 685 3422 composuisse.
706 3350 1415 3420 AnonymusMellicensis
1440 3354 1747 3409 :inmusica
1761 3371 1898 3426 pene
1927 3351 1969 3418 C
2006 3368 2120 3416 octo
2150 3362 2306 3416 viciis
2343 3364 2673 3433 capitalibus
2693 3366 3027 3437 jocundulus
3057 3367 3289 3421 metrica
3334 3365 3654 3422 diversitate

251 3438 535 3494 modernis
563 3439 819 3494 omnibus
836 3439 1195 3508 subtiliorem,
1216 3442 1519 3497 cantilenas
1536 3443 1809 3514 plurimas
1829 3444 1894 3500 de
2004 3448 2229 3505 liricum
2250 3452 2463 3522 poetice
2495 3451 2648 3524 (sic).

241 3530 477 3598 musica,
508 3535 815 3599 cantusque
837 3527 904 3583 de
931 3530 1154 3600 sanctis,
1185 3530 1320 3585 satis
1348 3531 1715 3588 auctorabiles
1771 3532 1893 3588 edi-

238 3679 316 3751 (2)
346 3679 512 3751 Hanc
550 3677 670 3751 alii
728 3679 931 3734 minus
987 3678 1384 3736 verisimiliter
1438 3682 1725 3738 Ademaro
1790 3683 1896 3739 Po-

237 3749 434 3807 diensi
467 3749 1111 3874 episcopotribuerunt,
1144 3752 1299 3806 unde
1312 3751 1623 3823 Antiphona
1650 3754 1896 3813 ἀειροίίἰο

237 3822 399 3882 apud
427 3820 499 3874 Al
550 3820 768 3876 ericum
790 3821 851 3875 in
884 3821 1169 3879 Chronico
1197 3823 1273 3878 ad
1296 3840 1390 3878 an.
1414 3824 1574 3882 1130.
1598 3841 1729 3882 nan.
1748 3828 1857 3882 263
1881 3845 1895 3882 :

235 3822 399 3948 apud
427 3822 768 3876 Albericum
790 3822 851 3875 in
884 3822 1169 3904 Chronico
1197 3823 1273 3878 ad
1296 3840 1390 3904 an.
1414 3822 1574 3891 {130,
1596 3841 1729 3898 pag.
1748 3828 1857 3882 263
1881 3845 1895 3897 ;

236 3911 271 3949 a
296 3910 333 3948 ιι
368 3896 549 3948 Petro
572 3891 642 3947 de
657 3891 1018 3962 Monsoncio,
1039 3909 1311 3966 episcopo
1324 3911 1477 3950 circa
1497 3913 1589 3950 an.
1614 3898 1719 3951 960
1735 3897 1899 3954 Com-

2047 3687 2813 3760 ostellano.VideNicolaum
2833 3691 3177 3760 Antonium,
3201 3690 3655 3759 v1,lt,Biblioth.

2058 3764 2133 3835 et.
2173 3762 2601 3835 Hispan.,pag.
2634 3765 2775 3831 579;
2810 3764 2867 3818 S.
2891 3763 3172 3835 Bernardi
3196 3762 3563 3835 Opera,tom.
3584 3765 3657 3835 Il,

2007 3831 2146 3887 edit.
2180 3831 2339 3887 novae
2358 3831 2785 3889 MabillOnianaa
2808 3834 3135 3890 Paris.1819
3157 3831 3283 3902 foli,
3308 3836 3509 3905 p.738,
3527 3834 3655 3889 749.

234 4047 3664 4080 m

535 4170 754 4299 AD
851 4168 1361 4301 VITAM
1456 4172 2314 4306 HERMANNI
2413 4175 3345 4311 CONTBACTI

1430 4371 1863 4446 PROLOGUS
1913 4375 2172 4448 USSEB
2186 4380 2421 4449 MANN
2430 4380 2478 4449 Ι.

849 4515 1182 4587 (Germaniae
1208 4532 1385 4577 sacrae
1408 4519 1760 4591 Prodromus,
1790 4526 1932 4580 tom.
1966 4523 2012 4593 Ι,
2044 4527 2116 4582 ad
2147 4527 2366 4585 calcem
2397 4528 2665 4586 Chronici
2695 4530 3061 4601 Ilermanni.)

1758 4673 2157 4690 ᾗ

256 4771 613 4839 llermanni
639 4764 934 4859 Chronici
957 4766 1456 4859 continuationem
1477 4771 1698 4842 praefati
1716 4773 1896 4829 nostri
1935 4779 1977 4843 Ι)
2011 4775 2410 4834 Hermannum
2432 4782 2676 4851 spectat,
2697 4779 2791 4836 hic
2805 4780 3402 4843 desideretur.Edidit
3432 4783 3671 4859 quidem

190 4871 424 4928 codices
489 4858 923 4932 auSpicantur
950 4856 1023 4910 ab
1076 4857 1343 4926 ejusdem
1390 4858 1546 4927 Vita,
1604 4860 1821 4933 scripta
1868 4879 1902 4917 a
2013 4865 2198 4934 illam,
2229 4884 2264 4923 a
2292 4871 2492 4922 nostra
2524 4885 2731 4939 parum
2764 4869 3076 4939 diversam,
3108 4873 3167 4926 et
3210 4886 3245 4923 a
3282 4871 3357 4928 el.
3418 4856 3669 4931 darellio

201 4955 547 5021 Bertholdo,
568 4951 720 5021 ejus
736 4943 1058 5015 discipulo,
1073 4948 1751 5021 uttestaturAnonymus
1770 4950 1906 5006 Mel-
2021 4957 2131 5012 sibi
2165 4974 2194 5013 e
2225 4958 2487 5013 Caesarea
2506 4957 2940 5014 Vindobonensi
2971 4957 3324 5015 bibliotheca
3345 4958 3669 5018 communi-

204 5046 446 5103 licensis
480 5041 679 5113 (libro
718 5035 798 5090 De
829 5032 1007 5104 Scrip.
1036 5035 1188 5102 eccl.,
1222 5052 1273 5090 c.
1335 5037 1427 5107 92)
1490 5054 1556 5092 ac
1620 5037 1912 5095 Murensis
2022 5046 2526 5114 catam,Lud.Ant.
2550 5046 2907 5103 Muratorius
2928 5045 3218 5119 Antiquit.
3244 5046 3373 5104 Ital.
3398 5053 3539 5105 tom.
3568 5047 3665 5103 ΙΙΙ.

217 5135 410 5197 codex,
446 5128 561 5204 qui
600 5125 682 5182 ad
718 5121 946 5178 calcem
1006 5122 1277 5181 Chronici
1338 5124 1656 5183 Hermanni
1707 5132 1908 5184 notat:
2023 5151 2080 5206 p.
2113 5136 2238 5202 933,
2274 5137 2384 5190 sub
2414 5136 2651 5192 nomine
2697 5138 2877 5209 Elogii
2918 5136 3235 5194 Hermanni
3266 5135 3548 5195 Contractt'
3599 5136 3669 5192 ab

228 5221 428 5278 Abhinc
452 5211 837 5275 Bertholdus,
868 5227 934 5300 ac
957 5227 1091 5300 mox
1112 5211 1645 5271 VitamHermanni
1665 5216 1909 5272 orditur.
2022 5224 2139 5295 ejus
2167 5226 2445 5296 [amiliari
2471 5228 2784 5299 conscripti.
2818 5228 2930 5283 Sed
2964 5227 3022 5282 in
3047 5241 3368 5300 paucorum
3393 5224 3669 5283 manibus

229 5310 300 5365 De
327 5325 444 5380 quo
468 5305 732 5378 quidem
772 5298 1088 5355 Bertholdo
1118 5301 1519 5374 diximusjam
1544 5303 1603 5359 in
1626 5304 1911 5361 disserta-
2024 5318 2163 5369 sunt
2184 5312 2297 5370 ista
2317 5313 2635 5369 volumina.

234 5399 382 5452 tione
416 5394 625 5469 operis
659 5389 909 5465 praevia.

296 5495 491 5552 Vitam
522 5492 721 5566 igitur
780 5488 941 5544 hanc
998 5489 1426 5546 continuationi
1484 5508 1554 5547 ex
1614 5492 1917 5549 codicibus

240 5582 440 5640 nostris
462 5578 960 5655 prsemittendam
983 5578 1357 5648 censuimus,
1383 5584 1516 5635 tum
1540 5584 1601 5636 ut
1617 5580 1916 5637 Bertholdi

239 5669 401 5744 hujus
432 5671 684 5743 scripta,
722 5685 858 5741 quae
889 5665 1133 5738 quidem
1161 5666 1527 5724 Mellicensis
1573 5671 1918 5739 Anonymus

247 5759 469 5832 indicat,
496 5760 745 5834 integra
766 5756 1124 5826 habeamus,
1150 5773 1285 5814 cum
1306 5757 1482 5815 etiam
1510 5762 1575 5815 ut
1595 5757 1740 5814 nihil
1763 5757 1918 5829 quod

2094 5402 2378 5474 Equidem
2402 5402 2593 5458 brevis
2615 5402 2789 5476 elogii
2821 5419 3034 5459 nomen
3055 5403 3251 5475 aptius
3273 5410 3530 5464 meretur
3551 5405 3672 5461 haec

2023 5490 2174 5553 Vita,
2209 5491 2425 5563 quippe
2456 5507 2583 5562 quae
2629 5496 2838 5563 praeter
2892 5508 3111 5564 paucas
3164 5494 3486 5552 admodum
3542 5495 3672 5550 vita

2026 5578 2290 5651 ejusdem
2330 5578 2826 5646 circumstantias,
2864 5581 3148 5637 virtutum
3196 5582 3326 5654 ejus
3385 5583 3671 5651 encomia,

2027 5682 2094 5723 ac
2122 5683 2365 5738 operum
2397 5665 2555 5721 illius
2583 5666 2907 5723 indiculum
2940 5669 3087 5725 nihil
3120 5670 3236 5726 fere
3268 5671 3675 5745 complectitur

2029 5771 2230 5812 eorum
2261 5771 2392 5828 qua:
2430 5755 2677 5813 aliorum
2733 5757 2874 5814 Vitae
2927 5761 3240 5834 scriptores
3295 5758 3674 5833 particularia
