4026 6228
466 474 543 537 23

1237 476 1715 539 HERMANNUS
1762 477 2280 542 CONTRAC'I‘US
2323 476 2675 541 MONACH.
2719 477 3086 543 AUGIENS.

3776 478 3866 541 .24

466 596 747 667 adnotare
776 594 1119 682 plerumque
1149 609 1355 666 solent.
1388 609 1522 674 Quae
1556 610 1793 681 quidem
1825 626 1893 665 ex
1919 609 2103 683 ipsius
2133 613 2186 679 Α
2218 618 2350 674 dem
2381 618 2638 691 primum
2668 617 2797 688 ejus
2827 616 3104 697 maritum
3135 614 3207 673 ad
3238 602 3334 672 an.
3364 613 3464 672 971
3502 615 3863 689 pandit-Her-

463 699 751 756 Chronico
772 700 866 755 hic
897 700 956 754 in
1014 699 1360 771 compendio
1414 699 1620 756 sistere
1676 699 1832 756 haud
1890 701 1994 756 abs
2043 718 2105 757 re

464 778 769 847 duximus.

534 878 770 935 Natales
803 896 941 935 suos
972 894 1038 934 ac
1064 878 1398 950 progeniem
1431 878 1558 950 ipse
1590 879 1783 950 prodit
1814 879 2103 934 Herman-

465 985 577 1025 nus
600 967 778 1024 variis
808 969 867 1022 in
899 968 1061 1024 locis.
1097 968 1432 1024 Memoratis
1463 969 1535 1023 ad
1568 985 1662 1023 an.
1698 969 1836 1023 1009
1885 967 2103 1024 \Volfe-

459 1045 587 1114 radi
612 1057 1116 1129 comitisjunioris
1130 1056 1354 1129 nuptiis
1376 1073 1508 1112 cum
1533 1057 1798 1113 Hiltrude
1824 1074 1885 1113 se
1901 1074 2103 1114 eorum

462 1147 672 1215 filium,
698 1163 763 1202 ac
776 1147 1024 1202 aliorum
1046 1146 1488 1218 quatuordecim
1511 1146 1833 1203 liberorum
1863 1146 2103 1203 fratrem

461 1237 786 1310 profitetur.
823 1236 953 1291 Mox
983 1252 1137 1291 anno
1168 1244 1448 1308 sequente
1483 1238 1618 1291 1010
1673 1236 1987 1292 Wolferadi
2021 1251 2099 1291 se-

462 1326 645 1382 nioris
674 1326 929 1393 comitis,
964 1325 1187 1398 paterni
1216 1326 1305 1380 sui
1329 1326 1443 1392 avi,
1470 1326 1699 1381 obitum‘
1718 1326 1910 1389 refert,
1932 1324 2104 1381 omis-

464 1432 529 1471 so
559 1402 765 1493 tamen
787 1414 1022 1470 familia:
1052 1414 1316 1479 nomine;
1351 1431 1528 1486 quam
1582 1430 1716 1470 vero
1771 1430 1976 1469 omnes
2035 1430 2103 1469 ex

464 1505 919 1581 Veriugensibus
950 1505 1263 1561 comitibus
1294 1509 1584 1575 repetunt,
1617 1502 1933 1575 quosinter
1948 1502 2102 1574 apud

460 1581 775 1673 plerosque
796 1593 1107 1673 scriptores
1128 1593 1493 1666 supplendus
1515 1596 1604 1648 est
1622 1590 1988 1649 Wolferadus
2009 1591 2103 1646 hic

465 1684 678 1761 senior.
712 1684 1066 1740 Comitatum
1096 1681 1276 1739 istum
1304 1683 1362 1737 in
1423 1681 1631 1738 Suevia
1670 1680 1810 1736 olim
1869 1678 2106 1751 amplis-

446 1770 686 1849 simum
713 1773 955 1849 Grusius
1012 1774 1229 1844 (Annal.
1291 1774 1446 1828 Suco.
1482 1788 1538 1843 p.
1574 1788 1633 1837 ιι,
1689 1769 1726 1825 l.
1760 1787 1837 1833 νι,
1861 1786 1911 1824 c.
1943 1769 2000 1839 9)
2030 1768 2103 1823 ab

462 1862 710 1937 Alpibus
726 1862 985 1919 Suevicis
1003 1861 1157 1917 ultra
1168 1861 1499 1918 Danubium
1527 1875 1709 1931 usque
1721 1856 2105 1929 extendit,qui

2215 724 2491 772 manuus,
2524 706 2832 779 parentelle
2854 723 2995 775 suis,
3020 705 3071 762 si
3100 704 3236 778 quis
3261 705 3437 773 alius,
3459 710 3613 763 certe
3638 706 3863 780 optime

2214 813 2454 870 gnarus,
2486 798 2629 853 dum
2659 796 3109 864 Adalberonem,
3135 794 3437 868 juniorem
3494 798 3562 851 ut
3606 796 3862 867 videtur,

2213 885 2474 957 priorum
2509 886 2697 958 ipsius
2727 885 2980 942 ﬁliorum
3004 885 3261 950 fratrem,
3285 884 3611 957 Luitgardss
3641 885 3863 943 sororis

2212 976 2270 1031 S.
2304 975 2579 1042 Udalrici,
2637 980 2696 1031 et
2742 974 2938 1031 Peiere
2989 974 3223 1031 comitis
3274 973 3467 1030 ﬁlium
3522 978 3711 1030 vocat.
3744 974 3863 1031 Sed

2214 1065 2488 1137 quisnam
2518 1064 2614 1121 hic
2633 1065 2831 1121 Peiere
2860 1064 3093 1121 comes?
3130 1063 3314 1119 altum
3346 1068 3499 1120 certe
3520 1062 3680 1119 illius
3703 1064 3862 1137 apud

2213 1171 2416 1210 omnes
2438 1154 2610 1232 istius
2632 1154 2912 1227 temporis
2933 1151 3282 1225 genealogus
3304 1155 3393 1208 est
3411 1151 3731 1208 silentium.
3754 1153 3865 1208 No-

2212 1247 2374 1322 tatur
2403 1243 2639 1316 quidem
2673 1243 2732 1298 in
2765 1242 3182 1321 antiquissimo
3229 1240 3493 1322 catalogo
3550 1239 3863 1296 nominum

2213 1317 2578 1403 propriorum
2600 1317 3332 1387 inAlamanniaTeutonica
3348 1329 3487 1385 olim
3505 1329 3862 1385 usitatorum

2212 1420 2513 1491 (Gonnas'r.
2548 1421 2751 1493 Script.
2787 1425 2831 1477 t.
2863 1422 2931 1488 II,
2964 1438 3021 1494 p.
3054 1420 3184 1492 405)
3227 1420 3405 1476 etiam
3452 1435 3663 1476 nomen
3695 1420 3861 1485 Pam,

2214 1510 2368 1581 quod
2386 1509 2520 1566 huic
2541 1511 2684 1566 satis
2707 1511 2883 1566 afﬁne
2903 1514 3014 1575 est,
3034 1509 3241 1566 Latina
3259 1513 3457 1566 tamen
3471 1509 3601 1580 ejus
3614 1525 3863 1565 nomen-

2213 1598 2438 1655 clatura
2459 1599 2611 1655 haud
2645 1599 2900 1655 additur.
2932 1598 3042 1654 Vix
3073 1615 3188 1655 non
3220 1598 3599 1671 Peringerum
3618 1611 3722 1653 seu
3752 1597 3862 1653 Po-

2213 1688 2536 1759 ringerium
2566 1688 2661 1744 hic
2691 1688 2869 1745 latere
2896 1687 3180 1765 suspicor,
3213 1704 3387 1765 quem
3419 1685 3572 1743 inter
3614 1686 3863 1743 comites

2207 1776 2750 1851 Zurichgcvizs,quzn
2769 1777 3017 1833 ducatus
3033 1776 3392 1833 Alemannici
3431 1792 3568 1847 pars
3597 1779 3744 1844 erat,
3792 1791 3865 1832 ex

2213 1865 2433 1922 chartis
2464 1866 2845 1922 traditionum
2871 1867 2930 1922 S.
2990 1865 3137 1922 Galli
3186 1863 3457 1937 producit
3510 1864 3859 1939 Herrgottus

464 1951 1167 2048 deficientepriorestirpe
1189 1949 1693 2048 partimdapiferis
1716 1945 2101 2019 deWalpurg.
2135 1983 2184 2048 Β
2214 1956 2454 2022 (Gem.
2488 1956 2791 2035 Habsburg.
2825 1958 2866 2010 t.
2901 1955 2971 2022 Ῑῐ)
3000 1955 3074 2010 ad
3106 1970 3292 2010 annos
3319 1954 3448 2021 942,
3480 1954 3588 2008 948
3617 1956 3674 2009 et
3728 1953 3860 2023 950,

452 2036 679 2121 partim
712 2040 1030 2121 Zoileranis
1052 2040 1251 2096 cessit.

536 2130 850 2187 Wolferadi
883 2131 1064 2201 hujus
1090 2128 1337 2185 senioris
1360 2129 1573 2200 conjux
1595 2130 1649 2183 et
1679 2126 1807 2181 avia
1824 2125 2107 2180 Herman-

463 2222 524 2278 ni
555 2204 666 2277 fuit
693 2220 927 2286 Bertha,
960 2221 1129 2299 cujus
1157 2219 1283 2299 ipse
1312 2217 1537 2273 obitum
1568 2217 1639 2272 ad
1672 2233 1766 2270 an.
1803 2215 1942 2269 1032
1970 2230 2109 2269 con-

463 2304 678 2383 signat.
710 2310 1240 2380 Berthze’patruum
1275 2308 1457 2362 fuisse
1521 2304 1945 2377 Reginbaldum
2003 2319 2107 2358 seu

452 2396 916 2471 'Reginboldum,
945 2397 1007 2469 in
1039 2413 1237 2471 pugna
1267 2399 1467 2450 contra
1496 2394 1763 2467 Ungaros
1804 2392 1956 2465 apud
1997 2392 2111 2447 Au-

463 2482 701 2562 gustam
731 2487 988 2559 occisum
1017 2486 1087 2541 ad
1124 2502 1260 2563 ann.
1292 2484 1399 2540 955
1426 2483 1650 2538 scribit.
1722 2482 1968 2537 Matrem
2024 2481 2109 2538 illi

463 2575 752 2645 tribuitS.
816 2572 1072 2629 Udalrici
1137 2572 1467 2646 Augustaui
1526 2569 1782 2643 episcopi
1824 2586 2105 2635 sororem,

464 2659 643 2739 quam
669 2664 741 2738 ad
767 2664 987 2739 an.97t
1007 2661 1383 2737 Luitgardam
1406 2658 1932 2733 appellat,matrem
1958 2675 2106 2730 quo-

464 2747 580 2827 que
609 2740 1311 2808 Adalberonisavunculo
1343 2766 1448 2805 suo
1479 2747 1747 2804 Udalrico
1779 2747 1838 2801 in
1887 2745 2108 2823 episco-

464 2840 604 2917 patu
636 2840 993 2913 successoris
1026 2839 1323 2896 destinati.
1358 2836 1592 2893 Tertius
1622 2837 1750 2907 ejus
1783 2834 1960 2902 ﬁlius,
2003 2834 2103 2906 qui

461 2934 519 2988 et
548 2930 770 2988 Bertha:
801 2936 984 3004 pater,
1014 2945 1082 2985 ex
1123 2928 1257 2982 Vita
1311 2928 1370 2983 S.
1430 2924 1681 2983 Udalrici
1722 2942 1772 2980 c.
1836 2925 1903 2979 15
1947 2924 2101 2995 apud

458 3018 764 3091 velserum
789 3018 1032 3091 eruitur,
1053 3015 1433 3089 Manegoldus
1456 3016 1630 3069 frater
1653 3012 1909 3085 praedicti
1931 3012 2103 3067 Adal-

349 3092 363 3101 ’
444 3108 718 3166 ’beronis.
752 3109 867 3164 Hos
896 3106 1080 3179 igitur
1109 3122 1315 3161 omnes
1372 3103 1697 3177 Luitgardaa
1736 3102 1795 3157 S.
1848 3099 2102 3157 Udalrici

461 3197 668 3277 sorori,
689 3196 917 3268 qualem
949 3213 1018 3251 ex
1046 3198 1358 3251 stemmate
1376 3189 1746 3265 genealogico
1768 3190 1923 3263 apud
1944 3205 2105 3245 eum-

446 3282 596 3365 dem
626 3282 956 3359 Velserum,
985 3300 1043 3357 p.
1076 3282 1203 3349 589,
1236 3281 1471 3357 unicam
1496 3279 1723 3347 habuit,
1754 3277 2099 3334 tribuendos

460 3364 591 3434 esse
620 3379 782 3432 extra
811 3373 1059 3430 dubium
1090 3376 1197 3427 est.

529 3469 607 3520 At
634 3464 824 3536 major
841 3466 930 3518 est
947 3461 1009 3517 in
1033 3475 1234 3517 eorum
1259 3463 1419 3531 patre
1447 3474 1549 3513 seu
1574 3456 1901 3529 Luitgardae
1924 3455 2101 3511 mari-

457 3557 518 3610 to
534 3552 844 3611 statuendo
864 3549 1197 3606 difficultas.
1219 3548 1475 3604 Vocatur
1492 3545 1766 3618 equidem
1783 3544 1841 3600 in
1864 3543 2100 3600 laudato

462 3639 1086 3713 stemmateLuitgarda
1097 3638 1220 3696 haec
1234 3632 1901 3715 primauxorBurchardi
1918 3632 2098 3699 Il.seu

438 3722 958 3804 juniorisﬁueviae
978 3728 1098 3783 sive
1119 3724 1471 3799 Alamanniae
1489 3723 1677 3792 ducis,
1695 3722 1795 3795 qui
1818 3722 2098 3795 ducatum

456 3819 530 3877 ab
562 3836 658 3876 an.
688 3818 794 3875 957
824 3832 1013 3888 usque
1042 3816 1113 3872 ad
1146 3832 1240 3871 an.
1273 3815 1380 3870 973
1438 3812 1645 3880 tenuit,
1679 3813 1765 3868 uti
1823 3812 1895 3868 ad
1950 3810 2097 3867 istos

452 3925 640 3966 annos
669 3904 872 3963 scribit
903 3905 1295 3960 Hermannus.
1330 3903 1547 3958 Verum
1570 3899 1717 3956 nulli
1742 3899 1908 3955 dictae
1946 3899 2098 3954 Luit-

429 3997 641 4072 gude
666 4012 835 4063 exeo
866 3994 967 4063 ﬁlii
996 3993 1255 4066 suscepti
1275 3992 1456 4059 fuisse
1470 3991 1869 4046 memorantur
1894 3988 1955 4044 in
1975 3992 2096 4046 tota

448 4086 582 4142 Vita
611 4086 669 4141 S.
707 4084 982 4150 Udalrici,
1014 4099 1124 4139 nec
1154 4082 1311 4155 apud
1335 4080 1688 4153 Stumpﬁum
1711 4077 1945 4147 (Chron.
1970 4078 2095 4134 Hel-

446 4179 564 4231 vet.
606 4175 671 4231 L.
701 4190 780 4243 ιν,
811 4189 861 4228 c.
893 4173 1007 4243 38).
1059 4170 1306 4228 Crusius
1372 4167 1609 4241 quidem
1659 4167 1881 4240 (Annal.
1933 4166 2089 4222 Suev.

447 4280 505 4338 p.
540 4281 602 4330 ιι,
629 4262 668 4318 l.
703 4279 788 4329 ιιι,
809 4262 955 4334 c.il)
987 4258 1413 4316 Adalberonem
1444 4260 1500 4313 et
1520 4254 2092 4327 Reginboldumcum

445 4352 580 4412 aliis
608 4351 948 4408 Burchardo
980 4366 1049 4405 ex
1080 4347 1396 4419 Luitgarda
1449 4344 1601 4399 filios
1658 4343 1886 4411 tribuit,
1947 4342 2092 4398 satis

442 4449 640 4500 tamen
672 4440 957 4507 fabulose,
981 4438 1122 4492 dum
1156 4433 1579 4504 Reginboldum
1603 4432 1861 4503 primum
1887 4448 2089 4486 mona-

442 4532 607 4590 sterii
637 4531 692 4585 S.
727 4529 877 4585 Afrae
908 4529 1182 4598 Augustae
1202 4541 1297 4580 an.
1326 4524 1465 4578 1012
1494 4522 1764 4577 abbatem
1801 4518 1956 4587 facit,
1986 4520 2085 4591 qui

439 4627 636 4678 tamen
659 4621 786 4691 jam
818 4634 914 4672 an.
940 4617 1046 4671 955
1076 4614 1136 4668 in
1168 4611 1368 4685 proelio
1424 4610 1720 4666 occubuit.
1782 4608 1897 4664 Nec
1947 4608 2084 4667 alibi

2216 2049 2274 2100 et
2285 2043 2493 2101 ultimo
2509 2043 2881 2117 quidemloco
2900 2059 3018 2099 una
3031 2059 3166 2099 cum
3182 2042 3311 2115 ipso
3331 2042 3479 2097 duce
3495 2041 3858 2110 Burchardo,

2217 2133 2317 2205 qui
2350 2133 2545 2189 nescio
2575 2150 2692 2205 qua
2721 2132 2944 2188 ratione
2966 2133 3093 2203 jam
3124 2135 3253 2186 tum
3284 2132 3401 2186 dux
3429 2129 3544 2186 dici
3578 2129 3858 2203 potuerit,

2217 2223 2496 2281 ducatum
2516 2222 2707 2278 adhuc
2736 2222 2806 2277 ad
2839 2238 2934 2277 an.
2965 2221 3071 2276 954
3094 2218 3302 2281 saltem
3332 2222 3567 2275 tenente
3620 2217 3861 2275 Ludolfo

2217 2309 2444 2367 Ottonis
2475 2311 2628 2382 regis
2658 2310 2800 2375 tilio,
2833 2310 2944 2366 nisi
2970 2310 3029 2364 id
3052 2310 3124 2365 de
3145 2308 3355 2365 Suevia
3372 2311 3604 2364 tantum
3626 2312 3728 2364 aut
3746 2306 3865 2365 alia

2220 2398 2467 2455 ducatus
2489 2399 2847 2455 Alemannici
2862 2402 3025 2471 parte
3038 2395 3864 2473 sitintelligendum,maxime

2220 2486 2273 2541 in
2294 2487 2496 2543 Zurich
2505 2487 2797 2559 govia,ubi
2813 2504 2914 2549 ceu
2929 2484 3422 2553 ducisBurchardi
3439 2484 3688 2555 senioris
3701 2482 3861 2541 illius

2216 2576 2453 2633 titulum
2479 2577 2625 2632 forte
2646 2580 2703 2632 et
2723 2579 3071 2649 potestatem
3086 2590 3205 2633 una
3224 2591 3359 2630 cum
3379 2573 3564 2646 patris
3582 2573 3672 2629 sui
3687 2573 3861 2631 bonis

2216 2664 2487 2720 obtinuit.
2520 2665 2733 2721 Verum
2769 2665 2892 2721 haec
2940 2663 3052 2722 alio
3109 2666 3396 2738 spectant.
3453 2662 3615 2726 Quod
3676 2662 3748 2725 si,
3795 2666 3863 2718 ut

2215 2754 2582 2826 conjicimus,
2607 2754 2955 2826 Peringerus
2972 2750 3497 2825 iste,Zurichgovia3
3514 2752 3860 2823 comes,pri-

2214 2859 2349 2899 mus
2380 2842 2708 2915 Luitgardze
2740 2841 2988 2898 maritus
3010 2840 3205 2909 fuerit,
3229 2828 3401 2895 breve
3423 2838 3745 2900 admodum
3767 2840 3860 2903 di-

2213 2932 2462 2987 cendum
2494 2935 2582 2987 est
2601 2931 2780 3002 hujus
2812 2947 2947 2986 cum
2990 2928 3326 2984 Burchardo
3386 2927 3859 2996 matrimonium,

2211 3020 2429 3091 quippe
2450 3037 2519 3076 ex
2547 3019 2718 3074 dictis
2751 3019 2903 3074 intra
2936 3035 3120 3075 annos
3148 3019 3247 3072 951
3274 3019 3331 3072 et
3357 3017 3468 3083 955
3495 3016 3858 3081 subsistens.

2211 3108 2322 3164 Sed
2352 3108 2476 3164 haec
2504 3108 2848 3177 conjecturae
2880 3106 3098 3162 limites
3128 3106 3285 3161 haud
3314 3105 3595 3162 excedant
3622 3122 3635 3159 :
3660 3110 3861 3189 grates

2209 3196 2560 3253 habebimus
2583 3195 2667 3251 illi
2690 3196 2791 3269 qui
2813 3195 3060 3257 certiora
3080 3210 3188 3251 nos
3210 3194 3281 3251 de
3301 3194 3413 3251 isto
3430 3193 3628 3251 Peiere
3642 3194 3860 3252 comite

2210 3284 2526 3341 edocuerit.

2127 3347 2170 3414 δ
2280 3373 2383 3430 His
2412 3374 2593 3446 igitur
2622 3371 2842 3440 missis,
2866 3374 3071 3429 cetera
3091 3387 3160 3427 ex
3179 3368 3856 3452 Hermannoprosequa-

2209 3477 2363 3535 mur.
2386 3463 2468 3517 Ex
2494 3461 2685 3517 tribus
2713 3477 2893 3534 supra
2921 3459 3262 3529 memoratis
3292 3445 3620 3539 Luitgardzs
3650 3446 3857 3516 liberis

2206 3550 2493 3606 Adalhero
2522 3549 2768 3606 clericus
2798 3553 2855 3606 et
2882 3548 3110 3617 caelebs,
3142 3563 3247 3603 nec
3276 3547 3419 3604 adeo
3450 3546 3671 3603 Berthe
3689 3551 3858 3619 pater

2209 3654 2338 3707 esse
2368 3639 2575 3711 potuit.
2602 3637 3000 3711 Reginbaldus
3020 3639 3147 3710 jam
3181 3654 3276 3701 an.
3306 3636 3415 3705 925
3443 3635 3505 3693 in
3518 3634 3718 3707 praelia
3749 3653 3849 3693 oc-

2205 3728 2515 3796 cumbens,
2538 3728 2640 3799 qui
2664 3732 2907 3800 patruus
2925 3726 3147 3794 Berthe
3166 3723 3590 3791 dicitur,alium
3608 3724 3853 3783 fratrem

2200 3816 2662 3887 haberedebuit,
2705 3815 3193 3888 Berthaapatrem.
3222 3813 3387 3869 Hunc
3440 3814 3582 3869 adeo
3648 3813 3852 3869 Mane-

2206 3905 2448 3979 gcldum
2476 3922 2677 3961 eorum
2703 3905 2940 3961 fratrem
2961 3902 3145 3959 fuisse
3165 3918 3401 3958 necesse
3420 3904 3527 3958 est.
3550 3901 3854 3974 Frequens

2205 3994 2265 4052 in
2297 3993 2522 4053 familia
2547 3993 2874 4066 Dilingensi
2905 3990 3234 4065 Μωδεηωὶ
3266 4007 3480 4052 nomen
3512 3990 3854 4063 .Lnitgsrda

2203 4082 2339 4139 inde
2364 4083 2725 4138 descendens
2754 4081 2885 4138 aliis
2926 4097 3157 4153 quoque
3215 4079 3456 4137 familiis
3506 4096 3609 4152 per
3656 4077 3853 4137 ﬁlium

2203 4186 2379 4226 suum
2410 4168 2820 4244 Manegcldum
2849 4167 3153 4227 induxisse
3169 4168 3420 4239 videtur,
3449 4167 3603 4240 quod
3635 4166 3853 4226 saltem

2200 4259 2261 4314 in
2290 4256 2636 4330 Veringensi
2667 4257 2889 4330 passim
2919 4256 3195 4330 deinceps
3216 4255 3485 4313 occurrit.

2273 4350 2350 4403 De
2380 4346 2490 4402 hoc
2518 4346 2646 4419 ipso
2677 4350 2872 4403 autem
2903 4345 3267 4418 Manegoldo,
3296 4350 3362 4401 ut
3393 4348 3457 4402 ut
3484 4348 3641 4402 certo
3674 4344 3846 4401 Luit-

2198 4435 2390 4507 gardaa
2415 4435 2554 4500 ﬁlio,
2586 4438 2644 4491 et
2675 4434 2892 4491 Berthae
2922 4433 3060 4489 avia;
3083 4432 3397 4490 Hermanni
3419 4437 3604 4505 patre,
3628 4449 3846 4504 parum

2199 4526 2301 4579 aut
2330 4522 2475 4579 nihil
2506 4522 2564 4577 in
2597 4521 2997 4579 monumentis
3043 4520 3312 4577 recurrit.
3346 4518 3730 4592 Manegoldus
3784 4526 3850 4577 et

2198 4611 2534 4669 Wolfradus
2565 4612 2719 4667 inter
2748 4610 2990 4667 comites
3019 4612 3399 4666 recensentur
3428 4608 3488 4664 in
3518 4606 3846 4681 diplomate

439 4705 765 4773 Burchardi
795 4705 976 4777 hujus
1006 4702 1156 4758 ﬁlios
1187 4717 1279 4756 me
1310 4698 1523 4772 legisse
1555 4696 1797 4752 memini
1856 4697 1974 4752 imo
2024 4697 2083 4752 in
2115 4710 2161 4776 ο
2193 4700 2420 4767 Ottonis
2452 4702 2473 4756 Ι
2500 4717 2603 4772 pro
2633 4699 2878 4765 ecclesia
2906 4697 3169 4763 Curiensi
3199 4715 3292 4754 an.
3327 4698 3455 4764 972,
3480 4696 3637 4768 apud
3658 4696 3844 4753 Herr-

436 4786 587 4869 lnoya
640 4794 895 4852 editione
952 4790 1145 4862 operis
1201 4790 1337 4844 l’Art
1388 4788 1454 4843 de
1501 4788 1720 4857 vériﬁer
1776 4787 1853 4841 les
1934 4785 2084 4841 dates

435 4876 480 4957 t.
514 4886 611 4955 Ill,
644 4899 702 4957 p.
732 4884 824 4953 67,
859 4898 954 4937 an.
981 4879 1106 4947 973,
1166 4894 1410 4952 prorsus
1455 4876 1581 4931 sine
1633 4874 1895 4930 mascula
1921 4874 2082 4947 prole

434 4966 755 5049 decessisse
779 4965 1167 5035 scribitur,uti
1189 4971 1246 5023 et
1271 4966 1327 5020 in
1348 4963 1633 5020 Chronico
1654 4962 2080 5020 Petershusanc

430 5064 587 5131 infra
616 5060 860 5120 edendo.
886 5057 1032 5114 Huic
1059 5056 1176 5128 ipsi
1209 5053 1569 5123 Burchardo,
1627 5052 1676 5108 si
1724 5051 2076 5110 Witichindo

432 5142 769 5217 Corbeiensi
801 5146 1028 5219 (Annal.
1054 5144 1094 5199 l.
1120 5145 1488 5213 m,Meibom.
1515 5145 1557 5197 t.
1578 5143 1605 5197 Ι
1624 5140 1842 5212 Script.,
1868 5158 1922 5213 p.
1945 5142 2073 5211 656)

430 5244 599 5307 fides,
622 5242 749 5312 jam
783 5253 936 5292 anno
969 5234 1174 5289 saltem
1208 5234 1315 5287 955
1342 5231 1728 5302 nupseratﬁlio
1756 5232 1952 5301 fratris
1983 5248 2070 5285 re-

425 5334 532 5405 gis,
562 5327 866 5399 Hadwigis
895 5323 1137 5393 scilicet,
1169 5322 1418 5379 Heinrici
1451 5320 1702 5376 Bavariae
1739 5319 1925 5387 ducis,
1960 5319 2072 5375 fra-

428 5421 537 5485 tris
567 5408 1055 5486 Ottonis'lregis,
1110 5413 1252 5480 filia,
1311 5428 1489 5484 quam
1550 5408 1771 5482 passim
1829 5408 2072 5464 alteram

426 5505 748 5567 Burchardi
768 5505 934 5560 ducis
962 5504 1269 5576 conjugem
1294 5504 1564 5556 statuunt
1587 5499 1919 5570 scriptores.
1936 5499 1968 5553 J
1976 5514 2071 5552 am

421 5603 550 5654 tum
583 5610 719 5668 ergo
738 5594 1050 5666 Luitgarda
1083 5592 1273 5665 prima
1307 5606 1451 5645 uxor
1482 5588 1723 5663 obierat,
1749 5603 1925 5658 quam
1945 5585 2074 5657 ipse

414 5688 541 5761 jam
573 5677 1566 5764 ﬂemmsﬂictersmgﬁ'@3522
1596 5674 2072 5764 ἑκηξέίεηρςῑρερ

478 5756 993 5779 σ’ᾼβηιτνυιδυηηνπη

421 5734 993 5849 ἓοῐιῇῖδντῑιεωηιωω
998 5734 2072 5836 dsistamattinuissent:

548 5758 726 5775 rm

2192 4794 2316 4862 gott
2343 4789 2383 4844 1.
2407 4805 2479 4854 c.,
2510 4806 2569 4845 n.
2605 4790 2728 4856 141,
2760 4804 2829 4845 ex
2860 4787 3080 4860 quibus
3101 4785 3437 4844 Wolfradus
3468 4783 3640 4841 facile
3697 4802 3848 4843 avus

2193 4878 2536 4946 Hermanni,
2552 4882 2608 4933 et
2623 4876 3005 4950 Manegoldus
3024 4874 3248 4937 Berthaz
3271 4878 3530 4948 pater,ac
3553 4866 3846 4943 Wolfradi
3900 4912 3903 4915 η

2191 4967 2465 5039 deinceps
2490 4982 2666 5039 gener
2686 4982 2816 5023 esse
2841 4964 3049 5038 potuit.
3070 4964 3259 5037 Hujus
3281 4979 3472 5036 porro,
3502 4966 3567 5019 ut
3585 4963 3841 5031 videtur.

2188 5055 2517 5128 Manegoldi
2567 5054 2910 5110 comitatum
2960 5054 3020 5107 in
3043 5068 3184 5125 pago
3229 5051 3586 5121 Zurichgewe
3642 5051 3846 5123 prodit

2182 5132 2431 5200 alterum
2452 5144 2715 5214 ejusdem
2735 5142 2969 5205 Ottonis
2988 5140 3251 5213 diploma
3266 5133 3836 5213 provcellaMaginra-

2183 5233 2237 5285 di
2289 5233 2524 5286 an.975
2582 5231 2801 5299 (Hanno
2860 5229 3020 5297 ινα,
3077 5246 3137 5283 ιι.
3193 5227 3339 5299 143).
3396 5228 3479 5299 Ex
3536 5243 3652 5299 quo
3687 5228 3837 5284 adeo

2184 5321 2441 5394 genitam
2472 5336 2600 5376 esse
2621 5323 2899 5392 putamus
2913 5315 3186 5373 Bertham
3215 5315 3460 5372 an.1032
3493 5315 3837 5372 defunctam

2183 5409 2341 5466 haud
2374 5410 2579 5479 utique
2596 5409 2954 5483 repugnante
2986 5408 3321 5476 temporum
3380 5403 3643 5469 ratione;
3704 5420 3836 5477 quae

2181 5498 2339 5554 enim
2363 5499 2489 5570 jam
2516 5497 2651 5551 1009
2677 5495 2866 5550 filium
2915 5493 3177 5549 nubilem
3226 5492 3455 5561 habuit,
3511 5492 3668 5547 circa
3708 5492 3839 5549 haec

2182 5590 2448 5656 tempora
2477 5584 2636 5639 nasci
2660 5582 2880 5638 debuit.
2914 5582 3037 5645 Quo
3060 5580 3251 5652 magis
3270 5579 3449 5635 etiam
3474 5583 3740 5636 nostram
3763 5581 3840 5637 de

2183 5673 2523 5746 Peringerio
2540 5671 2759 5744 pariter
2776 5667 3168 5742 Zurichgoviaa
3206 5668 3439 5735 comite,
3499 5668 3841 5742 Manegoldi

2182 5764 2365 5833 patre,
2395 5759 2794 5829 conjecturam
2828 5756 3046 5814 ﬁrmari
3078 5756 3454 5812 arbitramur.
3481 5754 3639 5822 Quid
3694 5771 3836 5814 vero
