4026 6228
412 427 486 492 31
1184 426 1677 495 HERMANNUS
1721 426 2236 497 CONTBACTUS
2264 427 2633 497 MONAGH.
2676 428 3041 499 AUGIENS.

1266 566 3826 600 mm

998 605 1777 802 USSERMANNI
1851 687 2652 805 DISSERTATIO
2732 674 3220 807 PRIEVIA

1697 897 1842 983 DE
1903 895 2515 988 CHRONICO

1101 1076 2044 1183 HBRMANNI

2157 1076 3145 1187 conrasas-1

591 1280 779 1342 EJUS
825 1279 1350 1352 EDlTlONIBUS,
1402 1278 1575 1343 MSS.
1621 1278 2053 1353 CODlClBUS,
2101 1279 2203 1340 ET
2246 1279 2483 1341 NOVAS
2526 1280 2776 1345 HUJUS
2822 1281 3209 1344 EDITIONIS
3258 1272 3625 1345 RATIONE.

1376 1413 1711 1480 (Germaniae
1736 1428 1907 1468 sacra:
1938 1411 2293 1481 Prodromus,
2326 1415 2469 1469 tom.
2503 1413 2547 1481 Ι,
2579 1429 2708 1485 pag.
2744 1414 2856 1485 10.)

475 1701 896 1770 Hermannum,
930 1718 965 1758 a
994 1701 1391 1757 membrorum
1426 1702 1543 1757 fere
1569 1700 1833 1757 omnium
1872 1717 2049 1773 para—
2078 1698 2132 1765 Α
2161 1717 2283 1757 eam
2316 1717 2525 1773 quoque
2552 1709 2604 1757 et
2631 1706 2783 1772 gesta
2814 1701 3126 1759 Chronradi
3146 1703 3817 1777 etlleinrici((le3sarum)

405 1791 516 1866 lysi
548 1795 906 1850 Contractum
934 1790 1107 1864 vulgo
1140 1792 1384 1858 dictum,
1410 1791 1692 1847 notiorem
1717 1806 1844 1847 esse
1876 1806 2052 1862 quam

403 1885 470 1937 ut
499 1880 691 1937 multa
721 1881 1232 1937 commendatione
1262 1880 1538 1952 indigeat,
1567 1879 1627 1935 in
1659 1879 1926 1935 confesso
1964 1883 2055 1935 est

400 1970 552 2027 inter
571 1969 1112 2042 eruditos.quorum
1128 1968 1348 2041 passim
1372 1968 1656 2024 encomiis
1680 1967 2051 2040 praedicatur.

399 2060 480 2117 Ex
506 2059 600 2116 his
621 2060 791 2117 Joan.
819 2059 1204 2127 Tritbemius,
1234 2058 1292 2115 in
1310 2056 1642 2114 Annalibus
1674 2056 1945 2129 Hirsaug.
1978 2057 2049 2112 ad

397 2167 492 2206 an.
528 2150 686 2216 1005,
718 2148 887 2205 illum
922 2148 1072 2205 inter
1102 2146 1644 2205 omnesGermania:
1665 2147 1930 2202 doctores
1961 2143 2053 2202 sui

395 2237 679 2311 temporis
704 2237 1141 2311 philosophum,
1165 2237 2053 2306 rbetorem,astronomum,poe-

397 2327 844 2394 tam,musicum
860 2332 919 2382 et
940 2325 1277 2399 theologum
1307 2324 1751 2381 celeberrimum
1774 2320 2049 2395 appellat.

401 2415 465 2471 In
500 2415 767 2487 ejusdem
792 2413 1063 2485 Catalogo
1077 2414 1336 2467 virorum
1358 2411 2054 2467 illustriumHermannus

403 2504 494 2559 vir
523 2502 689 2558 audit
742 2504 801 2558 in
860 2502 1068 2557 divinis
1123 2502 1423 2573 Scripturis
1451 2501 1878 2567 inutilissimus,
1917 2500 2055 2555 etin

407 2591 772 2648 saecularibus
805 2592 1006 2646 litteris
1052 2592 1301 2646 omnium
1355 2590 1632 2646 doctorum
1680 2591 1771 2645 sui
1799 2590 2057 2661 tempori‘

396 2678 760 2746 doctissimus,
821 2681 997 2735 trium
1057 2680 1396 2751 linguarum,
1459 2678 1679 2743 Graecae,
1735 2679 1955 2736 Latini?
2002 2685 2057 2735 et

402 2768 657 2826 Arabicae
682 2770 1079 2841 peritissimus,
1110 2778 1274 2840 atque
1322 2769 1609 2824 llcbraicaa
1638 2784 1748 2823 non
1797 2770 2050 2837 ignarus,

405 2859 515 2914 vita
546 2872 753 2930 quoque
783 2866 835 2915 et
859 2859 1271 2914 conversatione
1310 2857 1704 2913 devotissimus.
1753 2859 1812 2913 ln
1847 2860 2050 2913 neutro

400 2951 597 3003 tamen
632 2944 756 3003 loco
781 2948 933 3003 inter
957 2962 1133 3019 opera
1162 2948 1236 3003 ab
1280 2947 1406 3019 ipso
1452 2945 1775 3019 composita
1801 2945 2049 3002 Chroni-

2160 1792 2478 1863 composuit,
2511 1792 2569 1846 in
2599 1791 2798 1863 quibus
2828 1792 3079 1848 omnibus
3104 1794 3279 1847 virtus
3326 1793 3482 1848 illius
3510 1795 3648 1849 satis
3691 1796 3818 1850 eni-

2160 1882 2289 1936 ﬁuit.

2231 1972 2420 2042 Atque
2450 1969 2561 2025 hoc
2588 1969 2830 2041 quidem
2870 1969 3222 2036 Chronicon,
3268 1969 3354 2025 uti
3409 1969 3652 2045 reliquis
3683 1973 3814 2044 ejus

2164 2058 2439 2132 operibus
2471 2058 2546 2114 ob
2576 2074 2746 2114 suam
2777 2058 2836 2113 in
2868 2058 3079 2131 patria,
3113 2058 3287 2115 medii
3320 2060 3644 2131 praesertim
3684 2061 3810 2129 aevi,

2162 2146 2409 2205 historia
2438 2145 2750 2203 utilitatem
2782 2146 2991 2204 merito
3020 2147 3315 2221 praecellit,
3344 2148 3431 2205 sic
3457 2148 3651 2205 solum
3693 2150 3812 2207 fere

2162 2252 2231 2293 ex
2268 2236 2564 2303 omnibus,
2597 2234 2647 2292 si
2672 2251 2860 2308 pauca
2886 2236 3143 2309 excipias
3171 2240 3401 2293 aetatem
3420 2234 3576 2307 tulit,
3597 2238 3812 2296 subse—

2162 2326 2296 2398 quis
2315 2325 2448 2381 dein
2474 2324 2790 2393 historicis,
2815 2325 3182 2399 maximeque
3194 2326 3680 2400 chronographis,
3703 2328 3807 2383 ba-

2162 2411 2436 2485 sinquasi
2450 2412 2692 2469 etveluti
2705 2412 2923 2469 fontem
2938 2414 3201 2485 prmbens
3224 2429 3425 2471 eorum
3457 2414 3805 2473 annalibus:

2162 2503 2319 2559 unde
2342 2502 2705 2575 temporibus
2731 2502 2855 2558 suis
2875 2502 3208 2575 antiquiora
3233 2507 3298 2559 nt
3322 2503 3644 2577 plurimum
3665 2504 3808 2561 bau-

2163 2594 2388 2656 serunt,
2418 2607 2484 2647 ac
2511 2606 2621 2647 sua
2653 2606 2887 2663 quoque
2916 2590 3029 2647 sibi
3043 2592 3232 2664 magis
3252 2595 3389 2648 nota
3406 2607 3510 2664 pro
3539 2590 3805 2650 leoomm

2161 2684 2219 2737 et
2237 2685 2568 2751 temporum
2588 2678 2927 2736 diversitate
2944 2684 3048 2737 aut
3068 2679 3253 2737 eidem
3276 2679 3669 2748 inseruerunt,
3703 2685 3809 2739 aut

2161 2767 2539 2842 particularia
2559 2767 2895 2841 regionibus
2925 2769 3049 2825 suis
3077 2766 3276 2825 minus
3306 2784 3566 2843 congrua
3594 2766 3808 2827 omise-

2160 2862 2317 2915 runt.
2349 2856 2693 2928 Gujusmodi
2722 2856 3361 2914 ebroaicaHermanno
3393 2857 3566 2932 quasi
3596 2868 3805 2932 super-

2159 2946 2382 3005 structa
2406 2946 2507 3002 hic
2535 2958 2858 3013 recensere,
2886 2942 3245 3003 immensum
3277 2946 3422 3002 foret
3442 2962 3608 3018 eque
3624 2956 3691 3003 ac
3707 2963 3807 3004 su-

397 3053 506 3093 con
539 3036 835 3109 quoddam
867 3040 1148 3104 recenset,
1179 3036 1325 3091 bene
1353 3051 1486 3091 vero
1519 3035 1575 3089 in
1603 3034 1751 3091 libro
1799 3035 1880 3091 De
1910 3036 2048 3092 scri-
2075 3067 2121 3132 B
2159 3036 2470 3110 perﬂuum,
2503 3046 2637 3090 eum
2666 3034 2729 3089 id
2752 3033 2976 3106 passim
2996 3034 3058 3090 in
3074 3034 3486 3092 cbronieornm
3508 3033 3806 3092 collectio-

392 3124 661 3200 ptoribus
700 3124 1575 3191 ecclesiasticis,ubiHermanno
1593 3122 1808 3180 librum
1843 3125 1921 3181 De
1944 3142 2043 3182 sex
2075 3121 2119 3132 “’
2152 3126 2326 3182 nibus
2350 3126 2658 3181 observare
2688 3121 2879 3179 liceat.
2908 3123 3127 3198 Nempe
3172 3125 3256 3180 uti
3276 3128 3612 3183 Hermannu
3645 3130 3805 3183 ante-

394 3214 599 3271 mundi
622 3214 889 3271 aetatibus
912 3213 1172 3280 ascribit,
1196 3229 1312 3286 quo
1334 3230 1543 3286 nempe
1570 3213 1740 3270 titulo
1762 3213 1909 3270 illud
1938 3214 2041 3271 ad-

394 3303 510 3360 huc
569 3303 628 3361 in
658 3303 831 3360 editis
890 3306 1264 3377 praenotatur,
1321 3302 1587 3377 quamvis
1619 3318 1943 3378 perperam,
1979 3309 2043 3363 ut

393 3392 672 3466 deinceps
702 3393 989 3450 dicemus.

464 3481 597 3539 Jam
620 3485 753 3538 ante
772 3481 1168 3538 Trithemium
1193 3480 1464 3538 Cbronici
1490 3482 1878 3554 Augustensis
1896 3483 2040 3538 scri-

396 3574 528 3644 ptor
554 3576 800 3628 exeunte
824 3569 1034 3627 saeculo
1058 3589 1142 3639 x1,
1162 3588 1277 3643 quo
1300 3570 2042 3628 medianteobiitHerman-

395 3677 529 3728 nus,
553 3659 719 3715 illum
739 3658 831 3715 sui
852 3660 1051 3715 saeculi
1074 3659 1423 3717 miraculum
1448 3660 1793 3733 cunctisque
1813 3660 1872 3717 in
1904 3677 2040 3718 acu-

396 3748 555 3805 mine
617 3749 835 3822 ingenli
930 3749 1403 3822 praeminentem
1482 3754 1650 3806 vocat
1713 3766 1808 3806 an.
1885 3751 2038 3808 1051.

390 3840 723 3911 Asonymus
746 3837 1529 3910 veroMellicensis,ejusdem
1551 3839 1730 3896 ferme
1758 3841 2041 3913 temporis

392 3931 615 3997 auctor,
647 3944 774 4000 cap.
806 3928 871 3983 91
894 3933 985 3984 .De
1017 3927 1403 4002 scriptoribus
1434 3927 1878 3987 ecclesiasticis:
1912 3932 2041 3987 Iler-

391 4032 649 4083 mannus,
684 4016 898 4089 inquit,
931 4018 1265 4086 Contractus,
1323 4017 1642 4090 Suevigena,
1688 4018 2044 4091 philosophus

2152 3216 2338 3271 riores
2368 3213 2717 3286 plerumque
2742 3212 2908 3268 Bede
2936 3210 3300 3270 Venerabilis
3327 3213 3544 3289 librum
3586 3214 3669 3271 De
3696 3230 3803 3272 sex

2148 3301 2355 3361 mundi
2371 3300 2646 3358 aetatibus
2662 3300 3035 3358 fundamenti
3055 3302 3184 3359 loco
3201 3307 3550 3376 posuerunt,
3562 3302 3660 3360 sic
3698 3304 3797 3362 illo

2149 3390 2520 3466 posteriores,
2535 3390 2594 3446 in
2609 3389 2828 3446 nostris
2838 3389 3050 3448 saltem
3083 3392 3369 3464 partibus,
3393 3409 3503 3450 sua
3521 3391 3799 3451 chronica

2149 3481 2482 3538 Hermanno
2512 3481 2977 3553 superstruenda
3004 3479 3116 3538 sibi
3148 3484 3551 3555 sumpserunt.
3576 3481 3798 3554 Etjure

2149 3570 2411 3643 quidem,
2445 3572 2512 3624 ut
2538 3568 2804 3626 videtur:
2836 3567 2958 3626 sive
2987 3570 3149 3626 enim'
3161 3568 3310 3627 facta
3328 3571 3488 3628 atati
3511 3587 3631 3628 suae
3653 3570 3792 3628 vici-

2151 3658 2315 3716 niora
2331 3663 2432 3717 aut
2448 3674 2637 3714 coaeva
2651 3660 3012 3732 spectamus,
3033 3658 3206 3732 plura
3224 3675 3368 3718 sane
3393 3660 3595 3734 ignota
3625 3660 3794 3718 nobis

2149 3748 2324 3805 hodie
2344 3747 2552 3814 forent,
2577 3744 2691 3801 nisi
2711 3747 2840 3819 ejus
2866 3746 3159 3805 industria
3178 3754 3544 3822 posterorum
3572 3762 3795 3806 memo-

2149 3839 2247 3895 riae
2262 3837 2514 3894 fuissent
2527 3839 2867 3892 conservata
2892 3855 2905 3906 ;
2931 3835 3049 3894 sive
3069 3842 3398 3913 temporum
3422 3836 3796 3913 supputatio-

2150 3944 2284 3987 nem
2303 3924 2697 4001 attendamus,
2719 3922 3188 4001 illaplerumque
3212 3927 3437 3986 caeteris
3468 3926 3798 3995 accuratior

2150 4015 2378 4085 est,nisi
2393 4012 2631 4088 quando
2652 4012 2945 4073 aberrens
2971 4015 3301 4077 scribarum
3313 4014 3797 4087 calamusl'alsam

392 4106 451 4161 in
508 4108 909 4178 computatione
964 4108 1353 4163 subtilissimus
1408 4107 1638 4163 exstitit.
1668 4108 2042 4165 Enumeratis
2146 4103 2431 4177 temporis
2460 4118 2562 4159 seu
2580 4114 2885 4157 annorum
2899 4107 3099 4161 notam
3122 4104 3458 4179 praeposuit.
3490 4102 3800 4163 Succincta

393 4192 527 4252 dein
552 4194 783 4267 aliquot
809 4194 998 4268 ipsius
1019 4194 1530 4252 lucubrationibus
1550 4195 1750 4254 subdit
1774 4212 1788 4253 :
1810 4196 2041 4254 Chroni-

393 4335 585 4409 sultus
614 4336 723 4393 bac
746 4337 817 4392 de
845 4353 904 4392 re
922 4337 987 4391 D.
1006 4336 1269 4409 Ignatius
1296 4337 1481 4409 Depra
1502 4335 1716 4409 nobilis
1750 4338 1821 4393 de
1855 4337 2041 4408 Plain,

393 4404 562 4481 dictae
591 4409 949 4466 commendas
973 4404 1346 4481 consiliarius
1362 4404 1447 4481 id,
1472 4408 1641 4463 nobis
1663 4409 1732 4481 in
1745 4404 2043 4481 responsis

392 4476 588 4563 dedit,
608 4498 670 4537 se
683 4486 1273 4563 praeter-communem
1285 4479 1693 4563 deliermanno
1721 4479 1801 4536 ibi
1815 4476 2044 4563 sepulto

390 4549 768 4622 traditioncm
798 4551 858 4606 in
883 4549 1043 4606 illius
1073 4550 1308 4605 scriniis
1335 4549 1417 4605 nil
1448 4550 1751 4622 reperisse,
1777 4549 1898 4609 nisi
1925 4553 2042 4611 duo

391 4621 811 4679 translatarum
829 4622 1218 4692 quarumdam
1241 4622 1371 4693 ejus
1393 4619 1772 4747 religuiaru'm
1796 4640 2041 4698 apogra-

397 4693 515 4747 nha
543 4692 956 4747 instrumenta.
986 4693 1039 4747 vi
1073 4709 1321 4747 auorum
1348 4710 1443 4747 an.
1470 4693 1492 4746 1
1540 4692 1599 4747 31
1617 4737 1630 4747 .
1652 4710 1772 4747 ossa
1792 4697 1903 4747 tria
1922 4713 2041 4747 cor-

397 4693 515 4765 pha
543 4692 956 4765 instrumenta,
986 4693 1039 4748 vi
1073 4709 1321 4764 quorum
1348 4710 1443 4748 an.
1470 4692 1630 4765 1631,
1652 4710 1772 4750 ossa
1792 4692 2044 4753 tr'ia'cor-

389 4756 975 4840 poris_‘B._Hcrmanni
1001 4756 1275 4840 Contracti
1303 4781 1373 4819 ex
1400 4756 1679 4840 _ejusdem_
1714 4768 1907 4840 locuto,
1949 4769 2048 4840 qui

478 4828 842 4908 Διοίίὶιςθξιααεςεη
863 4844 1197 4900 asservatur,
1234 4828 1518 4908 translata
1561 4828 2042 4908 perhibentur'ad

393 4904 927 4965 Ochsenbusanum
946 4906 1389 4973 monasterium,
1414 4906 1495 4961 uti
1521 4904 1579 4963 et
1597 4926 1630 4964 a
1652 4910 1803 4976 1626,
1826 4909 2043 4967 l8Maii

394 4977 509 5051 alia
536 4977 609 5033 ad
641 4978 1105 5051 Weingartense,
1138 4994 1264 5051 qua;
1298 4977 1609 5035 Bucelinus
1632 4980 1690 5036 in
1713 4996 1818 5038 suo
1850 4981 2044 5039 Meno-

390 5047 546 5121 logio
578 5044 859 5113 recenset,
886 5044 1105 5105 sacrum
1130 5044 1352 5105 scilicet
1382 5052 1577 5121 capitis
1625 5054 1882 5108 verticem
1916 5069 2045 5110 cum

391 5119 610 5177 brachio
648 5130 699 5178 et
728 5122 860 5178 aliis
890 5122 1110 5182 aliquot
1128 5121 1301 5176 sacris
1322 5119 1547 5177 ossibus.
1572 5122 1735 5180 Unde
1750 5124 1820 5179 de
1852 5123 2040 5182 loculo

394 5208 498 5265 seu
523 5192 832 5265 sepultura
860 5192 922 5265 B._
949 5190 1261 5265 Herma‘nni
1285 5193 1436 5265 apud
1462 5192 1848 5250 Altschausen
1881 5195 2036 5253 haud

392 5262 648 5335 dubitari
681 5263 1119 5335 posseividetur.
1151 5262 1471 5318 lliltrudem
1497 5280 1629 5320 vero
1649 5273 1892 5322 matrem
1908 5268 2042 5323 Her-

394 5334 595 5389 manni
628 5333 1083 5390 in’Allesbausen
1114 5334 1407 5391 conditam
1457 5336 1661 5392 scribit
1708 5336 1863 5392 idem
1896 5338 2041 5395 Bru-

393 5403 595 5478 scbius
626 5405 681 5478 in
716 5404 1104 5478 Chronologia
1133 5406 1619 5464 monasteriorum
1641 5409 2039 5466 Germaniaain

394 5475 637 5533 historia
670 5475 1129 5535 Marchtallensis
1156 5478 1569 5534 canonicorum
1620 5479 2039 5537 Praemonstra-

393 5546 646 5621 tensium
696 5550 975 5621 rmuobii,
1039 5550 1094 5604 in
1130 5567 1247 5621 qua
1277 5550 1533 5607 Jodocus
1558 5550 1739 5607 abbas
1770 5568 1866 5606 an.
1902 5553 2037 5609 1461

391 5617 611 5673 electus
641 5620 1004 5675 Alleshusium
1033 5622 1103 5676 ait
1133 5617 1316 5676 lacum
1346 5621 1773 5677 Buchoviensem
1792 5638 1891 5678 seu
1906 5622 2038 5678 Plu-

393 5689 645 5763 marium
674 5692 889 5748 emisse
921 5694 1154 5763 legitur,
1188 5694 1286 5748 ubi
1307 5693 1902 5763 HermanniContracti
1927 5711 2043 5750 ma-

391 5765 472 5817 ter
498 5761 677 5819 cubat.
708 5761 1224 5838 ldipsumquoque
1246 5762 1563 5823 Bucelinus
1584 5763 1645 5821 in
1672 5764 1937 5838 margine
1968 5766 2041 5824 ad

2150 4194 2403 4266 denique
2415 4190 2753 4249 narratione
2774 4192 2978 4267 paucis
2996 4193 3181 4252 multa
3193 4194 3533 4270 complexus
3552 4192 3795 4268 genuini

2152 4336 2552 4401 Hermannum
2584 4351 2679 4406 an.
2719 4336 2853 4406 1052
2874 4351 2987 4406 sua
3005 4354 3185 4394 manu
3204 4340 3384 4394 notat.
3410 4330 3800 4406 Alles’nausen

2158 4408 2270 4464 snb
2300 4406 2518 4463 ditione
2545 4404 2774 4462 abbatis
2806 4402 3292 4474 Marcbtaliensis,
3326 4406 3425 4465 ubi
3458 4402 3695 4467 condita
3720 4410 3799 4465 sit

2073 4446 2116 4514 ο
2156 4446 3796 4555 iii‘ﬁr‘ﬁrii;3117335a‘iié’éﬁ‘éifxiiéiiifgiié'iiﬁgvfx'é‘EéfV;

2151 4567 2283 4625 rum
2316 4544 2459 4606 illuc
2485 4562 2726 4625 quoque
2740 4551 2894 4625 datis
2909 4544 3129 4625 litteris
3151 4550 3381 4625 nullum
3399 4544 3797 4625 hujussepub-

2156 4623 2396 4697 cri,_aut
2434 4616 2667 4697 capellis
2690 4619 2749 4697 ᾖ.
2785 4622 3057 4697 Udal_rici,
3097 4624 3220 4697 sub
3244 4640 3391 4697 qua
3431 4616 3794 4697 conditaisit,

2153 4687 2625 4777 vestigioruiaut
2653 4687 2834 4777 ullam
2856 4687 3225 4777 saltem‘faCti
3244 4687 3424 4777 hujus
3446 4687 3798 4777 memoriam

2152 4760 2393 4847 ι’θρᾳιτίιοὶ
2425 4761 2623 4819 didici-
2656 4760 3005 4848 Quanquam
3036 4764 3182 4849 alias
3210 4760 3376 4822 locus
3404 4760 3691 4848 istecerte
3721 4760 3794 4849 ad

2150 4835 2574 4911 Verlngensem
2594 4841 2941 4911 comitatum
2995 4836 3365 4911 pertinuerit,
3402 4852 3454 4911 _a
3483 4834 3797 4911 principali

2151 4908 2278 4982 ejus
2309 4905 2655 4991 cognomine
2684 4907 2907 4990 oppido
2926 4905 3087 4971 ha'ud'
3108 4909 3250 4993 adeo
3271 4905 3541 4978 diSsitus,
3562 4907 3655 4977 uti
3667 4905 3800 4993 λῃ.

2163 4974 2455 5052 sohausen
2484 4993 2543 5032 1n
2564 4974 2822 5052 Algevra.
2856 4980 2980 5036 Stet
3007 4984 3203 5052 tamen
3234 4979 3468 5037 Interim
3490 4994 3602 5052 sua
3622 4979 3797 5052 dictis

2152 5049 2540 5127 scriptoribus
2571 5046 2754 5119 {id—es;
2787 5052 2958 5127 nobis
2998 5050 3207 5127 saltem
3227 5051 3617 5127 persuadere
3636 5046 3801 5127 haud

2151 5114 2470 5195 possumus
2482 5120 2732 5196 Harman
2741 5114 2906 5196 num,
2926 5122 3196 5196 in‘Augia
3212 5114 3662 5196 disiunctumﬂn
3683 5118 3799 5179 aiio

2150 5190 2312 5250 extra
2341 5204 2469 5266 eam
2509 5190 2636 5253 loco
2666 5192 2896 5266 sepeliri
2924 5190 3180 5251 voluisse
3206 5206 3383 5266 quam
3414 5192 3528 5266 ubi
3546 5197 3799 5266 matrem

2152 5281 2319 5338 suam
2340 5264 2645 5338 humatam
2662 5263 2919 5338 noverat,
2935 5265 3106 5338 quive
3119 5263 3431 5338 utrobique
3442 5263 3802 5338 Allasbusan

2151 5335 2385 5408 dicitur,
2420 5336 2574 5408 unde
2603 5334 2775 5408 facile
2803 5334 3367 5408 dein'Allsbusene't
3393 5336 3649 5408 denique
3678 5336 3804 5393 Alt-

2152 5407 2403 5492 scbusen
2436 5406 2727 5492 effort-nari
2748 5409 2986 5492 potuit;
3007 5406 3440 5492 quemquidem
3463 5406 3661 5492 locum
3693 5424 3805 5490 ceu

2150 5475 2526 5551 celebriorem
2557 5478 2724 5535 alteri
2745 5475 3009 5551 ignobili,
3023 5475 3094 5536 'et
3113 5475 3277 5551 ﬁliali
3296 5483 3528 5535 tantum
3541 5478 3805 5551 ecclesiae

2151 5548 2571 5631 subparochia
2600 5546 2875 5631 Seekircl}
2906 5550 3000 5609 hic
3020 5567 3134 5631 _pro
3165 5549 3472 5621 utriusque
3504 5554 3563 5606 et
3585 5550 3809 5631 matris

2149 5624 2209 5694 et
2238 5617 2340 5674 {iiii
2398 5620 2670 5694 sepulcra
2722 5617 3147 5694 praeferendum
3204 5617 3536 5683 censemus.
3583 5621 3698 5681 Sed
3732 5623 3811 5681 de

2071 5727 2118 5794 Π
2152 5690 2487 5750 Hermanno
2517 5690 2827 5767 hucuudue
2847 5691 3013 5753 satis.
