4026 6228
211 318 296 399 3's
1164 321 1684 400 BIBSER’I‘A-TIO
1729 335 1832 397 DE
1875 329 2288 397 HERMANNI
2335 331 2753 397 canomeo.
3585 333 3662 397 34

220 470 684 546 ‘chronographi
709 475 933 546 patres,
957 471 1008 527 si
1035 469 1166 544 quis
1188 470 1360 542 alius,
1386 470 1752 527 H‘ermannus
1773 485 1907 542 prm-
1934 467 1985 536 Α
2022 469 2220 533 fuisse,
2257 470 2524 540 quamvis
2557 483 2882 540 perperam,
2915 465 3184 523 asseruit.
3223 467 3279 522 Id
3305 483 3435 522 vero
3457 469 3662 542 singu-

235 563 460 637 ‘primis
489 560 802 618 sustinuit.
837 559 1055 617 Verum
1088 561 1158 615 de
1187 559 1282 615 his
1327 559 1421 614 alii
1466 559 1766 630 judicent;
1800 576 1906 613 no-

245 656 440 708 strum
469 650 708 706 interim
741 654 833 706 est
864 653 929 705 ut
949 651 1020 704 de
1040 647 1307 718 Chronici
1329 648 1506 719 hujus
1529 647 1908 713 editionibus,

249 753 399 797 mss.
430 740 755 810 codicibus,
789 756 857 794 ac
887 742 1099 794 nostra;
1148 738 1328 808 hujus
1377 735 1646 792 editionis
1690 735 1909 792 ratione

248 845 441 902 pauca
468 827 681 900 przevie
713 827 1102 883 disseramus.

505 920 532 985 §
562 919 602 972 I.
635 948 704 957 —
734 917 1012 972 Editiones
1043 914 1302 971 Chronici
1328 914 1647 971 Hermanm'.

329 1005 370 1060 Ι.
416 1002 876 1061 Celebratissimi
927 1004 1108 1076 hujus
1175 1003 1589 1059 Hermanniani
1641 1003 1907 1060 Chronici

248 1093 457 1165 plures
489 1094 800 1165 hucusque
826 1093 1170 1165 prodierunt
1196 1092 1506 1163 editiones,
1540 1093 1682 1148 adeo
1712 1097 1908 1148 tamen

245 1183 418 1238 inter
443 1199 510 1238 se
539 1181 796 1243 diversis,
829 1181 1189 1253 interpolata
1221 1187 1324 1236 aut
1344 1185 1647 1246 truncataa,
1667 1189 1731 1236 ut
1752 1199 1909 1253 quae-

249 1289 403 1328 nam
431 1270 666 1327 illarum
697 1270 1343 1343 genuinumHermanni
1363 1273 1596 1342 partum
1618 1270 1908 1332 exhibeat,

245 1361 550 1416 incertum
581 1362 749 1432 plane
781 1361 857 1414 sit
887 1375 954 1413 ac
985 1358 1250 1414 dubium'
1298 1361 1433 1425 Quae
1480 1359 1718 1431 quidem
1748 1363 1912 1414 tanta

252 1449 568 1506 diversitas
597 1449 754 1504 unde
801 1449 1176 1520 potissimum
1209 1447 1555 1519 provenerit,
1591 1452 1792 1520 postea
1820 1451 1911 1504 in-

251 1539 754 1608 dicabimus,cum
788 1536 954 1609 prius
982 1536 1052 1591 de
1077 1535 1222 1607 ipsis
1251 1534 1609 1592 editionibus
1630 1537 1912 1593 nonnulla

252 1626 606 1683 dixerimus.

330 1711 1052 1772 ll.PrimusH‘ermannum
1083 1727 1218 1768 cum
1243 1712 1374 1770 aliis
1397 1713 1781 1786 scriptoribus
1813 1733 1913 1787 pu-

245 1803 402 1859 blici
423 1803 711 1903 jurisfecit
736 1803 993 1858 Joannes
1023 1801 1340 1903 Sichardus
1373 1801 1576 1902 Basilaa
1605 1820 1696 1858 an.
1751 1806 1910 1873 1529,
1945 1839 1992 1903 Β

252 1911 330 1949 ex
363 1889 585 1959 codice,
616 1895 688 1946 ut
734 1893 983 1958 videtur,
1012 1890 1418 1946 San-Gallensi
1452 1907 1622 1962 quem
1656 1909 1789 1947 vero
1831 1894 1913 1947 al-

249 1987 517 2037 teratum
552 1981 732 2037 fuisse
761 1987 818 2036 et
846 1979 1018 2035 subin
1072 1979 1486 2051 interpolatum
1537 1979 1722 2035 multa
1752 1982 1915 2036 evin-

252 2075 422 2127 cunt.
461 2069 674 2142 Incipit
719 2071 880 2124 enim
930 2087 964 2124 a
1012 2069 1218 2123 mundi
1264 2069 1575 2133 creatione,
1609 2073 1916 2143 totumque

253 2159 520 2232 opus,De
551 2176 653 2214 sex
673 2158 877 2215 mundi
902 2156 1167 2213 aetatibus
1188 2157 1561 2230 inscriptum,
1581 2159 1652 2213 ad
1677 2161 1914 2214 verbum

253 2250 378 2304 fere
410 2265 479 2304 ex
507 2247 836 2303 Venerabili
850 2247 1005 2302 Beda
1034 2251 1475 2318 transumptum
1508 2252 1597 2303 est
1627 2264 1815 2319 usque
1845 2249 1915 2304 ad

257 2338 472 2393 Christi
510 2339 811 2393 nascentis
843 2341 1132 2407 tempora,
1183 2337 1340 2390 unde
1385 2335 1708 2391 Chronicon
1742 2354 1914 2392 suum

260 2429 608 2499 auspicatus
633 2426 854 2481 dicitur
877 2425 1246 2480 Hermannus
1277 2425 1336 2479 in
1387 2426 1517 2496 ejus
1562 2425 1726 2493 Vita;
1763 2427 1915 2497 quod

258 2516 352 2571 vel
394 2516 605 2571 exinde
662 2531 900 2587 quoque
950 2514 1192 2581 eruitur,
1242 2530 1376 2569 cum
1427 2515 1498 2568 ab
1546 2531 1612 2568 eo
1660 2518 1919 2586 tempore

261 2604 592 2678 plurimum
618 2621 651 2660 a
681 2604 836 2660 Beda
867 2603 1175 2659 discordet.
1230 2603 1394 2658 Unde
1445 2603 1698 2658 multum
1725 2621 1759 2660 a
1785 2621 1920 2660 vero

262 2695 545 2752 aberrant
573 2693 673 2764 qui
703 2693 1106 2748 Hermannum
1134 2692 1293 2747 Beda:
1323 2696 1554 2747 tantum
1587 2692 1921 2765 compilata-

261 2800 387 2839 rem
421 2781 788 2846 existimant,
823 2787 888 2836 ut
929 2785 1130 2853 postea
1173 2779 1524 2836 videbimus.
1578 2781 1649 2836 Ut
1697 2786 1761 2836 ut
1788 2798 1921 2839 vero

261 2869 821 2943 deincepsSichardi
849 2869 1026 2925 editio
1057 2886 1191 2924 cum
1222 2870 1696 2942 codiceAugiensi
1721 2870 1778 2925 in
1803 2871 1920 2942 ple-

259 2961 468 3033 risque
498 2959 827 3027 conveniat,
855 2957 1043 3013 multa
1059 2963 1252 3014 tamen
1276 2957 1625 3030 interpolata
1645 2960 1922 3028 continet,

2018 558 2136 612 lare
2168 558 2437 628 praestitit
2466 559 2768 621 Urstitius,
2800 557 2954 630 quod
2989 556 3168 628 priori
3199 557 3380 611 textui
3415 558 3488 612 ab
3511 574 3664 614 anno

2017 647 2228 700 Christi
2263 649 2367 700 378
2397 647 2456 701 in
2491 647 2671 702 altera
2702 645 2977 701 columna
3029 646 3324 701 diversum
3357 646 3661 718 adjungat‘,

2018 735 2394 806 desumptum
2460 751 2528 789 ex
2577 752 2707 788 saec.
2751 752 2829 788 χιι
2881 734 3075 789 codice
3120 751 3263 788 mss.
3322 737 3663 790 monasterii

2017 822 2077 877 S.
2103 823 2355 894 Georgii,
2383 824 2535 894 quod
2570 839 2724 877 nunc
2754 821 3019 895 Villingaa
3049 826 3158 883 est,
3191 823 3361 894 quive
3388 839 3482 878 an.
3527 825 3666 879 1768

2018 927 2151 966 cum
2186 918 2386 967 nostro
2419 912 2484 966 D.
2520 911 2696 966 Blasii
2730 911 3085 966 monasterio
3137 911 3195 965 in
3241 911 3465 967 cineres
3498 912 3658 967 abiit.

2018 1002 2204 1072 Atque
2234 1000 2389 1054 hunc
2437 1000 2672 1071 quidem
2723 999 3002 1064 codicem,
3054 1015 3154 1054 ceu
3201 1001 3325 1070 jam
3359 1001 3664 1072 impressis

2019 1089 2204 1144 multo
2239 1089 2646 1160 copiosiorem,
2695 1089 3001 1159 magisque
3054 1090 3450 1154 emendatum”,
3487 1089 3665 1145 simul

2019 1179 2308 1234 edendum
2335 1178 2563 1232 censuit
2582 1177 2861 1232 Urstitius
2879 1194 2891 1236 ι
2908 1175 2966 1230 in
2988 1177 3299 1232 hoctamen
3325 1178 3665 1250 suojudicio

2020 1267 2174 1321 haud
2209 1283 2416 1338 parum
2447 1267 2745 1338 deceptus,
2770 1266 3221 1319 cumHermanni
3259 1267 3495 1336 genuini
3527 1284 3669 1322 nou-

2019 1354 2133 1409 nisi
2152 1355 2447 1425 quoddam
2472 1353 2883 1424 compendium
2912 1353 3006 1416 sit,
3026 1353 3199 1424 idque
3225 1370 3326 1407 nec
3349 1355 3664 1428 integrum,

2021 1459 2125 1498 nec
2154 1459 2288 1497 cum
2319 1442 2742 1514 ipsoChronico
2774 1443 2917 1496 satis
2950 1443 3085 1496 hinc
3115 1442 3248 1495 inde
3281 1445 3668 1512 concordans,

2021 1531 2370 1604 proutinfra
2423 1532 2492 1586 de
2538 1530 2836 1586 codicibus
2887 1530 3074 1584 acturi
3105 1531 3664 1588 demonstrabimus.

2023 1623 2083 1676 In
2110 1620 2218 1675 hoc
2246 1636 2378 1675 vero
2401 1618 2972 1691 prmstatUrstisiana
2993 1619 3167 1673 editio
3191 1620 3348 1690 quod
3374 1620 3666 1693 duplicem

2022 1710 2240 1780 pariter
2286 1709 2598 1763 Hermanni
2655 1707 3152 1762 continuationem
3206 1709 3544 1782 subjungat,
3597 1711 3668 1766 ab

2024 1814 2176 1852 anno
2210 1799 2345 1852 1054
2376 1798 2709 1860 deductam,
2747 1813 2922 1850 unam
2957 1797 3194 1867 quidem
3229 1797 3550 1854 breviorem
3597 1800 3668 1855 ad

2025 1903 2245 1941 annum
2279 1903 2463 1956 usque
2498 1887 2658 1950 1066,
2690 1886 3029 1955 ampliorem
3056 1902 3186 1940 vero
3213 1885 3458 1942 alteram
3483 1905 3672 1960 usque

2026 1977 2096 2032 ad
2130 1992 2351 2030 annum
2384 1975 2542 2044 4100,
2576 1975 2647 2028 de
2697 1975 2913 2043 quibus
2962 1974 3019 2028 in
3073 1976 3454 2046 sequentibus
3485 1978 3670 2034 acturi

2027 2081 2256 2120 sumus.

2097 2153 2167 2207 VI
2205 2159 2468 2206 Mannum
2504 2151 2684 2222 igitur
2714 2151 3040 2222 hucusque,
3073 2155 3174 2205 aut
3223 2152 3421 2208 minus
3464 2154 3672 2210 saltem

2027 2247 2292 2297 exactum
2326 2241 2385 2296 in
2417 2240 2588 2296 editis
2638 2241 2818 2294 videri
2867 2245 3089 2310 poterat
3139 2240 3456 2296 Hermanni
3485 2244 3667 2298 nostri

2028 2331 2528 2397 Chronicon,dum
2543 2327 2687 2382 illud
2703 2329 2897 2383 subito
2913 2329 3142 2384 auctius
3162 2329 3346 2385 multo
3366 2331 3674 2404 magisque

2029 2419 2384 2491 completum
2417 2418 2578 2474 dedit
2604 2417 3158 2473 HenricusCanisius
3184 2423 3342 2473 tomo
3374 2421 3677 2492 [Antiqua-

2029 2525 2156 2562 rum
2193 2508 2534 2562 Lectionum
2565 2511 2675 2560 vet.
2711 2507 2851 2560 edit.
2886 2524 3037 2560 anno
3069 2509 3226 2573 1601,
3259 2512 3393 2574 etc.,
3422 2525 3487 2562 ex
3507 2511 3677 2580 cujus

2029 2598 2282 2652 editione
2304 2601 2505 2668 postea
2525 2595 2584 2650 in
2607 2595 2995 2650 Bibliothecas
3017 2597 3252 2650 Patrum
3275 2597 3676 2654 (Ioloniensem

2027 2690 2171 2740 tom.
2208 2684 2300 2750 XI,
2333 2689 2388 2739 et
2419 2684 2868 2755 Lugdunensem
2891 2690 3031 2737 tom.
3086 2683 3281 2750 XVIII,
3321 2686 3557 2741 transiit
3589 2703 3676 2742 re-

2033 2791 2242 2830 cusum
2279 2791 2310 2827 a
2340 2774 2464 2827 Jac.
2502 2772 2974 2843 Basnagio,tom.
3012 2773 3080 2827 IIl
3104 2789 3260 2826 novae
3283 2775 3555 2829 editionis
3580 2792 3675 2831 an.

2033 2865 2190 2928 1725,
2227 2863 2382 2916 unde
2411 2865 2679 2932 excerpta
2700 2877 2887 2932 nuper
2907 2861 3066 2915 dedit
3089 2862 3147 2915 P.
3173 2862 3435 2934 Bouquet
3461 2863 3680 2921 sodalis

2033 2952 2372 3008 Maurianus
2386 2951 2443 3004 in
2463 2949 2832 3021 amplissima
2845 2949 3304 3006 suaCollectione
3323 2953 3676 3023 scriptorum

262 3050 420 3104 facta
448 3047 587 3104 aliis
618 3047 791 3102 annis
821 3051 1106 3112 recenset,
1139 3051 1196 3101 et
1226 3046 1394 3118 plura
1419 3047 1671 3102 subinde
1710 3048 1927 3103 omittit
2034 3058 2230 3096 rerum
2266 3039 2696 3102 Francicarum.
2727 3043 2866 3094 tom.
2904 3041 2922 3093 Ι
2933 3040 2975 3093 II
3009 3043 3066 3094 et
3113 3056 3279 3111 seqq.
3322 3041 3450 3112 Ipse
3482 3049 3678 3098 autem

263 3154 462 3210 usque
493 3137 566 3192 ad
597 3153 818 3192 annum
872 3137 1031 3201 1040,
1081 3135 1178 3190 ubi
1223 3153 1430 3192 rursus
1480 3152 1614 3191 cum
1645 3136 1922 3209 Augiensi

269 3227 614 3282 concordat.

344 3317 442 3371 III.
479 3316 747 3370 Primam
771 3315 921 3369 hanc
948 3313 1212 3368 Sichardi
1243 3312 1558 3368 editionem
1583 3315 1652 3369 ad
1681 3315 1921 3370 verbum

270 3402 1112 3478 expressitJomnesPistorius
1143 3402 1200 3457 in
1232 3419 1340 3458 sua
1368 3401 1925 3475 ScriptorumColle-

271 3481 488 3561 ctione,
520 3493 663 3548 item
695 3492 931 3547 Basileae
964 3509 1057 3546 an.
1093 3492 1247 3562 1536,
1281 3508 1348 3546 ac
1379 3507 1611 3546 rursum
1659 3509 1753 3546 an.
1791 3494 1925 3548 1613

268 3571 642 3639 Francol'urti
676 3597 945 3654 procusa,
974 3585 1031 3634 et
1069 3581 1192 3651 ipse
1237 3583 1434 3634 tamen
1484 3579 1736 3651 alicujus
1777 3599 1921 3638 mss.

266 3671 493 3727 codicis
523 3669 788 3727 subsidio
819 3669 1174 3735 destitutus;
1218 3669 1373 3724 unde
1422 3685 1528 3740 par
1574 3669 1645 3724 de
1675 3673 1924 3742 utraque

259 3759 568 3830 judicium
592 3759 892 3814 ferendum
917 3762 1045 3825 est;
1070 3759 1158 3813 cui
1187 3760 1338 3814 recte
1364 3759 1506 3815 adeo
1527 3757 1922 3832 Gundlingius

263 3863 524 3921 parvum
561 3843 819 3920 pretium
864 3848 1090 3903 statuit.
1124 3847 1186 3902 In
1215 3865 1282 3904 eo
1313 3864 1544 3920 quoque
1575 3849 1762 3904 ambae
1793 3866 1925 3904 con-

260 3936 517 3992 veniunt
540 3937 688 4008 quod
713 3935 1357 3992 ChroniconHermanni
1381 3953 1415 3991 a
1443 3937 1677 3992 condito
1701 3939 1921 3994 mundo

259 4041 458 4098 usque
489 4026 560 4081 ad
589 4042 684 4081 an.
716 4025 858 4081 4066
888 4025 1009 4081 nati
1041 4025 1251 4081 Christi
1276 4026 1616 4098 perducant.
1645 4026 1919 4082 Berthodi

259 4114 555 4170 nimirum
587 4115 1085 4171 continuationem
1107 4115 1329 4188 absque
1350 4113 1469 4170 ulla
1481 4116 1610 4186 ejus
1628 4115 1921 4172 mentione

258 4203 610 4259 immediate
639 4204 1066 4276 subjungentes
1083 4203 1543 4277 Hermanno,qui
1573 4209 1768 4261 tamen
1792 4206 1918 4276 jam

144 4288 150 4292 ’
258 4309 357 4348 an.
397 4293 540 4347 105i
575 4292 830 4348 scribere
868 4309 935 4348 ac
967 4292 1155 4348 vivere
1183 4294 1377 4349 desiit.

335 4381 427 4437 IV.
465 4381 699 4437 Pistorii
731 4381 1133 4436 Hermannum
1153 4382 1319 4437 novis
1341 4382 1498 4438 curis
1519 4381 1915 4448 emendatum,

257 4476 317 4526 et
348 4487 420 4526 ex
452 4470 684 4526 Urstisii
708 4487 775 4526 ac
796 4471 1014 4527 Canisii
1037 4469 1390 4526 editionibus
1417 4475 1677 4527 auctum.
1704 4470 1913 4525 Burch.

2034 3130 2302 3186 Canisius
2325 3128 2467 3182 illud
2485 3145 2659 3182 suum
2675 3128 3000 3182 Chronicon
3026 3129 3465 3199 deprompserat
3486 3147 3552 3185 ex
3566 3147 3676 3187 ms.

1955 3201 1997 3267 (ἶ
2037 3219 2236 3274 codice
2267 3221 2608 3288 Augustano
2637 3217 2974 3272 monasterii
3001 3220 3099 3271 SS.
3134 3217 3380 3272 Udalrici
3414 3224 3472 3273 et
3510 3220 3678 3286 Afrae,

2036 3310 2191 3380 quod
2224 3308 2347 3380 ipse
2377 3307 2436 3361 in
2469 3307 2596 3376 ejus
2628 3306 2814 3360 fronte
2844 3306 3053 3360 asserit
3081 3323 3207 3361 esse
3238 3307 3311 3360 ab
3356 3307 3682 3364 Urstisiano

2034 3398 2205 3470 longe
2218 3395 2684 3452 diversissimum
2701 3400 2757 3450 et
2771 3395 3122 3466 locupletius
3137 3413 3150 3451 :
3168 3412 3295 3466 quae
3315 3397 3487 3451 etiam
3504 3414 3683 3453 causa

2036 3488 2145 3543 fuit
2174 3487 2329 3558 quod
2363 3485 2552 3556 primo
2585 3483 2822 3556 quidem
2855 3485 3150 3538 communi
3183 3485 3548 3540 eruditorum
3582 3504 3681 3558 ap~

2035 3577 2242 3649 plausu
2304 3574 2478 3630 fuerit
2530 3577 2856 3644 exceptum.
2919 3573 3032 3627 Nec
3089 3574 3144 3627 id
3181 3590 3320 3628 sane
3366 3574 3681 3642 immerito,

2034 3666 2251 3737 quippe
2283 3664 2438 3735 quod
2469 3662 2726 3734 plurima
2756 3661 3077 3717 contineret
3107 3680 3232 3735 quae
3276 3663 3332 3716 in
3377 3663 3682 3736 hucusque

2032 3753 2339 3826 impressis
2369 3751 2873 3806 desiderabantur.
2903 3751 3116 3806 Verum
3151 3752 3302 3806 brevi
3335 3759 3466 3823 post
3488 3753 3685 3808 adver-

2032 3846 2230 3898 terunt
2248 3840 2578 3913 sagaciores
2598 3839 2808 3896 molem
2827 3838 2987 3893 illam
3003 3844 3303 3912 tantopere
3319 3841 3680 3897 dilaudatam

2033 3931 2354 3987 excrevisse
2388 3932 2452 3983 ut
2481 3927 2803 4000 plurimum
2830 3944 2895 3982 ex
2918 3926 3465 3999 interpolationibus
3496 3930 3680 3984 codici

2032 4024 2383 4092 Augustano
2417 4018 2638 4088 absque
2685 4017 2845 4072 omni
2891 4014 3115 4070 delectu
3165 4017 3421 4082 insertis,
3471 4021 3526 4072 et
3555 4019 3682 4074 sine

2030 4110 2164 4166 crisi
2199 4108 2407 4164 exinde
2436 4106 2710 4179 vulgatis,
2743 4123 2808 4160 ac
2839 4103 2926 4160 vel
2961 4105 3293 4161 Hermanno
3344 4107 3680 4178 posteriori-

2029 4201 2160 4267 bus,
2195 4197 2282 4254 vel
2317 4199 2389 4252 ab
2422 4198 2549 4268 ejus
2582 4196 2791 4252 saltem
2823 4211 3000 4251 manu
3038 4194 3263 4250 alienis.
3317 4199 3504 4268 Atque
3545 4197 3681 4253 hinc

2030 4291 2246 4345 factum
2305 4292 2394 4344 est
2447 4292 2512 4342 ut
2571 4286 2673 4341 viri
2707 4285 2860 4340 docti
2896 4301 3008 4340 non
3058 4285 3255 4356 pauci,
3289 4285 3555 4358 interque
3581 4303 3680 4343 eos

2029 4376 2390 4434 Bollandiani
2425 4373 2765 4448 agiographi
2794 4378 2938 4428 tom.
2976 4373 2997 4428 l
3053 4374 3236 4446 Sept.,
3292 4391 3422 4446 pag.
3468 4376 3593 4443 640,
3625 4379 3682 4430 et

2028 4471 2168 4522 tom.
2201 4467 2272 4521 VI
2301 4465 2464 4520 Junii
2497 4465 2553 4519 in
2583 4463 2922 4536 appendice,
2957 4479 3015 4534 p.
3059 4463 3149 4530 89,
3203 4463 3525 4528 Canisianze
3555 4463 3680 4519 edi-

261 4559 469 4620 Gotth.
489 4560 761 4617 Struvius
788 4565 989 4632 postea
1006 4558 1340 4616 Ratisbouaa
1359 4577 1452 4615 an.
1473 4561 1614 4616 1726
1634 4559 1914 4631 vulgavit,
1949 4568 1993 4632 D
2025 4557 2190 4622 tioni,
2219 4553 2544 4609 innumeris
2576 4554 2814 4624 insuper
2866 4551 3097 4606 mendis
3148 4569 3451 4624 respersae,
3480 4553 3678 4608 minus

257 4656 353 4727 cnj
365 4670 442 4729 us,
467 4650 722 4724 pretium
754 4665 823 4704 ex
849 4648 1046 4704 citatis
1067 4655 1123 4703 et
1147 4666 1280 4705 mox
1302 4648 1629 4704 indicandis
1655 4647 1918 4704 editioni-

259 4745 376 4800 bus
408 4739 824 4798 aestimandum
855 4741 962 4792 est.
995 4738 1170 4793 Porro
1201 4742 1258 4794 et
1286 4738 1428 4806 haec,
1453 4738 1536 4793 uti
1561 4737 1721 4810 prior
1735 4737 1914 4792 Pisto-

259 4834 403 4900 rii,a
433 4830 670 4887 condito
702 4828 841 4884 orbe
875 4843 1066 4898 usque
1097 4827 1165 4881 ad
1191 4844 1283 4882 an.
1309 4828 1442 4883 1066
1463 4825 1918 4894 deeurrit,nulla

259 4939 501 4995 prorsus
533 4918 792 4990 alicujus
822 4916 1280 4972 continuationis
1309 4917 1606 4972 mentione
1639 4916 1806 4970 facta.

327 5011 390 5066 V.
444 5010 664 5077 Tertia,
728 5021 916 5077 eaque
975 5004 1200 5068 melior,
1235 5010 1293 5060 et
1332 5005 1638 5076 hucusque
1695 5005 1918 5076 Optima

255 5101 567 5159 Hcrmanni
622 5096 808 5155 editio
861 5096 1110 5150 debetur
1156 5095 1369 5151 Christ.
1420 5093 1687 5160 Urstisio,
1738 5110 1916 5164 quam

253 5194 399 5250 temo
427 5193 451 5250 Ι
481 5191 868 5263 Scriptorum
895 5183 1401 5251 Germanicorum,
1435 5181 1800 5239 Francofurti
1819 5199 1912 5237 an.

245 5283 377 5341 1587
399 5289 458 5342 et
490 5281 640 5341 I670
672 5275 942 5349 vulgato,
977 5272 1245 5341 inseruit,
1280 5272 1378 5328 ubi
1412 5272 1813 5328 Hermannum
1837 5271 1915 5326 si—

233 5377 330 5434 siit
358 5395 390 5434 a
419 5370 726 5434 Sichardo
758 5379 1048 5423 excusum
1076 5377 1147 5418 ea:
1167 5364 1394 5435 antiquo
1413 5363 1724 5434 exemplari
1746 5377 1917 5416 cemo-

221 5467 300 5529 ὸίί
322 5459 800 5529 San-Gallensis,
838 5458 906 5510 ut
928 5453 1060 5525 ipse
1083 5449 1321 5523 quidem
1347 5451 1724 5520 existimavit,
1749 5450 1916 5505 indu-

212 5567 335 5624 ctus
376 5558 548 5620 haud
583 5549 785 5611 dubie
813 5563 851 5602 a
884 5541 1198 5610 Sichardo,
1230 5540 1331 5613 qui
1363 5541 1423 5596 in
1450 5539 1786 5613 praefatione
1807 5555 1915 5594 sua

201 5651 530 5729 Hermanni
563 5633 1013 5725 ephemeridas
1043 5631 1106 5690 in
1121 5627 1344 5690 D.Galli
1365 5630 1626 5690 canobio
1647 5631 1913 5689 exaratas

2028 4645 2324 4699 ﬁdendum
2359 4643 2490 4708 rati,
2522 4642 2710 4695 eidem
2742 4641 2965 4712 priores
2996 4640 3304 4705 editiones,
3337 4641 3443 4696 etsi
3478 4642 3679 4697 minus

2026 4733 2271 4805 amplas,
2306 4732 2692 4804 praferendas
2722 4729 3080 4790 censuerint,
3116 4735 3313 4801 utpote
3347 4729 3534 4804 magis
3558 4732 3674 4785 sin-

2025 4840 2184 4878 ceras
2218 4839 2318 4878 nec
2339 4827 2424 4876 tot
2454 4820 2752 4876 erroribus
2784 4818 3087 4874 obnoxias.
3125 4819 3254 4874 Hazc
3285 4836 3455 4891 porro
3487 4819 3674 4890 magis

2027 4907 3674 4978 dilucidabitcodicummanuscriptorumrecensio,quam

2028 5002 2121 5056 hic
2153 5001 2540 5055 instituimus.

2402 5091 2428 5155 §
2461 5089 2528 5143 Il.
2561 5120 2628 5126 —
2662 5087 2874 5144 Codices
2905 5088 3280 5156 Ma-nuscriptz'.

2097 5180 2216 5234 VII.
2251 5178 2482 5234 Omisso
2516 5177 2608 5231 hic
2632 5178 2829 5234 codice
2861 5175 3248 5242 Schardiano,
3297 5173 3366 5227 de
3398 5189 3513 5245 quo
3546 5174 3672 5246 jam

2025 5268 2304 5335 diximus,
2339 5267 2480 5322 alios
2496 5266 2984 5332 examinabimus,
3006 5263 3333 5336 praeprimis
3358 5264 3674 5320 Sen-Gem.

2024 5357 2264 5430 gianum
2295 5355 2638 5420 breviorem,
2669 5356 2824 5408 unde
2856 5353 3141 5408 Urstisius
3172 5369 3237 5407 ex
3270 5358 3456 5425 parte,
3491 5359 3547 5409 et
3566 5358 3675 5410 Au-

2023 5450 2339 5518 gustanum
2356 5440 3184 5514 prolixiorem,undeCanisius
3198 5441 3484 5514 integram
3504 5459 3670 5498 suam

2023 5535 2336 5590 editionem
2362 5532 2741 5587 adornarunt.
2771 5532 2961 5601 Atque
2991 5530 3063 5587 de
3093 5521 3283 5604 primo
3313 5532 3673 5603 quidem,ut-

2025 5626 2157 5703 pote
2178 5624 2307 5698 jam
2339 5619 2660 5695 deperdito,
2689 5635 2796 5680 nec
2817 5619 2888 5681 ab
2913 5619 3158 5683 Urstisio
3183 5621 3329 5682 satis
3349 5627 3548 5686 curate
3578 5621 3674 5680 deo
