4026 6228
372 286 448 348 35
1145 278 1629 347 HERMANNUS
1671 278 2186 345 CONTRAC'I‘US
2232 277 2585 343 MONACH.
2630 279 2993 344 AUGIENS.

373 421 613 493 scripto,
637 418 929 491 judicium
957 418 1101 473 t‘crre
1128 417 1285 473 haud
1317 416 1535 483 liceret,
1590 415 1700 471 nisi
1751 432 1817 470 ex
1861 414 2023 470 insti-
2050 419 2099 485 Α
2132 418 2385 485 sumpta.
2424 415 2496 469 Ut
2526 413 2707 485 igitur
2742 414 3140 470 Hermannum
3172 410 3495 467 breviorem
3527 427 3596 467 ex
3639 411 3791 468 Ber-

372 515 503 567 tuta
533 508 869 565 Urstisianaa
900 506 1173 562 editionis
1212 505 1520 563 collatione
1567 522 1701 559 cum
1749 503 1879 568 alio,
1915 504 2015 574 qui

373 614 531 654 nunc
559 596 619 651 in
650 593 937 652 electorali
986 593 1333 648 bibliotheca
1379 591 1711 647 Monacensi
1751 606 2019 645 asserva-

370 690 491 753 tur,
523 682 701 757 priori
731 698 834 754 per
880 681 1077 736 omnia
1122 681 1239 735 fere
1296 678 1473 735 simili
1529 678 1748 746 codice,
1773 677 2018 734 certiora

370 773 765 830 edoceremur.
798 770 961 825 Hunc
992 767 1273 824 describit
1294 767 1364 823 cl.
1397 766 1747 847 OEl‘olius‘(t.
1776 765 2014 839 IScript.

370 864 544 927 Boic.,
560 860 759 934 p.652)
782 858 1040 914 codicem
1058 872 1187 913 esse
1208 857 1727 912 membranaceum
1750 854 1807 910 in
1832 854 2018 910 forma

369 936 597 1024 quarta,
616 950 716 1020 qui
740 947 1249 1019 prwterHermanni
1273 945 1599 1010 Chronicon,
1616 944 2018 999 continuatoris

366 1054 575 1112 quoque
594 1033 1592 1108 ejusdemBertholdiConstantiensis
1625 1034 1744 1103 (qui
1764 1034 1822 1087 in
1838 1032 2017 1088 codice

366 1127 688 1184 Bernoldus
718 1125 958 1195 vocatur)
989 1124 1457 1178 continuationem
1484 1122 1552 1177 ab
1582 1138 1729 1177 anno
1778 1121 1915 1176 1Ο53
1944 1121 2016 1176 ad

363 1232 573 1273 annum
598 1230 770 1287 usque
808 1214 940 1268 1100
967 1211 1361 1282 complectitur.
1385 1212 1477 1267 Est
1501 1213 1685 1266 autem
1706 1210 1802 1265 ille
1832 1217 2014 1264 aucto-

364 1307 517 1361 ribus
546 1304 664 1359 suis
686 1316 917 1366 coaevus,
941 1300 1010 1354 ab
1040 1301 1261 1371 ipsoque
1303 1300 1570 1355 Bernoldo
1620 1302 1882 1355 exaratus
1910 1315 1923 1355 :
1959 1299 2015 1354 id

367 1393 507 1465 quod
536 1395 655 1463 ipsa
684 1392 956 1460 scriptura
988 1389 1298 1459 titurazquc,
1330 1404 1426 1442 nec
1464 1404 1575 1442 non
1626 1403 1754 1442 rasa
1783 1386 2014 1442 subinde

364 1482 706 1549 membrana,
737 1479 927 1534 omnia
954 1477 1174 1548 quidem
1202 1477 1270 1531 ab
1288 1476 1473 1532 eadem
1493 1493 1684 1544 manu,
1706 1481 2014 1532 atramento

369 1579 551 1629 tamen
577 1573 630 1626 et
658 1576 898 1639 tempore
925 1567 1135 1622 diverso
1179 1572 1365 1631 aucta,
1421 1569 1637 1620 mutata
1690 1573 1743 1620 et
1773 1573 2014 1620 correcta

364 1678 477 1720 non
505 1660 726 1717 obscure
754 1656 1009 1712 videntur
1038 1657 1285 1710 innuerc.
1320 1655 1420 1709 Est
1449 1654 1557 1709 hoc
1578 1654 1773 1726 ipsum
1796 1654 1867 1709 de
1885 1654 2013 1709 Ber-

2129 503 2304 559 noldo
2333 504 2627 576 integrum
2660 503 3032 570 haberemus,
3086 502 3378 557 variantes
3423 517 3659 573 quoque
3685 501 3784 556 di-

2130 597 2204 648 cti
2231 610 2287 647 m
2321 609 2545 648 annum
2575 592 2964 664 praecedentes
3012 590 3270 647 nancisci
3310 606 3462 646 curae
3496 588 3625 645 fuit.
3659 589 3785 647 Has

2127 697 2262 737 vero
2294 697 2532 737 summa
2561 678 2868 752 diligentia
2897 697 2926 736 a
2960 696 3022 735 se
3051 682 3373 751 excerptas,
3431 682 3489 734 et
3518 678 3591 735 ad
3625 678 3784 735 anti-

2129 786 2313 842 quum
2346 768 2575 825 Urstisii
2610 767 2864 825 codicem
2894 771 3147 836 exactas,
3178 766 3610 823 humanissime
3639 766 3786 822 sub-

2131 857 2294 914 misit
2325 858 2475 930 plur.
2511 875 2625 914 rev.
2658 861 2713 912 et
2743 856 2815 912 cl.
2847 856 2912 912 D.
2946 856 3106 929 Hart,
3139 854 3780 913 eruditissimuselecto

2128 945 2268 1001 ralis
2295 944 2656 1001 bibliothecae
2687 945 3056 1001 Monacensis
3076 943 3331 1017 praefecti
3351 943 3510 1000 vices
3536 959 3773 1017 gerens,

2128 1036 2221 1091 cui
2251 1039 2446 1108 grates
2474 1034 2569 1090 hic
2600 1034 2832 1105 publico
2858 1034 3093 1091 nomine
3116 1032 3526 1106 persolvimus.
3545 1033 3627 1088 Ex
3642 1033 3777 1103 ejus

2123 1123 2365 1196 insuper
2392 1123 2928 1191 litterisdiscimus,
2951 1122 3223 1180 Bernoldi
3245 1123 3505 1179 codicem
3524 1122 3774 1195 perinde

2126 1230 2190 1268 ac
2221 1213 2385 1268 illum
2437 1212 2699 1268 Sichardi
2743 1230 2777 1268 a
2816 1229 2916 1268 sex
2948 1213 3151 1268 mundi
3184 1211 3476 1279 aetatibus,
3518 1228 3644 1283 qua
3663 1210 3776 1267 Ve-

2123 1301 2399 1358 nerabilis
2427 1302 2590 1357 Bedes
2620 1306 2778 1368 sunt,
2812 1301 3013 1371 ordiri,
3072 1319 3106 1357 a
3162 1301 3464 1356 nativitate
3531 1297 3778 1356 Domini

2124 1396 2321 1446 autem
2354 1407 2540 1463 usque
2568 1391 2639 1445 ad
2681 1407 2901 1445 annum
2940 1390 3046 1445 378
3076 1389 3395 1462 plurimum
3442 1388 3516 1443 ab
3545 1405 3611 1444 eo
3642 1388 3773 1442 dis-

2123 1497 2376 1552 crepare,
2410 1484 2582 1552 prout
2610 1496 2678 1535 ex
2734 1482 2936 1534 nostra
2962 1479 3216 1535 editione
3270 1477 3484 1552 legenti
3524 1476 3770 1549 patebit.

2194 1570 2258 1625 In
2318 1569 2521 1624 eodem
2573 1568 2768 1623 codice
2823 1567 3299 1640 San-Georgiano
3357 1565 3774 1625 continebatur

2123 1656 2280 1712 aliud
2315 1674 2555 1729 parvum
2585 1656 2909 1712 Chronicon
2971 1672 3006 1711 a
3035 1660 3168 1711 nato
3197 1654 3427 1712 Christo
3477 1670 3666 1727 usque
3695 1653 3772 1709 ad

366 1750 527 1807 noldi
559 1746 752 1805 codice
774 1744 1088 1816 judicium,
1122 1744 1274 1816 quod
1308 1744 1378 1798 de
1411 1760 1516 1799 suo
1538 1744 1651 1799 San
1684 1742 2010 1815 Georgiano
2039 1785 2087 1852 Β
2122 1762 2216 1800 an.
2246 1746 2403 1813 H53,
2435 1745 2637 1800 eadem
2669 1744 2861 1816 prima
2906 1760 3082 1800 manu
3133 1743 3519 1852 descriptum,
3555 1741 3775 1798 abinde

363 1839 501 1896 tulit
538 1836 819 1894 Urstisius
848 1850 861 1888 :
892 1837 1170 1889 auctorem
1215 1832 1361 1888 hunc
1408 1835 1581 1902 fetum
1636 1833 1801 1887 illum
1822 1832 2010 1903 primo
2039 1831 2087 1852 "
2118 1838 2313 1890 autem
2346 1851 2381 1889 a
2407 1832 2581 1889 variis
2640 1850 2828 1907 usque
2884 1834 2956 1888 ad
2989 1850 3083 1888 an.
3147 1831 3287 1887 4627
3334 1832 3772 1887 continuatum.

365 1938 638 1998 utcunque
665 1927 963 1996 formatum
994 1920 1275 1976 lambendo
1303 1920 1552 1991 deinceps
1566 1922 1745 1989 magis
1768 1919 2007 1991 potitum

364 2026 416 2074 et
444 2023 698 2073 exactum
729 2010 1046 2067 reddidisse.

435 2104 629 2176 Pergit
658 2117 828 2175 porro
876 2098 1129 2154 OEfelius
1189 2099 1258 2153 de
1287 2098 1486 2153 codice
1532 2114 1639 2152 suo
1670 2096 2003 2152 disserens:

364 2194 575 2250 Titulus
626 2192 894 2246 miniatus
950 2188 1148 2243 codicis
1198 2188 1373 2257 magis
1428 2187 1597 2240 etiam
1640 2186 2009 2257 conjecturam

361 2283 565 2353 ﬁrmat,
596 2281 692 2352 qui
713 2280 789 2333 ita
818 2276 1152 2332 habentia:
1174 2290 1322 2329 sum
1350 2273 1644 2329 CHRONICA
1691 2276 2003 2339 Bsnnonm,

362 2388 493 2436 oua:
530 2383 905 2425 CONTRADIDIT
952 2379 1311 2419 monas'remo
1369 2362 1586 2417 Donum
1627 2362 2002 2428 SALVAVORIS,

361 2454 780 2515 Schafhusensi
814 2452 1113 2508 nimirum.
1148 2451 1280 2514 Quae
1296 2466 1429 2505 vero
1450 2450 1570 2505 sint
1591 2449 1691 2504 illa
1719 2449 2006 2505 Chronica

363 2566 397 2604 a
426 2544 710 2603 Bernoldo
742 2546 993 2604 exarata,
1030 2539 1176 2594 satis
1207 2538 1506 2593 declarant
1536 2554 1663 2610 quae
1693 2538 1911 2593 ibidem
1942 2538 2002 2592 in

364 2633 629 2706 margine
660 2629 869 2686 litteris
900 2627 1064 2683 valde
1095 2627 1341 2682 minutis
1369 2643 1644 2699 expressa
1689 2625 1999 2703 leguntur:

362 2726 553 2782 Insunt
581 2724 827 2778 auctores
877 2717 1259 2773 chronicorum
1304 2717 1588 2785 Eusebius,
1620 2717 1999 2787 Hieronymus,

359 2818 613 2885 Prosper,
647 2809 959 2880 Dionysius,
992 2805 1278 2872 Iordanes,
1313 2804 1476 2869 Beda,
1498 2813 1549 2860 et
1594 2806 1770 2861 nostri
1804 2809 2003 2876 tempo-

360 2907 443 2961 ris
473 2898 690 2975 (saeculi
713 2912 923 2968 nempe
944 2898 1021 2967 χι)
1045 2896 1408 2960 Hermannus,
1431 2896 1481 2950 et
1509 2894 1755 2955 deinceps
1787 2910 2003 2949 nos'rsn

361 2993 646 3066 (adeoque
678 2987 864 3059 ipsius
891 2983 1158 3040 Bernoldi
1187 3000 1365 3039 manu
1396 2984 1689 3054 exaratus)
1721 2983 1880 3049 liber,
1911 2984 2004 3037 sui

360 3082 617 3153 temporis
646 3076 1025 3147 descriptores.
1059 3072 1187 3128 llaec
1210 3072 1451 3144 quidem
1474 3072 1671 3127 omnia
1701 3072 1810 3127 sub
1830 3072 2001 3127 Chro-

2117 1923 2281 1978 Prior
2308 1924 2437 1993 ejus
2468 1939 2627 1995 pars,
2680 1938 2714 1978 a
2762 1921 3134 1993 sequioribus
3179 1920 3355 1977 subin
3393 1918 3771 1992 interpolata,

2118 2011 2353 2066 nonnisi
2396 2010 2789 2066 summarium
2830 2010 3128 2082 quoddam
3188 2026 3293 2065 seu
3350 2008 3772 2081 compendium

2116 2104 2261 2165 erat,
2279 2099 2593 2171 Hermanni
2611 2098 2897 2154 Contracti
2922 2098 3231 2171 praecipue,
3249 2113 3319 2153 ex
3341 2114 3458 2169 qua
3484 2094 3773 2152 nonnulla

2116 2168 2309 2243 adhuc
2340 2188 2667 2261 fragmenta
2697 2188 2755 2242 in
2787 2168 3136 2243 adversariis
3167 2186 3385 2242 nostris
3413 2184 3655 2241 collecta
3686 2201 3773 2241 re-

2117 2275 2398 2348 perimus,
2434 2292 2560 2348 quae
2592 2279 2879 2348 quantum
2913 2276 2981 2330 ad
3019 2275 3323 2331 historiam
3356 2272 3607 2346 patriam
3641 2289 3767 2346 per-

2114 2374 2321 2443 tinent,
2355 2374 2465 2429 sub
2495 2373 2665 2430 titulo
2695 2373 2961 2429 Chronici
2997 2373 3307 2446 Gcorgiani
3338 2371 3463 2429 suis
3486 2371 3634 2428 locis
3676 2372 3768 2428 in-

2114 2468 2404 2518 secentur.

2183 2551 2275 2608 ΙΧ.
2338 2551 2571 2607 Detecto
2616 2551 2743 2620 jam
2810 2550 2967 2606 fonte
3025 2548 3472 2622 Sau-Giorgiani
3519 2549 3764 2617 codicis,

2112 2638 2213 2711 qui
2252 2643 2460 2711 praater
2509 2655 2726 2711 paucas
2778 2639 3256 2711 interpolationes
3303 2637 3647 2709 ipsissimus
3674 2642 3767 2696 est

2112 2728 2434 2783 Bernoldus
2465 2746 2494 2781 a
2520 2729 2688 2782 nobis
2712 2728 2997 2794 cdendus,
3016 2726 3193 2783 simul
3209 2726 3385 2782 etiam
3401 2726 3768 2784 Murensiset

2111 2816 2595 2888 Engelbergensis
2626 2817 2892 2871 codicum
2919 2816 3143 2872 natales
3165 2816 3625 2888 deprehendisse
3660 2834 3767 2873 nos

2110 2905 2201 2959 bis
2228 2905 2511 2961 videmur.
2544 2904 2933 2961 Celeberrima
2969 2905 3086 2960 ista
3136 2906 3252 2961 duo
3312 2903 3765 2962 Helveto-Bene-

2109 2993 2339 3048 dictinm
2366 2994 2830 3066 congregationis
2845 2993 3339 3064 monasteriajure
3361 2993 3764 3067 interreligio-

2112 3099 2208 3137 sas
2240 3099 2379 3137 suas
2411 3081 2671 3139 colonias
2706 3087 2965 3139 recenset
2993 3087 3262 3139 nostrum
3313 3082 3379 3138 D.
3426 3082 3604 3139 Blasii
3637 3100 3765 3140 mo-

362 3173 628 3228 nicorum
660 3163 929 3220 Bernoldi
954 3160 1187 3218 nomine
1218 3162 1275 3215 in
1294 3160 1658 3233 autographo
1680 3159 1792 3215 isto
1806 3160 2002 3215 codice
2033 3149 2075 3215 C
2114 3172 2460 3236 master-ium,
2494 3173 2644 3242 quod
2670 3172 2740 3228 de
2760 3172 3012 3227 Murensi
3042 3173 3282 3244 quidem
3304 3170 3614 3244 principali
3634 3173 3764 3245 ipsa

359 3259 626 3323 veniunt,
653 3254 865 3328 partim
897 3251 1048 3323 quod
1081 3251 1153 3305 ab
1182 3250 1309 3322 ipso
1339 3250 1395 3305 in
1429 3249 1853 3305 unovoluminc
1883 3249 2003 3303 sint

362 3346 714 3418 conscripta,
737 3341 948 3414 partim
967 3357 1098 3395 vero
1116 3356 1179 3395 ac
1203 3339 1491 3411 praecipue
1507 3339 1663 3410 quod
1694 3338 1765 3392 ab
1796 3339 2000 3392 eodem

364 3441 421 3495 in
454 3431 867 3507 compendium
915 3429 1070 3485 velut
1100 3429 1334 3484 redacta
1362 3446 1430 3484 ex
1482 3428 1849 3493 Hermanno;
1884 3442 1999 3480 non

361 3527 520 3585 enim
552 3525 748 3596 ipsum
775 3518 1083 3577 llermanni
1113 3518 1440 3575 Chronicon
1473 3517 1636 3572 dedit
1656 3515 2000 3584 Bernoldus,

362 3617 462 3673 sed
496 3616 624 3684 ejus
655 3612 945 3683 epitomen
978 3609 1276 3677 duntaxat,
1312 3607 1403 3662 cui
1435 3622 1605 3661 suam
1633 3606 1766 3660 dein
1819 3605 2002 3660 conti—

362 3704 722 3767 nuationem,
757 3705 859 3754 aut
880 3697 1176 3770 proprium
1201 3696 1396 3768 potius
1418 3694 1742 3751 Chronicon
1760 3694 1869 3748 sub
1890 3710 2004 3747 uno

361 3790 715 3850 narrationis
730 3786 826 3842 filo
839 3786 1297 3858 annexuit,quod
1316 3784 1408 3839 hic
1421 3783 2005 3839 subdenominatione

360 3898 567 3940 NOSTRI
598 3895 749 3934 una!
779 3875 1015 3931 indicat.
1041 3875 1121 3930 De
1152 3891 1264 3947 quo
1297 3874 1468 3946 plura
1494 3872 1552 3926 in
1586 3871 2008 3942 disquisitioni-

360 3975 473 4029 bus
501 3970 573 4027 ad
603 3965 945 4025 Bernoldum
989 3964 1217 4036 praeviis
1245 3966 1574 4031 occurrent,
1608 3959 1705 4015 ubi
1734 3961 1784 4014 is
1811 3976 2007 4014 mona-

359 4061 486 4117 chis
514 4060 572 4115 S.
607 4056 784 4113 Blasii
806 4053 1220 4109 vindicabitur.

429 4149 573 4204 VIII.
604 4147 687 4202 Ex
712 4145 823 4201 hoc
853 4159 987 4198 vero
1018 4138 1351 4196 Monacensi
1374 4138 1572 4193 codice
1594 4135 1849 4192 OEfelius
1881 4134 1920 4189 l.
1952 4151 2002 4190 c.

356 4237 656 4295 variantes
685 4233 847 4290 dedit
878 4231 1154 4288 lectiones
1196 4228 1267 4283 ad
1325 4222 1865 4295 San-Georgianuin
1898 4224 2005 4278 Ur-

358 4327 530 4393 stisii,
564 4324 787 4382 scilicet
816 4322 888 4377 ab
919 4337 1014 4375 an'
1046 4322 1175 4393 578,
1205 4335 1238 4372 a
1266 4334 1384 4388 quo
1425 4317 1520 4371 hic
1569 4313 1737 4368 illum
1767 4329 2008 4369 exorsus

358 4423 450 4474 est
478 4419 675 4471 motus
713 4410 868 4467 haud
902 4407 1080 4464 dubie
1111 4406 1229 4460 illis
1264 4422 1393 4477 quae
1424 4405 1483 4459 in
1513 4402 1709 4457 codice
1742 4402 2005 4458 Bernoldi

2110 3260 2375 3329 ejusdem
2409 3264 2535 3315 acta
2566 3259 2718 3314 haud
2779 3260 3104 3315 diftltentur
3133 3261 3291 3330 (Hist.
3341 3261 3531 3329 Nigra
3569 3260 3760 3329 Silvae,

2108 3366 2152 3404 ι.
2190 3351 2229 3414 1,
2262 3366 2318 3420 ρ.
2351 3350 2477 3415 247)
2501 3349 2665 3418 justa
2693 3365 2818 3420 quae
2850 3349 2959 3404 sub
2990 3348 3302 3406 Gisilberto
3331 3352 3390 3408 S.
3443 3347 3623 3405 Blasii
3658 3350 3760 3406 ab-

2112 3439 2245 3493 bate
2280 3437 2626 3503 Luitt‘ridus,
2658 3438 2921 3508 ejusdem
2950 3437 3197 3493 coenobii
3220 3440 3759 3507 monachus,abbas

2112 3526 2399 3580 Murensis
2456 3526 2808 3582 constitutus
2862 3529 2971 3591 est,
3025 3526 3308 3583 referente
3345 3529 3633 3586 Bernoldo
3697 3528 3759 3585 in

2113 3615 2397 3669 Chronico
2427 3615 2495 3669 ad
2530 3631 2623 3669 an.
2666 3614 2827 3681 4096,
2858 3615 3189 3672 defunctus.
3212 3619 3332 3673 Sub
3379 3618 3488 3674 hoc
3527 3634 3666 3674 vero
3697 3618 3757 3673 in

2111 3711 2169 3758 s.
2233 3703 2422 3758 Blasio
2468 3703 2798 3775 descriptus
2841 3704 3075 3759 videtur
3118 3703 3229 3760 iste
3270 3707 3469 3774 codex,
3509 3706 3761 3777 indeque

2117 3791 2392 3847 fratribus
2416 3792 2787 3848 Murensibus
2816 3793 3074 3848 directus
3098 3811 3110 3860 ;
3147 3794 3275 3848 finit
3303 3795 3521 3867 quippe
3551 3796 3623 3851 ad
3656 3811 3758 3850 an-

2116 3897 2257 3935 num
2294 3881 2450 3943 1091,
2492 3880 2647 3936 circa
2695 3897 2821 3952 quin
2867 3885 3131 3954 tempora
3182 3882 3419 3939 Colonia
3466 3901 3497 3940 e
3534 3889 3591 3939 S.
3625 3883 3760 3939 Bla-

2116 3970 2202 4026 sio
2230 3969 2380 4024 istuc
2410 3969 2662 4024 deducta
2692 3973 2799 4036 est,
2844 3985 2951 4025 nec
2983 3969 3102 4025 ulla
3130 3987 3372 4043 prorsus
3420 3972 3482 4028 in
3514 3989 3582 4029 eo
3625 3971 3762 4028 dicti

2118 4056 2408 4113 Murensis
2439 4057 2685 4112 ccenobii
2717 4056 2935 4113 mentio
2974 4060 3246 4125 recurrit,
3305 4077 3484 4133 quam
3510 4061 3763 4134 profecto

2117 4146 2275 4201 haud
2303 4144 2598 4201 omisisset
2656 4144 2906 4217 scriptor
2934 4146 2982 4203 si
3013 4146 3179 4204 illum
3204 4148 3266 4204 in
3307 4149 3432 4206 loco
3475 4150 3591 4206 isto
3631 4166 3765 4206 exa-

2118 4237 2322 4289 rasset.

2190 4322 2263 4377 Ut
2292 4326 2512 4391 tamen,
2536 4323 2690 4395 quod
2722 4339 2816 4379 res
2843 4326 2953 4390 est,
2986 4324 3273 4395 dicamus,
3326 4327 3654 4385 Chronicon
3702 4328 3761 4384 in

2118 4411 2319 4466 codice
2356 4410 2468 4466 isto
2499 4416 2838 4469 contentum
2868 4430 2982 4469 non
3006 4419 3128 4470 tam
3173 4416 3489 4472 Hermanni
3519 4433 3761 4474 censen-

360 4502 723 4576 autographo
757 4503 890 4572 post
921 4511 1143 4551 annum
1176 4493 1283 4549 377
1330 4493 1624 4564 leguntur,
1672 4496 1726 4543 et
1762 4492 1905 4580 forte
1948 4492 2005 4546 in
2039 4514 2085 4580 Β
2118 4500 2260 4555 dum
2291 4503 2380 4555 est
2409 4516 2582 4571 quam
2615 4500 2949 4573 compilatio
2980 4503 3247 4574 quaedam
3281 4521 3349 4560 ex
3378 4504 3555 4560 variis
3594 4506 3763 4562 chro-

357 4591 832 4663 San-Georgiano
862 4585 1250 4647 habebantur,
1282 4581 1474 4635 verbis
1499 4597 1512 4635 :
1549 4584 1837 4650 Hucusque
1859 4579 2007 4635 chro-

354 4685 483 4737 nica
514 4678 732 4733 Eusebii
762 4677 1135 4743 Hieronymus
1160 4670 1445 4741 perduxit.
1477 4670 1617 4723 Hinc
1634 4672 1818 4722 autem
1838 4685 2007 4739 usque

357 4769 428 4825 ad
454 4766 810 4822 millesimum
860 4763 974 4817 LIV
1024 4775 1236 4814 annum
1266 4759 1333 4812 ab
1381 4758 1762 4813 incarnatione
1788 4758 2006 4814 Domini

358 4857 614 4914 dominus
645 4865 999 4907 HERMANNUS
1029 4864 1135 4902 sua
1164 4846 1437 4901 Chronica
1464 4845 1738 4917 perducit.

433 4949 505 4999 At
532 4958 686 5008 vero,
719 4955 852 4993 eum
889 4938 1277 5001 tlermannus,
1336 4941 1478 4989 teste
1528 4936 1668 4988 Vita:
1700 4935 2001 5008 scriptore,

361 5032 686 5089 Chronicon
727 5043 902 5084 suum
936 5024 1009 5081 ab
1028 5023 1428 5079 incarnatione
1459 5022 1691 5078 Domini
1720 5025 2006 5096 ordiatur,

360 5121 467 5178 etsi
489 5137 558 5176 ex
587 5116 835 5175 Eusebio
864 5118 922 5170 et
976 5114 1324 5184 Hieronymo
1376 5111 1746 5185 potissimam
1775 5117 2001 5185 partem

361 5211 794 5282 depromptum,
824 5203 927 5259 illa
956 5202 1132 5259 etiam
1192 5218 1318 5275 qua:
1362 5201 1497 5257 inde
1545 5218 1731 5274 usque
1776 5202 1847 5257 ad
1898 5219 2001 5258 an-

362 5314 502 5353 num
535 5297 639 5350 378
668 5294 1004 5359 decurrunt,
1038 5291 1108 5346 ad
1148 5290 1474 5347 Chronicon
1525 5290 1683 5346 istud
1717 5290 2004 5363 pertinere

360 5386 606 5444 dubium
639 5382 868 5440 nullum
901 5386 1010 5452 est,
1041 5397 1107 5437 eo
1166 5381 1428 5437 videlicet
1478 5379 1651 5436 modo
1702 5396 1817 5452 quo
1850 5396 2002 5437 anno

362 5474 462 5531 illo
494 5470 814 5547 posteriora
842 5470 1173 5527 Hermanno
1215 5469 1576 5537 tribuuntur,
1637 5469 1907 5542 quamvis
1934 5486 2005 5527 ex

361 5565 644 5639 Prospero
709 5560 956 5635 aliisque
1010 5559 1426 5623 Chronicorum
1476 5557 1864 5637 scriptoribus
1899 5558 2003 5617 de-

2118 4587 2434 4660 nographis
2466 4587 2732 4644 collecta.
2766 4589 3116 4646 Bernoldum
3150 4593 3384 4663 quidem
3417 4610 3663 4666 arguere
3691 4594 3767 4650 vi-

2114 4676 2284 4730 detur
2313 4677 2441 4745 ejus
2470 4675 2709 4731 initium
2729 4678 2799 4732 ab
2818 4694 2969 4733 anno
2988 4680 3082 4735 1M
3098 4685 3231 4751 post
3247 4685 3450 4737 natum
3465 4681 3762 4738 Christum

2114 4764 2360 4836 (priores
2391 4763 2546 4819 enim
2590 4766 2725 4819 anni
2762 4766 2973 4822 desunt
3004 4784 3190 4840 usque
3242 4770 3313 4826 ad
3346 4787 3569 4826 annum
3613 4772 3761 4844 378),

2114 4869 2369 4924 quocum
2400 4852 2473 4907 ab
2504 4851 2603 4907 illo
2620 4856 2881 4925 tempore
2900 4860 3097 4911 exacte
3120 4855 3470 4930 plerumque
3493 4858 3767 4932 congruit

2114 4942 2281 5006 adeo,
2315 4946 2378 4995 ut
2407 4957 2534 5011 quae
2566 4940 2622 4995 in
2657 4940 2941 4996 Bernoldo
2972 4943 3307 5001 Monacensi
3337 4947 3410 5002 ad
3437 4948 3765 5021 marginem

2114 5029 2365 5085 subinde
2388 5029 2983 5097 notantur,Murensis
3007 5036 3070 5087 ut
3090 5032 3412 5104 plurimum
3438 5035 3554 5108 ipsi
3577 5036 3761 5093 textui

2111 5118 2353 5186 inserat,
2383 5133 2450 5172 ac
2478 5117 2548 5171 ad
2583 5115 2751 5172 illum
2790 5134 3011 5174 annum
3045 5120 3295 5194 allegata
3315 5123 3770 5182 etiamBernoldi

2106 5207 2285 5262 verba
2314 5210 2505 5262 notet:
2540 5206 2825 5276 Hucusque
2842 5207 3105 5265 chronica
3137 5211 3355 5267 Eusebii
3377 5215 3759 5286 Hieronymus

2106 5294 2403 5366 perduxit;
2438 5295 2567 5349 hinc
2594 5297 2775 5350 autem
2803 5310 2973 5365 usque
3003 5297 3072 5352 ad
3106 5299 3466 5356 millesimum
3512 5303 3630 5359 LIV
3665 5320 3768 5359 an-

2111 5399 2248 5437 num
2276 5382 2346 5437 ab
2378 5382 2764 5438 incarnatione
2802 5384 3023 5440 Domini
3067 5385 3323 5444 dominus
3382 5394 3771 5449 Heremannus

2114 5488 2219 5527 sua
2249 5470 2518 5526 Chronica
2544 5470 2829 5544 perduxit.

2185 5559 2327 5630 Quis
2357 5559 2570 5621 abhinc
2602 5575 2719 5620 non
2747 5565 3393 5639 exspectasset,textum
3416 5567 3765 5643 Hermanni,
