4026 6228
256 254 368 321 "31

1254 258 1776 325 DISSERTA’I‘IO
1820 260 1920 324 ne
1966 258 2379 325 HERMANNI
2425 213 2844 325 annomco.
3676 268 3755 329 38

311 395 443 452 sive
470 393 827 452 breviorem
858 409 926 451 ex
948 390 1255 462 Bernoldo,
1278 394 1361 450 uti
1390 393 1696 468 hucusque
1721 413 1734 463 ;
1760 396 1842 451 vel
1868 414 1995 468 pro-
2024 398 2078 464 Α
2111 398 2209 450 484
2262 396 2318 450 in
2371 395 2570 451 Galliis
2622 394 2931 469 acceperit,
2982 395 3204 451 devicto
3255 413 3357 468 per
3402 395 3753 455 Clodoveum

322 484 601 540 lixiorem
653 487 718 539 et
765 482 1090 557 genuinum
1137 500 1205 539 ex
1251 484 1548 557 Augiensi,
1601 485 1685 539 uti
1735 487 1806 540 ab
1840 503 1993 541 anno

329 572 475 630 1045
501 574 574 629 ad
609 572 795 628 ﬁnem
832 589 1017 645 usque
1048 572 1264 630 factum
1297 572 1433 628 est?
1462 574 1530 628 Et
1561 577 1758 630 tamen
1790 574 1996 631 exinde

333 662 718 720 Eermannus
746 661 841 717 vel
864 659 1118 717 maxime
1148 660 1535 734 interpolatus
1565 666 1672 730 est,
1706 663 1996 735 praecipue

335 767 401 808 ex
433 749 699 822 Regione
732 749 1285 822 Prumiensi,atque
1311 751 1485 806 subin
1527 749 1765 808 aliunde
1794 752 1992 820 etiam,

334 846 388 899 et
408 838 653 912 quidem
673 855 708 893 a
729 839 1005 906 diversis,
1037 843 1102 895 ut
1119 838 1368 904 videtur,
1391 839 1777 911 scriptoribus
1806 858 1819 909 ;
1844 856 1996 913 sape

335 929 493 985 enim
512 943 703 985 unum
725 927 1005 999 idemque
1023 927 1242 984 factum
1266 927 1398 984 aliis
1423 929 1617 985 verbis
1632 928 1997 1002 diversisque

336 1020 512 1075 annis
542 1018 833 1090 illigatur,
850 1015 1014 1072 nulla
1034 1033 1273 1088 prorsus
1295 1017 1493 1073 habita
1506 1022 1804 1091 gestorum
1827 1019 1997 1075 seriei

334 1112 442 1163 aut
459 1112 798 1181 temporum
814 1106 1061 1161 ratione.
1077 1106 1324 1162 Notatur
1339 1106 1611 1178 equidem
1632 1112 1763 1180 post
1775 1124 1996 1163 annum

332 1198 448 1252 906
478 1196 694 1252 litteris
721 1194 981 1250 miniatis
1007 1213 1020 1249 :
1065 1196 1356 1265 [lucusque
1387 1194 1654 1252 Chronica
1686 1195 1994 1267 Reginonis,

331 1284 389 1341 e2
442 1272 754 1357 sequuntur
800 1284 1085 1339 Chronica:
1145 1286 1495 1350 Hermanm';
1543 1299 1743 1339 verum
1793 1285 1996 1339 eodem

330 1374 502 1429 inani
537 1373 830 1447 promisso
857 1390 871 1427 :
906 1390 1034 1444 quae
1065 1373 1218 1427 enim
1245 1372 1440 1427 abillo
1471 1390 1623 1428 anno
1646 1378 1995 1446 sequuntur,

332 1466 462 1517 tam
497 1477 706 1533 parum
740 1461 1061 1516 Hermanni
1094 1465 1236 1516 sunt
1256 1477 1322 1516 ac
1347 1460 1560 1532 priora,
1582 1462 1685 1517 sed
1723 1462 1997 1533 anonymi

332 1546 501 1606 illius
533 1548 1041 1622 scriptoris,quem
1060 1566 1164 1605 ceu
1197 1548 1512 1621 Reginonis
1533 1551 1998 1606 continuatorem

331 1639 536 1695 eidem
558 1637 871 1709 subjungit
890 1636 1196 1693 Pistorius.
1220 1638 1333 1693 Sed
1357 1654 1460 1693 nec
1482 1638 1677 1710 ipsum
1705 1638 1995 1711 integrum

335 1726 620 1797 exhibet;
653 1742 787 1781 nam
819 1726 889 1780 ad
924 1742 1146 1782 annum
1174 1725 1283 1781 939
1312 1726 1372 1781 in
1417 1726 1609 1782 medio
1639 1730 1798 1783 textu
1833 1726 1996 1782 tilum

337 1814 675 1887 abrumpit,
724 1831 789 1870 ac
835 1814 1110 1886 deinceps
1159 1815 1233 1869 ab
1259 1832 1411 1871 anno
1446 1816 1555 1869 940
1602 1815 2001 1871 Hcrmannum

333 1905 526 1971 sistit,
559 1908 734 1975 prout
754 1903 811 1957 in
834 1902 1218 1958 Gottwicensi
1242 1903 1436 1959 codice
1459 1920 1593 1959 mox
1616 1903 1999 1959 describendo

335 1992 541 2065 magis
572 1991 764 2046 adhuc
792 1996 1127 2046 contractus
1159 1990 1429 2047 habetur.

391 2081 634 2147 ,Eadem
667 2096 911 2152 prorsus
938 2078 1155 2134 codicis
1188 2079 1677 2153 Engelbergensis
1710 2081 1860 2137 ratio
1889 2085 1996 2147 est,

334 2170 446 2243 qui
474 2185 613 2225 cum
644 2167 897 2222 Mnrensi
932 2167 991 2222 in
1038 2167 1317 2223 omnibus
1365 2168 1654 2241 congruit,
1697 2186 1766 2225 ex
1796 2170 2000 2225 eodem

333 2258 498 2331 ipso,
531 2263 600 2313 ut
645 2256 896 2323 videtur,
949 2256 1301 2329 descriptus.
1357 2257 1574 2313 Neuter
1619 2259 1762 2314 adeo
1794 2258 2001 2315 usibus

336 2345 570 2403 nostris
593 2345 655 2400 in
686 2344 795 2400 hac
827 2344 1083 2400 editione
1112 2344 1394 2401 inservire
1425 2346 1637 2418 potuit,
1669 2346 1783 2402 nisi
1814 2345 1873 2401 in
1907 2346 2001 2401 ul-

332 2436 494 2491 timo
527 2433 848 2490 Hermanni
889 2433 1195 2499 decennio,
1247 2450 1504 2507 quocum
1552 2439 1694 2490 tunc
1743 2434 2000 2507 primum
2042 2496 2046 2499 ,

332 2522 724 2589 conveniunt,
756 2525 813 2576 et
846 2521 932 2576 sic
962 2520 1364 2578 Hermannum
1397 2523 1468 2579 ad
1514 2522 1788 2579 ultimum
1820 2524 2001 2579 trien-

331 2614 511 2669 nium
535 2611 709 2667 nobis
728 2610 1027 2682 integrum
1050 2616 1490 2680 conservarunt,
1519 2612 1616 2684 qui
1643 2612 1699 2667 in
1722 2612 2001 2684 Augiensi

329 2702 544 2759 codice
576 2698 921 2770 caeterisque
950 2715 1020 2754 ex
1048 2698 1149 2755 illo
1182 2702 1594 2773 transumptis,
1620 2701 1719 2757 illo
1741 2705 2003 2774 tempore

325 2806 595 2847 mancus
624 2790 734 2845 est.

404 2878 478 2934 X.
510 2877 714 2934 Notari
744 2894 881 2933 vero
910 2881 1214 2932 merentur
1242 2894 1371 2949 quas
1403 2877 1462 2932 in
1496 2880 1744 2950 utroque
1774 2877 1884 2934 hoc
1905 2896 2000 2935 co-

325 2968 470 3023 dice
500 2967 576 3022 ad
608 2984 706 3022 an.
738 2967 838 3020 741
874 2964 1169 3038 leguntur,
1221 2981 1290 3021 ex
1340 2965 1515 3038 Pagio
1562 2971 1757 3022 tamen
1798 2969 1869 3023 ad
1903 2986 1997 3024 an.

322 3059 445 3112 725
473 3058 789 3128 spectant:
841 3056 1122 3126 ﬂuensque
1169 3055 1315 3110 Beda
1343 3057 1675 3111 venerabilis
1711 3056 1998 3129 presbyter

2106 484 2353 557 Siogrio,
2389 502 2681 557 regnoque
2726 485 2794 539 ad
2848 484 3217 557 Mcrovingos
3266 486 3399 541 inde
3448 487 3751 542 translato.

2182 574 2354 629 Porro
2374 590 2407 627 a
2430 574 2615 628 fronte
2639 572 2929 628 Murensis
2951 572 3129 651 hujus
3154 573 3368 630 codicis
3386 581 3754 648 compactum

2105 666 2193 717 est
2225 660 2383 716 aliud
2416 662 2586 717 breve
2612 661 2941 717 Chronicon
2973 678 3007 717 a
3036 662 3264 718 diversa
3287 680 3464 719 manu
3488 664 3753 736 ejusdem

2105 754 2302 806 tamen
2328 749 2525 805 saeculi
2544 767 2624 805 xu
2648 750 2982 806 charactere
3004 756 3330 818 exaratum,
3356 756 3411 808 et
3436 753 3755 809 decurrens

2106 839 2179 894 ab
2210 855 2363 894 anno
2393 840 2498 893 398
2523 854 2708 911 usque
2742 839 2900 907 1175,
2936 839 3008 894 ita
3044 841 3279 911 quidem
3299 846 3363 895 ut
3386 840 3543 897 velut
3573 841 3755 915 epito-

2108 943 2241 983 men
2274 927 2568 983 contineat
2604 927 2793 998 primo
2824 929 3058 999 quidem
3118 930 3429 984 llermanni
3462 931 3753 987 Contracti

2106 1033 2296 1089 usque
2318 1018 2388 1071 ad
2413 1034 2506 1071 an.
2530 1017 2688 1080 1054,
2711 1016 2921 1070 abinde
2939 1034 3073 1071 vero
3093 1019 3360 1073 Bernnldi
3381 1036 3570 1092 usque
3594 1022 3752 1088 1100,

2107 1123 2280 1178 quem
2328 1105 2461 1160 dein
2514 1121 2702 1176 usque
2760 1105 2827 1160 ad
2890 1122 3107 1159 annum
3164 1108 3299 1160 1175
3357 1109 3751 1180 prosequitur.

2180 1194 2404 1248 Inscrtn
2416 1211 2469 1247 m
2485 1210 2616 1247 vero
2630 1192 2939 1247 esttahnlis
2955 1192 3377 1265 chronologicis
3391 1200 3751 1266 epactarum;

2109 1282 2260 1336 unde
2283 1299 2430 1352 szepe
2454 1281 2696 1351 contigit
2720 1286 2801 1345 nt,
2826 1282 3129 1336 deﬁciente
3145 1282 3211 1335 ad
3250 1299 3466 1338 annum
3487 1289 3753 1356 assigna-

2107 1375 2233 1425 tum
2260 1370 2470 1441 spatio,
2487 1370 2710 1441 reliqua
2728 1371 2795 1424 ad
2817 1370 2962 1424 alios
2993 1387 3401 1426 annosvccuos
3415 1376 3547 1429 ante
3560 1372 3647 1427 vel
3666 1390 3753 1429 re-

2108 1465 2196 1516 tro
2229 1460 2623 1514 adnotantur:
2659 1476 2784 1530 quae
2818 1461 2958 1514 adeo
2993 1459 3126 1513 inde
3175 1464 3432 1516 extracta
3457 1460 3581 1517 suis
3610 1461 3755 1518 locis

2109 1547 2592 1621 posuimulelud
2606 1548 2929 1604 Chronicon
2950 1548 3363 1620 inscripsimus
3377 1550 3679 1607 Chronicon
3692 1552 3750 1606 S.

2109 1638 2283 1692 Blasii
2302 1638 2374 1692 ob
2398 1653 2465 1691 ea
2492 1653 2617 1708 qum
2641 1637 2711 1691 de
2736 1637 3072 1692 monasterii
3097 1638 3275 1708 hujus
3299 1639 3472 1695 rebus
3503 1639 3757 1696 maxime

2110 1730 2243 1798 post
2263 1725 2581 1781 llermanni
2609 1731 2833 1781 aetatem
2859 1726 3071 1797 saepius
3092 1726 3287 1794 refert,
3307 1727 3482 1783 tacito
3505 1726 3757 1800 plerum-

2109 1832 2222 1887 que
2246 1815 2374 1884 ejus
2401 1814 2656 1880 nomine,
2681 1830 2795 1885 quo
2820 1816 2945 1886 ipso
2964 1814 3306 1886 scriptorem
3339 1816 3478 1871 dicti
3508 1817 3756 1872 ccennbii

2111 1904 2294 1959 fuisse
2325 1903 2654 1967 alumnum,
2688 1919 2986 1973 suumque
3012 1903 3339 1960 Chronicon
3380 1905 3598 1961 ibidem
3620 1923 3759 1962 exa-

2109 2008 2271 2047 rasse
2302 1993 2446 2046 satis
2478 1991 2800 2053 evincitur;
2835 1994 2904 2045 de
2938 1992 3158 2046 caeteris
3192 1992 3348 2047 enim
3381 1995 3757 2051 monasteriis

2110 2098 2310 2153 agens,
2344 2080 2467 2135 suis
2499 2096 2567 2135 ea
2612 2079 2951 2134 nominibus
2981 2079 3220 2135 indicat.

2183 2168 2361 2224 Multa
2387 2169 2457 2223 de
2489 2185 2557 2223 eo
2586 2168 2823 2223 disserit
2873 2167 3010 2222 cels.
3054 2167 3368 2224 Gerbertus
3413 2169 3473 2224 in
3503 2169 3756 2227 Historia

2109 2258 2295 2331 Nigrae
2327 2257 2514 2324 Silvae,
2546 2261 2688 2312 tom.
2726 2258 2767 2322 Ι,
2801 2274 2856 2329 p.
2888 2257 2995 2311 590
3025 2273 3172 2328 seq.,
3207 2263 3264 2313 et
3284 2257 3422 2313 clar.
3450 2258 3511 2313 P.
3540 2258 3756 2314 Mauri-

2114 2347 2265 2402 tium
2298 2344 2423 2400 Van
2457 2346 2561 2400 der
2590 2345 2748 2400 Mecr
2777 2344 3195 2401 Rhenoviensis
3219 2346 3460 2401 carnobii
3483 2346 3755 2402 historio-

2110 2435 2398 2507 graphum
2420 2437 2678 2501 secutus,
2698 2438 2994 2489 auctorem
3024 2433 3182 2487 illius
3204 2434 3439 2505 conjicit
3463 2434 3524 2489 B.
3546 2435 3758 2491 Frowi-

2111 2539 2251 2578 num
2283 2540 2349 2578 ex
2383 2522 2667 2578 monacho
2702 2521 2968 2578 Blasiano
3001 2523 3070 2577 ad
3106 2523 3397 2577 abbatiam
3441 2523 3757 2597 Engelber-

2109 2628 2346 2683 gensem
2377 2611 2531 2666 circa
2549 2628 2767 2667 annum
2796 2611 2927 2666 1146
2944 2615 3339 2683 assumptum,
3364 2611 3673 2679 ubietiam,
3694 2617 3760 2669 ut

2110 2701 2275 2768 ibid.,
2309 2717 2365 2772 p.
2401 2701 2525 2764 421,
2559 2705 2814 2766 notatur,
2850 2716 2944 2755 an.
2972 2700 3109 2755 1178
3134 2701 3405 2768 decessit,
3436 2701 3652 2756 relictis
3677 2702 3758 2757 ibi

2109 2789 2412 2844 codicibus
2444 2806 2551 2845 sua
2601 2805 2779 2843 manu
2831 2788 3086 2860 scriptis,
3140 2805 3317 2861 quam
3366 2789 3424 2844 in
3472 2790 3758 2846 Chronico

2109 2893 2339 2948 quoque
2379 2877 2491 2932 sibi
2522 2876 2981 2950 deprehendisse
3027 2876 3190 2933 visus
3240 2882 3330 2932 est
3372 2877 3645 2935 laudatus
3673 2880 3761 2935 vir

2109 2965 2509 3020 doctissimus.

2181 3053 2253 3109 Ut
2284 3057 2348 3108 ut
2377 3071 2508 3109 vero
2542 3054 2880 3110 Frowinum
2913 3054 3096 3111 istum
3140 3055 3249 3110 sibi
3300 3057 3595 3112 vindicent
3626 3058 3757 3114 Ein-

329 3146 676 3202 Chronicam
703 3160 863 3200 suam
892 3146 954 3199 in
982 3143 1185 3215 majori
1212 3143 1279 3199 de
1310 3145 1655 3215 Temporibus
1700 3145 1840 3201 libro
1866 3163 1995 3218 per-
2027 3129 2070 3195 C
2104 3141 2358 3197 sidlense
2396 3146 2454 3198 et
2504 3142 2980 3199 San-Blasianum
3032 3145 3411 3215 monasteria,
3446 3147 3759 3220 utriusque

327 3235 574 3290 duxit...
605 3233 715 3288 Sed
763 3234 943 3288 multa
991 3234 1299 3289 intermista
1342 3237 1472 3288 sunt
1513 3233 1579 3288 de
1607 3235 1879 3290 chronicis
1907 3252 2001 3290 cu-

314 3324 558 3394 jusdam
616 3323 906 3394 Reginonis
962 3324 1271 3377 Bremensis
1304 3320 1438 3393 (leg.
1487 3322 1845 3393 Prumiensis)
1902 3324 2001 3378 ab-

326 3414 505 3479 batis,
556 3412 656 3483 qui
705 3410 1001 3482 descripsit
1045 3410 1113 3465 ab
1163 3411 1547 3466 incarnatione
1594 3412 1817 3466 Domini
1860 3414 2002 3467 inci-

320 3504 517 3573 piens,
574 3504 628 3556 et
677 3502 1004 3571 pertingens
1077 3515 1257 3569 usque
1306 3499 1374 3554 ad
1432 3498 1733 3555 DCCCCVI.
1795 3502 2005 3557 Abhinc

322 3589 468 3645 scil.
504 3606 604 3644 an.
634 3589 765 3654 727)
794 3597 977 3643 autem
1007 3602 1132 3659 quae
1159 3595 1486 3659 sequuntur,
1530 3597 1747 3660 sumpta
1775 3592 1902 3644 sunt
1932 3606 2003 3645 ex

325 3678 598 3750 apicibus
630 3692 902 3738 ous'ruoa
955 3692 1290 3743 aucrroauu,
1330 3675 1578 3732 videlicet
1610 3680 2005 3747 praenominati

328 3766 642 3821 Brenomis
685 3763 1092 3834 \Prumiensis)
1140 3764 1375 3829 abbatis,
1446 3764 1640 3820 damni
1696 3769 2005 3823 Hermanni

331 3852 650 3917 contracti,
708 3862 758 3908 et
800 3852 1062 3923 discipuli
1130 3857 1244 3923 ejus
1288 3852 1571 3908 Bertholdi
1615 3862 1775 3926 atque
1813 3855 2005 3911 damni

330 3940 612 3998 Bernoldi
627 3941 931 4013 presbyteri
960 3941 1020 3996 S.
1069 3939 1265 3996 Blasii.
1315 3940 1420 3996 Hic
1477 3941 1666 3998 fontes
1702 3942 1879 3999 simul
1912 3943 2000 3999 in-

328 4031 621 4086 dicantur
650 4029 803 4084 unde
832 4046 944 4086 sua
968 4028 1297 4085 hauserunt
1326 4029 1544 4086 codicis
1570 4029 1747 4086 istius
1782 4031 2003 4104 compi-

328 4119 582 4187 latores,
632 4116 929 4190 simulque
978 4121 1174 4190 aperte
1218 4122 1456 4174 notatur
1502 4119 1805 4176 distinctio
1851 4120 2003 4177 inter

329 4210 554 4265 ambos
568 4207 819 4263 Herman
828 4207 887 4262 ni
901 4206 1361 4274 continuatores,
1377 4206 1653 4264 Berthold
1664 4226 1762 4264 um
1776 4208 2002 4266 scilicet

326 4296 465 4370 ejus
476 4297 630 4353 disci
637 4294 930 4368 pulum,et
944 4294 1565 4352 Bernoldum.S.Blasii
1586 4300 1997 4370 presbyterum

325 4388 543 4444 ambos
564 4386 627 4441 in
651 4401 835 4441 unum
877 4385 1234 4441 Bernoldum
1280 4384 1793 4442 Constantiensem
1836 4402 1998 4458 pres-

323 4477 606 4550 byterum
640 4474 952 4547 hucusque
984 4490 1258 4545 peperam
1290 4475 1601 4531 confusos:

397 4565 493 4621 XI.
533 4564 640 4620 His
676 4563 920 4619 demum
973 4561 1201 4618 codices
1250 4562 1349 4618 isti
1401 4563 1727 4634 subjiciunt
1774 4581 1901 4635 qua:
1933 4564 1995 4620 in

324 4655 441 4710 fine
467 4653 609 4709 libri
640 4651 815 4725 primi
842 4650 1106 4707 chronici
1138 4649 1457 4722 Reginonis
1483 4650 1763 4723 leguntur
1792 4653 1863 4707 ad
1896 4670 1999 4708 an-

327 4761 471 4801 num
509 4743 659 4799 741:
708 4743 1007 4812 Hucusque
1054 4755 1285 4808 regnum
1338 4739 1702 4795 Romanorum
1756 4757 1826 4797 ea:
1873 4740 2002 4798 hinc

326 4835 669 4891 Francorum
698 4833 1078 4903 supputatur:
1104 4844 1228 4899 quae
1265 4826 1468 4899 utique
1499 4829 1713 4884 rectius
1745 4829 1816 4884 ad
1844 4829 2000 4887 hunc

2112 3231 2258 3287 forte
2285 3231 2613 3287 successive
2660 3231 2988 3298 alumnum,
3033 3232 3200 3288 illum
3242 3239 3438 3290 tamen
3484 3235 3753 3292 Chronici

2112 3319 2290 3391 hujus
2308 3320 2489 3376 fuisse
2503 3321 2844 3394 scriptorem
2863 3322 3106 3377 dubium
3126 3322 3317 3378 adhuc
3339 3340 3641 3381 remanere
3664 3343 3759 3398 po~

2111 3412 2243 3464 test.
2274 3409 2420 3475 Quid
2454 3410 2610 3464 enim
2642 3426 2830 3465 causa;
2861 3410 2939 3465 sit
2966 3427 3073 3466 cur
3100 3410 3226 3483 ipse
3260 3411 3483 3467 nullam
3508 3430 3755 3485 prorsus

2112 3496 2203 3552 sui
2237 3498 2597 3565 monasterii,
2630 3498 2801 3569 cujus
2831 3499 3015 3555 abbas
3054 3499 3388 3572 postulatus
3422 3502 3616 3567 fuerit,
3651 3503 3754 3556 sed

2112 3586 2289 3642 unius
2310 3588 2592 3642 duntaxat
2613 3588 2700 3643 sui
2728 3587 3115 3644 San-Blasiani
3131 3588 3486 3644 mentionem
3509 3590 3756 3645 fecerit?

2111 3674 2375 3730 Occurrit
2404 3676 2483 3730 ibi
2534 3677 2771 3747 quidem
2823 3676 2893 3731 ad
2948 3695 3042 3731 an.
3096 3678 3253 3746 1120,
3306 3678 3408 3733 sed
3439 3679 3757 3735 recentiore

2112 3780 2290 3818 manu
2323 3764 2551 3835 adjecta
2597 3764 2716 3819 hzec
2763 3770 2937 3819 nota:
2989 3765 3187 3821 Eodem
3235 3782 3381 3820 anno
3428 3768 3640 3838 incepta
3681 3775 3761 3823 est

2112 3853 2230 3909 haec
2262 3853 2401 3908 cella
2428 3854 2495 3907 ab
2524 3854 2724 3909 abbate
2749 3853 3090 3921 Adschelino,
3115 3870 3216 3909 seu
3259 3855 3453 3907 verius
3484 3855 3557 3908 ab
3587 3855 3754 3911 Adel-

2110 3941 2327 4007 helmo,
2361 3942 2459 4014 qui
2492 3959 2586 3997 an.
2622 3943 2780 4007 1124,
2815 3943 2962 3997 Non.
2994 3941 3200 4015 April.,
3232 3959 3266 3996 a
3306 3940 3543 3997 Callisto
3574 3942 3615 3999 Il
3648 3942 3758 4015 pri-

2111 4029 2384 4102 vilegium
2420 4031 2882 4087 confirmationis
2914 4030 3157 4104 accepit,
3191 4031 3463 4101 idemque
3494 4048 3588 4086 an.
3620 4033 3760 4088 1125

2111 4120 2183 4174 ab
2216 4118 2482 4175 Heinrico
2516 4120 2553 4175 V
2586 4119 2726 4193 imp.
2770 4120 3092 4191 (nsaneo'rr
3124 4120 3322 4176 Geneal
3351 4120 3577 4188 Ilabsb.,
3610 4125 3755 4177 tom.

2112 4208 2182 4273 II,
2215 4226 2270 4281 p.
2305 4208 2450 4280 143),
2484 4207 2545 4263 in
2578 4211 2749 4282 cujus
2779 4209 3098 4282 diplomate
3131 4208 3398 4283 regulare
3428 4209 3536 4266 hoc
3560 4227 3757 4267 mona-

2110 4297 2352 4352 sterium
2386 4301 2647 4370 tempore
2678 4297 2910 4354 Henrici
2945 4300 3137 4369 quarti
3180 4299 3333 4373 regis
3355 4299 3756 4355 Romanorum

2110 4384 2425 4442 honorifice
2455 4392 2860 4443 constructum
2890 4387 3121 4443 dicitur.
3169 4388 3313 4443 Cum
3346 4403 3483 4459 ergo
3515 4387 3755 4459 illejam

2026 4497 2073 4562 D
2111 4492 2205 4530 an.
2245 4477 2380 4529 1106
2410 4474 2639 4543 obierit,
2660 4477 2787 4547 jam
2810 4480 2936 4530 tum
2959 4476 3079 4532 haec
3102 4476 3249 4532 cella
3271 4481 3607 4533 constructa
3628 4493 3756 4533 esse

2104 4563 2325 4630 debuit,
2362 4580 2468 4618 nec
2489 4564 2631 4619 adeo
2656 4564 2911 4636 primum
2935 4582 3031 4621 an.
3060 4566 3198 4620 1120
3219 4566 3489 4637 incmpta,
3516 4569 3583 4620 ut
3605 4564 3757 4621 male

2108 4650 2218 4706 fert
2246 4651 2400 4705 dicta
2430 4651 2818 4724 interpolatio,
2854 4669 2979 4723 qua:
3011 4653 3185 4709 etiam
3217 4654 3380 4709 deest
3410 4654 3467 4709 in
3494 4655 3620 4727 ipso
3650 4655 3755 4710 hu-

2100 4739 2201 4807 jus
2235 4739 2503 4793 Chronici
2535 4740 2849 4812 exemplari
2884 4740 3334 4815 Engelbergensi
3362 4760 3373 4797 :
3410 4742 3508 4796 ubi
3552 4746 3753 4799 tamen

2109 4826 2218 4882 alia
2242 4845 2275 4882 a
2294 4828 2552 4883 secunda
2573 4846 2749 4883 manu
2772 4829 3131 4895 inseruntur,
3157 4830 3263 4896 uti,
3290 4845 3385 4885 an.
3408 4830 3549 4883 1125
3565 4829 3755 4885 obitas

2107 4916 2354 4972 Conradi
2374 4918 2444 4971 de
2456 4916 2708 4973 Seldenb
2720 4935 2861 4973 uren
2883 4919 3210 4974 l'undatoris
3231 4937 3243 4985 ;
3268 4935 3361 4973 an.
3383 4918 3539 4981 1131,
3556 4918 3753 4973 obitus

327 4939 545 4980 annum
569 4920 879 4997 pertinere
900 4917 1195 4982 videntur,
1219 4933 1336 4987 quo
1356 4922 1519 4988 patre
1542 4916 1744 4973 Carolo
1769 4924 1999 4975 mortuo

322 5012 605 5088 Pippinus
626 5007 917 5069 secundae
944 5004 1161 5077 stirpis
1190 5021 1393 5077 regum
1416 5005 1769 5062 Francorum
1788 5023 2000 5078 parens

313 5106 567 5179 primum
599 5100 934 5177 potestate,
968 5094 1103 5151 dein
1134 5110 1230 5150 an.
1251 5093 1365 5151 752
1383 5094 1619 5152 nomine
1638 5111 1872 5168 quoque
1901 5113 1989 5154 re-
2097 5094 2233 5151 bilis
2260 5095 2442 5151 abbas
2464 5100 2663 5152 noster
2687 5095 2733 5151 II
2762 5096 3059 5159 decessit;
3082 5097 3221 5151 item
3244 5111 3338 5150 an.
3371 5094 3525 5161 1197,
3553 5095 3751 5153 obitus

304 5196 391 5273 gio
417 5195 677 5255 Francis
710 5192 1025 5263 imperare
1065 5182 1261 5273 erepit,
1304 5199 1481 5255 quam
1513 5185 1583 5240 ad
1615 5201 1837 5241 annum
1862 5185 1989 5254 726,
2098 5188 2162 5239 Β.
2186 5183 2481 5273 Bertholdi
2506 5202 2629 5251 ;an.
2652 5186 2812 5252 1125,
2833 5185 3081 5240 Heinrici
3102 5186 3123 5239 Ι
3147 5203 3160 5251 ;
3182 5202 3276 5239 an.
3303 5184 3460 5273 1241.
3496 5184 3751 5241 Heinrici

298 5271 406 5365 quo
438 5290 498 5348 in
531 5284 869 5364 plerisque
920 5273 1104 5332 etiam
1159 5271 1332 5365 editis
1382 5275 1681 5365 notantur,
1730 5277 1993 5365 tempore
2102 5273 2169 5341 II,
2202 5276 2259 5328 et
2290 5272 2578 5365 ξιιμ-1250,
2624 5273 2933 5365 Wernberi
2974 5273 3254 5365 abbatum
3300 5271 3544 5365 celebris
3576 5276 3750 5330 istius

279 5359 1060 5461 piroz-susvincompetente:
1094 5360 1297 5461 Caroli.
1313 5359 1533 5461 scilicet
1552 5361 1824 5433 Martelli,
1847 5363 1990 5419 dum
2100 5361 2459 5461 monasterii.
2492 5360 2628 5461 Quae
2659 5361 2840 5461 igitur
2872 5367 3073 5461 postea
3102 5362 3515 5461 addita-fuisse
3549 5365 3748 5421 viden-

278 5442 470 5535 idem:
502 5442 930 5536 Merovinigici
960 5451 1172 5528 primae
1223 5448 1426 5521 stirpis
1474 5467 1638 5527 reges
1669 5456 1981 5526 premant.
2096 5455 2195 5508 tur
2214 5449 2351 5506 huic
2365 5448 2775 5506 San-Blasiani
2797 5450 3100 5524 scriptoris
3121 5450 3406 5511 Chronico
3429 5472 3463 5513 α
3490 5456 3748 5531 quodam

277 5563 563 5647 Quamvis
594 5558 764 5624 an“
800 5550 1233 5616 Romanorum
1262 5553 1508 5617 regnum
1535 5543 1717 5607 ﬁnem
1738 5540 1867 5620 jam
1893 5557 1987 5606 an.
2101 5536 2559 5619 Engelbergensi
2585 5538 2894 5617 monacho,
2918 5540 3038 5605 sive
3059 5542 3332 5613 defuncto
3355 5542 3505 5623 jam,
3536 5545 3655 5609 sive
3674 5540 3752 5605 ad

2108 5004 2149 5060 Β
2199 5004 2520 5062 Adelhelmi
2549 5024 2563 5075 ;
2595 5024 2687 5061 an.
2723 5008 2884 5077 1178,
2916 5008 3128 5063 domus
3174 5006 3484 5061 Frowinus
3514 5022 3752 5062 venera-
