4026 6228
359 313 434 372 39
1128 307 1618 371 HERMANNUS
1664 305 2178 369 CONTRACTUS
2227 304 2572 368 MONACH.
2618 304 2988 372 AUGIENS.
3684 307 3783 392 40

354 439 572 499 infulas
601 419 1137 514 Angelomontanas
1167 445 1470 512 assumpto
1511 441 1798 496 Frowiuo.
1835 439 1997 494 Certe
2028 439 2081 506 Α
2112 457 2248 494 ceus
2273 441 2320 495 is
2351 443 2457 507 est,
2491 443 2546 494 et
2575 457 2642 496 ex
2671 441 2950 513 Augiensi
2973 441 3172 498 codice
3193 440 3521 514 descriptus
3543 441 3758 500 saeculo

354 533 414 587 in
437 536 758 589 memorato
779 530 1063 586 Chronico
1086 529 1294 584 ultima
1311 528 1550 585 S.Blasii
1577 529 1792 583 mentio
1814 545 2008 583 occur-

352 621 430 677 rit
460 621 532 676 ad
563 637 785 676 annum
811 619 968 686 1143,
1003 635 1116 690 quo
1147 617 1316 672 illum
1360 616 1846 689 Engelbergensis
1879 633 2002 671 mo-

350 709 592 766 nasterii
625 707 880 781 regimen
913 706 1241 776 suscepisse
1274 722 1342 760 ex
1367 704 1704 761 domesticis
1731 704 1861 760 suis
1885 721 2002 760 mo-

349 797 647 855 numentis
659 796 979 867 conjiciunt
998 793 1393 850 Einsidlenses
1410 793 2000 849 nostrieruditissimi

348 887 600 953 sodales,
631 883 968 956 Necrologio
1002 883 1276 950 maxime,
1311 882 1370 936 in
1401 899 1518 954 quo
1551 883 1623 938 ad
1646 882 1868 937 dictum
1901 899 1999 938 an-

347 994 490 1033 num
523 977 659 1032 1243
692 972 1070 1030 Foowiniana
1100 988 1204 1028 seu
1239 971 1399 1043 prior
1429 988 1642 1028 manus
1670 970 1917 1027 desinat.

413 1065 530 1121 XII.
564 1061 883 1120 Recensitis
915 1061 1224 1133 hucusque
1253 1059 1522 1114 Chronici
1571 1057 1994 1114 Hermanniani

343 1152 663 1218 codicibus,
687 1153 752 1206 ut
774 1150 856 1205 ita
882 1149 1100 1216 dicam,
1120 1146 1484 1214 domesticis,
1511 1146 1990 1201 adnumerandus

339 1258 574 1316 quoque
589 1239 748 1296 venit
766 1237 1202 1305 Gottwicensis,
1223 1237 1281 1291 in
1300 1234 1675 1291 celeberrimo
1693 1234 1871 1306 hujus
1892 1251 1991 1288 no-

340 1330 518 1387 minis
529 1328 778 1385 Austris:
795 1325 1089 1382 interioris
1105 1324 1456 1380 monasterio
1472 1322 1985 1395 repertus,inquod

281 1405 289 1412 ’
338 1419 557 1494 pariter
586 1433 617 1473 e
642 1417 708 1472 D.
735 1415 927 1471 Blasio
959 1414 1148 1485 prima
1179 1413 1428 1468 fratrum
1459 1409 1688 1467 colonia
1717 1411 1987 1466 immissa

337 1513 428 1567 est
475 1509 717 1564 ductore
760 1508 1124 1559 Hartmanno
1170 1502 1399 1568 abbate,
1449 1503 1514 1555 ut
1560 1499 1885 1556 Bernoldus
1923 1499 1981 1555 in

336 1597 624 1655 Chronico
655 1595 727 1651 ad
759 1609 980 1650 annum
1013 1593 1151 1647 1094
1181 1593 1432 1646 enarrat.
1457 1589 1519 1644 Id
1541 1605 1672 1646 vero
1695 1587 1983 1661 peculiare

336 1688 517 1744 habet
543 1687 723 1742 codex
765 1683 894 1747 iste,
943 1681 1098 1754 quod
1143 1681 1400 1752 primum
1445 1695 1539 1733 an.
1580 1679 1687 1732 726
1716 1677 1978 1749 incipiat,

334 1781 510 1848 atque
539 1772 824 1831 Bernoldo
864 1769 1117 1826 multum
1166 1769 1357 1823 adhuc
1401 1766 1631 1822 brevius
1663 1766 1976 1822 Hermanni

335 1863 757 1937 compendium
773 1861 964 1927 sistat,
991 1859 1062 1914 ab
1085 1875 1236 1913 anno
1261 1861 1455 1912 autem
1477 1856 1583 1910 9/40
1613 1872 1797 1926 usque
1820 1857 1976 1923 1052,

333 1971 450 2026 quo
482 1953 632 2019 finit,
663 1967 798 2007 cum
845 1948 1102 2004 Murensi
1149 1963 1214 2002 ac
1263 1944 1714 2017 Engelbergensi
1763 1944 1880 2000 fere
1906 1945 1977 2000 ad

329 2045 570 2100 verbum
590 2040 916 2096 concordet.
946 2036 1156 2102 Fallor,
1181 2042 1282 2091 aut
1301 2035 1435 2090 hinc
1462 2037 1872 2104 transumptus
1892 2039 1981 2089 est

332 2133 512 2188 codex
540 2128 912 2192 Mellicensis,
946 2141 1122 2198 quem
1155 2124 1337 2180 edidit
1367 2124 1425 2178 P.
1459 2123 1614 2178 Hier.
1648 2123 1754 2178 Pez
1787 2128 1926 2178 tom.
1956 2125 1977 2177 l

330 2221 539 2292 Script.
573 2221 794 2284 Austr.,
838 2233 894 2287 p.
947 2215 1068 2280 163,
1123 2230 1236 2284 quo
1286 2212 1602 2268 Hermanni
1651 2211 1976 2266 Chronicon

329 2310 546 2382 pariter
561 2307 892 2363 continetur
908 2305 979 2358 ab
1008 2302 1412 2356 incarnatione
1429 2299 1679 2354 Domini.
1696 2301 1797 2354 Hic
1817 2300 1974 2355 enim

290 2458 296 2463 ,
329 2416 462 2455 cum
495 2393 867 2452 Gottwicensi
900 2393 972 2446 ab
1003 2407 1157 2444 anno
1184 2392 1292 2443 726
1325 2405 1513 2460 usque
1559 2390 1716 2455 1040,
1753 2389 1851 2444 ubi
1882 2387 1976 2443 hie

330 2488 655 2542 fusioresse
671 2481 896 2553 incipit,
916 2481 1071 2534 idem
1087 2479 1156 2532 ad
1183 2479 1403 2548 apicem
1425 2482 1532 2544 est,
1557 2478 1812 2549 exceptis
1833 2479 1977 2532 dun-

329 2580 488 2631 taxat
516 2570 972 2644 particularibus
1004 2567 1382 2638 quibusdam,
1416 2567 1612 2638 Augiae
1643 2573 1698 2621 et
1728 2567 1786 2621 S.
1824 2566 1973 2621 Galli

329 2662 593 2719 cumobia
621 2658 1044 2732 spectantibus,
1099 2671 1226 2726 quae
1278 2655 1490 2726 sazpius
1539 2655 1756 2711 omittit
1786 2654 1971 2710 Melli-

330 2752 544 2818 censis,
558 2763 879 2819 eorumque
895 2745 1018 2801 loco
1032 2743 1305 2816 specialia
1317 2745 1581 2816 quaedam
1594 2745 1838 2799 Austriae
1851 2761 1973 2800 suae

327 2837 772 2915 gestainterseri
784 2846 822 2904 t,
839 2834 997 2891 salvo
1012 2833 1245 2888 interim
1260 2839 1531 2888 manente
1549 2833 1772 2904 reliquo
1788 2836 1967 2888 textu.

327 2937 405 2986 De
421 2929 603 2986 altero
617 2923 994 2982 Gottwicensi
1019 2922 1234 2988 codice,
1249 2921 1351 2992 qui
1370 2920 1721 2977 Bernoldum
1749 2922 1962 2977 auctio-

329 3037 452 3076 rem
485 3016 910 3089 complectitur,
945 3011 1171 3067 dicetur
1208 3010 1373 3066 alias.

397 3106 544 3163 XIII.
578 3106 730 3160 Dum
755 3119 886 3158 vero
919 3099 1132 3166 cuncti,
1168 3115 1316 3170 quos
1341 3099 1644 3171 hucusque
1676 3099 1968 3154 recensui-

2119 529 2355 583 demum
2369 547 2461 584 XIV
2471 531 2594 599 jam
2607 530 2682 584 ad
2697 532 2872 586 linem
2905 536 3190 604 vergente.
3209 531 3446 588 Constat
3473 530 3531 586 id
3545 523 3761 604 partim

2114 634 2182 672 ex
2214 618 2340 689 ipso
2373 618 2724 688 charactere,
2756 622 2970 691 partim
3001 624 3058 676 et
3086 622 3376 693 praecipue
3402 638 3472 676 ex
3496 621 3763 693 frequen-

2111 704 2357 762 tissimis
2379 705 3281 779 interpolationibus,Hermanno
3304 709 3558 766 multum
3574 714 3764 782 poste-

2110 793 2517 866 rioribus,quae
2541 796 2864 852 successive
2886 797 2945 853 in
2973 798 3232 855 codicem
3253 799 3604 871 Augiensem
3634 803 3753 856 tam

2109 881 2167 937 in
2193 881 2457 955 margine
2471 899 2645 955 quam
2663 881 2902 956 reliquis
2923 886 3128 957 spatiis
3149 887 3349 943 vacuis
3371 882 3755 960 irrepserunt,

2105 974 2280 1042 atque
2309 989 2378 1026 ex
2409 971 2545 1027 hinc
2576 989 2692 1027 una
2722 990 2925 1028 omnes
2957 974 3015 1028 in
3046 976 3458 1048 Augustanum
3493 993 3746 1048 quoque,

2105 1064 2159 1114 et
2185 1059 2318 1115 inde
2346 1060 2471 1115 sine
2506 1060 2664 1115 omni
2688 1061 2824 1116 crisi
2869 1062 2925 1117 in
2949 1061 3248 1119 Canisium
3273 1057 3746 1137 migrarunt.Sed

2102 1155 2155 1203 et
2184 1149 2256 1204 ab
2288 1149 2414 1221 ipso
2445 1167 2552 1205 suo
2584 1154 2888 1222 prototypo
2915 1152 3192 1225 Augiensi
3216 1155 3428 1226 saepius
3457 1154 3752 1227 discrepat

2099 1240 2341 1308 ectypon
2373 1239 2806 1310 Augustanum,
2839 1238 2898 1294 in
2922 1256 3035 1312 quo
3068 1242 3221 1298 facta
3251 1243 3453 1300 crebro
3469 1243 3538 1298 ad
3564 1242 3748 1300 alium

2098 1342 2317 1381 annum
2349 1326 3265 1404 referuntur,aliquandointegra
3279 1332 3748 1389 commataomit-

2093 1417 2318 1482 tuntur,
2353 1419 2454 1470 aut
2511 1432 2818 1488 perperam
2858 1416 3033 1474 etiam
3093 1425 3422 1477 exarantur.
3452 1424 3593 1477 Rem
3626 1437 3744 1477 uno

2092 1503 2354 1576 exemplo
2383 1503 2677 1561 declarare
2708 1505 2982 1576 sufﬁciat,
3008 1508 3091 1563 uti
3123 1509 3328 1566 saltem
3361 1509 3420 1566 in
3471 1511 3744 1586 Basnagii

2090 1592 2343 1648 editione
2389 1593 2622 1666 legitur.
2680 1594 2990 1668 Augiensis
3049 1598 3120 1653 ad
3166 1616 3260 1655 an.
3314 1599 3446 1654 1021
3508 1599 3744 1656 scribit:

2086 1681 2444 1737 lrmentrudis
2475 1683 2942 1754 Baochaagiensis
2971 1685 3246 1742 abbatissa
3291 1689 3622 1744 venerabilis
3650 1683 3748 1744 de?

2085 1773 2430 1842 cessit,eiqae
2459 1773 2733 1826 Abarhz‘lil
2791 1774 3068 1830 abbatissa
3097 1778 3351 1831 successit
3377 1795 3390 1845 ;
3426 1778 3597 1848 cujus
3618 1777 3742 1834 loco

2090 1861 2634 1932 ms.Augustanum,
2659 1864 2715 1916 et
2736 1879 2805 1917 ex
2824 1879 2888 1918 eo
2915 1862 3184 1919 Canisius
3207 1881 3379 1920 sensu
3407 1865 3578 1936 plane
3608 1883 3745 1922 con-

2089 1947 2267 2002 trario
2344 1948 2545 2020 ponit:
2617 1951 2980 2007 Irmentrudio
3065 1953 3496 2024 erhaugirmsis
3571 1955 3742 2011 abbas

2087 2038 2239 2102 obiit,
2271 2039 2428 2108 eique
2455 2037 2719 2093 Abarhild
2739 2039 2906 2094 abbas
2951 2050 3221 2100 successit.
3273 2044 3436 2106 Quod
3495 2043 3738 2115 quidem

2088 2125 2879 2198 Mabillonium,etquantum
2902 2129 3091 2186 virum
3113 2131 3140 2185 ?
3157 2148 3224 2186 eo
3251 2148 3439 2203 usque
3461 2131 3520 2186 in
3549 2137 3736 2188 trans-

2085 2230 2318 2268 versum
2351 2215 2488 2286 egit,
2514 2220 2578 2269 ut
2606 2219 2748 2271 tom.
2799 2217 2873 2272 IV
2922 2217 3134 2274 Annal.
3185 2220 3422 2287 Bened.,
3473 2237 3554 2293 p..
3608 2215 3735 2289 279,

2085 2302 2282 2357 nescio
2313 2304 2469 2375 quod
2503 2305 2768 2375 ignotum
2797 2307 3219 2363 monasterium
3241 2309 3449 2366 exinde
3479 2311 3737 2382 conjece-

2085 2391 2179 2457 rit,
2205 2393 2375 2462 cujus
2398 2393 2676 2447 memoria
2705 2394 2830 2463 jam
2863 2396 3158 2451 exciderit.
3193 2397 3307 2452 Nec
3339 2397 3520 2454 semel
3580 2399 3734 2455 idem

2083 2484 2385 2550 peccatum
2411 2497 2679 2552 peccasse
2725 2489 3063 2550 contentus,
3120 2485 3188 2539 ad
3245 2503 3338 2539 an.
3399 2487 3560 2552 1027,
3611 2485 3735 2542 loco

2082 2570 2350 2639 Ililtegart
2376 2571 2741 2641 Buochaugiae
2763 2573 3037 2627 abbatissa
3058 2574 3320 2644 efﬁcitur,
3372 2575 3529 2645 quod
3559 2575 3737 2631 habet

2078 2658 2412 2728 Augiensis,
2447 2676 2650 2714 rursus
2682 2677 2881 2717 crassa
2903 2661 3259 2733 negligentia
3277 2663 3444 2734 ponit
3462 2665 3736 2736 Hiltigart

2081 2745 2416 2816 Bac/magiae
2442 2747 2610 2803 abbas
2640 2749 3111 2818 e/ﬁcitur.Plures
3142 2751 3429 2820 ejusmodi
3463 2752 3620 2808 haud
3645 2757 3727 2809 to-

2080 2833 2841 2909 lerandierroresnotantug
2858 2838 3008 2893 infra
3032 2843 3059 2907 §
3085 2839 3182 2907 IlI,
3207 2857 3270 2896 n.
3300 2840 3501 2913 19,qui
3523 2845 3721 2897 tamen

2080 2939 2282 2977 omnes
2315 2940 2347 2977 a
2380 2923 2692 2980 lectoribus
2721 2926 2886 2980 facile
2917 2927 3441 2998 deprehendentur.
3473 2930 3733 2986 Accessit

2081 3012 2150 3065 ad
2184 3028 2443 3066 errorum
2463 3017 2517 3066 et
2546 3014 2906 3084 deceptionis
2928 3015 3429 3088 cumulum,quod
3460 3015 3730 3076 Canisius

2078 3101 2338 3155 codicem
2370 3100 2812 3166 suum,aliunde
2843 3107 2935 3158 sat
2965 3103 3368 3175 depravatum,
3401 3106 3724 3176 majoribus

328 3214 484 3263 mus,
505 3191 822 3251 Hermanni
840 3190 1069 3246 codices
1090 3193 1208 3244 tam
1225 3192 1357 3259 apte
1384 3205 1497 3242 non
1518 3189 1575 3243 in
1598 3187 1968 3260 generalibus
1999 3171 2042 3238 C
2081 3188 2274 3243 adhuc
2303 3206 2337 3243 a
2369 3206 2430 3244 se
2460 3189 2689 3245 mendis
2711 3207 3043 3262 respersum
3074 3192 3477 3265 vulgaverit,et
3506 3194 3589 3250 sic
3605 3212 3728 3251 ma-

324 3286 519 3354 modo,
552 3283 652 3339 sed
683 3280 769 3336 vel
800 3279 1051 3334 maxime
1084 3277 1141 3331 in
1191 3275 1643 3348 particuralihus
1675 3279 1961 3332 Constan-

323 3373 529 3431 tiensis
551 3372 868 3428 dimceseos
900 3368 1074 3422 rebus
1103 3365 1448 3421 enarrandis
1480 3365 1632 3420 inter
1662 3382 1791 3421 sese
1830 3383 1964 3422 con-

328 3463 613 3526 sentiunt,
645 3458 886 3515 omnino
916 3458 976 3510 in
1005 3455 1206 3510 eadem
1240 3471 1472 3526 quoque
1495 3454 1726 3509 dioecesi
1748 3456 1966 3510 exarati

324 3554 616 3618 videntur,
641 3551 698 3604 et
717 3547 977 3620 quidem,
1002 3548 1067 3599 ut
1085 3544 1287 3614 exjam
1309 3543 1481 3598 dictis
1502 3543 1656 3598 haud
1678 3544 1966 3600 immerito

322 3639 690 3711 conjicimus,
714 3637 773 3691 in
797 3640 995 3690 nostro
1021 3635 1080 3687 Ο.
1106 3632 1281 3686 Blasii
1299 3636 1673 3699 monasterio,
1698 3637 1754 3688 et
1780 3649 1814 3687 a
1834 3632 1964 3704 plu-

322 3731 486 3786 ribus
515 3725 1138 3798 scriptoribus,agmen
1170 3725 1365 3776 tamen
1394 3721 1639 3776 ducente
1664 3722 1963 3787 Bernoldo,

321 3818 636 3876 chronicon
659 3813 974 3871 Hermanni
995 3813 1051 3866 in
1076 3811 1488 3882 compendium
1502 3811 1795 3881 quoddam
1813 3811 1962 3866 redi-

319 3913 508 3982 gente,
543 3906 699 3978 quod
731 3904 863 3959 dein
917 3905 1019 3957 aut
1068 3901 1255 3972 magis
1307 3899 1499 3954 adhuc
1526 3903 1960 3967 contraxerunt,

318 4003 421 4053 aut
450 4014 517 4052 ex
539 3995 671 4051 aliis
697 3992 988 4049 chronicis
1018 3989 1151 4062 plus
1176 3989 1372 4044 minus
1395 3988 1842 4059 interpolarunt,
1863 3995 1964 4045 aut

320 4090 492 4159 prout
522 4101 556 4140 a
585 4082 867 4139 Bernoldo
898 4083 1262 4134 contractum
1309 4081 1457 4142 erat,
1503 4076 1957 4148 descripserunt.

317 4180 394 4230 Eo
437 4174 594 4231 enim
643 4177 903 4244 tempore
949 4165 1353 4224 describendis
1396 4164 1564 4220 libris
1612 4171 1668 4220 et
1711 4168 1962 4224 maxime

315 4263 608 4320 chronicis
639 4261 810 4318 unice
834 4260 948 4313 tere
980 4256 1265 4310 vacabant
1287 4253 1579 4318 monachi,
1607 4254 1761 4309 unde
1783 4255 1960 4310 etiam

316 4357 482 4408 tanta
511 4351 940 4412 chronicorum,
973 4362 1006 4399 a
1036 4341 1342 4398 monachis
1367 4342 1713 4413 plerumque
1735 4345 1963 4426 concin-

317 4447 611 4505 natorum,
639 4440 889 4510 farrago.
911 4437 990 4490 Ex
1009 4435 1116 4489 hac
1139 4435 1257 4505 jam
1279 4431 1563 4486 litteraria
1581 4448 1731 4502 penu
1753 4435 1962 4491 fratres

2070 3278 2218 3348 joris
2234 3278 2471 3349 quidem
2490 3277 2932 3343 molis,minoris
2945 3283 3136 3336 tamen
3161 3281 3292 3337 ﬁdei
3321 3281 3722 3340 Hermannum

2077 3366 2200 3422 orbi
2233 3366 2513 3422 litterario
2545 3367 2882 3423 obtruserit.

2146 3456 2260 3511 XV.
2294 3454 2489 3510 Codici
2518 3457 2877 3525 Augustano,
2903 3457 2951 3512 si
2969 3457 3300 3528 sphalmata
3316 3459 3720 3532 excipias,ma—

2075 3546 2165 3617 gis
2179 3561 2352 3615 quam
2370 3544 2592 3598 caeteris
2611 3544 2965 3600 editionibus
2987 3547 3255 3602 convenit
3270 3544 3722 3620 antiquissimus
3753 3555 3760 3560 ’

2075 3634 2253 3689 codex
2289 3633 2933 3690 San-Emmeramensis
2990 3635 3330 3707 principalis
3391 3637 3720 3693 Ratisbonze

2076 3720 2437 3790 monasterii,
2470 3717 2682 3776 saeculo
2703 3739 2758 3776 x1
2781 3721 2936 3779 haud
2961 3723 3058 3778 diu
3083 3729 3214 3795 post
3231 3723 3546 3780 Hermanni
3571 3729 3723 3781 tem-

2073 3828 2214 3882 pora
2246 3811 2500 3880 scriptus
2531 3809 2769 3877 ibidem,
2803 3815 2868 3864 ut
2901 3815 3058 3883 patet
3074 3828 3142 3867 ex
3171 3811 3244 3867 iis
3276 3830 3401 3891 quae
3423 3814 3493 3868 de
3523 3813 3727 3870 S.Em-

2073 3916 2331 3954 mer-amo
2363 3903 2419 3954 et
2449 3898 2767 3954 Ratisbona
2795 3905 3127 3963 occurrunt,
3160 3900 3395 3956 omissis
3445 3919 3720 3957 nonnun-

2072 4004 2247 4059 quam
2270 3987 2384 4042 illis
2406 4003 2533 4058 quze
2555 3988 3055 4043 Constantiensem
3085 3987 3402 4044 Hermanni
3417 3989 3721 4046 dioecesim

2072 4080 2452 4132 concernunt.
2488 4076 2726 4131 Orditur
2745 4080 2940 4132 autem
2971 4077 3044 4132 ab
3074 4094 3226 4133 anno
3256 4077 3452 4144 378,ut
3483 4078 3719 4136 Urstisii

2072 4165 2603 4236 San-Georgianus,
2636 4169 2692 4220 et
2723 4165 2796 4220 ad
2819 4182 3038 4220 annum
3075 4168 3206 4222 105/:
3230 4166 3464 4222 desinit.

2143 4254 2286 4308 XVI.
2320 4254 2400 4308 Ex
2425 4254 2626 4308 eodem
2659 4270 2773 4325 quo
2812 4256 3191 4326 Augustanus
3240 4255 3398 4311 fonte
3442 4255 3721 4329 Augiensi

2071 4342 2345 4415 proﬂuxit
2375 4343 2550 4398 etiam
2573 4341 2958 4398 Einsidlensis
2981 4343 3484 4410 codex,mediante
3501 4345 3716 4402 saeculo

2069 4450 2160 4486 xxv
2191 4432 2248 4486 in
2273 4431 2605 4488 Fabariensi
2628 4433 2980 4488 monasterio
3014 4433 3469 4505 scriptus,prout
3496 4433 3557 4488 in
3584 4434 3714 4505 ejus

316 4532 386 4586 ad
421 4533 616 4585 extera
661 4524 1016 4583 monasteria
1068 4520 1431 4577 instituenda
1476 4520 1704 4574 dimissi
1759 4529 1964 4593 praeter
1992 4539 2038 4602 D
2071 4522 2254 4576 fronte
2279 4519 2395 4575 alia
2427 4536 2605 4575 manu
2641 4523 2914 4588 notatur;
2949 4523 3118 4578 Istum
3149 4522 3356 4576 librum
3373 4523 3715 4594 ﬁeriprocu-

317 4624 521 4674 caetera
551 4614 883 4672 necessaria
912 4611 1212 4668 codicibus
1243 4625 1477 4680 quoque
1498 4607 1958 4682 instruebantur,

316 4724 465 4780 quos
487 4721 686 4762 secum
706 4703 777 4758 ad
802 4717 980 4756 novas
1001 4700 1148 4754 istas
1171 4697 1429 4752 colonias
1443 4696 1795 4754 detulerunt.
1818 4703 1962 4766 Qua-

315 4798 399 4852 les
425 4812 560 4851 cum
583 4811 614 4849 e
636 4793 700 4847 D.
729 4789 916 4846 Blasio
942 4787 1155 4844 fuerint
1175 4785 1450 4859 praedicta
1470 4789 1840 4856 monasteria,
1865 4807 1958 4846 co-

315 4887 476 4941 dices
505 4897 739 4955 quoque
761 4878 894 4933 illos
925 4877 1130 4933 exinde
1161 4875 1455 4946 accepisse
1490 4878 1778 4932 censenda
1800 4884 1958 4952 sunt,

318 4973 572 5030 maxime
603 4969 754 5042 quod
781 4982 984 5022 omnes
1007 4969 1232 5019 zetatem
1260 4963 1691 5035 prmferantqua
1712 4966 1813 5022 illa
1831 4968 1959 5022 fun-

317 5063 625 5117 datasunt.
655 5057 793 5111 Inde
817 5055 1035 5109 factum
1061 5059 1125 5107 ut
1155 5053 1310 5122 quod
1335 5057 1516 5106 mater
1536 5054 1790 5109 sinistris
1815 5063 1960 5111 tem-

316 5167 527 5222 porum
568 5148 703 5203 fatis
735 5143 1071 5214 crebrisque
1101 5139 1388 5196 incendiis
1416 5139 1684 5211 perdidit,
1705 5142 1958 5200 filiarum

317 5236 612 5292 industria
643 5235 1034 5298 conservaret,
1069 5247 1133 5286 ac
1165 5227 1526 5302 postliminio
1545 5229 1732 5286 eidem
1751 5232 1960 5290 libera-

317 5327 451 5381 liter
481 5323 959 5381 communicaret.

389 5413 531 5469 XIV.
553 5410 897 5469 Domesticis
922 5410 1078 5466 hisce
1096 5409 1395 5467 codicibus
1416 5412 1473 5464 et
1495 5407 1768 5465 brevibus
1791 5412 1961 5482 quasi

317 5501 634 5561 Hermanni
659 5500 1019 5573 compendiis
1053 5498 1315 5556 succedit
1335 5499 1719 5569 Augustanus
1758 5498 1963 5568 fusior,

318 5608 491 5670 quem
524 5591 636 5652 sibi
667 5589 1059 5668 evulgandum
1089 5587 1349 5664 sumpcit
1377 5585 1672 5646 Canisius.
1711 5585 1965 5662 Papyra-

2069 4613 2212 4667 ravit
2243 4613 2805 4680 IIcrman-nus,genere
2828 4609 2892 4665 de
2914 4611 3152 4666 Arbona.
3182 4611 3347 4666 abbas
3377 4611 3546 4684 hujus
3605 4629 3724 4669 mo-
3801 4683 3809 4690 .

2069 4702 2304 4756 nasterii
2330 4701 2700 4766 Fabariensis,
2733 4714 2879 4753 anno
2912 4700 3132 4754 Domi-ni
3170 4700 3466 4755 millesimo
3522 4708 3723 4756 trecen-

2070 4793 2259 4845 tesimo
2271 4790 2720 4861 quinquagesimo
2733 4790 2888 4842 sexto
2900 4790 3165 4859 scriptum
3196 4791 3254 4844 in
3285 4789 3471 4845 eodem
3497 4807 3719 4846 monas-

2069 4877 2598 4934 terio.Hermannus
2611 4876 2705 4930 hic
2721 4893 2789 4930 ex
2806 4877 3012 4932 Eremo
3028 4877 3208 4932 abbas
3225 4895 3257 4932 a
3274 4878 3724 4934 Fabariensibus

2069 4965 2431 5039 postulatus,
2450 4965 2707 5021 codicem
2724 4965 3102 5037 Augiensem,
3135 4965 3237 5038 qui
3265 4965 3722 5035 tunc,incertum

2069 5073 2183 5127 quo
2219 5056 2356 5124 fato,
2391 5055 2543 5125 apud
2579 5053 2984 5110 Einsidlenses
3006 5060 3148 5122 erat,
3177 5057 3625 5111 describendum
3649 5055 3722 5111 ab

2069 5143 2185 5200 illis
2199 5143 2455 5214 expetiit,
2479 5143 2694 5214 quibus
2713 5143 2843 5198 dein
2859 5146 3297 5214 transumptum
3320 5143 3725 5217 apographum

2070 5231 2316 5301 remisit,
2359 5229 2556 5286 codice
2579 5229 2694 5286 sibi
2746 5235 2993 5293 retento,
3052 5232 3136 5286 uti
3170 5233 3387 5288 ibidem
3446 5233 3724 5290 distincto

2071 5321 2403 5376 charactere
2421 5319 2634 5392 legitur
2653 5321 2760 5388 Ego
2778 5321 2958 5391 frater
2977 5321 3266 5377 Ileinricus
3295 5321 3359 5377 de
3379 5324 3615 5394 Ligritia
3626 5323 3724 5378 hu-

2071 5410 2225 5464 milis
2253 5409 2638 5464 thesaurarius
2654 5409 2980 5464 monasterii
2998 5409 3335 5465 Heremitani
3354 5411 3540 5467 eodem
3576 5427 3724 5466 anno

2074 5499 2302 5573 (scilicet
2350 5498 2528 5567 1356),
2588 5496 3126 5553 accommodaveram
3179 5498 3354 5554 eidem
3415 5499 3762 5556 venerabili

2075 5586 2259 5648 abbati
2287 5585 2662 5666 (Hermanno)
2681 5586 2963 5663 exemplar
2983 5587 3142 5648 istius
3165 5588 3299 5650 libri
3323 5588 3394 5648 ad
3423 5589 3726 5651 rescriben-
