4026 6228
233 292 311 363 n‘
1102 290 1107 297 ’
1162 300 1687 369 ΒΙΒΒΕΒΤΑἸἾΟ
1730 305 1831 365 DE
1874 305 2287 367 HERMANNI
2336 306 2754 370 cuaomco.
3583 307 3660 369 42

242 435 452 503 dum,“
478 438 726 494 retinuit
754 438 869 510 ipse
893 438 1317 494 vetustissimum
1341 447 1589 494 nostrum
1619 439 1908 507 librum,et
1938 443 1988 507 Α
2019 438 2172 494 sium
2204 440 2378 495 sentit
2414 457 2425 494 ε
2460 441 2673 512 partim
2702 441 2950 513 denique
2993 446 3049 497 et
3089 440 3464 514 potissimum
3503 438 3661 513 quod

245 526 392 582 dedit
422 527 587 583 nobis
620 528 793 583 istum
832 540 1053 583 novum.
1106 527 1219 582 Nec
1269 527 1367 583 diu
1418 532 1614 582 tamen
1665 526 1913 583 Fabarim
2022 528 2407 600 descriplores
2436 530 2610 585 variis
2640 530 2697 585 in
2728 529 2871 587 locis
2890 530 3222 598 existentes,
3238 528 3404 586 factis
3421 528 3662 605 genera-

244 614 488 671 beesisse
520 614 1096 685 videtur’Augiensis
1110 616 1310 679 codex,
1337 616 1460 686 jam
1484 620 1607 671 tum
1642 613 1914 671 vetustis-
2021 616 2198 682 libus,
2250 622 2352 672 aut
2382 635 2512 689 quae
2542 617 2653 673 sibi
2685 618 2874 690 magis
2904 618 3259 687 arridebant,
3287 618 3532 684 retentis
3564 620 3668 673 aut

248 704 441 759 simus
469 703 745 769 habitus,
779 703 852 758 ad
885 702 1078 759 locum
1102 702 1349 776 originis
1373 719 1492 759 suae
1510 704 1656 759 forte
1670 704 1793 774 jam
1817 719 1912 759 an.
2022 706 2334 760 contractis
2389 711 2447 761 et
2504 705 2741 762 omissis
2789 705 3262 779 particularibus,
3302 705 3493 762 aliena
3537 698 3666 761 Idea

2023 809 2123 847 seu
2152 792 2417 865 regiones
2447 792 2870 865 spectantibus,
2901 811 3102 850 eorum
3133 793 3259 850 loco
3307 792 3667 869 inseruerint

2022 879 2122 935 illa
2148 897 2277 951 quae
2304 880 2615 953 provinciis
2640 881 2738 937 ubi
2758 883 3092 938 scribebant
3120 881 3308 955 magis
3334 882 3571 967 propria
3587 881 3667 938 vi-

2023 969 2342 1035 debantur;
2376 969 2547 1040 cujus
2581 969 2661 1024 rei
2692 968 3023 1042 exemplum
3047 970 3133 1026 vel
3155 970 3317 1039 solus
3341 969 3664 1027 Bernoldus

2024 1074 2156 1112 cum
2189 1057 2520 1113 Hcrmanno
2564 1057 2812 1114 collatus
2854 1057 3393 1115 luculentissimum
3425 1059 3661 1133 prebet.

2020 1146 2208 1217 Atque
2239 1146 2376 1201 hinc
2408 1148 2549 1201 dum
2577 1147 2672 1202 alii
2706 1146 2790 1202 vel
2815 1164 2884 1202 ex
2906 1148 3140 1219 propria
3160 1147 3366 1204 notitia
3381 1140 3665 1223 nonnulla

2023 1235 2147 1288 suis
2198 1234 2631 1302 exemplaribus
2680 1240 3098 1307 opposuerunt,
3129 1235 3217 1290 vel
3266 1240 3333 1291 ut
3379 1236 3664 1308 scriptum

2022 1339 2195 1377 suum
2223 1329 2597 1394 augerent,ex
2626 1324 2986 1379 diversorum
3017 1320 3307 1380 chronicis
3338 1323 3507 1396 plura
3535 1325 3693 1387 ado—A

2025 1416 2284 1482 piarunt,
2336 1428 2482 1466 nova
2509 1412 2679 1483 quasi
2727 1411 3060 1484 compilatio
3109 1412 3385 1469 chronica
3413 1411 3665 1484 prodire,

2024 1500 2245 1568 debuit,
2268 1501 2369 1555 uni
2402 1506 2595 1555 tamen
2627 1502 2936 1573 eidemque
2959 1516 3110 1573 saepe
3142 1499 3365 1556 auctori
3392 1498 3666 1574 ascripta,

251 790 377 847 1361
416 807 718 859 reversus,
738 807 857 864 quo
891 790 1148 869 flammis
1181 792 1356 871 periit
1391 791 1653 848 Fabaris.
1686 794 1833 848 Ante
1856 792 1918 847 ti-

247 894 379 936 nem
404 878 624 936 saltem
647 878 852 936 saeculi
872 896 966 934 xu
979 879 1106 949 jam
1128 879 1326 952 Augiae
1352 880 1534 936 fuisse
1551 880 1912 949 restitutum,

244 971 758 1042 argumentosum
780 967 1256 1039 interpolationes
1269 968 1342 1023 ab
1359 985 1425 1024 eo
1437 973 1700 1041 tempore
1716 968 1916 1041 Augiaa

242 1058 304 1114 in
337 1057 544 1113 codice
572 1052 679 1113 illo
710 1058 1031 1129 factaeque
1050 1072 1166 1112 nor.
1190 1056 1486 1112 habentur
1506 1057 1565 1111 in
1587 1056 1913 1112 Einsidlen-

243 1145 299 1202 si
323 1145 589 1204 Fabaris
610 1151 867 1212 exareto,
882 1146 1028 1205 bene
1046 1161 1182 1201 vero
1202 1144 1261 1201 in
1284 1146 1751 1218 Augustsno,qui
1771 1147 1914 1202 adeo

243 1232 615 1303 Eineidiensi
645 1233 932 1306 posterior
958 1238 1068 1290 est.
1101 1233 1221 1298 Sic,
1260 1233 1508 1306 exempli
1537 1234 1745 1307 gratia,
1779 1239 1917 1291 ante

238 1334 481 1381 annum
510 1322 620 1378 882
648 1322 708 1377 in
736 1321 1025 1394 superiori
1058 1322 1327 1394 margine
1354 1338 1537 1378 vacuo
1568 1321 1688 1378 haec
1717 1326 1917 1377 notata

238 1411 480 1471 suntin
512 1409 791 1483 Augiensi
843 1427 858 1466 :
904 1410 1054 1466 Nota
1103 1428 1118 1466 :
1170 1410 1492 1466 Burkardu:
1537 1413 1813 1482 episcopus
1851 1411 1918 1466 de

235 1501 456 1569 Hauon
520 1500 633 1571 fuit
679 1498 1022 1555 introductus
1091 1499 1464 1559 Conxlmatiam
1519 1503 1720 1571 quarta
1772 1501 1916 1571 feria

234 1592 380 1646 ante
439 1589 889 1659 Assme
959 1588 1133 1645 beata!
1196 1590 1431 1659 Virginis
1484 1604 1630 1643 anno
1695 1588 1912 1659 [MCCC]
2026 1594 2089 1643 ut
2123 1606 2301 1661 supra
2328 1589 2388 1644 in
2420 1589 2676 1645 Murensi
2700 1589 2895 1645 codice
2923 1589 3380 1646 observavimus.

234 1679 541 1737 LXXXVIII
564 1677 637 1734 ab
668 1679 1059 1747 incarnatione
1084 1676 1346 1741 mmini;
1391 1685 1441 1732 et
1490 1685 1616 1733 ante
1654 1679 1916 1748 proxima
2095 1681 2317 1734 Auxere
2334 1668 2555 1734 malum
2575 1682 2629 1733 et
2646 1677 3442 1746 confusionemeditores,aut
3456 1677 3672 1751 saepius

235 1768 420 1823 tertia
466 1766 614 1836 feria
666 1766 980 1836 conferebat
1030 1765 1175 1820 mihi
1227 1766 1487 1821 Heinrico
1533 1769 1734 1821 Leman
1790 1769 1909 1822 et...
1944 1814 1988 1839 η
2025 1768 2543 1839 amanuenses,qui
2564 1783 2925 1839 quaecunque
2946 1767 3006 1822 in
3029 1767 3155 1823 suis
3173 1766 3476 1823 codicibus
3494 1766 3673 1835 unde-

234 1814 499 1913 Jobamz'i
524 1854 723 1924 Caper
961 1854 1142 1923 feeds,
1175 1868 1303 1924 qua:
1327 1854 1491 1923 vulgo
1518 1853 1783 1909 dicuntur
1811 1855 1912 1910 des
1944 1814 1989 1879 Β
2023 1814 2520 1927 cunque‘demujm
2554 1814 2755 1911 assuta
2783 1814 3072 1928 legebant,
3106 1861 3274 1913 notas
3304 1854 3480 1913 etiam
3518 1828 3672 1929 mars

235 1941 577 2003 Mantele“!
620 1940 795 2000 lehen
826 1957 840 1996 :
871 1949 927 1997 et
962 1945 1122 2014 pater
1146 1949 1332 1997 noster
1376 1944 1662 1998 Heinricus
1706 1944 1914 1998 Leman
2020 1943 2264 2016 ginales,
2296 1949 2353 1999 et
2381 1960 2763 2016 quascunque
2805 1944 3305 2016 interpolationes,
3338 1961 3407 2001 ac
3426 1945 3475 2000 si
3497 1942 3672 2017 primi

232 2034 361 2105 pia?
406 2032 694 2087 memoriae
738 2030 1077 2086 moriebatur
1124 2031 1410 2086 LXXXVIII
1455 2034 1514 2087 in
1549 2030 1785 2102 jejunio,
1817 2033 1915 2086 ubi
2022 2034 2278 2087 auctoris
2335 2032 2522 2086 forent
2573 2032 2742 2102 cujus
2788 2047 3001 2086 nomen
3049 2032 3451 2103 praeferebant,
3509 2026 3671 2087 nullo

235 2123 510 2179 cantatur
537 2118 839 2185 Sitientes,
871 2119 970 2188 qui
996 2119 1132 2174 emit
1157 2119 1425 2190 praedicta
1453 2120 1611 2190 [coda
1626 2136 1728 2190 pro
1756 2120 1912 2175 Will-
2022 2124 2124 2175 aut
2153 2137 2326 2192 parvo
2346 2120 2544 2175 habito
2568 2118 2986 2187 delectu,nulla
3005 2119 3267 2176 adhibita
3291 2119 3489 2185 sobria
3508 2118 3665 2188 criei',

238 2211 427 2269 helnw
457 2207 700 2267 Cochen.
724 2206 856 2269 Alia
876 2207 1072 2263 adhuc
1102 2207 1161 2262 in
1193 2208 1393 2263 vacuis
1420 2225 1709 2263 annorum
1731 2208 1836 2262 988
1857 2212 1916 2263 et
2022 2210 2132 2263 sub
2164 2208 2293 2279 ejus
2323 2206 2558 2263 nomine
2586 2207 2921 2281 vulgarunt,
2950 2208 3025 2264 de
3073 2207 3225 2264 mole
3263 2207 3457 2281 potius
3487 2221 3666 2283 quam

2022 2297 2093 2351 dc
2120 2298 2359 2352 veritate
2385 2300 2441 2352 et
2471 2296 2804 2353 sinceritate
2833 2294 3099 2367 solliciti;
3152 2298 3309 2369 quod
3357 2292 3666 2363 sinistrum

2024 2385 2207 2440 fatum
2239 2385 2571 2441 Hermanno
2601 2390 2801 2442 nostro
2843 2385 3135 2459 praecipue
3164 2384 3390 2460 obtigit.
3422 2386 3524 2441 Ast
3574 2378 3670 2441 cui

241 2296 598 2372 seq.spatiis
627 2297 703 2353 ab
725 2297 929 2365 eadem
956 2313 1135 2352 manu
1159 2297 1429 2369 apposita
1444 2297 1775 2353 continetur
1793 2296 1914 2352 hac

240 2389 417 2455 Noto,
469 2385 614 2459 quod
663 2384 884 2457 [μορε]
934 2385 1216 2445 LXXXVIII
1265 2387 1377 2456 fuit
1429 2385 1584 2442 valde
1637 2386 1914 2441 mirabilis

243 2476 317 2541 ab
1033 2475 1097 2531 In
1115 2475 1446 2543 Alamanuia
1469 2476 1693 2546 fuerunt
1727 2475 1915 2531 multae

244 2568 414 2631 rint.
476 2566 674 2621 Primo
732 2564 869 2634 Liga
928 2550 1117 2629 tta-nil
1157 2562 1229 2618 ad
1287 2564 1599 2628 Bovarium,
1643 2564 1919 2620 destruxit

246 2656 332 2727 ibi
358 2655 571 2727 multa;
597 2654 784 2713 villas.
819 2651 1066 2721 “modo
1093 2651 1162 2719 de
1196 2653 1550 2719 Wirtemberg
1577 2653 1769 2707 habuit
1799 2651 1913 2708 bel-

246 2746 369 2801 lum
397 2759 528 2813 cum
558 2743 717 2813 Ligg.
976 2755 1124 2799 anno
1167 2739 1274 2795 duo
1317 2742 1486 2795 etiam
1530 2740 1689 2796 duces
1737 2742 1910 2798 Bova-

247 2835 357 2893 rias
382 2833 685 2899 Dominicis
709 2830 800 2895 die
822 2833 953 2899 ante
995 2829 1382 2899 Bartholomaei
1410 2829 1643 2899 apostoli
1668 2838 1720 2885 et
1747 2831 1911 2885 victo-

246 2922 401 2987 riam
427 2920 763 2990 habuerunt,
812 2921 868 2975 et
912 2916 978 2977 de
1027 2918 1159 2989 Liga
1202 2918 1368 2983 occisi
1410 2921 1637 2988 [uerunt
1680 2922 1914 2989 quatuor

245 3010 437 3071 millia
464 3010 773 3077 Mutinam.
809 3008 886 3063 De
918 3006 1236 3063 Constantia
1261 3007 1435 3063 evasit
1462 3022 1626 3073 unus,
1668 3006 1735 3063 de
1774 3008 1911 3063 Liu-

250 3099 455 3171 dqugia
488 3098 701 3167 nullm,
734 3096 803 3163 de
832 3096 893 3151 S.
924 3095 1077 3167 Gallo
1105 3112 1268 3164 unus,
1300 3095 1367 3151 de
1406 3096 1626 3152 Basilea
1664 3097 1790 3155 duo.
1834 3100 1910 3155 Et

2023 2474 2261 2529 demum
2294 2475 2445 2530 bono
2476 2473 2597 2530 haec
2627 2475 2865 2530 omnia?
2892 2475 3113 2547 Nempe
3162 2478 3228 2530 ut
3277 2474 3498 2531 frustra
3524 2472 3667 2531 Her-

2024 2579 2279 2619 manuus
2300 2563 2357 2617 in
2392 2562 2723 2618 Hermanno
2751 2567 3131 2636 quaeratur,et
3167 2563 3671 2637 genuinusaspu-

2023 2650 2108 2705 rio
2130 2651 2385 2707 discerni
2414 2651 2656 2707 minime
2686 2651 3153 2725 possit,ac,quod
3187 2652 3443 2709 historiae
3464 2650 3667 2725 patriae

2021 2740 2175 2794 haud
2210 2756 2417 2813 parum
2451 2739 2717 2806 ofﬁcit,in
2735 2742 2930 2798 varios
2949 2757 3174 2798 errores
3189 2740 3549 2798 inducantur
3569 2740 3673 2798 aut

2022 2829 2437 2900 perturbentur
2464 2828 2671 2884 saltem
2705 2829 3069 2903 sagacissimi
3102 2828 3248 2887 alias
3276 2830 3546 2903 ejusdem
3576 2826 3666 2883 in-

2019 2917 2419 2989 vestigatores.
2438 2917 2498 2972 Id
2532 2934 2712 2990 supra
2740 2918 2799 2973 in
2833 2918 3170 2975 Mabillonio
3192 2924 3249 2976 et
3269 2916 3668 2989 Bollandianis

2020 3006 2435 3078 hagiographis
2449 3010 2726 3062 testatum
2741 3006 3318 3081 dedimus,aliudque
3333 3004 3666 3079 exemplum

2021 3096 2079 3150 in
2111 3094 2458 3150 Hartmanni
2490 3090 2815 3151 Annalibus
2844 3096 3036 3152 Eremi
3068 3097 3558 3169 habemus,quem
3581 3094 3669 3150 in-

244 3192 326 3249 eat
355 3186 502 3259 illud
536 3186 742 3249 bellum
769 3186 980 3257 factam:
1002 3199 1171 3256 pem;
1198 3183 1517 3243 Riehmwil.
1547 3185 1754 3241 Studio
1782 3184 1906 3242 haec
1932 3179 1978 3247 C
2015 3183 2429 3256 terpolationes
2469 3185 2791 3241 Canisianae
2840 3184 3112 3241 editionis
3169 3186 3240 3241 ad
3300 3203 3391 3242 an.
3442 3185 3550 3239 94³7
3590 3184 3664 3240 de

246 3276 605 3351 apponenda
631 3274 996 3343 censuimus.
1022 3274 1178 3345 quod
1200 3273 1374 3339 etiam
1408 3272 1629 3329 lacinia
1654 3274 1905 3331 subinde

246 3364 667 3429 adhistoriam
700 3358 902 3436 patrie
932 3361 1341 3431 illustrandam
1374 3361 1697 3425 conferant.
1729 3362 1902 3418 Caete-

246 3471 388 3510 rum
415 3452 793 3509 Einsidlense
842 3450 999 3506 istud
1030 3448 1431 3522 apographum
1461 3449 1522 3506 in
1563 3452 1909 3513 membrana

247 3544 454 3609 formae
485 3546 708 3618 quarta!
740 3539 1100 3617 deacriptum
1122 3541 1464 3613 Augustano
1494 3538 1681 3595 multo
1711 3556 1907 3596 emen-

242 3631 451 3701 datius
477 3634 698 3711 estnec
719 3633 918 3697 tamen
941 3626 1068 3693 sine
1084 3626 1291 3687 erratis
1308 3625 1597 3683 chronicis
1617 3633 1674 3683 et
1686 3627 1909 3688 addita-

243 3717 801 3787 mentisﬂarmanni
813 3715 1052 3795 genuini
1066 3718 1291 3775 etatem
1308 3715 1551 3775 minime
1562 3716 1904 3774 ferentibus.

241 3805 555 3885 Singulari
572 3810 765 3873 autem
785 3821 1028 3879 prorsus
1051 3805 1167 3869 fato
1189 3805 1402 3865 accidit
1423 3809 1486 3860 ut
1505 3805 1709 3863 eodem
1729 3806 1909 3867 ferme

242 3902 527 3981 tempore
558 3900 823 3971 uterque,
857 3910 1037 3979 quem
1064 3892 1158 3950 hic
1188 3888 1449 3981 edimus,
1480 3893 1799 3981 Hermanni
1821 3910 1911 3950 co-

245 3985 365 4055 dex
388 3979 472 4053 ad
509 3983 855 4049 Fabariense
881 3979 1305 4047 monasterium
1329 3980 1909 4053 devenerit,Augien-

242 4068 336 4129 sis
364 4071 675 4137 nimirum,
705 4074 770 4135 ut
799 4087 936 4135 mox
980 4068 1257 4137 vidimus,
1289 4074 1346 4125 et
1375 4068 1739 4126 Monacensis
1770 4070 1910 4125 Ber-

242 4160 458 4233 noldi;
510 4159 665 4234 quod
716 4159 915 4233 ipsum
965 4162 1311 4237 argumento
1355 4162 1447 4216 est
1503 4157 1728 4214 litteras
1764 4158 1911 4214 inibi

241 4249 452 4317 adhuc
483 4248 698 4315 seculo
728 4264 825 4308 xw
853 4245 1083 4323 egregie
1113 4244 1293 4307 fuisse
1321 4246 1599 4303 excultas.

318 4332 499 4397 XVII.
533 4337 618 4399 Ex
647 4336 741 4399 his
770 4353 942 4417 porro
974 4334 1241 4395 codicum
1273 4334 1689 4401 Hermanniani
1728 4335 1913 4391 Chro-

2016 3272 2363 3329 Thietlando
2393 3272 2623 3344 abbate,
2657 3277 2714 3328 et
2738 3274 2808 3328 ad
2836 3290 2930 3329 an.
2961 3274 3069 3329 940
3100 3291 3114 3329 :
3150 3274 3441 3345 Gregorius
3470 3273 3522 3329 η
3545 3274 3661 3329 Ρα-

2014 3370 2114 3429 ter,
2147 3366 2280 3429 etc.,
2314 3361 2458 3417 mire
2496 3364 2868 3433 torquebant,
2902 3379 3034 3417 cum
3066 3367 3261 3419 tamen
3289 3361 3350 3418 in
3380 3356 3661 3436 Augiensi

2014 3450 2243 3524 legatur
2274 3466 2287 3505 :
2322 3450 2611 3520 Gregorius
2639 3459 2861 3506 sanctus
2888 3453 3074 3507 Pater.
3578 3518 3581 3519 ν

2083 3540 2195 3595 Sed
2226 3539 2369 3593 satis
2383 3541 2508 3610 jam
2534 3539 2602 3595 de
2626 3539 2794 3595 factis
2823 3539 3128 3612 hucusque
3148 3539 3463 3596 Hermanni
3483 3540 3661 3598 Chro-

2017 3628 2130 3683 nici
2189 3626 2546 3683 editionibus
2604 3643 2767 3698 reque
2815 3643 2881 3682 ac
2929 3644 3073 3684 mss.
3107 3628 3408 3685 codicibus
3438 3633 3660 3700 actum,

2016 3715 2172 3770 unde
2203 3714 2378 3770 simul
2415 3732 2571 3769 novae
2596 3714 2868 3771 editionis
2898 3731 2966 3770 ex
2996 3717 3250 3788 genuino
3274 3717 3469 3773 codice
3490 3719 3661 3775 ador-

2018 3803 2225 3871 nandae
2254 3802 2573 3858 necessitas
2604 3807 2781 3874 patet,
2816 3804 2886 3858 de
2923 3820 3057 3875 qua'
3079 3805 3204 3875 jam
3253 3802 3524 3877 pluribus
3575 3806 3664 3862 di-

2017 3893 2288 3948 cendum.

2174 3983 2201 4049 §
2236 3980 2309 4035 ΙΙΙ
2320 4023 2331 4045 .
2364 4012 2432 4019 —
2462 3981 2621 4035 Net-ae
2648 3979 2905 4037 editionis
2931 3981 3227 4036 consilium
3249 3984 3300 4037 et
3326 3983 3522 4052 fmztes.

2091 4069 2288 4125 XVIII.
2318 4069 2421 4125 Hic
2450 4086 2582 4125 vero
2612 4069 2907 4144 imprimis
2937 4068 3136 4124 mirari
3158 4070 3317 4126 subit
3340 4085 3443 4126 cur
3467 4067 3676 4127 nullus

2021 4174 2221 4215 eorum
2237 4158 2333 4231 qui
2350 4159 2750 4214 Hermannum
2765 4160 2875 4214 sibi
2890 4158 3247 4231 vulgandam
3264 4162 3673 4232 sumpserunt:

2022 4248 2093 4302 de
2132 4247 2403 4319 Augiensi
2452 4247 2731 4319 primario
2782 4247 2940 4303 fonte
2985 4246 3274 4320 cogitarit,
3309 4248 3412 4305 sed
3462 4262 3675 4322 omnes

2028 4336 2307 4392 derivatis
2334 4336 2618 4391 duntaxat
2665 4353 2733 4392 ex
2777 4353 2845 4392 eo
2894 4336 3097 4393 rivulis
3142 4337 3359 4393 fuerint
3388 4335 3670 4405 contenti,

240 4427 369 4493 nicj
406 4424 906 4501 descriptionibus
938 4423 1107 4481 facile
1127 4423 1253 4494 jam
1278 4423 1389 4478 erit
1418 4424 1737 4494 dijudicare
1759 4425 1915 4481 unde
2023 4425 2121 4497 qui
2142 4440 2256 4496 quo
2278 4424 2508 4496 longius
2526 4442 2558 4478 a
2578 4442 2686 4481 sua
2702 4425 3058 4499 scaturigine
3079 4429 3297 4483 abeunt
3325 4442 3393 4482 eo
3414 4423 3673 4500 amplius

237 4520 422 4583 tanta
450 4515 513 4571 in
547 4510 723 4571 editis
750 4512 1060 4573 diversitas
1106 4529 1278 4568 suam
1326 4512 1567 4568 traxerit
1603 4512 1911 4585 originem,
1948 4547 1993 4612 Β
2025 4513 2218 4569 alieno
2248 4529 2432 4585 eoque
2463 4513 2707 4570 subinde
2736 4514 3027 4571 lutulento
3058 4517 3277 4572 afﬂuxu
3307 4519 3673 4572 excrescunt.

236 4622 314 4675 ex
350 4622 475 4674 una
506 4618 720 4677 nempe
749 4602 1044 4670 codicum,
1079 4596 1296 4674 quibus
1327 4601 1419 4657 usi
1461 4606 1599 4661 sunt
1644 4603 1916 4670 editores,
1951 4596 1990 4612 "
2030 4602 2263 4657 Primus
2294 4601 2403 4656 hac
2432 4601 2490 4657 in
2524 4619 2585 4657 re
2614 4603 2980 4659 eruditorum
3027 4606 3200 4672 votis,
3232 4622 3336 4678 pro
3382 4603 3677 4661 indefesso

234 4695 561 4751 varietate.
585 4696 750 4749 Hanc
781 4708 914 4749 vero
940 4690 1188 4747 diversis
1217 4705 1287 4746 ex
1314 4690 1511 4747 causis
1541 4691 1916 4762 repetendam
2028 4708 2134 4747 suo
2163 4691 2223 4746 in
2255 4690 2506 4763 patriam
2538 4691 2842 4748 historiam
2888 4693 3103 4763 studio,
3136 4694 3363 4750 deferre
3389 4693 3451 4748 in
3482 4709 3543 4750 se
3574 4708 3674 4748 su-

240 4783 652 4855 arbitramur:
671 4780 886 4854 partim
916 4797 987 4838 ex
1020 4779 1269 4835 nimium
1300 4779 1645 4852 scrupulosa
1673 4779 1920 4852 scripto-
2030 4780 2215 4851 scepit
2245 4778 2700 4837 cl.P.Mauritius
2720 4781 2844 4837 Van
2869 4783 2974 4836 der
2992 4782 3150 4839 Meer
3163 4784 3235 4839 de
3257 4780 3674 4851 Hochenbaum

239 4888 391 4937 rum
421 4868 754 4944 diligentia,
791 4886 909 4941 qua
938 4868 1211 4941 permoti,
1241 4884 1368 4940 qum
1398 4868 1563 4940 prius
1591 4873 1919 4935 exararant,
2033 4867 2502 4941 Rhenaugiensis
2523 4870 2861 4926 monasterii
2885 4869 3210 4942 polyhistor
3228 4868 3674 4934 solertissimus,

238 4960 565 5027 identitem
602 4964 917 5027 retractare
959 4961 1017 5014 et
1063 4956 1465 5012 emendatiora
1494 4957 1682 5029 magis
1704 4958 1919 5031 magis-

242 5065 368 5121 que
402 5049 653 5113 reddere
680 5045 1110 5119 allaborarunt,
1145 5045 1300 5117 quod
1347 5043 1544 5101 Oefelii
1587 5050 1645 5100 et
1692 5045 1921 5102 Urstisii

245 5137 325 5193 de
350 5134 633 5193 Bernoldi
664 5132 1177 5207 codicejudicium
1207 5137 1317 5199 est,
1348 5149 1463 5205 quo
1484 5134 1612 5206 ipso
1633 5133 1827 5205 priora
1854 5151 1922 5190 ex

247 5226 328 5283 iis
360 5223 710 5303 apographa
737 5240 773 5280 a
805 5221 1234 5298 posterioribus
1261 5226 1319 5277 et
1338 5223 1465 5294 ipso
1488 5222 1642 5279 fonte
1657 5223 1781 5295 jam
1803 5239 1923 5279 cor-

250 5320 417 5373 recte
446 5314 786 5388 discrepare
816 5312 1185 5378 debuerunt;
1238 5310 1452 5382 partim
1501 5312 1655 5383 quod
1710 5311 1923 5368 eruditi

251 5403 355 5479 qui
387 5403 688 5461 chronicis
717 5401 815 5460 his
840 5399 1265 5468 utebantur,sd
1293 5398 1596 5472 proprium
1630 5417 1808 5457 usum
1835 5401 1923 5459 vel

251 5492 506 5552 aliorum
532 5492 805 5551 notitiam
830 5489 1004 5565 plura
1024 5488 1144 5571 illis
1171 5487 1493 5558 adjecerint
1522 5493 1625 5545 aut
1650 5488 1923 5547 immuta-

257 5582 397 5657 rint‘;
434 5584 592 5661 quod
629 5580 969 5655 Basnagiue
997 5579 1060 5637 in
1090 5575 1431 5653 praefatione
1451 5578 1523 5636 ad
1545 5594 1721 5636 suum
1750 5578 1922 5637 Cani-

564 5715 846 5781 ΡΑτιοι.
893 5703 1159 5775 CXLIII.

3318 5708 3359 5801 8

2030 4957 2129 5028 qui
2162 4956 2334 5028 plura
2370 4957 2495 5026 jam
2530 4972 2664 5013 eum
2714 4960 2770 5013 in
2816 4959 2992 5015 linem
3042 4959 3308 5013 subsidia
3350 4959 3672 5027 paraverat.

2029 5050 2170 5099 Cum
2201 5051 2395 5100 autem
2429 5062 2462 5100 a
2493 5046 2761 5117 pluribus
2798 5048 2919 5118 jam
2951 5045 3122 5102 annis
3149 5047 3208 5101 in
3242 5062 3309 5101 eo
3339 5046 3494 5100 esset
3534 5042 3672 5117 cels.

2036 5134 2322 5189 Martinus
2371 5133 2706 5202 Gerbertus,
2740 5135 2798 5190 Β.
2833 5134 3011 5190 Blasii
3055 5134 3326 5206 princeps
3371 5131 3575 5201 abbas,
3608 5132 3677 5186 ut

2032 5221 2294 5278 excussis
2324 5222 2587 5293 undique
2617 5223 2850 5278 scriniis
2880 5222 3181 5279 litterariis
3212 5238 3361 5278 nova
3406 5218 3679 5278 Bernoldi

2032 5312 2349 5377 nostri,seu
2376 5309 2673 5365 Bertholdi
2720 5310 2893 5383 vulgo
2940 5311 3411 5368 Constantiensis
3439 5311 3678 5384 presby-

2032 5400 2076 5455 ri
2105 5400 2381 5473 Operum,
2414 5401 2471 5453 et
2500 5398 2752 5453 maxime
2783 5397 3055 5454 Chronici
3087 5399 3249 5456 illius
3288 5399 3464 5456 editio
3508 5401 3677 5457 adora

2031 5493 2291 5555 naretur,
2324 5486 2500 5542 etiam
2531 5486 2931 5544 Hermannum
2964 5488 3360 5547 continuatori
3390 5508 3498 5548 suo
3527 5504 3676 5564 prm-

2034 5577 2387 5637 mittendum
2417 5576 2588 5636 nobis
2617 5577 2905 5637 concessit
2930 5578 3087 5635 idem
3109 5577 3584 5638 humanissimus
3614 5576 3678 5636 P.
