4026 6228
261 329 268 332 ’
340 363 418 425 43
1110 359 1597 426 HERMANNUS
1641 354 2154 420 conraac'ws
2199 356 2549 418 nomen.
2595 353 2963 424 AUGIENS.
3661 356 3742 415 44

341 495 668 561 Mauritius,
700 493 831 551 aliis
861 493 1097 566 insuper
1136 493 1436 548 laboribus
1485 493 1557 547 ab
1607 491 1704 546 illo
1757 491 1982 546 edendo
2014 497 2060 558 Α
2094 491 2348 562 gniores,
2381 494 2589 562 praeter
2617 489 2889 563 superius
2914 493 3163 557 notatas,
3188 505 3292 562 pro
3323 487 3532 544 notitia
3562 487 3745 544 histo-

340 583 610 641 nonnihil
640 583 1361 656 praepeditus.0pportune
1394 582 1445 635 id
1482 581 1717 652 quidem
1752 580 1981 645 accidit,

340 677 406 728 ut
436 670 614 728 simul
645 678 702 728 et
731 673 1100 728 Hermannus
1124 687 1192 726 ex
1214 670 1408 725 codice
1429 669 1841 741 Augiensi,ceu
1874 669 1984 740 pri-

341 778 521 818 maevo
553 759 722 833 quasi
752 759 1072 815 nativitatis
1102 777 1218 816 suae
1249 757 1466 825 solo,ac
1491 758 1813 813 Bernoldus
1835 759 1986 827 ejus-

341 849 474 906 dem
492 849 838 922 epitomator
855 865 919 904 ac
935 849 1308 904 continuator
1329 863 1397 903 ex
1421 847 1433 900 i
1444 847 1606 919 psius
1620 845 1984 917 autographo

341 937 675 994 Monacensi
701 938 890 992 amico
916 937 1170 1009 quodam
1202 953 1352 992 nexu
1388 935 1682 1006 conjuncti
1714 935 1772 989 in
1795 934 1984 989 lucem

338 1027 530 1082 denuo
563 1026 792 1098 prodire
823 1029 1083 1098 possent.
1118 1025 1196 1080 De
1227 1041 1341 1096 quo
1374 1023 1584 1079 ultimo
1634 1040 1768 1077 cum
1801 1022 1858 1076 in
1887 1039 1984 1077 su-

337 1113 666 1187 perioribus
693 1113 864 1186 plura
883 1115 1008 1185 jam
1040 1112 1574 1177 dixerimus,restat
1600 1116 1663 1165 ut
1693 1111 1763 1165 de
1807 1110 1984 1182 priori

338 1202 622 1260 nonnulla
651 1202 745 1257 hic
775 1203 1162 1266 disseramus,
1193 1205 1476 1271 quantum
1529 1199 1766 1271 quidem
1799 1215 1868 1253 ex
1899 1198 1984 1253 di-

335 1290 541 1365 ligenti
562 1291 827 1361 ejusdem
859 1288 1309 1361 perlustratione
1338 1287 1768 1360 deprehendere
1798 1287 1980 1341 licuit.

408 1381 511 1435 Est
538 1395 672 1435 vero
693 1378 787 1433 hic
810 1377 935 1449 ipse
960 1377 1272 1450 Augiensis
1293 1377 1472 1432 codex
1503 1376 1985 1431 membranaceus

340 1469 400 1524 in
427 1466 656 1531 folio,ut
682 1471 908 1534 vocant,
941 1466 1186 1530 minore,
1227 1464 1411 1519 nitido
1446 1469 1502 1519 et
1556 1463 1804 1536 eleganti
1849 1465 1983 1518 cha-

340 1554 563 1613 ractere
593 1555 988 1627 exaratus,qui
1012 1555 1250 1610 omnino
1283 1554 1558 1610 saeculum
1590 1572 1646 1608 XI
1678 1558 1733 1608 et
1755 1558 1983 1609 aetatem

341 1644 660 1702 Hermanni
719 1645 912 1700 refert.
971 1643 1136 1698 Hunc
1193 1643 1430 1714 quidem
1481 1646 1621 1697 sunt
1665 1642 1765 1714 qui
1805 1660 1984 1698 manu

340 1735 530 1808 ipsius
563 1733 876 1788 Hermanni
909 1732 1190 1804 scriptum
1223 1731 1593 1798 existiment;
1621 1732 1865 1785 dubium
1899 1740 1982 1786 ta-

2097 580 2214 635 rica
2246 580 2337 634 hic
2370 580 2682 651 separatim
2711 578 2961 649 adjicere
2989 578 3182 634 visum
3205 581 3313 634 est.

2165 671 2407 734 An.838,
2431 668 2615 724 erasis
2647 687 2773 740 quae
2797 669 3073 740 primaeva
3105 684 3284 722 manu
3309 666 3526 737 scripta
3554 669 3744 732 erant,

2095 756 2209 811 alia
2241 774 2370 812 sese.
2403 775 2496 812 xw
2529 756 2834 812 substituit
2884 773 2897 810 ε
2950 757 3180 812 Sanctus
3211 755 3560 826 Meginradus
3598 757 3747 810 venit

2095 846 2163 900 ad
2202 847 2382 902 locum
2413 847 2760 915 Augiensem.

2168 935 2500 1001 An.861,ad
2532 935 2802 990 eumdem
2834 933 3240 1007 Meginradum
3274 935 3332 989 in
3366 934 3632 1007 margine
3655 949 3744 989 re-

2096 1024 2324 1079 centius
2358 1027 2636 1079 notatur:
2671 1023 2898 1079 Sanctus
2946 1023 3288 1094 Meginradus
3332 1033 3598 1095 patronus
3644 1039 3743 1079 no-

2093 1115 2222 1178 ster,
2254 1128 2426 1167 comes
2452 1112 2516 1166 de
2543 1111 2772 1182 Sutgen,
2803 1111 2954 1181 ﬁlius
2980 1112 3194 1166 comitis
3223 1111 3287 1167 de
3315 1112 3542 1181 Sulgen.

2166 1220 2270 1272 An.
2305 1219 2427 1283 871,
2463 1221 2595 1289 post
2639 1219 2901 1273 Salomon
2927 1218 3207 1288 episcopus
3248 1219 3407 1283 obiit,
3457 1218 3529 1273 ad
3575 1234 3739 1273 oram

2096 1306 2378 1378 marginis
2427 1323 2556 1362 saec.
2610 1324 2705 1363 xw
2747 1305 3028 1361 additur:
3074 1305 3176 1360 Cui
3216 1308 3419 1362 Pateon
3464 1308 3737 1375 successit,

2092 1397 2320 1466 praefuit
2349 1398 2511 1450 annis
2542 1413 2635 1461 III;
2672 1396 2742 1450 de
2773 1412 2888 1467 quo
2913 1395 3116 1450 eodem
3148 1395 3322 1449 modo
3344 1395 3414 1449 ad
3443 1397 3650 1450 an.875
3679 1395 3737 1449 in

2096 1482 2356 1556 margine
2399 1484 2670 1539 inferiore
2721 1500 2733 1538 :
2787 1483 3120 1539 Constantiae
3174 1483 3403 1538 Patecho
3459 1486 3739 1555 episcopus

2092 1574 2226 1628 obiit
2255 1590 2400 1626 anno
2425 1575 2532 1627 875
2558 1589 2656 1643 pro
2685 1589 2789 1644 quo
2817 1572 3160 1628 Gebehardus
3189 1575 3354 1628 annis
3405 1590 3440 1628 x
3483 1575 3736 1644 prae/uit.

2165 1663 2270 1715 An.
2302 1662 2426 1720 911.
2463 1666 2593 1732 post
2621 1661 2879 1716 ducatum
2903 1663 3124 1728 invasit,
3156 1677 3360 1718 recens
3402 1678 3531 1718 saec.
3562 1679 3636 1718 xv
3678 1660 3738 1716 in

2096 1750 2358 1821 margine
2409 1750 2684 1805 additur:
2724 1749 2996 1805 Burckaril
3027 1752 3145 1822 ipse
3169 1753 3279 1822 [uit
3306 1766 3481 1807 comes
3527 1750 3598 1806 de
3641 1753 3734 1808 νε-

343 1840 475 1878 men
500 1823 571 1878 de
592 1840 657 1878 eo
679 1823 834 1876 haud
858 1821 977 1876 leve
1001 1825 1234 1875 movent
1256 1821 1546 1892 imprimis
1571 1819 1754 1874 multa
1777 1819 1982 1874 calami
2018 1855 2062 1919 Β
2091 1819 2324 1909 Mur/2.".

341 1910 694 1984 sphalmata,
727 1915 782 1964 et
814 1909 1228 1981 orthographia
1275 1909 1492 1980 passim
1548 1907 1825 1980 neglecta,
1858 1914 1982 1962 tum

343 2001 546 2056 eadem
580 1999 818 2054 nomina
849 1999 1084 2071 propria
1113 1997 1225 2052 alio
1257 2006 1428 2068 atque
1474 1997 1586 2052 alio
1631 1997 1801 2051 modo
1834 2014 1984 2068 saepe

341 2105 635 2162 expressa,
669 2104 734 2143 ac
764 2087 848 2143 vel
879 2087 1130 2142 maxime
1158 2103 1325 2140 voces
1357 2088 1548 2158 inepte
1579 2087 1793 2156 saepius
1843 2103 1983 2139 con-

333 2179 551 2250 junctae
584 2181 686 2252 aut
717 2175 912 2231 divisse
948 2191 960 2230 :
996 2192 1124 2247 quea
1155 2175 1352 2230 omnia
1382 2193 1412 2229 e
1446 2175 1626 2246 perito
1669 2174 1984 2229 Hermanni

340 2266 564 2322 calamo
612 2265 852 2320 ﬂuxisse
884 2281 1033 2336 aegre
1063 2263 1197 2335 quis
1244 2263 1354 2318 sibi
1407 2264 1772 2333 persuadeat.
1806 2263 1985 2318 Nobis

341 2357 494 2411 certe
522 2354 581 2408 id
607 2353 925 2409 admodum
955 2350 1285 2407 verosimile
1314 2351 1828 2418 videtur,codicem
1861 2352 1988 2422 qui-

343 2444 477 2500 dem
508 2442 628 2498 sive
658 2459 727 2496 ex
756 2440 990 2496 schedis
1013 2440 1134 2495 sive
1150 2457 1218 2495 ex
1237 2440 1360 2511 ipso
1384 2440 1696 2494 Hermanni
1723 2445 1988 2512 autogra-

343 2531 483 2604 pho,
507 2529 558 2586 si
588 2545 848 2602 unquam
881 2527 1312 2596 exstitit,fuisse
1343 2528 1808 2599 desumptum;id
1830 2529 1986 2584 enim

346 2619 492 2676 satis
509 2619 765 2675 inununt
783 2617 1029 2685 illazEgo
1061 2617 1428 2671 Herimannus
1449 2624 1610 2671 natus
1627 2633 1770 2683 sum,
1785 2620 1840 2672 et
1862 2634 1987 2688 quas

347 2707 464 2764 alia
492 2709 563 2763 de
594 2706 788 2779 eeipso
820 2709 1019 2760 narrat
1053 2721 1066 2759 :
1102 2721 1217 2760 non
1248 2707 1442 2760 tamen
1494 2721 1562 2759 ex
1607 2704 1758 2772 visu,
1791 2705 1890 2760 sed
1925 2721 1991 2760 ex

347 2796 555 2853 auditu
585 2793 1232 2867 descriptum,dictante
1261 2792 1482 2848 scilicet
1514 2792 1648 2858 alio,
1683 2810 1785 2865 pro
1831 2810 1990 2848 more

346 2886 408 2943 in
439 2884 720 2942 cmnobiis
744 2889 883 2940 tunc
915 2887 1165 2954 recepto,
1190 2886 1277 2950 ut,
1303 2882 1376 2938 ob
1403 2883 1669 2937 codicum
1692 2882 1990 2938 raritatem

347 2979 406 3031 et
435 2973 1200 3040 monachorum,numerum
1232 2988 1386 3026 unus
1417 2971 1690 3026 dictando
1739 2970 1989 3042 praziret,

349 3064 666 3137 pluresque
695 3077 1082 3118 amanuenses
1113 3059 1285 3132 plura
1314 3058 1489 3114 simul
1521 3059 1628 3114 hoc
1657 3061 1828 3115 modo
1860 3076 1994 3132 apu-

350 3153 576 3226 grapha
603 3151 971 3208 conﬁcerent.
1005 3149 1269 3220 Cumque
1299 3148 1451 3202 inter
1479 3153 1564 3202 tot
1593 3148 1815 3204 scribas
1848 3165 1990 3204 non-

353 3222 500 3299 nulli
531 3240 920 3313 imperitiores
948 3238 1106 3294 haud
1134 3237 1309 3293 dubie
1335 3239 1998 3306 numerarentur,multa
2027 3222 2070 3288 C

353 3332 426 3388 ab
442 3329 561 3388 illis
582 3329 733 3386 male
757 3327 1049 3384 intellecta
1077 3342 1381 3399 perperam
1404 3344 1634 3398 quoque
1656 3327 1843 3384 notari
1869 3345 1998 3399 pro-

354 3436 499 3478 num
530 3419 659 3476 fuit.
693 3417 856 3475 Unde
883 3417 1058 3473 etiam
1089 3415 1374 3487 originem
1406 3417 1715 3486 petendam
1747 3434 1874 3473 esse
1895 3419 1995 3490 ju-

358 3509 628 3566 dicamus
655 3510 743 3563 tot
765 3507 1108 3562 mendorum
1131 3521 1262 3575 quae
1283 3505 1636 3576 scriptorum
1660 3505 1890 3562 illorum
1913 3508 1998 3563 in-

357 3597 520 3656 curia
547 3601 652 3654 aut
679 3595 973 3668 imperitia
992 3595 1219 3650 codices
1243 3593 1496 3665 primum
1525 3610 1588 3649 ac
1614 3595 1852 3651 demum
1883 3598 2000 3652 edi-

354 3687 544 3744 tiones
574 3701 806 3758 quoque
856 3683 1352 3748 contaminarunt,
1386 3699 1520 3738 cum
1569 3689 1780 3740 cuncta
1810 3685 1868 3740 in
1902 3703 1996 3742 co-

354 3775 584 3833 dicibus
613 3777 886 3831 contenta
908 3772 1174 3845 religiose
1205 3771 1318 3828 sibi
1350 3772 1653 3830 retinenda
1679 3789 1807 3830 esse
1827 3775 2000 3832 duxe-

353 3865 476 3921 rint
505 3880 708 3920 eorum
729 3863 999 3919 editores.

420 3954 658 4011 Accedit
685 3953 744 4008 in
777 3953 1108 4009 Hermanno
1139 3950 1253 4007 alia
1285 3951 1450 4017 ratio,
1486 3951 1640 4007 haud
1673 3953 1814 4009 satis
1841 3954 1995 4010 inte-

352 4043 463 4100 rim
504 4044 827 4100 observata.
859 4042 1009 4098 Dum
1055 4040 1213 4096 enim
1266 4040 1617 4095 Bertholdus
1675 4044 1993 4098 Hermanni

350 4131 678 4205 discipulus
708 4131 768 4186 in
798 4132 926 4202 ejus
955 4131 1089 4186 Vita
1123 4146 1278 4184 HUNC
1320 4129 1572 4184 libellum
1604 4130 1995 4187 Chronicorum

349 4221 684 4294 amagistro
717 4238 822 4277 suo
856 4220 1116 4290 undique
1145 4217 1452 4272 collectum
1484 4219 1658 4283 dicat,
1693 4219 1742 4274 is
1772 4220 1895 4289 ipse
1925 4237 1993 4275 ex

348 4313 478 4384 ejus
507 4310 746 4376 tabulis,
769 4325 884 4364 non
904 4312 1101 4363 autem
1133 4307 1503 4362 Hermannus
1537 4305 1701 4361 illum
1737 4295 1989 4362 conscri-

347 4401 540 4474 psisse
567 4397 1020 4467 videtur.Neque
1046 4395 1378 4450 Hermanno
1406 4397 1704 4464 tantopere
1726 4400 1988 4451 contrac-

345 4495 426 4557 ta,
459 4494 525 4544 ut
551 4491 649 4544 vix
675 4486 866 4558 digitis
885 4483 1074 4540 itidem
1102 4483 1382 4537 dissolutis
1414 4481 1542 4536 novi
1566 4481 1786 4554 aliquid
1810 4484 1990 4557 scrip-

344 4578 518 4650 titare
549 4580 766 4649 posset,
799 4573 1036 4644 elegans
1065 4571 1208 4626 adeo
1241 4569 1457 4625 codicis
1487 4568 1657 4625 istius
1689 4571 1988 4629 character

343 4663 524 4721 tribui
557 4668 775 4736 potest;
806 4661 962 4716 unde
985 4660 1054 4714 de
1083 4657 1392 4713 existentia
1427 4657 1675 4728 alicujus
1706 4659 1986 4716 Herman-

345 4753 404 4809 ni
435 4751 806 4825 autographi,
837 4753 1070 4820 excepto
1100 4747 1203 4802 illo
1235 4764 1268 4802 a
1298 4745 1587 4817 discipulo
1617 4750 1986 4819 exarato,du-

343 4843 531 4901 bitare
561 4841 694 4915 quis
725 4837 935 4895 merito
965 4837 1171 4910 possit.

409 4931 784 4990 XIX.Przeter
812 4926 1068 4984 indicata
1097 4942 1228 4980 vero
1258 4924 1532 4996 superius
1562 4926 1776 4982 codicis
1808 4927 1984 4998 hujus

339 5023 572 5091 menda,
605 5014 1154 5091 interpolationibus
1184 5029 1416 5085 quoque
1456 5013 1695 5069 minime
1743 5022 1986 5083 caret,.a

340 5090 587 5169 diversis
633 5090 861 5165 diverso
905 5108 1167 5175 tempore
1214 5106 1272 5157 et
1319 5101 1462 5157 locis
1517 5101 1773 5172 insertis,
1809 5105 1982 5177 idque

337 5200 556 5273 partim
587 5199 646 5254 in
679 5193 1070 5268 marginibus,
1100 5192 1312 5265 partim
1343 5190 1400 5245 in
1434 5190 1662 5262 spatiis,
1705 5208 1830 5263 qua}
1863 5195 1981 5251 sive

338 5289 410 5345 ad
443 5303 629 5345 annos
661 5286 810 5340 facto
841 5282 1035 5354 aliquo
1067 5282 1223 5338 haud
1257 5284 1503 5347 notatos,
1537 5284 1636 5334 aut
1682 5281 1834 5337 inter
1871 5300 1978 5338 an-

337 5394 481 5434 num
525 5379 583 5432 et
611 5390 833 5430 annum
882 5373 1131 5428 duarum
1178 5370 1526 5444 plerumque
1572 5372 1673 5424 aut
1720 5367 1978 5440 plurium

332 5466 624 5526 linearum
648 5479 831 5519 vacua
848 5461 1316 5533 relinquuntur,a
1336 5459 1561 5513 diversa
1582 5461 1776 5512 tamen
1801 5476 1979 5515 manu

335 5571 438 5614 seu
470 5554 802 5610 charactere
843 5549 1008 5607 facile
1053 5546 1495 5622 cognoscendis.
1529 5545 1645 5601 Has
1675 5563 1806 5602 vero
1838 5549 1979 5604 dum

335 5646 408 5720 ab
435 5641 711 5704 editionis
743 5645 953 5699 nostris
981 5642 1249 5697 contextu
1282 5637 1489 5695 abesse
1521 5634 1811 5704 volumus,
1839 5637 1979 5694 insi-

2168 1927 2297 1980 Post
2325 1926 2811 1989 an.92-’a,inl‘erius
2834 1927 3100 1997 quaedam
3135 1926 3476 1982 inseruntur
3491 1928 3563 1982 de
3587 1944 3740 1983 cam-

2096 2015 2263 2086 panis
2295 2033 2388 2068 an.
2425 2016 2560 2068 13113
2591 2015 2788 2088 Augiaa
2821 2015 2998 2082 tusis;
3033 2032 3316 2086 quorsum
3367 2017 3512 2071 adeo
3558 2017 3740 2072 codex

2096 2103 2202 2157 iste
2234 2121 2296 2156 ex
2332 2103 2573 2157 Fabaria
2601 2119 2866 2158 reversus
2896 2107 3022 2158 tum
3054 2108 3196 2159 erat.

2167 2197 2272 2244 An.
2307 2191 2432 2256 934,
2467 2191 2534 2244 ad
2573 2191 2949 2260 Eberlmrdus,
2997 2195 3130 2259 etc.,
3182 2193 3239 2246 in
3292 2192 3554 2265 margine
3605 2209 3736 2249 sese.

2093 2296 2185 2333 x1v
2227 2283 2442 2334 sanctus
2493 2279 2837 2334 Eberhardus
2880 2284 3046 2334 Pater
3091 2289 3303 2343 noster;
3336 2282 3491 2354 quod
3525 2281 3740 2338 indicio

2095 2371 2183 2422 est
2213 2367 2434 2439 reliqua
2464 2368 2521 2422 in
2554 2373 2712 2422 textu
2745 2385 2860 2423 non
2891 2385 3020 2424 esse
3051 2369 3416 2441 interpolata.

2165 2476 2270 2529 An.
2302 2476 2428 2540 941,
2459 2475 2516 2528 in
2550 2491 2729 2529 vacuo
2784 2475 2920 2530 anni
2971 2474 3144 2530 istius
3192 2473 3354 2530 hiatu
3386 2475 3508 2530 haec
3549 2476 3740 2547 quoad

2098 2568 2331 2635 tempus
2362 2563 2508 2618 falsa
2540 2567 2841 2634 ponuntur
2873 2581 2886 2618 :
2918 2565 3053 2620 Nota
3097 2565 3237 2634 quod
3283 2563 3403 2618 dux:
3450 2565 3744 2636 Lutpoldus

2095 2655 2332 2707 Austriae
2359 2653 2565 2706 occisus
2593 2654 2703 2722 fuit
2728 2668 2853 2706 cum
2879 2653 3070 2708 multis
3091 2653 3362 2708 militibus
3385 2670 3530 2708 anno
3562 2654 3629 2708 ab
3661 2656 3745 2708 in-

2096 2743 2420 2795 cammlicne
2493 2741 2714 2795 Domini
2786 2740 3001 2812 [MGGC]
3061 2741 3286 2811 LXXXV,
3361 2751 3550 2813 quarto
3620 2743 3741 2798 Kal.

2096 2830 2272 2895 Junii,
2323 2837 2373 2883 et
2418 2832 2664 2899 fecerunt
2694 2830 2939 2884 civitates
2983 2830 3276 2896 silvestres,
3321 2847 3442 2902 quae
3487 2832 3749 2886 dicuntur

2103 2917 2342 2971 Walslct
2393 2933 2406 2971 :
2454 2922 2640 2988 postea
2687 2933 2832 2972 anno
2878 2918 3162 2974 LXXXVIII
3186 2920 3382 2976 multae
3418 2927 3603 2988 gentes
3645 2935 3741 2974 vo-

2101 3005 2281 3060 lcbant
2331 3006 2664 3060 destruxisse
2723 3007 2879 3061 illam
2926 3008 3291 3078 provinciam,
3351 3023 3475 3080 qua
3538 3008 3747 3063 dicitur

2103 3094 2316 3160 Glarus,
2347 3097 2394 3149 et
2429 3097 2687 3149 venerunt
2729 3111 2828 3166 per
2872 3103 3104 3166 portus;
3131 3101 3314 3167 postea
3347 3097 3437 3151 illi
3466 3097 3748 3153 Glarenses

2103 3191 2366 3239 venerunt
2421 3199 2545 3238 cum
2593 3185 2864 3252 octoginta
2923 3186 3080 3253 viris,
3140 3193 3194 3240 et
3249 3187 3556 3241 occiserunt
3613 3186 3748 3242 bene

2103 3275 2380 3339 trecentos,
2412 3275 2506 3342 qui
2534 3273 2768 3344 turpiter
2795 3271 3058 3328 dederunt
3087 3275 3296 3344 fugam.
3330 3274 3457 3329 Haec
3505 3283 3622 3330 nun
3662 3273 3744 3330 le-

2103 3365 2324 3434 guntur
2351 3362 2410 3414 in
2442 3359 2816 3428 Einsidlensi,
2849 3361 2996 3416 bene
3024 3375 3158 3418 vero
3187 3362 3462 3434 primaeva
3482 3379 3659 3419 manu
3685 3363 3745 3418 in

2101 3451 2460 3521 Augustano.
2493 3443 2638 3515 Quis
2659 3454 2853 3505 autem
2885 3450 3030 3506 ferat
3058 3468 3093 3506 a
3127 3451 3359 3507 Canisio
3389 3468 3508 3507 suae
3537 3452 3743 3509 editio-

2105 3539 2162 3593 ni
2195 3538 2288 3592 ad.
2320 3539 2419 3592 941
2456 3538 2637 3594 fuisse
2664 3538 2921 3594 inserta?

2175 3649 2282 3700 An.
2323 3645 2430 3699 945
2476 3661 2607 3700 saec.
2657 3659 2760 3699 xm
2807 3644 2893 3700 vel
2947 3662 3041 3700 xxv
3088 3645 3322 3702 additur
3357 3663 3370 3703 :
3401 3647 3750 3704 Thietlandus

2104 3735 2268 3790 Pater
2315 3735 2462 3788 venit
2509 3733 2801 3804 (Canisius
2849 3733 3062 3790 misere
3115 3729 3428 3790 Tietla'ndus
3484 3737 3749 3805 Patuen.)

2102 3825 2315 3896 primus
2356 3821 2522 3877 abbas
2568 3823 2732 3889 huius
2779 3823 2918 3884 loci;
2947 3827 3005 3878 et
3034 3822 3091 3878 in
3127 3823 3386 3895 margine
3421 3841 3432 3879 :
3471 3824 3748 3880 Tiethlan-

2104 3913 2205 3967 dus
2236 3911 2400 3966 abbas
2430 3913 2757 3967 monasterii
2786 3913 3210 3979 IIeremitarum,
3229 3915 3326 3983 qui
3352 3914 3483 3982 fecit
3509 3914 3747 3984 glossam

2101 4018 2263 4072 super
2292 4001 2558 4072 Epistolas
2587 4002 2764 4055 sancti
2790 4001 2972 4056 Pauli.
3009 4001 3173 4065 Quod
3227 4000 3496 4057 Canisius
3537 4002 3609 4057 ad
3651 4019 3748 4058 an.

2099 4091 2206 4144 947
2234 4090 2294 4144 in
2326 4105 2433 4143 sua
2463 4089 2714 4144 editione
2736 4089 3023 4157 habet,uti
3041 4095 3096 4144 et
3117 4089 3216 4145 illa
3236 4105 3362 4161 qure
3384 4089 3443 4144 in
3467 4091 3751 4162 Augiensi

2101 4194 2196 4232 an.
2227 4179 2332 4231 947
2363 4177 2422 4230 in
2456 4176 2726 4232 inferiore
2759 4177 2878 4233 folii
2906 4181 3069 4249 parte
3099 4182 3396 4246 notantur,
3431 4182 3488 4234 et
3519 4195 3590 4234 ne
3617 4180 3746 4251 qui-

2099 4267 2232 4321 dem
2266 4266 2321 4320 in
2348 4264 2701 4320 Einsidlensi
2733 4266 2929 4322 codice
2960 4266 3331 4338 reperiuntur
3364 4283 3376 4321 :
3420 4268 3555 4323 Nota
3597 4283 3746 4323 anno

2096 4356 2164 4410 ab
2196 4356 2574 4409 incarnatione
2603 4355 2826 4425 Domini
2873 4355 3012 4409 1390
3057 4356 3318 4426 proxima
3362 4359 3561 4428 quarta
3597 4358 3746 4427 feria

2091 4446 2210 4516 post
2239 4443 2589 4499 Nativitatem
2619 4443 2839 4498 Domini
2865 4444 3092 4513 fuerunt
3125 4445 3356 4515 fulgura
3401 4448 3455 4500 et
3500 4445 3746 4501 tonitrua

2094 4535 2240 4588 circa
2267 4531 2506 4586 mediam
2533 4535 2775 4592 noctem;
2805 4531 2906 4586 ubi
2936 4531 3177 4604 insuper
3225 4531 3376 4588 male
3421 4531 3565 4606 legit
3601 4536 3741 4589 tetra

2096 4639 2199 4694 pru
2228 4622 2395 4675 circa.
2431 4619 2612 4674 Prohl
2656 4618 2890 4691 qualem
2937 4620 3253 4677 Hermanni
3304 4621 3607 4690 editorem,
3641 4621 3745 4694 qui

2094 4708 2236 4765 talia
2255 4709 2382 4780 ejus
2404 4707 2688 4763 Chronico
2714 4709 3049 4781 inspergere
3073 4711 3285 4766 audeat
3307 4709 3318 4764 l
3354 4709 3466 4766 Sed
3491 4711 3742 4768 necdum

2096 4798 2252 4854 ﬁnis.

2164 4890 2270 4943 An.
2303 4887 2428 4955 949,
2464 4902 2641 4941 manu
2674 4903 2802 4941 saec.
2834 4903 2938 4941 xm
2967 4886 3057 4942 vel
3103 4903 3250 4959 seq.,
3283 4887 3572 4960 Gregorius
3611 4906 3745 4944 san-

2091 4987 2206 5033 ctus
2233 4979 2400 5031 Pater
2426 4992 2490 5030 ac
2517 4975 2900 5033 nobilissimus
2928 4977 3093 5041 venit,
3129 4977 3200 5031 ad
3232 4976 3530 5034 Einsidlen
3582 4977 3746 5033 scili-

2093 5072 2201 5122 cet.
2235 5065 2341 5120 Ubi
2372 5064 2640 5118 Canisius
2674 5081 2879 5120 rursus
2904 5064 2992 5119 vel
3026 5070 3227 5120 contra
3257 5066 3477 5138 proprii
3527 5067 3744 5123 codicis

2090 5153 2417 5226 Augustani
2449 5153 2622 5207 fidem
2654 5152 2831 5208 habet
2863 5169 2876 5209 :
2911 5152 3201 5225 Gregorius
3225 5155 3276 5210 11
3306 5156 3488 5211 Pater.

2157 5263 2263 5315 An.
2295 5260 2420 5326 950,
2473 5259 2676 5314 eadem
2734 5258 2926 5330 priore
2973 5277 3175 5330 manu,
3219 5263 3450 5334 Vigilius
3506 5265 3746 5335 scriptor

2087 5351 2243 5416 obiit,
2276 5347 2432 5420 quod
2463 5346 2522 5402 in
2554 5345 2796 5418 reliquis
2827 5348 3130 5406 codicibus
3160 5349 3331 5423 plane
3360 5352 3543 5408 deest.

2157 5458 2264 5510 An.
2297 5453 2424 5519 955,
2458 5453 2528 5509 ad
2563 5453 2957 5524 Reginbaldum
2986 5455 3046 5510 in
3078 5456 3341 5530 margine
3374 5473 3504 5512 suae.
3536 5474 3612 5514 xv
3641 5475 3746 5515 no-

2087 5547 2246 5600 tatur
2274 5541 2339 5596 de
2365 5541 2726 5613 Helfenstein.

2159 5634 2266 5690 An.
2293 5630 2420 5700 960,
2451 5645 2520 5689 ex
2549 5645 2680 5688 saec.
2714 5646 2840 5691 xm.
2873 5631 3034 5706 circ.,
3068 5633 3358 5714 Gregorius
3400 5634 3567 5693 abbas
3614 5637 3744 5714 effi-
