4026 6228
335 370 411 428 47
1111 366 1597 437 HERMANNUS
1642 362 2159 427 CONTItACTUS
2206 364 2553 427 MONACH.
2600 361 2966 436 AUGIENS.
3667 362 3747 430 te

338 501 429 556 nis
460 501 531 558 ab
562 502 716 557 edito
748 499 974 557 Urstisii
1021 499 1284 554 nonnihil
1316 500 1623 570 discrepat.
1662 498 1981 568 Utrumque
2009 497 2065 563 Α
2165 497 2354 553 XXIII.
2392 498 2449 552 Id
2482 514 2614 554 vero
2670 499 2921 570 speciale
2975 497 3151 555 habet
3179 496 3358 555 codex
3406 496 3747 570 Augiensisv

336 589 519 661 igitur
546 589 836 645 edendum
881 587 1240 653 censuimus,
1270 587 1432 641 dubii
1465 592 1596 641 utra
1622 586 1879 655 genuina
1910 585 1985 641 sit

339 677 655 734 Hermanni
686 678 885 744 lectio;
914 676 1165 731 maxime
1196 691 1328 730 cum
1361 680 1487 745 post
1517 692 1611 730 an.
1640 676 1777 729 1052
1807 674 1983 729 tinem

338 766 552 822 habeat
606 768 721 823 San
778 764 1137 836 Georgianus
1193 764 1424 820 Urstisii
1482 764 1681 830 codex,
1731 778 1984 834 quocum

339 856 515 910 etiam
554 859 693 910 tunc
739 853 1021 909 Bernoldo
1054 851 1229 908 ﬁnem
1276 851 1660 923 imponimus,
1694 850 1861 907 illum
1913 850 1985 907 ab

340 960 493 1000 anno
522 943 660 998 1053
689 941 747 995 in
779 945 920 996 tom.
956 940 1001 995 Il
1038 941 1425 1012 prosecuturi.

412 1058 552 1113 XXI.
581 1059 779 1127 Neque
822 1074 954 1112 vero
985 1056 1193 1111 exinde
1243 1058 1510 1110 firmatur
1544 1055 1882 1127 Gundlingii
1934 1058 1990 1110 et

344 1148 529 1204 Vossii
560 1148 657 1220 (De
687 1148 813 1202 hist.
839 1147 936 1200 lat.
960 1145 1000 1201 1.
1026 1162 1089 1216 ll,
1112 1162 1160 1200 c.
1186 1146 1275 1213 liii,
1299 1146 1329 1217 ξ
1356 1146 1436 1216 10)
1461 1146 1815 1215 conjectura.
1848 1145 1986 1199 Iler-

343 1254 626 1293 mannum
650 1248 825 1291 suum
848 1234 1177 1290 Chronicon
1195 1235 1475 1289 duntaxat
1495 1234 1566 1288 ad
1592 1251 1683 1289 an.
1712 1236 1843 1288 I053
1867 1251 1989 1306 per-
2032 1268 2060 1296 ,

342 1327 604 1390 duxisse,
627 1341 694 1380 eo
726 1325 880 1395 quod
906 1323 1252 1378 Bertholdus
1277 1322 1737 1377 Constantiensis
1759 1324 1885 1393 jam‘
1917 1323 1991 1376 ab

344 1414 445 1469 illo
466 1431 620 1468 anno
643 1414 1141 1468 continuationem
1166 1429 1332 1465 suam
1361 1412 1527 1465 fuerit
1550 1429 1808 1465 exorsus.
1836 1411 1994 1465 Facit

348 1504 403 1556 id
438 1502 677 1573 quidem
711 1501 995 1556 Urstisius
1036 1502 1091 1555 in
1139 1518 1246 1555 sua
1288 1501 1567 1566 editione;
1615 1505 1673 1555 at
1718 1500 1774 1553 in
1826 1504 1989 1553 auto-

347 1592 568 1664 grapho
601 1590 924 1646 Bernoldus
955 1594 1073 1646 tam
1112 1590 1305 1663 priora
1334 1605 1508 1660 quam
1544 1590 1864 1660 posteriora
1896 1587 1992 1642 illo

349 1698 501 1737 anno
538 1682 694 1748 105⁸3,
720 1698 836 1736 una
866 1680 1013 1736 serie
1042 1696 1279 1735 narrare
1300 1678 1506 1752 pergit,
1532 1678 1692 1733 nulla
1726 1678 1874 1733 facta
1894 1676 1995 1731 ali-

351 1770 522 1841 cujus
570 1769 1025 1825 continuationis
1077 1768 1390 1836 mentione,
1423 1783 1551 1838 qua:
1610 1768 1751 1823 adeo
1798 1784 1831 1821 a
1878 1782 1992 1837 quo

349 1875 502 1914 anno
534 1858 867 1930 incipienda
916 1858 1012 1924 sit,
1043 1856 1419 1913 determinari
1469 1855 1604 1911 hinc
1652 1855 1887 1927 nequit;
1921 1856 1992 1910 de
2023 1863 2071 1931 Β

350 1963 466 2019 quo
496 1963 603 2003 suo
632 1944 757 2002 loco
789 1945 977 2019 plura.
1011 1946 1326 2001 Hermanni
1358 1960 1490 2001 vero
1516 1944 1706 2000 adhuc
1735 1960 1864 2000 esse
1889 1960 1992 1999 an-

352 2052 493 2091 num
528 2035 685 2103 1053,
709 2035 834 2107 ipse
860 2035 1052 2107 prodit
1080 2034 1380 2089 scribens:
1414 2034 1789 2089 Werinharius
1817 2037 1996 2104 frater

347 2141 519 2193 meus,
553 2125 707 2195 quod
742 2123 946 2179 saltem
979 2123 1263 2178 Urstisins
1295 2122 1487 2177 habet.

416 2240 730 2295 Enormius
749 2243 945 2295 autem
967 2237 1757 2310 aberravitTrithemius,qui
1772 2237 1992 2309 (Annal.

347 2330 600 2401 Ilirsaug.
628 2333 766 2385 tom.
789 2332 833 2401 Ι)
865 2328 1090 2385 obitum
1134 2328 1450 2383 Hermanni
1475 2329 1601 2398 jam
1634 2327 1706 2383 ad
1737 2345 1833 2383 an.
1864 2328 1997 2382 IOt3

348 2419 676 2490 consignat.
696 2417 1000 2472 Falluntur
1021 2420 1079 2471 et
1101 2416 1182 2470 illi
1206 2416 1305 2488 qui
1330 2416 1441 2471 sibi
1469 2416 1842 2488 persuadent,
1868 2432 1994 2487 qua:

349 2506 407 2561 in
442 2506 539 2561 ίὶιο
582 2505 867 2561 Chronico
897 2504 971 2560 ab
1018 2522 1171 2559 anno
1215 2506 1350 2557 1040
1382 2510 1727 2577 sequuntur,
1760 2505 1833 2561 ab
1883 2504 1996 2560 alio

351 2594 631 2666 scriptore
662 2593 842 2649 fuisse
864 2592 1082 2659 addita,
1108 2597 1305 2665 utpote
1330 2593 1517 2648 fusius
1537 2599 1795 2661 exarata;
1826 2596 1995 2667 quasi

350 2700 482 2739 vero
514 2686 680 2755 gesta
708 2682 956 2753 tempori
978 2699 1093 2753 quo
1117 2681 1407 2737 scribebat
1436 2681 1714 2739 viciniora
1740 2700 1844 2740 ceu
1876 2700 1994 2739 me-

351 2770 466 2827 lius
494 2771 607 2827 sibi
639 2770 871 2843 cognita
902 2770 1207 2843 prolixiore
1239 2788 1470 2842 quoque
1515 2772 1738 2828 calamo
1769 2773 1995 2829 descri-

350 2861 484 2917 bere
506 2860 663 2916 haud
683 2859 958 2931 potuerit.
984 2861 1105 2915 lmo
1126 2859 1284 2916 illius
1306 2861 1583 2932 temporis
1608 2866 1772 2934 gesta
1801 2863 1995 2935 ipsum

352 2949 541 3021 magis
558 2949 901 3022 scriptorem
918 2948 1195 3020 produnt,
1212 2966 1325 3021 quo
1348 2949 1601 3021 primum
1624 2950 1870 3007 clericus
1892 2969 1994 3008 seu

349 3038 675 3097 monachus
706 3039 765 3093 in
794 3037 981 3110 Augia
1009 3039 1195 3093 factus
1222 3043 1311 3094 est
1339 3042 1493 3094 circa
1520 3056 1740 3097 annum
1773 3041 1995 3098 tricesi-

352 3145 517 3183 mum
542 3127 748 3195 zetatis,
766 3130 830 3182 ut
860 3126 1025 3182 testis
1047 3132 1136 3183 est
1156 3126 1297 3182 Vitae
1325 3127 1602 3199 scriptor;
1642 3129 1793 3185 unde
1816 3135 1873 3186 et
1892 3131 1995 3186 ad-

2094 587 2246 656 quod
2282 586 2431 640 facta
2462 603 2587 657 qua)
2621 591 2819 641 narrat
2847 604 2960 642 non
3002 587 3174 657 juxta
3222 601 3408 641 annos
3440 584 3747 659 regiminte

2092 674 2512 745 imperatorum
2541 680 2642 730 aut
2668 692 2871 746 regum
2904 678 3204 747 supputet,
3231 675 3313 731 uti
3339 674 3564 735 caeteris
3591 674 3751 733 codi-

2094 764 2261 818 cibus
2294 768 2351 817 et
2382 763 2715 819 Monacensi
2746 780 2979 835 quoque
3010 763 3297 821 familiare
3329 768 3438 821 est.
3464 764 3587 827 Quo
3619 764 3748 836 ipso

2093 850 2151 905 id
2184 851 2349 907 facile
2380 851 2624 924 contigit
2654 856 2739 920 ut,
2775 853 2917 908 dum
2948 868 3102 908 unus
3134 852 3392 923 primum
3435 853 3748 924 cujusdam

2094 940 2248 1011 regis
2266 956 2486 995 annum
2503 941 2575 995 ab
2592 940 2753 996 obitu
2772 940 3236 1012 praedecessoris,
3253 939 3399 1003 alter
3414 941 3657 999 demum
3675 942 3749 1001 ab

2096 1045 2247 1083 anno
2280 1034 2557 1100 sequente
2587 1029 2934 1096 numeravit,
2968 1028 3028 1085 in
3062 1029 3207 1101 ipsis
3238 1029 3542 1102 regiminis
3575 1030 3749 1089 annis

2095 1117 2206 1173 sibi
2231 1117 2385 1172 haud
2409 1121 2761 1187 constarent,
2784 1119 3046 1189 adeoque
3066 1123 3124 1173 et
3146 1118 3205 1174 in
3228 1118 3601 1190 assignandis
3623 1118 3748 1177 eui-

2096 1205 2235 1260 libet
2256 1222 2408 1261 anno
2429 1206 2609 1278 gestis
2630 1212 2688 1262 et
2708 1211 3038 1278 temporum
3058 1212 3334 1279 computo
3356 1225 3390 1263 a
3411 1225 3474 1264 se
3496 1207 3747 1266 invicem

2098 1294 2509 1365 discreparent.
2544 1296 2913 1351 Hermannus
2944 1302 3138 1353 autem
3180 1313 3274 1352 res
3304 1313 3439 1351 eum
3475 1298 3750 1355 incarna-

2098 1384 2275 1437 tionis
2311 1384 2619 1437 Dominicze
2665 1385 2835 1439 annis
2867 1384 3139 1455 copulare
3166 1400 3477 1456 aggressus
3504 1391 3615 1443 est.
3655 1388 3746 1442 Ve-

2098 1490 2242 1533 rum,
2282 1478 2338 1527 ut
2372 1477 2533 1527 notat
2566 1475 2846 1544 Bouquet,
2871 1477 3012 1528 tom.
3037 1474 3112 1529 Ill
3139 1474 3354 1545 Seript.
3382 1490 3490 1530 rer.
3516 1474 3746 1543 Franc.,

2101 1563 2301 1632 p.319,
2333 1564 2548 1632 infelici
2575 1570 2794 1629 conatu,
2818 1563 3013 1617 saltem
3042 1567 3307 1634 quantum
3343 1565 3538 1621 attinet
3564 1564 3636 1621 ad
3663 1579 3749 1623 re:

2100 1667 2217 1720 qum
2246 1650 2345 1704 sub
2376 1652 2553 1717 prima
2585 1667 2773 1721 regum
2819 1653 3151 1708 Francorum
3196 1654 3367 1724 stirpe
3391 1656 3555 1722 gesta:
3578 1657 3709 1710 sunt
3727 1670 3750 1716 ;

2102 1740 2217 1794 imo
2249 1755 2398 1810 srepc
2428 1738 2566 1809 alibi
2599 1756 2851 1811 quoque,
2874 1739 3155 1797 inductus
3182 1741 3387 1813 utique
3408 1742 3481 1797 ab
3502 1742 3752 1801 auctori-

2104 1828 2215 1883 bus
2237 1828 2665 1899 autiquioribus
2688 1845 2835 1899 quos
2857 1833 3093 1887 secutus
3112 1834 3220 1887 est.
3245 1830 3406 1896 Quod
3430 1834 3627 1891 autem
3648 1830 3750 1891 ad-

2105 1916 2189 1970 dit
2209 1917 2363 1971 idem
2390 1918 2685 1987 Bouquet:
2718 1919 2870 1973 Veros
2899 1933 3092 1985 annos,
3123 1918 3301 1990 quoad
3342 1920 3463 1989 eius
3508 1920 3636 1991 ﬁeri
3657 1936 3755 1992 po-

2103 2007 2287 2069 tuerit,
2326 2005 2725 2072 adnotabimus,
2750 2006 2906 2060 nullo
2928 2006 3109 2063 habito
3127 2015 3369 2080 respectu
3389 2008 3460 2065 ad
3480 2024 3655 2069 mnos
3682 2010 3751 2065 ab

2103 2096 2413 2148 Hermanni)
2444 2098 2675 2161 notatos,
2709 2111 2835 2164 quos
2875 2100 3060 2151 tamen
3083 2099 3275 2166 cuique
3321 2098 3558 2155 articulo
3599 2112 3749 2169 prae-

2105 2185 2403 2250 mittemus,
2437 2190 2705 2238 nostrum
2733 2201 2966 2256 quoque
2994 2202 3065 2241 ex
3086 2190 3249 2258 parte
3272 2186 3519 2243 facimus
3548 2187 3608 2245 in
3639 2188 3750 2247 hac

2104 2272 2379 2337 editione,
2414 2278 2476 2326 ut
2505 2272 2743 2341 scilicet,
2781 2274 2983 2330 ordine
3012 2275 3328 2332 Hermanni
3374 2280 3620 2347 retento,
3651 2292 3750 2351 ge-

2106 2360 2353 2415 nuinum
2374 2360 2687 2432 cujuslibet
2710 2363 2842 2417 facti
2872 2367 3107 2435 tempus
3127 2364 3241 2421 alio
3261 2365 3591 2424 charactere
3611 2367 3752 2425 sub.-

2096 2449 2397 2520 jiciamus,
2432 2455 2718 2521 quantum
2750 2451 2987 2522 quidem
3020 2469 3089 2509 ex
3118 2454 3538 2511 recentioribus
3566 2458 3626 2513 et
3654 2472 3750 2513 ac-

2104 2540 2495 2594 euratioribus
2524 2539 2893 2612 chronologis
2924 2545 3180 2598 statuere
3209 2542 3393 2599 licuit.

2178 2628 2292 2682 llos
2340 2628 2491 2683 inter
2538 2628 2829 2699 imprimis
2879 2646 3261 2688 numeramus
3289 2632 3351 2689 P.
3382 2633 3750 2706 Stephanum

2105 2716 2383 2781 Clement,
2418 2717 2647 2788 insigne
2678 2719 3143 2790 congregationis
3184 2720 3556 2781 Benedictino
3586 2723 3750 2783 Mau-

2105 2806 2279 2860 rianze
2312 2806 2370 2859 in
2394 2805 2579 2860 Gallia
2606 2807 2805 2873 decus,
2828 2808 2926 2878 qui
2960 2808 3017 2862 in
3043 2809 3527 2880 praestantissimo
3555 2824 3753 2885 apere,

2106 2893 2239 2948 I'Art
2293 2894 2357 2948 dc
2402 2895 2623 2964 vdriﬁer
2665 2895 2740 2948 les
2785 2895 2955 2966 dates,
2985 2897 3173 2953 tertiis
3201 2898 3354 2970 typis
3386 2899 3625 2959 Parisiis
3653 2919 3750 2960 an.

2106 2984 2245 3037 1783
2274 2999 2434 3054 seqq.
2468 2983 2656 3039 tribus
2708 2983 3013 3056 hucusque
3065 2988 3243 3043 tomis
3301 2988 3627 3059 majoribus
3655 3007 3750 3051 ex-

2103 3087 2245 3127 cuso
2276 3076 2333 3126 et
2362 3076 2551 3140 aucto,
2582 3076 2800 3138 exacte,
2835 3073 2884 3130 si
2928 3073 3061 3145 quis
3093 3073 3262 3143 a‘lius,
3296 3080 3629 3149 temporum
3660 3096 3759 3139 se~

2106 3159 2250 3216 riem
2282 3160 2547 3232 digessit,
2578 3161 2670 3216 cui
2704 3165 2897 3216 tamen
2946 3179 3109 3234 aeque
3155 3180 3223 3220 ac
3271 3165 3440 3222 nobis
3478 3183 3753 3229 nonnun-

350 3215 1996 3328 ίέῗὶφέἓξίῗῗῗῗιῗίῖἶίξῗῗίῗ,ῗῗῗῗῆιῖὶῗῗῗῗὶῗῗίἓῗῖίέίὶέῗ·
2027 3227 2073 3296 α
2109 3266 2285 3323 quam
2318 3215 2401 3307 αἶ
2422 3215 2551 3305 aliis}
2583 3215 2777 3306 acciri
2799 3215 2984 3323 possit
3004 3215 3596 3328 ξ’ὀωᾶιῖάᾶἷυῖὺοηυὲ
3625 3215 3752 3316 de;

353 3321 496 3360 num
514 3305 744 3373 1052,ut
761 3308 966 3359 caetera
979 3304 1104 3375 jam
1123 3303 1299 3360 allata
1319 3304 1657 3361 testimonia
1678 3311 1994 3366 taceamus.

353 3393 415 3449 Id
438 3410 625 3449 unum
648 3392 819 3448 modo
841 3410 1146 3465 superesse
1161 3397 1359 3466 posset
1375 3394 1619 3450 dubium
1643 3413 1782 3452 num
1806 3414 1998 3453 anuus

354 3483 513 3550 4054,
542 3481 613 3537 ad
646 3498 821 3554 quem
851 3480 1173 3537 Chronicon
1205 3499 1379 3539 suum
1416 3484 1753 3554 perduxisse
1793 3486 1997 3542 scribi-

355 3577 473 3641 tur,
496 3572 556 3627 in
579 3570 654 3627 hu
668 3588 734 3626 nc
756 3569 1044 3627 calculum
1065 3573 1497 3645 eomputandus
1518 3573 1729 3643 veniat,
1746 3592 1817 3630 an
1843 3576 1912 3631 ab
1931 3592 1996 3632 eo

353 3664 433 3718 sit
461 3661 879 3728 excludendus,
905 3661 1119 3733 partim
1146 3662 1218 3717 ob
1248 3662 1476 3718 codices
1509 3663 1606 3735 qui
1637 3663 1995 3721 contrarium

353 3750 600 3806 suadere
627 3750 915 3818 videntur,
939 3749 1010 3804 de
1058 3749 1272 3821 quibus
1312 3755 1506 3806 tamen
1540 3768 1669 3806 mox
1717 3751 1994 3822 diximus,

351 3840 564 3913 partim
587 3839 742 3911 quod
764 3837 1046 3894 miracula
1069 3838 1271 3895 Leonis
1298 3840 1365 3894 IX
1388 3857 1569 3912 papae,
1593 3842 1793 3896 eodem
1818 3859 1993 3911 anno,

350 3928 442 3984 die
469 3926 538 3983 49
565 3927 803 4001 Aprilis,
835 3928 1113 3997 defuncti,
1139 3929 1233 3984 vix
1262 3930 1562 4000 pervenire
1600 3930 1896 4001 potuerint
1934 3931 1993 3986 in

350 4016 617 4073 notitiam
648 4016 963 4073 Hermanni
986 4021 1118 4089 post
1139 4019 1399 4089 quinque
1426 4034 1658 4073 menses
1681 4024 1737 4074 et
1758 4019 1994 4092 longam

348 4105 755 4179 aegritudinem
777 4106 1055 4174 defuncti,
1082 4110 1146 4162 ut
1165 4123 1232 4162 ea
1254 4107 1376 4179 ipse
1406 4107 1596 4162 adhuc
1615 4108 1865 4163 scribere
1893 4126 1993 4180 po-

347 4194 545 4250 tuerit.
576 4195 657 4249 Ex
686 4212 800 4268 quo
831 4200 1027 4251 autem
1058 4194 1205 4250 illud
1254 4200 1484 4251 tantum
1518 4196 1662 4251 forte
1694 4196 1827 4266 quis
1857 4213 1991 4252 con-

342 4283 525 4353 jiciat,
560 4283 752 4357 priora
798 4284 977 4354 hujus
1010 4284 1147 4339 anni
1182 4285 1317 4337 1054
1366 4289 1530 4355 gesta
1560 4284 1630 4339 ab
1662 4284 1993 4342 llermanno

345 4372 640 4445 adnotata,
674 4375 745 4429 ab
773 4374 900 4445 ejus
941 4371 1229 4445 discipulo
1264 4376 1461 4443 postea
1490 4372 1669 4427 fuisse
1701 4372 1990 4445 suppleta,

348 4466 411 4517 ut
439 4465 635 4517 tamen
686 4462 964 4535 integeris
994 4479 1186 4518 annus
1222 4462 1550 4517 llermanno
1588 4461 1942 4517 tribueretur
1974 4480 1987 4520 :

343 4551 399 4605 id
434 4552 589 4623 quod
618 4551 852 4607 disertis
883 4551 1071 4606 verbis
1102 4550 1240 4605 facit
1270 4550 1560 4605 Murensis
1590 4551 1787 4617 codex,
1815 4567 1990 4622 quem

343 4640 513 4695 nobis
543 4639 652 4695 hac
683 4639 741 4694 in
774 4657 834 4694 re
865 4640 1230 4710 sequendum
1258 4639 1616 4695 censuimus.

411 4764 575 4822 XXII.
599 4764 893 4822 Discimus
914 4781 1083 4836 porro
1108 4780 1179 4820 ex
1200 4763 1370 4818 dictis
1393 4780 1507 4835 quo
1528 4768 1788 4836 tempore
1809 4765 1985 4821 Chro-

341 4853 513 4911 nicon
540 4870 715 4909 suum
738 4869 981 4910 exorsus
1002 4853 1078 4907 sit
1097 4851 1468 4907 Hermannus
1490 4868 1676 4923 quove
1699 4852 1845 4907 illud
1866 4860 1984 4909 ter-

338 4942 598 4999 minarit.
628 4942 787 4998 Unde
803 4940 1026 4996 Veteris
1046 4940 1404 4995 Testamenti
1426 4939 1774 5012 Chronieon,
1796 4942 1984 4998 eidem

338 5032 399 5087 in
424 5032 647 5087 caeteris
668 5030 988 5097 codicibus,
1013 5032 1249 5100 excepto
1269 5028 1566 5100 Augiensi,
1592 5030 1981 5101 praemissum,

338 5138 453 5176 non
476 5120 718 5193 ipsi,sed
741 5120 870 5190 ejus
889 5117 1346 5188 descriptoribus
1368 5117 1743 5174 tribuendum
1765 5121 1980 5192 est,qui

337 5225 441 5279 pro
476 5208 678 5262 medias
711 5206 898 5263 aetatis
926 5206 1096 5276 genio
1128 5206 1400 5261 chronica
1429 5224 1491 5262 se
1521 5208 1773 5265 scribere
1813 5225 1983 5281 posse

339 5311 709 5366 nequaquam
741 5294 1165 5367 putarunt,nisi
1195 5295 1521 5351 venerabile
1551 5297 1713 5353 Beda:
1745 5315 1978 5370 nomen,

335 5385 583 5456 ejusque
620 5384 701 5439 De
721 5400 822 5438 sex
843 5383 1046 5438 mundi
1068 5384 1335 5441 aetatibus
1358 5385 1570 5441 librum
1594 5385 1710 5443 illis
1729 5388 1983 5461 praefige-

338 5476 485 5538 rent,
504 5471 645 5526 forte
672 5476 737 5526 ut
758 5470 1022 5528 codicum
1046 5472 1265 5530 raritati
1287 5472 1850 5541 consulerent.Quod
1872 5477 1981 5535 etsi

335 5559 744 5631 scriptoribus,
788 5560 1124 5634 neutiquam
1168 5567 1366 5619 tamen
1419 5579 1622 5619 eorum
1654 5565 1981 5623 editoribus

320 5648 756 5720 ignoscendum
781 5650 1152 5721 arbitramur,
1180 5652 1280 5725 qui
1301 5652 1471 5709 toties
1501 5657 1794 5709 recoctum
1818 5654 1980 5710 Bede

337 5737 415 5802 Ch
424 5737 661 5797 ronicon
676 5738 988 5798 identidem
1001 5741 1234 5815 publico
1247 5740 1374 5800 sine
1385 5756 1566 5801 causa
1577 5741 1977 5804 obtruserunt.

2104 3340 2263 3395 mitat
2292 3340 2568 3394 "merus.

2177 3428 2284 3493 Qui
2315 3428 2805 3485 celebratissimos
2833 3429 3141 3504 hucusque
3170 3431 3554 3509 ehronolegos
3575 3436 3750 3507 Scali;

2105 3533 2330 3589 gerum,
2365 3516 2682 3585 Petavium,
2716 3516 3040 3574 Calmetum
3084 3519 3348 3594 aliosque
3392 3524 3751 3593 evolverent,

2105 3605 2319 3677 oppido
2350 3605 2613 3661 noverint
2641 3609 2874 3677 quantae
2903 3607 2992 3664 vel
3022 3625 3179 3666 nunc
3202 3627 3388 3683 opera:
3419 3617 3478 3670 et
3506 3614 3755 3672 difficul-

2104 3694 2242 3750 tatis
2272 3693 2351 3749 sit
2377 3693 2705 3750 ordinatam
2735 3710 2969 3768 semper
3006 3702 3388 3772 curatamque
3418 3706 3752 3776 temporum

2105 3782 2387 3839 rationem
2418 3782 2583 3838 inire.
2617 3783 2801 3847 Tanto
2832 3784 3018 3857 magis
3053 3786 3480 3860 indulgendum
3509 3796 3598 3849 est
3632 3809 3752 3850 me-

2105 3872 2182 3927 dii
2206 3870 2305 3926 aevi
2328 3871 2733 3944 scriptoribus,
2757 3873 2804 3929 si
2830 3873 2887 3929 in
2912 3877 3303 3947 supputaudis
3324 3878 3574 3936 subinde
3591 3881 3753 3938 aber-

2104 3961 2380 4032 ravcrint,
2412 3962 2587 4017 rebus
2638 3962 2979 4021 enarrandis
3018 3981 3171 4037 sepe
3218 3967 3404 4037 magis
3435 3978 3614 4040 quam
3662 3970 3753 4027 di-

2102 4050 2418 4108 scutiendae
2484 4050 2869 4124 chronologiae
2926 4052 3154 4118 intenti,
3219 4056 3394 4124 unde,
3453 4073 3527 4114 ne
3581 4057 3752 4129 illum

2104 4139 2453 4196 narrationis
2484 4140 2919 4212 abrumperent,
2952 4141 3210 4214 plurium
3241 4144 3419 4202 simul
3459 4163 3750 4205 annorum

2101 4234 2266 4301 gesta
2290 4229 2349 4284 in
2377 4246 2560 4287 unum
2578 4235 3016 4301 congesserunt.
3036 4231 3196 4287 Adde
3216 4233 3372 4305 quod
3396 4251 3550 4292 unus
3571 4236 3753 4294 idem-

2102 4333 2216 4389 que
2245 4321 2446 4373 auctor
2473 4317 2652 4374 etiam
2681 4335 2751 4373 ex
2774 4318 3035 4392 antiquis
3064 4318 3121 4377 in
3154 4324 3468 4380 statuenda
3495 4323 3750 4383 chrono-

2101 4406 2254 4478 logia
2285 4406 2396 4462 sibi
2428 4422 2661 4479 semper
2697 4407 2852 4464 haud
2895 4413 3137 4478 constet,
3159 4410 3314 4481 quod
3354 4410 3441 4467 vel
3471 4426 3540 4468 ex
3566 4413 3747 4473 Euse-

2101 4495 2195 4551 bio
2226 4494 2426 4568 liquet,
2451 4495 2551 4567 qui
2583 4495 2750 4552 aliter
2777 4495 2834 4551 in
2867 4497 3174 4564 Chronico,
3202 4497 3372 4556 aliter
3402 4500 3460 4555 in
3491 4500 3750 4562 Historia

2018 4595 2067 4661 Β
2097 4588 2361 4655 tempora
2392 4583 2671 4655 digessit:
2697 4590 2918 4656 quanto
2962 4586 3160 4643 minus
3211 4588 3366 4645 inter
3394 4593 3480 4645 tot
3506 4593 3750 4664 taman

2098 4673 2358 4729 diversos
2388 4678 2655 4730 auctores
2680 4678 2880 4730 exacta
2911 4691 3144 4747 semper
3169 4677 3483 4735 concordia
3509 4695 3747 4753 exspec-

2098 4763 2275 4817 tanda
2298 4762 2425 4818 est?
2456 4762 2618 4826 Quod
2642 4763 2933 4835 praecipue
2955 4763 3016 4820 in
3040 4764 3372 4823 Hermanuo
3395 4771 3597 4825 nostro
3623 4776 3748 4826 eve-

2093 4850 2197 4918 nit,
2232 4851 2333 4922 qui
2364 4850 2688 4907 Chronicon
2720 4868 2896 4911 suum
2938 4868 3008 4908 ex
3044 4852 3290 4911 diversis
3322 4855 3466 4913 adeo
3496 4856 3745 4931 scripto-

2093 4941 2259 4996 ribus
2289 4939 2542 5013 collegit.

2163 5028 2399 5085 Accedit
2416 5028 2533 5086 alia
2552 5033 2671 5086 tam
2689 5029 2933 5087 diversas
2952 5035 3284 5105 temporum
3306 5035 3743 5107 supputationil

2092 5118 2239 5173 ratio
2260 5134 2329 5174 ex
2351 5116 2704 5191 negligentia
2723 5137 2824 5176 seu
2847 5120 3140 5193 imperitia
3160 5123 3743 5197 amanuensium,qui

2091 5225 2242 5279 saepe
2261 5224 2481 5262 annum
2504 5212 2605 5262 aut
2624 5214 2945 5279 praenotare
2966 5208 3364 5283 neglexerunt,
3385 5216 3487 5267 aut
3504 5212 3631 5270 loco
3654 5213 3743 5270 in-

2090 5313 2345 5369 congrue
2384 5296 2769 5367 adnotarent;
2821 5315 2937 5371 quo
2986 5299 3112 5372 ipso
3160 5300 3331 5373 plura
3375 5302 3741 5361 diversorum

2088 5392 2421 5458 temporum
2452 5386 2605 5442 facta
2624 5387 2695 5442 ad
2717 5403 2901 5444 unum
2925 5405 3147 5447 annum
3168 5391 3630 5463 conjunguntur,
3652 5391 3740 5450 vel

2088 5475 2354 5546 ejusdem
2378 5475 2515 5531 anni
2538 5476 2598 5531 in
2621 5475 2817 5547 plures
2834 5477 3285 5549 dispertiuntur,
3299 5480 3457 5536 unde
3475 5496 3639 5539 error
3657 5497 3743 5540 se~

2090 5563 2204 5620 mel
2225 5563 2524 5622 admissus
2546 5563 2743 5637 plures
2764 5565 3039 5639 deinceps
3061 5583 3247 5624 annos
3268 5573 3638 5641 pervagatur,
3656 5571 3741 5629 uti

2088 5653 2148 5711 in
2180 5656 2378 5710 nostro
2414 5653 2699 5711 Chronico
2747 5654 2905 5713 haud
2955 5672 3073 5714 una
3099 5655 3230 5713 vide
3260 5658 3643 5717 advertimus.
3679 5659 3740 5718 Id

2090 5742 2248 5802 enim
2279 5746 2399 5802 tam
2430 5742 2490 5801 in
2526 5743 2795 5804 Bernoldi
2831 5761 3010 5823 quam
3040 5745 3101 5806 in
3131 5745 3409 5807 Hermani
3438 5747 3742 5813 codicibus
