  <div class='ocr_page' id='page_1' title='image "/cluster/home/n/w/nwhite01/storage/ocr_20150623/143/uva.x000829790/032.png"; bbox 0 0 4026 6228; ppageno 0'>
   <div class='ocr_carea' id='block_1_1' title="bbox 295 418 3743 508">
    <p class='ocr_par' dir='ltr' id='par_1_1' title="bbox 295 418 3743 508">
     <span class='ocr_line' id='line_1_1' title="bbox 295 418 3743 508; baseline 0.002 -8"><span class='ocrx_word' id='word_1_1' title='bbox 295 418 375 500; x_wconf 70' lang='lat' dir='ltr'><strong>a‘</strong></span> <span class='ocrx_word' id='word_1_2' title='bbox 1124 468 1129 471; x_wconf 66' lang='grc'><strong>»</strong></span> <span class='ocrx_word' id='word_1_3' title='bbox 1233 426 1761 503; x_wconf 73' lang='lat' dir='ltr'><strong>DISSE‘R&#39;I‘ATIO</strong></span> <span class='ocrx_word' id='word_1_4' title='bbox 1805 432 1909 502; x_wconf 79' lang='lat' dir='ltr'><strong>ne</strong></span> <span class='ocrx_word' id='word_1_5' title='bbox 1952 434 2365 504; x_wconf 79' lang='lat' dir='ltr'><strong>HERMANNI</strong></span> <span class='ocrx_word' id='word_1_6' title='bbox 2411 438 2827 508; x_wconf 76' lang='lat' dir='ltr'><strong>cuuomco.</strong></span> <span class='ocrx_word' id='word_1_7' title='bbox 3645 430 3743 506; x_wconf 74' lang='lat' dir='ltr'><strong>se</strong></span> 
     </span>
    </p>
   </div>
   <div class='ocr_carea' id='block_1_2' title="bbox 304 559 3721 653">
    <p class='ocr_par' dir='ltr' id='par_1_2' title="bbox 304 559 3721 653">
     <span class='ocr_line' id='line_1_2' title="bbox 304 559 3721 653; baseline 0.001 -22"><span class='ocrx_word' id='word_1_8' title='bbox 304 567 522 646; x_wconf 69' lang='lat' dir='ltr'><strong>saepius</strong></span> <span class='ocrx_word' id='word_1_9' title='bbox 548 569 830 631; x_wconf 74' lang='lat' dir='ltr'><strong>evenisse</strong></span> <span class='ocrx_word' id='word_1_10' title='bbox 850 570 1056 632; x_wconf 75' lang='lat' dir='ltr'><strong>eorum</strong></span> <span class='ocrx_word' id='word_1_11' title='bbox 1076 559 1336 632; x_wconf 83' lang='lat' dir='ltr'><strong>collectio</strong></span> <span class='ocrx_word' id='word_1_12' title='bbox 1366 571 1740 638; x_wconf 85' lang='lat' dir='ltr'><strong>monstrabit,</strong></span> <span class='ocrx_word' id='word_1_13' title='bbox 1768 575 1827 630; x_wconf 90' lang='lat' dir='ltr'><strong>et</strong></span> <span class='ocrx_word' id='word_1_14' title='bbox 1846 587 1966 629; x_wconf 85' lang='lat' dir='ltr'><strong>am—</strong></span> <span class='ocrx_word' id='word_1_15' title='bbox 1995 572 2048 641; x_wconf 82' lang='grc' dir='ltr'><strong>Α</strong></span> <span class='ocrx_word' id='word_1_16' title='bbox 2078 588 2264 645; x_wconf 91' lang='lat' dir='ltr'><strong>usque</strong></span> <span class='ocrx_word' id='word_1_17' title='bbox 2292 573 2399 630; x_wconf 83' lang='lat'>590</span> <span class='ocrx_word' id='word_1_18' title='bbox 2427 578 2615 633; x_wconf 82' lang='lat' dir='ltr'><strong>exstat</strong></span> <span class='ocrx_word' id='word_1_19' title='bbox 2642 568 2703 633; x_wconf 84' lang='lat' dir='ltr'><strong>in</strong></span> <span class='ocrx_word' id='word_1_20' title='bbox 2735 576 2939 635; x_wconf 86' lang='lat' dir='ltr'><strong>eodem</strong></span> <span class='ocrx_word' id='word_1_21' title='bbox 2972 572 3287 653; x_wconf 86' lang='lat' dir='ltr'><strong>Scaligero.</strong></span> <span class='ocrx_word' id='word_1_22' title='bbox 3320 575 3463 635; x_wconf 86' lang='lat' dir='ltr'><strong>Item</strong></span> <span class='ocrx_word' id='word_1_23' title='bbox 3497 573 3721 634; x_wconf 84' lang='lat' dir='ltr'><strong>Marius</strong></span> 
     </span>
    </p>
   </div>
   <div class='ocr_carea' id='block_1_3' title="bbox 306 660 1963 736">
    <p class='ocr_par' dir='ltr' id='par_1_3' title="bbox 306 660 1963 736">
     <span class='ocr_line' id='line_1_3' title="bbox 306 660 1963 736; baseline -0.001 -17"><span class='ocrx_word' id='word_1_24' title='bbox 306 660 463 736; x_wconf 73' lang='lat' dir='ltr'><strong>plina</strong></span> <span class='ocrx_word' id='word_1_25' title='bbox 493 678 564 719; x_wconf 87' lang='lat' dir='ltr'><strong>cx</strong></span> <span class='ocrx_word' id='word_1_26' title='bbox 591 660 920 720; x_wconf 82' lang='lat' dir='ltr'><strong>Canisiana</strong></span> <span class='ocrx_word' id='word_1_27' title='bbox 946 662 1203 721; x_wconf 82' lang='lat' dir='ltr'><strong>editione</strong></span> <span class='ocrx_word' id='word_1_28' title='bbox 1232 663 1539 729; x_wconf 80' lang='lat' dir='ltr'><strong>evincitur,</strong></span> <span class='ocrx_word' id='word_1_29' title='bbox 1576 680 1727 736; x_wconf 80' lang='lat' dir='ltr'><strong>quae,</strong></span> <span class='ocrx_word' id='word_1_30' title='bbox 1757 663 1864 718; x_wconf 88' lang='lat' dir='ltr'><strong>etsi</strong></span> <span class='ocrx_word' id='word_1_31' title='bbox 1896 678 1963 717; x_wconf 84' lang='lat' dir='ltr'><strong>ex</strong></span> 
     </span>
    </p>
   </div>
   <div class='ocr_carea' id='block_1_4' title="bbox 310 750 1964 826">
    <p class='ocr_par' dir='ltr' id='par_1_4' title="bbox 310 750 1964 826">
     <span class='ocr_line' id='line_1_4' title="bbox 310 750 1964 826; baseline -0.002 -17"><span class='ocrx_word' id='word_1_32' title='bbox 310 750 507 809; x_wconf 86' lang='lat' dir='ltr'><strong>codice</strong></span> <span class='ocrx_word' id='word_1_33' title='bbox 536 751 611 808; x_wconf 86' lang='lat' dir='ltr'><strong>ab</strong></span> <span class='ocrx_word' id='word_1_34' title='bbox 638 753 925 826; x_wconf 81' lang='lat' dir='ltr'><strong>Augiensi</strong></span> <span class='ocrx_word' id='word_1_35' title='bbox 954 752 1249 825; x_wconf 89' lang='lat' dir='ltr'><strong>descripto</strong></span> <span class='ocrx_word' id='word_1_36' title='bbox 1271 754 1551 809; x_wconf 87' lang='lat' dir='ltr'><strong>adornata</strong></span> <span class='ocrx_word' id='word_1_37' title='bbox 1579 752 1677 821; x_wconf 90' lang='lat' dir='ltr'><strong>sit,</strong></span> <span class='ocrx_word' id='word_1_38' title='bbox 1697 751 1756 807; x_wconf 90' lang='lat' dir='ltr'><strong>in</strong></span> <span class='ocrx_word' id='word_1_39' title='bbox 1788 751 1964 806; x_wconf 85' lang='lat' dir='ltr'><strong>adno-</strong></span> 
     </span>
    </p>
   </div>
   <div class='ocr_carea' id='block_1_5' title="bbox 306 836 1958 915">
    <p class='ocr_par' dir='ltr' id='par_1_5' title="bbox 306 836 1958 915">
     <span class='ocr_line' id='line_1_5' title="bbox 306 836 1958 915; baseline -0.001 -19"><span class='ocrx_word' id='word_1_40' title='bbox 306 836 505 897; x_wconf 72' lang='lat' dir='ltr'><strong>tandis</strong></span> <span class='ocrx_word' id='word_1_41' title='bbox 533 842 740 897; x_wconf 86' lang='lat' dir='ltr'><strong>tamen</strong></span> <span class='ocrx_word' id='word_1_42' title='bbox 772 842 944 898; x_wconf 85' lang='lat' dir='ltr'><strong>annis</strong></span> <span class='ocrx_word' id='word_1_43' title='bbox 973 843 1189 915; x_wconf 71' lang='lat' dir='ltr'><strong>saepius</strong></span> <span class='ocrx_word' id='word_1_44' title='bbox 1229 842 1302 898; x_wconf 91' lang='lat' dir='ltr'><strong>ab</strong></span> <span class='ocrx_word' id='word_1_45' title='bbox 1353 858 1420 897; x_wconf 89' lang='lat' dir='ltr'><strong>eo</strong></span> <span class='ocrx_word' id='word_1_46' title='bbox 1451 841 1763 897; x_wconf 84' lang='lat' dir='ltr'><strong>discordat.</strong></span> <span class='ocrx_word' id='word_1_47' title='bbox 1814 842 1958 896; x_wconf 90' lang='lat' dir='ltr'><strong>Cum</strong></span> 
     </span>
    </p>
   </div>
   <div class='ocr_carea' id='block_1_6' title="bbox 305 926 1959 1003">
    <p class='ocr_par' dir='ltr' id='par_1_6' title="bbox 305 926 1959 1003">
     <span class='ocr_line' id='line_1_6' title="bbox 305 926 1959 1003; baseline 0 -19"><span class='ocrx_word' id='word_1_48' title='bbox 305 926 488 1002; x_wconf 80' lang='lat' dir='ltr'><strong>igitur</strong></span> <span class='ocrx_word' id='word_1_49' title='bbox 516 928 949 1003; x_wconf 87' lang='lat' dir='ltr'><strong>discrepantias</strong></span> <span class='ocrx_word' id='word_1_50' title='bbox 967 930 1102 987; x_wconf 89' lang='lat' dir='ltr'><strong>illas</strong></span> <span class='ocrx_word' id='word_1_51' title='bbox 1122 931 1429 987; x_wconf 89' lang='lat' dir='ltr'><strong>conciliare</strong></span> <span class='ocrx_word' id='word_1_52' title='bbox 1450 948 1515 986; x_wconf 89' lang='lat' dir='ltr'><strong>ac</strong></span> <span class='ocrx_word' id='word_1_53' title='bbox 1537 930 1816 1003; x_wconf 84' lang='lat' dir='ltr'><strong>genuium</strong></span> <span class='ocrx_word' id='word_1_54' title='bbox 1844 928 1959 985; x_wconf 86' lang='lat' dir='ltr'><strong>cal-</strong></span> 
     </span>
    </p>
   </div>
   <div class='ocr_carea' id='block_1_7' title="bbox 306 1017 1959 1093">
    <p class='ocr_par' dir='ltr' id='par_1_7' title="bbox 306 1017 1959 1093">
     <span class='ocr_line' id='line_1_7' title="bbox 306 1017 1959 1093; baseline -0.002 -19"><span class='ocrx_word' id='word_1_55' title='bbox 306 1017 507 1075; x_wconf 83' lang='lat' dir='ltr'><strong>culum</strong></span> <span class='ocrx_word' id='word_1_56' title='bbox 532 1036 568 1075; x_wconf 87' lang='lat' dir='ltr'><strong>a</strong></span> <span class='ocrx_word' id='word_1_57' title='bbox 581 1018 974 1093; x_wconf 80' lang='lat' dir='ltr'><strong>scriptoribus</strong></span> <span class='ocrx_word' id='word_1_58' title='bbox 988 1021 1369 1092; x_wconf 82' lang='lat' dir='ltr'><strong>depravatum</strong></span> <span class='ocrx_word' id='word_1_59' title='bbox 1384 1020 1689 1076; x_wconf 85' lang='lat' dir='ltr'><strong>restituere</strong></span> <span class='ocrx_word' id='word_1_60' title='bbox 1707 1017 1959 1073; x_wconf 78' lang='lat' dir='ltr'><strong>difﬁcili-</strong></span> 
     </span>
    </p>
   </div>
   <div class='ocr_carea' id='block_1_8' title="bbox 305 1106 1957 1181">
    <p class='ocr_par' dir='ltr' id='par_1_8' title="bbox 305 1106 1957 1181">
     <span class='ocr_line' id='line_1_8' title="bbox 305 1106 1957 1181; baseline 0 -19"><span class='ocrx_word' id='word_1_61' title='bbox 305 1114 472 1163; x_wconf 83' lang='lat' dir='ltr'><strong>mum</strong></span> <span class='ocrx_word' id='word_1_62' title='bbox 489 1106 802 1175; x_wconf 82' lang='lat' dir='ltr'><strong>fuisset,ne</strong></span> <span class='ocrx_word' id='word_1_63' title='bbox 814 1109 1001 1165; x_wconf 86' lang='lat' dir='ltr'><strong>dicam</strong></span> <span class='ocrx_word' id='word_1_64' title='bbox 1013 1106 1609 1181; x_wconf 90' lang='lat' dir='ltr'><strong>impossibile,consul</strong></span> <span class='ocrx_word' id='word_1_65' title='bbox 1621 1108 1735 1165; x_wconf 91' lang='lat' dir='ltr'><strong>tius</strong></span> <span class='ocrx_word' id='word_1_66' title='bbox 1750 1123 1957 1175; x_wconf 87' lang='lat' dir='ltr'><strong>annos,</strong></span> 
     </span>
    </p>
   </div>
   <div class='ocr_carea' id='block_1_9' title="bbox 305 1188 1955 1269">
    <p class='ocr_par' dir='ltr' id='par_1_9' title="bbox 305 1188 1955 1269">
     <span class='ocr_line' id='line_1_9' title="bbox 305 1188 1955 1269; baseline 0 -18"><span class='ocrx_word' id='word_1_67' title='bbox 305 1188 489 1269; x_wconf 81' lang='lat' dir='ltr'><strong>prout</strong></span> <span class='ocrx_word' id='word_1_68' title='bbox 513 1195 576 1253; x_wconf 87' lang='lat' dir='ltr'><strong>in</strong></span> <span class='ocrx_word' id='word_1_69' title='bbox 602 1197 905 1253; x_wconf 85' lang='lat' dir='ltr'><strong>codicibus</strong></span> <span class='ocrx_word' id='word_1_70' title='bbox 936 1196 1162 1255; x_wconf 81' lang='lat' dir='ltr'><strong>nostris</strong></span> <span class='ocrx_word' id='word_1_71' title='bbox 1220 1198 1531 1267; x_wconf 83' lang='lat' dir='ltr'><strong>habentur,</strong></span> <span class='ocrx_word' id='word_1_72' title='bbox 1590 1197 1955 1260; x_wconf 89' lang='lat' dir='ltr'><strong>retinendos,</strong></span> 
     </span>
    </p>
   </div>
   <div class='ocr_carea' id='block_1_10' title="bbox 308 1286 1958 1358">
    <p class='ocr_par' dir='ltr' id='par_1_10' title="bbox 308 1286 1958 1358">
     <span class='ocr_line' id='line_1_10' title="bbox 308 1286 1958 1358; baseline 0 -18"><span class='ocrx_word' id='word_1_73' title='bbox 308 1290 494 1358; x_wconf 78' lang='lat' dir='ltr'><strong>quam</strong></span> <span class='ocrx_word' id='word_1_74' title='bbox 526 1291 742 1342; x_wconf 89' lang='lat' dir='ltr'><strong>temere</strong></span> <span class='ocrx_word' id='word_1_75' title='bbox 754 1287 1071 1343; x_wconf 85' lang='lat' dir='ltr'><strong>mutandos</strong></span> <span class='ocrx_word' id='word_1_76' title='bbox 1097 1303 1226 1344; x_wconf 89' lang='lat' dir='ltr'><strong>esse</strong></span> <span class='ocrx_word' id='word_1_77' title='bbox 1248 1286 1546 1357; x_wconf 85' lang='lat' dir='ltr'><strong>duximus,</strong></span> <span class='ocrx_word' id='word_1_78' title='bbox 1570 1290 1636 1342; x_wconf 91' lang='lat' dir='ltr'><strong>ut</strong></span> <span class='ocrx_word' id='word_1_79' title='bbox 1653 1292 1845 1341; x_wconf 84' lang='lat' dir='ltr'><strong>tamen</strong></span> <span class='ocrx_word' id='word_1_80' title='bbox 1869 1302 1958 1340; x_wconf 84' lang='lat' dir='ltr'><strong>er-</strong></span> 
     </span>
    </p>
   </div>
   <div class='ocr_carea' id='block_1_11' title="bbox 303 1375 1955 1447">
    <p class='ocr_par' dir='ltr' id='par_1_11' title="bbox 303 1375 1955 1447">
     <span class='ocr_line' id='line_1_11' title="bbox 303 1375 1955 1447; baseline -0.001 -17"><span class='ocrx_word' id='word_1_81' title='bbox 303 1390 526 1443; x_wconf 86' lang='lat' dir='ltr'><strong>rorem,</strong></span> <span class='ocrx_word' id='word_1_82' title='bbox 556 1376 655 1430; x_wconf 89' lang='lat' dir='ltr'><strong>ubi</strong></span> <span class='ocrx_word' id='word_1_83' title='bbox 689 1376 1037 1431; x_wconf 87' lang='lat' dir='ltr'><strong>manifestus</strong></span> <span class='ocrx_word' id='word_1_84' title='bbox 1067 1380 1176 1447; x_wconf 89' lang='lat' dir='ltr'><strong>est,</strong></span> <span class='ocrx_word' id='word_1_85' title='bbox 1198 1379 1398 1432; x_wconf 89' lang='lat' dir='ltr'><strong>notare</strong></span> <span class='ocrx_word' id='word_1_86' title='bbox 1418 1376 1569 1431; x_wconf 87' lang='lat' dir='ltr'><strong>haud</strong></span> <span class='ocrx_word' id='word_1_87' title='bbox 1590 1375 1955 1430; x_wconf 89' lang='lat' dir='ltr'><strong>omittamus.</strong></span> 
     </span>
    </p>
   </div>
   <div class='ocr_carea' id='block_1_12' title="bbox 379 1458 1956 1533">
    <p class='ocr_par' dir='ltr' id='par_1_12' title="bbox 379 1458 1956 1533">
     <span class='ocr_line' id='line_1_12' title="bbox 379 1458 1956 1533; baseline -0.001 -13"><span class='ocrx_word' id='word_1_88' title='bbox 379 1458 442 1520; x_wconf 85' lang='lat' dir='ltr'><strong>id</strong></span> <span class='ocrx_word' id='word_1_89' title='bbox 462 1464 721 1533; x_wconf 89' lang='lat' dir='ltr'><strong>denique</strong></span> <span class='ocrx_word' id='word_1_90' title='bbox 739 1462 918 1520; x_wconf 84' lang='lat' dir='ltr'><strong>semel</strong></span> <span class='ocrx_word' id='word_1_91' title='bbox 941 1464 1242 1520; x_wconf 86' lang='lat' dir='ltr'><strong>monuisse</strong></span> <span class='ocrx_word' id='word_1_92' title='bbox 1261 1464 1537 1532; x_wconf 80' lang='lat' dir='ltr'><strong>sufﬁciat,</strong></span> <span class='ocrx_word' id='word_1_93' title='bbox 1559 1464 1956 1519; x_wconf 84' lang='lat' dir='ltr'><strong>Hermannum</strong></span> 
     </span>
    </p>
   </div>
   <div class='ocr_carea' id='block_1_13' title="bbox 302 1550 1957 1625">
    <p class='ocr_par' dir='ltr' id='par_1_13' title="bbox 302 1550 1957 1625">
     <span class='ocr_line' id='line_1_13' title="bbox 302 1550 1957 1625; baseline 0 -18"><span class='ocrx_word' id='word_1_94' title='bbox 302 1566 581 1624; x_wconf 62' lang='lat' dir='ltr'><strong>peraeque</strong></span> <span class='ocrx_word' id='word_1_95' title='bbox 612 1550 679 1608; x_wconf 85' lang='lat' dir='ltr'><strong>ac</strong></span> <span class='ocrx_word' id='word_1_96' title='bbox 709 1557 947 1610; x_wconf 68' lang='lat' dir='ltr'><strong>caateros</strong></span> <span class='ocrx_word' id='word_1_97' title='bbox 977 1553 1105 1624; x_wconf 88' lang='lat' dir='ltr'><strong>ejus</strong></span> <span class='ocrx_word' id='word_1_98' title='bbox 1133 1553 1416 1625; x_wconf 89' lang='lat' dir='ltr'><strong>temporis</strong></span> <span class='ocrx_word' id='word_1_99' title='bbox 1446 1551 1767 1608; x_wconf 71' lang='lat' dir='ltr'><strong>Germanica</strong></span> <span class='ocrx_word' id='word_1_100' title='bbox 1788 1551 1957 1607; x_wconf 89' lang='lat' dir='ltr'><strong>chro-</strong></span> 
     </span>
    </p>
   </div>
   <div class='ocr_carea' id='block_1_14' title="bbox 301 1636 1955 1714">
    <p class='ocr_par' dir='ltr' id='par_1_14' title="bbox 301 1636 1955 1714">
     <span class='ocr_line' id='line_1_14' title="bbox 301 1636 1955 1714; baseline 0 -18"><span class='ocrx_word' id='word_1_101' title='bbox 301 1636 647 1713; x_wconf 67' lang='lat' dir='ltr'><strong>nographos</strong></span> <span class='ocrx_word' id='word_1_102' title='bbox 676 1636 814 1697; x_wconf 88' lang='lat' dir='ltr'><strong>anni</strong></span> <span class='ocrx_word' id='word_1_103' title='bbox 841 1638 1077 1696; x_wconf 82' lang='lat' dir='ltr'><strong>initium</strong></span> <span class='ocrx_word' id='word_1_104' title='bbox 1108 1656 1224 1696; x_wconf 91' lang='lat' dir='ltr'><strong>non</strong></span> <span class='ocrx_word' id='word_1_105' title='bbox 1259 1657 1293 1697; x_wconf 90' lang='lat' dir='ltr'><strong>a</strong></span> <span class='ocrx_word' id='word_1_106' title='bbox 1321 1641 1513 1714; x_wconf 89' lang='lat' dir='ltr'><strong>prima</strong></span> <span class='ocrx_word' id='word_1_107' title='bbox 1542 1639 1806 1696; x_wconf 83' lang='lat' dir='ltr'><strong>Januarii</strong></span> <span class='ocrx_word' id='word_1_108' title='bbox 1841 1641 1955 1708; x_wconf 90' lang='lat' dir='ltr'><strong>die,</strong></span> 
     </span>
    </p>
   </div>
   <div class='ocr_carea' id='block_1_15' title="bbox 303 1727 1958 1801">
    <p class='ocr_par' dir='ltr' id='par_1_15' title="bbox 303 1727 1958 1801">
     <span class='ocr_line' id='line_1_15' title="bbox 303 1727 1958 1801; baseline -0.001 -15"><span class='ocrx_word' id='word_1_109' title='bbox 303 1728 409 1786; x_wconf 81' lang='lat' dir='ltr'><strong>sed</strong></span> <span class='ocrx_word' id='word_1_110' title='bbox 423 1745 461 1785; x_wconf 88' lang='lat' dir='ltr'><strong>a</strong></span> <span class='ocrx_word' id='word_1_111' title='bbox 472 1729 863 1801; x_wconf 63' lang='lat' dir='ltr'><strong>praecedentis</strong></span> <span class='ocrx_word' id='word_1_112' title='bbox 878 1727 1195 1785; x_wconf 75' lang='lat' dir='ltr'><strong>Dominicze</strong></span> <span class='ocrx_word' id='word_1_113' title='bbox 1210 1728 1543 1786; x_wconf 84' lang='lat' dir='ltr'><strong>Nativitatis</strong></span> <span class='ocrx_word' id='word_1_114' title='bbox 1560 1729 1706 1785; x_wconf 82' lang='lat' dir='ltr'><strong>festo</strong></span> <span class='ocrx_word' id='word_1_115' title='bbox 1738 1732 1958 1800; x_wconf 88' lang='lat' dir='ltr'><strong>repete-</strong></span> 
     </span>
    </p>
   </div>
   <div class='ocr_carea' id='block_1_16' title="bbox 305 1812 1956 1891">
    <p class='ocr_par' dir='ltr' id='par_1_16' title="bbox 305 1812 1956 1891">
     <span class='ocr_line' id='line_1_16' title="bbox 305 1812 1956 1891; baseline -0.001 -18"><span class='ocrx_word' id='word_1_116' title='bbox 305 1833 389 1885; x_wconf 88' lang='lat' dir='ltr'><strong>re,</strong></span> <span class='ocrx_word' id='word_1_117' title='bbox 402 1812 563 1873; x_wconf 77' lang='lat' dir='ltr'><strong>unde</strong></span> <span class='ocrx_word' id='word_1_118' title='bbox 578 1833 725 1890; x_wconf 62' lang='lat' dir='ltr'><strong>saepe</strong></span> <span class='ocrx_word' id='word_1_119' title='bbox 737 1817 1022 1891; x_wconf 86' lang='lat' dir='ltr'><strong>contingit</strong></span> <span class='ocrx_word' id='word_1_120' title='bbox 1035 1821 1100 1873; x_wconf 91' lang='lat' dir='ltr'><strong>ut</strong></span> <span class='ocrx_word' id='word_1_121' title='bbox 1112 1834 1204 1874; x_wconf 90' lang='lat' dir='ltr'><strong>res</strong></span> <span class='ocrx_word' id='word_1_122' title='bbox 1221 1816 1374 1873; x_wconf 89' lang='lat' dir='ltr'><strong>circa</strong></span> <span class='ocrx_word' id='word_1_123' title='bbox 1391 1817 1595 1873; x_wconf 87' lang='lat' dir='ltr'><strong>Natale</strong></span> <span class='ocrx_word' id='word_1_124' title='bbox 1608 1816 1835 1873; x_wconf 85' lang='lat' dir='ltr'><strong>Domini</strong></span> <span class='ocrx_word' id='word_1_125' title='bbox 1859 1833 1956 1888; x_wconf 89' lang='lat' dir='ltr'><strong>ge-</strong></span> 
     </span>
    </p>
   </div>
   <div class='ocr_carea' id='block_1_17' title="bbox 307 1903 1954 1979">
    <p class='ocr_par' dir='ltr' id='par_1_17' title="bbox 307 1903 1954 1979">
     <span class='ocr_line' id='line_1_17' title="bbox 307 1903 1954 1979; baseline -0.001 -17"><span class='ocrx_word' id='word_1_126' title='bbox 307 1903 414 1962; x_wconf 66' lang='lat' dir='ltr'><strong>stae</strong></span> <span class='ocrx_word' id='word_1_127' title='bbox 444 1904 619 1962; x_wconf 87' lang='lat' dir='ltr'><strong>modo</strong></span> <span class='ocrx_word' id='word_1_128' title='bbox 639 1904 710 1962; x_wconf 89' lang='lat' dir='ltr'><strong>ad</strong></span> <span class='ocrx_word' id='word_1_129' title='bbox 732 1907 1179 1979; x_wconf 70' lang='lat' dir='ltr'><strong>praecedentem,</strong></span> <span class='ocrx_word' id='word_1_130' title='bbox 1205 1908 1378 1961; x_wconf 92' lang='lat' dir='ltr'><strong>modo</strong></span> <span class='ocrx_word' id='word_1_131' title='bbox 1401 1905 1473 1962; x_wconf 92' lang='lat' dir='ltr'><strong>ad</strong></span> <span class='ocrx_word' id='word_1_132' title='bbox 1497 1905 1954 1977; x_wconf 87' lang='lat' dir='ltr'><strong>subsequentem</strong></span> 
     </span>
    </p>
   </div>
   <div class='ocr_carea' id='block_1_18' title="bbox 303 1994 1957 2068">
    <p class='ocr_par' dir='ltr' id='par_1_18' title="bbox 303 1994 1957 2068">
     <span class='ocr_line' id='line_1_18' title="bbox 303 1994 1957 2068; baseline -0.001 -19"><span class='ocrx_word' id='word_1_133' title='bbox 303 2004 535 2051; x_wconf 84' lang='lat' dir='ltr'><strong>annum</strong></span> <span class='ocrx_word' id='word_1_134' title='bbox 588 1996 935 2063; x_wconf 80' lang='lat' dir='ltr'><strong>referantur,</strong></span> <span class='ocrx_word' id='word_1_135' title='bbox 988 1995 1073 2051; x_wconf 90' lang='lat' dir='ltr'><strong>uti</strong></span> <span class='ocrx_word' id='word_1_136' title='bbox 1104 1994 1290 2051; x_wconf 85' lang='lat' dir='ltr'><strong>Caroli</strong></span> <span class='ocrx_word' id='word_1_137' title='bbox 1335 1994 1531 2068; x_wconf 86' lang='lat' dir='ltr'><strong>Magni</strong></span> <span class='ocrx_word' id='word_1_138' title='bbox 1588 1994 1957 2066; x_wconf 87' lang='lat' dir='ltr'><strong>imperatoris</strong></span> 
     </span>
    </p>
   </div>
   <div class='ocr_carea' id='block_1_19' title="bbox 300 2080 1954 2149">
    <p class='ocr_par' dir='ltr' id='par_1_19' title="bbox 300 2080 1954 2149">
     <span class='ocr_line' id='line_1_19' title="bbox 300 2080 1954 2149; baseline 0 -12"><span class='ocrx_word' id='word_1_139' title='bbox 300 2080 608 2140; x_wconf 80' lang='lat' dir='ltr'><strong>coronatio</strong></span> <span class='ocrx_word' id='word_1_140' title='bbox 638 2087 778 2139; x_wconf 91' lang='lat' dir='ltr'><strong>tunc</strong></span> <span class='ocrx_word' id='word_1_141' title='bbox 810 2082 963 2139; x_wconf 82' lang='lat' dir='ltr'><strong>facta</strong></span> <span class='ocrx_word' id='word_1_142' title='bbox 991 2083 1064 2138; x_wconf 89' lang='lat' dir='ltr'><strong>ad</strong></span> <span class='ocrx_word' id='word_1_143' title='bbox 1097 2098 1317 2138; x_wconf 87' lang='lat' dir='ltr'><strong>annum</strong></span> <span class='ocrx_word' id='word_1_144' title='bbox 1351 2084 1477 2149; x_wconf 89' lang='lat'><strong>800,</strong></span> <span class='ocrx_word' id='word_1_145' title='bbox 1528 2097 1686 2138; x_wconf 88' lang='lat' dir='ltr'><strong>nunc</strong></span> <span class='ocrx_word' id='word_1_146' title='bbox 1723 2083 1793 2137; x_wconf 88' lang='lat' dir='ltr'><strong>ad</strong></span> <span class='ocrx_word' id='word_1_147' title='bbox 1845 2099 1954 2138; x_wconf 89' lang='lat' dir='ltr'><strong>an-</strong></span> 
     </span>
    </p>
   </div>
   <div class='ocr_carea' id='block_1_20' title="bbox 298 2171 873 2229">
    <p class='ocr_par' dir='ltr' id='par_1_20' title="bbox 298 2171 873 2229">
     <span class='ocr_line' id='line_1_20' title="bbox 298 2171 873 2229; baseline 0.002 -2"><span class='ocrx_word' id='word_1_148' title='bbox 298 2180 443 2227; x_wconf 86' lang='lat' dir='ltr'><strong>num</strong></span> <span class='ocrx_word' id='word_1_149' title='bbox 466 2173 570 2227; x_wconf 88' lang='grc'><strong>801</strong></span> <span class='ocrx_word' id='word_1_150' title='bbox 606 2171 873 2229; x_wconf 85' lang='lat' dir='ltr'><strong>refertur.</strong></span> 
     </span>
    </p>
   </div>
   <div class='ocr_carea' id='block_1_21' title="bbox 371 2250 1954 2333">
    <p class='ocr_par' dir='ltr' id='par_1_21' title="bbox 371 2250 1954 2333">
     <span class='ocr_line' id='line_1_21' title="bbox 371 2250 1954 2333; baseline -0.001 -18"><span class='ocrx_word' id='word_1_151' title='bbox 371 2250 564 2316; x_wconf 78' lang='lat' dir='ltr'><strong>XXIV.</strong></span> <span class='ocrx_word' id='word_1_152' title='bbox 598 2261 886 2316; x_wconf 87' lang='lat' dir='ltr'><strong>Chronica</strong></span> <span class='ocrx_word' id='word_1_153' title='bbox 915 2276 1088 2332; x_wconf 91' lang='lat' dir='ltr'><strong>porro</strong></span> <span class='ocrx_word' id='word_1_154' title='bbox 1120 2276 1235 2316; x_wconf 88' lang='lat' dir='ltr'><strong>non</strong></span> <span class='ocrx_word' id='word_1_155' title='bbox 1269 2277 1337 2315; x_wconf 82' lang='lat' dir='ltr'><strong>ex</strong></span> <span class='ocrx_word' id='word_1_156' title='bbox 1368 2260 1601 2333; x_wconf 89' lang='lat' dir='ltr'><strong>proprio</strong></span> <span class='ocrx_word' id='word_1_157' title='bbox 1646 2264 1954 2315; x_wconf 89' lang='lat' dir='ltr'><strong>auctorum</strong></span> 
     </span>
    </p>
   </div>
   <div class='ocr_carea' id='block_1_22' title="bbox 298 2348 1957 2422">
    <p class='ocr_par' dir='ltr' id='par_1_22' title="bbox 298 2348 1957 2422">
     <span class='ocr_line' id='line_1_22' title="bbox 298 2348 1957 2422; baseline -0.001 -18"><span class='ocrx_word' id='word_1_158' title='bbox 298 2348 558 2421; x_wconf 89' lang='lat' dir='ltr'><strong>ingenio,</strong></span> <span class='ocrx_word' id='word_1_159' title='bbox 590 2349 693 2405; x_wconf 88' lang='lat' dir='ltr'><strong>sed</strong></span> <span class='ocrx_word' id='word_1_160' title='bbox 712 2366 781 2405; x_wconf 83' lang='lat' dir='ltr'><strong>ex</strong></span> <span class='ocrx_word' id='word_1_161' title='bbox 802 2349 1062 2422; x_wconf 84' lang='lat' dir='ltr'><strong>priorum</strong></span> <span class='ocrx_word' id='word_1_162' title='bbox 1086 2349 1441 2421; x_wconf 88' lang='lat' dir='ltr'><strong>scriptorum</strong></span> <span class='ocrx_word' id='word_1_163' title='bbox 1464 2348 1802 2404; x_wconf 88' lang='lat' dir='ltr'><strong>testimonio</strong></span> <span class='ocrx_word' id='word_1_164' title='bbox 1824 2365 1957 2404; x_wconf 90' lang='lat' dir='ltr'><strong>con-</strong></span> 
     </span>
    </p>
   </div>
   <div class='ocr_carea' id='block_1_23' title="bbox 299 2436 1957 2511">
    <p class='ocr_par' dir='ltr' id='par_1_23' title="bbox 299 2436 1957 2511">
     <span class='ocr_line' id='line_1_23' title="bbox 299 2436 1957 2511; baseline -0.002 -18"><span class='ocrx_word' id='word_1_165' title='bbox 299 2437 525 2493; x_wconf 87' lang='lat' dir='ltr'><strong>cinnari</strong></span> <span class='ocrx_word' id='word_1_166' title='bbox 559 2454 752 2509; x_wconf 88' lang='lat' dir='ltr'><strong>posse,</strong></span> <span class='ocrx_word' id='word_1_167' title='bbox 783 2439 1026 2511; x_wconf 88' lang='lat' dir='ltr'><strong>resipsa</strong></span> <span class='ocrx_word' id='word_1_168' title='bbox 1048 2436 1330 2509; x_wconf 85' lang='lat' dir='ltr'><strong>loquitur.</strong></span> <span class='ocrx_word' id='word_1_169' title='bbox 1367 2438 1428 2493; x_wconf 91' lang='lat' dir='ltr'><strong>Id</strong></span> <span class='ocrx_word' id='word_1_170' title='bbox 1454 2454 1638 2492; x_wconf 90' lang='lat' dir='ltr'><strong>unum</strong></span> <span class='ocrx_word' id='word_1_171' title='bbox 1664 2436 1755 2493; x_wconf 87' lang='lat' dir='ltr'><strong>hic</strong></span> <span class='ocrx_word' id='word_1_172' title='bbox 1781 2437 1957 2492; x_wconf 88' lang='lat' dir='ltr'><strong>refert</strong></span> 
     </span>
    </p>
   </div>
   <div class='ocr_carea' id='block_1_24' title="bbox 301 2520 1951 2600">
    <p class='ocr_par' dir='ltr' id='par_1_24' title="bbox 301 2520 1951 2600">
     <span class='ocr_line' id='line_1_24' title="bbox 301 2520 1951 2600; baseline -0.001 -19"><span class='ocrx_word' id='word_1_173' title='bbox 301 2520 417 2598; x_wconf 78' lang='lat' dir='ltr'><strong>quo</strong></span> <span class='ocrx_word' id='word_1_174' title='bbox 450 2527 612 2582; x_wconf 77' lang='lat' dir='ltr'><strong>fonte</strong></span> <span class='ocrx_word' id='word_1_175' title='bbox 636 2527 893 2594; x_wconf 84' lang='lat' dir='ltr'><strong>bibatur,</strong></span> <span class='ocrx_word' id='word_1_176' title='bbox 915 2531 974 2582; x_wconf 89' lang='lat' dir='ltr'><strong>et</strong></span> <span class='ocrx_word' id='word_1_177' title='bbox 997 2543 1113 2600; x_wconf 91' lang='lat' dir='ltr'><strong>qua</strong></span> <span class='ocrx_word' id='word_1_178' title='bbox 1135 2527 1249 2582; x_wconf 82' lang='lat' dir='ltr'><strong>ﬁde</strong></span> <span class='ocrx_word' id='word_1_179' title='bbox 1271 2543 1364 2582; x_wconf 89' lang='lat' dir='ltr'><strong>res</strong></span> <span class='ocrx_word' id='word_1_180' title='bbox 1381 2530 1559 2599; x_wconf 61' lang='lat' dir='ltr'><strong>gesta:</strong></span> <span class='ocrx_word' id='word_1_181' title='bbox 1582 2530 1951 2581; x_wconf 89' lang='lat' dir='ltr'><strong>enarrentur.</strong></span> 
     </span>
    </p>
   </div>
   <div class='ocr_carea' id='block_1_25' title="bbox 299 2613 1953 2686">
    <p class='ocr_par' dir='ltr' id='par_1_25' title="bbox 299 2613 1953 2686">
     <span class='ocr_line' id='line_1_25' title="bbox 299 2613 1953 2686; baseline -0.002 -15"><span class='ocrx_word' id='word_1_182' title='bbox 299 2615 380 2671; x_wconf 89' lang='lat' dir='ltr'><strong>De</strong></span> <span class='ocrx_word' id='word_1_183' title='bbox 411 2615 750 2671; x_wconf 82' lang='lat' dir='ltr'><strong>Hermanno</strong></span> <span class='ocrx_word' id='word_1_184' title='bbox 772 2613 913 2670; x_wconf 68' lang='lat' dir='ltr'><strong>Vitae</strong></span> <span class='ocrx_word' id='word_1_185' title='bbox 932 2615 1062 2686; x_wconf 87' lang='lat' dir='ltr'><strong>ejus</strong></span> <span class='ocrx_word' id='word_1_186' title='bbox 1083 2615 1335 2686; x_wconf 87' lang='lat' dir='ltr'><strong>scriptor</strong></span> <span class='ocrx_word' id='word_1_187' title='bbox 1352 2619 1603 2670; x_wconf 86' lang='lat' dir='ltr'><strong>testatur</strong></span> <span class='ocrx_word' id='word_1_188' title='bbox 1619 2615 1770 2686; x_wconf 89' lang='lat' dir='ltr'><strong>quod</strong></span> <span class='ocrx_word' id='word_1_189' title='bbox 1798 2615 1953 2670; x_wconf 78' lang='lat' dir='ltr'><strong>libel-</strong></span> 
     </span>
    </p>
   </div>
   <div class='ocr_carea' id='block_1_26' title="bbox 298 2703 1955 2774">
    <p class='ocr_par' dir='ltr' id='par_1_26' title="bbox 298 2703 1955 2774">
     <span class='ocr_line' id='line_1_26' title="bbox 298 2703 1955 2774; baseline -0.001 -15"><span class='ocrx_word' id='word_1_190' title='bbox 298 2704 417 2759; x_wconf 82' lang='lat' dir='ltr'><strong>lum</strong></span> <span class='ocrx_word' id='word_1_191' title='bbox 472 2704 868 2760; x_wconf 78' lang='lat' dir='ltr'><strong>Chronirorum</strong></span> <span class='ocrx_word' id='word_1_192' title='bbox 932 2704 1287 2774; x_wconf 80' lang='lat' dir='ltr'><strong>undecunque</strong></span> <span class='ocrx_word' id='word_1_193' title='bbox 1342 2704 1613 2759; x_wconf 67' lang='lat' dir='ltr'><strong>laborioxa</strong></span> <span class='ocrx_word' id='word_1_194' title='bbox 1664 2703 1955 2769; x_wconf 77' lang='lat' dir='ltr'><strong>diligentia</strong></span> 
     </span>
    </p>
   </div>
   <div class='ocr_carea' id='block_1_27' title="bbox 298 2786 1954 2865">
    <p class='ocr_par' dir='ltr' id='par_1_27' title="bbox 298 2786 1954 2865">
     <span class='ocr_line' id='line_1_27' title="bbox 298 2786 1954 2865; baseline -0.001 -17"><span class='ocrx_word' id='word_1_195' title='bbox 298 2786 625 2865; x_wconf 82' lang='lat' dir='ltr'><strong>collegerit.</strong></span> <span class='ocrx_word' id='word_1_196' title='bbox 662 2792 874 2848; x_wconf 81' lang='lat' dir='ltr'><strong>Fontes</strong></span> <span class='ocrx_word' id='word_1_197' title='bbox 905 2791 1058 2859; x_wconf 90' lang='lat' dir='ltr'><strong>illos,</strong></span> <span class='ocrx_word' id='word_1_198' title='bbox 1093 2793 1422 2865; x_wconf 61' lang='lat' dir='ltr'><strong>praecipuos</strong></span> <span class='ocrx_word' id='word_1_199' title='bbox 1471 2792 1704 2858; x_wconf 86' lang='lat' dir='ltr'><strong>saltem,</strong></span> <span class='ocrx_word' id='word_1_200' title='bbox 1753 2793 1954 2848; x_wconf 90' lang='lat' dir='ltr'><strong>Mona-</strong></span> 
     </span>
    </p>
   </div>
   <div class='ocr_carea' id='block_1_28' title="bbox 296 2881 1955 2938">
    <p class='ocr_par' dir='ltr' id='par_1_28' title="bbox 296 2881 1955 2938">
     <span class='ocr_line' id='line_1_28' title="bbox 296 2881 1955 2938; baseline -0.001 -1"><span class='ocrx_word' id='word_1_201' title='bbox 296 2883 494 2938; x_wconf 88' lang='lat' dir='ltr'><strong>censis</strong></span> <span class='ocrx_word' id='word_1_202' title='bbox 526 2881 795 2937; x_wconf 83' lang='lat' dir='ltr'><strong>Bernoldi</strong></span> <span class='ocrx_word' id='word_1_203' title='bbox 841 2882 1021 2937; x_wconf 83' lang='lat' dir='ltr'><strong>codex</strong></span> <span class='ocrx_word' id='word_1_204' title='bbox 1075 2881 1169 2937; x_wconf 90' lang='lat' dir='ltr'><strong>his</strong></span> <span class='ocrx_word' id='word_1_205' title='bbox 1199 2881 1393 2937; x_wconf 90' lang='lat' dir='ltr'><strong>verbis</strong></span> <span class='ocrx_word' id='word_1_206' title='bbox 1437 2881 1704 2936; x_wconf 87' lang='lat' dir='ltr'><strong>indicat:</strong></span> <span class='ocrx_word' id='word_1_207' title='bbox 1766 2882 1955 2936; x_wconf 76' lang='lat' dir='ltr'><strong>Insunt</strong></span> 
     </span>
    </p>
   </div>
   <div class='ocr_carea' id='block_1_29' title="bbox 296 2970 1953 3041">
    <p class='ocr_par' dir='ltr' id='par_1_29' title="bbox 296 2970 1953 3041">
     <span class='ocr_line' id='line_1_29' title="bbox 296 2970 1953 3041; baseline -0.001 -16"><span class='ocrx_word' id='word_1_208' title='bbox 296 2972 554 3027; x_wconf 75' lang='lat' dir='ltr'><strong>auctores</strong></span> <span class='ocrx_word' id='word_1_209' title='bbox 577 2970 970 3027; x_wconf 81' lang='lat' dir='ltr'><strong>Chrom&#39;corum</strong></span> <span class='ocrx_word' id='word_1_210' title='bbox 992 2970 1274 3034; x_wconf 75' lang='lat' dir='ltr'><strong>Eusebius,</strong></span> <span class='ocrx_word' id='word_1_211' title='bbox 1300 2971 1685 3041; x_wconf 77' lang='lat' dir='ltr'><strong>Hieronymus,</strong></span> <span class='ocrx_word' id='word_1_212' title='bbox 1700 2970 1953 3041; x_wconf 83' lang='lat' dir='ltr'><strong>Prosper,</strong></span> 
     </span>
    </p>
   </div>
   <div class='ocr_carea' id='block_1_30' title="bbox 298 3059 1955 3132">
    <p class='ocr_par' dir='ltr' id='par_1_30' title="bbox 298 3059 1955 3132">
     <span class='ocr_line' id='line_1_30' title="bbox 298 3059 1955 3132; baseline -0.002 -16"><span class='ocrx_word' id='word_1_213' title='bbox 298 3060 624 3132; x_wconf 76' lang='lat' dir='ltr'><strong>Dionysius,</strong></span> <span class='ocrx_word' id='word_1_214' title='bbox 683 3059 963 3125; x_wconf 82' lang='lat' dir='ltr'><strong>Jordanes,</strong></span> <span class='ocrx_word' id='word_1_215' title='bbox 1022 3060 1186 3116; x_wconf 87' lang='lat' dir='ltr'><strong>Beda.</strong></span> <span class='ocrx_word' id='word_1_216' title='bbox 1221 3059 1385 3115; x_wconf 88' lang='lat' dir='ltr'><strong>Unde</strong></span> <span class='ocrx_word' id='word_1_217' title='bbox 1415 3059 1592 3115; x_wconf 90' lang='lat' dir='ltr'><strong>etiam</strong></span> <span class='ocrx_word' id='word_1_218' title='bbox 1626 3063 1792 3114; x_wconf 89' lang='lat' dir='ltr'><strong>caute</strong></span> <span class='ocrx_word' id='word_1_219' title='bbox 1852 3074 1955 3130; x_wconf 91' lang='lat' dir='ltr'><strong>per</strong></span> 
     </span>
    </p>
   </div>
   <div class='ocr_carea' id='block_1_31' title="bbox 295 3145 1955 3221">
    <p class='ocr_par' dir='ltr' id='par_1_31' title="bbox 295 3145 1955 3221">
     <span class='ocr_line' id='line_1_31' title="bbox 295 3145 1955 3221; baseline -0.002 -17"><span class='ocrx_word' id='word_1_220' title='bbox 295 3146 623 3205; x_wconf 88' lang='lat' dir='ltr'><strong>decursum</strong></span> <span class='ocrx_word' id='word_1_221' title='bbox 642 3149 956 3206; x_wconf 82' lang='lat' dir='ltr'><strong>adnotatur</strong></span> <span class='ocrx_word' id='word_1_222' title='bbox 969 3165 1085 3221; x_wconf 87' lang='lat' dir='ltr'><strong>quo</strong></span> <span class='ocrx_word' id='word_1_223' title='bbox 1098 3164 1253 3204; x_wconf 90' lang='lat' dir='ltr'><strong>anno</strong></span> <span class='ocrx_word' id='word_1_224' title='bbox 1267 3147 1762 3220; x_wconf 89' lang='lat' dir='ltr'><strong>quisqueillorum</strong></span> <span class='ocrx_word' id='word_1_225' title='bbox 1782 3145 1955 3201; x_wconf 87' lang='lat' dir='ltr'><strong>Chro-</strong></span> 
     </span>
    </p>
   </div>
   <div class='ocr_carea' id='block_1_32' title="bbox 295 3234 1951 3308">
    <p class='ocr_par' dir='ltr' id='par_1_32' title="bbox 295 3234 1951 3308">
     <span class='ocr_line' id='line_1_32' title="bbox 295 3234 1951 3308; baseline -0.002 -15"><span class='ocrx_word' id='word_1_226' title='bbox 295 3238 468 3293; x_wconf 88' lang='lat' dir='ltr'><strong>nicon</strong></span> <span class='ocrx_word' id='word_1_227' title='bbox 495 3255 675 3294; x_wconf 86' lang='lat' dir='ltr'><strong>suum</strong></span> <span class='ocrx_word' id='word_1_228' title='bbox 690 3237 1023 3294; x_wconf 88' lang='lat' dir='ltr'><strong>absolverit.</strong></span> <span class='ocrx_word' id='word_1_229' title='bbox 1048 3241 1260 3293; x_wconf 73' lang='lat' dir='ltr'><strong>Praeter</strong></span> <span class='ocrx_word' id='word_1_230' title='bbox 1280 3237 1386 3292; x_wconf 89' lang='lat' dir='ltr'><strong>hos</strong></span> <span class='ocrx_word' id='word_1_231' title='bbox 1399 3253 1530 3292; x_wconf 91' lang='lat' dir='ltr'><strong>vero</strong></span> <span class='ocrx_word' id='word_1_232' title='bbox 1551 3234 1747 3308; x_wconf 89' lang='lat' dir='ltr'><strong>plures</strong></span> <span class='ocrx_word' id='word_1_233' title='bbox 1760 3235 1951 3291; x_wconf 87' lang='lat' dir='ltr'><strong>adhuc</strong></span> 
     </span>
    </p>
   </div>
   <div class='ocr_carea' id='block_1_33' title="bbox 2074 664 3720 740">
    <p class='ocr_par' dir='ltr' id='par_1_33' title="bbox 2074 664 3720 740">
     <span class='ocr_line' id='line_1_33' title="bbox 2074 664 3720 740; baseline 0.004 -24"><span class='ocrx_word' id='word_1_234' title='bbox 2074 664 2480 721; x_wconf 82' lang='lat' dir='ltr'><strong>Aventieensis</strong></span> <span class='ocrx_word' id='word_1_235' title='bbox 2511 683 2614 721; x_wconf 91' lang='lat' dir='ltr'><strong>seu</strong></span> <span class='ocrx_word' id='word_1_236' title='bbox 2648 667 3085 723; x_wconf 87' lang='lat' dir='ltr'><strong>Lausannensis</strong></span> <span class='ocrx_word' id='word_1_237' title='bbox 3106 669 3416 740; x_wconf 87' lang='lat' dir='ltr'><strong>episcopus</strong></span> <span class='ocrx_word' id='word_1_238' title='bbox 3450 668 3522 722; x_wconf 90' lang='lat' dir='ltr'><strong>ab</strong></span> <span class='ocrx_word' id='word_1_239' title='bbox 3566 683 3720 723; x_wconf 84' lang='lat' dir='ltr'><strong>anno</strong></span> 
     </span>
    </p>
   </div>
   <div class='ocr_carea' id='block_1_34' title="bbox 2072 752 3711 828">
    <p class='ocr_par' dir='ltr' id='par_1_34' title="bbox 2072 752 3711 828">
     <span class='ocr_line' id='line_1_34' title="bbox 2072 752 3711 828; baseline 0.004 -23"><span class='ocrx_word' id='word_1_240' title='bbox 2072 752 2181 805; x_wconf 86' lang='grc'><strong>455</strong></span> <span class='ocrx_word' id='word_1_241' title='bbox 2211 769 2399 824; x_wconf 89' lang='lat' dir='ltr'><strong>usque</strong></span> <span class='ocrx_word' id='word_1_242' title='bbox 2423 754 2522 809; x_wconf 87' lang='lat'><strong>591</strong></span> <span class='ocrx_word' id='word_1_243' title='bbox 2559 756 2711 827; x_wconf 88' lang='lat' dir='ltr'><strong>apud</strong></span> <span class='ocrx_word' id='word_1_244' title='bbox 2741 757 2815 810; x_wconf 89' lang='lat' dir='ltr'><strong>du</strong></span> <span class='ocrx_word' id='word_1_245' title='bbox 2849 757 3072 811; x_wconf 89' lang='lat' dir='ltr'><strong>Chesne</strong></span> <span class='ocrx_word' id='word_1_246' title='bbox 3104 755 3142 812; x_wconf 92' lang='lat' dir='ltr'><strong>l.</strong></span> <span class='ocrx_word' id='word_1_247' title='bbox 3176 774 3225 811; x_wconf 92' lang='lat' dir='ltr'><strong>c.</strong></span> <span class='ocrx_word' id='word_1_248' title='bbox 3260 774 3315 828; x_wconf 88' lang='lat' dir='ltr'><strong>p.</strong></span> <span class='ocrx_word' id='word_1_249' title='bbox 3346 758 3452 811; x_wconf 84' lang='lat'><strong>210</strong></span> <span class='ocrx_word' id='word_1_250' title='bbox 3480 761 3537 811; x_wconf 90' lang='lat' dir='ltr'><strong>et</strong></span> <span class='ocrx_word' id='word_1_251' title='bbox 3568 757 3625 810; x_wconf 91' lang='lat' dir='ltr'><strong>in</strong></span> <span class='ocrx_word' id='word_1_252' title='bbox 3650 755 3711 812; x_wconf 84' lang='lat' dir='ltr'><strong>P.</strong></span> 
     </span>
    </p>
   </div>
   <div class='ocr_carea' id='block_1_35' title="bbox 2070 839 3723 917">
    <p class='ocr_par' dir='ltr' id='par_1_35' title="bbox 2070 839 3723 917">
     <span class='ocr_line' id='line_1_35' title="bbox 2070 839 3723 917; baseline 0.004 -23"><span class='ocrx_word' id='word_1_253' title='bbox 2070 839 2335 911; x_wconf 90' lang='lat' dir='ltr'><strong>Bouquet</strong></span> <span class='ocrx_word' id='word_1_254' title='bbox 2347 842 2661 899; x_wconf 86' lang='lat' dir='ltr'><strong>novissima</strong></span> <span class='ocrx_word' id='word_1_255' title='bbox 2676 844 3024 899; x_wconf 86' lang='lat' dir='ltr'><strong>Collectione</strong></span> <span class='ocrx_word' id='word_1_256' title='bbox 3039 845 3404 917; x_wconf 84' lang='lat' dir='ltr'><strong>Scriptorum</strong></span> <span class='ocrx_word' id='word_1_257' title='bbox 3425 846 3723 901; x_wconf 75' lang='lat' dir='ltr'><strong>Francica-</strong></span> 
     </span>
    </p>
   </div>
   <div class='ocr_carea' id='block_1_36' title="bbox 2069 932 2723 1003">
    <p class='ocr_par' dir='ltr' id='par_1_36' title="bbox 2069 932 2723 1003">
     <span class='ocr_line' id='line_1_36' title="bbox 2069 932 2723 1003; baseline 0.008 -21"><span class='ocrx_word' id='word_1_258' title='bbox 2069 944 2223 994; x_wconf 90' lang='lat' dir='ltr'><strong>rum,</strong></span> <span class='ocrx_word' id='word_1_259' title='bbox 2255 932 2398 986; x_wconf 91' lang='lat' dir='ltr'><strong>tom.</strong></span> <span class='ocrx_word' id='word_1_260' title='bbox 2435 932 2502 1000; x_wconf 91' lang='lat' dir='ltr'><strong>II,</strong></span> <span class='ocrx_word' id='word_1_261' title='bbox 2538 948 2594 1003; x_wconf 91' lang='lat' dir='ltr'><strong>p.</strong></span> <span class='ocrx_word' id='word_1_262' title='bbox 2640 933 2723 987; x_wconf 89' lang='lat'><strong>12.</strong></span> 
     </span>
    </p>
   </div>
   <div class='ocr_carea' id='block_1_37' title="bbox 2137 1018 3717 1093">
    <p class='ocr_par' dir='ltr' id='par_1_37' title="bbox 2137 1018 3717 1093">
     <span class='ocr_line' id='line_1_37' title="bbox 2137 1018 3717 1093; baseline 0.005 -23"><span class='ocrx_word' id='word_1_263' title='bbox 2137 1018 2222 1071; x_wconf 83' lang='lat' dir='ltr'><strong>Ad</strong></span> <span class='ocrx_word' id='word_1_264' title='bbox 2258 1018 2590 1091; x_wconf 84' lang='lat' dir='ltr'><strong>Hieronymi</strong></span> <span class='ocrx_word' id='word_1_265' title='bbox 2621 1020 3054 1075; x_wconf 87' lang='lat' dir='ltr'><strong>continuatores</strong></span> <span class='ocrx_word' id='word_1_266' title='bbox 3078 1037 3310 1093; x_wconf 89' lang='lat' dir='ltr'><strong>quoque</strong></span> <span class='ocrx_word' id='word_1_267' title='bbox 3342 1026 3566 1093; x_wconf 87' lang='lat' dir='ltr'><strong>spectat</strong></span> <span class='ocrx_word' id='word_1_268' title='bbox 3596 1023 3717 1078; x_wconf 81' lang='lat' dir='ltr'><strong>Ida-</strong></span> 
     </span>
    </p>
   </div>
   <div class='ocr_carea' id='block_1_38' title="bbox 2068 1103 3719 1182">
    <p class='ocr_par' dir='ltr' id='par_1_38' title="bbox 2068 1103 3719 1182">
     <span class='ocr_line' id='line_1_38' title="bbox 2068 1103 3719 1182; baseline 0.005 -23"><span class='ocrx_word' id='word_1_269' title='bbox 2068 1103 2194 1160; x_wconf 90' lang='lat' dir='ltr'><strong>cius</strong></span> <span class='ocrx_word' id='word_1_270' title='bbox 2227 1106 2581 1163; x_wconf 87' lang='lat' dir='ltr'><strong>Lemieensis</strong></span> <span class='ocrx_word' id='word_1_271' title='bbox 2604 1109 2663 1162; x_wconf 90' lang='lat' dir='ltr'><strong>in</strong></span> <span class='ocrx_word' id='word_1_272' title='bbox 2696 1108 2966 1163; x_wconf 67' lang='lat' dir='ltr'><strong>Gallaecia</strong></span> <span class='ocrx_word' id='word_1_273' title='bbox 2988 1110 3317 1182; x_wconf 86' lang='lat' dir='ltr'><strong>episcopus,</strong></span> <span class='ocrx_word' id='word_1_274' title='bbox 3352 1112 3522 1182; x_wconf 89' lang='lat' dir='ltr'><strong>cujus</strong></span> <span class='ocrx_word' id='word_1_275' title='bbox 3543 1111 3719 1167; x_wconf 89' lang='lat' dir='ltr'><strong>Chro-</strong></span> 
     </span>
    </p>
   </div>
   <div class='ocr_carea' id='block_1_39' title="bbox 2068 1194 3711 1268">
    <p class='ocr_par' dir='ltr' id='par_1_39' title="bbox 2068 1194 3711 1268">
     <span class='ocr_line' id='line_1_39' title="bbox 2068 1194 3711 1268; baseline 0.005 -21"><span class='ocrx_word' id='word_1_276' title='bbox 2068 1194 2239 1248; x_wconf 88' lang='lat' dir='ltr'><strong>nicon</strong></span> <span class='ocrx_word' id='word_1_277' title='bbox 2272 1196 2343 1250; x_wconf 87' lang='lat' dir='ltr'><strong>ab</strong></span> <span class='ocrx_word' id='word_1_278' title='bbox 2376 1196 2447 1251; x_wconf 83' lang='lat' dir='ltr'><strong>ab</strong></span> <span class='ocrx_word' id='word_1_279' title='bbox 2480 1213 2633 1251; x_wconf 89' lang='lat' dir='ltr'><strong>anno</strong></span> <span class='ocrx_word' id='word_1_280' title='bbox 2650 1198 2755 1251; x_wconf 87' lang='lat'><strong>379</strong></span> <span class='ocrx_word' id='word_1_281' title='bbox 2789 1213 2973 1268; x_wconf 90' lang='lat' dir='ltr'><strong>usque</strong></span> <span class='ocrx_word' id='word_1_282' title='bbox 2994 1199 3094 1251; x_wconf 79' lang='grc'><strong>467</strong></span> <span class='ocrx_word' id='word_1_283' title='bbox 3118 1197 3257 1253; x_wconf 88' lang='lat' dir='ltr'><strong>locis</strong></span> <span class='ocrx_word' id='word_1_284' title='bbox 3280 1199 3474 1255; x_wconf 84' lang='lat' dir='ltr'><strong>citatis</strong></span> <span class='ocrx_word' id='word_1_285' title='bbox 3524 1200 3711 1255; x_wconf 90' lang='lat' dir='ltr'><strong>conti-</strong></span> 
     </span>
    </p>
   </div>
   <div class='ocr_carea' id='block_1_40' title="bbox 2063 1284 3703 1357">
    <p class='ocr_par' dir='ltr' id='par_1_40' title="bbox 2063 1284 3703 1357">
     <span class='ocr_line' id='line_1_40' title="bbox 2063 1284 3703 1357; baseline 0.005 -21"><span class='ocrx_word' id='word_1_286' title='bbox 2063 1287 2254 1338; x_wconf 88' lang='lat' dir='ltr'><strong>netur.</strong></span> <span class='ocrx_word' id='word_1_287' title='bbox 2288 1284 2429 1339; x_wconf 95' lang='lat' dir='ltr'><strong>ltem</strong></span> <span class='ocrx_word' id='word_1_288' title='bbox 2462 1285 2834 1341; x_wconf 82' lang='lat' dir='ltr'><strong>Marcellinus</strong></span> <span class='ocrx_word' id='word_1_289' title='bbox 2861 1301 3057 1340; x_wconf 89' lang='lat' dir='ltr'><strong>comes</strong></span> <span class='ocrx_word' id='word_1_290' title='bbox 3092 1285 3326 1357; x_wconf 86' lang='lat' dir='ltr'><strong>Illyrici,</strong></span> <span class='ocrx_word' id='word_1_291' title='bbox 3362 1289 3433 1342; x_wconf 93' lang='lat' dir='ltr'><strong>ab</strong></span> <span class='ocrx_word' id='word_1_292' title='bbox 3466 1304 3559 1343; x_wconf 86' lang='lat' dir='ltr'><strong>an.</strong></span> <span class='ocrx_word' id='word_1_293' title='bbox 3593 1290 3703 1343; x_wconf 89' lang='lat'><strong>379</strong></span> 
     </span>
    </p>
   </div>
   <div class='ocr_carea' id='block_1_41' title="bbox 2066 1373 3718 1447">
    <p class='ocr_par' dir='ltr' id='par_1_41' title="bbox 2066 1373 3718 1447">
     <span class='ocr_line' id='line_1_41' title="bbox 2066 1373 3718 1447; baseline 0.004 -22"><span class='ocrx_word' id='word_1_294' title='bbox 2066 1386 2252 1443; x_wconf 86' lang='lat' dir='ltr'><strong>usque</strong></span> <span class='ocrx_word' id='word_1_295' title='bbox 2280 1373 2387 1427; x_wconf 84' lang='lat'><strong>566</strong></span> <span class='ocrx_word' id='word_1_296' title='bbox 2416 1373 2473 1428; x_wconf 90' lang='lat' dir='ltr'><strong>in</strong></span> <span class='ocrx_word' id='word_1_297' title='bbox 2499 1373 2791 1446; x_wconf 83' lang='lat' dir='ltr'><strong>Scaligero</strong></span> <span class='ocrx_word' id='word_1_298' title='bbox 2833 1379 2889 1429; x_wconf 90' lang='lat' dir='ltr'><strong>et</strong></span> <span class='ocrx_word' id='word_1_299' title='bbox 2913 1376 3203 1445; x_wconf 87' lang='lat' dir='ltr'><strong>Bouquet.</strong></span> <span class='ocrx_word' id='word_1_300' title='bbox 3229 1376 3341 1429; x_wconf 80' lang='lat' dir='ltr'><strong>Nec</strong></span> <span class='ocrx_word' id='word_1_301' title='bbox 3363 1382 3718 1447; x_wconf 64' lang='lat' dir='ltr'><strong>praetereun-</strong></span> 
     </span>
    </p>
   </div>
   <div class='ocr_carea' id='block_1_42' title="bbox 2067 1459 3717 1536">
    <p class='ocr_par' dir='ltr' id='par_1_42' title="bbox 2067 1459 3717 1536">
     <span class='ocr_line' id='line_1_42' title="bbox 2067 1459 3717 1536; baseline 0.004 -23"><span class='ocrx_word' id='word_1_302' title='bbox 2067 1459 2178 1514; x_wconf 90' lang='lat' dir='ltr'><strong>dus</strong></span> <span class='ocrx_word' id='word_1_303' title='bbox 2208 1461 2611 1529; x_wconf 86' lang='lat' dir='ltr'><strong>Cassiodorus,</strong></span> <span class='ocrx_word' id='word_1_304' title='bbox 2644 1465 2816 1533; x_wconf 82' lang='lat' dir='ltr'><strong>cujus</strong></span> <span class='ocrx_word' id='word_1_305' title='bbox 2844 1463 3170 1518; x_wconf 87' lang='lat' dir='ltr'><strong>Chronicon</strong></span> <span class='ocrx_word' id='word_1_306' title='bbox 3196 1480 3382 1536; x_wconf 88' lang='lat' dir='ltr'><strong>usque</strong></span> <span class='ocrx_word' id='word_1_307' title='bbox 3404 1466 3475 1519; x_wconf 87' lang='lat' dir='ltr'><strong>ad</strong></span> <span class='ocrx_word' id='word_1_308' title='bbox 3498 1483 3717 1520; x_wconf 90' lang='lat' dir='ltr'><strong>annum</strong></span> 
     </span>
    </p>
   </div>
   <div class='ocr_carea' id='block_1_43' title="bbox 2063 1549 3715 1630">
    <p class='ocr_par' dir='ltr' id='par_1_43' title="bbox 2063 1549 3715 1630">
     <span class='ocr_line' id='line_1_43' title="bbox 2063 1549 3715 1630; baseline 0.004 -28"><span class='ocrx_word' id='word_1_309' title='bbox 2063 1549 2171 1602; x_wconf 87' lang='grc'><strong>519</strong></span> <span class='ocrx_word' id='word_1_310' title='bbox 2192 1549 2406 1621; x_wconf 81' lang='lat' dir='ltr'><strong>legitur</strong></span> <span class='ocrx_word' id='word_1_311' title='bbox 2426 1552 2718 1623; x_wconf 89' lang='lat' dir='ltr'><strong>interejus</strong></span> <span class='ocrx_word' id='word_1_312' title='bbox 2737 1551 3715 1630; x_wconf 64' lang='lat' dir='ltr'><strong>Opera,tom.Il,p.355,edit.Venet.</strong></span> 
     </span>
    </p>
   </div>
   <div class='ocr_carea' id='block_1_44' title="bbox 2068 1639 3719 1698">
    <p class='ocr_par' dir='ltr' id='par_1_44' title="bbox 2068 1639 3719 1698">
     <span class='ocr_line' id='line_1_44' title="bbox 2068 1639 3719 1698; baseline 0.002 -4"><span class='ocrx_word' id='word_1_313' title='bbox 2068 1653 2164 1694; x_wconf 86' lang='lat' dir='ltr'><strong>an.</strong></span> <span class='ocrx_word' id='word_1_314' title='bbox 2203 1639 2361 1695; x_wconf 83' lang='lat'><strong>1729.</strong></span> <span class='ocrx_word' id='word_1_315' title='bbox 2402 1641 2641 1696; x_wconf 83' lang='lat' dir='ltr'><strong>Exstant</strong></span> <span class='ocrx_word' id='word_1_316' title='bbox 2662 1641 2720 1695; x_wconf 89' lang='lat' dir='ltr'><strong>hi</strong></span> <span class='ocrx_word' id='word_1_317' title='bbox 2746 1643 2861 1697; x_wconf 89' lang='lat' dir='ltr'><strong>fere</strong></span> <span class='ocrx_word' id='word_1_318' title='bbox 2878 1657 3082 1696; x_wconf 87' lang='lat' dir='ltr'><strong>omnes</strong></span> <span class='ocrx_word' id='word_1_319' title='bbox 3104 1642 3279 1696; x_wconf 90' lang='lat' dir='ltr'><strong>etiam</strong></span> <span class='ocrx_word' id='word_1_320' title='bbox 3301 1642 3358 1696; x_wconf 90' lang='lat' dir='ltr'><strong>in</strong></span> <span class='ocrx_word' id='word_1_321' title='bbox 3386 1659 3534 1697; x_wconf 87' lang='lat' dir='ltr'><strong>nova</strong></span> <span class='ocrx_word' id='word_1_322' title='bbox 3555 1643 3719 1698; x_wconf 83' lang='lat' dir='ltr'><strong>chro-</strong></span> 
     </span>
    </p>
   </div>
   <div class='ocr_carea' id='block_1_45' title="bbox 2068 1728 3716 1787">
    <p class='ocr_par' dir='ltr' id='par_1_45' title="bbox 2068 1728 3716 1787">
     <span class='ocr_line' id='line_1_45' title="bbox 2068 1728 3716 1787; baseline 0.002 -5"><span class='ocrx_word' id='word_1_323' title='bbox 2068 1728 2338 1783; x_wconf 88' lang='lat' dir='ltr'><strong>nieorum</strong></span> <span class='ocrx_word' id='word_1_324' title='bbox 2370 1728 2623 1785; x_wconf 86' lang='lat' dir='ltr'><strong>editione</strong></span> <span class='ocrx_word' id='word_1_325' title='bbox 2646 1730 2838 1786; x_wconf 86' lang='lat' dir='ltr'><strong>Patav.</strong></span> <span class='ocrx_word' id='word_1_326' title='bbox 2862 1745 2953 1784; x_wconf 87' lang='lat' dir='ltr'><strong>an.</strong></span> <span class='ocrx_word' id='word_1_327' title='bbox 2998 1730 3137 1783; x_wconf 89' lang='grc'>1787</span> <span class='ocrx_word' id='word_1_328' title='bbox 3159 1745 3193 1784; x_wconf 88' lang='lat' dir='ltr'><strong>a</strong></span> <span class='ocrx_word' id='word_1_329' title='bbox 3214 1729 3510 1787; x_wconf 80' lang='lat' dir='ltr'><strong>Roncallio</strong></span> <span class='ocrx_word' id='word_1_330' title='bbox 3548 1730 3716 1786; x_wconf 88' lang='lat' dir='ltr'><strong>ador-</strong></span> 
     </span>
    </p>
   </div>
   <div class='ocr_carea' id='block_1_46' title="bbox 2069 1821 2226 1872">
    <p class='ocr_par' dir='ltr' id='par_1_46' title="bbox 2069 1821 2226 1872">
     <span class='ocr_line' id='line_1_46' title="bbox 2069 1821 2226 1872; baseline 0.006 -1"><span class='ocrx_word' id='word_1_331' title='bbox 2069 1821 2226 1872; x_wconf 88' lang='lat' dir='ltr'><strong>nata.</strong></span> 
     </span>
    </p>
   </div>
   <div class='ocr_carea' id='block_1_47' title="bbox 2138 1906 3713 1979">
    <p class='ocr_par' dir='ltr' id='par_1_47' title="bbox 2138 1906 3713 1979">
     <span class='ocr_line' id='line_1_47' title="bbox 2138 1906 3713 1979; baseline 0.003 -20"><span class='ocrx_word' id='word_1_332' title='bbox 2138 1906 2361 1970; x_wconf 88' lang='lat' dir='ltr'><strong>Quibus</strong></span> <span class='ocrx_word' id='word_1_333' title='bbox 2392 1908 2628 1979; x_wconf 87' lang='lat' dir='ltr'><strong>quidem</strong></span> <span class='ocrx_word' id='word_1_334' title='bbox 2662 1908 2889 1963; x_wconf 87' lang='lat' dir='ltr'><strong>cunctis</strong></span> <span class='ocrx_word' id='word_1_335' title='bbox 2916 1924 3083 1962; x_wconf 88' lang='lat' dir='ltr'><strong>usum</strong></span> <span class='ocrx_word' id='word_1_336' title='bbox 3113 1906 3291 1962; x_wconf 81' lang='lat' dir='ltr'><strong>fuisse</strong></span> <span class='ocrx_word' id='word_1_337' title='bbox 3314 1908 3713 1964; x_wconf 86' lang='lat' dir='ltr'><strong>llermannum</strong></span> 
     </span>
    </p>
   </div>
   <div class='ocr_carea' id='block_1_48' title="bbox 2065 1994 3711 2068">
    <p class='ocr_par' dir='ltr' id='par_1_48' title="bbox 2065 1994 3711 2068">
     <span class='ocr_line' id='line_1_48' title="bbox 2065 1994 3711 2068; baseline 0.002 -20"><span class='ocrx_word' id='word_1_338' title='bbox 2065 1994 2221 2049; x_wconf 90' lang='lat' dir='ltr'><strong>haud</strong></span> <span class='ocrx_word' id='word_1_339' title='bbox 2254 1995 2432 2051; x_wconf 84' lang='lat' dir='ltr'><strong>semel</strong></span> <span class='ocrx_word' id='word_1_340' title='bbox 2456 1995 2813 2063; x_wconf 86' lang='lat' dir='ltr'><strong>notavimus,</strong></span> <span class='ocrx_word' id='word_1_341' title='bbox 2840 2013 2955 2068; x_wconf 75' lang='lat' dir='ltr'><strong>prae</strong></span> <span class='ocrx_word' id='word_1_342' title='bbox 2986 1995 3193 2066; x_wconf 82' lang='lat' dir='ltr'><strong>primis</strong></span> <span class='ocrx_word' id='word_1_343' title='bbox 3226 2002 3422 2052; x_wconf 90' lang='lat' dir='ltr'><strong>autem</strong></span> <span class='ocrx_word' id='word_1_344' title='bbox 3470 1997 3711 2053; x_wconf 87' lang='lat' dir='ltr'><strong>Marcel-</strong></span> 
     </span>
    </p>
   </div>
   <div class='ocr_carea' id='block_1_49' title="bbox 2062 2082 3712 2155">
    <p class='ocr_par' dir='ltr' id='par_1_49' title="bbox 2062 2082 3712 2155">
     <span class='ocr_line' id='line_1_49' title="bbox 2062 2082 3712 2155; baseline 0.002 -17"><span class='ocrx_word' id='word_1_345' title='bbox 2062 2082 2202 2150; x_wconf 91' lang='lat' dir='ltr'><strong>lino,</strong></span> <span class='ocrx_word' id='word_1_346' title='bbox 2234 2099 2302 2138; x_wconf 80' lang='lat' dir='ltr'><strong>ex</strong></span> <span class='ocrx_word' id='word_1_347' title='bbox 2334 2100 2449 2155; x_wconf 89' lang='lat' dir='ltr'><strong>quo</strong></span> <span class='ocrx_word' id='word_1_348' title='bbox 2480 2084 2703 2155; x_wconf 86' lang='lat' dir='ltr'><strong>integra</strong></span> <span class='ocrx_word' id='word_1_349' title='bbox 2735 2088 3026 2140; x_wconf 85' lang='lat' dir='ltr'><strong>commata</strong></span> <span class='ocrx_word' id='word_1_350' title='bbox 3054 2083 3127 2138; x_wconf 86' lang='lat' dir='ltr'><strong>ad</strong></span> <span class='ocrx_word' id='word_1_351' title='bbox 3159 2084 3402 2139; x_wconf 89' lang='lat' dir='ltr'><strong>verbum</strong></span> <span class='ocrx_word' id='word_1_352' title='bbox 3458 2085 3712 2141; x_wconf 89' lang='lat' dir='ltr'><strong>Chroni-</strong></span> 
     </span>
    </p>
   </div>
   <div class='ocr_carea' id='block_1_50' title="bbox 2065 2157 2571 2227">
    <p class='ocr_par' dir='ltr' id='par_1_50' title="bbox 2065 2157 2571 2227">
     <span class='ocr_line' id='line_1_50' title="bbox 2065 2157 2571 2227; baseline 0 0"><span class='ocrx_word' id='word_1_353' title='bbox 2065 2188 2131 2227; x_wconf 90' lang='lat' dir='ltr'><strong>co</strong></span> <span class='ocrx_word' id='word_1_354' title='bbox 2161 2188 2271 2227; x_wconf 89' lang='lat' dir='ltr'><strong>suo</strong></span> <span class='ocrx_word' id='word_1_355' title='bbox 2305 2157 2571 2227; x_wconf 83' lang='lat' dir='ltr'><strong>inseruit.</strong></span> 
     </span>
    </p>
   </div>
   <div class='ocr_carea' id='block_1_51' title="bbox 2137 2261 3709 2335">
    <p class='ocr_par' dir='ltr' id='par_1_51' title="bbox 2137 2261 3709 2335">
     <span class='ocr_line' id='line_1_51' title="bbox 2137 2261 3709 2335; baseline 0.001 -20"><span class='ocrx_word' id='word_1_356' title='bbox 2137 2261 2370 2317; x_wconf 90' lang='lat' dir='ltr'><strong>Tertius</strong></span> <span class='ocrx_word' id='word_1_357' title='bbox 2396 2262 2456 2316; x_wconf 91' lang='lat' dir='ltr'><strong>in</strong></span> <span class='ocrx_word' id='word_1_358' title='bbox 2474 2261 2759 2317; x_wconf 86' lang='lat' dir='ltr'><strong>Bernoldo</strong></span> <span class='ocrx_word' id='word_1_359' title='bbox 2783 2266 3143 2319; x_wconf 89' lang='lat' dir='ltr'><strong>memoratur</strong></span> <span class='ocrx_word' id='word_1_360' title='bbox 3162 2262 3472 2335; x_wconf 83' lang='lat' dir='ltr'><strong>Dionysius</strong></span> <span class='ocrx_word' id='word_1_361' title='bbox 3493 2277 3709 2334; x_wconf 84' lang='lat' dir='ltr'><strong>cogno-</strong></span> 
     </span>
    </p>
   </div>
   <div class='ocr_carea' id='block_1_52' title="bbox 2064 2350 3711 2421">
    <p class='ocr_par' dir='ltr' id='par_1_52' title="bbox 2064 2350 3711 2421">
     <span class='ocr_line' id='line_1_52' title="bbox 2064 2350 3711 2421; baseline 0.001 -17"><span class='ocrx_word' id='word_1_362' title='bbox 2064 2353 2261 2405; x_wconf 91' lang='lat' dir='ltr'><strong>mento</strong></span> <span class='ocrx_word' id='word_1_363' title='bbox 2292 2351 2556 2419; x_wconf 66' lang='lat' dir='ltr'><strong>Exiguus,</strong></span> <span class='ocrx_word' id='word_1_364' title='bbox 2589 2350 2689 2421; x_wconf 90' lang='lat' dir='ltr'><strong>qui</strong></span> <span class='ocrx_word' id='word_1_365' title='bbox 2713 2367 2898 2406; x_wconf 88' lang='lat' dir='ltr'><strong>annos</strong></span> <span class='ocrx_word' id='word_1_366' title='bbox 2914 2368 2948 2406; x_wconf 91' lang='lat' dir='ltr'><strong>a</strong></span> <span class='ocrx_word' id='word_1_367' title='bbox 2972 2351 3288 2407; x_wconf 90' lang='lat' dir='ltr'><strong>Nativitate</strong></span> <span class='ocrx_word' id='word_1_368' title='bbox 3310 2351 3522 2406; x_wconf 80' lang='lat' dir='ltr'><strong>Christi</strong></span> <span class='ocrx_word' id='word_1_369' title='bbox 3547 2367 3711 2406; x_wconf 90' lang='lat' dir='ltr'><strong>com-</strong></span> 
     </span>
    </p>
   </div>
   <div class='ocr_carea' id='block_1_53' title="bbox 2063 2439 3711 2512">
    <p class='ocr_par' dir='ltr' id='par_1_53' title="bbox 2063 2439 3711 2512">
     <span class='ocr_line' id='line_1_53' title="bbox 2063 2439 3711 2512; baseline 0.001 -19"><span class='ocrx_word' id='word_1_370' title='bbox 2063 2443 2270 2512; x_wconf 84' lang='lat' dir='ltr'><strong>putare</strong></span> <span class='ocrx_word' id='word_1_371' title='bbox 2300 2441 2475 2511; x_wconf 88' lang='lat' dir='ltr'><strong>coepit</strong></span> <span class='ocrx_word' id='word_1_372' title='bbox 2504 2457 2628 2494; x_wconf 69' lang='lat' dir='ltr'><strong>aarze</strong></span> <span class='ocrx_word' id='word_1_373' title='bbox 2659 2439 2906 2511; x_wconf 66' lang='lat' dir='ltr'><strong>vulgatae</strong></span> <span class='ocrx_word' id='word_1_374' title='bbox 2939 2445 3161 2510; x_wconf 86' lang='lat' dir='ltr'><strong>auctor,</strong></span> <span class='ocrx_word' id='word_1_375' title='bbox 3194 2439 3428 2496; x_wconf 89' lang='lat' dir='ltr'><strong>ordiens</strong></span> <span class='ocrx_word' id='word_1_376' title='bbox 3481 2439 3711 2511; x_wconf 89' lang='lat' dir='ltr'><strong>cyclum</strong></span> 
     </span>
    </p>
   </div>
   <div class='ocr_carea' id='block_1_54' title="bbox 2064 2528 3698 2601">
    <p class='ocr_par' dir='ltr' id='par_1_54' title="bbox 2064 2528 3698 2601">
     <span class='ocr_line' id='line_1_54' title="bbox 2064 2528 3698 2601; baseline -0.002 -17"><span class='ocrx_word' id='word_1_377' title='bbox 2064 2544 2239 2584; x_wconf 92' lang='lat' dir='ltr'><strong>suum</strong></span> <span class='ocrx_word' id='word_1_378' title='bbox 2273 2528 2609 2599; x_wconf 89' lang='lat' dir='ltr'><strong>pasehalem</strong></span> <span class='ocrx_word' id='word_1_379' title='bbox 2641 2530 2713 2583; x_wconf 89' lang='lat' dir='ltr'><strong>ab</strong></span> <span class='ocrx_word' id='word_1_380' title='bbox 2744 2546 2896 2585; x_wconf 89' lang='lat' dir='ltr'><strong>anno</strong></span> <span class='ocrx_word' id='word_1_381' title='bbox 2923 2531 3048 2584; x_wconf 88' lang='lat'><strong>531.</strong></span> <span class='ocrx_word' id='word_1_382' title='bbox 3082 2529 3328 2601; x_wconf 87' lang='lat' dir='ltr'><strong>Scripsit</strong></span> <span class='ocrx_word' id='word_1_383' title='bbox 3377 2529 3555 2584; x_wconf 89' lang='lat' dir='ltr'><strong>etiam</strong></span> <span class='ocrx_word' id='word_1_384' title='bbox 3604 2544 3698 2583; x_wconf 87' lang='lat' dir='ltr'><strong>an.</strong></span> 
     </span>
    </p>
   </div>
   <div class='ocr_carea' id='block_1_55' title="bbox 2060 2617 3710 2674">
    <p class='ocr_par' dir='ltr' id='par_1_55' title="bbox 2060 2617 3710 2674">
     <span class='ocr_line' id='line_1_55' title="bbox 2060 2617 3710 2674; baseline -0.001 -3"><span class='ocrx_word' id='word_1_385' title='bbox 2060 2618 2168 2671; x_wconf 85' lang='lat'><strong>527</strong></span> <span class='ocrx_word' id='word_1_386' title='bbox 2198 2617 2455 2673; x_wconf 84' lang='lat' dir='ltr'><strong>codicem</strong></span> <span class='ocrx_word' id='word_1_387' title='bbox 2487 2634 2779 2673; x_wconf 89' lang='lat' dir='ltr'><strong>canonum</strong></span> <span class='ocrx_word' id='word_1_388' title='bbox 2808 2617 3331 2674; x_wconf 88' lang='lat' dir='ltr'><strong>ecelesiesticorum</strong></span> <span class='ocrx_word' id='word_1_389' title='bbox 3365 2632 3396 2673; x_wconf 90' lang='lat' dir='ltr'><strong>e</strong></span> <span class='ocrx_word' id='word_1_390' title='bbox 3425 2617 3620 2673; x_wconf 64' lang='lat' dir='ltr'><strong>Graeco</strong></span> <span class='ocrx_word' id='word_1_391' title='bbox 3650 2617 3710 2670; x_wconf 86' lang='lat' dir='ltr'><strong>in</strong></span> 
     </span>
    </p>
   </div>
   <div class='ocr_carea' id='block_1_56' title="bbox 2062 2702 3707 2779">
    <p class='ocr_par' dir='ltr' id='par_1_56' title="bbox 2062 2702 3707 2779">
     <span class='ocr_line' id='line_1_56' title="bbox 2062 2702 3707 2779; baseline -0.001 -18"><span class='ocrx_word' id='word_1_392' title='bbox 2062 2706 2723 2773; x_wconf 85' lang='lat' dir='ltr'><strong>Latinumtranslatum,</strong></span> <span class='ocrx_word' id='word_1_393' title='bbox 2761 2707 2859 2779; x_wconf 86' lang='lat' dir='ltr'><strong>qui</strong></span> <span class='ocrx_word' id='word_1_394' title='bbox 2893 2707 3144 2763; x_wconf 90' lang='lat' dir='ltr'><strong>habetur</strong></span> <span class='ocrx_word' id='word_1_395' title='bbox 3172 2708 3232 2762; x_wconf 91' lang='lat' dir='ltr'><strong>in</strong></span> <span class='ocrx_word' id='word_1_396' title='bbox 3263 2704 3496 2762; x_wconf 87' lang='lat' dir='ltr'><strong>Justelli</strong></span> <span class='ocrx_word' id='word_1_397' title='bbox 3528 2702 3707 2761; x_wconf 90' lang='lat' dir='ltr'><strong>Bibli-</strong></span> 
     </span>
    </p>
   </div>
   <div class='ocr_carea' id='block_1_57' title="bbox 2062 2794 3704 2869">
    <p class='ocr_par' dir='ltr' id='par_1_57' title="bbox 2062 2794 3704 2869">
     <span class='ocr_line' id='line_1_57' title="bbox 2062 2794 3704 2869; baseline -0.001 -19"><span class='ocrx_word' id='word_1_398' title='bbox 2062 2795 2269 2850; x_wconf 91' lang='lat' dir='ltr'><strong>otheca</strong></span> <span class='ocrx_word' id='word_1_399' title='bbox 2290 2794 2454 2850; x_wconf 87' lang='lat' dir='ltr'><strong>Juris</strong></span> <span class='ocrx_word' id='word_1_400' title='bbox 2483 2796 2769 2862; x_wconf 87' lang='lat' dir='ltr'><strong>canonici,</strong></span> <span class='ocrx_word' id='word_1_401' title='bbox 2802 2799 2945 2851; x_wconf 89' lang='lat' dir='ltr'><strong>tom.</strong></span> <span class='ocrx_word' id='word_1_402' title='bbox 2968 2798 3020 2863; x_wconf 75' lang='lat' dir='ltr'><strong>‘I,</strong></span> <span class='ocrx_word' id='word_1_403' title='bbox 3054 2812 3111 2869; x_wconf 91' lang='lat' dir='ltr'><strong>p.</strong></span> <span class='ocrx_word' id='word_1_404' title='bbox 3144 2798 3233 2851; x_wconf 89' lang='grc'><strong>97.</strong></span> <span class='ocrx_word' id='word_1_405' title='bbox 3259 2795 3704 2850; x_wconf 87' lang='lat' dir='ltr'><strong>Chroniconau-</strong></span> 
     </span>
    </p>
   </div>
   <div class='ocr_carea' id='block_1_58' title="bbox 2063 2883 3708 2956">
    <p class='ocr_par' dir='ltr' id='par_1_58' title="bbox 2063 2883 3708 2956">
     <span class='ocr_line' id='line_1_58' title="bbox 2063 2883 3708 2956; baseline -0.001 -17"><span class='ocrx_word' id='word_1_406' title='bbox 2063 2888 2181 2939; x_wconf 90' lang='lat' dir='ltr'><strong>tem</strong></span> <span class='ocrx_word' id='word_1_407' title='bbox 2214 2883 2491 2954; x_wconf 89' lang='lat' dir='ltr'><strong>scripisse</strong></span> <span class='ocrx_word' id='word_1_408' title='bbox 2522 2901 2634 2938; x_wconf 91' lang='lat' dir='ltr'><strong>non</strong></span> <span class='ocrx_word' id='word_1_409' title='bbox 2669 2884 2911 2955; x_wconf 87' lang='lat' dir='ltr'><strong>reperio,</strong></span> <span class='ocrx_word' id='word_1_410' title='bbox 2945 2900 3050 2940; x_wconf 88' lang='lat' dir='ltr'><strong>nec</strong></span> <span class='ocrx_word' id='word_1_411' title='bbox 3082 2885 3202 2956; x_wconf 90' lang='lat' dir='ltr'><strong>ipse</strong></span> <span class='ocrx_word' id='word_1_412' title='bbox 3234 2884 3605 2939; x_wconf 88' lang='lat' dir='ltr'><strong>Hermannus</strong></span> <span class='ocrx_word' id='word_1_413' title='bbox 3637 2900 3708 2937; x_wconf 90' lang='lat' dir='ltr'><strong>a-</strong></span> 
     </span>
    </p>
   </div>
   <div class='ocr_carea' id='block_1_59' title="bbox 2061 2970 2980 3044">
    <p class='ocr_par' dir='ltr' id='par_1_59' title="bbox 2061 2970 2980 3044">
     <span class='ocr_line' id='line_1_59' title="bbox 2061 2970 2980 3044; baseline 0.001 -18"><span class='ocrx_word' id='word_1_414' title='bbox 2061 2970 2186 3026; x_wconf 91' lang='lat' dir='ltr'><strong>liud</strong></span> <span class='ocrx_word' id='word_1_415' title='bbox 2217 2970 2327 3027; x_wconf 88' lang='lat' dir='ltr'><strong>nisi</strong></span> <span class='ocrx_word' id='word_1_416' title='bbox 2360 2972 2488 3042; x_wconf 90' lang='lat' dir='ltr'><strong>ejus</strong></span> <span class='ocrx_word' id='word_1_417' title='bbox 2526 2972 2765 3044; x_wconf 82' lang='lat' dir='ltr'><strong>Cyclum</strong></span> <span class='ocrx_word' id='word_1_418' title='bbox 2797 2976 2980 3028; x_wconf 88' lang='lat' dir='ltr'><strong>notat.</strong></span> 
     </span>
    </p>
   </div>
   <div class='ocr_carea' id='block_1_60' title="bbox 2132 3061 3703 3133">
    <p class='ocr_par' dir='ltr' id='par_1_60' title="bbox 2132 3061 3703 3133">
     <span class='ocr_line' id='line_1_60' title="bbox 2132 3061 3703 3133; baseline 0.001 -18"><span class='ocrx_word' id='word_1_419' title='bbox 2132 3062 2388 3125; x_wconf 89' lang='lat' dir='ltr'><strong>Quartus</strong></span> <span class='ocrx_word' id='word_1_420' title='bbox 2409 3066 2497 3115; x_wconf 91' lang='lat' dir='ltr'><strong>est</strong></span> <span class='ocrx_word' id='word_1_421' title='bbox 2516 3061 2823 3126; x_wconf 89' lang='lat' dir='ltr'><strong>Jordanes,</strong></span> <span class='ocrx_word' id='word_1_422' title='bbox 2848 3061 2979 3116; x_wconf 84' lang='lat' dir='ltr'><strong>aliis</strong></span> <span class='ocrx_word' id='word_1_423' title='bbox 2999 3062 3347 3132; x_wconf 87' lang='lat' dir='ltr'><strong>Jornandes,</strong></span> <span class='ocrx_word' id='word_1_424' title='bbox 3371 3062 3703 3133; x_wconf 88' lang='lat' dir='ltr'><strong>episcopus,</strong></span> 
     </span>
    </p>
   </div>
   <div class='ocr_carea' id='block_1_61' title="bbox 2064 3150 3710 3222">
    <p class='ocr_par' dir='ltr' id='par_1_61' title="bbox 2064 3150 3710 3222">
     <span class='ocr_line' id='line_1_61' title="bbox 2064 3150 3710 3222; baseline 0.002 -19"><span class='ocrx_word' id='word_1_425' title='bbox 2064 3152 2128 3203; x_wconf 89' lang='lat' dir='ltr'><strong>ut</strong></span> <span class='ocrx_word' id='word_1_426' title='bbox 2157 3150 2381 3216; x_wconf 90' lang='lat' dir='ltr'><strong>volunt,</strong></span> <span class='ocrx_word' id='word_1_427' title='bbox 2416 3150 2897 3216; x_wconf 83' lang='lat' dir='ltr'><strong>Ravennatensis,</strong></span> <span class='ocrx_word' id='word_1_428' title='bbox 2929 3151 3030 3222; x_wconf 91' lang='lat' dir='ltr'><strong>qui</strong></span> <span class='ocrx_word' id='word_1_429' title='bbox 3070 3150 3306 3221; x_wconf 91' lang='lat' dir='ltr'><strong>scripsit</strong></span> <span class='ocrx_word' id='word_1_430' title='bbox 3363 3150 3444 3205; x_wconf 88' lang='lat' dir='ltr'><strong>De</strong></span> <span class='ocrx_word' id='word_1_431' title='bbox 3500 3165 3710 3221; x_wconf 75' lang='lat' dir='ltr'><strong>regno-</strong></span> 
     </span>
    </p>
   </div>
   <div class='ocr_carea' id='block_1_62' title="bbox 2062 3238 3706 3310">
    <p class='ocr_par' dir='ltr' id='par_1_62' title="bbox 2062 3238 3706 3310">
     <span class='ocr_line' id='line_1_62' title="bbox 2062 3238 3706 3310; baseline 0.002 -20"><span class='ocrx_word' id='word_1_432' title='bbox 2062 3253 2193 3292; x_wconf 86' lang='lat' dir='ltr'><strong>rum</strong></span> <span class='ocrx_word' id='word_1_433' title='bbox 2226 3254 2291 3292; x_wconf 92' lang='lat' dir='ltr'><strong>ac</strong></span> <span class='ocrx_word' id='word_1_434' title='bbox 2320 3242 2651 3309; x_wconf 76' lang='lat' dir='ltr'><strong>temporum</strong></span> <span class='ocrx_word' id='word_1_435' title='bbox 2683 3238 3055 3294; x_wconf 89' lang='lat' dir='ltr'><strong>successione</strong></span> <span class='ocrx_word' id='word_1_436' title='bbox 3089 3254 3276 3310; x_wconf 86' lang='lat' dir='ltr'><strong>usque</strong></span> <span class='ocrx_word' id='word_1_437' title='bbox 3305 3239 3377 3294; x_wconf 87' lang='lat' dir='ltr'><strong>ad</strong></span> <span class='ocrx_word' id='word_1_438' title='bbox 3404 3256 3499 3293; x_wconf 89' lang='lat' dir='ltr'><strong>an.</strong></span> <span class='ocrx_word' id='word_1_439' title='bbox 3558 3239 3706 3300; x_wconf 82' lang='lat'><strong>560;</strong></span> 
     </span>
    </p>
   </div>
   <div class='ocr_carea' id='block_1_63' title="bbox 294 3315 3706 3399">
    <p class='ocr_par' dir='ltr' id='par_1_63' title="bbox 294 3315 3706 3399">
     <span class='ocr_line' id='line_1_63' title="bbox 294 3315 3706 3399; baseline 0 -17"><span class='ocrx_word' id='word_1_440' title='bbox 294 3343 424 3383; x_wconf 89' lang='lat' dir='ltr'><strong>esse</strong></span> <span class='ocrx_word' id='word_1_441' title='bbox 454 3328 617 3383; x_wconf 88' lang='lat' dir='ltr'><strong>unde</strong></span> <span class='ocrx_word' id='word_1_442' title='bbox 634 3344 743 3383; x_wconf 88' lang='lat' dir='ltr'><strong>sua</strong></span> <span class='ocrx_word' id='word_1_443' title='bbox 765 3325 1127 3398; x_wconf 86' lang='lat' dir='ltr'><strong>deprompsit</strong></span> <span class='ocrx_word' id='word_1_444' title='bbox 1148 3325 1539 3390; x_wconf 88' lang='lat' dir='ltr'><strong>Hermannus,</strong></span> <span class='ocrx_word' id='word_1_445' title='bbox 1565 3329 1684 3380; x_wconf 89' lang='lat' dir='ltr'><strong>tam</strong></span> <span class='ocrx_word' id='word_1_446' title='bbox 1706 3323 1950 3380; x_wconf 83' lang='lat' dir='ltr'><strong>inferius</strong></span> <span class='ocrx_word' id='word_1_447' title='bbox 1980 3315 2023 3381; x_wconf 86' lang='lat' dir='ltr'><strong>C</strong></span> <span class='ocrx_word' id='word_1_448' title='bbox 2062 3324 2321 3397; x_wconf 70' lang='lat' dir='ltr'><strong>itemque</strong></span> <span class='ocrx_word' id='word_1_449' title='bbox 2350 3325 2664 3382; x_wconf 85' lang='lat' dir='ltr'><strong>Historiam</strong></span> <span class='ocrx_word' id='word_1_450' title='bbox 2697 3327 2769 3381; x_wconf 87' lang='lat' dir='ltr'><strong>de</strong></span> <span class='ocrx_word' id='word_1_451' title='bbox 2790 3326 3112 3383; x_wconf 86' lang='lat' dir='ltr'><strong>Gothorum</strong></span> <span class='ocrx_word' id='word_1_452' title='bbox 3144 3328 3370 3399; x_wconf 84' lang='lat' dir='ltr'><strong>origine</strong></span> <span class='ocrx_word' id='word_1_453' title='bbox 3400 3344 3587 3399; x_wconf 88' lang='lat' dir='ltr'><strong>usque</strong></span> <span class='ocrx_word' id='word_1_454' title='bbox 3634 3328 3706 3382; x_wconf 91' lang='lat' dir='ltr'><strong>ad</strong></span> 
     </span>
    </p>
   </div>
   <div class='ocr_carea' id='block_1_64' title="bbox 293 3412 1946 3487">
    <p class='ocr_par' dir='ltr' id='par_1_64' title="bbox 293 3412 1946 3487">
     <span class='ocr_line' id='line_1_64' title="bbox 293 3412 1946 3487; baseline -0.002 -16"><span class='ocrx_word' id='word_1_455' title='bbox 293 3424 478 3487; x_wconf 86' lang='lat' dir='ltr'><strong>quam</strong></span> <span class='ocrx_word' id='word_1_456' title='bbox 512 3416 573 3471; x_wconf 91' lang='lat' dir='ltr'><strong>in</strong></span> <span class='ocrx_word' id='word_1_457' title='bbox 630 3415 913 3471; x_wconf 87' lang='lat' dir='ltr'><strong>Chronico</strong></span> <span class='ocrx_word' id='word_1_458' title='bbox 963 3413 1088 3471; x_wconf 90' lang='lat' dir='ltr'><strong>suis</strong></span> <span class='ocrx_word' id='word_1_459' title='bbox 1131 3430 1397 3486; x_wconf 90' lang='lat' dir='ltr'><strong>quosque</strong></span> <span class='ocrx_word' id='word_1_460' title='bbox 1443 3412 1588 3470; x_wconf 91' lang='lat' dir='ltr'><strong>locis</strong></span> <span class='ocrx_word' id='word_1_461' title='bbox 1638 3414 1946 3469; x_wconf 89' lang='lat' dir='ltr'><strong>adnotatos</strong></span> 
     </span>
    </p>
   </div>
   <div class='ocr_carea' id='block_1_65' title="bbox 290 3502 1947 3577">
    <p class='ocr_par' dir='ltr' id='par_1_65' title="bbox 290 3502 1947 3577">
     <span class='ocr_line' id='line_1_65' title="bbox 290 3502 1947 3577; baseline -0.005 -15"><span class='ocrx_word' id='word_1_462' title='bbox 290 3505 650 3562; x_wconf 83' lang='lat' dir='ltr'><strong>videbimus.</strong></span> <span class='ocrx_word' id='word_1_463' title='bbox 689 3506 765 3560; x_wconf 87' lang='lat' dir='ltr'><strong>De</strong></span> <span class='ocrx_word' id='word_1_464' title='bbox 794 3503 1103 3577; x_wconf 69' lang='lat' dir='ltr'><strong>praecipuis</strong></span> <span class='ocrx_word' id='word_1_465' title='bbox 1132 3519 1290 3559; x_wconf 91' lang='lat' dir='ltr'><strong>nunc</strong></span> <span class='ocrx_word' id='word_1_466' title='bbox 1322 3518 1527 3575; x_wconf 89' lang='lat' dir='ltr'><strong>pauca.</strong></span> <span class='ocrx_word' id='word_1_467' title='bbox 1572 3502 1801 3557; x_wconf 88' lang='lat' dir='ltr'><strong>Primus</strong></span> <span class='ocrx_word' id='word_1_468' title='bbox 1857 3505 1947 3555; x_wconf 90' lang='lat' dir='ltr'><strong>est</strong></span> 
     </span>
    </p>
   </div>
   <div class='ocr_carea' id='block_1_66' title="bbox 290 3590 1948 3661">
    <p class='ocr_par' dir='ltr' id='par_1_66' title="bbox 290 3590 1948 3661">
     <span class='ocr_line' id='line_1_66' title="bbox 290 3590 1948 3661; baseline -0.004 -10"><span class='ocrx_word' id='word_1_469' title='bbox 290 3593 588 3651; x_wconf 87' lang='lat' dir='ltr'><strong>Eusebius</strong></span> <span class='ocrx_word' id='word_1_470' title='bbox 636 3592 1035 3659; x_wconf 67' lang='lat' dir='ltr'><strong>Caesariensis,</strong></span> <span class='ocrx_word' id='word_1_471' title='bbox 1096 3590 1318 3648; x_wconf 88' lang='lat' dir='ltr'><strong>scilicet</strong></span> <span class='ocrx_word' id='word_1_472' title='bbox 1346 3592 1475 3661; x_wconf 81' lang='lat' dir='ltr'><strong>eius</strong></span> <span class='ocrx_word' id='word_1_473' title='bbox 1533 3590 1855 3646; x_wconf 88' lang='lat' dir='ltr'><strong>Chronicon</strong></span> <span class='ocrx_word' id='word_1_474' title='bbox 1913 3606 1948 3645; x_wconf 88' lang='lat' dir='ltr'><strong>a</strong></span> 
     </span>
    </p>
   </div>
   <div class='ocr_carea' id='block_1_67' title="bbox 292 3678 1949 3754">
    <p class='ocr_par' dir='ltr' id='par_1_67' title="bbox 292 3678 1949 3754">
     <span class='ocr_line' id='line_1_67' title="bbox 292 3678 1949 3754; baseline -0.004 -14"><span class='ocrx_word' id='word_1_475' title='bbox 292 3682 527 3741; x_wconf 82' lang='lat' dir='ltr'><strong>Christo</strong></span> <span class='ocrx_word' id='word_1_476' title='bbox 549 3686 689 3738; x_wconf 87' lang='lat' dir='ltr'><strong>nato</strong></span> <span class='ocrx_word' id='word_1_477' title='bbox 708 3698 897 3754; x_wconf 89' lang='lat' dir='ltr'><strong>usque</strong></span> <span class='ocrx_word' id='word_1_478' title='bbox 918 3682 988 3737; x_wconf 87' lang='lat' dir='ltr'><strong>ad</strong></span> <span class='ocrx_word' id='word_1_479' title='bbox 1015 3696 1235 3736; x_wconf 88' lang='lat' dir='ltr'><strong>annum</strong></span> <span class='ocrx_word' id='word_1_480' title='bbox 1257 3681 1381 3746; x_wconf 85' lang='lat'><strong>327,</strong></span> <span class='ocrx_word' id='word_1_481' title='bbox 1404 3680 1561 3735; x_wconf 90' lang='lat' dir='ltr'><strong>unde</strong></span> <span class='ocrx_word' id='word_1_482' title='bbox 1582 3678 1728 3734; x_wconf 89' lang='lat' dir='ltr'><strong>illud</strong></span> <span class='ocrx_word' id='word_1_483' title='bbox 1748 3678 1949 3734; x_wconf 87' lang='lat' dir='ltr'><strong>Latine</strong></span> 
     </span>
    </p>
   </div>
   <div class='ocr_carea' id='block_1_68' title="bbox 297 3764 1948 3844">
    <p class='ocr_par' dir='ltr' id='par_1_68' title="bbox 297 3764 1948 3844">
     <span class='ocr_line' id='line_1_68' title="bbox 297 3764 1948 3844; baseline -0.002 -17"><span class='ocrx_word' id='word_1_484' title='bbox 297 3766 334 3827; x_wconf 62' lang='grc' dir='ltr'><em>ἐ</em></span> <span class='ocrx_word' id='word_1_485' title='bbox 361 3786 425 3828; x_wconf 88' lang='lat' dir='ltr'><strong>se</strong></span> <span class='ocrx_word' id='word_1_486' title='bbox 453 3764 749 3827; x_wconf 86' lang='lat' dir='ltr'><strong>redditum</strong></span> <span class='ocrx_word' id='word_1_487' title='bbox 778 3770 1125 3844; x_wconf 88' lang='lat' dir='ltr'><strong>prosecutus</strong></span> <span class='ocrx_word' id='word_1_488' title='bbox 1156 3769 1319 3825; x_wconf 89' lang='lat' dir='ltr'><strong>estS.</strong></span> <span class='ocrx_word' id='word_1_489' title='bbox 1346 3768 1737 3841; x_wconf 87' lang='lat' dir='ltr'><strong>Hieronymus</strong></span> <span class='ocrx_word' id='word_1_490' title='bbox 1762 3784 1948 3839; x_wconf 90' lang='lat' dir='ltr'><strong>usque</strong></span> 
     </span>
    </p>
   </div>
   <div class='ocr_carea' id='block_1_69' title="bbox 297 3856 1948 3929">
    <p class='ocr_par' dir='ltr' id='par_1_69' title="bbox 297 3856 1948 3929">
     <span class='ocr_line' id='line_1_69' title="bbox 297 3856 1948 3929; baseline -0.003 -13"><span class='ocrx_word' id='word_1_491' title='bbox 297 3861 371 3916; x_wconf 87' lang='lat' dir='ltr'><strong>ad</strong></span> <span class='ocrx_word' id='word_1_492' title='bbox 408 3876 628 3915; x_wconf 88' lang='lat' dir='ltr'><strong>annum</strong></span> <span class='ocrx_word' id='word_1_493' title='bbox 658 3860 788 3924; x_wconf 88' lang='lat'><strong>379,</strong></span> <span class='ocrx_word' id='word_1_494' title='bbox 821 3859 905 3914; x_wconf 90' lang='lat' dir='ltr'><strong>uti</strong></span> <span class='ocrx_word' id='word_1_495' title='bbox 938 3859 1190 3913; x_wconf 89' lang='lat' dir='ltr'><strong>habetur</strong></span> <span class='ocrx_word' id='word_1_496' title='bbox 1227 3858 1286 3912; x_wconf 92' lang='lat' dir='ltr'><strong>in</strong></span> <span class='ocrx_word' id='word_1_497' title='bbox 1318 3856 1597 3929; x_wconf 85' lang='lat' dir='ltr'><strong>Scaligeri</strong></span> <span class='ocrx_word' id='word_1_498' title='bbox 1647 3856 1948 3912; x_wconf 88' lang='lat' dir='ltr'><strong>Thesauro</strong></span> 
     </span>
    </p>
   </div>
   <div class='ocr_carea' id='block_1_70' title="bbox 293 3944 1947 4021">
    <p class='ocr_par' dir='ltr' id='par_1_70' title="bbox 293 3944 1947 4021">
     <span class='ocr_line' id='line_1_70' title="bbox 293 3944 1947 4021; baseline -0.004 -16"><span class='ocrx_word' id='word_1_499' title='bbox 293 3944 656 4021; x_wconf 73' lang='lat' dir='ltr'><strong>temporum,</strong></span> <span class='ocrx_word' id='word_1_500' title='bbox 688 3949 782 4003; x_wconf 91' lang='lat' dir='ltr'><strong>ed.</strong></span> <span class='ocrx_word' id='word_1_501' title='bbox 820 3948 1000 4020; x_wconf 87' lang='lat' dir='ltr'><strong>Lugd.</strong></span> <span class='ocrx_word' id='word_1_502' title='bbox 1036 3944 1161 4002; x_wconf 77' lang='lat' dir='ltr'><strong>Bst.</strong></span> <span class='ocrx_word' id='word_1_503' title='bbox 1194 3944 1598 4002; x_wconf 86' lang='lat' dir='ltr'><strong>an.1606.Nec</strong></span> <span class='ocrx_word' id='word_1_504' title='bbox 1635 3962 1768 4000; x_wconf 90' lang='lat' dir='ltr'><strong>vero</strong></span> <span class='ocrx_word' id='word_1_505' title='bbox 1799 3944 1947 3999; x_wconf 88' lang='lat' dir='ltr'><strong>illud</strong></span> 
     </span>
    </p>
   </div>
   <div class='ocr_carea' id='block_1_71' title="bbox 294 4033 1949 4111">
    <p class='ocr_par' dir='ltr' id='par_1_71' title="bbox 294 4033 1949 4111">
     <span class='ocr_line' id='line_1_71' title="bbox 294 4033 1949 4111; baseline -0.005 -16"><span class='ocrx_word' id='word_1_506' title='bbox 294 4037 651 4111; x_wconf 85' lang='lat' dir='ltr'><strong>simpliciter</strong></span> <span class='ocrx_word' id='word_1_507' title='bbox 669 4036 985 4109; x_wconf 87' lang='lat' dir='ltr'><strong>descripsit</strong></span> <span class='ocrx_word' id='word_1_508' title='bbox 1015 4036 1401 4100; x_wconf 80' lang='lat' dir='ltr'><strong>Hermannus,</strong></span> <span class='ocrx_word' id='word_1_509' title='bbox 1425 4035 1524 4091; x_wconf 87' lang='lat' dir='ltr'><strong>sed</strong></span> <span class='ocrx_word' id='word_1_510' title='bbox 1560 4033 1788 4106; x_wconf 90' lang='lat' dir='ltr'><strong>potiora</strong></span> <span class='ocrx_word' id='word_1_511' title='bbox 1820 4038 1949 4088; x_wconf 87' lang='lat' dir='ltr'><strong>tan-</strong></span> 
     </span>
    </p>
   </div>
   <div class='ocr_carea' id='block_1_72' title="bbox 297 4121 1947 4199">
    <p class='ocr_par' dir='ltr' id='par_1_72' title="bbox 297 4121 1947 4199">
     <span class='ocr_line' id='line_1_72' title="bbox 297 4121 1947 4199; baseline -0.004 -16"><span class='ocrx_word' id='word_1_512' title='bbox 297 4132 425 4183; x_wconf 89' lang='lat' dir='ltr'><strong>tum</strong></span> <span class='ocrx_word' id='word_1_513' title='bbox 450 4132 581 4199; x_wconf 66' lang='lat' dir='ltr'><strong>quas</strong></span> <span class='ocrx_word' id='word_1_514' title='bbox 602 4125 713 4182; x_wconf 87' lang='lat' dir='ltr'><strong>sibi</strong></span> <span class='ocrx_word' id='word_1_515' title='bbox 732 4124 1079 4181; x_wconf 86' lang='lat' dir='ltr'><strong>videbantur</strong></span> <span class='ocrx_word' id='word_1_516' title='bbox 1098 4124 1405 4196; x_wconf 81' lang='lat' dir='ltr'><strong>excerpsit,</strong></span> <span class='ocrx_word' id='word_1_517' title='bbox 1440 4140 1504 4177; x_wconf 90' lang='lat' dir='ltr'><strong>ac</strong></span> <span class='ocrx_word' id='word_1_518' title='bbox 1519 4121 1781 4178; x_wconf 91' lang='lat' dir='ltr'><strong>nonnula</strong></span> <span class='ocrx_word' id='word_1_519' title='bbox 1810 4123 1947 4177; x_wconf 88' lang='lat' dir='ltr'><strong>sub-</strong></span> 
     </span>
    </p>
   </div>
   <div class='ocr_carea' id='block_1_73' title="bbox 299 4210 1951 4286">
    <p class='ocr_par' dir='ltr' id='par_1_73' title="bbox 299 4210 1951 4286">
     <span class='ocr_line' id='line_1_73' title="bbox 299 4210 1951 4286; baseline -0.005 -14"><span class='ocrx_word' id='word_1_520' title='bbox 299 4216 478 4272; x_wconf 84' lang='lat' dir='ltr'><strong>dinde</strong></span> <span class='ocrx_word' id='word_1_521' title='bbox 511 4214 629 4271; x_wconf 86' lang='lat' dir='ltr'><strong>alia</strong></span> <span class='ocrx_word' id='word_1_522' title='bbox 656 4215 822 4270; x_wconf 61' lang='lat' dir='ltr'><strong>Beda</strong></span> <span class='ocrx_word' id='word_1_523' title='bbox 855 4229 974 4286; x_wconf 67' lang='lat' dir='ltr'><strong>pra;</strong></span> <span class='ocrx_word' id='word_1_524' title='bbox 994 4212 1202 4286; x_wconf 86' lang='lat' dir='ltr'><strong>primis</strong></span> <span class='ocrx_word' id='word_1_525' title='bbox 1228 4210 1811 4279; x_wconf 86' lang='lat' dir='ltr'><strong>Chronico,inseruit.</strong></span> <span class='ocrx_word' id='word_1_526' title='bbox 1836 4212 1951 4266; x_wconf 86' lang='lat' dir='ltr'><strong>Eu-</strong></span> 
     </span>
    </p>
   </div>
   <div class='ocr_carea' id='block_1_74' title="bbox 301 4299 1955 4375">
    <p class='ocr_par' dir='ltr' id='par_1_74' title="bbox 301 4299 1955 4375">
     <span class='ocr_line' id='line_1_74' title="bbox 301 4299 1955 4375; baseline -0.005 -14"><span class='ocrx_word' id='word_1_527' title='bbox 301 4305 448 4361; x_wconf 69' lang='lat' dir='ltr'><strong>sebii</strong></span> <span class='ocrx_word' id='word_1_528' title='bbox 480 4309 680 4359; x_wconf 83' lang='lat' dir='ltr'><strong>tamen</strong></span> <span class='ocrx_word' id='word_1_529' title='bbox 713 4300 1092 4375; x_wconf 69' lang='lat' dir='ltr'><strong>Chronologia</strong></span> <span class='ocrx_word' id='word_1_530' title='bbox 1123 4301 1337 4373; x_wconf 69' lang='lat' dir='ltr'><strong>saepius</strong></span> <span class='ocrx_word' id='word_1_531' title='bbox 1360 4300 1457 4356; x_wconf 91' lang='lat' dir='ltr'><strong>hie</strong></span> <span class='ocrx_word' id='word_1_532' title='bbox 1485 4299 1726 4356; x_wconf 87' lang='lat' dir='ltr'><strong>alterata</strong></span> <span class='ocrx_word' id='word_1_533' title='bbox 1756 4304 1864 4366; x_wconf 88' lang='lat' dir='ltr'><strong>est,</strong></span> <span class='ocrx_word' id='word_1_534' title='bbox 1896 4302 1955 4353; x_wconf 92' lang='lat' dir='ltr'><strong>et</strong></span> 
     </span>
    </p>
   </div>
   <div class='ocr_carea' id='block_1_75' title="bbox 300 4388 1954 4463">
    <p class='ocr_par' dir='ltr' id='par_1_75' title="bbox 300 4388 1954 4463">
     <span class='ocr_line' id='line_1_75' title="bbox 300 4388 1954 4463; baseline -0.005 -13"><span class='ocrx_word' id='word_1_535' title='bbox 300 4394 420 4450; x_wconf 78' lang='lat' dir='ltr'><strong>uno</strong></span> <span class='ocrx_word' id='word_1_536' title='bbox 448 4388 705 4448; x_wconf 84' lang='lat' dir='ltr'><strong>alterove</strong></span> <span class='ocrx_word' id='word_1_537' title='bbox 722 4402 874 4447; x_wconf 84' lang='lat' dir='ltr'><strong>anno</strong></span> <span class='ocrx_word' id='word_1_538' title='bbox 897 4389 1017 4446; x_wconf 88' lang='lat' dir='ltr'><strong>sive</strong></span> <span class='ocrx_word' id='word_1_539' title='bbox 1038 4394 1307 4463; x_wconf 87' lang='lat' dir='ltr'><strong>promota</strong></span> <span class='ocrx_word' id='word_1_540' title='bbox 1327 4389 1447 4445; x_wconf 87' lang='lat' dir='ltr'><strong>sive</strong></span> <span class='ocrx_word' id='word_1_541' title='bbox 1469 4388 1814 4462; x_wconf 89' lang='lat' dir='ltr'><strong>postposita;</strong></span> <span class='ocrx_word' id='word_1_542' title='bbox 1836 4405 1954 4460; x_wconf 86' lang='lat' dir='ltr'><strong>qua</strong></span> 
     </span>
    </p>
   </div>
   <div class='ocr_carea' id='block_1_76' title="bbox 297 4475 1949 4553">
    <p class='ocr_par' dir='ltr' id='par_1_76' title="bbox 297 4475 1949 4553">
     <span class='ocr_line' id='line_1_76' title="bbox 297 4475 1949 4553; baseline -0.005 -15"><span class='ocrx_word' id='word_1_543' title='bbox 297 4479 369 4539; x_wconf 89' lang='lat' dir='ltr'><strong>de</strong></span> <span class='ocrx_word' id='word_1_544' title='bbox 404 4498 467 4537; x_wconf 89' lang='lat' dir='ltr'><strong>re</strong></span> <span class='ocrx_word' id='word_1_545' title='bbox 506 4479 794 4553; x_wconf 88' lang='lat' dir='ltr'><strong>legendus</strong></span> <span class='ocrx_word' id='word_1_546' title='bbox 809 4477 1081 4535; x_wconf 83' lang='lat' dir='ltr'><strong>Petavius</strong></span> <span class='ocrx_word' id='word_1_547' title='bbox 1111 4479 1187 4534; x_wconf 90' lang='lat' dir='ltr'><strong>De</strong></span> <span class='ocrx_word' id='word_1_548' title='bbox 1218 4475 1483 4533; x_wconf 88' lang='lat' dir='ltr'><strong>doctrina</strong></span> <span class='ocrx_word' id='word_1_549' title='bbox 1509 4482 1866 4548; x_wconf 88' lang='lat' dir='ltr'><strong>temporum,</strong></span> <span class='ocrx_word' id='word_1_550' title='bbox 1910 4475 1949 4529; x_wconf 93' lang='lat' dir='ltr'><strong>l.</strong></span> 
     </span>
    </p>
   </div>
   <div class='ocr_carea' id='block_1_77' title="bbox 299 4560 1955 4643">
    <p class='ocr_par' dir='ltr' id='par_1_77' title="bbox 299 4560 1955 4643">
     <span class='ocr_line' id='line_1_77' title="bbox 299 4560 1955 4643; baseline -0.005 -16"><span class='ocrx_word' id='word_1_551' title='bbox 299 4568 379 4637; x_wconf 62' lang='lat' dir='ltr'><strong>ut,</strong></span> <span class='ocrx_word' id='word_1_552' title='bbox 413 4572 543 4643; x_wconf 77' lang='lat' dir='ltr'><strong>cap.</strong></span> <span class='ocrx_word' id='word_1_553' title='bbox 577 4560 632 4625; x_wconf 67' lang='lat' dir='ltr'><strong>i.</strong></span> <span class='ocrx_word' id='word_1_554' title='bbox 666 4566 883 4624; x_wconf 65' lang='lat' dir='ltr'><strong>Praeter</strong></span> <span class='ocrx_word' id='word_1_555' title='bbox 911 4566 1238 4623; x_wconf 91' lang='lat' dir='ltr'><strong>Chronicon</strong></span> <span class='ocrx_word' id='word_1_556' title='bbox 1261 4565 1517 4634; x_wconf 89' lang='lat' dir='ltr'><strong>Eusebii,</strong></span> <span class='ocrx_word' id='word_1_557' title='bbox 1540 4565 1701 4620; x_wconf 91' lang='lat' dir='ltr'><strong>illius</strong></span> <span class='ocrx_word' id='word_1_558' title='bbox 1721 4580 1955 4637; x_wconf 89' lang='lat' dir='ltr'><strong>quoque</strong></span> 
     </span>
    </p>
   </div>
   <div class='ocr_carea' id='block_1_78' title="bbox 2053 3415 3696 3487">
    <p class='ocr_par' dir='ltr' id='par_1_78' title="bbox 2053 3415 3696 3487">
     <span class='ocr_line' id='line_1_78' title="bbox 2053 3415 3696 3487; baseline -0.001 -16"><span class='ocrx_word' id='word_1_559' title='bbox 2053 3431 2275 3471; x_wconf 80' lang='lat' dir='ltr'><strong>annum</strong></span> <span class='ocrx_word' id='word_1_560' title='bbox 2303 3416 2428 3470; x_wconf 75' lang='grc'>540.</span> <span class='ocrx_word' id='word_1_561' title='bbox 2463 3419 2596 3481; x_wconf 66' lang='lat' dir='ltr'><strong>Quae</strong></span> <span class='ocrx_word' id='word_1_562' title='bbox 2627 3431 2803 3487; x_wconf 89' lang='lat' dir='ltr'><strong>opera</strong></span> <span class='ocrx_word' id='word_1_563' title='bbox 2834 3419 3061 3471; x_wconf 88' lang='lat' dir='ltr'><strong>exstant</strong></span> <span class='ocrx_word' id='word_1_564' title='bbox 3090 3416 3150 3470; x_wconf 92' lang='lat' dir='ltr'><strong>in</strong></span> <span class='ocrx_word' id='word_1_565' title='bbox 3184 3415 3486 3472; x_wconf 85' lang='lat' dir='ltr'><strong>Muratorii</strong></span> <span class='ocrx_word' id='word_1_566' title='bbox 3544 3415 3696 3471; x_wconf 88' lang='lat' dir='ltr'><strong>Scri-</strong></span> 
     </span>
    </p>
   </div>
   <div class='ocr_carea' id='block_1_79' title="bbox 2054 3503 3678 3577">
    <p class='ocr_par' dir='ltr' id='par_1_79' title="bbox 2054 3503 3678 3577">
     <span class='ocr_line' id='line_1_79' title="bbox 2054 3503 3678 3577; baseline 0 -20"><span class='ocrx_word' id='word_1_567' title='bbox 2054 3503 2322 3575; x_wconf 91' lang='lat' dir='ltr'><strong>ptoribus</strong></span> <span class='ocrx_word' id='word_1_568' title='bbox 2354 3505 2567 3559; x_wconf 81' lang='lat' dir='ltr'><strong>Rerum</strong></span> <span class='ocrx_word' id='word_1_569' title='bbox 2603 3504 2953 3573; x_wconf 86' lang='lat' dir='ltr'><strong>Italicarum,</strong></span> <span class='ocrx_word' id='word_1_570' title='bbox 2984 3509 3129 3560; x_wconf 90' lang='lat' dir='ltr'><strong>tom.</strong></span> <span class='ocrx_word' id='word_1_571' title='bbox 3163 3508 3207 3571; x_wconf 88' lang='grc' dir='ltr'><strong>Ι,</strong></span> <span class='ocrx_word' id='word_1_572' title='bbox 3244 3522 3300 3577; x_wconf 92' lang='lat' dir='ltr'><strong>p.</strong></span> <span class='ocrx_word' id='word_1_573' title='bbox 3336 3506 3437 3559; x_wconf 88' lang='grc'>187</span> <span class='ocrx_word' id='word_1_574' title='bbox 3468 3509 3525 3559; x_wconf 91' lang='lat' dir='ltr'><strong>et</strong></span> <span class='ocrx_word' id='word_1_575' title='bbox 3552 3505 3678 3558; x_wconf 88' lang='lat'><strong>202.</strong></span> 
     </span>
    </p>
   </div>
   <div class='ocr_carea' id='block_1_80' title="bbox 2126 3591 3698 3665">
    <p class='ocr_par' dir='ltr' id='par_1_80' title="bbox 2126 3591 3698 3665">
     <span class='ocr_line' id='line_1_80' title="bbox 2126 3591 3698 3665; baseline 0.001 -20"><span class='ocrx_word' id='word_1_576' title='bbox 2126 3592 2279 3647; x_wconf 86' lang='lat' dir='ltr'><strong>Beda</strong></span> <span class='ocrx_word' id='word_1_577' title='bbox 2310 3592 2561 3665; x_wconf 87' lang='lat' dir='ltr'><strong>denique</strong></span> <span class='ocrx_word' id='word_1_578' title='bbox 2588 3591 2951 3648; x_wconf 86' lang='lat' dir='ltr'><strong>Venerabilis</strong></span> <span class='ocrx_word' id='word_1_579' title='bbox 3008 3597 3217 3665; x_wconf 62' lang='lat' dir='ltr'><strong>praeter</strong></span> <span class='ocrx_word' id='word_1_580' title='bbox 3260 3610 3408 3664; x_wconf 91' lang='lat' dir='ltr'><strong>opus</strong></span> <span class='ocrx_word' id='word_1_581' title='bbox 3457 3592 3538 3647; x_wconf 90' lang='lat' dir='ltr'><strong>De</strong></span> <span class='ocrx_word' id='word_1_582' title='bbox 3596 3608 3698 3647; x_wconf 84' lang='lat' dir='ltr'><strong>sex</strong></span> 
     </span>
    </p>
   </div>
   <div class='ocr_carea' id='block_1_81' title="bbox 2057 3680 3705 3752">
    <p class='ocr_par' dir='ltr' id='par_1_81' title="bbox 2057 3680 3705 3752">
     <span class='ocr_line' id='line_1_81' title="bbox 2057 3680 3705 3752; baseline 0 -18"><span class='ocrx_word' id='word_1_583' title='bbox 2057 3681 2261 3735; x_wconf 90' lang='lat' dir='ltr'><strong>mundi</strong></span> <span class='ocrx_word' id='word_1_584' title='bbox 2292 3681 2564 3736; x_wconf 86' lang='lat' dir='ltr'><strong>aetatibus</strong></span> <span class='ocrx_word' id='word_1_585' title='bbox 2600 3698 2785 3752; x_wconf 89' lang='lat' dir='ltr'><strong>usque</strong></span> <span class='ocrx_word' id='word_1_586' title='bbox 2815 3682 2887 3735; x_wconf 86' lang='lat' dir='ltr'><strong>ad</strong></span> <span class='ocrx_word' id='word_1_587' title='bbox 2919 3699 3140 3737; x_wconf 87' lang='lat' dir='ltr'><strong>annum</strong></span> <span class='ocrx_word' id='word_1_588' title='bbox 3172 3682 3294 3737; x_wconf 89' lang='lat' dir='ltr'><strong>nati</strong></span> <span class='ocrx_word' id='word_1_589' title='bbox 3322 3680 3542 3736; x_wconf 91' lang='lat' dir='ltr'><strong>Christi</strong></span> <span class='ocrx_word' id='word_1_590' title='bbox 3597 3680 3705 3734; x_wconf 83' lang='grc'><strong>624</strong></span> 
     </span>
    </p>
   </div>
   <div class='ocr_carea' id='block_1_82' title="bbox 2057 3769 3708 3841">
    <p class='ocr_par' dir='ltr' id='par_1_82' title="bbox 2057 3769 3708 3841">
     <span class='ocr_line' id='line_1_82' title="bbox 2057 3769 3708 3841; baseline -0.001 -16"><span class='ocrx_word' id='word_1_591' title='bbox 2057 3769 2226 3841; x_wconf 87' lang='lat' dir='ltr'><strong>(Opp.</strong></span> <span class='ocrx_word' id='word_1_592' title='bbox 2251 3772 2292 3824; x_wconf 83' lang='lat' dir='ltr'><strong>t.</strong></span> <span class='ocrx_word' id='word_1_593' title='bbox 2320 3770 2389 3841; x_wconf 88' lang='grc' dir='ltr'><strong>ΙΙ)</strong></span> <span class='ocrx_word' id='word_1_594' title='bbox 2407 3769 2644 3841; x_wconf 90' lang='lat' dir='ltr'><strong>scripsit</strong></span> <span class='ocrx_word' id='word_1_595' title='bbox 2667 3775 2721 3824; x_wconf 91' lang='lat' dir='ltr'><strong>et</strong></span> <span class='ocrx_word' id='word_1_596' title='bbox 2750 3770 3065 3825; x_wconf 86' lang='lat' dir='ltr'><strong>Historiam</strong></span> <span class='ocrx_word' id='word_1_597' title='bbox 3088 3770 3544 3825; x_wconf 90' lang='lat' dir='ltr'><strong>ecclesiasticam</strong></span> <span class='ocrx_word' id='word_1_598' title='bbox 3568 3784 3708 3841; x_wconf 87' lang='lat' dir='ltr'><strong>gen-</strong></span> 
     </span>
    </p>
   </div>
   <div class='ocr_carea' id='block_1_83' title="bbox 2057 3857 3714 3930">
    <p class='ocr_par' dir='ltr' id='par_1_83' title="bbox 2057 3857 3714 3930">
     <span class='ocr_line' id='line_1_83' title="bbox 2057 3857 3714 3930; baseline -0.002 -17"><span class='ocrx_word' id='word_1_599' title='bbox 2057 3858 2135 3913; x_wconf 87' lang='lat' dir='ltr'><strong>tis</strong></span> <span class='ocrx_word' id='word_1_600' title='bbox 2155 3857 2476 3930; x_wconf 88' lang='lat' dir='ltr'><strong>Anglorum</strong></span> <span class='ocrx_word' id='word_1_601' title='bbox 2493 3858 2662 3929; x_wconf 88' lang='lat' dir='ltr'><strong>(Opp.</strong></span> <span class='ocrx_word' id='word_1_602' title='bbox 2688 3863 2730 3912; x_wconf 90' lang='lat' dir='ltr'><strong>t.</strong></span> <span class='ocrx_word' id='word_1_603' title='bbox 2758 3857 2852 3930; x_wconf 82' lang='grc' dir='ltr'><strong>ΙΙΙ)</strong></span> <span class='ocrx_word' id='word_1_604' title='bbox 2878 3859 2987 3914; x_wconf 90' lang='lat' dir='ltr'><strong>sub</strong></span> <span class='ocrx_word' id='word_1_605' title='bbox 3011 3860 3181 3930; x_wconf 89' lang='lat' dir='ltr'><strong>cujus</strong></span> <span class='ocrx_word' id='word_1_606' title='bbox 3205 3858 3442 3913; x_wconf 88' lang='lat' dir='ltr'><strong>nomine</strong></span> <span class='ocrx_word' id='word_1_607' title='bbox 3463 3857 3714 3912; x_wconf 86' lang='lat' dir='ltr'><strong>habetur</strong></span> 
     </span>
    </p>
   </div>
   <div class='ocr_carea' id='block_1_84' title="bbox 2061 3944 3707 4018">
    <p class='ocr_par' dir='ltr' id='par_1_84' title="bbox 2061 3944 3707 4018">
     <span class='ocr_line' id='line_1_84' title="bbox 2061 3944 3707 4018; baseline -0.003 -15"><span class='ocrx_word' id='word_1_608' title='bbox 2061 3963 2295 4018; x_wconf 88' lang='lat' dir='ltr'><strong>quoque</strong></span> <span class='ocrx_word' id='word_1_609' title='bbox 2326 3948 2494 4001; x_wconf 88' lang='lat' dir='ltr'><strong>breve</strong></span> <span class='ocrx_word' id='word_1_610' title='bbox 2517 3946 2842 4000; x_wconf 75' lang='lat' dir='ltr'><strong>Chronicon</strong></span> <span class='ocrx_word' id='word_1_611' title='bbox 2875 3963 3063 4017; x_wconf 89' lang='lat' dir='ltr'><strong>usque</strong></span> <span class='ocrx_word' id='word_1_612' title='bbox 3102 3947 3174 4001; x_wconf 91' lang='lat' dir='ltr'><strong>ad</strong></span> <span class='ocrx_word' id='word_1_613' title='bbox 3231 3963 3325 4001; x_wconf 88' lang='lat' dir='ltr'><strong>an.</strong></span> <span class='ocrx_word' id='word_1_614' title='bbox 3387 3948 3493 3999; x_wconf 90' lang='lat'><strong>810</strong></span> <span class='ocrx_word' id='word_1_615' title='bbox 3548 3944 3707 4015; x_wconf 89' lang='lat' dir='ltr'><strong>apud</strong></span> 
     </span>
    </p>
   </div>
   <div class='ocr_carea' id='block_1_85' title="bbox 2060 4032 3131 4105">
    <p class='ocr_par' dir='ltr' id='par_1_85' title="bbox 2060 4032 3131 4105">
     <span class='ocr_line' id='line_1_85' title="bbox 2060 4032 3131 4105; baseline -0.001 -14"><span class='ocrx_word' id='word_1_616' title='bbox 2060 4037 2139 4091; x_wconf 91' lang='lat' dir='ltr'><strong>du</strong></span> <span class='ocrx_word' id='word_1_617' title='bbox 2168 4035 2393 4090; x_wconf 88' lang='lat' dir='ltr'><strong>Chesne</strong></span> <span class='ocrx_word' id='word_1_618' title='bbox 2424 4032 2461 4087; x_wconf 91' lang='lat' dir='ltr'><strong>l.</strong></span> <span class='ocrx_word' id='word_1_619' title='bbox 2494 4051 2567 4099; x_wconf 92' lang='lat' dir='ltr'><strong>c.,</strong></span> <span class='ocrx_word' id='word_1_620' title='bbox 2601 4033 2877 4102; x_wconf 76' lang='lat' dir='ltr'><strong>tom..Ill,</strong></span> <span class='ocrx_word' id='word_1_621' title='bbox 2911 4051 2967 4105; x_wconf 88' lang='lat' dir='ltr'><strong>p.</strong></span> <span class='ocrx_word' id='word_1_622' title='bbox 3002 4035 3131 4090; x_wconf 78' lang='grc'>125.</span> 
     </span>
    </p>
   </div>
   <div class='ocr_carea' id='block_1_86' title="bbox 2130 4119 3713 4195">
    <p class='ocr_par' dir='ltr' id='par_1_86' title="bbox 2130 4119 3713 4195">
     <span class='ocr_line' id='line_1_86' title="bbox 2130 4119 3713 4195; baseline -0.002 -17"><span class='ocrx_word' id='word_1_623' title='bbox 2130 4122 2324 4194; x_wconf 85' lang='lat' dir='ltr'><strong>Neque</strong></span> <span class='ocrx_word' id='word_1_624' title='bbox 2346 4128 2541 4177; x_wconf 87' lang='lat' dir='ltr'><strong>tamen</strong></span> <span class='ocrx_word' id='word_1_625' title='bbox 2573 4139 2777 4178; x_wconf 89' lang='lat' dir='ltr'><strong>omnes</strong></span> <span class='ocrx_word' id='word_1_626' title='bbox 2807 4123 3121 4195; x_wconf 90' lang='lat' dir='ltr'><strong>scriptores</strong></span> <span class='ocrx_word' id='word_1_627' title='bbox 3158 4120 3446 4177; x_wconf 88' lang='lat' dir='ltr'><strong>indicavit</strong></span> <span class='ocrx_word' id='word_1_628' title='bbox 3475 4119 3713 4177; x_wconf 90' lang='lat' dir='ltr'><strong>Bernol-</strong></span> 
     </span>
    </p>
   </div>
   <div class='ocr_carea' id='block_1_87' title="bbox 2058 4210 3710 4284">
    <p class='ocr_par' dir='ltr' id='par_1_87' title="bbox 2058 4210 3710 4284">
     <span class='ocr_line' id='line_1_87' title="bbox 2058 4210 3710 4284; baseline -0.002 -15"><span class='ocrx_word' id='word_1_629' title='bbox 2058 4213 2171 4269; x_wconf 90' lang='lat' dir='ltr'><strong>dus</strong></span> <span class='ocrx_word' id='word_1_630' title='bbox 2201 4213 2356 4267; x_wconf 84' lang='lat' dir='ltr'><strong>unde</strong></span> <span class='ocrx_word' id='word_1_631' title='bbox 2401 4213 2810 4284; x_wconf 89' lang='lat' dir='ltr'><strong>depromptum</strong></span> <span class='ocrx_word' id='word_1_632' title='bbox 2845 4216 2933 4267; x_wconf 89' lang='lat' dir='ltr'><strong>est</strong></span> <span class='ocrx_word' id='word_1_633' title='bbox 2984 4210 3303 4269; x_wconf 88' lang='lat' dir='ltr'><strong>Hermanni</strong></span> <span class='ocrx_word' id='word_1_634' title='bbox 3359 4210 3710 4267; x_wconf 87' lang='lat' dir='ltr'><strong>Chronicon.</strong></span> 
     </span>
    </p>
   </div>
   <div class='ocr_carea' id='block_1_88' title="bbox 2059 4300 3714 4373">
    <p class='ocr_par' dir='ltr' id='par_1_88' title="bbox 2059 4300 3714 4373">
     <span class='ocr_line' id='line_1_88' title="bbox 2059 4300 3714 4373; baseline -0.002 -16"><span class='ocrx_word' id='word_1_635' title='bbox 2059 4301 2219 4357; x_wconf 87' lang='lat' dir='ltr'><strong>Alios</strong></span> <span class='ocrx_word' id='word_1_636' title='bbox 2249 4301 2405 4357; x_wconf 89' lang='lat' dir='ltr'><strong>enim</strong></span> <span class='ocrx_word' id='word_1_637' title='bbox 2463 4300 2654 4356; x_wconf 88' lang='lat' dir='ltr'><strong>adhuc</strong></span> <span class='ocrx_word' id='word_1_638' title='bbox 2709 4300 3059 4370; x_wconf 79' lang='lat' dir='ltr'><strong>deteximus,</strong></span> <span class='ocrx_word' id='word_1_639' title='bbox 3109 4316 3359 4373; x_wconf 88' lang='lat' dir='ltr'><strong>quorum</strong></span> <span class='ocrx_word' id='word_1_640' title='bbox 3399 4315 3575 4372; x_wconf 88' lang='lat' dir='ltr'><strong>opera</strong></span> <span class='ocrx_word' id='word_1_641' title='bbox 3623 4303 3714 4357; x_wconf 90' lang='lat' dir='ltr'><strong>est</strong></span> 
     </span>
    </p>
   </div>
   <div class='ocr_carea' id='block_1_89' title="bbox 2061 4389 3561 4462">
    <p class='ocr_par' dir='ltr' id='par_1_89' title="bbox 2061 4389 3561 4462">
     <span class='ocr_line' id='line_1_89' title="bbox 2061 4389 3561 4462; baseline -0.001 -17"><span class='ocrx_word' id='word_1_642' title='bbox 2061 4404 2224 4446; x_wconf 89' lang='lat' dir='ltr'><strong>usus.</strong></span> <span class='ocrx_word' id='word_1_643' title='bbox 2258 4391 2340 4445; x_wconf 84' lang='lat' dir='ltr'><strong>Ex</strong></span> <span class='ocrx_word' id='word_1_644' title='bbox 2370 4389 2463 4445; x_wconf 88' lang='lat' dir='ltr'><strong>his</strong></span> <span class='ocrx_word' id='word_1_645' title='bbox 2493 4394 2813 4461; x_wconf 87' lang='lat' dir='ltr'><strong>sequentes</strong></span> <span class='ocrx_word' id='word_1_646' title='bbox 2846 4390 3233 4462; x_wconf 91' lang='lat' dir='ltr'><strong>potissimum</strong></span> <span class='ocrx_word' id='word_1_647' title='bbox 3267 4395 3561 4444; x_wconf 87' lang='lat' dir='ltr'><strong>notamus.</strong></span> 
     </span>
    </p>
   </div>
   <div class='ocr_carea' id='block_1_90' title="bbox 2132 4478 3697 4551">
    <p class='ocr_par' dir='ltr' id='par_1_90' title="bbox 2132 4478 3697 4551">
     <span class='ocr_line' id='line_1_90' title="bbox 2132 4478 3697 4551; baseline -0.001 -16"><span class='ocrx_word' id='word_1_648' title='bbox 2132 4478 2393 4551; x_wconf 87' lang='lat' dir='ltr'><strong>Gregorii</strong></span> <span class='ocrx_word' id='word_1_649' title='bbox 2423 4478 2781 4534; x_wconf 85' lang='lat' dir='ltr'><strong>Turonensis</strong></span> <span class='ocrx_word' id='word_1_650' title='bbox 2802 4478 3057 4534; x_wconf 87' lang='lat' dir='ltr'><strong>Historia</strong></span> <span class='ocrx_word' id='word_1_651' title='bbox 3087 4478 3381 4548; x_wconf 84' lang='lat' dir='ltr'><strong>Francica,</strong></span> <span class='ocrx_word' id='word_1_652' title='bbox 3415 4494 3593 4550; x_wconf 90' lang='lat' dir='ltr'><strong>quam</strong></span> <span class='ocrx_word' id='word_1_653' title='bbox 3623 4479 3697 4533; x_wconf 89' lang='lat' dir='ltr'><strong>ab</strong></span> 
     </span>
    </p>
   </div>
   <div class='ocr_carea' id='block_1_91' title="bbox 2065 4566 3716 4639">
    <p class='ocr_par' dir='ltr' id='par_1_91' title="bbox 2065 4566 3716 4639">
     <span class='ocr_line' id='line_1_91' title="bbox 2065 4566 3716 4639; baseline -0.002 -15"><span class='ocrx_word' id='word_1_654' title='bbox 2065 4585 2217 4624; x_wconf 88' lang='lat' dir='ltr'><strong>anno</strong></span> <span class='ocrx_word' id='word_1_655' title='bbox 2238 4569 2343 4624; x_wconf 82' lang='grc'><strong>458</strong></span> <span class='ocrx_word' id='word_1_656' title='bbox 2365 4584 2552 4639; x_wconf 88' lang='lat' dir='ltr'><strong>usque</strong></span> <span class='ocrx_word' id='word_1_657' title='bbox 2583 4568 2652 4623; x_wconf 88' lang='lat' dir='ltr'><strong>ad</strong></span> <span class='ocrx_word' id='word_1_658' title='bbox 2680 4584 2900 4622; x_wconf 87' lang='lat' dir='ltr'><strong>annum</strong></span> <span class='ocrx_word' id='word_1_659' title='bbox 2922 4568 3019 4622; x_wconf 84' lang='lat'>591</span> <span class='ocrx_word' id='word_1_660' title='bbox 3047 4572 3452 4623; x_wconf 85' lang='lat' dir='ltr'><strong>excurrentem</strong></span> <span class='ocrx_word' id='word_1_661' title='bbox 3475 4566 3716 4622; x_wconf 87' lang='lat' dir='ltr'><strong>Parisiis</strong></span> 
     </span>
    </p>
   </div>
   <div class='ocr_carea' id='block_1_92' title="bbox 297 4653 3716 4745">
    <p class='ocr_par' dir='ltr' id='par_1_92' title="bbox 297 4653 3716 4745">
     <span class='ocr_line' id='line_1_92' title="bbox 297 4653 3716 4745; baseline -0.001 -30"><span class='ocrx_word' id='word_1_662' title='bbox 297 4658 621 4745; x_wconf 82' lang='lat' dir='ltr'><strong>Historiam</strong></span> <span class='ocrx_word' id='word_1_663' title='bbox 697 4655 1153 4745; x_wconf 87' lang='lat' dir='ltr'><strong>ecclesiasticam</strong></span> <span class='ocrx_word' id='word_1_664' title='bbox 1230 4658 1568 4745; x_wconf 83' lang='lat' dir='ltr'><strong>Hermanno</strong></span> <span class='ocrx_word' id='word_1_665' title='bbox 1629 4653 1955 4745; x_wconf 73' lang='lat' dir='ltr'><strong>inservisse</strong></span> <span class='ocrx_word' id='word_1_666' title='bbox 1983 4678 2033 4745; x_wconf 13' lang='lat' dir='ltr'><strong>Di</strong></span> <span class='ocrx_word' id='word_1_667' title='bbox 2064 4674 2160 4713; x_wconf 92' lang='lat' dir='ltr'><strong>an.</strong></span> <span class='ocrx_word' id='word_1_668' title='bbox 2192 4657 2333 4712; x_wconf 78' lang='grc'>4699</span> <span class='ocrx_word' id='word_1_669' title='bbox 2363 4656 2545 4711; x_wconf 90' lang='lat' dir='ltr'><strong>edidit</strong></span> <span class='ocrx_word' id='word_1_670' title='bbox 2573 4656 2971 4713; x_wconf 88' lang='lat' dir='ltr'><strong>Theodericus</strong></span> <span class='ocrx_word' id='word_1_671' title='bbox 3003 4656 3287 4745; x_wconf 81' lang='lat' dir='ltr'><strong>Ruinart;</strong></span> <span class='ocrx_word' id='word_1_672' title='bbox 3324 4656 3417 4712; x_wconf 90' lang='lat' dir='ltr'><strong>cui</strong></span> <span class='ocrx_word' id='word_1_673' title='bbox 3464 4654 3716 4727; x_wconf 90' lang='lat' dir='ltr'><strong>subjecit</strong></span> 
     </span>
    </p>
   </div>
   <div class='ocr_carea' id='block_1_93' title="bbox 296 4732 1949 4821">
    <p class='ocr_par' dir='ltr' id='par_1_93' title="bbox 296 4732 1949 4821">
     <span class='ocr_line' id='line_1_93' title="bbox 296 4732 1949 4821; baseline -0.004 -18"><span class='ocrx_word' id='word_1_674' title='bbox 296 4742 574 4821; x_wconf 83' lang='lat' dir='ltr'><strong>pluribus</strong></span> <span class='ocrx_word' id='word_1_675' title='bbox 603 4762 673 4802; x_wconf 85' lang='lat' dir='ltr'><strong>ex</strong></span> <span class='ocrx_word' id='word_1_676' title='bbox 692 4745 839 4801; x_wconf 91' lang='lat' dir='ltr'><strong>locis</strong></span> <span class='ocrx_word' id='word_1_677' title='bbox 856 4745 1062 4817; x_wconf 86' lang='lat' dir='ltr'><strong>liquet.</strong></span> <span class='ocrx_word' id='word_1_678' title='bbox 1085 4744 1309 4800; x_wconf 89' lang='lat' dir='ltr'><strong>Prodiit</strong></span> <span class='ocrx_word' id='word_1_679' title='bbox 1330 4760 1399 4799; x_wconf 84' lang='lat' dir='ltr'><strong>ex</strong></span> <span class='ocrx_word' id='word_1_680' title='bbox 1419 4732 1763 4800; x_wconf 75' lang='lat' dir='ltr'><strong>recensione</strong></span> <span class='ocrx_word' id='word_1_681' title='bbox 1778 4743 1949 4798; x_wconf 89' lang='lat' dir='ltr'><strong>Henr.</strong></span> 
     </span>
    </p>
   </div>
   <div class='ocr_carea' id='block_1_94' title="bbox 299 4830 1899 4907">
    <p class='ocr_par' dir='ltr' id='par_1_94' title="bbox 299 4830 1899 4907">
     <span class='ocr_line' id='line_1_94' title="bbox 299 4830 1899 4907; baseline -0.004 -15"><span class='ocrx_word' id='word_1_682' title='bbox 299 4830 519 4893; x_wconf 74' lang='lat' dir='ltr'><strong>Valesii</strong></span> <span class='ocrx_word' id='word_1_683' title='bbox 549 4832 829 4907; x_wconf 69' lang='lat' dir='ltr'><strong>Augustas</strong></span> <span class='ocrx_word' id='word_1_684' title='bbox 861 4832 1254 4888; x_wconf 81' lang='lat' dir='ltr'><strong>Taurinorum</strong></span> <span class='ocrx_word' id='word_1_685' title='bbox 1284 4832 1559 4888; x_wconf 71' lang='lat' dir='ltr'><strong>an.1746.</strong></span> <span class='ocrx_word' id='word_1_686' title='bbox 1880 4834 1899 4851; x_wconf 85' lang='lat'>‘</span> 
     </span>
    </p>
   </div>
   <div class='ocr_carea' id='block_1_95' title="bbox 367 4918 1953 4995">
    <p class='ocr_par' dir='ltr' id='par_1_95' title="bbox 367 4918 1953 4995">
     <span class='ocr_line' id='line_1_95' title="bbox 367 4918 1953 4995; baseline -0.004 -13"><span class='ocrx_word' id='word_1_687' title='bbox 367 4918 537 4983; x_wconf 78' lang='lat' dir='ltr'><strong>Alter</strong></span> <span class='ocrx_word' id='word_1_688' title='bbox 560 4929 650 4981; x_wconf 91' lang='lat' dir='ltr'><strong>est</strong></span> <span class='ocrx_word' id='word_1_689' title='bbox 678 4923 933 4995; x_wconf 88' lang='lat' dir='ltr'><strong>Prosper</strong></span> <span class='ocrx_word' id='word_1_690' title='bbox 987 4921 1342 4995; x_wconf 82' lang='lat' dir='ltr'><strong>Aquitanus,</strong></span> <span class='ocrx_word' id='word_1_691' title='bbox 1377 4921 1479 4993; x_wconf 91' lang='lat' dir='ltr'><strong>qui</strong></span> <span class='ocrx_word' id='word_1_692' title='bbox 1526 4921 1851 4977; x_wconf 89' lang='lat' dir='ltr'><strong>Chronicon</strong></span> <span class='ocrx_word' id='word_1_693' title='bbox 1882 4922 1953 4977; x_wconf 89' lang='lat' dir='ltr'><strong>ab</strong></span> 
     </span>
    </p>
   </div>
   <div class='ocr_carea' id='block_1_96' title="bbox 301 5006 1954 5085">
    <p class='ocr_par' dir='ltr' id='par_1_96' title="bbox 301 5006 1954 5085">
     <span class='ocr_line' id='line_1_96' title="bbox 301 5006 1954 5085; baseline -0.005 -13"><span class='ocrx_word' id='word_1_694' title='bbox 301 5028 460 5073; x_wconf 88' lang='lat' dir='ltr'><strong>anno</strong></span> <span class='ocrx_word' id='word_1_695' title='bbox 474 5006 603 5083; x_wconf 78' lang='lat'><strong>379’,</strong></span> <span class='ocrx_word' id='word_1_696' title='bbox 636 5028 754 5085; x_wconf 92' lang='lat' dir='ltr'><strong>quo</strong></span> <span class='ocrx_word' id='word_1_697' title='bbox 775 5010 956 5067; x_wconf 87' lang='lat' dir='ltr'><strong>desiit</strong></span> <span class='ocrx_word' id='word_1_698' title='bbox 982 5010 1388 5084; x_wconf 82' lang='lat' dir='ltr'><strong>Hieronymus,</strong></span> <span class='ocrx_word' id='word_1_699' title='bbox 1423 5026 1612 5082; x_wconf 90' lang='lat' dir='ltr'><strong>usque</strong></span> <span class='ocrx_word' id='word_1_700' title='bbox 1632 5011 1703 5065; x_wconf 90' lang='lat' dir='ltr'><strong>ad</strong></span> <span class='ocrx_word' id='word_1_701' title='bbox 1735 5027 1954 5065; x_wconf 88' lang='lat' dir='ltr'><strong>annum</strong></span> 
     </span>
    </p>
   </div>
   <div class='ocr_carea' id='block_1_97' title="bbox 298 5096 1958 5179">
    <p class='ocr_par' dir='ltr' id='par_1_97' title="bbox 298 5096 1958 5179">
     <span class='ocr_line' id='line_1_97' title="bbox 298 5096 1958 5179; baseline -0.003 -18"><span class='ocrx_word' id='word_1_702' title='bbox 298 5105 408 5161; x_wconf 73' lang='grc'>455</span> <span class='ocrx_word' id='word_1_703' title='bbox 430 5096 725 5179; x_wconf 80' lang='lat' dir='ltr'><strong>perduxit.</strong></span> <span class='ocrx_word' id='word_1_704' title='bbox 758 5100 1025 5158; x_wconf 84' lang='lat' dir='ltr'><strong>Habetur</strong></span> <span class='ocrx_word' id='word_1_705' title='bbox 1051 5098 1110 5155; x_wconf 91' lang='lat' dir='ltr'><strong>id</strong></span> <span class='ocrx_word' id='word_1_706' title='bbox 1148 5100 1209 5155; x_wconf 91' lang='lat' dir='ltr'><strong>in</strong></span> <span class='ocrx_word' id='word_1_707' title='bbox 1268 5101 1473 5156; x_wconf 89' lang='lat' dir='ltr'><strong>eodem</strong></span> <span class='ocrx_word' id='word_1_708' title='bbox 1526 5099 1844 5172; x_wconf 86' lang='lat' dir='ltr'><strong>Scaligero,</strong></span> <span class='ocrx_word' id='word_1_709' title='bbox 1900 5105 1958 5156; x_wconf 90' lang='lat' dir='ltr'><strong>et</strong></span> 
     </span>
    </p>
   </div>
   <div class='ocr_carea' id='block_1_98' title="bbox 299 5182 1957 5267">
    <p class='ocr_par' dir='ltr' id='par_1_98' title="bbox 299 5182 1957 5267">
     <span class='ocr_line' id='line_1_98' title="bbox 299 5182 1957 5267; baseline -0.005 -16"><span class='ocrx_word' id='word_1_710' title='bbox 299 5193 454 5267; x_wconf 83' lang='lat' dir='ltr'><strong>apud</strong></span> <span class='ocrx_word' id='word_1_711' title='bbox 488 5182 567 5249; x_wconf 7' lang='lat' dir='ltr'><strong>diu</strong></span> <span class='ocrx_word' id='word_1_712' title='bbox 597 5188 830 5249; x_wconf 86' lang='lat' dir='ltr'><strong>Chesne</strong></span> <span class='ocrx_word' id='word_1_713' title='bbox 862 5189 1080 5261; x_wconf 89' lang='lat' dir='ltr'><strong>Script.</strong></span> <span class='ocrx_word' id='word_1_714' title='bbox 1108 5188 1338 5253; x_wconf 89' lang='lat' dir='ltr'><strong>Franc.,</strong></span> <span class='ocrx_word' id='word_1_715' title='bbox 1369 5193 1512 5243; x_wconf 88' lang='lat' dir='ltr'><strong>tom.</strong></span> <span class='ocrx_word' id='word_1_716' title='bbox 1539 5189 1583 5254; x_wconf 89' lang='grc' dir='ltr'><strong>Ι,</strong></span> <span class='ocrx_word' id='word_1_717' title='bbox 1617 5205 1672 5260; x_wconf 90' lang='lat' dir='ltr'><strong>p.</strong></span> <span class='ocrx_word' id='word_1_718' title='bbox 1706 5189 1828 5252; x_wconf 81' lang='grc'>196,</span> <span class='ocrx_word' id='word_1_719' title='bbox 1854 5205 1957 5243; x_wconf 83' lang='lat' dir='ltr'><strong>nec</strong></span> 
     </span>
    </p>
   </div>
   <div class='ocr_carea' id='block_1_99' title="bbox 298 5277 1957 5349">
    <p class='ocr_par' dir='ltr' id='par_1_99' title="bbox 298 5277 1957 5349">
     <span class='ocr_line' id='line_1_99' title="bbox 298 5277 1957 5349; baseline -0.005 -9"><span class='ocrx_word' id='word_1_720' title='bbox 298 5280 419 5340; x_wconf 79' lang='lat' dir='ltr'><strong>non&#39;</strong></span> <span class='ocrx_word' id='word_1_721' title='bbox 449 5283 506 5338; x_wconf 89' lang='lat' dir='ltr'><strong>in</strong></span> <span class='ocrx_word' id='word_1_722' title='bbox 538 5278 745 5339; x_wconf 76' lang='lat' dir='ltr'><strong>Graevii</strong></span> <span class='ocrx_word' id='word_1_723' title='bbox 764 5279 1075 5336; x_wconf 87' lang='lat' dir='ltr'><strong>Thesauro</strong></span> <span class='ocrx_word' id='word_1_724' title='bbox 1094 5277 1291 5349; x_wconf 82' lang='lat' dir='ltr'><strong>Antiq.</strong></span> <span class='ocrx_word' id='word_1_725' title='bbox 1319 5278 1591 5343; x_wconf 66' lang='lat' dir='ltr'><strong>Romam,</strong></span> <span class='ocrx_word' id='word_1_726' title='bbox 1613 5282 1758 5332; x_wconf 90' lang='lat' dir='ltr'><strong>tom.</strong></span> <span class='ocrx_word' id='word_1_727' title='bbox 1782 5278 1876 5344; x_wconf 80' lang='lat' dir='ltr'><strong>XI,</strong></span> <span class='ocrx_word' id='word_1_728' title='bbox 1899 5295 1957 5349; x_wconf 92' lang='lat' dir='ltr'><strong>p.</strong></span> 
     </span>
    </p>
   </div>
   <div class='ocr_carea' id='block_1_100' title="bbox 296 5357 1956 5442">
    <p class='ocr_par' dir='ltr' id='par_1_100' title="bbox 296 5357 1956 5442">
     <span class='ocr_line' id='line_1_100' title="bbox 296 5357 1956 5442; baseline -0.004 -15"><span class='ocrx_word' id='word_1_729' title='bbox 296 5362 425 5442; x_wconf 67' lang='lat'><strong>312&#39;,</strong></span> <span class='ocrx_word' id='word_1_730' title='bbox 459 5365 708 5429; x_wconf 66' lang='lat' dir='ltr'><strong>maxime</strong></span> <span class='ocrx_word' id='word_1_731' title='bbox 735 5370 797 5428; x_wconf 87' lang='lat' dir='ltr'><strong>in</strong></span> <span class='ocrx_word' id='word_1_732' title='bbox 820 5357 1419 5440; x_wconf 84' lang='lat' dir='ltr'><strong>ProsperiOperibus,</strong></span> <span class='ocrx_word' id='word_1_733' title='bbox 1460 5364 1599 5421; x_wconf 88' lang='lat' dir='ltr'><strong>edit.</strong></span> <span class='ocrx_word' id='word_1_734' title='bbox 1623 5365 1826 5423; x_wconf 89' lang='lat' dir='ltr'><strong>Venet.</strong></span> <span class='ocrx_word' id='word_1_735' title='bbox 1863 5384 1956 5422; x_wconf 90' lang='lat' dir='ltr'><strong>an.</strong></span> 
     </span>
    </p>
   </div>
   <div class='ocr_carea' id='block_1_101' title="bbox 296 5460 463 5517">
    <p class='ocr_par' dir='ltr' id='par_1_101' title="bbox 296 5460 463 5517">
     <span class='ocr_line' id='line_1_101' title="bbox 296 5460 463 5517; baseline 0.006 -1"><span class='ocrx_word' id='word_1_736' title='bbox 296 5460 463 5517; x_wconf 73' lang='grc'>1744.</span> 
     </span>
    </p>
   </div>
   <div class='ocr_carea' id='block_1_102' title="bbox 366 5543 1957 5615">
    <p class='ocr_par' dir='ltr' id='par_1_102' title="bbox 366 5543 1957 5615">
     <span class='ocr_line' id='line_1_102' title="bbox 366 5543 1957 5615; baseline -0.006 -7"><span class='ocrx_word' id='word_1_737' title='bbox 366 5550 850 5609; x_wconf 86' lang='lat' dir='ltr'><strong>Continuatorem</strong></span> <span class='ocrx_word' id='word_1_738' title='bbox 882 5546 937 5602; x_wconf 90' lang='lat' dir='ltr'><strong>is</strong></span> <span class='ocrx_word' id='word_1_739' title='bbox 968 5543 1182 5600; x_wconf 89' lang='lat' dir='ltr'><strong>habuit</strong></span> <span class='ocrx_word' id='word_1_740' title='bbox 1209 5559 1401 5615; x_wconf 91' lang='lat' dir='ltr'><strong>usque</strong></span> <span class='ocrx_word' id='word_1_741' title='bbox 1453 5543 1525 5599; x_wconf 88' lang='lat' dir='ltr'><strong>ad</strong></span> <span class='ocrx_word' id='word_1_742' title='bbox 1574 5560 1797 5599; x_wconf 89' lang='lat' dir='ltr'><strong>annum</strong></span> <span class='ocrx_word' id='word_1_743' title='bbox 1848 5545 1957 5599; x_wconf 86' lang='lat'><strong>565</strong></span> 
     </span>
    </p>
   </div>
   <div class='ocr_carea' id='block_1_103' title="bbox 292 5632 1955 5717">
    <p class='ocr_par' dir='ltr' id='par_1_103' title="bbox 292 5632 1955 5717">
     <span class='ocr_line' id='line_1_103' title="bbox 292 5632 1955 5717; baseline -0.004 -22"><span class='ocrx_word' id='word_1_744' title='bbox 292 5638 581 5700; x_wconf 82' lang='lat' dir='ltr'><strong>Victorem</strong></span> <span class='ocrx_word' id='word_1_745' title='bbox 610 5642 979 5717; x_wconf 88' lang='lat' dir='ltr'><strong>episcopum</strong></span> <span class='ocrx_word' id='word_1_746' title='bbox 1012 5634 1437 5689; x_wconf 90' lang='lat' dir='ltr'><strong>Tununensem</strong></span> <span class='ocrx_word' id='word_1_747' title='bbox 1466 5632 1526 5687; x_wconf 92' lang='lat' dir='ltr'><strong>in</strong></span> <span class='ocrx_word' id='word_1_748' title='bbox 1587 5635 1802 5703; x_wconf 78' lang='lat' dir='ltr'><strong>Africa,</strong></span> <span class='ocrx_word' id='word_1_749' title='bbox 1856 5634 1955 5705; x_wconf 90' lang='lat' dir='ltr'><strong>qui</strong></span> 
     </span>
    </p>
   </div>
   <div class='ocr_carea' id='block_1_104' title="bbox 294 5719 1960 5794">
    <p class='ocr_par' dir='ltr' id='par_1_104' title="bbox 294 5719 1960 5794">
     <span class='ocr_line' id='line_1_104' title="bbox 294 5719 1960 5794; baseline -0.007 -6"><span class='ocrx_word' id='word_1_750' title='bbox 294 5726 407 5790; x_wconf 62' lang='lat' dir='ltr'><strong>una</strong></span> <span class='ocrx_word' id='word_1_751' title='bbox 431 5732 557 5793; x_wconf 68' lang='lat' dir='ltr'><strong>cum</strong></span> <span class='ocrx_word' id='word_1_752' title='bbox 582 5724 1051 5794; x_wconf 73' lang='lat' dir='ltr'><strong>continuatione</strong></span> <span class='ocrx_word' id='word_1_753' title='bbox 1070 5720 1319 5779; x_wconf 82' lang='lat' dir='ltr'><strong>Joannis</strong></span> <span class='ocrx_word' id='word_1_754' title='bbox 1337 5719 1708 5777; x_wconf 88' lang='lat' dir='ltr'><strong>Biclariensis</strong></span> <span class='ocrx_word' id='word_1_755' title='bbox 1731 5722 1960 5778; x_wconf 87' lang='lat' dir='ltr'><strong>abbatis</strong></span> 
     </span>
    </p>
   </div>
   <div class='ocr_carea' id='block_1_105' title="bbox 2064 4744 3715 4818">
    <p class='ocr_par' dir='ltr' id='par_1_105' title="bbox 2064 4744 3715 4818">
     <span class='ocr_line' id='line_1_105' title="bbox 2064 4744 3715 4818; baseline -0.002 -16"><span class='ocrx_word' id='word_1_756' title='bbox 2064 4747 2193 4818; x_wconf 91' lang='lat' dir='ltr'><strong>ejus</strong></span> <span class='ocrx_word' id='word_1_757' title='bbox 2213 4746 2504 4818; x_wconf 90' lang='lat' dir='ltr'><strong>epitomen</strong></span> <span class='ocrx_word' id='word_1_758' title='bbox 2528 4760 2630 4817; x_wconf 91' lang='lat' dir='ltr'><strong>per</strong></span> <span class='ocrx_word' id='word_1_759' title='bbox 2650 4744 3461 4817; x_wconf 84' lang='lat' dir='ltr'><strong>FredegariumScolasticum</strong></span> <span class='ocrx_word' id='word_1_760' title='bbox 3481 4745 3715 4810; x_wconf 78' lang='lat' dir='ltr'><strong>factam,</strong></span> 
     </span>
    </p>
   </div>
   <div class='ocr_carea' id='block_1_106' title="bbox 2063 4832 3769 4907">
    <p class='ocr_par' dir='ltr' id='par_1_106' title="bbox 2063 4832 3769 4907">
     <span class='ocr_line' id='line_1_106' title="bbox 2063 4832 3769 4907; baseline -0.004 -17"><span class='ocrx_word' id='word_1_761' title='bbox 2063 4835 2357 4907; x_wconf 88' lang='lat' dir='ltr'><strong>hujusque</strong></span> <span class='ocrx_word' id='word_1_762' title='bbox 2384 4838 2441 4889; x_wconf 89' lang='lat' dir='ltr'><strong>et</strong></span> <span class='ocrx_word' id='word_1_763' title='bbox 2470 4833 2719 4889; x_wconf 89' lang='lat' dir='ltr'><strong>aliorum</strong></span> <span class='ocrx_word' id='word_1_764' title='bbox 2750 4834 3231 4889; x_wconf 88' lang='lat' dir='ltr'><strong>eontinuationes</strong></span> <span class='ocrx_word' id='word_1_765' title='bbox 3263 4849 3450 4904; x_wconf 90' lang='lat' dir='ltr'><strong>usque</strong></span> <span class='ocrx_word' id='word_1_766' title='bbox 3479 4832 3552 4885; x_wconf 89' lang='lat' dir='ltr'><strong>ad</strong></span> <span class='ocrx_word' id='word_1_767' title='bbox 3609 4847 3718 4885; x_wconf 87' lang='lat' dir='ltr'><strong>an-</strong></span> <span class='ocrx_word' id='word_1_768' title='bbox 3764 4852 3769 4859; x_wconf 88' lang='grc'><strong>·</strong></span> 
     </span>
    </p>
   </div>
   <div class='ocr_carea' id='block_1_107' title="bbox 2064 4917 3717 4993">
    <p class='ocr_par' dir='ltr' id='par_1_107' title="bbox 2064 4917 3717 4993">
     <span class='ocr_line' id='line_1_107' title="bbox 2064 4917 3717 4993; baseline -0.004 -14"><span class='ocrx_word' id='word_1_769' title='bbox 2064 4940 2206 4979; x_wconf 89' lang='lat' dir='ltr'><strong>num</strong></span> <span class='ocrx_word' id='word_1_770' title='bbox 2238 4924 2499 4993; x_wconf 85' lang='lat' dir='ltr'><strong>768,quae</strong></span> <span class='ocrx_word' id='word_1_771' title='bbox 2521 4923 2719 4977; x_wconf 90' lang='lat' dir='ltr'><strong>omnia</strong></span> <span class='ocrx_word' id='word_1_772' title='bbox 2739 4922 2798 4976; x_wconf 90' lang='lat' dir='ltr'><strong>in</strong></span> <span class='ocrx_word' id='word_1_773' title='bbox 2818 4921 3105 4993; x_wconf 89' lang='lat' dir='ltr'><strong>Bouqueti</strong></span> <span class='ocrx_word' id='word_1_774' title='bbox 3130 4936 3369 4992; x_wconf 90' lang='lat' dir='ltr'><strong>quoque</strong></span> <span class='ocrx_word' id='word_1_775' title='bbox 3392 4918 3570 4974; x_wconf 86' lang='lat' dir='ltr'><strong>citata</strong></span> <span class='ocrx_word' id='word_1_776' title='bbox 3588 4917 3717 4973; x_wconf 92' lang='lat' dir='ltr'><strong>Col-</strong></span> 
     </span>
    </p>
   </div>
   <div class='ocr_carea' id='block_1_108' title="bbox 2064 5010 3716 5083">
    <p class='ocr_par' dir='ltr' id='par_1_108' title="bbox 2064 5010 3716 5083">
     <span class='ocr_line' id='line_1_108' title="bbox 2064 5010 3716 5083; baseline -0.005 -16"><span class='ocrx_word' id='word_1_777' title='bbox 2064 5011 2559 5078; x_wconf 86' lang='lat' dir='ltr'><strong>lectione,tom.ll.</strong></span> <span class='ocrx_word' id='word_1_778' title='bbox 2597 5029 2653 5083; x_wconf 89' lang='lat' dir='ltr'><strong>p.</strong></span> <span class='ocrx_word' id='word_1_779' title='bbox 2679 5012 2749 5065; x_wconf 76' lang='grc'><strong>74</strong></span> <span class='ocrx_word' id='word_1_780' title='bbox 2776 5026 2965 5083; x_wconf 89' lang='lat' dir='ltr'><strong>seqq.,</strong></span> <span class='ocrx_word' id='word_1_781' title='bbox 3020 5010 3331 5075; x_wconf 90' lang='lat' dir='ltr'><strong>habentur,</strong></span> <span class='ocrx_word' id='word_1_782' title='bbox 3386 5012 3716 5077; x_wconf 89' lang='lat' dir='ltr'><strong>temporum</strong></span> 
     </span>
    </p>
   </div>
   <div class='ocr_carea' id='block_1_109' title="bbox 2064 5096 3387 5157">
    <p class='ocr_par' dir='ltr' id='par_1_109' title="bbox 2064 5096 3387 5157">
     <span class='ocr_line' id='line_1_109' title="bbox 2064 5096 3387 5157; baseline -0.006 0"><span class='ocrx_word' id='word_1_783' title='bbox 2064 5106 2263 5157; x_wconf 89' lang='lat' dir='ltr'><strong>tamen</strong></span> <span class='ocrx_word' id='word_1_784' title='bbox 2295 5101 2516 5156; x_wconf 87' lang='lat' dir='ltr'><strong>ratione</strong></span> <span class='ocrx_word' id='word_1_785' title='bbox 2547 5100 2715 5156; x_wconf 88' lang='lat' dir='ltr'><strong>aliter</strong></span> <span class='ocrx_word' id='word_1_786' title='bbox 2745 5097 3035 5155; x_wconf 87' lang='lat' dir='ltr'><strong>monnihil</strong></span> <span class='ocrx_word' id='word_1_787' title='bbox 3071 5096 3387 5153; x_wconf 88' lang='lat' dir='ltr'><strong>subducta.</strong></span> 
     </span>
    </p>
   </div>
   <div class='ocr_carea' id='block_1_110' title="bbox 2139 5183 3705 5260">
    <p class='ocr_par' dir='ltr' id='par_1_110' title="bbox 2139 5183 3705 5260">
     <span class='ocr_line' id='line_1_110' title="bbox 2139 5183 3705 5260; baseline -0.005 -15"><span class='ocrx_word' id='word_1_788' title='bbox 2139 5189 2343 5245; x_wconf 90' lang='lat' dir='ltr'><strong>lsidori</strong></span> <span class='ocrx_word' id='word_1_789' title='bbox 2376 5188 2739 5260; x_wconf 88' lang='lat' dir='ltr'><strong>Hispalensis</strong></span> <span class='ocrx_word' id='word_1_790' title='bbox 2763 5187 3087 5243; x_wconf 87' lang='lat' dir='ltr'><strong>Chronicon</strong></span> <span class='ocrx_word' id='word_1_791' title='bbox 3123 5201 3310 5256; x_wconf 88' lang='lat' dir='ltr'><strong>usque</strong></span> <span class='ocrx_word' id='word_1_792' title='bbox 3354 5183 3426 5239; x_wconf 87' lang='lat' dir='ltr'><strong>ad</strong></span> <span class='ocrx_word' id='word_1_793' title='bbox 3482 5198 3705 5238; x_wconf 86' lang='lat' dir='ltr'><strong>annum</strong></span> 
     </span>
    </p>
   </div>
   <div class='ocr_carea' id='block_1_111' title="bbox 2066 5271 3712 5349">
    <p class='ocr_par' dir='ltr' id='par_1_111' title="bbox 2066 5271 3712 5349">
     <span class='ocr_line' id='line_1_111' title="bbox 2066 5271 3712 5349; baseline -0.004 -16"><span class='ocrx_word' id='word_1_794' title='bbox 2066 5281 2173 5334; x_wconf 83' lang='lat'><strong>626</strong></span> <span class='ocrx_word' id='word_1_795' title='bbox 2201 5282 2389 5333; x_wconf 86' lang='lat' dir='ltr'><strong>exstat</strong></span> <span class='ocrx_word' id='word_1_796' title='bbox 2418 5278 2569 5332; x_wconf 87' lang='lat' dir='ltr'><strong>inter</strong></span> <span class='ocrx_word' id='word_1_797' title='bbox 2598 5280 2726 5349; x_wconf 81' lang='lat' dir='ltr'><strong>ejus</strong></span> <span class='ocrx_word' id='word_1_798' title='bbox 2757 5293 2953 5348; x_wconf 87' lang='lat' dir='ltr'><strong>opera,</strong></span> <span class='ocrx_word' id='word_1_799' title='bbox 2977 5281 3122 5332; x_wconf 90' lang='lat' dir='ltr'><strong>tom.</strong></span> <span class='ocrx_word' id='word_1_800' title='bbox 3147 5274 3169 5328; x_wconf 95' lang='grc' dir='ltr'>Ι</span> <span class='ocrx_word' id='word_1_801' title='bbox 3200 5271 3586 5329; x_wconf 88' lang='lat' dir='ltr'><strong>edit.Madrit.</strong></span> <span class='ocrx_word' id='word_1_802' title='bbox 3616 5289 3712 5328; x_wconf 89' lang='lat' dir='ltr'><strong>an.</strong></span> 
     </span>
    </p>
   </div>
   <div class='ocr_carea' id='block_1_112' title="bbox 2069 5369 2230 5422">
    <p class='ocr_par' dir='ltr' id='par_1_112' title="bbox 2069 5369 2230 5422">
     <span class='ocr_line' id='line_1_112' title="bbox 2069 5369 2230 5422; baseline -0.012 0"><span class='ocrx_word' id='word_1_803' title='bbox 2069 5369 2230 5422; x_wconf 88' lang='lat'><strong>1778.</strong></span> 
     </span>
    </p>
   </div>
   <div class='ocr_carea' id='block_1_113' title="bbox 2138 5448 3714 5525">
    <p class='ocr_par' dir='ltr' id='par_1_113' title="bbox 2138 5448 3714 5525">
     <span class='ocr_line' id='line_1_113' title="bbox 2138 5448 3714 5525; baseline -0.006 -14"><span class='ocrx_word' id='word_1_804' title='bbox 2138 5453 2403 5525; x_wconf 91' lang='lat' dir='ltr'><strong>Procopii</strong></span> <span class='ocrx_word' id='word_1_805' title='bbox 2431 5452 2804 5508; x_wconf 72' lang='lat' dir='ltr'><strong>Caesariensis</strong></span> <span class='ocrx_word' id='word_1_806' title='bbox 2834 5452 3089 5508; x_wconf 89' lang='lat' dir='ltr'><strong>Historia</strong></span> <span class='ocrx_word' id='word_1_807' title='bbox 3122 5452 3198 5507; x_wconf 91' lang='lat' dir='ltr'><strong>De</strong></span> <span class='ocrx_word' id='word_1_808' title='bbox 3256 5450 3412 5507; x_wconf 87' lang='lat' dir='ltr'><strong>bello</strong></span> <span class='ocrx_word' id='word_1_809' title='bbox 3469 5448 3714 5507; x_wconf 90' lang='lat' dir='ltr'><strong>Gothico</strong></span> 
     </span>
    </p>
   </div>
   <div class='ocr_carea' id='block_1_114' title="bbox 2069 5536 3720 5612">
    <p class='ocr_par' dir='ltr' id='par_1_114' title="bbox 2069 5536 3720 5612">
     <span class='ocr_line' id='line_1_114' title="bbox 2069 5536 3720 5612; baseline -0.007 -12"><span class='ocrx_word' id='word_1_810' title='bbox 2069 5544 2140 5601; x_wconf 91' lang='lat' dir='ltr'><strong>ab</strong></span> <span class='ocrx_word' id='word_1_811' title='bbox 2171 5558 2324 5597; x_wconf 88' lang='lat' dir='ltr'><strong>anno</strong></span> <span class='ocrx_word' id='word_1_812' title='bbox 2349 5542 2452 5595; x_wconf 81' lang='grc'><strong>489</strong></span> <span class='ocrx_word' id='word_1_813' title='bbox 2478 5557 2665 5612; x_wconf 87' lang='lat' dir='ltr'><strong>usque</strong></span> <span class='ocrx_word' id='word_1_814' title='bbox 2694 5541 2801 5593; x_wconf 83' lang='grc'><strong>552</strong></span> <span class='ocrx_word' id='word_1_815' title='bbox 2831 5538 3078 5595; x_wconf 88' lang='lat' dir='ltr'><strong>habetur</strong></span> <span class='ocrx_word' id='word_1_816' title='bbox 3106 5539 3165 5595; x_wconf 88' lang='lat' dir='ltr'><strong>in</strong></span> <span class='ocrx_word' id='word_1_817' title='bbox 3195 5539 3493 5596; x_wconf 85' lang='lat' dir='ltr'><strong>Muratorii</strong></span> <span class='ocrx_word' id='word_1_818' title='bbox 3520 5536 3720 5607; x_wconf 87' lang='lat' dir='ltr'><strong>Scrip-</strong></span> 
     </span>
    </p>
   </div>
   <div class='ocr_carea' id='block_1_115' title="bbox 2068 5619 3713 5698">
    <p class='ocr_par' dir='ltr' id='par_1_115' title="bbox 2068 5619 3713 5698">
     <span class='ocr_line' id='line_1_115' title="bbox 2068 5619 3713 5698; baseline -0.009 -9"><span class='ocrx_word' id='word_1_819' title='bbox 2068 5627 2800 5696; x_wconf 70' lang='lat' dir='ltr'><strong>toribuslter.[tal.,tom.l,</strong></span> <span class='ocrx_word' id='word_1_820' title='bbox 2836 5644 2889 5698; x_wconf 91' lang='lat' dir='ltr'><strong>p.</strong></span> <span class='ocrx_word' id='word_1_821' title='bbox 2922 5629 3044 5696; x_wconf 80' lang='lat' dir='ltr'><strong>M3,</strong></span> <span class='ocrx_word' id='word_1_822' title='bbox 3081 5627 3166 5681; x_wconf 88' lang='lat' dir='ltr'><strong>uti</strong></span> <span class='ocrx_word' id='word_1_823' title='bbox 3198 5634 3256 5683; x_wconf 90' lang='lat' dir='ltr'><strong>et</strong></span> <span class='ocrx_word' id='word_1_824' title='bbox 3285 5629 3450 5685; x_wconf 88' lang='lat' dir='ltr'><strong>Pauli</strong></span> <span class='ocrx_word' id='word_1_825' title='bbox 3477 5619 3713 5684; x_wconf 88' lang='lat' dir='ltr'><strong>Diaconi</strong></span> 
     </span>
    </p>
   </div>
   <div class='ocr_carea' id='block_1_116' title="bbox 2068 5715 3720 5790">
    <p class='ocr_par' dir='ltr' id='par_1_116' title="bbox 2068 5715 3720 5790">
     <span class='ocr_line' id='line_1_116' title="bbox 2068 5715 3720 5790; baseline -0.005 -13"><span class='ocrx_word' id='word_1_826' title='bbox 2068 5721 2202 5778; x_wconf 91' lang='lat' dir='ltr'><strong>libri</strong></span> <span class='ocrx_word' id='word_1_827' title='bbox 2228 5737 2285 5776; x_wconf 87' lang='lat' dir='ltr'><strong>VI</strong></span> <span class='ocrx_word' id='word_1_828' title='bbox 2317 5723 2394 5775; x_wconf 84' lang='lat' dir='ltr'><strong>De</strong></span> <span class='ocrx_word' id='word_1_829' title='bbox 2424 5716 2605 5790; x_wconf 87' lang='lat' dir='ltr'><strong>gestis</strong></span> <span class='ocrx_word' id='word_1_830' title='bbox 2637 5715 3155 5788; x_wconf 87' lang='lat' dir='ltr'><strong>Longobardorum</strong></span> <span class='ocrx_word' id='word_1_831' title='bbox 3187 5716 3259 5773; x_wconf 85' lang='lat' dir='ltr'><strong>ab</strong></span> <span class='ocrx_word' id='word_1_832' title='bbox 3283 5734 3377 5772; x_wconf 89' lang='lat' dir='ltr'><strong>an.</strong></span> <span class='ocrx_word' id='word_1_833' title='bbox 3400 5718 3508 5776; x_wconf 87' lang='grc'><strong>568</strong></span> <span class='ocrx_word' id='word_1_834' title='bbox 3530 5720 3720 5780; x_wconf 74' lang='lat' dir='ltr'><strong>usque</strong></span> 
     </span>
    </p>
   </div>
  </div>
