4026 6228
313 419 388 484 51
1087 422 1572 486 HERMANNUS
1617 421 2130 486 CONTRACTUS
2177 422 2528 485 MONACH.
2578 424 2942 488 AUGIENS.
3637 425 3723 486 52-

312 555 440 621 744,
475 552 515 609 l.
550 569 624 622 c.,
658 570 714 626 p.
747 555 872 620 396,
906 560 963 611 et
992 573 1117 628 quae
1149 557 1257 610 sub
1289 557 1418 626 ejus
1451 557 1685 611 nomine
1707 556 1954 610 circum-
1982 557 2038 622 Α
2066 555 2213 611 tium
2245 557 2368 612 loco
2400 558 2674 614 inservire
2705 559 2924 631 possit:
2975 557 3037 614 in
3097 574 3212 630 quo
3269 557 3513 630 insuper
3571 557 3736 616 anni.

314 642 500 699 fertur
527 642 779 699 Historia
802 643 1056 699 Miscella
1085 661 1270 716 usque
1303 645 1372 698 ad
1407 661 1624 699 annum
1659 646 1783 711 813,
1819 644 1953 699 ibid.

315 749 447 806 pag.
481 733 533 788 1.

382 822 725 878 Anastasius
756 823 813 877 S.
849 822 912 876 R.
950 823 1007 875 E.
1043 821 1957 877 bibliothecariussznculo1xVi-

311 913 402 966 tas
432 911 825 966 Romanorum
851 910 1191 981 pontificum
1224 911 1498 983 scripisse
1521 912 1796 971 creditur,
1829 928 1955 981 quae

311 999 523 1071 saepius
555 1000 813 1071 quidem,
846 999 1063 1070 optimc
1108 1005 1300 1055 tamen
1345 1001 1536 1055 Itomze
1589 1018 1684 1054 an.
1745 1002 1880 1054 1718
1925 1017 1958 1054 a

311 1089 514 1143 Franc.
547 1088 854 1144 Bianchini
885 1089 1049 1143 editae
1082 1088 1444 1160 prodierunt.

380 1177 706 1248 Hepidanni
735 1177 1174 1233 SansGallensis
1195 1179 1462 1232 monachi
1491 1178 1742 1233 Annales
1766 1179 1837 1234 ab
1861 1195 1954 1233 an-

313 1282 389 1322 no
415 1267 526 1321 709
568 1283 758 1338 usque
793 1266 1008 1333 4041,si
1041 1283 1155 1322 non
1188 1267 1342 1320 inter
1380 1268 1746 1332 fontes,certe
1806 1265 1957 1321 inter

310 1355 580 1412 subsidia
636 1355 950 1410 Hermanni
1012 1356 1470 1411 connumerandi
1520 1357 1951 1421 videntur,cum

311 1445 574 1517 proxime
596 1446 665 1499 ad
684 1445 812 1514 ejus
833 1449 1095 1517 tempora
1113 1450 1168 1499 et
1189 1445 1447 1500 locorum
1473 1445 1745 1499 viciniam
1790 1462 1957 1499 accc-

314 1534 588 1599 dant,etsi
622 1533 775 1588 hunc
799 1533 1177 1604 Hepidannus
1206 1532 1608 1604 supervixerit.
1646 1534 1761 1588 llos
1796 1532 1953 1587 exhi-

315 1621 412 1677 bet
439 1623 516 1676 du
540 1621 766 1676 Chesne
789 1621 1015 1676 tom.III
1037 1626 1092 1676 et
1107 1621 1449 1676 Goldstatus
1472 1620 1509 1676 l.
1547 1640 1563 1675 1
1594 1621 1953 1691 Scriptorum

313 1725 424 1766 rer.
446 1709 978 1776 Alemannicarum,
1013 1727 1145 1764 cum
1178 1709 1307 1764 aliis
1329 1711 1591 1780 ejusdem
1618 1710 1955 1766 monasterii

314 1797 698 1870 scriptoribus
740 1797 838 1867 qui
899 1813 1001 1868 pro
1055 1801 1386 1851 Hermanno
1445 1796 1793 1851 illustrando
1851 1814 1950 1852 seu

314 1885 716 1942 conﬁrmando
747 1885 990 1941 faciunt.

385 1973 712 2041 Principem
742 1990 873 2030 vero
896 1974 1312 2029 Hermanniani
1337 1974 1604 2032 Chronici
1635 1976 1852 2029 fontem
1884 1976 1954 2029 ab

317 2079 470 2118 anno
496 2064 602 2118 614
628 2080 814 2136 usque
835 2064 907 2118 ad
932 2080 1021 2118 an.
1057 2063 1163 2116 900
1185 2061 1350 2118 facile
1381 2063 1747 2118 constituunt
1774 2065 1959 2118 Anna-

310 2159 396 2218 les
410 2159 749 2226 Fuldenses,
775 2161 845 2216 ab
867 2177 1156 2232 anonymo
1179 2177 1382 2215 eorum
1404 2160 1685 2232 scriptore
1708 2160 1956 2215 Fulden-

313 2249 363 2306 si
393 2249 678 2306 monacho
701 2250 780 2304 ita
805 2249 1168 2322 nuncupati;
1201 2250 1356 2319 quod
1402 2250 1526 2319 ipse
1573 2266 1774 2320 presso
1816 2249 1960 2320 pede

313 2339 598 2409 sequitur,
641 2342 697 2392 et
731 2342 956 2392 mutato
985 2337 1273 2392 intercum
1305 2337 1454 2408 stylo
1497 2338 1804 2392 contrahit.
1862 2339 1958 2392 At-

315 2443 430 2498 que
455 2426 557 2481 ubi
587 2427 684 2480 isti
715 2426 999 2480 deliciunt
1027 2431 1130 2480 aut
1159 2425 1695 2489 desinunt,hrevior
1727 2442 1959 2498 quoque

317 2531 528 2571 rursus
557 2514 761 2585 incipit
790 2530 918 2569 esse
948 2514 1405 2578 Hermannus,et
1438 2515 1751 2586 Iteginonis
1783 2515 1960 2570 conti-

316 2607 625 2658 nuatorem
659 2619 846 2673 usque
878 2602 947 2656 ad
982 2619 1076 2656 an.
1109 2602 1216 2656 972
1234 2602 1453 2673 passim
1487 2603 1566 2657 ita
1595 2604 1961 2674 exprimit,ut

318 2690 566 2746 dubium
598 2690 692 2745 vix
724 2707 836 2745 non
871 2690 1122 2745 suboriri
1175 2690 1360 2762 possit
1413 2709 1484 2746 an
1516 2709 1630 2748 non
1686 2694 1795 2748 sub
1852 2692 1960 2747 hoc

321 2779 726 2835 continuatore
750 2780 874 2850 ipse
923 2779 1294 2834 Hermannus
1325 2779 1536 2846 lateat;
1591 2781 1868 2853 pleraque
1899 2799 1958 2837 e-

328 2869 453 2924 nim
484 2867 861 2940 particularia
892 2867 1161 2923 viciniam
1195 2873 1454 2924 nostram
1511 2870 1960 2942 dimcessimque

311 2957 818 3015 Constantiensem
841 2961 1217 3012 concernunt.

384 3047 547 3110 Quod
579 3045 776 3118 ipsum
807 3044 982 3100 etiam
1015 3045 1152 3100 fecit
1173 3049 1566 3113 Hermannus,
1587 3047 1684 3102 ubi
1708 3047 1963 3103 Annales

313 3135 632 3193 Fuldenses
677 3135 978 3206 excerpsit,
1030 3135 1247 3206 quibus
1293 3136 1502 3191 seriem
1564 3136 1961 3192 Romanorum

309 3224 653 3297 pontificum
669 3227 728 3278 et
738 3223 1272 3279 Constantiensium
1287 3224 1625 3296 episcoporu
1637 3242 1714 3294 m,
1732 3242 1834 3281 nec
1849 3241 1962 3280 non

1984 1922 2032 1986 B

2068 645 2269 702 omissi
2303 651 2404 701 aut
2425 646 2580 702 idem
2598 647 2815 702 habent
2831 648 2984 720 quod
3007 645 3346 720 Augiensis,
3369 651 3472 702 aut
3494 654 3556 703 ut
3583 647 3717 720 plu-

2069 735 2282 790 rimum
2307 736 2468 790 vacui
2497 741 2655 791 sunt.
2685 739 2933 792 Caeteros
2955 753 3086 792 vero
3109 753 3254 792 mss.
3279 736 3510 792 codices
3534 755 3735 810 supra,

2068 825 2354 881 indicatos
2384 826 2669 880 notandos
2700 825 2854 880 haud
2886 825 3251 892 censuimus,
3282 826 3438 897 quod
3497 827 3712 898 partim

2067 914 2392 970 innumeris
2425 915 2972 986 interpolationibus
3003 919 3292 982 scateant,
3324 914 3537 986 partim
3581 932 3716 971 cum

2068 1002 2185 1056 illis
2220 1020 2367 1074 quos
2398 1003 2629 1057 edimus
2661 1003 2717 1057 in
2752 1003 3060 1075 praecipuis
3090 1002 3299 1058 saltem
3344 1003 3717 1059 conveniant.

2067 1091 2266 1147 Solum
2300 1092 2370 1146 ad
2405 1091 2676 1146 ultimum
2709 1091 3022 1146 Hermanni
3053 1090 3548 1164 decennium,quo
3579 1109 3714 1148 cum

2064 1180 2341 1252 Augiensi
2358 1182 2731 1245 concordant,
2751 1185 2851 1235 aut
2866 1197 3138 1236 mancum
3155 1180 3455 1253 supplent,
3469 1181 3716 1238 Gottwi-

2066 1285 2299 1324 censem
2331 1275 2387 1324 et
2419 1270 2748 1324 Murensem
2780 1269 3004 1325 codices
3056 1269 3263 1342 primis
3315 1271 3440 1325 suis
3496 1269 3737 1330 litteris.

2066 1362 2358 1412 notamus.

2138 1445 2585 1518 Chronologiam
2619 1463 2788 1518 porro
2817 1446 2874 1501 in
2907 1446 3205 1502 codicibus
3237 1446 3602 1504 observatam
3647 1464 3714 1504 ex

2066 1553 2246 1608 supra
2266 1537 2410 1606 junr
2431 1535 2601 1591 dictis
2621 1536 2901 1591 intactam
2923 1536 3138 1608 ubique
3151 1552 3474 1602 servamus,
3495 1537 3713 1592 subno-

2067 1628 2206 1694 tato,
2239 1625 2425 1680 sicubi
2458 1629 2614 1680 certo
2663 1624 3043 1690 aberraverit,
3104 1623 3356 1697 genuino
3414 1629 3713 1696 gestorum

2066 1731 2238 1768 anno.
2273 1713 2763 1784 Orthographiam
2795 1730 2949 1780 vero,
2983 1713 3040 1767 in
3067 1712 3406 1768 nominibus
3427 1713 3717 1786 praecipue

2065 1801 2544 1874 propriis,nostro
2559 1802 2807 1873 tempori
2823 1818 3143 1873 congruam
3163 1800 3715 1874 adoptavimus,non

2066 1889 2226 1946 illam
2252 1889 2310 1944 in
2339 1890 2517 1946 variis
2539 1890 2837 1946 codicibus
2869 1895 3172 1963 tantopere
3204 1891 3522 1957 diversam,
3553 1896 3611 1947 et
3645 1909 3715 1948 ex

2066 1979 2416 2050 scriptorum
2449 1996 2601 2052 saepe
2635 1979 3045 2052 imperitorum
3077 1979 3248 2052 genio
3279 1980 3623 2052 profectam,
3647 1997 3717 2036 ne

2066 2067 2382 2122 lectoribus
2425 2067 2726 2124 fastidium
2759 2085 2826 2123 ex
2853 2072 2939 2124 tot
2960 2067 3310 2124 soloecismis
3339 2069 3522 2124 textui
3572 2067 3717 2125 alias

2066 2156 2413 2225 inserendis,
2439 2173 2504 2212 ac
2532 2157 2665 2213 dein
2701 2174 2804 2228 per
2835 2158 3182 2228 subjunctas
3210 2156 3501 2212 variantes
3534 2157 3714 2213 corri-

2069 2245 2276 2317 gendis
2306 2245 2666 2317 ingeramus.
2701 2249 2836 2312 Quae
2874 2245 3004 2318 ipsa
3032 2258 3266 2317 quoque
3284 2245 3430 2301 ratio
3452 2250 3543 2302 est
3559 2247 3714 2319 quod

2070 2333 2416 2389 variationes
2448 2334 2506 2389 in
2534 2335 2838 2406 hucusque
2859 2334 3030 2390 editis
3051 2338 3422 2391 occurrentes
3451 2334 3716 2390 omiseri-

2071 2441 2226 2487 mus,
2259 2423 2474 2494 quippe
2502 2441 2630 2495 quze
2653 2423 2901 2479 lectores
2959 2428 3062 2479 aut
3091 2427 3337 2495 gravant
3367 2428 3470 2478 aut
3526 2423 3710 2496 impe-

2071 2511 2260 2578 diunt,
2294 2528 2359 2566 ac
2392 2512 2630 2584 insuper
2661 2511 2792 2566 libri
2855 2502 3067 2567 molem
3116 2512 3334 2567 frustra
3378 2513 3713 2584 adaugent:

2070 2599 2242 2656 editis
2275 2599 2562 2672 siquidem
2596 2599 3029 2671 exemplaribus
3059 2599 3354 2667 instructi,
3387 2616 3486 2655 eas
3517 2616 3585 2655 ex
3607 2600 3718 2656 col-

2068 2687 2187 2743 lata
2207 2695 2410 2744 nostra
2438 2689 2692 2744 editione
2721 2687 2886 2743 facile
2916 2689 3218 2762 detegent;
3253 2687 3354 2759 qui
3379 2692 3575 2743 autem
3601 2687 3718 2744 illis

2070 2777 2706 2843 destituuntur,mearu
2728 2778 3020 2848 jacturam
3054 2776 3210 2832 haud
3243 2780 3480 2848 gravate
3511 2777 3717 2846 ferent,

2071 2883 2218 2937 quos
2233 2867 2490 2938 genuina
2513 2867 2796 2921 factorum
2815 2865 3068 2921 narratio
3086 2883 3155 2922 ex
3177 2882 3322 2938 puro
3346 2865 3502 2920 fonte
3526 2865 3716 2938 magis

2064 2955 2294 3026 juvabit
2323 2971 2501 3026 quam
2535 2953 2850 3010 lectionum
2897 2957 3200 3026 tantopere
3232 2954 3717 3026 discrepantium,

2073 3048 2131 3099 et
2159 3061 2421 3100 errorum
2455 3060 2608 3116 saepe
2639 3060 2705 3099 ex
2727 3043 2902 3100 variis
2933 3043 3289 3099 editionibus
3347 3041 3718 3100 accumulata

2074 3133 2566 3205 farrago.Cunctis
2598 3133 3110 3188 hisdemumnota:
3142 3130 3391 3188 subinde
3411 3131 3482 3187 ad
3497 3129 3716 3188 calcem

2078 3221 2398 3288 adduntur,
2433 3220 2532 3274 ubi
2563 3221 2648 3276 eis
2681 3218 2801 3274 sive
2832 3220 2903 3274 ad
2920 3219 3330 3292 corrigendum
3352 3217 3469 3273 sive
3489 3218 3560 3273 ad
3585 3217 3716 3273 illu-

315 3292 1281 3385 AugiensiumetSan-Gallensium
1303 3292 1580 3368 abbatum
1603 3292 1706 3369 aut
1736 3315 1805 3370 de
1835 3331 1942 3369 suo
1980 3292 2023 3358 δ
2071 3309 2380 3363 Btrandum
2411 3309 2812 3364 Hermannum
2847 3325 2994 3380 opus
3025 3307 3222 3370 fuerit,
3253 3323 3448 3378 eaeque
3480 3307 3717 3378 potissi-

312 3406 416 3457 aut
443 3400 682 3456 aliunde
693 3399 969 3455 haustum
987 3399 1560 3457 addidit.Ediderunt
1576 3402 1750 3458 hosce
1766 3413 1962 3458 Anna-

309 3489 396 3547 les
425 3488 730 3555 Freherus,
767 3487 1077 3554 Pitthazus,
1137 3489 1212 3543 du
1276 3489 1520 3553 Chesnc,
1579 3496 1636 3546 et
1689 3492 1958 3547 omnium

323 3579 544 3651 optime
573 3581 635 3634 P.
671 3577 958 3633 Martinus
989 3577 1252 3648 Bouquet
1281 3577 1335 3631 in
1369 3571 1786 3649 smpe'laudata
1834 3579 1963 3636 Col-

320 3667 567 3724 lectione
597 3683 698 3738 per
721 3672 934 3738 partes,
967 3670 1108 3720 tom.
1143 3665 1210 3736 Il,
1245 3666 1310 3732 V,
1348 3667 1412 3721 VI
1441 3672 1494 3722 et
1517 3668 1632 3732 VII,
1659 3669 1755 3723 ubi
1782 3670 1960 3724 etiam

324 3755 737 3828 depravantam
768 3772 919 3826 saepe
950 3754 1386 3826 chronologiam
1433 3758 1783 3813 emendavit.

679 3892 705 3954 §
738 3887 828 3943 IV.
862 3919 928 3927 ——
955 3891 1124 3945 Nova:
1154 3888 1410 3944 editionis
1445 3892 1604 3945 ratio.

390 4021 550 4078 XXV.
585 4022 664 4077 Ex
694 4022 785 4077 his
809 4023 934 4093 jam
968 4022 1112 4077 satis
1144 4027 1340 4094 patere
1387 4023 1745 4079 arbitramur
1805 4042 1962 4079 novae

319 4129 354 4168 a
380 4111 550 4166 nobis
580 4120 865 4183 susceptae
895 4110 1172 4166 editionis
1225 4112 1530 4167 rationem.
1563 4113 1721 4168 Hanc
1752 4129 1820 4168 ex
1851 4119 1966 4168 Au-

319 4200 508 4274 giensi
540 4199 756 4268 codice,
792 4200 840 4254 si
868 4217 981 4254 non
1013 4199 1329 4254 llermanni
1365 4200 1551 4270 ipsius
1597 4201 1961 4271 autographo

320 4288 520 4360 (quod,
553 4289 858 4344 deficiente
888 4288 1082 4359 aliquo
1114 4289 1243 4357 ejus
1274 4305 1516 4358 operum
1549 4290 1784 4359 propria
1808 4288 1964 4344 illius

319 4394 498 4434 manu
521 4376 834 4450 descripto,
877 4376 1028 4430 unde
1053 4375 1544 4430 decharacterum
1573 4376 1961 4432 similitudine

312 4463 570 4538 judicari
603 4470 818 4538 posset,
853 4464 1146 4520 afﬁrmare
1177 4463 1333 4518 haud
1354 4463 1530 4534 licet),
1558 4464 1836 4534 primario
1853 4466 1964 4521 sal-

316 4561 436 4612 tem
467 4560 526 4612 et
555 4555 842 4622 omnium,
877 4552 1032 4624 quod
1046 4551 1352 4623 hucusque
1376 4552 1665 4607 detectum
1687 4553 1783 4620 sit,
1814 4555 1962 4609 anti-

2075 3414 2239 3452 mum
2271 3398 2484 3452 stricta:
2513 3397 2815 3465 duntaxat,
2852 3413 2922 3452 ne
2953 3394 3460 3452 observationibus
3490 3399 3714 3451 textum

2077 3485 2254 3541 nimis
2285 3486 2547 3555 augendo
2579 3503 2690 3542 non
2724 3491 2842 3541 tam
2876 3484 3117 3541 alterius
3166 3483 3492 3541 Chronicon
3547 3485 3739 3540 edere.

2076 3591 2252 3646 quam
2285 3591 2497 3630 novum
2529 3592 2594 3630 ex
2625 3575 2800 3631 variis
2850 3574 3098 3630 condere
3155 3573 3477 3629 videamur.
3532 3573 3715 3630 Utiles

2077 3669 2304 3720 tantum
2337 3680 2465 3719 esse
2495 3669 2692 3720 nostra
2750 3663 2857 3720 hac
2913 3661 3166 3719 editione
3213 3664 3512 3734 optamus,
3566 3662 3721 3734 quod

2075 3753 2314 3824 quidem
2346 3751 2394 3807 si
2425 3751 2876 3819 obtinuerimus,
2910 3756 2967 3807 et
2997 3750 3215 3807 nostris
3245 3755 3302 3806 et
3353 3750 3719 3807 eruditorum

2077 3841 2226 3897 votis
2257 3842 2476 3896 factum
2508 3841 2619 3897 erit
2649 3841 2814 3897 satis.

2075 3953 2103 4016 §
2158 3952 2224 4003 V.
2259 3981 2326 3988 —
2362 3954 2440 4004 De
2497 3949 2802 4016 Bertholdo,
2861 3948 3163 4002 llermanni
3219 3947 3606 4003 continuatore
3661 3951 3724 4002 et

2540 4059 2544 4062 -
2750 4019 3038 4088 discipulo.

2146 4107 2447 4163 XXVI.Hic
2461 4108 2586 4177 jam
2605 4109 2676 4162 de
2699 4107 2825 4180 ipso
2847 4107 3177 4162 Hermanno
3201 4105 3470 4161 Chronici
3488 4109 3724 4164 auctore

2077 4197 2343 4270 pluribus
2374 4196 2780 4251 disserendum
2818 4195 2987 4262 foret,
3020 4194 3174 4264 quod
3196 4197 3500 4259 tamen,ne
3515 4195 3720 4249 eadem

2077 4304 2227 4358 saepe
2259 4291 2514 4357 repetere
2546 4302 2780 4340 necesse
2811 4284 2906 4346 sit,
2931 4284 3002 4338 ad
3035 4282 3227 4338 Vitam
3251 4283 3380 4351 ejus
3402 4283 3726 4338 differenda

2075 4391 2405 4439 censemus,
2437 4390 2616 4444 quam
2648 4389 2828 4444 supra
2849 4373 3140 4436 dedimus,
3171 4388 3205 4426 a
3226 4370 3540 4426 Bertholdo
3564 4369 3726 4428 illius

2075 4463 2362 4536 discipulo
2389 4470 2445 4517 et
2477 4463 2664 4534 primo
2694 4461 3096 4517 continuatore
3127 4460 3505 4530 descriptam,
3552 4461 3724 4531 cujus

2074 4553 2250 4609 etiam
2306 4550 2662 4606 continuatio
2720 4550 2792 4605 ab
2847 4566 2998 4605 anno
3057 4549 3196 4604 4054
3258 4565 3446 4620 usque
3495 4549 3636 4604 1066
3663 4547 3722 4605 in

316 4643 605 4716 quissimo
637 4641 994 4714 apographo,
1027 4656 1114 4705 ac,
1135 4640 1293 4710 quod
1325 4643 1502 4710 caput
1523 4645 1629 4708 est,
1661 4640 1963 4714 hucusque
1998 4654 2040 4717 υ
2073 4641 2247 4697 editis
2277 4640 2614 4694 immediate
2646 4639 2958 4710 subjicitur
2990 4638 3345 4704 Hermanno,
3377 4637 3600 4693 omissa
3630 4642 3725 4694 ta-

317 4733 562 4798 inedito,
594 4730 993 4788 adornandam
1027 4730 1422 4799 suscepimus,
1456 4728 1704 4783 aliorum
1727 4747 1963 4802 quoque

316 4835 646 4880 coaevorum
681 4820 796 4874 fere
829 4817 1095 4872 codicum
1119 4816 1343 4871 suifulti
1376 4818 1662 4874 subsidio.

384 4910 550 4966 Hunc
580 4907 817 4980 quidem
841 4905 1095 4977 primum
1120 4905 1484 4959 fundamenti
1503 4905 1627 4961 loco
1646 4907 1951 4979 posuimus

312 4999 552 5056 resectis
585 4997 720 5052 inde
751 4993 1112 5068 quibuslibet
1143 4994 1950 5069 additionibussiveinterpo-

309 5087 628 5144 lationibus
682 5104 716 5142 a
771 5083 1089 5158 posteriore
1148 5099 1325 5137 manu
1386 5083 1726 5168 indubitate.
1765 5087 1950 5156 factis,

309 5176 552 5232 retentis
583 5177 869 5231 duntaxat
900 5170 1015 5226 illis
1045 5189 1170 5243 quae
1203 5171 1391 5226 dubire
1424 5173 1614 5227 adhuc
1663 5179 1822 5242 sunt,
1881 5177 1950 5231 de

309 5263 528 5336 quibus
549 5265 672 5335 jam
707 5262 1207 5334 superiusactum.
1228 5262 1475 5316 Quilibet
1496 5279 1646 5317 anno
1661 5265 1947 5331 seufacto,

308 5352 500 5424 quoad
533 5354 661 5424 ejus
693 5351 815 5406 fieri
850 5350 1034 5416 licuit,
1068 5350 1302 5405 adimus
1358 5354 1545 5406 fontes
1604 5353 1758 5406 unde
1815 5353 1957 5408 Her-

309 5455 564 5496 mannus
595 5439 864 5496 hausisse
896 5438 1246 5510 deprehendi
1278 5440 1482 5510 potuit.
1519 5440 1662 5494 Eum
1697 5440 1754 5494 in
1787 5457 1958 5512 supe-

307 5527 459 5584 riore
488 5529 700 5602 pagina
732 5529 920 5584 verbis
944 5527 1172 5583 CODEX
1203 5528 1580 5584 AUGIENSIS
1600 5529 1951 5599 indicamus,

303 5615 454 5670 Huic
485 5618 598 5673 alio
612 5618 942 5673 charactere
965 5618 1315 5688 subjicimus
1337 5618 1654 5672 llermanni
1679 5635 1804 5672 com
1818 5635 1953 5688 pen-

301 5701 469 5756 dium
503 5721 569 5760 ex
587 5707 946 5778 autographo
969 5705 1297 5760 Monacensi
1319 5707 1517 5760 codice
1534 5705 1800 5760 Bernoldi
1825 5711 1953 5775 ejus

299 5790 540 5850 nomine
571 5802 974 5869 przcnotatum,
1009 5795 1161 5868 quod
1186 5793 1355 5865 quasi
1386 5793 1702 5848 lectionum
1725 5793 1951 5850 varian-

2076 4746 2207 4784 nien
2241 4730 2370 4800 ejus
2403 4728 2554 4796 Vita,
2577 4729 2746 4799 cujus
2775 4727 2900 4783 loco
2922 4743 3168 4799 parvum
3186 4725 3442 4798 elogium
3462 4725 3721 4798 ponitur.

2071 4817 2242 4874 Solus
2272 4817 2579 4884 Urstisius,
2612 4817 2774 4872 finito
2806 4816 3123 4872 Hermauni
3154 4815 3439 4871 Chronico
3455 4820 3590 4888 post
3619 4833 3720 4871 an-

2065 4925 2207 4962 num
2242 4907 2402 4972 1054,
2435 4907 2494 4961 in
2525 4923 2636 4960 sua
2663 4904 2921 4961 editione
2951 4909 3297 4976 sequentem
3329 4903 3717 4960 continuatio-

2065 5013 2199 5051 nem
2231 4995 2627 5067 distinguit,in
2661 5011 2726 5050 eo
2759 5001 2952 5050 tamen
2971 4994 3248 5066 deceptus
3271 4993 3424 5065 quod
3440 5009 3570 5049 eam
3587 4993 3723 5049 sub-

2063 5085 2385 5140 dubitando
2405 5081 2943 5138 tribuatBertholdo
2973 5080 3429 5150 Constantiensi,
3451 5081 3624 5152 cujus
3647 5085 3724 5136 ta-

2063 5190 2194 5228 men
2231 5189 2361 5226 mox
2390 5172 2462 5226 ab
2520 5171 2681 5226 initio
2742 5171 3038 5226 diversum
3097 5170 3424 5226 Chronicon
3489 5169 3718 5226 addidit

2067 5270 2206 5317 tum.
2240 5263 2259 5316 Ι
2293 5260 2878 5331 Scriptor.German.,
2915 5278 2969 5331 p.
3002 5261 3257 5315 339.Ast
3279 5259 3566 5314 miramur
3594 5258 3718 5315 viro

2065 5349 2212 5405 alias
2243 5353 2334 5403 sat
2366 5348 2686 5420 perspicaci
2721 5347 2829 5404 hoc
2846 5349 3162 5420 subrepere
3193 5347 3453 5419 potuisse
3475 5351 3560 5414 ut,
3580 5364 3713 5402 cum

2065 5440 2212 5494 duas
2244 5438 2384 5492 adeo
2414 5436 2564 5492 inter
2594 5453 2654 5492 se
2685 5437 2943 5493 diversas
2965 5436 3433 5492 continuationes
3455 5452 3574 5509 praa
3596 5453 3715 5492 ma-

2065 5527 2239 5582 nibus
2263 5525 2554 5592 habuerit,
2588 5526 2862 5580 eumdem
2895 5529 3090 5582 tamen
3151 5523 3460 5596 utriusque
3509 5528 3710 5581 aucto-

2065 5632 2186 5670 rem
2217 5613 2301 5668 vel
2323 5614 2356 5667 d
2370 5614 2463 5668 ubi
2474 5615 2650 5669 tando
2665 5614 3108 5673 existimaverit.
3121 5617 3401 5670 Auctores
3413 5630 3546 5670 vero
3566 5614 3712 5670 fuis-

2063 5719 2124 5760 se
2145 5701 2404 5756 diversos
2426 5707 2813 5774 prazterquam
2845 5705 3000 5775 quod
3032 5702 3146 5758 alia
3177 5703 3292 5758 fere
3323 5702 3571 5774 quilibet
3601 5703 3714 5760 fac-

2058 5797 2120 5848 ta
2143 5803 2332 5858 usque
2347 5789 2415 5843 ad
2435 5806 2526 5844 an.
2553 5790 2694 5846 4066
2708 5796 2960 5859 enarrat,
2979 5791 3067 5847 vel
3082 5792 3138 5847 id
3156 5807 3340 5848 unum
3364 5795 3527 5848 extra
3537 5807 3713 5849 omne
