4026 6228
415 410 503 478 B3
1374 415 1891 486 DISSER'I‘ATIO
1934 418 2036 483 DE
2078 418 2491 484 HERMANNI
2537 417 2958 486 CHRONIGO.
3789 415 3870 482 64

440 547 685 608 dabium
715 550 894 625 ponit
910 551 1075 627 quod
1101 550 1260 628 prior
1283 553 1354 612 ad
1383 556 1619 612 an.1061
1645 554 2037 613 Alexandrum
2060 556 2105 613 II
2136 553 2191 621 Α
2293 554 2508 612 XXVII.
2539 555 2619 611 Ex
2649 555 2721 611 iis
2745 559 2940 611 autem
2973 570 3098 627 qua;
3129 553 3187 609 in
3219 553 3335 611 ista
3370 551 3503 611 Vita
3548 551 3621 611 de
3669 551 3866 628 seipse

444 655 660 715 papam
690 642 858 698 sedis
889 642 1227 716 apostolicis
1259 650 1662 718 usurpatorem
1694 646 2106 717 nominet,Ho-

451 730 680 786 norium
711 748 852 788 vero
885 749 990 788 seu
1023 732 1339 790 Cadolaum
1371 751 1474 790 ceu
1515 735 1841 807 legitimum
1894 752 2106 807 papam

451 819 856 876 habeat.Haud
880 824 1081 877 tamen
1104 821 1238 878 inde
1255 823 1627 879 Bertholdum
1654 825 1807 879 hunc
1829 824 2109 880 schisma-

453 908 581 964 ticis
610 926 1020 975 accensemus,
1055 911 1271 983 quippe
1302 911 1401 983 qui
1431 929 1499 967 ex
1530 912 1686 968 fama
1738 913 1816 967 rei
1867 916 2007 967 tunc
2045 913 2103 967 in

449 996 639 1052 vicina
668 997 781 1053 sibi
813 998 1043 1054 Basilea
1068 1002 1125 1054 et
1154 1016 1261 1054 suo
1291 1005 1552 1072 tempore
1581 1004 1755 1073 gestae
1785 1001 2103 1073 scripserit,

451 1083 695 1140 alterius
713 1102 855 1142 sane
871 1087 1089 1142 mentis
1105 1086 1337 1143 futurus
1354 1088 1403 1142 si
1421 1089 1918 1145 continuationem
1934 1107 2103 1146 suam

449 1191 646 1246 usque
677 1174 748 1230 ad
780 1191 1000 1231 annum
1031 1177 1170 1232 1067
1199 1177 1588 1248 produxisset,
1623 1195 1736 1250 quo
1782 1178 2107 1234 Alexander

452 1263 760 1336 legitimus
809 1281 957 1337 papa
1005 1264 1064 1320 in
1115 1267 1336 1337 synodo
1387 1267 1707 1323 Mantuane
1733 1268 1968 1340 agnitus
1993 1272 2100 1323 est.

450 1353 618 1419 Quod
655 1351 849 1424 ipsum
885 1353 1193 1409 manifesto
1222 1361 1570 1427 argumento
1619 1360 1706 1412 est
1755 1358 1911 1428 quod
1950 1375 2103 1413 anno

449 1441 594 1496 1066
623 1441 881 1498 scribere
935 1442 1173 1498 desierit
1228 1443 1322 1498 hic
1380 1445 1746 1512 Bertholdus,
1781 1462 1914 1500 cum
1973 1463 2100 1518 per-

448 1545 656 1602 peram
689 1531 851 1602 prius
899 1531 1118 1603 scripta
1163 1533 1473 1590 emendare
1522 1533 1778 1606 amplius
1811 1534 1966 1590 haud
2001 1552 2100 1607 po-

447 1619 654 1674 tuerit.

518 1707 806 1762 Bernoldo
838 1712 1058 1775 autem,
1087 1709 1194 1764 etsi
1238 1711 1442 1766 eodem
1495 1715 1774 1786 tempore,
1809 1715 2100 1786 posterius

441 1798 648 1852 tamen
675 1797 1064 1864 scribenti,rei
1093 1800 1310 1856 veritas
1330 1816 1398 1855 ex
1428 1807 1632 1856 eventu
1667 1803 1856 1875 magis
1885 1804 2096 1874 patuit;

2220 650 2417 701 narrat
2448 643 3149 709 Bertholdus,monachus
3171 643 3480 716 Augiensis
3498 643 3679 700 fuisse
3700 643 3867 702 facile

2216 735 2540 790 conficitur.
2576 735 2908 789 Hermanno
2931 751 3044 806 pre
3069 733 3292 788 caeteris
3314 732 3654 800 familiaris;
3687 751 3865 806 quem

2214 823 2455 895 insuper
2475 823 2532 878 in
2558 829 2812 878 extremo
2845 823 3043 877 morbc
3075 822 3381 878 assiduum
3405 822 3518 878 sibi
3539 823 3865 895 adjutorem

2215 914 2490 968 assistere
2519 912 2722 976 voluit,
2751 912 2921 982 eique
2947 911 3267 965 moriturus
3298 909 3528 967 tabulas
3560 928 3698 968 suas
3728 929 3865 968 con-

2215 1002 2488 1074 signavit,
2524 1007 2584 1056 ut
2617 1017 2950 1072 quaecunque
2995 1000 3172 1054 adhuc
3212 1000 3506 1055 scribenda
3554 1004 3760 1057 restant
3805 1005 3864 1056 in

2214 1093 2312 1156 eis,
2346 1090 2657 1162 diligenter
2685 1090 3037 1154 cmendet,et
3069 1089 3286 1160 scripta
3307 1088 3437 1144 aliis
3470 1090 3860 1158 commendet;

2215 1197 2340 1252 quae
2373 1178 2637 1235 fortassis
2667 1177 3045 1234 continuandi
3099 1176 3258 1233 illius
3301 1176 3575 1233 Chronici
3629 1178 3860 1236 occasio

2213 1270 2340 1325 fuit.
2367 1269 2514 1324 Dum
2548 1286 2680 1324 vero
2714 1269 3067 1323 Hermanum
3101 1266 3445 1340 magistrum
3475 1285 3649 1323 suum
3671 1272 3857 1335 vocat,

2213 1375 2326 1414 non
2362 1359 2432 1412 de
2467 1357 2745 1428 magistro
2806 1373 3140 1429 puerorum,
3174 1357 3275 1412 sed
3305 1355 3562 1413 virorum
3596 1358 3654 1412 in
3686 1357 3860 1412 altio-

2213 1447 2375 1502 ribus
2405 1446 2754 1518 disciplinis,
2788 1446 3002 1517 quibus
3034 1444 3415 1518 praefulgebat
3463 1445 3856 1514 Hermannus,

2210 1535 2661 1592 erudiendorum
2693 1533 3109 1606 intelligendus
3139 1539 3248 1590 est.
3289 1533 3493 1589 Virum
3526 1538 3697 1599 certe,
3740 1553 3856 1592 non

2203 1624 2475 1697 juvenem
2501 1621 2880 1680 Bertholdum
2905 1626 3313 1695 arguunt,quze
3347 1639 3481 1679 mox
3510 1625 3857 1680 memoravi-

2210 1730 2365 1769 mus.
2400 1714 2515 1769 Nec
2547 1713 2736 1768 adhuc
2763 1714 3034 1782 juvenem
3066 1711 3235 1767 illum
3281 1711 3474 1784 prodit
3521 1713 3675 1784 quod
3717 1713 3856 1770 Her-

2209 1818 2463 1857 mannus
2508 1801 2725 1857 librum
2757 1817 2930 1857 suum
2976 1803 3052 1856 De
3094 1817 3351 1856 mensura
3379 1801 3664 1856 astrolabii
3701 1803 3853 1875 apud

442 1885 610 1986 unde
636 1887 810 1941 etiam
842 1888 1113 1943 eumdem
1144 1886 1535 1945 Alexandrum
1568 1895 1848 1962 tanquam
1894 1910 2095 1948 verum
2129 1924 2176 1988 B
2212 1895 2338 1955 Pez,
2373 1891 2792 1956 Thes.Anecd.,
2827 1891 3073 1956 tom.III,
3108 1907 3299 1962 p.ii,p.
3332 1891 3621 1956 95,eidem
3655 1891 3859 1946 inscri-

438 1972 782 2045 pontiﬁcem
816 1974 1098 2042 dilaudat,
1131 1993 1308 2048 seque
1341 1994 1442 2050 per
1471 1983 1656 2034 totum
1687 1980 1955 2036 Chronici
2004 1981 2095 2036 sui

435 2062 657 2118 seriem
683 2063 949 2134 juratum
971 2064 1482 2122 schismaticorum
1534 2067 1768 2124 hostem
1812 2069 2092 2125 declarat.

436 2151 587 2218 Quis
616 2169 751 2207 vero
783 2169 964 2208 sanus
995 2157 1115 2208 tam
1147 2154 1510 2211 diversarum
1546 2157 1798 2229 partium
1831 2159 2093 2214 studium

438 2240 544 2295 uni
579 2240 886 2313 eidemque
918 2242 1139 2297 auctori
1163 2244 1451 2299 ascribat?
1478 2246 1759 2317 Equidem
1785 2246 2094 2302 Bertholdo

436 2329 698 2401 primam
729 2329 892 2384 illam
921 2334 977 2385 et
1009 2331 1327 2387 breviorem
1359 2333 1857 2391 continuationem
1892 2335 2097 2391 tribuit

439 2417 740 2473 Murensis
773 2419 971 2486 codex,
1005 2420 1085 2475 ita
1117 2420 1187 2475 ad
1219 2421 1436 2476 calcem
1469 2423 1784 2478 Hermanni
1827 2442 1922 2479 an.
1962 2427 2094 2481 1054

437 2506 713 2562 scribens
777 2523 788 2562 :
857 2509 1142 2580 ﬂuensque
1204 2511 1460 2565 chronica
1509 2514 1830 2568 Hermanni.
1887 2514 2097 2569 Abhinc

436 2593 786 2650 Bertholdus.
819 2595 960 2661 Quis
989 2613 1124 2652 vero
1155 2596 1263 2654 iste
1283 2597 1311 2653 ‘I
1340 2599 1502 2655 Haud
1536 2603 1692 2656 certe
1722 2600 1872 2656 alius
1903 2619 1968 2657 ac
2000 2601 2095 2657 ille

430 2700 506 2740 ex
538 2700 657 2756 quo
690 2684 880 2739 Vitam
912 2684 1231 2741 Hermanni
1283 2703 1415 2742 cum
1465 2688 1620 2743 dicta
1667 2689 1926 2745 breviore
1963 2696 2093 2757 ejus

434 2773 885 2828 continuatione
932 2774 1266 2848 subjungit,
1297 2780 1355 2831 et
1404 2777 1557 2832 unde
1603 2781 1812 2848 praster
1858 2783 2094 2834 caeteros

428 2877 550 2917 sua
579 2860 854 2918 hausisse
883 2863 956 2918 ad
989 2879 1212 2918 annum
1261 2865 1360 2920 741
1415 2865 1629 2921 fatetur
1675 2866 1892 2922 codicis
1932 2866 2092 2922 illius

424 2949 710 3022 scriptor,
736 2950 1089 3008 Bertholdus
1121 2951 1362 3022 scilicet,
1397 2955 1708 3010 Hermanni
1742 2955 2088 3028 discipulus;

425 3054 610 3110 quem
642 3037 860 3094 ibidem
893 3057 928 3095 a
956 3040 1288 3108 Bertholdo,
1321 3043 1379 3100 S.
1416 3043 1588 3098 Blasii
1626 3044 1979 3117 presbytero,
2005 3045 2093 3100 fu-

422 3127 609 3184 sioris
625 3127 849 3184 scilicet
868 3130 1324 3186 continuationis
1341 3133 1950 3198 auctore,nominatim
1971 3133 2089 3190 dis-

424 3215 836 3288 tinguit,quos
862 3234 994 3273 vero
1020 3219 1226 3274 ambos
1243 3219 1430 3276 caeteri
1452 3221 1762 3292 scriptores
1784 3221 2088 3293 hucusque

2209 1979 2408 2052 pserit,
2445 1996 2736 2051 quemque
2768 1980 2896 2049 ejus
2928 1979 3305 2050 potissimum
3337 1979 3616 2034 instantia
3659 1983 3858 2036 motus

2206 2069 2556 2141 composuit.
2594 2069 2659 2123 Et
2690 2067 2928 2138 quidem
2958 2084 3026 2122 ex
3056 2066 3174 2122 illis
3204 2068 3331 2137 jam
3381 2071 3506 2122 tum
3556 2069 3859 2140 presbyter

2207 2159 2390 2214 fuisse
2418 2158 2599 2213 videri
2632 2163 2848 2230 posset,
2876 2157 3168 2228 siquidem
3194 2155 3330 2211 talis
3359 2173 3623 2228 unquam
3658 2157 3853 2222 fuerit,

2205 2265 2338 2303 cum
2372 2247 2691 2320 presbyteri
2717 2247 2953 2301 titulum
2987 2246 3175 2302 eidem
3200 2262 3305 2301 nec
3324 2245 3678 2302 Mellicensis
3704 2250 3854 2301 Ano-

2205 2353 2440 2408 nymus,
2476 2353 2579 2390 nec
2637 2335 2793 2390 citati
2854 2335 3104 2402 codices,
3157 2351 3262 2390 nec
3308 2334 3433 2406 ipse
3481 2333 3851 2390 Hermannus

2203 2425 2486 2490 tribuant,
2520 2429 2690 2497 prout
2721 2428 2916 2479 tamen
2944 2423 3230 2479 Bernoldo
3283 2423 3525 2478 faciunt.
3576 2423 3711 2488 Quis
3754 2422 3851 2478 hic

2204 2512 2301 2568 alii
2333 2513 2882 2582 comminiscuntur,
2913 2511 3065 2567 infra
3111 2512 3183 2568 ad
3238 2509 3590 2568 Bernoldum
3631 2511 3850 2568 exami-

2205 2607 2438 2659 nantur.

2275 2691 2516 2746 XXVIII.
2579 2693 2893 2761 Quousque
2941 2705 3074 2745 vero
3123 2687 3621 2745 continuationem
3680 2705 3850 2745 suam

2203 2779 2539 2852 perduxerit
2560 2777 2907 2834 Bertholdus
2931 2777 3136 2844 iste,ex
3155 2777 3457 2834 codicibus
3489 2781 3645 2833 certo
3667 2777 3850 2833 statui

2201 2868 2358 2924 haud
2391 2873 2596 2941 potest.
2630 2868 2735 2934 Qui
2770 2869 3006 2923 unicum
3040 2867 3354 2923 Hermanni
3380 2867 3848 2924 continuatorem

2201 2961 2549 3026 agnoscunt,
2583 2957 2725 3012 illud
2759 2957 2828 3012 ad
2863 2972 3082 3011 annum
3127 2956 3266 3011 1100
3313 2955 3632 3012 deductum
3681 2954 3848 3012 fateri

2201 3047 2510 3113 debent,ut
2533 3051 2594 3101 ut
2616 3046 2766 3100 inter
2787 3044 2898 3099 alia
2919 3044 3114 3100 obitus
3145 3045 3274 3116 ejus
3295 3043 3353 3099 in
3375 3043 3644 3101 Bernoldi
3666 3044 3847 3102 Chro-

2201 3135 2330 3190 nico
2363 3136 2434 3190 ad
2466 3151 2684 3190 annum
2719 3133 2858 3189 4088
2898 3137 3256 3189 memoratus
3303 3132 3422 3189 illis
3470 3135 3844 3200 adversetur;

2202 3240 2357 3278 nunc
2389 3223 2543 3278 enim
2577 3223 2770 3294 ipsum
2804 3239 2931 3277 esse
2953 3221 3320 3293 judicamus,
3344 3223 3416 3277 de
3446 3238 3562 3294 quo
3593 3219 3691 3277 ille
3719 3220 3841 3277 l.c.:

422 3303 491 3360 in
526 3322 713 3360 unum
734 3305 1111 3362 Bertholdum
1143 3288 1648 3366 Constantiensem
1682 3288 2083 3383 presbyterum
2118 3288 2160 3356 (ἶ
2199 3311 2542 3376 Bertholdus,
2597 3288 2782 3366 doctor
2825 3288 3091 3381 egreéius,
3150 3311 3210 3364 in
3267 3288 3690 3366 sacris-litteris
3743 3327 3843 3382 ap-

429 3409 747 3466 perperam
779 3395 1126 3462 conﬂarunt,
1157 3396 1246 3450 vel
1279 3414 1347 3452 ex
1377 3397 1520 3453 solis
1570 3415 1702 3453 mox
1751 3399 1921 3454 dictis
1950 3416 2085 3454 con-

431 3483 690 3538 trarium
734 3483 1034 3552 edocendi,
1071 3490 1278 3556 praeter
1325 3503 1394 3542 ea
1441 3487 1659 3558 quibus
1707 3487 1965 3559 idipsum
2015 3489 2085 3544 ad

441 3570 827 3628 Bertholdum
861 3577 1000 3629 tom.
1032 3575 1077 3629 II
1102 3575 1369 3645 pluribus
1399 3575 1810 3632 declarabitur.

515 3662 800 3716 Eumdem
830 3679 1064 3735 quoque
1095 3663 1473 3720 Bertholdum
1497 3667 1639 3722 satis
1658 3672 1854 3738 aperte
1875 3667 2093 3722 indicat

442 3753 790 3821 Anonymus
817 3750 1168 3807 Mellicensis
1199 3752 1278 3807 De
1307 3754 1505 3826 script.
1531 3755 2090 3826 eccles.c.92(Miam

444 3837 710 3893 Biblioth.
754 3841 961 3906 eccles.,
997 3858 1054 3912 p.
1091 3841 1218 3912 155)
1266 3841 1348 3896 ita
1396 3843 1704 3898 scribens:
1747 3845 2088 3909 Bertholdus,

441 3928 547 3999 qui
574 3926 1184 3999 ejusdem(Hermanni)
1213 3930 1433 3986 auditor
1458 3933 1507 3986 et
1531 3932 1831 4004 discipulus
1861 3935 2090 4000 exstitit,

445 4017 624 4072 Vitam
653 4018 912 4086 magistri
929 4021 981 4073 et
997 4017 1326 4073 Chronicam
1346 4019 1720 4086 scribit,unde
1749 4022 1926 4076 etiam
1948 4022 2094 4078 Vitas

441 4103 602 4160 illius
631 4105 884 4177 scriptor
912 4106 1247 4171 innotescit,
1280 4107 1449 4178 cujus
1482 4125 1693 4163 nomen
1725 4108 1782 4163 in
1815 4109 1916 4165 illa
1937 4109 2092 4165 haud

2193 3403 2372 3472 prime
2401 3400 2668 3466 eruditus,
2700 3401 2760 3453 in
2793 3402 3060 3454 senectute
3090 3399 3228 3454 bona
3255 3399 3446 3470 plenus
3477 3398 3711 3464 dierum,
3734 3399 3841 3453 mi-

2197 3491 2375 3558 gravit
2405 3488 2475 3544 ad
2507 3489 2795 3544 Dominum
2825 3489 2891 3542 IV
2920 3487 3042 3541 Idus
3072 3485 3292 3547 Martii;
3324 3503 3455 3558 qua:
3484 3503 3618 3542 cum
3667 3503 3841 3557 supe-

2199 3577 2322 3633 rius
2351 3577 2524 3632 dictis
2553 3577 2770 3648 optime
2801 3575 3106 3631 convenire
3135 3575 3422 3630 videntur.
3456 3574 3632 3642 Editi,
3663 3591 3842 3646 quos-

2199 3683 2430 3737 cunque
2460 3666 2766 3728 habemus,
2801 3665 2953 3720 ultra
2981 3681 3201 3718 annum
3235 3665 3374 3718 1066
3417 3663 3575 3719 haud
3606 3678 3842 3736 progre-

2200 3757 2479 3818 diuntur,-
2509 3771 2576 3808 ac
2608 3759 2738 3825 post
2771 3753 2936 3808 illum
2968 3769 3188 3808 annum
3220 3752 3450 3808 codices
3492 3751 3677 3808 nostri
3707 3767 3842 3807 cum

2201 3843 2384 3899 altera
2413 3842 2681 3898 Bernoldi
2712 3841 3150 3898 continuatione
3180 3839 3551 3896 conveniunt.

2275 3933 2346 3988 Ut
2378 3932 2520 3986 adeo
2551 3947 2665 3986 non
2695 3947 2844 3986 vana
2873 3929 2951 3984 sit
2981 3929 3336 3999 conjectura,
3368 3927 3658 3984 editorum
3697 3943 3848 3999 quo-

2205 4037 2318 4092 que
2352 4018 2578 4075 codices
2607 4018 2663 4073 in
2701 4016 3010 4074 Bertholdo
3034 4016 3185 4072 ultra
3205 4015 3426 4071 dictum
3458 4031 3682 4072 annum
3712 4015 3853 4072 1066

2204 4108 2360 4163 haud
2394 4109 2778 4178 processisse;
2816 4107 2972 4179 quod
3004 4104 3178 4161 etiam
3207 4121 3277 4160 ex
3302 4120 3481 4176 supra
3523 4104 3602 4176 (n.
3647 4103 3739 4176 26)
3770 4102 3853 4160 alo

443 4193 872 4267 legitur.Vitam
896 4211 1070 4267 porro
1094 4193 1255 4250 illam
1280 4195 1572 4251 Murensis
1594 4197 1771 4252 codex
1789 4199 2098 4271 subjungit
2206 4195 2396 4268 legata
2428 4195 2734 4268 utriusque
2764 4194 3016 4251 auctoris
3047 4192 3332 4250 sentiendi
3363 4192 3702 4249 diversitate
3730 4209 3854 4248 ma-

446 4300 576 4338 mox
606 4288 734 4355 post
765 4284 941 4339 verba
973 4301 987 4339 :
1023 4283 1236 4339 Abhinc
1263 4285 1604 4351 Bertholdas,
1639 4302 1768 4357 quae
1815 4287 1989 4342 etiam
2037 4289 2096 4342 in
2209 4285 2298 4358 gis
2330 4287 2614 4339 ﬁrmatur.
2651 4289 2865 4341 Demus
2895 4284 3051 4340 enim
3083 4282 3461 4338 Bertholdum
3494 4285 3696 4355 postea
3723 4298 3856 4338 sen-

444 4371 823 4429 Gottwicensi
848 4373 1129 4439 habetur;
1163 4388 1340 4443 quam
1368 4373 1423 4428 in
1453 4373 1625 4429 dictis
1643 4375 1943 4430 codicibus
1967 4393 2099 4431 mox
2208 4375 2451 4430 tentiam
2501 4391 2668 4428 suam
2721 4379 2999 4440 mutasse,
3033 4371 3376 4451 correxisset
3419 4371 3625 4427 saltem
3658 4374 3860 4444 postea

443 4462 734 4535 excipiunt
763 4481 896 4535 quae
923 4461 986 4516 in
1029 4460 1278 4516 Urstisio
1326 4463 1436 4516 sub
1488 4463 1944 4519 continuationis
1996 4482 2097 4520 no-
2212 4480 2337 4535 qua:
2365 4463 2436 4518 ad
2470 4479 2685 4517 annum
2711 4462 2878 4518 illum
2907 4463 3034 4516 1061
3063 4465 3264 4517 contra
3292 4459 3618 4532 legitimum
3643 4476 3856 4532 papam

445 4552 591 4609 mine
637 4557 773 4627 post
825 4552 1243 4608 Hermannum
1292 4557 1641 4623 sequuntur,
1674 4557 1847 4626 atque
1895 4555 2099 4610 eadem
2211 4551 2542 4622 scripserat,
2575 4550 2624 4606 si
2655 4552 2724 4606 ad
2758 4550 3034 4606 ulteriora
3063 4548 3400 4606 schismatis
3429 4552 3695 4621 tempora
3723 4565 3860 4605 con-

433 4641 602 4702 ferme
632 4648 799 4712 sunt,
836 4641 955 4698 nisi
994 4639 1157 4712 quod
1190 4639 1457 4710 quaedam
1507 4640 1758 4697 subinde
1805 4659 1872 4696 ex
1921 4641 2102 4698 altera
2135 4654 2178 4718 D
2210 4640 2594 4696 tiuuationem
2627 4657 2792 4696 suam
2827 4639 3214 4712 perduxisset.

421 4754 648 4811 quoque
708 4729 1001 4793 Bernoldi
1059 4727 1501 4785 continuatione
1546 4731 1914 4798 inserantur;
1975 4751 2102 4804 quzc
2285 4730 2536 4785 Tantum
2569 4729 2638 4784 de
2671 4729 2986 4785 Ilermanni
3017 4728 3298 4785 Chronico
3331 4727 3681 4784 disseruisse
3703 4727 3862 4782 suffi-

408 4831 588 4889 ambaz
617 4828 856 4888 ibidem
895 4823 962 4878 in
1000 4835 1184 4876 unam
1231 4819 1704 4884 confunduntur,
1739 4826 1912 4892 prout
1954 4821 2106 4876 inter
2215 4819 2347 4874 ciat.
2382 4818 2558 4875 Plura
2587 4817 2940 4874 desideranti
2969 4819 3113 4874 satis
3144 4817 3379 4873 abunde
3407 4817 3580 4874 faciet
3605 4815 3864 4871 Joannes

395 4923 499 4985 31,}.
529 4921 755 4982 exinde
789 4925 1057 4991 quoque
1091 4911 1338 4980 apparet
1367 4909 1519 4979 quod
1554 4907 1789 4964 illorum
1838 4909 2102 4965 codicum
2216 4910 2330 4980 Ego
2360 4907 2418 4961 in
2451 4925 2559 4964 suo
2593 4912 2841 4964 tractatu
2877 4913 2952 4963 De
2983 4906 3124 4962 viris
3153 4904 3864 4976 illustribus,monasterii

384 5019 710 5095 scriptores
743 5009 826 5068 ad
866 5015 1117 5095 annum
1148 4999 1303 5095 _I_061
1348 4997 1679 5095 Alexandro
1723 4999 1770 5095 I_I
1822 5016 1994 5095 papie
2020 5001 2104 5057 fa-
2445 4999 2777 5095 Divitis-an.
2818 4999 2954 5095 i630
2983 4996 3335 5095 conscripto,
3379 4993 3629 5095 οῗξλ28,
3661 4991 3721 5050 in
3761 4993 3867 5046 Pe-

372 5084 557 5179 veant,
593 5108 897 5177 adeoque
935 5087 1316 5152 Bernoldum
1351 5087 1409 5144 in
1439 5104 1527 5156 eo,
1560 5106 1674 5144 non
1727 5087 2103 5146 Bertholdum
2212 5088 2284 5144 zii
2311 5087 2612 5147 Thesauro
2643 5087 2861 5144 Anecd.
2891 5093 3013 5144 tom
3045 5087 3090 5156 Ι,
3120 5101 3176 5157 p.
3211 5102 3296 5150 III,
3328 5099 3384 5155 p.
3416 5084 3545 5140 688.

358 5224 577 5287 aequae
587 5208 717 5261 tur.
