4026 6228
367 388 538 453 59-

1157 391 1570 460 HERMANNI
1617 388 2064 460 CONTRACTI
2111 391 2530 460 AUGIENSIS
2571 391 2953 462 MONAGHI.

3705 397 3796 462 60

1736 529 1972 586 CODEX
2009 527 2413 585 AUGIENSIS.

434 647 505 702 67
534 645 681 702 Nero
730 645 1009 702 Senecam
1059 644 1409 718 magistrum
1467 661 1642 700 suum
1699 644 2010 702 interfecit.
2045 645 2101 712 Α
2130 644 2378 701 Sabinos
2417 645 2578 701 obiit.
2610 647 2740 702 Eua.
2771 664 2826 705 a.
2866 664 2955 721 pr.
2990 650 3056 705 In
3097 665 3284 723 marg.
3316 648 3487 706 Titus
3517 665 3658 706 ann.
3687 665 3786 713 ιιι,

366 734 496 790 Eua.
531 753 582 791 a.
616 753 700 806 pr.

433 826 502 879 68
531 822 928 895 Vespasianus
976 821 1257 877 adversus
1308 822 1544 878 Judaaos
1592 821 1940 878 rebellantes
1978 840 2012 878 a

362 911 587 967 Nerone
618 910 888 965 mittitur.
927 911 1051 964 Eua.
1087 927 1140 964 a.
1173 927 1307 981 seq.;
1337 913 1444 966 Jos.
1479 928 1531 965 a.
1564 913 1652 965 66.

429 1002 500 1054 69
528 1001 733 1055 Petrus
764 1004 822 1054 et
854 997 1068 1053 Paulus
1099 1015 1133 1054 a
1170 999 1396 1053 Nerone
1437 1005 1672 1071 propter
1712 999 2007 1056 Simonem

359 1088 592 1163 Magum
625 1087 1014 1153 trucidantur,
1045 1091 1099 1141 et
1131 1087 1465 1158 pestilentia
1497 1088 1688 1143 Romae
1721 1089 1870 1144 facta
1899 1094 2007 1156 est,

357 1178 622 1250 Neroque
654 1177 917 1249 seipsum
951 1177 1261 1231 interfecit.
1297 1177 1440 1232 Suet.
1467 1195 1518 1231 a.
1545 1179 1644 1243 68;
1669 1178 1743 1232 al.
1769 1196 1820 1232 a.
1845 1179 2009 1233 66.—

357 1267 544 1322 Dinus
574 1267 804 1338 primus
833 1283 867 1320 a
896 1264 958 1319 B.
993 1269 1161 1320 Petro
1193 1265 1342 1321 sedit
1385 1267 1556 1322 annis
1585 1284 1685 1321 x11.
1711 1300 1776 1306 —
1808 1267 2008 1322 Antio-

358 1355 505 1410 chiae
534 1355 831 1410 secundus
862 1354 998 1425 (15‘)
1041 1353 1348 1427 episcopus
1380 1355 1686 1412 ordinatus
1713 1357 2005 1428 lgnatius;

357 1445 436 1500 al.
471 1461 525 1498 a.
557 1446 647 1498 68.

426 1535 498 1586 70
529 1531 712 1589 Galba
760 1542 992 1587 menses
1031 1549 1128 1587 vn.
1164 1531 1312 1588 Otho
1355 1549 1586 1589 menses
1617 1551 1700 1588 ιιι.
1736 1533 2007 1590 Vitellius

358 1637 592 1678 menses
613 1639 735 1676 vm.
759 1620 1154 1691 Vespasianus
1182 1623 1230 1676 6
1262 1621 1318 1676 in
1350 1621 1552 1677 Judaia
1581 1639 1872 1694 pugnans,
1903 1622 2008 1678 im-

358 1715 592 1783 perator
621 1711 692 1766 ab
724 1710 975 1766 exercitu
999 1710 1396 1780 constituitur,
1421 1711 1510 1765 vir
1532 1709 1770 1766 militari
1796 1711 2006 1767 virtute

357 1799 706 1872 praecipuus.
741 1801 894 1865 Eus.;
927 1799 1076 1854 Suet.
1109 1817 1162 1854 a.
1194 1816 1280 1870 pr.

426 1889 489 1943 71
525 1889 610 1960 (In
637 1905 810 1958 marg.
843 1886 1240 1959 Vespasianus
1280 1904 1416 1942 ann.
1452 1905 1528 1950 1x,
1561 1905 1746 1944 mens.
1777 1907 1853 1957 XI,
1877 1888 2002 1944 dies

2126 749 2312 790 mens.
2343 752 2402 789 Il.

2191 823 2252 876 81
2289 823 2458 878 Titus
2486 824 2572 878 vir
2600 828 2724 880 erat
2747 825 3014 882 omnium
3035 842 3245 899 genere
3276 826 3564 882 virtutum
3600 826 3784 882 mira-

2123 908 2280 977 bilis,
2315 910 2393 965 ita
2423 915 2486 965 ut
2515 911 2724 967 divitiae
2756 918 2814 968 et
2859 929 3024 969 amor
3070 914 3316 970 humani
3360 915 3594 987 generis
3623 913 3784 970 dice-

2121 1003 2300 1053 retur.
2324 999 2426 1054 Hic
2459 1000 2961 1072 amphitheatrum
2989 1003 3183 1058 Romae
3215 1005 3563 1072 construxit,
3587 1004 3647 1058 in
3679 1021 3782 1059 cu-‘

2111 1087 2216 1157 jus
2255 1087 2620 1145 dedicatione
2666 1089 2925 1162 quinque
2978 1089 3166 1147 millia
3223 1093 3481 1148 ferarum
3539 1091 3777 1148 occidit.

2120 1175 2274 1236 Eua:
2305 1177 2402 1232 Dio
2429 1195 2484 1232 ιι.
2512 1194 2600 1249 pr.

2187 1264 2259 1320 82
2287 1265 2483 1321 Cletus
2523 1283 2673 1339 papa
2721 1267 3018 1324 secundus
3067 1267 3238 1324 annis
3278 1286 3379 1323 xu.
3415 1271 3541 1324 Eua.
3574 1287 3628 1325 a.
3661 1287 3779 1342 pr.;

2117 1353 2193 1407 al.
2225 1371 2278 1408 a.
2308 1357 2397 1409 78.
2422 1387 2489 1394 —-
2510 1355 2675 1412 Titus
2702 1356 2760 1410 in
2792 1360 2996 1412 eadem
3018 1356 3176 1424 villa,
3200 1375 3317 1428 qua
3337 1362 3395 1413 et
3421 1362 3606 1431 pater,
3629 1358 3779 1415 obiit

2116 1458 2312 1498 annno
2360 1443 2544 1498 aetatis
2594 1444 2758 1500 XLII.
2792 1447 2918 1500 Eua.
2953 1447 3298 1517 apr.—(In
3344 1463 3523 1517 marq.
3570 1446 3774 1502 Domi-

2116 1529 2312 1586 tianus
2341 1531 2517 1587 frater
2545 1532 2659 1588 Titi
2689 1549 2826 1589 ann.
2860 1551 2954 1601 xv,
2988 1550 3176 1590 mens.
3211 1534 3292 1605 v.)

2189 1621 2227 1674 7
2264 1620 2334 1674 83
2365 1620 2733 1678 Domitianus
2756 1621 3007 1678 infectus
3027 1621 3304 1678 omnibus
3325 1622 3647 1680 sceleribus
3679 1641 3772 1680 se-

2114 1709 2305 1764 cundo
2337 1709 2705 1781 persequitur
2735 1709 3114 1766 Christianos.
3156 1711 3282 1766 Eua.
3313 1728 3367 1766 a.
3397 1729 3486 1784 pr.
3509 1742 3579 1768 ——.-
3608 1713 3770 1768 Idem

2112 1796 2287 1852 etiam
2319 1797 2620 1853 eunuchos
2652 1798 2775 1854 ﬁeri
2808 1798 3130 1871 prohibuit.
3164 1803 3290 1856 Eua.
3324 1817 3380 1854 a.
3413 1816 3524 1874 seq.

2180 1887 2249 1940 84
2299 1886 2538 1942 Decreto
2587 1891 2828 1958 senatus
2873 1887 3042 1942 Titus
3094 1886 3245 1944 inter
3302 1888 3440 1945 deos
3489 1889 3764 1945 refertur.

352 1978 518 2047 χχιι.)
549 1977 716 2032 Titus
742 1977 976 2032 Judzeos
1004 1975 1378 2031 inenarrabili
1406 1977 1556 2032 fame
1587 1978 1876 2034 cruciatos
1907 1978 2004 2033 ob-
2033 2002 2079 2066 Β
2113 1975 2241 2029 Eua.
2271 1992 2325 2029 a.
2357 1993 2450 2047 pr.

354 2066 522 2123 sedit.
557 2069 683 2122 Eua.

421 2157 494 2210 72
523 2154 883 2212 Hierusalem
909 2172 943 2210 a
962 2154 1092 2210 Tito
1122 2157 1450 2226 expugnata
1480 2154 1824 2221 destruitur,
1848 2172 2002 2210 anno

353 2260 386 2299 a
415 2245 686 2316 passione
716 2243 940 2299 Domini
965 2262 1055 2307 XL,
1081 2261 1114 2298 a
1136 2243 1323 2314 prima
1346 2260 1478 2299 vero
1505 2243 1837 2300 conditione
1859 2247 2002 2300 tem-

352 2331 430 2405 pli
460 2333 570 2389 sub
602 2333 910 2389 Salomone
940 2332 1284 2387 MLXXXIX.
1319 2332 1507 2394 Bcda.;
1539 2333 1613 2386 al.
1647 2349 1700 2386 a.
1729 2334 1818 2387 70.

422 2423 493 2476 75
521 2421 638 2476 Hoc
667 2426 924 2492 tempore
951 2419 1242 2491 Josephus
1271 2419 1779 2493 historiographus
1808 2420 2001 2478 clarus

353 2509 624 2566 habetur.

419 2599 490 2652 77
519 2595 792 2653 Colossus
824 2599 1052 2651 erectus
1083 2601 1172 2652 est
1211 2596 1434 2652 habens
1463 2594 1793 2652 altitudinis
1823 2597 1998 2669 pedes

353 2693 589 2744 cenlum
619 2690 676 2741 et
705 2689 947 2757 septem.
983 2687 1080 2740 Dio
1113 2703 1164 2740 a.
1197 2685 1286 2740 75.

417 2777 490 2830 79
520 2773 860 2830 Pestilentia
891 2775 1084 2830 Romae
1112 2775 1259 2830 facta
1288 2777 1394 2838 est,
1419 2779 1477 2830 et
1495 2779 1858 2831 terraimotus
1881 2779 1997 2831 tres

350 2864 612 2920 civitates
643 2863 808 2937 Cypri
843 2863 1144 2919 subvertit.
1177 2866 1302 2919 Eua.
1334 2881 1387 2919 a.
1417 2881 1504 2935 pr.

418 2955 490 3009 80
518 2953 914 3026 Vespasianus
955 2953 1237 3026 profluvio
1284 2953 1503 3009 ventris
1552 2952 1610 3008 in
1660 2951 1797 3008 villa
1845 2952 1998 3009 circa

2181 2064 2252 2118 85
2277 2063 2418 2118 Tres
2446 2063 2700 2136 virgines
2732 2067 2922 2121 Vestae
2962 2065 3034 2120 ob
3074 2068 3348 2138 stuprum
3380 2065 3766 2127 damnantur.

2113 2151 2261 2206 Suet.
2289 2169 2324 2207 a
2348 2154 2438 2207 83.

2180 2242 2250 2296 86
2276 2240 2540 2297 Anianus
2581 2241 2808 2314 primus
2856 2244 2988 2314 post
3033 2242 3293 2297 Marcum
3341 2243 3762 2316 evangelistam

2109 2327 2419 2401 episcopus
2466 2329 2824 2386 Alexandriae
2872 2333 3005 2402 post
3050 2347 3236 2387 annos
3283 2348 3401 2386 xxn
3447 2331 3612 2400 obiit,
3656 2350 3763 2405 pro

2109 2434 2224 2489 quo
2253 2417 2479 2473 Abilius
2509 2418 2662 2473 sedit
2690 2417 2862 2475 annis
2892 2435 3015 2473 xm.
3049 2419 3176 2474 Eua.
3209 2437 3264 2474 a.
3296 2437 3386 2491 pr.

2179 2508 2249 2561 88
2277 2505 2646 2562 Domitianus
2677 2522 2740 2562 se
2776 2506 2962 2562 Deum
3009 2510 3066 2562 et
3111 2507 3429 2565 Dominum
3476 2508 3764 2582 appellari

2102 2593 2304 2666 jussit.
2337 2597 2468 2652 Eua.
2500 2612 2554 2651 a.
2582 2612 2679 2668 pr.

2179 2683 2250 2738 90
2295 2682 2693 2749 Quintilianus
2741 2683 2937 2740 rhetor
2988 2683 3187 2740 Romae
3234 2684 3427 2742 clarus
3485 2685 3759 2744 habetur.

2107 2774 2234 2828 Eua.
2270 2789 2322 2828 α.
2351 2789 2444 2844 pr.

2177 2863 2239 2916 91
2289 2861 2392 2917 His
2439 2861 2801 2934 temporibus
2847 2861 3088 2919 haeresis
3137 2862 3440 2920 Menandri
3491 2866 3673 2938 magi,
3704 2871 3764 2922 et

2107 2949 2530 3018 Ebionitarum,
2551 2954 2609 3006 et
2633 2949 3063 3007 Corinthiorum
3091 2955 3149 3007 et
3177 2951 3601 3010 Nicolaitarum
3632 2969 3761 3010 exo-

2105 3038 2274 3094 ritur.

1385 3174 1866 3232 COMPENDIUM
1906 3173 1999 3230 EX
2038 3170 2290 3228 CODICE
2330 3170 2711 3227 BERNOLDI.

413 3274 483 3328 67
511 3274 669 3338 Nero,
697 3275 830 3337 etc.,
866 3278 928 3328 ut
955 3279 1103 3346 Aug.
1138 3275 1200 3328 In
1243 3274 1491 3343 margine
1519 3275 1789 3344 primaeva
1819 3289 1988 3327 manu
2016 3273 2058 3339 C
2164 3270 2694 3341 70-Veapasianus...
2724 3271 3093 3325 constituitur.
3133 3271 3495 3342 Vespasianus
3529 3273 3638 3339 VII,
3673 3289 3755 3329 re-
3849 3277 3851 3279 ’

341 3360 455 3416 hac
481 3365 742 3416 notantur
769 3379 787 3415 :
820 3362 1181 3431 Hieronymus
1211 3361 1268 3414 in
1302 3360 1440 3415 libro
1471 3361 1546 3415 De
1581 3361 1716 3414 viris
1745 3361 1988 3414 illustri-
2095 3363 2227 3430 gnat
2264 3375 2434 3414 annos
2466 3377 2542 3427 ix,
2574 3374 2783 3415 menses
2812 3376 2892 3428 χι,
2922 3359 3037 3416 dies
3066 3377 3203 3414 xxn.
3237 3362 3326 3416 Vir
3352 3361 3593 3417 militari
3631 3364 3750 3418 vir-

344 3450 442 3504 bus
472 3449 620 3521 (cap.
659 3449 744 3520 l2)
781 3465 847 3504 :u
886 3450 1082 3503 Lucius
1127 3449 1365 3503 Annaeus
1403 3448 1603 3504 Seneca
1634 3447 1990 3503 Cordubensis
2100 3452 2212 3504 tute
2239 3450 2576 3520 przecipuus.
3785 3459 3788 3464 '

341 3539 520 3594 Setini
549 3539 660 3610 (16)
691 3527 848 3594 stoici
892 3538 1214 3609 discipulus,
1263 3549 1496 3608 patruus
1545 3539 1753 3593 Lucani
1794 3546 1986 3609 poetic,

337 3628 537 3682 multas
593 3629 850 3698 epistolas
906 3628 1124 3697 scripsit
1175 3626 1244 3680 ad
1298 3627 1539 3680 Paulum
1589 3627 1914 3698 apostolum,
1943 3633 1993 3682 et

336 3717 548 3771 Paulus
571 3716 643 3771 ad
673 3717 836 3771 illum
859 3733 878 3770 :
903 3717 998 3789 qui
1023 3731 1078 3770 se
1115 3716 1283 3770 talem
1312 3716 1458 3770 inter
1485 3731 1609 3770 suos
1627 3731 1740 3772 esse
1767 3717 1990 3786 optavit,

337 3803 520 3876 qualis
566 3806 779 3861 Paulus
834 3804 1127 3860 haberetur
1155 3806 1302 3859 inter
1332 3803 1692 3859 Christianos.
1721 3828 1747 3853 »
1770 3804 1916 3877 Opp.
1949 3809 1990 3860 t.

337 3894 432 3959 IV,
466 3911 522 3967 ρ.
561 3913 626 3961 ιι,
654 3911 710 3967 p.
747 3895 850 3950 106
881 3910 1010 3948 nov.
1041 3893 1132 3950 ed.
1163 3896 1347 3949 Maur.

407 3984 478 4039 68
511 3985 870 4057 Vespasianus
925 3984 1040 4038 due
1092 3984 1362 4038 exercitus
1413 3982 1691 4049 adversus,
1743 3986 1876 4051 etc.,
1930 3987 2023 4039 ut-

334 4072 482 4146 Aug.

404 4162 477 4215 69
503 4162 696 4216 Petrus
753 4165 804 4215 et
863 4160 1134 4214 Paulus...
1187 4158 1540 4213 trucidantur
1590 4176 1657 4232 ιιι
1700 4161 1819 4214 Kal.
1875 4162 1993 4217 Jul.

338 4255 546 4309 caetera
577 4252 642 4303 ut
682 4250 830 4321 Aug.
864 4249 1032 4302 Linus
1063 4249 1105 4302 I.
1139 4263 1171 4302 a
1208 4251 1272 4302 Β.
1307 4252 1472 4302 Petro
1518 4247 1655 4302 sedit
1683 4250 1847 4304 annis
1893 4267 1994 4324 xu,

331 4353 532 4412 passus
584 4345 663 4392 est
711 4353 769 4391 VI
815 4336 936 4390 Kal.
994 4337 1117 4390 Dec.
1151 4335 1470 4402 Antiochiae,
1531 4340 1664 4404 etc.,
1727 4341 1792 4392 ut
1844 4340 1992 4411 Aug.

338 4427 509 4484 Galba
569 4427 650 4490 VI,
708 4441 919 4480 menses
973 4441 1070 4479 vn.
1123 4423 1272 4491 Otho,
1332 4440 1542 4480 menses
1599 4442 1680 4480 ιιι.
1723 4427 1988 4495 Vitellius,

336 4531 548 4571 menses
581 4532 700 4570 νιιι.
735 4517 882 4569 Nota
925 4511 1270 4585 marginalia
1320 4513 1588 4568 Bernoldi
1624 4531 1637 4569 :
1673 4517 1795 4570 Haec
1836 4517 1997 4573 chro-

335 4607 464 4660 nica
496 4605 557 4658 in
586 4605 922 4659 successione
971 4604 1340 4658 Romanorum
1384 4605 1705 4674 ponti/tcum
1750 4606 2020 4678 sequitur

2029 4648 2076 4713 D

2168 3538 2234 3591 71
2264 3538 2409 3592 Titus
2431 3537 2668 3604 Ιαάέεοδ,
2693 3539 2828 3606 etc.,
2863 3540 2930 3592 ut
2957 3537 3101 3610 Aug.

2170 3629 2240 3680 72
2271 3625 2676 3682 Hierusalem...
2708 3643 2744 3680 a
2769 3628 3020 3698 passione
3061 3627 3284 3683 Domini
3320 3645 3454 3696 XLII,
3488 3645 3520 3683 a
3546 3631 3754 3701 prima,

2102 3719 2237 3784 etc.,
2270 3719 2336 3770 ut
2359 3716 2506 3788 Aug.

2173 3805 2244 3858 80
2276 3806 2631 3876 Vespasianus
2682 3804 2976 3876 proﬂuvio,
3035 3808 3172 3872 etc.,
3222 3809 3286 3860 ut
3331 3807 3478 3879 Aug.
3511 3838 3582 3846 —
3613 3808 3758 3863 Titus

2109 3894 2238 3960 VIII,
2274 3894 2589 3965 Vespasiani
2629 3893 2780 3964 ﬁlius
2827 3908 2999 3949 annos
3039 3893 3193 3960 duos,
3224 3910 3440 3950 menses
3489 3894 3644 3963 thros,
3676 3898 3761 3952 vir

2103 3983 2350 4038 omnium
2376 3997 2570 4054 genere
2597 3983 2868 4037 virtutum
2895 3983 3192 4050 mirabilis,
3217 3985 3294 4038 ita
3324 3987 3384 4040 ut
3411 3984 3624 4041 deliciae
3646 3984 3759 4058 (17)

2103 4073 2153 4127 et
2181 4082 2346 4127 amor
2365 4070 2598 4126 humani
2624 4071 2843 4140 generis
2869 4070 3164 4128 diceretur.

2175 4161 2239 4214 81
2274 4161 2420 4215 Titus
2449 4159 2936 4232 amphitheatrum,
2967 4164 3106 4227 etc.,
3140 4164 3204 4216 ut
3231 4162 3379 4235 Aug.

2176 4250 2248 4303 82
2297 4248 2574 4304 Inacletua
2618 4265 2768 4321 papa
2812 4249 2880 4315 II,
2928 4248 3071 4306 sedit
3115 4250 3280 4306 annis
3326 4267 3428 4319 x11,
3476 4267 3675 4323 passus
3702 4268 3758 4307 vi

2105 4338 2235 4394 Kal:
2260 4338 2412 4392 Maii.
2435 4368 2504 4376 -ο
2526 4338 2671 4392 Titus
2717 4339 2778 4392 in
2824 4337 3014 4394 eadem
3057 4339 3215 4410 villa,
3246 4341 3379 4409 etc.,
3412 4343 3478 4395 ut
3517 4344 3670 4413 Aug.
3694 4373 3758 4382 —

2107 4427 2449 4484 Domitianus
2499 4427 2586 4492 IX,
2637 4424 2818 4500 frater
2871 4428 2994 4496 Titi,
3029 4429 3195 4483 annis
3245 4445 3337 4495 xv,
3387 4429 3670 4484 mensibus
3702 4446 3755 4483 v.

2107 4517 2222 4580 Hic,
2255 4517 2509 4571 omnibus
2538 4517 2773 4586 inlectus
2808 4516 3125 4583 sceleribus,
3155 4516 3386 4573 secundo
3411 4519 3760 4591 persequitur

2110 4604 2468 4660 Christianos.
2491 4633 2560 4643 —
2589 4603 2738 4659 Nota
2767 4603 3111 4677 marginalia
3156 4603 3423 4661 Bernoldi
3459 4622 3472 4660 :
3506 4608 3633 4662 Post
3674 4610 3760 4662 Li-

335 4692 650 4761 Eusebium,
681 4709 793 4748 non
820 4693 1195 4764 pontiﬁcalem
1229 4690 1457 4760 librum,
1488 4696 1580 4749 cui
1612 4697 1794 4751 tamen
1823 4697 2001 4767 magis
2029 4690 2075 4713 ³¹
2107 4711 2243 4750 num
2266 4709 2471 4765 papam
2500 4693 2726 4764 quidam
2754 4693 2887 4748 libri
2915 4694 3114 4751 habent
3147 4694 3377 4765 Cletum,
3409 4703 3462 4752 et
3489 4699 3611 4769 post
3641 4695 3760 4752 Cle-

335 4797 397 4851 ίη
429 4781 532 4836 hac
577 4780 942 4851 descriptione
997 4787 1132 4836 esset
1191 4779 1540 4847 credendum,
1572 4790 1634 4837 ut
1660 4786 1791 4854 puta
1843 4801 2000 4855 quem

335 4873 606 4926 Damasus
661 4886 804 4941 papa
857 4873 1049 4940 rogatu
1108 4868 1162 4924 S.
1210 4870 1537 4941 Hieronymi
1583 4870 2001 4943 diligentissime

335 4959 625 5032 descripsit
653 4958 699 5030 (l
713 4960 816 5030 ϐ’).

2107 4792 2346 4840 mentem
2373 4782 2726 4844 Anacletum;
2757 4782 2851 4838 sed
2895 4783 3128 4840 historia
3155 4783 3376 4840 Eusebii
3405 4784 3616 4841 Cletum
3658 4802 3759 4858 pa-

2102 4889 2237 4945 pam
2264 4871 2488 4928 omnino
2509 4873 2756 4942 praeterit
2781 4871 2942 4944 (17⁶).

2178 4960 2249 5014 83
2273 4960 2617 5018 Domitianus
2653 4959 2928 5017 eunuchos
2955 4961 3082 5031 ﬁeri
3103 4962 3408 5034 prohibuit.

1933 5085 2167 5142 NOTIE.

410 5180 544 5253 (15')
575 5181 809 5238 Scilicet
853 5187 984 5255 post
1031 5182 1289 5245 Petrum,
1322 5180 1468 5249 alias
1521 5181 1750 5250 tertius,
1792 5183 1993 5238 Evodii

225 5261 250 5283 ⁵
336 5268 662 5308 δυοοθεεον.

409 5323 519 5394 (16)
551 5325 770 5398 Seneca
797 5325 966 5398 epist.
998 5323 1450 5398 49_magistrum
1481 5339 1657 5398 suum
1691 5324 1992 5398 Sotionem

337 5400 522 5459 vocat,
559 5396 639 5449 uti.
673 5401 728 5450 et
759 5394 1042 5452 Eusebius
1075 5394 1129 5449 in
1163 5394 1767 5449 Chronico.Cieterum
1803 5395 1998 5451 Hiero-

338 5483 550 5536 nymus
583 5467 675 5521 hic
707 5468 924 5522 indicat
971 5465 1282 5537 epistolam
1315 5465 1684 5537 undecimam
1719 5467 1992 5537 Seneca,

336 5533 464 5607 quae
496 5543 582 5592 esl.
616 5545 776 5591 sexta
807 5539 875 5593 ad
916 5533 1180 5604 Paulum,
1205 5552 1380 5607 quem
1409 5537 1492 5592 ita
1511 5533 1830 5608 alloquitur
1854 5555 1866 5593 :
1893 5533 1997 5607 Qui

335 5613 662 5690 εῃρξιδιῖίιιιιξ
692 5610 933 5690 ᾳριιάρθ
983 5609 1152 5670 locus,
1181 5609 1482 5690 qui‘tuus,"
1501 5607 1667 5690 velini
1712 5612 1772 5662 ut
1819 5625 1989 5690 meus.

334 5677 465 5733 Vid.
496 5677 741 5734 Fabricii
773 5679 898 5734 cod.
927 5677 1240 5750 apocryph.
1270 5678 1411 5732 Nov.
1437 5678 1594 5733 Test.
1621 5696 1677 5748 p.
1704 5694 1766 5746 ιι,
1791 5696 1845 5750 p.
1869 5681 1993 5747 880,

2103 5186 2163 5238 et
2192 5199 2247 5248 p.
2283 5199 2367 5248 ιιι,
2401 5198 2458 5248 p.
2490 5181 2615 5236 710.

2101 5198 2734 5382 ζ(¹ἷὸ·’)“ιζέ³ιέείξξίίιοιι
2761 5253 3027 5310 sentiunt
3053 5253 3261 5310 critici.
3283 5253 3416 5312 Vid.
3449 5256 3669 5329 Pagius
3699 5256 3760 5312 in

2153 5341 2376 5381 amaso.
2729 5340 2733 5342 ’
3181 5340 3183 5342 ’

2153 5341 2376 5381 amaso.
2729 5340 2733 5342 ’
3181 5340 3183 5342 ’

2174 5395 2288 5465 (17)
2318 5396 2502 5470 Ita_e_x
2530 5394 2703 5450 editis
2734 5395 3358 5470 legendum,quamvis
3388 5397 3625 5455 codices
3655 5400 3757 5456 ha-

2105 5467 2280 5521 beant
2308 5465 2540 5521 divitiae.

2176 5537 2318 5610 (17"),
2342 5535 2561 5610 Nempe
2589 5537 2744 5609 quod
2775 5552 2845 5610 ex
2872 5539 3000 5610 ejus
3025 5543 3084 5595 et
3105 5543 3437 5596 Grecorum
3467 5543 3768 5600 sententia

2104 5607 2468 5696 igdemgt'uerit
2662 5607 3134 5696 Anacletp,-quos
3162 5614 3363 5696 tamen
3393 5612 3764 5696 Epiphanius

2107 5683 2166 5735 et
2194 5677 2459 5752 plerique
2489 5677 2831 5742 Latinorum
2861 5677 3257 5755 distinguunt.
3438 5677 3460 5686 ’
3503 5677 3525 5687 ’
3636 5677 3661 5696 ⁷
3735 5691 3742 5737 ξ
