  <div class='ocr_page' id='page_1' title='image "/cluster/home/n/w/nwhite01/storage/ocr_20150623/143/uva.x000829790/041.png"; bbox 0 0 4026 6228; ppageno 0'>
   <div class='ocr_carea' id='block_1_1' title="bbox 404 340 3852 418">
    <p class='ocr_par' dir='ltr' id='par_1_1' title="bbox 404 340 3852 418">
     <span class='ocr_line' id='line_1_1' title="bbox 404 340 3852 418; baseline -0 -14"><span class='ocrx_word' id='word_1_1' title='bbox 404 351 498 409; x_wconf 84' lang='grc'><strong>,67</strong></span> <span class='ocrx_word' id='word_1_2' title='bbox 1237 345 1651 408; x_wconf 81' lang='lat' dir='ltr'><strong>HERMANNI</strong></span> <span class='ocrx_word' id='word_1_3' title='bbox 1697 343 2134 418; x_wconf 78' lang='lat' dir='ltr'><strong>CONTBAC&#39;I‘I</strong></span> <span class='ocrx_word' id='word_1_4' title='bbox 2177 343 2588 409; x_wconf 86' lang='lat' dir='ltr'><strong>AUGIENSIS</strong></span> <span class='ocrx_word' id='word_1_5' title='bbox 2633 341 3016 407; x_wconf 85' lang='lat' dir='ltr'><strong>MONACHI.</strong></span> <span class='ocrx_word' id='word_1_6' title='bbox 3753 340 3852 403; x_wconf 78' lang='lat'><strong>68</strong></span> 
     </span>
    </p>
   </div>
   <div class='ocr_carea' id='block_1_2' title="bbox 1808 501 2473 560">
    <p class='ocr_par' dir='ltr' id='par_1_2' title="bbox 1808 501 2473 560">
     <span class='ocr_line' id='line_1_2' title="bbox 1808 501 2473 560; baseline 0.002 -1"><span class='ocrx_word' id='word_1_7' title='bbox 1808 501 2040 559; x_wconf 85' lang='lat' dir='ltr'><strong>CODEX</strong></span> <span class='ocrx_word' id='word_1_8' title='bbox 2077 501 2473 560; x_wconf 85' lang='lat' dir='ltr'><strong>AUGIENSIS.</strong></span> 
     </span>
    </p>
   </div>
   <div class='ocr_carea' id='block_1_3' title="bbox 497 595 3847 672">
    <p class='ocr_par' dir='ltr' id='par_1_3' title="bbox 497 595 3847 672">
     <span class='ocr_line' id='line_1_3' title="bbox 497 595 3847 672; baseline -0.001 -13"><span class='ocrx_word' id='word_1_9' title='bbox 497 603 599 659; x_wconf 70' lang='lat'><strong>484</strong></span> <span class='ocrx_word' id='word_1_10' title='bbox 620 601 974 659; x_wconf 88' lang='lat' dir='ltr'><strong>Commodus</strong></span> <span class='ocrx_word' id='word_1_11' title='bbox 991 600 1390 672; x_wconf 81' lang='lat' dir='ltr'><strong>Septembrem</strong></span> <span class='ocrx_word' id='word_1_12' title='bbox 1416 616 1678 655; x_wconf 85' lang='lat' dir='ltr'><strong>mensem</strong></span> <span class='ocrx_word' id='word_1_13' title='bbox 1703 600 1938 655; x_wconf 88' lang='lat' dir='ltr'>nomine</span> <span class='ocrx_word' id='word_1_14' title='bbox 1958 617 2065 656; x_wconf 91' lang='lat' dir='ltr'><strong>suo</strong></span> <span class='ocrx_word' id='word_1_15' title='bbox 2095 603 2150 667; x_wconf 82' lang='grc' dir='ltr'><strong>Α</strong></span> <span class='ocrx_word' id='word_1_16' title='bbox 2181 617 2410 672; x_wconf 89' lang='lat' dir='ltr'><strong>quoque</strong></span> <span class='ocrx_word' id='word_1_17' title='bbox 2440 607 2497 656; x_wconf 86' lang='lat' dir='ltr'><strong>et</strong></span> <span class='ocrx_word' id='word_1_18' title='bbox 2525 601 2798 658; x_wconf 87' lang='lat' dir='ltr'><strong>Bachilus</strong></span> <span class='ocrx_word' id='word_1_19' title='bbox 2819 601 3045 668; x_wconf 90' lang='lat' dir='ltr'><strong>Asiani,</strong></span> <span class='ocrx_word' id='word_1_20' title='bbox 3078 604 3137 656; x_wconf 92' lang='lat' dir='ltr'><strong>et</strong></span> <span class='ocrx_word' id='word_1_21' title='bbox 3158 598 3256 656; x_wconf 83' lang='lat' dir='ltr'><strong>alii</strong></span> <span class='ocrx_word' id='word_1_22' title='bbox 3279 597 3538 671; x_wconf 84' lang='lat' dir='ltr'><strong>episcopi</strong></span> <span class='ocrx_word' id='word_1_23' title='bbox 3566 595 3847 670; x_wconf 83' lang='lat' dir='ltr'><strong>insignes</strong></span> 
     </span>
    </p>
   </div>
   <div class='ocr_carea' id='block_1_4' title="bbox 425 689 2834 765">
    <p class='ocr_par' dir='ltr' id='par_1_4' title="bbox 425 689 2834 765">
     <span class='ocr_line' id='line_1_4' title="bbox 425 689 2834 765; baseline -0.002 -17"><span class='ocrx_word' id='word_1_24' title='bbox 425 691 756 765; x_wconf 72' lang='lat' dir='ltr'><strong>appellavit.</strong></span> <span class='ocrx_word' id='word_1_25' title='bbox 787 693 915 746; x_wconf 85' lang='lat' dir='ltr'><strong>Eus.</strong></span> <span class='ocrx_word' id='word_1_26' title='bbox 951 707 1004 745; x_wconf 83' lang='grc' dir='ltr'><strong>α.</strong></span> <span class='ocrx_word' id='word_1_27' title='bbox 1038 689 1160 745; x_wconf 82' lang='lat'><strong>485.</strong></span> <span class='ocrx_word' id='word_1_28' title='bbox 2180 689 2490 744; x_wconf 75' lang='lat' dir='ltr'><strong>habentur.</strong></span> <span class='ocrx_word' id='word_1_29' title='bbox 2523 692 2660 746; x_wconf 79' lang='lat' dir='ltr'><strong>Eus.</strong></span> <span class='ocrx_word' id='word_1_30' title='bbox 2695 691 2749 745; x_wconf 75' lang='grc' dir='ltr'><strong>ἡ.</strong></span> <span class='ocrx_word' id='word_1_31' title='bbox 2781 708 2834 746; x_wconf 90' lang='lat' dir='ltr'><strong>a.</strong></span> 
     </span>
    </p>
   </div>
   <div class='ocr_carea' id='block_1_5' title="bbox 495 775 3841 850">
    <p class='ocr_par' dir='ltr' id='par_1_5' title="bbox 495 775 3841 850">
     <span class='ocr_line' id='line_1_5' title="bbox 495 775 3841 850; baseline -0.002 -13"><span class='ocrx_word' id='word_1_32' title='bbox 495 781 600 837; x_wconf 84' lang='lat'><strong>485</strong></span> <span class='ocrx_word' id='word_1_33' title='bbox 629 777 1043 850; x_wconf 69' lang='lat' dir='ltr'><strong>Hierosolymis</strong></span> <span class='ocrx_word' id='word_1_34' title='bbox 1080 777 1252 833; x_wconf 85' lang='lat' dir='ltr'><strong>XXVI</strong></span> <span class='ocrx_word' id='word_1_35' title='bbox 1299 777 1605 833; x_wconf 82' lang='lat' dir='ltr'><strong>ordinatur</strong></span> <span class='ocrx_word' id='word_1_36' title='bbox 1634 777 1923 833; x_wconf 84' lang='lat' dir='ltr'><strong>Maximus</strong></span> <span class='ocrx_word' id='word_1_37' title='bbox 1947 777 2067 849; x_wconf 80' lang='lat' dir='ltr'><strong>epi-</strong></span> <span class='ocrx_word' id='word_1_38' title='bbox 2251 779 2354 832; x_wconf 87' lang='lat'><strong>198</strong></span> <span class='ocrx_word' id='word_1_39' title='bbox 2372 779 2686 834; x_wconf 89' lang='lat' dir='ltr'><strong>Judaicum</strong></span> <span class='ocrx_word' id='word_1_40' title='bbox 2708 785 2765 835; x_wconf 90' lang='lat' dir='ltr'><strong>et</strong></span> <span class='ocrx_word' id='word_1_41' title='bbox 2783 777 3199 838; x_wconf 86' lang='lat' dir='ltr'><strong>Samariticum</strong></span> <span class='ocrx_word' id='word_1_42' title='bbox 3220 775 3440 834; x_wconf 90' lang='lat' dir='ltr'><strong>bellum</strong></span> <span class='ocrx_word' id='word_1_43' title='bbox 3468 779 3694 832; x_wconf 89' lang='lat' dir='ltr'><strong>motum</strong></span> <span class='ocrx_word' id='word_1_44' title='bbox 3719 779 3841 832; x_wconf 87' lang='lat' dir='ltr'><strong>est.</strong></span> 
     </span>
    </p>
   </div>
   <div class='ocr_carea' id='block_1_6' title="bbox 425 865 2483 943">
    <p class='ocr_par' dir='ltr' id='par_1_6' title="bbox 425 865 2483 943">
     <span class='ocr_line' id='line_1_6' title="bbox 425 865 2483 943; baseline -0.002 -16"><span class='ocrx_word' id='word_1_45' title='bbox 425 886 661 943; x_wconf 82' lang='lat' dir='ltr'><strong>scopas.</strong></span> <span class='ocrx_word' id='word_1_46' title='bbox 693 871 820 924; x_wconf 80' lang='lat' dir='ltr'><strong>Eas.</strong></span> <span class='ocrx_word' id='word_1_47' title='bbox 853 885 902 922; x_wconf 89' lang='lat' dir='ltr'><strong>a.</strong></span> <span class='ocrx_word' id='word_1_48' title='bbox 940 867 1062 922; x_wconf 86' lang='lat'><strong>486.</strong></span> <span class='ocrx_word' id='word_1_49' title='bbox 1089 897 1156 907; x_wconf 94' lang='lat'><strong><em>—</em></strong></span> <span class='ocrx_word' id='word_1_50' title='bbox 1181 865 1460 940; x_wconf 83' lang='lat' dir='ltr'><strong>Origenes</strong></span> <span class='ocrx_word' id='word_1_51' title='bbox 1480 867 1636 938; x_wconf 89' lang='lat' dir='ltr'><strong>apud</strong></span> <span class='ocrx_word' id='word_1_52' title='bbox 1659 866 2068 922; x_wconf 85' lang='lat' dir='ltr'><strong>Alexandriam</strong></span> <span class='ocrx_word' id='word_1_53' title='bbox 2179 867 2308 922; x_wconf 82' lang='lat' dir='ltr'><strong>Eus.</strong></span> <span class='ocrx_word' id='word_1_54' title='bbox 2341 871 2396 922; x_wconf 73' lang='grc' dir='ltr'><strong>ἡ.</strong></span> <span class='ocrx_word' id='word_1_55' title='bbox 2429 884 2483 922; x_wconf 88' lang='lat' dir='ltr'><strong>a.</strong></span> 
     </span>
    </p>
   </div>
   <div class='ocr_carea' id='block_1_7' title="bbox 424 955 3836 1031">
    <p class='ocr_par' dir='ltr' id='par_1_7' title="bbox 424 955 3836 1031">
     <span class='ocr_line' id='line_1_7' title="bbox 424 955 3836 1031; baseline -0.002 -15"><span class='ocrx_word' id='word_1_56' title='bbox 424 959 706 1031; x_wconf 74' lang='lat' dir='ltr'><strong>nascitur.</strong></span> <span class='ocrx_word' id='word_1_57' title='bbox 737 955 860 1030; x_wconf 80' lang='lat' dir='ltr'><strong>Def.</strong></span> <span class='ocrx_word' id='word_1_58' title='bbox 887 958 964 1012; x_wconf 85' lang='lat' dir='ltr'><strong>in.</strong></span> <span class='ocrx_word' id='word_1_59' title='bbox 991 957 1078 1022; x_wconf 78' lang='lat'><strong>8.,</strong></span> <span class='ocrx_word' id='word_1_60' title='bbox 1107 955 1164 1010; x_wconf 91' lang='lat' dir='ltr'><strong>h.</strong></span> <span class='ocrx_word' id='word_1_61' title='bbox 1195 973 1248 1010; x_wconf 90' lang='lat' dir='ltr'><strong>a.</strong></span> <span class='ocrx_word' id='word_1_62' title='bbox 2250 955 2355 1011; x_wconf 89' lang='grc'><strong>499</strong></span> <span class='ocrx_word' id='word_1_63' title='bbox 2384 956 2628 1012; x_wconf 85' lang='lat' dir='ltr'><strong>Severus</strong></span> <span class='ocrx_word' id='word_1_64' title='bbox 2650 955 2894 1012; x_wconf 77' lang='lat' dir='ltr'><strong>Parthos</strong></span> <span class='ocrx_word' id='word_1_65' title='bbox 2913 960 2971 1012; x_wconf 90' lang='lat' dir='ltr'><strong>et</strong></span> <span class='ocrx_word' id='word_1_66' title='bbox 2987 955 3340 1024; x_wconf 86' lang='lat' dir='ltr'><strong>Adiabenos,</strong></span> <span class='ocrx_word' id='word_1_67' title='bbox 3366 955 3711 1026; x_wconf 86' lang='lat' dir='ltr'><strong>Arabasque</strong></span> <span class='ocrx_word' id='word_1_68' title='bbox 3728 970 3836 1009; x_wconf 84' lang='lat' dir='ltr'><strong>su-</strong></span> 
     </span>
    </p>
   </div>
   <div class='ocr_carea' id='block_1_8' title="bbox 491 1041 2817 1117">
    <p class='ocr_par' dir='ltr' id='par_1_8' title="bbox 491 1041 2817 1117">
     <span class='ocr_line' id='line_1_8' title="bbox 491 1041 2817 1117; baseline -0.002 -14"><span class='ocrx_word' id='word_1_69' title='bbox 491 1048 596 1104; x_wconf 91' lang='lat'><strong>486</strong></span> <span class='ocrx_word' id='word_1_70' title='bbox 627 1047 940 1102; x_wconf 89' lang='lat' dir='ltr'><strong>Montanus</strong></span> <span class='ocrx_word' id='word_1_71' title='bbox 984 1044 1224 1117; x_wconf 89' lang='lat' dir='ltr'><strong>quidam</strong></span> <span class='ocrx_word' id='word_1_72' title='bbox 1275 1041 1523 1100; x_wconf 65' lang='lat' dir='ltr'><strong>heresin</strong></span> <span class='ocrx_word' id='word_1_73' title='bbox 1571 1042 2068 1116; x_wconf 88' lang='lat' dir='ltr'><strong>Cataphrygarum</strong></span> <span class='ocrx_word' id='word_1_74' title='bbox 2180 1044 2422 1115; x_wconf 91' lang='lat' dir='ltr'><strong>peravit.</strong></span> <span class='ocrx_word' id='word_1_75' title='bbox 2455 1047 2583 1100; x_wconf 84' lang='lat' dir='ltr'><strong>Eus.</strong></span> <span class='ocrx_word' id='word_1_76' title='bbox 2616 1061 2677 1101; x_wconf 88' lang='lat' dir='ltr'><strong>a.</strong></span> <span class='ocrx_word' id='word_1_77' title='bbox 2708 1061 2817 1116; x_wconf 85' lang='lat' dir='ltr'><strong>seq.</strong></span> 
     </span>
    </p>
   </div>
   <div class='ocr_carea' id='block_1_9' title="bbox 421 1131 3834 1204">
    <p class='ocr_par' dir='ltr' id='par_1_9' title="bbox 421 1131 3834 1204">
     <span class='ocr_line' id='line_1_9' title="bbox 421 1131 3834 1204; baseline -0.002 -11"><span class='ocrx_word' id='word_1_78' title='bbox 421 1135 638 1193; x_wconf 90' lang='lat' dir='ltr'><strong>condit.</strong></span> <span class='ocrx_word' id='word_1_79' title='bbox 672 1137 812 1191; x_wconf 86' lang='lat' dir='ltr'><strong>Eus.</strong></span> <span class='ocrx_word' id='word_1_80' title='bbox 845 1151 900 1187; x_wconf 89' lang='lat' dir='ltr'><strong>a.</strong></span> <span class='ocrx_word' id='word_1_81' title='bbox 935 1135 1059 1187; x_wconf 85' lang='lat'><strong>172.</strong></span> <span class='ocrx_word' id='word_1_82' title='bbox 2246 1134 2344 1186; x_wconf 89' lang='lat'><strong>201</strong></span> <span class='ocrx_word' id='word_1_83' title='bbox 2383 1133 2646 1188; x_wconf 69' lang='lat' dir='ltr'><strong>Thermas</strong></span> <span class='ocrx_word' id='word_1_84' title='bbox 2695 1133 3012 1189; x_wconf 67' lang='lat' dir='ltr'><strong>Severiana</strong></span> <span class='ocrx_word' id='word_1_85' title='bbox 3055 1133 3210 1204; x_wconf 87' lang='lat' dir='ltr'><strong>apud</strong></span> <span class='ocrx_word' id='word_1_86' title='bbox 3259 1131 3628 1188; x_wconf 82' lang='lat' dir='ltr'><strong>Antiochiam</strong></span> <span class='ocrx_word' id='word_1_87' title='bbox 3660 1131 3834 1187; x_wconf 80' lang='lat' dir='ltr'><strong>factas</strong></span> 
     </span>
    </p>
   </div>
   <div class='ocr_carea' id='block_1_10' title="bbox 491 1217 2700 1295">
    <p class='ocr_par' dir='ltr' id='par_1_10' title="bbox 491 1217 2700 1295">
     <span class='ocr_line' id='line_1_10' title="bbox 491 1217 2700 1295; baseline -0.001 -15"><span class='ocrx_word' id='word_1_88' title='bbox 491 1225 595 1280; x_wconf 91' lang='lat'><strong>488</strong></span> <span class='ocrx_word' id='word_1_89' title='bbox 625 1222 977 1295; x_wconf 79' lang='lat' dir='ltr'><strong>Capitolium</strong></span> <span class='ocrx_word' id='word_1_90' title='bbox 1000 1221 1196 1276; x_wconf 74' lang='lat' dir='ltr'><strong>Romae</strong></span> <span class='ocrx_word' id='word_1_91' title='bbox 1228 1223 1285 1276; x_wconf 90' lang='lat' dir='ltr'><strong>et</strong></span> <span class='ocrx_word' id='word_1_92' title='bbox 1317 1219 1668 1276; x_wconf 87' lang='lat' dir='ltr'><strong>bibliotheca</strong></span> <span class='ocrx_word' id='word_1_93' title='bbox 1689 1217 1933 1275; x_wconf 83' lang='lat' dir='ltr'><strong>fulmine</strong></span> <span class='ocrx_word' id='word_1_94' title='bbox 1953 1237 2071 1276; x_wconf 86' lang='lat' dir='ltr'><strong>cre-</strong></span> <span class='ocrx_word' id='word_1_95' title='bbox 2178 1225 2336 1276; x_wconf 88' lang='lat' dir='ltr'><strong>sunt.</strong></span> <span class='ocrx_word' id='word_1_96' title='bbox 2371 1223 2496 1276; x_wconf 87' lang='lat' dir='ltr'><strong>Eus.</strong></span> <span class='ocrx_word' id='word_1_97' title='bbox 2530 1221 2584 1276; x_wconf 84' lang='lat' dir='ltr'><strong>h.</strong></span> <span class='ocrx_word' id='word_1_98' title='bbox 2617 1239 2700 1277; x_wconf 54' lang='lat' dir='ltr'><strong>an</strong></span> 
     </span>
    </p>
   </div>
   <div class='ocr_carea' id='block_1_11' title="bbox 418 1309 3828 1383">
    <p class='ocr_par' dir='ltr' id='par_1_11' title="bbox 418 1309 3828 1383">
     <span class='ocr_line' id='line_1_11' title="bbox 418 1309 3828 1383; baseline -0.002 -15"><span class='ocrx_word' id='word_1_99' title='bbox 418 1317 678 1368; x_wconf 89' lang='lat' dir='ltr'><strong>mantur.</strong></span> <span class='ocrx_word' id='word_1_100' title='bbox 709 1313 838 1366; x_wconf 85' lang='lat' dir='ltr'><strong>Eus.</strong></span> <span class='ocrx_word' id='word_1_101' title='bbox 871 1327 924 1364; x_wconf 82' lang='grc' dir='ltr'><strong>(ι.</strong></span> <span class='ocrx_word' id='word_1_102' title='bbox 957 1309 1082 1364; x_wconf 88' lang='grc'>489.</span> <span class='ocrx_word' id='word_1_103' title='bbox 2249 1311 2354 1364; x_wconf 92' lang='grc'>202</span> <span class='ocrx_word' id='word_1_104' title='bbox 2385 1310 2749 1382; x_wconf 88' lang='lat' dir='ltr'><strong>Zephyrinus</strong></span> <span class='ocrx_word' id='word_1_105' title='bbox 2788 1327 2939 1383; x_wconf 91' lang='lat' dir='ltr'><strong>papa</strong></span> <span class='ocrx_word' id='word_1_106' title='bbox 2968 1310 3090 1364; x_wconf 86' lang='lat' dir='ltr'><strong>XIV</strong></span> <span class='ocrx_word' id='word_1_107' title='bbox 3120 1309 3270 1365; x_wconf 87' lang='lat' dir='ltr'><strong>sedit</strong></span> <span class='ocrx_word' id='word_1_108' title='bbox 3298 1309 3471 1366; x_wconf 88' lang='lat' dir='ltr'><strong>annis</strong></span> <span class='ocrx_word' id='word_1_109' title='bbox 3501 1326 3662 1366; x_wconf 80' lang='lat' dir='ltr'><strong>xvm.</strong></span> <span class='ocrx_word' id='word_1_110' title='bbox 3693 1311 3828 1364; x_wconf 85' lang='lat' dir='ltr'><strong>Eus.</strong></span> 
     </span>
    </p>
   </div>
   <div class='ocr_carea' id='block_1_12' title="bbox 492 1396 2318 1469">
    <p class='ocr_par' dir='ltr' id='par_1_12' title="bbox 492 1396 2318 1469">
     <span class='ocr_line' id='line_1_12' title="bbox 492 1396 2318 1469; baseline -0.003 -12"><span class='ocrx_word' id='word_1_111' title='bbox 492 1402 596 1458; x_wconf 83' lang='lat'><strong>189</strong></span> <span class='ocrx_word' id='word_1_112' title='bbox 626 1399 987 1455; x_wconf 61' lang='lat' dir='ltr'><strong>Alexandriae</strong></span> <span class='ocrx_word' id='word_1_113' title='bbox 1021 1397 1350 1454; x_wconf 90' lang='lat' dir='ltr'><strong>Demetrius</strong></span> <span class='ocrx_word' id='word_1_114' title='bbox 1379 1396 1687 1469; x_wconf 86' lang='lat' dir='ltr'><strong>episcopus</strong></span> <span class='ocrx_word' id='word_1_115' title='bbox 1716 1397 1868 1453; x_wconf 85' lang='lat' dir='ltr'><strong>sedit</strong></span> <span class='ocrx_word' id='word_1_116' title='bbox 1897 1396 2068 1452; x_wconf 90' lang='lat' dir='ltr'><strong>annis</strong></span> <span class='ocrx_word' id='word_1_117' title='bbox 2176 1399 2231 1453; x_wconf 91' lang='lat' dir='ltr'><strong>h.</strong></span> <span class='ocrx_word' id='word_1_118' title='bbox 2265 1416 2318 1452; x_wconf 89' lang='lat' dir='ltr'><strong>a.</strong></span> 
     </span>
    </p>
   </div>
   <div class='ocr_carea' id='block_1_13' title="bbox 418 1484 3827 1560">
    <p class='ocr_par' dir='ltr' id='par_1_13' title="bbox 418 1484 3827 1560">
     <span class='ocr_line' id='line_1_13' title="bbox 418 1484 3827 1560; baseline -0.001 -15"><span class='ocrx_word' id='word_1_119' title='bbox 418 1508 578 1546; x_wconf 79' lang='lat' dir='ltr'><strong>mu.</strong></span> <span class='ocrx_word' id='word_1_120' title='bbox 612 1491 738 1544; x_wconf 86' lang='lat' dir='ltr'><strong>Eus.</strong></span> <span class='ocrx_word' id='word_1_121' title='bbox 773 1506 825 1544; x_wconf 87' lang='lat' dir='ltr'><strong>a.</strong></span> <span class='ocrx_word' id='word_1_122' title='bbox 859 1505 967 1560; x_wconf 89' lang='lat' dir='ltr'><strong>seq.</strong></span> <span class='ocrx_word' id='word_1_123' title='bbox 1000 1519 1068 1527; x_wconf 89' lang='lat'><strong>—</strong></span> <span class='ocrx_word' id='word_1_124' title='bbox 1115 1486 1476 1542; x_wconf 89' lang='lat' dir='ltr'><strong>Commodus</strong></span> <span class='ocrx_word' id='word_1_125' title='bbox 1507 1484 1718 1543; x_wconf 90' lang='lat' dir='ltr'><strong>colossi</strong></span> <span class='ocrx_word' id='word_1_126' title='bbox 1751 1485 1937 1558; x_wconf 85' lang='lat' dir='ltr'><strong>capite</strong></span> <span class='ocrx_word' id='word_1_127' title='bbox 1967 1502 2064 1540; x_wconf 90' lang='lat' dir='ltr'><strong>su-</strong></span> <span class='ocrx_word' id='word_1_128' title='bbox 2245 1489 2350 1542; x_wconf 92' lang='lat'><strong>203</strong></span> <span class='ocrx_word' id='word_1_129' title='bbox 2375 1491 2620 1544; x_wconf 86' lang='lat' dir='ltr'><strong>Severus</strong></span> <span class='ocrx_word' id='word_1_130' title='bbox 2642 1488 2847 1560; x_wconf 89' lang='lat' dir='ltr'><strong>quinta</strong></span> <span class='ocrx_word' id='word_1_131' title='bbox 2867 1487 3268 1560; x_wconf 87' lang='lat' dir='ltr'><strong>persecutione</strong></span> <span class='ocrx_word' id='word_1_132' title='bbox 3290 1486 3577 1560; x_wconf 90' lang='lat' dir='ltr'><strong>plurimos</strong></span> <span class='ocrx_word' id='word_1_133' title='bbox 3594 1492 3827 1542; x_wconf 78' lang='lat' dir='ltr'><strong>sancto-</strong></span> 
     </span>
    </p>
   </div>
   <div class='ocr_carea' id='block_1_14' title="bbox 417 1573 3828 1649">
    <p class='ocr_par' dir='ltr' id='par_1_14' title="bbox 417 1573 3828 1649">
     <span class='ocr_line' id='line_1_14' title="bbox 417 1573 3828 1649; baseline -0.001 -15"><span class='ocrx_word' id='word_1_134' title='bbox 417 1579 577 1635; x_wconf 89' lang='lat' dir='ltr'><strong>blato</strong></span> <span class='ocrx_word' id='word_1_135' title='bbox 609 1595 727 1634; x_wconf 67' lang='lat' dir='ltr'><strong>suae</strong></span> <span class='ocrx_word' id='word_1_136' title='bbox 749 1577 1027 1649; x_wconf 82' lang='lat' dir='ltr'><strong>imaginis</strong></span> <span class='ocrx_word' id='word_1_137' title='bbox 1047 1580 1220 1647; x_wconf 89' lang='lat' dir='ltr'><strong>caput</strong></span> <span class='ocrx_word' id='word_1_138' title='bbox 1233 1576 1415 1646; x_wconf 90' lang='lat' dir='ltr'><strong>jussit</strong></span> <span class='ocrx_word' id='word_1_139' title='bbox 1443 1573 1684 1647; x_wconf 91' lang='lat' dir='ltr'><strong>imponi.</strong></span> <span class='ocrx_word' id='word_1_140' title='bbox 1705 1579 1838 1630; x_wconf 86' lang='lat' dir='ltr'><strong>Eus.</strong></span> <span class='ocrx_word' id='word_1_141' title='bbox 1867 1592 1918 1629; x_wconf 91' lang='lat' dir='ltr'><strong>a.</strong></span> <span class='ocrx_word' id='word_1_142' title='bbox 1939 1574 2063 1630; x_wconf 89' lang='lat'><strong>490.</strong></span> <span class='ocrx_word' id='word_1_143' title='bbox 2175 1593 2305 1630; x_wconf 89' lang='lat' dir='ltr'><strong>rum</strong></span> <span class='ocrx_word' id='word_1_144' title='bbox 2339 1577 2657 1640; x_wconf 88' lang='lat' dir='ltr'><strong>coronavit,</strong></span> <span class='ocrx_word' id='word_1_145' title='bbox 2686 1576 2836 1633; x_wconf 87' lang='lat' dir='ltr'><strong>inter</strong></span> <span class='ocrx_word' id='word_1_146' title='bbox 2867 1593 3016 1648; x_wconf 88' lang='lat' dir='ltr'><strong>quos</strong></span> <span class='ocrx_word' id='word_1_147' title='bbox 3047 1581 3214 1648; x_wconf 87' lang='lat' dir='ltr'><strong>pater</strong></span> <span class='ocrx_word' id='word_1_148' title='bbox 3241 1575 3507 1648; x_wconf 88' lang='lat' dir='ltr'><strong>Origenis</strong></span> <span class='ocrx_word' id='word_1_149' title='bbox 3538 1573 3828 1631; x_wconf 80' lang='lat' dir='ltr'><strong>Leonides</strong></span> 
     </span>
    </p>
   </div>
   <div class='ocr_carea' id='block_1_15' title="bbox 497 1664 2087 1752">
    <p class='ocr_par' dir='ltr' id='par_1_15' title="bbox 497 1680 2062 1742">
     <span class='ocr_line' id='line_1_15' title="bbox 497 1680 2062 1742; baseline -0.003 -2"><span class='ocrx_word' id='word_1_150' title='bbox 497 1686 594 1742; x_wconf 83' lang='lat'><strong>190</strong></span> <span class='ocrx_word' id='word_1_151' title='bbox 623 1685 978 1742; x_wconf 89' lang='lat' dir='ltr'><strong>Commodus</strong></span> <span class='ocrx_word' id='word_1_152' title='bbox 1009 1681 1228 1736; x_wconf 91' lang='lat' dir='ltr'><strong>multos</strong></span> <span class='ocrx_word' id='word_1_153' title='bbox 1258 1681 1541 1736; x_wconf 90' lang='lat' dir='ltr'><strong>nobilium</strong></span> <span class='ocrx_word' id='word_1_154' title='bbox 1595 1680 1902 1736; x_wconf 85' lang='lat' dir='ltr'><strong>interfecit.</strong></span> <span class='ocrx_word' id='word_1_155' title='bbox 1936 1681 2062 1735; x_wconf 86' lang='lat' dir='ltr'><strong>Eus.</strong></span> 
     </span>
    </p>
   </div>
   <div class='ocr_carea' id='block_1_16' title="bbox 1908 1664 3498 1752">
    <p class='ocr_par' dir='ltr' id='par_1_16' title="bbox 1936 1664 3498 1752">
     <span class='ocr_line' id='line_1_16' title="bbox 1936 1664 3498 1752; baseline -0.003 -29"><span class='ocrx_word' id='word_1_156' title='bbox 1936 1681 2062 1735; x_wconf 50' lang='lat' dir='ltr'><strong>Em,</strong></span> <span class='ocrx_word' id='word_1_157' title='bbox 2175 1681 2312 1752; x_wconf 22' lang='lat' dir='ltr'><strong>cum.</strong></span> <span class='ocrx_word' id='word_1_158' title='bbox 2342 1664 2544 1720; x_wconf 89' lang='lat' dir='ltr'><strong>multis</strong></span> <span class='ocrx_word' id='word_1_159' title='bbox 2570 1665 2704 1721; x_wconf 89' lang='lat' dir='ltr'><strong>aliis</strong></span> <span class='ocrx_word' id='word_1_160' title='bbox 2736 1665 3161 1738; x_wconf 89' lang='lat' dir='ltr'><strong>martyrizatur.</strong></span> <span class='ocrx_word' id='word_1_161' title='bbox 3194 1667 3322 1720; x_wconf 87' lang='lat' dir='ltr'><strong>Eus.</strong></span> <span class='ocrx_word' id='word_1_162' title='bbox 3357 1665 3412 1720; x_wconf 87' lang='lat' dir='ltr'><strong>h.</strong></span> <span class='ocrx_word' id='word_1_163' title='bbox 3444 1681 3498 1719; x_wconf 89' lang='lat' dir='ltr'><strong>a.</strong></span> 
     </span>
    </p>
   </div>
   <div class='ocr_carea' id='block_1_17' title="bbox 416 1752 3828 1844">
    <p class='ocr_par' dir='ltr' id='par_1_17' title="bbox 416 1752 3828 1844">
     <span class='ocr_line' id='line_1_17' title="bbox 416 1752 3828 1844; baseline -0.002 -13"><span class='ocrx_word' id='word_1_164' title='bbox 416 1793 472 1832; x_wconf 88' lang='lat' dir='ltr'><strong>a.</strong></span> <span class='ocrx_word' id='word_1_165' title='bbox 507 1773 630 1831; x_wconf 88' lang='lat'><strong>194.</strong></span> <span class='ocrx_word' id='word_1_166' title='bbox 663 1805 732 1814; x_wconf 89' lang='lat'><strong>—</strong></span> <span class='ocrx_word' id='word_1_167' title='bbox 761 1771 994 1844; x_wconf 84' lang='lat' dir='ltr'><strong>Serapio</strong></span> <span class='ocrx_word' id='word_1_168' title='bbox 1020 1771 1143 1825; x_wconf 86' lang='lat' dir='ltr'><strong>VIII</strong></span> <span class='ocrx_word' id='word_1_169' title='bbox 1161 1769 1480 1825; x_wconf 74' lang='lat' dir='ltr'><strong>Antiochiae</strong></span> <span class='ocrx_word' id='word_1_170' title='bbox 1502 1769 1812 1842; x_wconf 91' lang='lat' dir='ltr'><strong>episcopus</strong></span> <span class='ocrx_word' id='word_1_171' title='bbox 1831 1769 2064 1825; x_wconf 88' lang='lat' dir='ltr'><strong>ordina-</strong></span> <span class='ocrx_word' id='word_1_172' title='bbox 2192 1842 2201 1844; x_wconf 77' lang='lat'><strong><em>_</em></strong></span> <span class='ocrx_word' id='word_1_173' title='bbox 2241 1755 2350 1808; x_wconf 77' lang='lat'><strong>205</strong></span> <span class='ocrx_word' id='word_1_174' title='bbox 2379 1755 2662 1826; x_wconf 57' lang='lat' dir='ltr'><strong>Perpetua</strong></span> <span class='ocrx_word' id='word_1_175' title='bbox 2687 1753 3036 1844; x_wconf 39' lang='lat' dir='ltr'><strong>“rallam?</strong></span> <span class='ocrx_word' id='word_1_176' title='bbox 3063 1754 3168 1808; x_wconf 66' lang='lat' dir='ltr'><strong>hac</strong></span> <span class='ocrx_word' id='word_1_177' title='bbox 3193 1753 3595 1826; x_wconf 64' lang='grc' dir='ltr'><strong>Ρθνθθουίίοοθ</strong></span> <span class='ocrx_word' id='word_1_178' title='bbox 3616 1752 3828 1810; x_wconf 46' lang='lat' dir='ltr'><strong>beati.“</strong></span> 
     </span>
    </p>
   </div>
   <div class='ocr_carea' id='block_1_18' title="bbox 419 1842 3177 1928">
    <p class='ocr_par' dir='ltr' id='par_1_18' title="bbox 419 1842 3177 1928">
     <span class='ocr_line' id='line_1_18' title="bbox 419 1842 3177 1928; baseline -0.009 -7"><span class='ocrx_word' id='word_1_179' title='bbox 419 1869 532 1921; x_wconf 89' lang='lat' dir='ltr'><strong>tur.</strong></span> <span class='ocrx_word' id='word_1_180' title='bbox 566 1865 695 1919; x_wconf 84' lang='lat' dir='ltr'><strong>Eus.</strong></span> <span class='ocrx_word' id='word_1_181' title='bbox 729 1862 782 1917; x_wconf 86' lang='lat' dir='ltr'><strong>h.</strong></span> <span class='ocrx_word' id='word_1_182' title='bbox 816 1879 867 1917; x_wconf 87' lang='lat' dir='ltr'><strong>a.</strong></span> <span class='ocrx_word' id='word_1_183' title='bbox 893 1842 918 1928; x_wconf 62' lang='grc' dir='ltr'><em>ξ</em></span> <span class='ocrx_word' id='word_1_184' title='bbox 941 1861 1015 1914; x_wconf 88' lang='lat' dir='ltr'><strong>al.</strong></span> <span class='ocrx_word' id='word_1_185' title='bbox 1053 1876 1105 1914; x_wconf 89' lang='lat' dir='ltr'><strong>a.</strong></span> <span class='ocrx_word' id='word_1_186' title='bbox 1142 1859 1264 1914; x_wconf 88' lang='lat'><strong>499.</strong></span> <span class='ocrx_word' id='word_1_187' title='bbox 2173 1842 2531 1913; x_wconf 87' lang='lat' dir='ltr'><strong>deputantur</strong></span> <span class='ocrx_word' id='word_1_188' title='bbox 2559 1843 2713 1914; x_wconf 90' lang='lat' dir='ltr'><strong>apud</strong></span> <span class='ocrx_word' id='word_1_189' title='bbox 2744 1842 3177 1914; x_wconf 86' lang='lat' dir='ltr'><strong>Carthaginem.</strong></span> 
     </span>
    </p>
   </div>
   <div class='ocr_carea' id='block_1_19' title="bbox 489 1930 2079 2036">
    <p class='ocr_par' dir='ltr' id='par_1_19' title="bbox 489 1964 2066 2036">
     <span class='ocr_line' id='line_1_19' title="bbox 489 1964 2066 2036; baseline -0.006 -9"><span class='ocrx_word' id='word_1_190' title='bbox 489 1972 583 2027; x_wconf 92' lang='lat' dir='ltr'><strong>49l</strong></span> <span class='ocrx_word' id='word_1_191' title='bbox 623 1967 856 2036; x_wconf 89' lang='lat' dir='ltr'><strong>Qucstio</strong></span> <span class='ocrx_word' id='word_1_192' title='bbox 887 1967 958 2021; x_wconf 90' lang='lat' dir='ltr'><strong>dc</strong></span> <span class='ocrx_word' id='word_1_193' title='bbox 989 1965 1210 2020; x_wconf 86' lang='lat' dir='ltr'><strong>Pascha</strong></span> <span class='ocrx_word' id='word_1_194' title='bbox 1240 1964 1448 2032; x_wconf 90' lang='lat' dir='ltr'><strong>oritur,</strong></span> <span class='ocrx_word' id='word_1_195' title='bbox 1483 1968 1539 2020; x_wconf 91' lang='lat' dir='ltr'><strong>et</strong></span> <span class='ocrx_word' id='word_1_196' title='bbox 1562 1965 1620 2019; x_wconf 92' lang='lat' dir='ltr'><strong>in</strong></span> <span class='ocrx_word' id='word_1_197' title='bbox 1652 1964 1952 2019; x_wconf 89' lang='lat' dir='ltr'><strong>Dominica</strong></span> <span class='ocrx_word' id='word_1_198' title='bbox 1974 1964 2066 2019; x_wconf 90' lang='lat' dir='ltr'><strong>die</strong></span> 
     </span>
    </p>
   </div>
   <div class='ocr_carea' id='block_1_20' title="bbox 2235 1930 3825 2036">
    <p class='ocr_par' dir='ltr' id='par_1_20' title="bbox 2243 1930 3825 2004">
     <span class='ocr_line' id='line_1_20' title="bbox 2243 1930 3825 2004; baseline 0.001 -19"><span class='ocrx_word' id='word_1_199' title='bbox 2243 1933 2350 1986; x_wconf 83' lang='lat'><strong>206</strong></span> <span class='ocrx_word' id='word_1_200' title='bbox 2365 1931 2757 2004; x_wconf 83' lang='lat' dir='ltr'><strong>Symmachus</strong></span> <span class='ocrx_word' id='word_1_201' title='bbox 2779 1935 2836 1986; x_wconf 90' lang='lat' dir='ltr'><strong>et</strong></span> <span class='ocrx_word' id='word_1_202' title='bbox 2857 1930 3216 1987; x_wconf 91' lang='lat' dir='ltr'><strong>Theodotion</strong></span> <span class='ocrx_word' id='word_1_203' title='bbox 3237 1930 3582 2002; x_wconf 81' lang='lat' dir='ltr'><strong>interpretes</strong></span> <span class='ocrx_word' id='word_1_204' title='bbox 3603 1931 3825 1988; x_wconf 88' lang='lat' dir='ltr'><strong>haben-</strong></span> 
     </span>
    </p>
   </div>
   <div class='ocr_carea' id='block_1_21' title="bbox 418 2020 2008 2129">
    <p class='ocr_par' dir='ltr' id='par_1_21' title="bbox 418 2020 1524 2129">
     <span class='ocr_line' id='line_1_21' title="bbox 418 2020 1524 2129; baseline -0.008 -12"><span class='ocrx_word' id='word_1_205' title='bbox 418 2020 979 2129; x_wconf 34' lang='lat' dir='ltr'><strong>cel-cvb-ra‘ri—ju‘betur.</strong></span> <span class='ocrx_word' id='word_1_206' title='bbox 1015 2057 1140 2108; x_wconf 84' lang='lat' dir='ltr'><strong>Eus.</strong></span> <span class='ocrx_word' id='word_1_207' title='bbox 1171 2071 1222 2108; x_wconf 90' lang='lat' dir='ltr'><strong>a.</strong></span> <span class='ocrx_word' id='word_1_208' title='bbox 1257 2055 1358 2108; x_wconf 84' lang='lat'><strong>197</strong></span> <span class='ocrx_word' id='word_1_209' title='bbox 1391 2020 1524 2125; x_wconf 74' lang='grc'>(30).</span> 
     </span>
    </p>
   </div>
   <div class='ocr_carea' id='block_1_22' title="bbox 1215 2020 2805 2129">
    <p class='ocr_par' dir='ltr' id='par_1_22' title="bbox 1215 2020 2805 2129">
     <span class='ocr_line' id='line_1_22' title="bbox 1215 2020 2805 2129; baseline -0.013 -34"><span class='ocrx_word' id='word_1_210' title='bbox 1215 2098 1222 2108; x_wconf 87' lang='lat'><strong>_</strong></span> <span class='ocrx_word' id='word_1_211' title='bbox 1257 2055 1358 2108; x_wconf 67' lang='lat'><strong>197</strong></span> <span class='ocrx_word' id='word_1_212' title='bbox 1391 2020 1524 2125; x_wconf 44' lang='lat'><strong>(3&#39;0).</strong></span> <span class='ocrx_word' id='word_1_213' title='bbox 2099 2020 2140 2032; x_wconf 79' lang='grc'><strong><em>“’</em></strong></span> <span class='ocrx_word' id='word_1_214' title='bbox 2169 2020 2805 2129; x_wconf 42' lang='lat' dir='ltr'><strong>tuihisntf‘mporibus.</strong></span> 
     </span>
    </p>
   </div>
   <div class='ocr_carea' id='block_1_23' title="bbox 1185 2108 3822 2181">
    <p class='ocr_par' dir='ltr' id='par_1_23' title="bbox 1185 2108 3822 2181">
     <span class='ocr_line' id='line_1_23' title="bbox 1185 2108 3822 2181; baseline -0.001 -16"><span class='ocrx_word' id='word_1_215' title='bbox 1185 2160 1227 2181; x_wconf 24' lang='grc' dir='ltr'><strong>ε*</strong></span> <span class='ocrx_word' id='word_1_216' title='bbox 1250 2161 1297 2181; x_wconf 58' lang='lat'><strong>,_</strong></span> <span class='ocrx_word' id='word_1_217' title='bbox 1318 2177 1336 2181; x_wconf 35' lang='lat' dir='ltr'><strong><em>A</em></strong></span> <span class='ocrx_word' id='word_1_218' title='bbox 1353 2108 1432 2181; x_wconf 70' lang='lat'><strong>_‘_</strong></span> <span class='ocrx_word' id='word_1_219' title='bbox 1448 2108 1534 2181; x_wconf 40' lang='grc' dir='ltr'><strong>ζ,</strong></span> <span class='ocrx_word' id='word_1_220' title='bbox 1553 2161 1654 2181; x_wconf 49' lang='lat' dir='ltr'>J___</span> <span class='ocrx_word' id='word_1_221' title='bbox 1687 2159 1739 2181; x_wconf 62' lang='lat'><strong>,_</strong></span> <span class='ocrx_word' id='word_1_222' title='bbox 1774 2161 1798 2181; x_wconf 44' lang='grc' dir='ltr'><strong><em>λ</em></strong></span> <span class='ocrx_word' id='word_1_223' title='bbox 1815 2176 1895 2181; x_wconf 28' lang='grc' dir='ltr'><strong>ΑΔ</strong></span> <span class='ocrx_word' id='word_1_224' title='bbox 1913 2175 1934 2181; x_wconf 78' lang='lat'><strong>_</strong></span> <span class='ocrx_word' id='word_1_225' title='bbox 1959 2158 2038 2181; x_wconf 42' lang='grc' dir='ltr'><strong>υ,</strong></span> <span class='ocrx_word' id='word_1_226' title='bbox 2241 2111 2342 2164; x_wconf 73' lang='grc'>16</span> <span class='ocrx_word' id='word_1_227' title='bbox 2359 2111 2462 2162; x_wconf 89' lang='grc'>207</span> <span class='ocrx_word' id='word_1_228' title='bbox 2476 2109 2720 2164; x_wconf 89' lang='lat' dir='ltr'><strong>Severus</strong></span> <span class='ocrx_word' id='word_1_229' title='bbox 2740 2108 2956 2164; x_wconf 88' lang='lat' dir='ltr'><strong>vallum</strong></span> <span class='ocrx_word' id='word_1_230' title='bbox 2976 2109 3130 2180; x_wconf 90' lang='lat' dir='ltr'><strong>apud</strong></span> <span class='ocrx_word' id='word_1_231' title='bbox 3157 2108 3463 2165; x_wconf 89' lang='lat' dir='ltr'><strong>Britannos</strong></span> <span class='ocrx_word' id='word_1_232' title='bbox 3485 2125 3589 2181; x_wconf 90' lang='lat' dir='ltr'><strong>per</strong></span> <span class='ocrx_word' id='word_1_233' title='bbox 3624 2125 3822 2163; x_wconf 81' lang='lat' dir='ltr'><strong>cxxxu</strong></span> 
     </span>
    </p>
   </div>
   <div class='ocr_carea' id='block_1_24' title="bbox 488 2158 3822 2268">
    <p class='ocr_par' dir='ltr' id='par_1_24' title="bbox 488 2158 3822 2268">
     <span class='ocr_line' id='line_1_24' title="bbox 488 2158 3822 2268; baseline 0.007 -35"><span class='ocrx_word' id='word_1_234' title='bbox 488 2166 591 2268; x_wconf 60' lang='lat'><strong>{92</strong></span> <span class='ocrx_word' id='word_1_235' title='bbox 615 2163 974 2268; x_wconf 54' lang='lat' dir='ltr'><strong>pommgqus</strong></span> <span class='ocrx_word' id='word_1_236' title='bbox 1003 2160 1230 2268; x_wconf 65' lang='lat' dir='ltr'><strong>cgnctis</strong></span> <span class='ocrx_word' id='word_1_237' title='bbox 1250 2158 2063 2268; x_wconf 31' lang='lat' dir='ltr'><strong>ilnffrerf‘f’ﬂué_i°‘9_‘f?33_‘f?&#39;</strong></span> <span class='ocrx_word' id='word_1_238' title='bbox 2171 2158 2956 2268; x_wconf 4' lang='lat' dir='ltr'><strong>miliiav&#39;sséhﬁislgﬁi‘</strong></span> <span class='ocrx_word' id='word_1_239' title='bbox 2978 2158 3598 2254; x_wconf 59' lang='grc' dir='ltr'><strong>Ῑιῖιίιεῖιίζὲἆιῖζὲιὶἑ.</strong></span> <span class='ocrx_word' id='word_1_240' title='bbox 3629 2158 3822 2266; x_wconf 46' lang='lat' dir='ltr'><strong>II}</strong></span> 
     </span>
    </p>
   </div>
   <div class='ocr_carea' id='block_1_25' title="bbox 417 2246 2594 2358">
    <p class='ocr_par' dir='ltr' id='par_1_25' title="bbox 417 2246 2594 2358">
     <span class='ocr_line' id='line_1_25' title="bbox 417 2246 2594 2358; baseline -0.001 -47"><span class='ocrx_word' id='word_1_241' title='bbox 417 2254 548 2312; x_wconf 88' lang='lat' dir='ltr'><strong>stali</strong></span> <span class='ocrx_word' id='word_1_242' title='bbox 581 2251 1002 2325; x_wconf 86' lang='lat' dir='ltr'><strong>strangulatur.</strong></span> <span class='ocrx_word' id='word_1_243' title='bbox 1026 2251 1154 2304; x_wconf 84' lang='lat' dir='ltr'><strong>Eus.</strong></span> <span class='ocrx_word' id='word_1_244' title='bbox 1179 2268 1234 2304; x_wconf 90' lang='lat' dir='ltr'><strong>a.</strong></span> <span class='ocrx_word' id='word_1_245' title='bbox 1261 2250 1362 2302; x_wconf 88' lang='grc'>193</span> <span class='ocrx_word' id='word_1_246' title='bbox 1387 2267 1401 2316; x_wconf 88' lang='grc'>;</span> <span class='ocrx_word' id='word_1_247' title='bbox 1425 2247 1516 2304; x_wconf 85' lang='lat' dir='ltr'><strong>sed</strong></span> <span class='ocrx_word' id='word_1_248' title='bbox 1537 2249 1710 2318; x_wconf 86' lang='lat' dir='ltr'><strong>legit:</strong></span> <span class='ocrx_word' id='word_1_249' title='bbox 1741 2246 2058 2305; x_wconf 86' lang='lat' dir='ltr'><strong>Vestiliani.</strong></span> 
     </span>
    </p>
   </div>
   <div class='ocr_carea' id='block_1_26' title="bbox 488 2353 3820 2446">
    <p class='ocr_par' dir='ltr' id='par_1_26' title="bbox 488 2353 3820 2446">
     <span class='ocr_line' id='line_1_26' title="bbox 488 2353 3820 2446; baseline 0.001 -19"><span class='ocrx_word' id='word_1_250' title='bbox 488 2362 591 2418; x_wconf 75' lang='grc'>193</span> <span class='ocrx_word' id='word_1_251' title='bbox 648 2361 918 2416; x_wconf 61' lang='lat' dir='ltr'><strong>Pertimui</strong></span> <span class='ocrx_word' id='word_1_252' title='bbox 966 2357 1156 2446; x_wconf 52' lang='grc' dir='ltr'><strong>ωπον</strong></span> <span class='ocrx_word' id='word_1_253' title='bbox 1207 2353 1654 2446; x_wconf 57' lang='grc' dir='ltr'><strong>εθριυαεξοαιπξο</strong></span> <span class='ocrx_word' id='word_1_254' title='bbox 1698 2358 2062 2446; x_wconf 18' lang='grc' dir='ltr'><strong>θκῌεθηαίυε</strong></span> <span class='ocrx_word' id='word_1_255' title='bbox 2205 2353 2344 2430; x_wconf 66' lang='grc'><strong>⁷208</strong></span> <span class='ocrx_word' id='word_1_256' title='bbox 2387 2373 2783 2430; x_wconf 88' lang='lat' dir='ltr'><strong>Tertullianus</strong></span> <span class='ocrx_word' id='word_1_257' title='bbox 2811 2375 3353 2446; x_wconf 81' lang='lat' dir='ltr'><strong>Afer_clarissimus</strong></span> <span class='ocrx_word' id='word_1_258' title='bbox 3385 2375 3654 2431; x_wconf 89' lang='lat' dir='ltr'><strong>habetur.</strong></span> <span class='ocrx_word' id='word_1_259' title='bbox 3690 2375 3820 2430; x_wconf 85' lang='lat' dir='ltr'><strong>Eus.</strong></span> 
     </span>
    </p>
   </div>
   <div class='ocr_carea' id='block_1_27' title="bbox 419 2442 2312 2518">
    <p class='ocr_par' dir='ltr' id='par_1_27' title="bbox 419 2442 2312 2518">
     <span class='ocr_line' id='line_1_27' title="bbox 419 2442 2312 2518; baseline -0.006 -12"><span class='ocrx_word' id='word_1_260' title='bbox 419 2448 684 2506; x_wconf 90' lang='lat' dir='ltr'><strong>consulto</strong></span> <span class='ocrx_word' id='word_1_261' title='bbox 708 2449 916 2518; x_wconf 90' lang='lat' dir='ltr'><strong>jussus</strong></span> <span class='ocrx_word' id='word_1_262' title='bbox 963 2453 1053 2500; x_wconf 88' lang='lat' dir='ltr'><strong>est</strong></span> <span class='ocrx_word' id='word_1_263' title='bbox 1084 2445 1392 2515; x_wconf 89' lang='lat' dir='ltr'><strong>imperare.</strong></span> <span class='ocrx_word' id='word_1_264' title='bbox 1437 2444 1560 2498; x_wconf 86' lang='lat' dir='ltr'><strong>Eus.</strong></span> <span class='ocrx_word' id='word_1_265' title='bbox 1596 2442 1650 2496; x_wconf 86' lang='lat' dir='ltr'><strong>h.</strong></span> <span class='ocrx_word' id='word_1_266' title='bbox 1682 2459 1735 2497; x_wconf 93' lang='lat' dir='ltr'><strong>a.</strong></span> <span class='ocrx_word' id='word_1_267' title='bbox 1770 2442 1855 2513; x_wconf 89' lang='lat' dir='ltr'><strong>(In</strong></span> <span class='ocrx_word' id='word_1_268' title='bbox 1881 2459 2058 2511; x_wconf 87' lang='lat' dir='ltr'><strong>marg.</strong></span> <span class='ocrx_word' id='word_1_269' title='bbox 2171 2463 2225 2518; x_wconf 36' lang='lat' dir='ltr'><strong><em>ho</em></strong></span> <span class='ocrx_word' id='word_1_270' title='bbox 2258 2481 2312 2518; x_wconf 48' lang='grc' dir='ltr'><em>α,</em></span> 
     </span>
    </p>
   </div>
   <div class='ocr_carea' id='block_1_28' title="bbox 420 2530 2010 2625">
    <p class='ocr_par' dir='ltr' id='par_1_28' title="bbox 420 2531 2010 2604">
     <span class='ocr_line' id='line_1_28' title="bbox 420 2531 2010 2604; baseline -0.006 -11"><span class='ocrx_word' id='word_1_271' title='bbox 420 2538 710 2593; x_wconf 80' lang='lat' dir='ltr'><strong>Pertinax.</strong></span> <span class='ocrx_word' id='word_1_272' title='bbox 743 2535 888 2604; x_wconf 83' lang='lat' dir='ltr'><strong>XVI,</strong></span> <span class='ocrx_word' id='word_1_273' title='bbox 940 2550 1126 2588; x_wconf 89' lang='lat' dir='ltr'><strong>mens.</strong></span> <span class='ocrx_word' id='word_1_274' title='bbox 1159 2535 1284 2600; x_wconf 84' lang='lat' dir='ltr'><strong>vn.)</strong></span> <span class='ocrx_word' id='word_1_275' title='bbox 1334 2531 1533 2586; x_wconf 88' lang='lat' dir='ltr'><strong>Victor</strong></span> <span class='ocrx_word' id='word_1_276' title='bbox 1580 2531 1700 2586; x_wconf 84' lang='lat' dir='ltr'><strong>XIII</strong></span> <span class='ocrx_word' id='word_1_277' title='bbox 1735 2547 1885 2603; x_wconf 88' lang='lat' dir='ltr'><strong>papa</strong></span> <span class='ocrx_word' id='word_1_278' title='bbox 1913 2531 2010 2585; x_wconf 89' lang='lat' dir='ltr'><strong>sed</strong></span> 
     </span>
    </p>
   </div>
   <div class='ocr_carea' id='block_1_29' title="bbox 2230 2530 3820 2625">
    <p class='ocr_par' dir='ltr' id='par_1_29' title="bbox 2238 2552 3820 2625">
     <span class='ocr_line' id='line_1_29' title="bbox 2238 2552 3820 2625; baseline 0.003 -19"><span class='ocrx_word' id='word_1_279' title='bbox 2238 2556 2344 2608; x_wconf 89' lang='lat'><strong>209</strong></span> <span class='ocrx_word' id='word_1_280' title='bbox 2370 2553 2648 2625; x_wconf 85' lang='lat' dir='ltr'><strong>Origenes</strong></span> <span class='ocrx_word' id='word_1_281' title='bbox 2698 2553 3057 2608; x_wconf 63' lang='lat' dir='ltr'><strong>Alexandriae</strong></span> <span class='ocrx_word' id='word_1_282' title='bbox 3105 2552 3327 2609; x_wconf 88' lang='lat' dir='ltr'><strong>studiis</strong></span> <span class='ocrx_word' id='word_1_283' title='bbox 3357 2553 3643 2609; x_wconf 86' lang='lat' dir='ltr'><strong>eruditur.</strong></span> <span class='ocrx_word' id='word_1_284' title='bbox 3691 2555 3820 2610; x_wconf 87' lang='lat' dir='ltr'><strong>Eus.</strong></span> 
     </span>
    </p>
   </div>
   <div class='ocr_carea' id='block_1_30' title="bbox 428 2619 2312 2696">
    <p class='ocr_par' dir='ltr' id='par_1_30' title="bbox 428 2619 2312 2696">
     <span class='ocr_line' id='line_1_30' title="bbox 428 2619 2312 2696; baseline -0.006 -11"><span class='ocrx_word' id='word_1_285' title='bbox 428 2627 519 2684; x_wconf 71' lang='lat' dir='ltr'><strong>l5</strong></span> <span class='ocrx_word' id='word_1_286' title='bbox 554 2625 725 2682; x_wconf 88' lang='lat' dir='ltr'><strong>annis</strong></span> <span class='ocrx_word' id='word_1_287' title='bbox 753 2641 808 2678; x_wconf 85' lang='lat' dir='ltr'><strong>x.</strong></span> <span class='ocrx_word' id='word_1_288' title='bbox 861 2625 986 2677; x_wconf 87' lang='lat' dir='ltr'><strong>Eus.</strong></span> <span class='ocrx_word' id='word_1_289' title='bbox 1035 2623 1090 2676; x_wconf 85' lang='lat' dir='ltr'><strong>h.</strong></span> <span class='ocrx_word' id='word_1_290' title='bbox 1139 2638 1191 2675; x_wconf 91' lang='lat' dir='ltr'><strong>a.</strong></span> <span class='ocrx_word' id='word_1_291' title='bbox 1241 2649 1304 2659; x_wconf 74' lang='lat'><strong>—-</strong></span> <span class='ocrx_word' id='word_1_292' title='bbox 1359 2620 1717 2675; x_wconf 78' lang='lat' dir='ltr'><strong>Pertinacem</strong></span> <span class='ocrx_word' id='word_1_293' title='bbox 1765 2619 1973 2674; x_wconf 90' lang='lat' dir='ltr'><strong>occidit</strong></span> <span class='ocrx_word' id='word_1_294' title='bbox 2000 2619 2059 2674; x_wconf 89' lang='lat' dir='ltr'><strong>in</strong></span> <span class='ocrx_word' id='word_1_295' title='bbox 2171 2641 2225 2696; x_wconf 49' lang='grc' dir='ltr'><strong>ιι,</strong></span> <span class='ocrx_word' id='word_1_296' title='bbox 2259 2660 2312 2696; x_wconf 50' lang='grc' dir='ltr'><em>α,</em></span> 
     </span>
    </p>
   </div>
   <div class='ocr_carea' id='block_1_31' title="bbox 419 2708 3750 2788">
    <p class='ocr_par' dir='ltr' id='par_1_31' title="bbox 419 2708 3750 2788">
     <span class='ocr_line' id='line_1_31' title="bbox 419 2708 3750 2788; baseline -0.004 -17"><span class='ocrx_word' id='word_1_297' title='bbox 419 2715 635 2788; x_wconf 89' lang='lat' dir='ltr'><strong>palatio</strong></span> <span class='ocrx_word' id='word_1_298' title='bbox 663 2711 934 2768; x_wconf 88' lang='lat' dir='ltr'><strong>Julianus</strong></span> <span class='ocrx_word' id='word_1_299' title='bbox 956 2709 1356 2781; x_wconf 75' lang='lat' dir='ltr'><strong>jurisperitus,</strong></span> <span class='ocrx_word' id='word_1_300' title='bbox 1389 2714 1444 2763; x_wconf 90' lang='lat' dir='ltr'><strong>et</strong></span> <span class='ocrx_word' id='word_1_301' title='bbox 1477 2708 1734 2780; x_wconf 88' lang='lat' dir='ltr'><strong>regnavit</strong></span> <span class='ocrx_word' id='word_1_302' title='bbox 1764 2725 1866 2780; x_wconf 89' lang='lat' dir='ltr'><strong>pro</strong></span> <span class='ocrx_word' id='word_1_303' title='bbox 1896 2726 1962 2762; x_wconf 91' lang='lat' dir='ltr'><strong>eo</strong></span> <span class='ocrx_word' id='word_1_304' title='bbox 1985 2725 2060 2762; x_wconf 82' lang='lat' dir='ltr'><strong>vn</strong></span> <span class='ocrx_word' id='word_1_305' title='bbox 2239 2732 2346 2784; x_wconf 67' lang='grc'><strong>210</strong></span> <span class='ocrx_word' id='word_1_306' title='bbox 2376 2730 2622 2785; x_wconf 60' lang='lat' dir='ltr'><strong>Severus</strong></span> <span class='ocrx_word' id='word_1_307' title='bbox 2655 2731 2711 2784; x_wconf 66' lang='lat' dir='ltr'><strong>in</strong></span> <span class='ocrx_word' id='word_1_308' title='bbox 2745 2730 3043 2785; x_wconf 54' lang='lat' dir='ltr'><strong>Britannia</strong></span> <span class='ocrx_word' id='word_1_309' title='bbox 3073 2729 3340 2785; x_wconf 59' lang='lat' dir='ltr'><strong>marium</strong></span> <span class='ocrx_word' id='word_1_310' title='bbox 3373 2731 3502 2786; x_wconf 51' lang='grc' dir='ltr'><strong>ευ.</strong></span> <span class='ocrx_word' id='word_1_311' title='bbox 3531 2748 3585 2786; x_wconf 47' lang='grc' dir='ltr'><strong>α.</strong></span> <span class='ocrx_word' id='word_1_312' title='bbox 3619 2730 3750 2786; x_wconf 52' lang='lat'><strong>2”.</strong></span> 
     </span>
    </p>
   </div>
   <div class='ocr_carea' id='block_1_32' title="bbox 422 2799 2012 2890">
    <p class='ocr_par' dir='ltr' id='par_1_32' title="bbox 422 2799 1013 2860">
     <span class='ocr_line' id='line_1_32' title="bbox 422 2799 1013 2860; baseline -0.008 0"><span class='ocrx_word' id='word_1_313' title='bbox 422 2820 674 2860; x_wconf 90' lang='lat' dir='ltr'><strong>menses.</strong></span> <span class='ocrx_word' id='word_1_314' title='bbox 710 2807 838 2858; x_wconf 83' lang='lat' dir='ltr'><strong>Eus.</strong></span> <span class='ocrx_word' id='word_1_315' title='bbox 873 2799 927 2856; x_wconf 86' lang='lat' dir='ltr'><strong>h.</strong></span> <span class='ocrx_word' id='word_1_316' title='bbox 960 2818 1013 2855; x_wconf 93' lang='lat' dir='ltr'><strong>a.</strong></span> 
     </span>
    </p>
   </div>
   <div class='ocr_carea' id='block_1_33' title="bbox 2237 2799 3827 2890">
    <p class='ocr_par' dir='ltr' id='par_1_33' title="bbox 2238 2817 3827 2890">
     <span class='ocr_line' id='line_1_33' title="bbox 2238 2817 3827 2890; baseline 0.001 -17"><span class='ocrx_word' id='word_1_317' title='bbox 2238 2819 2334 2873; x_wconf 86' lang='lat'><strong>244</strong></span> <span class='ocrx_word' id='word_1_318' title='bbox 2373 2818 2691 2872; x_wconf 78' lang='lat' dir='ltr'><strong>Antiochiae</strong></span> <span class='ocrx_word' id='word_1_319' title='bbox 2723 2817 3089 2888; x_wconf 83' lang='lat' dir='ltr'><strong>Asclepiades</strong></span> <span class='ocrx_word' id='word_1_320' title='bbox 3120 2822 3196 2871; x_wconf 83' lang='lat' dir='ltr'><strong>lx</strong></span> <span class='ocrx_word' id='word_1_321' title='bbox 3237 2817 3558 2890; x_wconf 88' lang='lat' dir='ltr'><strong>episcopus</strong></span> <span class='ocrx_word' id='word_1_322' title='bbox 3585 2819 3827 2876; x_wconf 85' lang='lat' dir='ltr'><strong>ordina-</strong></span> 
     </span>
    </p>
   </div>
   <div class='ocr_carea' id='block_1_34' title="bbox 490 2903 3830 2981">
    <p class='ocr_par' dir='ltr' id='par_1_34' title="bbox 490 2903 3830 2981">
     <span class='ocr_line' id='line_1_34' title="bbox 490 2903 3830 2981; baseline -0 -15"><span class='ocrx_word' id='word_1_323' title='bbox 490 2912 594 2968; x_wconf 84' lang='grc'><strong>494</strong></span> <span class='ocrx_word' id='word_1_324' title='bbox 625 2910 871 2965; x_wconf 88' lang='lat' dir='ltr'><strong>Severus</strong></span> <span class='ocrx_word' id='word_1_325' title='bbox 902 2922 1110 2978; x_wconf 83' lang='lat' dir='ltr'><strong>genere</strong></span> <span class='ocrx_word' id='word_1_326' title='bbox 1131 2905 1264 2960; x_wconf 89' lang='lat' dir='ltr'><strong>Afer</strong></span> <span class='ocrx_word' id='word_1_327' title='bbox 1282 2903 1582 2959; x_wconf 90' lang='lat' dir='ltr'><strong>Julianum</strong></span> <span class='ocrx_word' id='word_1_328' title='bbox 1609 2904 1762 2976; x_wconf 89' lang='lat' dir='ltr'><strong>apud</strong></span> <span class='ocrx_word' id='word_1_329' title='bbox 1787 2904 2059 2958; x_wconf 89' lang='lat' dir='ltr'><strong>Molvium</strong></span> <span class='ocrx_word' id='word_1_330' title='bbox 2171 2913 2285 2961; x_wconf 88' lang='lat' dir='ltr'><strong>tur.</strong></span> <span class='ocrx_word' id='word_1_331' title='bbox 2313 2909 2446 2961; x_wconf 86' lang='lat' dir='ltr'><strong>Eus.</strong></span> <span class='ocrx_word' id='word_1_332' title='bbox 2471 2925 2523 2960; x_wconf 92' lang='lat' dir='ltr'><strong>a.</strong></span> <span class='ocrx_word' id='word_1_333' title='bbox 2548 2908 2652 2961; x_wconf 87' lang='grc'>212</span> <span class='ocrx_word' id='word_1_334' title='bbox 2674 2909 2760 2977; x_wconf 91' lang='lat' dir='ltr'><strong>(In</strong></span> <span class='ocrx_word' id='word_1_335' title='bbox 2781 2924 2956 2976; x_wconf 83' lang='lat' dir='ltr'><strong>marg.</strong></span> <span class='ocrx_word' id='word_1_336' title='bbox 2974 2907 3302 2962; x_wconf 77' lang='lat' dir='ltr'><strong>Antoninus</strong></span> <span class='ocrx_word' id='word_1_337' title='bbox 3333 2906 3505 2963; x_wconf 82' lang='lat' dir='ltr'><strong>XVIII</strong></span> <span class='ocrx_word' id='word_1_338' title='bbox 3527 2924 3668 2963; x_wconf 88' lang='lat' dir='ltr'><strong>ann.</strong></span> <span class='ocrx_word' id='word_1_339' title='bbox 3693 2911 3830 2981; x_wconf 84' lang='lat' dir='ltr'><strong>vn.)</strong></span> 
     </span>
    </p>
   </div>
   <div class='ocr_carea' id='block_1_35' title="bbox 420 2993 3830 3073">
    <p class='ocr_par' dir='ltr' id='par_1_35' title="bbox 420 2993 3830 3073">
     <span class='ocr_line' id='line_1_35' title="bbox 420 2993 3830 3073; baseline -0.001 -17"><span class='ocrx_word' id='word_1_340' title='bbox 420 3004 657 3073; x_wconf 90' lang='lat' dir='ltr'><strong>pontem</strong></span> <span class='ocrx_word' id='word_1_341' title='bbox 690 2997 996 3061; x_wconf 82' lang='lat' dir='ltr'><strong>interiecit,</strong></span> <span class='ocrx_word' id='word_1_342' title='bbox 1029 2999 1088 3049; x_wconf 88' lang='lat' dir='ltr'><strong>et</strong></span> <span class='ocrx_word' id='word_1_343' title='bbox 1115 2994 1174 3048; x_wconf 92' lang='lat' dir='ltr'><strong>in</strong></span> <span class='ocrx_word' id='word_1_344' title='bbox 1207 2994 1483 3048; x_wconf 88' lang='lat' dir='ltr'><strong>honorem</strong></span> <span class='ocrx_word' id='word_1_345' title='bbox 1516 2993 1851 3058; x_wconf 88' lang='lat' dir='ltr'><strong>Pertinacis,</strong></span> <span class='ocrx_word' id='word_1_346' title='bbox 1886 3009 2060 3064; x_wconf 87' lang='lat' dir='ltr'><strong>quem</strong></span> <span class='ocrx_word' id='word_1_347' title='bbox 2239 2997 2346 3049; x_wconf 90' lang='grc'>212</span> <span class='ocrx_word' id='word_1_348' title='bbox 2370 2995 2690 3049; x_wconf 84' lang='lat' dir='ltr'><strong>Alexander</strong></span> <span class='ocrx_word' id='word_1_349' title='bbox 2724 2995 2914 3049; x_wconf 82' lang='lat' dir='ltr'><strong>XXXV</strong></span> <span class='ocrx_word' id='word_1_350' title='bbox 2945 2995 3477 3067; x_wconf 78' lang='lat' dir='ltr'><strong>Hierosolymorum</strong></span> <span class='ocrx_word' id='word_1_351' title='bbox 3507 2995 3830 3070; x_wconf 87' lang='lat' dir='ltr'><strong>episcopus</strong></span> 
     </span>
    </p>
   </div>
   <div class='ocr_carea' id='block_1_36' title="bbox 421 3081 3828 3156">
    <p class='ocr_par' dir='ltr' id='par_1_36' title="bbox 421 3081 3828 3156">
     <span class='ocr_line' id='line_1_36' title="bbox 421 3081 3828 3156; baseline -0.001 -11"><span class='ocrx_word' id='word_1_352' title='bbox 421 3090 575 3144; x_wconf 91' lang='lat' dir='ltr'><strong>idem</strong></span> <span class='ocrx_word' id='word_1_353' title='bbox 606 3085 878 3142; x_wconf 85' lang='lat' dir='ltr'><strong>Julianus</strong></span> <span class='ocrx_word' id='word_1_354' title='bbox 933 3082 1240 3148; x_wconf 85' lang='lat' dir='ltr'><strong>occiderat,</strong></span> <span class='ocrx_word' id='word_1_355' title='bbox 1275 3081 1631 3136; x_wconf 89' lang='lat' dir='ltr'><strong>Pertinacem</strong></span> <span class='ocrx_word' id='word_1_356' title='bbox 1665 3099 1727 3136; x_wconf 91' lang='lat' dir='ltr'><strong>se</strong></span> <span class='ocrx_word' id='word_1_357' title='bbox 1766 3081 2061 3153; x_wconf 88' lang='lat' dir='ltr'><strong>cognomi-</strong></span> <span class='ocrx_word' id='word_1_358' title='bbox 2171 3084 2474 3139; x_wconf 88' lang='lat' dir='ltr'><strong>ordinatur</strong></span> <span class='ocrx_word' id='word_1_359' title='bbox 2501 3083 2722 3138; x_wconf 78' lang='lat' dir='ltr'><strong>vivente</strong></span> <span class='ocrx_word' id='word_1_360' title='bbox 2757 3085 3048 3150; x_wconf 86' lang='lat' dir='ltr'><strong>Narcisso,</strong></span> <span class='ocrx_word' id='word_1_361' title='bbox 3093 3083 3207 3139; x_wconf 91' lang='lat' dir='ltr'><strong>Deo</strong></span> <span class='ocrx_word' id='word_1_362' title='bbox 3259 3102 3358 3156; x_wconf 89' lang='lat' dir='ltr'><strong>per</strong></span> <span class='ocrx_word' id='word_1_363' title='bbox 3387 3084 3572 3140; x_wconf 83' lang='lat' dir='ltr'><strong>visum</strong></span> <span class='ocrx_word' id='word_1_364' title='bbox 3595 3086 3828 3156; x_wconf 86' lang='lat' dir='ltr'><strong>juben-</strong></span> 
     </span>
    </p>
   </div>
   <div class='ocr_carea' id='block_1_37' title="bbox 422 3170 3289 3248">
    <p class='ocr_par' dir='ltr' id='par_1_37' title="bbox 422 3170 3289 3248">
     <span class='ocr_line' id='line_1_37' title="bbox 422 3170 3289 3248; baseline -0.003 -15"><span class='ocrx_word' id='word_1_365' title='bbox 422 3177 548 3233; x_wconf 91' lang='lat' dir='ltr'><strong>nari</strong></span> <span class='ocrx_word' id='word_1_366' title='bbox 572 3175 774 3248; x_wconf 91' lang='lat' dir='ltr'><strong>jussit.</strong></span> <span class='ocrx_word' id='word_1_367' title='bbox 807 3175 933 3230; x_wconf 82' lang='lat' dir='ltr'><strong>Eus.</strong></span> <span class='ocrx_word' id='word_1_368' title='bbox 967 3174 1020 3226; x_wconf 89' lang='lat' dir='ltr'><strong>h.</strong></span> <span class='ocrx_word' id='word_1_369' title='bbox 1053 3189 1106 3226; x_wconf 80' lang='grc' dir='ltr'><strong>(ι.</strong></span> <span class='ocrx_word' id='word_1_370' title='bbox 1159 3171 1218 3225; x_wconf 85' lang='lat' dir='ltr'><strong>In</strong></span> <span class='ocrx_word' id='word_1_371' title='bbox 1261 3187 1436 3241; x_wconf 86' lang='lat' dir='ltr'><strong>marg.</strong></span> <span class='ocrx_word' id='word_1_372' title='bbox 1472 3171 1717 3225; x_wconf 84' lang='lat' dir='ltr'><strong>Severus</strong></span> <span class='ocrx_word' id='word_1_373' title='bbox 1747 3170 1888 3225; x_wconf 88' lang='lat' dir='ltr'><strong>XVII</strong></span> <span class='ocrx_word' id='word_1_374' title='bbox 1923 3188 2060 3225; x_wconf 88' lang='lat' dir='ltr'><strong>ann.</strong></span> <span class='ocrx_word' id='word_1_375' title='bbox 2172 3177 2227 3226; x_wconf 88' lang='lat' dir='ltr'><strong>te</strong></span> <span class='ocrx_word' id='word_1_376' title='bbox 2258 3172 2391 3240; x_wconf 76' lang='grc'>(32).</span> <span class='ocrx_word' id='word_1_377' title='bbox 2426 3172 2548 3225; x_wconf 85' lang='lat' dir='ltr'><strong>Eus.</strong></span> <span class='ocrx_word' id='word_1_378' title='bbox 2583 3188 2636 3225; x_wconf 89' lang='lat' dir='ltr'><strong>a.</strong></span> <span class='ocrx_word' id='word_1_379' title='bbox 2670 3171 2795 3225; x_wconf 87' lang='lat'><strong>243.</strong></span> <span class='ocrx_word' id='word_1_380' title='bbox 3282 3184 3289 3190; x_wconf 85' lang='lat'><strong><em>‘</em></strong></span> 
     </span>
    </p>
   </div>
   <div class='ocr_carea' id='block_1_38' title="bbox 421 3259 3824 3332">
    <p class='ocr_par' dir='ltr' id='par_1_38' title="bbox 421 3259 3824 3332">
     <span class='ocr_line' id='line_1_38' title="bbox 421 3259 3824 3332; baseline 0.004 -27"><span class='ocrx_word' id='word_1_381' title='bbox 421 3283 556 3322; x_wconf 66' lang='grc' dir='ltr'><strong>χνιι,</strong></span> <span class='ocrx_word' id='word_1_382' title='bbox 2243 3260 2347 3314; x_wconf 85' lang='grc'>213</span> <span class='ocrx_word' id='word_1_383' title='bbox 2393 3259 2721 3314; x_wconf 89' lang='lat' dir='ltr'><strong>Antoninus</strong></span> <span class='ocrx_word' id='word_1_384' title='bbox 2751 3259 3047 3314; x_wconf 87' lang='lat' dir='ltr'><strong>Caracalla</strong></span> <span class='ocrx_word' id='word_1_385' title='bbox 3093 3265 3327 3332; x_wconf 89' lang='lat' dir='ltr'><strong>propter</strong></span> <span class='ocrx_word' id='word_1_386' title='bbox 3377 3277 3565 3332; x_wconf 90' lang='lat' dir='ltr'><strong>genus</strong></span> <span class='ocrx_word' id='word_1_387' title='bbox 3615 3263 3824 3332; x_wconf 89' lang='lat' dir='ltr'><strong>vestis,</strong></span> 
     </span>
    </p>
   </div>
   <div class='ocr_carea' id='block_1_39' title="bbox 493 3335 3823 3423">
    <p class='ocr_par' dir='ltr' id='par_1_39' title="bbox 493 3335 3823 3423">
     <span class='ocr_line' id='line_1_39' title="bbox 493 3335 3823 3423; baseline -0.001 -14"><span class='ocrx_word' id='word_1_388' title='bbox 493 3355 597 3409; x_wconf 89' lang='lat'><strong>496</strong></span> <span class='ocrx_word' id='word_1_389' title='bbox 620 3353 737 3408; x_wconf 81' lang='lat' dir='ltr'><strong>Hoc</strong></span> <span class='ocrx_word' id='word_1_390' title='bbox 758 3356 1020 3423; x_wconf 87' lang='lat' dir='ltr'><strong>tempore</strong></span> <span class='ocrx_word' id='word_1_391' title='bbox 1042 3349 1369 3404; x_wconf 81' lang='lat' dir='ltr'><strong>Narcissus.</strong></span> <span class='ocrx_word' id='word_1_392' title='bbox 1394 3347 1922 3420; x_wconf 85' lang='lat' dir='ltr'><strong>Hierosolymorum</strong></span> <span class='ocrx_word' id='word_1_393' title='bbox 1947 3347 2062 3419; x_wconf 91' lang='lat' dir='ltr'><strong>epi-</strong></span> <span class='ocrx_word' id='word_1_394' title='bbox 2091 3335 2134 3401; x_wconf 87' lang='lat' dir='ltr'><strong>C</strong></span> <span class='ocrx_word' id='word_1_395' title='bbox 2173 3348 2324 3422; x_wconf 90' lang='lat' dir='ltr'><strong>quod</strong></span> <span class='ocrx_word' id='word_1_396' title='bbox 2359 3349 2554 3403; x_wconf 68' lang='lat' dir='ltr'><strong>Romae</strong></span> <span class='ocrx_word' id='word_1_397' title='bbox 2582 3348 2880 3419; x_wconf 87' lang='lat' dir='ltr'><strong>erogabat,</strong></span> <span class='ocrx_word' id='word_1_398' title='bbox 2923 3349 3372 3421; x_wconf 85' lang='lat' dir='ltr'><strong>cognominatur</strong></span> <span class='ocrx_word' id='word_1_399' title='bbox 3401 3350 3535 3421; x_wconf 87' lang='lat'><strong>(33).</strong></span> <span class='ocrx_word' id='word_1_400' title='bbox 3586 3351 3716 3407; x_wconf 85' lang='lat' dir='ltr'><strong>Eus.</strong></span> <span class='ocrx_word' id='word_1_401' title='bbox 3763 3370 3823 3408; x_wconf 82' lang='grc' dir='ltr'><strong>α.</strong></span> 
     </span>
    </p>
   </div>
   <div class='ocr_carea' id='block_1_40' title="bbox 421 3435 3036 3516">
    <p class='ocr_par' dir='ltr' id='par_1_40' title="bbox 421 3435 3036 3516">
     <span class='ocr_line' id='line_1_40' title="bbox 421 3435 3036 3516; baseline -0.003 -16"><span class='ocrx_word' id='word_1_402' title='bbox 421 3459 656 3516; x_wconf 88' lang='lat' dir='ltr'><strong>scopus,</strong></span> <span class='ocrx_word' id='word_1_403' title='bbox 687 3447 746 3497; x_wconf 93' lang='lat' dir='ltr'><strong>et</strong></span> <span class='ocrx_word' id='word_1_404' title='bbox 773 3437 1131 3508; x_wconf 86' lang='lat' dir='ltr'><strong>Theophilus</strong></span> <span class='ocrx_word' id='word_1_405' title='bbox 1161 3437 1531 3492; x_wconf 63' lang='lat' dir='ltr'><strong>Caesariensis</strong></span> <span class='ocrx_word' id='word_1_406' title='bbox 1550 3435 1898 3508; x_wconf 89' lang='lat' dir='ltr'><strong>Polycarpus</strong></span> <span class='ocrx_word' id='word_1_407' title='bbox 1929 3437 2064 3508; x_wconf 90' lang='grc'>(31.)</span> <span class='ocrx_word' id='word_1_408' title='bbox 2173 3440 2274 3492; x_wconf 77' lang='grc'><strong>214</strong></span> <span class='ocrx_word' id='word_1_409' title='bbox 2303 3455 2316 3504; x_wconf 88' lang='grc'><strong>;</strong></span> <span class='ocrx_word' id='word_1_410' title='bbox 2350 3437 2496 3491; x_wconf 69' lang='lat' dir='ltr'><strong>Sext.</strong></span> <span class='ocrx_word' id='word_1_411' title='bbox 2531 3438 2663 3491; x_wconf 86' lang='lat' dir='ltr'><strong>Aur.</strong></span> <span class='ocrx_word' id='word_1_412' title='bbox 2701 3438 2828 3492; x_wconf 83' lang='lat' dir='ltr'><strong>Vict.</strong></span> <span class='ocrx_word' id='word_1_413' title='bbox 2862 3455 2914 3492; x_wconf 82' lang='grc' dir='ltr'><strong>(ι.</strong></span> <span class='ocrx_word' id='word_1_414' title='bbox 2943 3455 3036 3511; x_wconf 86' lang='lat' dir='ltr'><strong>pr.</strong></span> 
     </span>
    </p>
   </div>
   <div class='ocr_carea' id='block_1_41' title="bbox 1466 3533 2775 3590">
    <p class='ocr_par' dir='ltr' id='par_1_41' title="bbox 1466 3533 2775 3590">
     <span class='ocr_line' id='line_1_41' title="bbox 1466 3533 2775 3590; baseline 0.001 -1"><span class='ocrx_word' id='word_1_415' title='bbox 1466 3533 1936 3590; x_wconf 88' lang='lat' dir='ltr'><strong>COMPENDIUM</strong></span> <span class='ocrx_word' id='word_1_416' title='bbox 1979 3533 2069 3588; x_wconf 87' lang='lat' dir='ltr'><strong>EX</strong></span> <span class='ocrx_word' id='word_1_417' title='bbox 2109 3533 2360 3589; x_wconf 87' lang='lat' dir='ltr'><strong>CODICE</strong></span> <span class='ocrx_word' id='word_1_418' title='bbox 2400 3534 2775 3590; x_wconf 83' lang='lat' dir='ltr'><strong>BERNOLDI.</strong></span> 
     </span>
    </p>
   </div>
   <div class='ocr_carea' id='block_1_42' title="bbox 492 3631 3334 3707">
    <p class='ocr_par' dir='ltr' id='par_1_42' title="bbox 492 3631 3334 3707">
     <span class='ocr_line' id='line_1_42' title="bbox 492 3631 3334 3707; baseline -0.002 -12"><span class='ocrx_word' id='word_1_419' title='bbox 492 3639 596 3695; x_wconf 90' lang='grc'><strong>484</strong></span> <span class='ocrx_word' id='word_1_420' title='bbox 627 3640 734 3694; x_wconf 85' lang='lat' dir='ltr'><strong>Hoc</strong></span> <span class='ocrx_word' id='word_1_421' title='bbox 753 3646 989 3707; x_wconf 87' lang='lat' dir='ltr'><strong>tempore</strong></span> <span class='ocrx_word' id='word_1_422' title='bbox 1017 3635 1352 3699; x_wconf 74' lang='lat' dir='ltr'><strong>Pantaenus,</strong></span> <span class='ocrx_word' id='word_1_423' title='bbox 1387 3636 1470 3686; x_wconf 91' lang='lat' dir='ltr'><strong>ut.</strong></span> <span class='ocrx_word' id='word_1_424' title='bbox 1503 3637 1572 3687; x_wconf 89' lang='lat' dir='ltr'><strong>A.</strong></span> <span class='ocrx_word' id='word_1_425' title='bbox 1607 3649 1702 3686; x_wconf 90' lang='lat' dir='ltr'><strong>an.</strong></span> <span class='ocrx_word' id='word_1_426' title='bbox 1734 3633 1856 3686; x_wconf 89' lang='lat'><strong>482.</strong></span> <span class='ocrx_word' id='word_1_427' title='bbox 2246 3632 2348 3686; x_wconf 88' lang='lat'><strong>499</strong></span> <span class='ocrx_word' id='word_1_428' title='bbox 2377 3631 2686 3699; x_wconf 72' lang='lat' dir='ltr'><strong>Iudaicum,</strong></span> <span class='ocrx_word' id='word_1_429' title='bbox 2721 3637 2857 3700; x_wconf 85' lang='lat' dir='ltr'><strong>etc.,</strong></span> <span class='ocrx_word' id='word_1_430' title='bbox 2887 3636 2953 3688; x_wconf 89' lang='lat' dir='ltr'><strong>ut</strong></span> <span class='ocrx_word' id='word_1_431' title='bbox 2984 3633 3124 3704; x_wconf 83' lang='lat' dir='ltr'><strong>Aug.</strong></span> <span class='ocrx_word' id='word_1_432' title='bbox 3159 3650 3213 3688; x_wconf 91' lang='lat' dir='ltr'><strong>a.</strong></span> <span class='ocrx_word' id='word_1_433' title='bbox 3246 3649 3334 3705; x_wconf 91' lang='lat' dir='ltr'><strong>pr.</strong></span> 
     </span>
    </p>
   </div>
   <div class='ocr_carea' id='block_1_43' title="bbox 495 3719 3542 3794">
    <p class='ocr_par' dir='ltr' id='par_1_43' title="bbox 495 3719 3542 3794">
     <span class='ocr_line' id='line_1_43' title="bbox 495 3719 3542 3794; baseline -0.002 -11"><span class='ocrx_word' id='word_1_434' title='bbox 495 3729 596 3783; x_wconf 87' lang='lat'><strong>486</strong></span> <span class='ocrx_word' id='word_1_435' title='bbox 625 3725 1054 3793; x_wconf 78' lang='lat' dir='ltr'><strong>Commodiauae,</strong></span> <span class='ocrx_word' id='word_1_436' title='bbox 1087 3729 1221 3791; x_wconf 90' lang='lat' dir='ltr'><strong>etc.,</strong></span> <span class='ocrx_word' id='word_1_437' title='bbox 1258 3727 1340 3776; x_wconf 89' lang='lat' dir='ltr'><strong>ut.</strong></span> <span class='ocrx_word' id='word_1_438' title='bbox 1374 3723 1419 3775; x_wconf 90' lang='lat' dir='ltr'><strong>A</strong></span> <span class='ocrx_word' id='word_1_439' title='bbox 1451 3738 1545 3776; x_wconf 89' lang='lat' dir='ltr'><strong>an.</strong></span> <span class='ocrx_word' id='word_1_440' title='bbox 1582 3722 1703 3774; x_wconf 92' lang='lat'><strong>183.</strong></span> <span class='ocrx_word' id='word_1_441' title='bbox 2243 3722 2349 3774; x_wconf 85' lang='lat'><strong>200</strong></span> <span class='ocrx_word' id='word_1_442' title='bbox 2377 3719 2608 3774; x_wconf 75' lang='lat' dir='ltr'><strong>Severus</strong></span> <span class='ocrx_word' id='word_1_443' title='bbox 2636 3721 2890 3788; x_wconf 86' lang='lat' dir='ltr'><strong>Parthos,</strong></span> <span class='ocrx_word' id='word_1_444' title='bbox 2924 3725 3059 3788; x_wconf 88' lang='lat' dir='ltr'><strong>etc.,</strong></span> <span class='ocrx_word' id='word_1_445' title='bbox 3094 3726 3157 3776; x_wconf 90' lang='lat' dir='ltr'><strong>ut</strong></span> <span class='ocrx_word' id='word_1_446' title='bbox 3186 3727 3334 3794; x_wconf 90' lang='lat' dir='ltr'><strong>Aug.</strong></span> <span class='ocrx_word' id='word_1_447' title='bbox 3367 3738 3420 3778; x_wconf 90' lang='lat' dir='ltr'><strong>a.</strong></span> <span class='ocrx_word' id='word_1_448' title='bbox 3453 3739 3542 3794; x_wconf 89' lang='lat' dir='ltr'><strong>pr.</strong></span> 
     </span>
    </p>
   </div>
   <div class='ocr_carea' id='block_1_44' title="bbox 493 3807 3835 3886">
    <p class='ocr_par' dir='ltr' id='par_1_44' title="bbox 493 3807 3835 3886">
     <span class='ocr_line' id='line_1_44' title="bbox 493 3807 3835 3886; baseline -0.002 -15"><span class='ocrx_word' id='word_1_449' title='bbox 493 3816 596 3871; x_wconf 87' lang='lat'><strong>487</strong></span> <span class='ocrx_word' id='word_1_450' title='bbox 629 3816 902 3886; x_wconf 74' lang='lat' dir='ltr'><strong>Origenes,</strong></span> <span class='ocrx_word' id='word_1_451' title='bbox 932 3817 1065 3878; x_wconf 90' lang='lat' dir='ltr'><strong>etc.,</strong></span> <span class='ocrx_word' id='word_1_452' title='bbox 1098 3818 1180 3867; x_wconf 88' lang='lat' dir='ltr'><strong>ut.</strong></span> <span class='ocrx_word' id='word_1_453' title='bbox 1214 3813 1279 3866; x_wconf 92' lang='lat' dir='ltr'><strong>A.</strong></span> <span class='ocrx_word' id='word_1_454' title='bbox 1320 3825 1414 3865; x_wconf 90' lang='lat' dir='ltr'><strong>an.</strong></span> <span class='ocrx_word' id='word_1_455' title='bbox 1449 3809 1572 3865; x_wconf 88' lang='grc'>485.</span> <span class='ocrx_word' id='word_1_456' title='bbox 1917 3849 1925 3857; x_wconf 93' lang='grc'>.</span> <span class='ocrx_word' id='word_1_457' title='bbox 2245 3812 2351 3861; x_wconf 84' lang='grc'>202</span> <span class='ocrx_word' id='word_1_458' title='bbox 2385 3807 2630 3865; x_wconf 65' lang='lat' dir='ltr'><strong>Thermas</strong></span> <span class='ocrx_word' id='word_1_459' title='bbox 2667 3809 2998 3876; x_wconf 63' lang='lat' dir='ltr'><strong>Severianw,</strong></span> <span class='ocrx_word' id='word_1_460' title='bbox 3047 3813 3180 3877; x_wconf 86' lang='lat' dir='ltr'><strong>etc.,</strong></span> <span class='ocrx_word' id='word_1_461' title='bbox 3232 3814 3298 3864; x_wconf 91' lang='lat' dir='ltr'><strong>ut</strong></span> <span class='ocrx_word' id='word_1_462' title='bbox 3343 3812 3492 3882; x_wconf 90' lang='lat' dir='ltr'><strong>Aug.</strong></span> <span class='ocrx_word' id='word_1_463' title='bbox 3526 3827 3579 3866; x_wconf 91' lang='lat' dir='ltr'><strong>a.</strong></span> <span class='ocrx_word' id='word_1_464' title='bbox 3634 3826 3723 3882; x_wconf 90' lang='lat' dir='ltr'><strong>pr.</strong></span> <span class='ocrx_word' id='word_1_465' title='bbox 3764 3843 3835 3852; x_wconf 98' lang='lat'><strong>—</strong></span> 
     </span>
    </p>
   </div>
   <div class='ocr_carea' id='block_1_45' title="bbox 492 3898 3499 3974">
    <p class='ocr_par' dir='ltr' id='par_1_45' title="bbox 492 3898 3499 3974">
     <span class='ocr_line' id='line_1_45' title="bbox 492 3898 3499 3974; baseline -0.002 -14"><span class='ocrx_word' id='word_1_466' title='bbox 492 3905 596 3960; x_wconf 90' lang='lat'><strong>488</strong></span> <span class='ocrx_word' id='word_1_467' title='bbox 627 3905 732 3962; x_wconf 82' lang='lat' dir='ltr'><strong>Hoc</strong></span> <span class='ocrx_word' id='word_1_468' title='bbox 759 3908 996 3974; x_wconf 85' lang='lat' dir='ltr'><strong>tempore</strong></span> <span class='ocrx_word' id='word_1_469' title='bbox 1024 3903 1327 3967; x_wconf 80' lang='lat' dir='ltr'><strong>Montanus,</strong></span> <span class='ocrx_word' id='word_1_470' title='bbox 1359 3903 1495 3965; x_wconf 89' lang='lat' dir='ltr'><strong>etc.,</strong></span> <span class='ocrx_word' id='word_1_471' title='bbox 1530 3902 1612 3952; x_wconf 92' lang='lat' dir='ltr'><strong>ut.</strong></span> <span class='ocrx_word' id='word_1_472' title='bbox 1642 3901 1704 3952; x_wconf 91' lang='lat' dir='ltr'><strong>A.</strong></span> <span class='ocrx_word' id='word_1_473' title='bbox 1740 3915 1810 3952; x_wconf 91' lang='lat' dir='ltr'><strong>an</strong></span> <span class='ocrx_word' id='word_1_474' title='bbox 1869 3898 1992 3953; x_wconf 76' lang='lat'><strong>486.</strong></span> <span class='ocrx_word' id='word_1_475' title='bbox 2181 3899 2352 3954; x_wconf 77' lang='lat' dir='ltr'><strong>l&#39;ietor</strong></span> <span class='ocrx_word' id='word_1_476' title='bbox 2383 3915 2525 3969; x_wconf 86' lang='lat' dir='ltr'><strong>papa</strong></span> <span class='ocrx_word' id='word_1_477' title='bbox 2553 3899 2951 3969; x_wconf 66' lang='lat' dir='ltr'><strong>martyrisatus</strong></span> <span class='ocrx_word' id='word_1_478' title='bbox 2975 3907 3054 3954; x_wconf 84' lang='lat' dir='ltr'><strong>est</strong></span> <span class='ocrx_word' id='word_1_479' title='bbox 3084 3915 3165 3952; x_wconf 74' lang='grc' dir='ltr'>χιι</span> <span class='ocrx_word' id='word_1_480' title='bbox 3199 3899 3315 3954; x_wconf 86' lang='lat' dir='ltr'><strong>Kal.</strong></span> <span class='ocrx_word' id='word_1_481' title='bbox 3345 3899 3499 3954; x_wconf 82' lang='lat' dir='ltr'><strong>Maii.</strong></span> 
     </span>
    </p>
   </div>
   <div class='ocr_carea' id='block_1_46' title="bbox 493 3986 3839 4070">
    <p class='ocr_par' dir='ltr' id='par_1_46' title="bbox 493 3986 3839 4070">
     <span class='ocr_line' id='line_1_46' title="bbox 493 3986 3839 4070; baseline -0.001 -22"><span class='ocrx_word' id='word_1_482' title='bbox 493 3995 596 4048; x_wconf 88' lang='grc'><strong>189</strong></span> <span class='ocrx_word' id='word_1_483' title='bbox 625 3995 863 4052; x_wconf 77' lang='lat' dir='ltr'><strong>lrenaeus</strong></span> <span class='ocrx_word' id='word_1_484' title='bbox 893 3991 1268 4062; x_wconf 73' lang='lat' dir='ltr'><strong>Lugdunensis</strong></span> <span class='ocrx_word' id='word_1_485' title='bbox 1307 3989 1587 4070; x_wconf 83' lang='lat' dir='ltr'><strong>episcopus</strong></span> <span class='ocrx_word' id='word_1_486' title='bbox 1617 3995 1666 4042; x_wconf 88' lang='lat' dir='ltr'><strong>et</strong></span> <span class='ocrx_word' id='word_1_487' title='bbox 1698 3988 1802 4041; x_wconf 83' lang='lat' dir='ltr'><strong>alii</strong></span> <span class='ocrx_word' id='word_1_488' title='bbox 1827 3986 2066 4041; x_wconf 86' lang='lat' dir='ltr'><strong>doctores</strong></span> <span class='ocrx_word' id='word_1_489' title='bbox 2244 3987 2351 4040; x_wconf 89' lang='lat'><strong>203</strong></span> <span class='ocrx_word' id='word_1_490' title='bbox 2387 3987 2727 4057; x_wconf 86' lang='lat' dir='ltr'><strong>Zephyrinus</strong></span> <span class='ocrx_word' id='word_1_491' title='bbox 2764 4003 2909 4057; x_wconf 86' lang='lat' dir='ltr'><strong>papa</strong></span> <span class='ocrx_word' id='word_1_492' title='bbox 2957 3987 3085 4054; x_wconf 87' lang='lat' dir='ltr'><strong>XIV,</strong></span> <span class='ocrx_word' id='word_1_493' title='bbox 3133 3987 3268 4043; x_wconf 86' lang='lat' dir='ltr'><strong>sedit</strong></span> <span class='ocrx_word' id='word_1_494' title='bbox 3318 3990 3486 4043; x_wconf 89' lang='lat' dir='ltr'><strong>annis</strong></span> <span class='ocrx_word' id='word_1_495' title='bbox 3514 4005 3696 4054; x_wconf 74' lang='lat' dir='ltr'><strong>xvm;</strong></span> <span class='ocrx_word' id='word_1_496' title='bbox 3731 3991 3839 4060; x_wconf 85' lang='lat' dir='ltr'><strong>qui</strong></span> 
     </span>
    </p>
   </div>
   <div class='ocr_carea' id='block_1_47' title="bbox 419 4075 2855 4146">
    <p class='ocr_par' dir='ltr' id='par_1_47' title="bbox 419 4075 2855 4146">
     <span class='ocr_line' id='line_1_47' title="bbox 419 4075 2855 4146; baseline -0.002 -10"><span class='ocrx_word' id='word_1_497' title='bbox 419 4083 753 4138; x_wconf 76' lang='lat' dir='ltr'><strong>claruerunt.</strong></span> <span class='ocrx_word' id='word_1_498' title='bbox 2176 4075 2418 4130; x_wconf 78' lang='lat' dir='ltr'><strong>discessit</strong></span> <span class='ocrx_word' id='word_1_499' title='bbox 2447 4092 2524 4128; x_wconf 85' lang='lat' dir='ltr'><strong>vn</strong></span> <span class='ocrx_word' id='word_1_500' title='bbox 2560 4076 2678 4130; x_wconf 85' lang='lat' dir='ltr'><strong>Kal.</strong></span> <span class='ocrx_word' id='word_1_501' title='bbox 2712 4075 2855 4146; x_wconf 86' lang='lat' dir='ltr'><strong>Sept.</strong></span> 
     </span>
    </p>
   </div>
   <div class='ocr_carea' id='block_1_48' title="bbox 490 4163 3836 4242">
    <p class='ocr_par' dir='ltr' id='par_1_48' title="bbox 490 4163 3836 4242">
     <span class='ocr_line' id='line_1_48' title="bbox 490 4163 3836 4242; baseline -0.001 -16"><span class='ocrx_word' id='word_1_502' title='bbox 490 4170 595 4226; x_wconf 88' lang='grc'><strong>490</strong></span> <span class='ocrx_word' id='word_1_503' title='bbox 622 4170 976 4242; x_wconf 76' lang='lat' dir='ltr'><strong>Capitolium,</strong></span> <span class='ocrx_word' id='word_1_504' title='bbox 1009 4171 1092 4223; x_wconf 90' lang='lat' dir='ltr'><strong>ut.</strong></span> <span class='ocrx_word' id='word_1_505' title='bbox 1127 4170 1190 4222; x_wconf 84' lang='lat' dir='ltr'><strong>A.</strong></span> <span class='ocrx_word' id='word_1_506' title='bbox 1227 4181 1320 4220; x_wconf 92' lang='lat' dir='ltr'><strong>an.</strong></span> <span class='ocrx_word' id='word_1_507' title='bbox 1355 4165 1478 4219; x_wconf 89' lang='grc'>188.</span> <span class='ocrx_word' id='word_1_508' title='bbox 2247 4165 2353 4218; x_wconf 90' lang='grc'><strong>204</strong></span> <span class='ocrx_word' id='word_1_509' title='bbox 2382 4163 2608 4219; x_wconf 86' lang='lat' dir='ltr'><strong>Severus</strong></span> <span class='ocrx_word' id='word_1_510' title='bbox 2651 4166 2843 4236; x_wconf 88' lang='lat' dir='ltr'><strong>quinta</strong></span> <span class='ocrx_word' id='word_1_511' title='bbox 2884 4167 3281 4236; x_wconf 77' lang='lat' dir='ltr'><strong>persecutione,</strong></span> <span class='ocrx_word' id='word_1_512' title='bbox 3328 4171 3462 4233; x_wconf 88' lang='lat' dir='ltr'><strong>etc.,</strong></span> <span class='ocrx_word' id='word_1_513' title='bbox 3495 4171 3558 4221; x_wconf 90' lang='lat' dir='ltr'><strong>ut</strong></span> <span class='ocrx_word' id='word_1_514' title='bbox 3590 4170 3741 4240; x_wconf 85' lang='lat' dir='ltr'><strong>Aug.</strong></span> <span class='ocrx_word' id='word_1_515' title='bbox 3779 4185 3836 4224; x_wconf 89' lang='lat' dir='ltr'><strong>a.</strong></span> 
     </span>
    </p>
   </div>
   <div class='ocr_carea' id='block_1_49' title="bbox 495 4252 2267 4324">
    <p class='ocr_par' dir='ltr' id='par_1_49' title="bbox 495 4252 2267 4324">
     <span class='ocr_line' id='line_1_49' title="bbox 495 4252 2267 4324; baseline -0.003 -11"><span class='ocrx_word' id='word_1_516' title='bbox 495 4259 586 4314; x_wconf 89' lang='grc'><strong>191</strong></span> <span class='ocrx_word' id='word_1_517' title='bbox 628 4259 947 4317; x_wconf 81' lang='lat' dir='ltr'><strong>Commodus</strong></span> <span class='ocrx_word' id='word_1_518' title='bbox 981 4257 1201 4322; x_wconf 83' lang='lat' dir='ltr'><strong>Colossi,</strong></span> <span class='ocrx_word' id='word_1_519' title='bbox 1231 4257 1366 4321; x_wconf 88' lang='lat' dir='ltr'><strong>etc.,</strong></span> <span class='ocrx_word' id='word_1_520' title='bbox 1420 4256 1484 4306; x_wconf 89' lang='lat' dir='ltr'><strong>ut</strong></span> <span class='ocrx_word' id='word_1_521' title='bbox 1515 4254 1579 4306; x_wconf 83' lang='lat' dir='ltr'><strong>A.</strong></span> <span class='ocrx_word' id='word_1_522' title='bbox 1615 4269 1666 4306; x_wconf 89' lang='lat' dir='ltr'><strong>a.</strong></span> <span class='ocrx_word' id='word_1_523' title='bbox 1703 4252 1823 4306; x_wconf 85' lang='lat'><strong>489.</strong></span> <span class='ocrx_word' id='word_1_524' title='bbox 1879 4282 1943 4291; x_wconf 98' lang='lat'><em>—</em></span> <span class='ocrx_word' id='word_1_525' title='bbox 1984 4253 2067 4306; x_wconf 85' lang='lat' dir='ltr'><strong>Vi-</strong></span> <span class='ocrx_word' id='word_1_526' title='bbox 2181 4269 2267 4324; x_wconf 91' lang='lat' dir='ltr'><strong>pr.</strong></span> 
     </span>
    </p>
   </div>
   <div class='ocr_carea' id='block_1_50' title="bbox 419 4340 3315 4447">
    <p class='ocr_par' dir='ltr' id='par_1_50' title="bbox 419 4340 3315 4447">
     <span class='ocr_line' id='line_1_50' title="bbox 419 4340 3315 4447; baseline -0.002 -43"><span class='ocrx_word' id='word_1_527' title='bbox 419 4352 536 4404; x_wconf 88' lang='lat' dir='ltr'><strong>etor</strong></span> <span class='ocrx_word' id='word_1_528' title='bbox 560 4366 706 4422; x_wconf 88' lang='lat' dir='ltr'><strong>papa</strong></span> <span class='ocrx_word' id='word_1_529' title='bbox 731 4351 849 4404; x_wconf 84' lang='lat' dir='ltr'><strong>XIII</strong></span> <span class='ocrx_word' id='word_1_530' title='bbox 873 4348 1012 4402; x_wconf 82' lang='lat' dir='ltr'><strong>sedit</strong></span> <span class='ocrx_word' id='word_1_531' title='bbox 1058 4345 1223 4400; x_wconf 85' lang='lat' dir='ltr'><strong>annis</strong></span> <span class='ocrx_word' id='word_1_532' title='bbox 1251 4359 1327 4397; x_wconf 81' lang='lat' dir='ltr'><strong>x1.</strong></span> <span class='ocrx_word' id='word_1_533' title='bbox 1361 4373 1428 4382; x_wconf 93' lang='lat'><strong>——</strong></span> <span class='ocrx_word' id='word_1_534' title='bbox 1479 4340 1829 4396; x_wconf 67' lang='lat' dir='ltr'><strong>Alexandria:</strong></span> <span class='ocrx_word' id='word_1_535' title='bbox 1878 4341 2067 4394; x_wconf 75' lang='lat' dir='ltr'><strong>Deme~</strong></span> <span class='ocrx_word' id='word_1_536' title='bbox 2109 4382 2151 4447; x_wconf 66' lang='grc' dir='ltr'><strong>Β</strong></span> <span class='ocrx_word' id='word_1_537' title='bbox 2385 4343 2674 4447; x_wconf 48' lang='grc' dir='ltr'><strong>εενηειυα,</strong></span> <span class='ocrx_word' id='word_1_538' title='bbox 2705 4345 2840 4447; x_wconf 50' lang='lat' dir='ltr'><strong>etc:</strong></span> <span class='ocrx_word' id='word_1_539' title='bbox 2873 4345 2939 4396; x_wconf 90' lang='lat' dir='ltr'><strong>ut</strong></span> <span class='ocrx_word' id='word_1_540' title='bbox 2960 4343 3108 4447; x_wconf 82' lang='lat' dir='ltr'><strong>Aug.</strong></span> <span class='ocrx_word' id='word_1_541' title='bbox 3140 4361 3193 4399; x_wconf 91' lang='lat' dir='ltr'><strong>a.</strong></span> <span class='ocrx_word' id='word_1_542' title='bbox 3227 4359 3315 4416; x_wconf 92' lang='lat' dir='ltr'><strong>pr.</strong></span> 
     </span>
    </p>
   </div>
   <div class='ocr_carea' id='block_1_51' title="bbox 427 4429 3834 4510">
    <p class='ocr_par' dir='ltr' id='par_1_51' title="bbox 427 4429 3834 4510">
     <span class='ocr_line' id='line_1_51' title="bbox 427 4429 3834 4510; baseline -0.001 -17"><span class='ocrx_word' id='word_1_543' title='bbox 427 4439 570 4493; x_wconf 81' lang='lat' dir='ltr'><strong>trius</strong></span> <span class='ocrx_word' id='word_1_544' title='bbox 592 4440 659 4496; x_wconf 87' lang='lat' dir='ltr'><strong>XI</strong></span> <span class='ocrx_word' id='word_1_545' title='bbox 683 4441 964 4510; x_wconf 86' lang='lat' dir='ltr'><strong>episcopus</strong></span> <span class='ocrx_word' id='word_1_546' title='bbox 992 4435 1157 4491; x_wconf 86' lang='lat' dir='ltr'><strong>annis</strong></span> <span class='ocrx_word' id='word_1_547' title='bbox 1185 4448 1345 4487; x_wconf 79' lang='lat' dir='ltr'><strong>xmu.</strong></span> <span class='ocrx_word' id='word_1_548' title='bbox 2111 4429 2149 4447; x_wconf 75' lang='grc' dir='ltr'><strong>ν</strong></span> <span class='ocrx_word' id='word_1_549' title='bbox 2251 4432 2356 4484; x_wconf 90' lang='grc'><strong>207</strong></span> <span class='ocrx_word' id='word_1_550' title='bbox 2383 4431 2490 4485; x_wconf 82' lang='lat' dir='ltr'><strong>Hoc</strong></span> <span class='ocrx_word' id='word_1_551' title='bbox 2515 4433 2753 4502; x_wconf 86' lang='lat' dir='ltr'><strong>tempore</strong></span> <span class='ocrx_word' id='word_1_552' title='bbox 2795 4429 3171 4503; x_wconf 82' lang='lat' dir='ltr'><strong>Symmachus,</strong></span> <span class='ocrx_word' id='word_1_553' title='bbox 3203 4437 3338 4503; x_wconf 89' lang='lat' dir='ltr'><strong>etc.,</strong></span> <span class='ocrx_word' id='word_1_554' title='bbox 3369 4438 3436 4490; x_wconf 90' lang='lat' dir='ltr'><strong>ut</strong></span> <span class='ocrx_word' id='word_1_555' title='bbox 3465 4439 3615 4506; x_wconf 87' lang='lat' dir='ltr'><strong>Aug.</strong></span> <span class='ocrx_word' id='word_1_556' title='bbox 3648 4450 3702 4490; x_wconf 91' lang='lat' dir='ltr'><strong>a.</strong></span> <span class='ocrx_word' id='word_1_557' title='bbox 3737 4451 3834 4506; x_wconf 91' lang='lat' dir='ltr'><strong>pr.</strong></span> 
     </span>
    </p>
   </div>
   <div class='ocr_carea' id='block_1_52' title="bbox 496 4518 3522 4598">
    <p class='ocr_par' dir='ltr' id='par_1_52' title="bbox 496 4518 3522 4598">
     <span class='ocr_line' id='line_1_52' title="bbox 496 4518 3522 4598; baseline -0.001 -18"><span class='ocrx_word' id='word_1_558' title='bbox 496 4528 600 4582; x_wconf 87' lang='lat'><strong>193</strong></span> <span class='ocrx_word' id='word_1_559' title='bbox 628 4527 823 4597; x_wconf 68' lang='lat' dir='ltr'><strong>Magna</strong></span> <span class='ocrx_word' id='word_1_560' title='bbox 873 4525 1101 4598; x_wconf 57' lang='lat' dir='ltr'><strong>quaestio</strong></span> <span class='ocrx_word' id='word_1_561' title='bbox 1145 4522 1210 4576; x_wconf 90' lang='lat' dir='ltr'><strong>de</strong></span> <span class='ocrx_word' id='word_1_562' title='bbox 1257 4519 1491 4592; x_wconf 85' lang='lat' dir='ltr'><strong>pascha,</strong></span> <span class='ocrx_word' id='word_1_563' title='bbox 1542 4523 1672 4582; x_wconf 88' lang='lat' dir='ltr'><strong>etc.,</strong></span> <span class='ocrx_word' id='word_1_564' title='bbox 1729 4523 1790 4572; x_wconf 89' lang='lat' dir='ltr'><strong>ut</strong></span> <span class='ocrx_word' id='word_1_565' title='bbox 1835 4519 1982 4590; x_wconf 88' lang='lat' dir='ltr'><strong>Aug.</strong></span> <span class='ocrx_word' id='word_1_566' title='bbox 2017 4535 2070 4575; x_wconf 89' lang='lat' dir='ltr'><strong>a.</strong></span> <span class='ocrx_word' id='word_1_567' title='bbox 2253 4521 2359 4574; x_wconf 85' lang='lat'><strong>208</strong></span> <span class='ocrx_word' id='word_1_568' title='bbox 2388 4519 2618 4573; x_wconf 86' lang='lat' dir='ltr'><strong>Severus</strong></span> <span class='ocrx_word' id='word_1_569' title='bbox 2646 4518 2874 4583; x_wconf 85' lang='lat' dir='ltr'><strong>vallum,</strong></span> <span class='ocrx_word' id='word_1_570' title='bbox 2907 4523 3042 4587; x_wconf 91' lang='lat' dir='ltr'><strong>etc.,</strong></span> <span class='ocrx_word' id='word_1_571' title='bbox 3078 4525 3144 4575; x_wconf 93' lang='lat' dir='ltr'><strong>ut</strong></span> <span class='ocrx_word' id='word_1_572' title='bbox 3169 4522 3316 4594; x_wconf 89' lang='lat' dir='ltr'><strong>Aug.</strong></span> <span class='ocrx_word' id='word_1_573' title='bbox 3349 4539 3402 4577; x_wconf 89' lang='lat' dir='ltr'><strong>a.</strong></span> <span class='ocrx_word' id='word_1_574' title='bbox 3435 4539 3522 4594; x_wconf 91' lang='lat' dir='ltr'><strong>pr.</strong></span> 
     </span>
    </p>
   </div>
   <div class='ocr_carea' id='block_1_53' title="bbox 429 4608 3576 4683">
    <p class='ocr_par' dir='ltr' id='par_1_53' title="bbox 429 4608 3576 4683">
     <span class='ocr_line' id='line_1_53' title="bbox 429 4608 3576 4683; baseline -0.001 -14"><span class='ocrx_word' id='word_1_575' title='bbox 429 4617 556 4673; x_wconf 82' lang='grc'>191.</span> <span class='ocrx_word' id='word_1_576' title='bbox 2251 4609 2360 4662; x_wconf 91' lang='grc'><strong>210</strong></span> <span class='ocrx_word' id='word_1_577' title='bbox 2391 4608 2773 4674; x_wconf 82' lang='lat' dir='ltr'><strong>Tertullianus,</strong></span> <span class='ocrx_word' id='word_1_578' title='bbox 2804 4611 2938 4675; x_wconf 91' lang='lat' dir='ltr'><strong>etc.,</strong></span> <span class='ocrx_word' id='word_1_579' title='bbox 2972 4613 3038 4663; x_wconf 91' lang='lat' dir='ltr'><strong>ut</strong></span> <span class='ocrx_word' id='word_1_580' title='bbox 3065 4610 3213 4682; x_wconf 89' lang='lat' dir='ltr'><strong>Aug.</strong></span> <span class='ocrx_word' id='word_1_581' title='bbox 3244 4627 3297 4666; x_wconf 89' lang='lat' dir='ltr'><strong>a.</strong></span> <span class='ocrx_word' id='word_1_582' title='bbox 3332 4628 3420 4683; x_wconf 92' lang='lat' dir='ltr'><strong>pr.</strong></span> <span class='ocrx_word' id='word_1_583' title='bbox 3449 4611 3576 4666; x_wconf 82' lang='lat'><strong>208.</strong></span> 
     </span>
    </p>
   </div>
   <div class='ocr_carea' id='block_1_54' title="bbox 503 4695 3845 4767">
    <p class='ocr_par' dir='ltr' id='par_1_54' title="bbox 503 4695 3845 4767">
     <span class='ocr_line' id='line_1_54' title="bbox 503 4695 3845 4767; baseline -0.001 -7"><span class='ocrx_word' id='word_1_584' title='bbox 503 4705 608 4764; x_wconf 89' lang='grc'><strong>494</strong></span> <span class='ocrx_word' id='word_1_585' title='bbox 631 4703 948 4762; x_wconf 86' lang='lat' dir='ltr'><strong>Commodus</strong></span> <span class='ocrx_word' id='word_1_586' title='bbox 977 4699 1210 4762; x_wconf 86' lang='lat' dir='ltr'><strong>cunctis,</strong></span> <span class='ocrx_word' id='word_1_587' title='bbox 1243 4701 1375 4765; x_wconf 90' lang='lat' dir='ltr'><strong>etc.,</strong></span> <span class='ocrx_word' id='word_1_588' title='bbox 1408 4699 1472 4751; x_wconf 91' lang='lat' dir='ltr'><strong>ut</strong></span> <span class='ocrx_word' id='word_1_589' title='bbox 1503 4695 1562 4748; x_wconf 90' lang='lat' dir='ltr'><strong>in</strong></span> <span class='ocrx_word' id='word_1_590' title='bbox 1594 4696 1739 4767; x_wconf 86' lang='lat' dir='ltr'><strong>Aug.</strong></span> <span class='ocrx_word' id='word_1_591' title='bbox 1775 4713 1826 4750; x_wconf 92' lang='lat' dir='ltr'><strong>a.</strong></span> <span class='ocrx_word' id='word_1_592' title='bbox 1862 4697 1983 4751; x_wconf 77' lang='grc'>192.</span> <span class='ocrx_word' id='word_1_593' title='bbox 2007 4730 2074 4738; x_wconf 90' lang='grc'><strong><em>-</em></strong></span> <span class='ocrx_word' id='word_1_594' title='bbox 2251 4696 2348 4752; x_wconf 87' lang='grc'><strong>244</strong></span> <span class='ocrx_word' id='word_1_595' title='bbox 2385 4695 2611 4750; x_wconf 87' lang='lat' dir='ltr'><strong>Severus</strong></span> <span class='ocrx_word' id='word_1_596' title='bbox 2640 4697 2699 4750; x_wconf 88' lang='lat' dir='ltr'><strong>in</strong></span> <span class='ocrx_word' id='word_1_597' title='bbox 2727 4697 3018 4751; x_wconf 82' lang='lat' dir='ltr'><strong>Britannia</strong></span> <span class='ocrx_word' id='word_1_598' title='bbox 3045 4700 3306 4754; x_wconf 87' lang='lat' dir='ltr'><strong>moritur.</strong></span> <span class='ocrx_word' id='word_1_599' title='bbox 3327 4700 3636 4755; x_wconf 82' lang='lat' dir='ltr'><strong>Antoninus</strong></span> <span class='ocrx_word' id='word_1_600' title='bbox 3666 4698 3845 4756; x_wconf 82' lang='lat' dir='ltr'><strong>Cara-</strong></span> 
     </span>
    </p>
   </div>
   <div class='ocr_carea' id='block_1_55' title="bbox 425 4785 2973 4858">
    <p class='ocr_par' dir='ltr' id='par_1_55' title="bbox 425 4785 2973 4858">
     <span class='ocr_line' id='line_1_55' title="bbox 425 4785 2973 4858; baseline -0.007 0"><span class='ocrx_word' id='word_1_601' title='bbox 425 4801 605 4858; x_wconf 66' lang='lat' dir='ltr'><strong>lElius</strong></span> <span class='ocrx_word' id='word_1_602' title='bbox 652 4797 922 4852; x_wconf 77' lang='lat' dir='ltr'><strong>Pertinax</strong></span> <span class='ocrx_word' id='word_1_603' title='bbox 969 4791 1076 4846; x_wconf 83' lang='lat' dir='ltr'><strong>XVI</strong></span> <span class='ocrx_word' id='word_1_604' title='bbox 1123 4802 1334 4841; x_wconf 89' lang='lat' dir='ltr'><strong>menses</strong></span> <span class='ocrx_word' id='word_1_605' title='bbox 1378 4802 1456 4840; x_wconf 78' lang='lat' dir='ltr'><strong>v1.</strong></span> <span class='ocrx_word' id='word_1_606' title='bbox 1495 4785 1648 4839; x_wconf 86' lang='lat' dir='ltr'><strong>llunc</strong></span> <span class='ocrx_word' id='word_1_607' title='bbox 1691 4785 1945 4840; x_wconf 87' lang='lat' dir='ltr'><strong>Julianus</strong></span> <span class='ocrx_word' id='word_1_608' title='bbox 1979 4786 2075 4857; x_wconf 89' lang='lat' dir='ltr'><strong>ju-</strong></span> <span class='ocrx_word' id='word_1_609' title='bbox 2181 4786 2327 4841; x_wconf 82' lang='lat' dir='ltr'><strong>calta</strong></span> <span class='ocrx_word' id='word_1_610' title='bbox 2355 4785 2531 4849; x_wconf 87' lang='lat' dir='ltr'><strong>XVIII,</strong></span> <span class='ocrx_word' id='word_1_611' title='bbox 2555 4785 2722 4840; x_wconf 84' lang='lat' dir='ltr'><strong>annis</strong></span> <span class='ocrx_word' id='word_1_612' title='bbox 2751 4787 2973 4855; x_wconf 86' lang='lat' dir='ltr'><strong>septem.</strong></span> 
     </span>
    </p>
   </div>
   <div class='ocr_carea' id='block_1_56' title="bbox 425 4863 3840 4962">
    <p class='ocr_par' dir='ltr' id='par_1_56' title="bbox 425 4863 3840 4962">
     <span class='ocr_line' id='line_1_56' title="bbox 425 4863 3840 4962; baseline -0.004 -15"><span class='ocrx_word' id='word_1_613' title='bbox 425 4889 717 4962; x_wconf 86' lang='lat' dir='ltr'><strong>risperitus</strong></span> <span class='ocrx_word' id='word_1_614' title='bbox 747 4881 994 4939; x_wconf 84' lang='lat' dir='ltr'><strong>occidens</strong></span> <span class='ocrx_word' id='word_1_615' title='bbox 1042 4876 1292 4947; x_wconf 85' lang='lat' dir='ltr'><strong>reg-navit</strong></span> <span class='ocrx_word' id='word_1_616' title='bbox 1331 4863 1540 4929; x_wconf 84' lang='lat' dir='ltr'><strong>menses</strong></span> <span class='ocrx_word' id='word_1_617' title='bbox 1569 4882 1789 4945; x_wconf 86' lang='lat' dir='ltr'><strong>septem.</strong></span> <span class='ocrx_word' id='word_1_618' title='bbox 1824 4905 1889 4915; x_wconf 90' lang='lat'><strong>—</strong></span> <span class='ocrx_word' id='word_1_619' title='bbox 1917 4875 2074 4930; x_wconf 87' lang='lat' dir='ltr'><strong>Seve-</strong></span> <span class='ocrx_word' id='word_1_620' title='bbox 2254 4874 2360 4928; x_wconf 92' lang='grc'><strong>242</strong></span> <span class='ocrx_word' id='word_1_621' title='bbox 2391 4873 2696 4928; x_wconf 74' lang='lat' dir='ltr'><strong>Antiochia:</strong></span> <span class='ocrx_word' id='word_1_622' title='bbox 2723 4888 2900 4928; x_wconf 87' lang='lat' dir='ltr'><strong>nonus</strong></span> <span class='ocrx_word' id='word_1_623' title='bbox 2928 4875 3209 4945; x_wconf 87' lang='lat' dir='ltr'><strong>episcopus</strong></span> <span class='ocrx_word' id='word_1_624' title='bbox 3235 4875 3574 4948; x_wconf 84' lang='lat' dir='ltr'><strong>Asclepiades</strong></span> <span class='ocrx_word' id='word_1_625' title='bbox 3603 4875 3840 4933; x_wconf 81' lang='lat' dir='ltr'><strong>ordina-</strong></span> 
     </span>
    </p>
   </div>
   <div class='ocr_carea' id='block_1_57' title="bbox 423 4963 2295 5040">
    <p class='ocr_par' dir='ltr' id='par_1_57' title="bbox 423 4963 2295 5040">
     <span class='ocr_line' id='line_1_57' title="bbox 423 4963 2295 5040; baseline -0.011 -3"><span class='ocrx_word' id='word_1_626' title='bbox 423 4996 521 5036; x_wconf 88' lang='lat' dir='ltr'><strong>rus</strong></span> <span class='ocrx_word' id='word_1_627' title='bbox 582 4975 734 5038; x_wconf 79' lang='grc' dir='ltr'><strong>Χνιι,</strong></span> <span class='ocrx_word' id='word_1_628' title='bbox 800 4985 996 5040; x_wconf 85' lang='lat' dir='ltr'><strong>genere</strong></span> <span class='ocrx_word' id='word_1_629' title='bbox 1042 4970 1193 5036; x_wconf 75' lang='lat' dir='ltr'><strong>Afer,</strong></span> <span class='ocrx_word' id='word_1_630' title='bbox 1245 4964 1409 5016; x_wconf 82' lang='lat' dir='ltr'><strong>annis</strong></span> <span class='ocrx_word' id='word_1_631' title='bbox 1454 4979 1590 5018; x_wconf 80' lang='lat' dir='ltr'><strong>XVII.</strong></span> <span class='ocrx_word' id='word_1_632' title='bbox 1643 4964 1740 5016; x_wconf 87' lang='lat' dir='ltr'><strong>llic</strong></span> <span class='ocrx_word' id='word_1_633' title='bbox 1789 4963 2077 5018; x_wconf 85' lang='lat' dir='ltr'><strong>Julianum</strong></span> <span class='ocrx_word' id='word_1_634' title='bbox 2185 4967 2295 5018; x_wconf 86' lang='lat' dir='ltr'><strong>tur.</strong></span> 
     </span>
    </p>
   </div>
   <div class='ocr_carea' id='block_1_58' title="bbox 425 5050 3845 5126">
    <p class='ocr_par' dir='ltr' id='par_1_58' title="bbox 425 5050 3845 5126">
     <span class='ocr_line' id='line_1_58' title="bbox 425 5050 3845 5126; baseline -0.005 -1"><span class='ocrx_word' id='word_1_635' title='bbox 425 5068 586 5126; x_wconf 76' lang='lat' dir='ltr'><strong>czvili</strong></span> <span class='ocrx_word' id='word_1_636' title='bbox 616 5063 754 5120; x_wconf 83' lang='lat' dir='ltr'><strong>bello</strong></span> <span class='ocrx_word' id='word_1_637' title='bbox 781 5061 932 5124; x_wconf 89' lang='lat' dir='ltr'><strong>vicit,</strong></span> <span class='ocrx_word' id='word_1_638' title='bbox 955 5060 1004 5111; x_wconf 90' lang='lat' dir='ltr'><strong>et</strong></span> <span class='ocrx_word' id='word_1_639' title='bbox 1034 5071 1089 5110; x_wconf 89' lang='lat' dir='ltr'><strong>se</strong></span> <span class='ocrx_word' id='word_1_640' title='bbox 1117 5053 1456 5106; x_wconf 78' lang='lat' dir='ltr'><strong>Pertinacem</strong></span> <span class='ocrx_word' id='word_1_641' title='bbox 1487 5052 1798 5122; x_wconf 84' lang='lat' dir='ltr'><strong>appellavit.</strong></span> <span class='ocrx_word' id='word_1_642' title='bbox 2255 5051 2360 5106; x_wconf 84' lang='lat'><strong>243</strong></span> <span class='ocrx_word' id='word_1_643' title='bbox 2392 5053 2501 5106; x_wconf 85' lang='lat' dir='ltr'><strong>Hoc</strong></span> <span class='ocrx_word' id='word_1_644' title='bbox 2529 5055 2764 5122; x_wconf 86' lang='lat' dir='ltr'><strong>tempore</strong></span> <span class='ocrx_word' id='word_1_645' title='bbox 2792 5050 3105 5107; x_wconf 75' lang='lat' dir='ltr'><strong>Alexander</strong></span> <span class='ocrx_word' id='word_1_646' title='bbox 3144 5055 3427 5125; x_wconf 86' lang='lat' dir='ltr'><strong>episcopus</strong></span> <span class='ocrx_word' id='word_1_647' title='bbox 3475 5052 3845 5125; x_wconf 67' lang='lat' dir='ltr'><strong>Cappadocia?</strong></span> 
     </span>
    </p>
   </div>
   <div class='ocr_carea' id='block_1_59' title="bbox 499 5139 3840 5219">
    <p class='ocr_par' dir='ltr' id='par_1_59' title="bbox 499 5139 3840 5219">
     <span class='ocr_line' id='line_1_59' title="bbox 499 5139 3840 5219; baseline -0.004 -7"><span class='ocrx_word' id='word_1_648' title='bbox 499 5156 601 5212; x_wconf 85' lang='lat'><strong>497</strong></span> <span class='ocrx_word' id='word_1_649' title='bbox 627 5153 734 5209; x_wconf 82' lang='lat' dir='ltr'><strong>Hoc</strong></span> <span class='ocrx_word' id='word_1_650' title='bbox 765 5153 1002 5219; x_wconf 85' lang='lat' dir='ltr'><strong>tempore</strong></span> <span class='ocrx_word' id='word_1_651' title='bbox 1031 5142 1324 5200; x_wconf 86' lang='lat' dir='ltr'><strong>Narcissus</strong></span> <span class='ocrx_word' id='word_1_652' title='bbox 1351 5139 1910 5212; x_wconf 83' lang='lat' dir='ltr'><strong>Hierosalymitanus,</strong></span> <span class='ocrx_word' id='word_1_653' title='bbox 1941 5143 2074 5211; x_wconf 87' lang='lat' dir='ltr'><strong>etc.,</strong></span> <span class='ocrx_word' id='word_1_654' title='bbox 2184 5159 2220 5196; x_wconf 90' lang='lat' dir='ltr'><strong>a</strong></span> <span class='ocrx_word' id='word_1_655' title='bbox 2274 5141 2524 5196; x_wconf 87' lang='lat' dir='ltr'><strong>Narcisso</strong></span> <span class='ocrx_word' id='word_1_656' title='bbox 2585 5140 3078 5210; x_wconf 86' lang='lat' dir='ltr'><strong>Hierosolymitano</strong></span> <span class='ocrx_word' id='word_1_657' title='bbox 3143 5144 3388 5214; x_wconf 87' lang='lat' dir='ltr'><strong>episcopo</strong></span> <span class='ocrx_word' id='word_1_658' title='bbox 3447 5143 3840 5199; x_wconf 86' lang='lat' dir='ltr'><strong>constituitur.</strong></span> 
     </span>
    </p>
   </div>
   <div class='ocr_carea' id='block_1_60' title="bbox 434 5228 2746 5314">
    <p class='ocr_par' dir='ltr' id='par_1_60' title="bbox 434 5228 2746 5314">
     <span class='ocr_line' id='line_1_60' title="bbox 434 5228 2746 5314; baseline -0.007 -13"><span class='ocrx_word' id='word_1_659' title='bbox 434 5248 503 5301; x_wconf 87' lang='lat' dir='ltr'><strong>ut</strong></span> <span class='ocrx_word' id='word_1_660' title='bbox 531 5248 684 5314; x_wconf 82' lang='lat' dir='ltr'><strong>Aug.</strong></span> <span class='ocrx_word' id='word_1_661' title='bbox 718 5257 751 5295; x_wconf 86' lang='lat' dir='ltr'><strong>a</strong></span> <span class='ocrx_word' id='word_1_662' title='bbox 781 5255 868 5312; x_wconf 91' lang='lat' dir='ltr'><strong>pr.</strong></span> <span class='ocrx_word' id='word_1_663' title='bbox 2185 5229 2318 5284; x_wconf 88' lang='lat' dir='ltr'><strong>Vid.</strong></span> <span class='ocrx_word' id='word_1_664' title='bbox 2350 5231 2498 5300; x_wconf 87' lang='lat' dir='ltr'><strong>Aug.</strong></span> <span class='ocrx_word' id='word_1_665' title='bbox 2533 5244 2585 5284; x_wconf 89' lang='lat' dir='ltr'><strong>a.</strong></span> <span class='ocrx_word' id='word_1_666' title='bbox 2619 5228 2678 5284; x_wconf 89' lang='lat'><strong>24</strong></span> <span class='ocrx_word' id='word_1_667' title='bbox 2695 5229 2746 5285; x_wconf 79' lang='grc'>2.</span> 
     </span>
    </p>
   </div>
   <div class='ocr_carea' id='block_1_61' title="bbox 2009 5328 2243 5384">
    <p class='ocr_par' dir='ltr' id='par_1_61' title="bbox 2009 5328 2243 5384">
     <span class='ocr_line' id='line_1_61' title="bbox 2009 5328 2243 5384; baseline 0 0"><span class='ocrx_word' id='word_1_668' title='bbox 2009 5328 2243 5384; x_wconf 74' lang='lat' dir='ltr'><strong>NOT/E.</strong></span> 
     </span>
    </p>
   </div>
   <div class='ocr_carea' id='block_1_62' title="bbox 502 5425 3845 5523">
    <p class='ocr_par' dir='ltr' id='par_1_62' title="bbox 502 5425 3845 5523">
     <span class='ocr_line' id='line_1_62' title="bbox 502 5425 3845 5523; baseline -0.003 -29"><span class='ocrx_word' id='word_1_669' title='bbox 502 5440 616 5523; x_wconf 85' lang='lat'><strong>(30)</strong></span> <span class='ocrx_word' id='word_1_670' title='bbox 645 5437 769 5492; x_wconf 90' lang='lat' dir='ltr'><strong>Non</strong></span> <span class='ocrx_word' id='word_1_671' title='bbox 806 5449 922 5518; x_wconf 76' lang='lat' dir='ltr'><strong>una</strong></span> <span class='ocrx_word' id='word_1_672' title='bbox 952 5434 1039 5523; x_wconf 73' lang='lat' dir='ltr'><strong>est</strong></span> <span class='ocrx_word' id='word_1_673' title='bbox 1068 5427 1330 5523; x_wconf 77' lang='lat' dir='ltr'><strong>omnium</strong></span> <span class='ocrx_word' id='word_1_674' title='bbox 1356 5427 1433 5523; x_wconf 62' lang='lat' dir='ltr'><strong>de</strong></span> <span class='ocrx_word' id='word_1_675' title='bbox 1458 5429 1716 5523; x_wconf 62' lang='lat' dir='ltr'><strong>tempore</strong></span> <span class='ocrx_word' id='word_1_676' title='bbox 1737 5425 1914 5523; x_wconf 51' lang='lat' dir='ltr'><strong>hu&#39;jus</strong></span> <span class='ocrx_word' id='word_1_677' title='bbox 1945 5443 2078 5482; x_wconf 85' lang='lat' dir='ltr'><strong>con-</strong></span> <span class='ocrx_word' id='word_1_678' title='bbox 2189 5425 2402 5523; x_wconf 48' lang='grc'><strong>(1001111),⁵</strong></span> <span class='ocrx_word' id='word_1_679' title='bbox 2417 5441 2572 5523; x_wconf 50' lang='lat' dir='ltr'><strong>ann?</strong></span> <span class='ocrx_word' id='word_1_680' title='bbox 2599 5425 3576 5523; x_wconf 45' lang='lat' dir='ltr'><strong>212.ANar;cis)so‘HieroslglyEnitanp</strong></span> <span class='ocrx_word' id='word_1_681' title='bbox 3606 5440 3845 5523; x_wconf 44' lang='lat' dir='ltr'><strong>spectes-</strong></span> 
     </span>
    </p>
   </div>
   <div class='ocr_carea' id='block_1_63' title="bbox 431 5496 3850 5572">
    <p class='ocr_par' dir='ltr' id='par_1_63' title="bbox 431 5496 3850 5572">
     <span class='ocr_line' id='line_1_63' title="bbox 431 5496 3850 5572; baseline -0.004 -5"><span class='ocrx_word' id='word_1_682' title='bbox 431 5496 550 5568; x_wconf 80' lang='lat' dir='ltr'><strong>cilii</strong></span> <span class='ocrx_word' id='word_1_683' title='bbox 585 5496 825 5564; x_wconf 61' lang='lat' dir='ltr'><strong>Romani</strong></span> <span class='ocrx_word' id='word_1_684' title='bbox 876 5501 1183 5567; x_wconf 88' lang='lat' dir='ltr'><strong>sententia,</strong></span> <span class='ocrx_word' id='word_1_685' title='bbox 1233 5499 1388 5572; x_wconf 89' lang='lat' dir='ltr'><strong>quod</strong></span> <span class='ocrx_word' id='word_1_686' title='bbox 1440 5496 1703 5570; x_wconf 79' lang='lat' dir='ltr'><strong>plerique</strong></span> <span class='ocrx_word' id='word_1_687' title='bbox 1753 5498 1822 5553; x_wconf 89' lang='lat' dir='ltr'><strong>ad</strong></span> <span class='ocrx_word' id='word_1_688' title='bbox 1856 5514 2080 5555; x_wconf 89' lang='lat' dir='ltr'><strong>annum</strong></span> <span class='ocrx_word' id='word_1_689' title='bbox 2190 5513 2288 5572; x_wconf 84' lang='lat' dir='ltr'><strong>sor</strong></span> <span class='ocrx_word' id='word_1_690' title='bbox 2307 5497 2497 5558; x_wconf 88' lang='lat' dir='ltr'><strong>datus.</strong></span> <span class='ocrx_word' id='word_1_691' title='bbox 2523 5497 2593 5552; x_wconf 92' lang='lat' dir='ltr'><strong>de</strong></span> <span class='ocrx_word' id='word_1_692' title='bbox 2614 5497 2768 5572; x_wconf 79' lang='lat' dir='ltr'><strong>quod</strong></span> <span class='ocrx_word' id='word_1_693' title='bbox 2795 5498 2908 5572; x_wconf 88' lang='lat' dir='ltr'><strong>vid.</strong></span> <span class='ocrx_word' id='word_1_694' title='bbox 2929 5497 3204 5572; x_wconf 66' lang='lat' dir='ltr'><strong>Bolland.</strong></span> <span class='ocrx_word' id='word_1_695' title='bbox 3230 5499 3300 5555; x_wconf 88' lang='lat'><strong>48</strong></span> <span class='ocrx_word' id='word_1_696' title='bbox 3319 5496 3577 5566; x_wconf 87' lang='lat' dir='ltr'><strong>Mart.,t.</strong></span> <span class='ocrx_word' id='word_1_697' title='bbox 3612 5496 3850 5554; x_wconf 88' lang='lat' dir='ltr'><strong>II.Nar-</strong></span> 
     </span>
    </p>
   </div>
   <div class='ocr_carea' id='block_1_64' title="bbox 435 5567 3041 5650">
    <p class='ocr_par' dir='ltr' id='par_1_64' title="bbox 435 5567 3041 5650">
     <span class='ocr_line' id='line_1_64' title="bbox 435 5567 3041 5650; baseline -0.006 -10"><span class='ocrx_word' id='word_1_698' title='bbox 435 5567 557 5648; x_wconf 82' lang='grc'>196,</span> <span class='ocrx_word' id='word_1_699' title='bbox 589 5586 691 5637; x_wconf 89' lang='lat' dir='ltr'><strong>aut</strong></span> <span class='ocrx_word' id='word_1_700' title='bbox 719 5581 1063 5650; x_wconf 73' lang='lat' dir='ltr'><strong>sequentem</strong></span> <span class='ocrx_word' id='word_1_701' title='bbox 1097 5567 1407 5650; x_wconf 77' lang='lat' dir='ltr'><strong>reponunt.</strong></span> <span class='ocrx_word' id='word_1_702' title='bbox 1442 5567 1624 5650; x_wconf 20' lang='lat' dir='ltr'><strong>Pagi</strong></span> <span class='ocrx_word' id='word_1_703' title='bbox 1721 5639 1759 5650; x_wconf 40' lang='lat' dir='ltr'><strong>ﬁ</strong></span> <span class='ocrx_word' id='word_1_704' title='bbox 1804 5638 1815 5650; x_wconf 82' lang='lat'>_</span> <span class='ocrx_word' id='word_1_705' title='bbox 1966 5643 1975 5650; x_wconf 28' lang='grc' dir='ltr'><strong><em>Δ</em></strong></span> <span class='ocrx_word' id='word_1_706' title='bbox 2187 5568 2379 5650; x_wconf 43' lang='lat' dir='ltr'><strong>ciss‘u‘s</strong></span> <span class='ocrx_word' id='word_1_707' title='bbox 2409 5584 2545 5650; x_wconf 70' lang='lat' dir='ltr'><strong>vero</strong></span> <span class='ocrx_word' id='word_1_708' title='bbox 2575 5567 2787 5650; x_wconf 66' lang='lat' dir='ltr'><strong>colitur</strong></span> <span class='ocrx_word' id='word_1_709' title='bbox 2813 5571 2887 5650; x_wconf 77' lang='grc'>29</span> <span class='ocrx_word' id='word_1_710' title='bbox 2915 5569 3041 5626; x_wconf 91' lang='lat' dir='ltr'><strong>Oct.</strong></span> 
     </span>
    </p>
   </div>
   <div class='ocr_carea' id='block_1_65' title="bbox 504 5637 3853 5769">
    <p class='ocr_par' dir='ltr' id='par_1_65' title="bbox 504 5637 3853 5769">
     <span class='ocr_line' id='line_1_65' title="bbox 504 5637 3853 5769; baseline -0.003 -59"><span class='ocrx_word' id='word_1_711' title='bbox 504 5637 620 5727; x_wconf 81' lang='lat'><strong>(31)</strong></span> <span class='ocrx_word' id='word_1_712' title='bbox 666 5637 819 5708; x_wconf 50' lang='lat' dir='ltr'><strong>Eus:</strong></span> <span class='ocrx_word' id='word_1_713' title='bbox 849 5650 980 5705; x_wconf 89' lang='lat' dir='ltr'><strong>Chr.</strong></span> <span class='ocrx_word' id='word_1_714' title='bbox 1027 5637 1408 5718; x_wconf 76' lang='lat' dir='ltr'><strong>Polycarpum</strong></span> <span class='ocrx_word' id='word_1_715' title='bbox 1458 5637 1671 5696; x_wconf 83' lang='lat' dir='ltr'><strong>melius</strong></span> <span class='ocrx_word' id='word_1_716' title='bbox 1721 5638 2080 5712; x_wconf 89' lang='lat' dir='ltr'><strong>Polycratem</strong></span> <span class='ocrx_word' id='word_1_717' title='bbox 2263 5640 2376 5711; x_wconf 84' lang='lat'><strong>(33)</strong></span> <span class='ocrx_word' id='word_1_718' title='bbox 2425 5637 2722 5694; x_wconf 86' lang='lat' dir='ltr'><strong>Caracalla</strong></span> <span class='ocrx_word' id='word_1_719' title='bbox 2764 5639 3093 5724; x_wconf 77' lang='lat' dir='ltr'><strong>indumenti</strong></span> <span class='ocrx_word' id='word_1_720' title='bbox 3142 5657 3331 5769; x_wconf 53' lang='lat' dir='ltr'><strong>genus</strong></span> <span class='ocrx_word' id='word_1_721' title='bbox 3374 5643 3524 5724; x_wconf 72' lang='lat' dir='ltr'><strong>erat,</strong></span> <span class='ocrx_word' id='word_1_722' title='bbox 3571 5638 3853 5724; x_wconf 34' lang='lat' dir='ltr'><strong>adotalos</strong></span> 
     </span>
     <span class='ocr_line' id='line_1_66' title="bbox 509 5709 3782 5769; baseline 0 0"><span class='ocrx_word' id='word_1_723' title='bbox 509 5731 602 5769; x_wconf 69' lang='grc' dir='ltr'><strong>Μή</strong></span> <span class='ocrx_word' id='word_1_724' title='bbox 2191 5725 2379 5769; x_wconf 76' lang='lat' dir='ltr'><strong>usque</strong></span> <span class='ocrx_word' id='word_1_725' title='bbox 2409 5709 2758 5769; x_wconf 82' lang='lat' dir='ltr'><strong>demissum.</strong></span> <span class='ocrx_word' id='word_1_726' title='bbox 2791 5711 2922 5769; x_wconf 82' lang='lat' dir='ltr'><strong>Vld.</strong></span> <span class='ocrx_word' id='word_1_727' title='bbox 2957 5711 3112 5769; x_wconf 87' lang='lat' dir='ltr'><strong>Sext.</strong></span> <span class='ocrx_word' id='word_1_728' title='bbox 3192 5711 3338 5769; x_wconf 90' lang='lat' dir='ltr'><strong>urel.</strong></span> <span class='ocrx_word' id='word_1_729' title='bbox 3370 5728 3432 5769; x_wconf 81' lang='lat' dir='ltr'><strong>1n</strong></span> <span class='ocrx_word' id='word_1_730' title='bbox 3460 5713 3782 5769; x_wconf 83' lang='lat' dir='ltr'><strong>Antonlno.</strong></span> 
     </span>
    </p>
   </div>
   <div class='ocr_carea' id='block_1_66' title="bbox 430 5709 3782 5784">
    <p class='ocr_par' dir='ltr' id='par_1_66' title="bbox 430 5709 3782 5784">
     <span class='ocr_line' id='line_1_67' title="bbox 430 5709 3782 5784; baseline -0.004 0"><span class='ocrx_word' id='word_1_731' title='bbox 430 5709 621 5784; x_wconf 69' lang='lat' dir='ltr'><strong>vocat.</strong></span> <span class='ocrx_word' id='word_1_732' title='bbox 1129 5709 1148 5718; x_wconf 82' lang='grc'><em>’</em></span> <span class='ocrx_word' id='word_1_733' title='bbox 1267 5709 1285 5715; x_wconf 81' lang='grc'><em>’</em></span> <span class='ocrx_word' id='word_1_734' title='bbox 1337 5783 1349 5784; x_wconf 22' lang='grc' dir='ltr'>ί</span> <span class='ocrx_word' id='word_1_735' title='bbox 1613 5779 1624 5784; x_wconf 50' lang='grc'><em>,</em></span> <span class='ocrx_word' id='word_1_736' title='bbox 1828 5709 1842 5712; x_wconf 60' lang='grc'><strong>⁷</strong></span> <span class='ocrx_word' id='word_1_737' title='bbox 1878 5781 1905 5784; x_wconf 26' lang='grc' dir='ltr'>ι</span> <span class='ocrx_word' id='word_1_738' title='bbox 2191 5709 2379 5783; x_wconf 66' lang='grc' dir='ltr'><strong>ιιεζιιιθ</strong></span> <span class='ocrx_word' id='word_1_739' title='bbox 2409 5709 2758 5769; x_wconf 84' lang='lat' dir='ltr'><strong>demissum.</strong></span> <span class='ocrx_word' id='word_1_740' title='bbox 2791 5711 2922 5769; x_wconf 87' lang='lat' dir='ltr'><strong>Vid.</strong></span> <span class='ocrx_word' id='word_1_741' title='bbox 2957 5711 3112 5770; x_wconf 88' lang='lat' dir='ltr'><strong>Sext.</strong></span> <span class='ocrx_word' id='word_1_742' title='bbox 3142 5709 3338 5770; x_wconf 74' lang='lat' dir='ltr'><strong>Aurel.</strong></span> <span class='ocrx_word' id='word_1_743' title='bbox 3370 5711 3432 5770; x_wconf 91' lang='lat' dir='ltr'><strong>in</strong></span> <span class='ocrx_word' id='word_1_744' title='bbox 3460 5709 3782 5772; x_wconf 86' lang='lat' dir='ltr'><strong>Antonino.</strong></span> 
     </span>
    </p>
   </div>
   <div class='ocr_carea' id='block_1_67' title="bbox 502 5779 2086 5881">
    <p class='ocr_par' dir='ltr' id='par_1_67' title="bbox 502 5779 2086 5881">
     <span class='ocr_line' id='line_1_68' title="bbox 502 5779 2086 5881; baseline -0.015 -19"><span class='ocrx_word' id='word_1_745' title='bbox 645 5793 971 5858; x_wconf 79' lang='lat' dir='ltr'><strong>Alexander</strong></span> <span class='ocrx_word' id='word_1_746' title='bbox 998 5788 1095 5850; x_wconf 85' lang='lat' dir='ltr'><strong>hic</strong></span> <span class='ocrx_word' id='word_1_747' title='bbox 1125 5789 1298 5849; x_wconf 79' lang='lat' dir='ltr'><strong>antea</strong></span> <span class='ocrx_word' id='word_1_748' title='bbox 1325 5783 1516 5842; x_wconf 81' lang='lat' dir='ltr'><strong>fuerat</strong></span> <span class='ocrx_word' id='word_1_749' title='bbox 1534 5779 1848 5860; x_wconf 81' lang='lat' dir='ltr'><strong>episcopus</strong></span> <span class='ocrx_word' id='word_1_750' title='bbox 1867 5781 2086 5856; x_wconf 82' lang='lat' dir='ltr'><strong>Cappa-</strong></span> 
     </span>
    </p>
   </div>
  </div>
