4026 6228
206 248 303 329 .ep
1500 248 1909 313 cunomcm

2065 275 2087 299 ι·
2110 248 2298 311 ΞᾸΞΟ.
2344 249 2417 311 II.
3104 325 3111 331 ,
3582 261 3661 321 70

1627 383 1863 441 CODEX
1898 381 2293 439 AUGIENSIS.

304 479 415 536 214
444 479 811 537 Antoniana
841 480 1084 537 thermas
1113 479 1277 537 dictis
1324 484 1465 538 sunt
1500 481 1805 538 Caracallae
1836 499 1904 538 ex
1932 483 1985 548 Α
2017 480 2191 553 lytus,
2222 487 2277 536 et
2308 480 2568 554 Beryllus
2596 482 2905 556 episcopus
2940 484 3255 544 Bostreuus
3285 486 3424 545 clari
3474 490 3657 564 scrip-

246 567 482 625 u'omine
509 568 827 626 Antonini.

314 658 423 714 215
451 658 795 716 Antoninus
828 658 1025 715 Romae
1053 658 1313 716 thermas
1342 658 1434 716 sui
1464 659 1722 717 nominis
1768 659 1905 716 tedi-

250 745 460 804 ﬁcavit.
496 751 629 805 Eus.
662 765 720 804 a.
753 748 881 803 216.

316 836 425 891 216
470 836 807 893 Antoninus
856 835 1227 910 impatientia
1272 836 1539 894 lidibinis
1596 852 1905 894 novercam

251 940 424 982 suam
456 924 681 981 Juliam
714 925 883 982 duxit
909 942 1174 983 uxorem.
1204 927 1331 983 Eus.
1364 944 1422 982 a.
1454 928 1582 982 217.

315 1015 425 1068 217
456 1013 795 1071 Antoninus
825 1014 1179 1071 interficitur
1197 1030 1352 1073 anno
1382 1014 1515 1073 vitae
1545 1014 1741 1072 XLIII.
1774 1017 1903 1071 Eus.

248 1103 307 1159 Ii.
336 1119 392 1159 a.

323 1192 435 1248 218
465 1192 553 1265 (In
591 1209 769 1265 marg.
822 1191 1120 1250 Macrinus
1167 1210 1306 1249 ann.
1339 1193 1405 1265 ι.)
1437 1192 1633 1251 Roma
1678 1191 1904 1264 amphi-

246 1280 553 1337 theatrum
588 1270 913 1337 incensum.
947 1283 1073 1337 Eus.
1124 1314 1195 1322 —
1241 1279 1559 1337 Antiochiae
1599 1281 1909 1353 episcopus

248 1369 641 1426 constituitur
685 1369 947 1426 Philetus
994 1371 1059 1426 X.
1118 1370 1249 1425 Eus.
1282 1369 1338 1428 Ιι.
1375 1387 1439 1431 α;
1470 1370 1546 1425 al.
1578 1387 1631 1426 a.
1677 1386 1786 1442 seq.
1845 1400 1907 1410 ~—

249 1458 553 1514 Macrinus
582 1474 721 1515 cum
750 1458 870 1515 lilio
900 1457 1265 1515 Diadumene
1294 1458 1582 1515 occiditur
1608 1457 1668 1514 in
1700 1457 1911 1513 Arche-

124 1562 131 1569 ·
250 1546 432 1605 Iaide.
466 1549 594 1603 Eus.
624 1546 682 1602 h.
715 1565 771 1603 a.

329 1634 427 1691 17
460 1634 570 1693 219
616 1635 702 1708 (In
750 1651 929 1704 marg.
961 1634 1235 1691 Aurelius
1262 1634 1594 1691 Antoninus
1637 1652 1775 1691 ann.
1810 1636 1909 1707 ιν.)

249 1723 540 1779 Aurelius
567 1724 901 1780 Antoninus
918 1724 1063 1780 adeo
1084 1723 1381 1797 impudice
1402 1723 1462 1780 in
1484 1722 1727 1798 imperio
1749 1724 1908 1792 vixit,

252 1815 328 1866 ut
375 1810 607 1867 nullum
655 1827 839 1886 genus
880 1812 1260 1869 obscenitatis
1289 1813 1575 1870 omiserit.
1608 1815 1738 1870 Eus.
1766 1812 1821 1868 h.
1851 1830 1906 1869 a.

248 1897 540 1956 Callistus
570 1916 719 1974 papa
746 1900 838 1955 XV
869 1901 1041 1957 annis
1069 1919 1124 1958 ν.
1158 1903 1292 1957 Eus.
1324 1919 1379 1957 a.
1410 1902 1547 1971 220;
1580 1900 1661 1960 al.
1702 1901 1757 1957 ll.
1791 1919 1848 1958 a.

306 1989 445 2045 220
462 1988 810 2063 Hippolytus
836 1990 1148 2063 episcOpus
1178 1988 1373 2046 clarus
1402 1990 1671 2047 habetur.
1704 1991 1867 2047 Beda.

326 2078 429 2131 221
468 2076 533 2132 In
563 2076 866 2134 Palaestina
895 2077 1213 2151 Nicopolis,
1240 2095 1368 2151 quis
1418 2079 1584 2152 prius
1636 2080 1915 2136 Emmaus

248 2164 602 2234 voeabatur,
629 2166 865 2222 condita
886 2170 995 2223 est.
1023 2167 1149 2222 Eus.
1181 2185 1235 2223 a.
1268 2183 1378 2241 seq.

328 2255 443 2311 222
473 2255 747 2312 Aurelius
776 2255 1038 2312 tumultu
1079 2254 1316 2313 militari
1367 2257 1561 2313 Romae
1610 2258 1913 2314 occiditur.

258 2346 393 2399 Eus.
422 2343 479 2398 h.
515 2361 567 2399 a.

332 2432 445 2488 223
474 2434 558 2503 (In
593 2449 777 2503 marg.
813 2432 1138 2490 Alexander
1165 2432 1288 2489 XXI
1316 2450 1454 2490 ann.
1488 2451 1613 2490 xm.
1646 2434 1916 2508 (Alexan-

255 2522 372 2578 der
401 2525 650 2578 Xerxem
682 2538 879 2595 regem
907 2522 1218 2579 Persarum
1248 2521 1538 2579 vicit.Eus.
1566 2523 1623 2579 h.
1655 2540 1706 2580 a.

331 2612 442 2666 224
492 2610 597 2666 Hic
644 2610 917 2669 militaris
975 2609 1296 2685 disciplinas
1350 2627 1586 2669 severus
1631 2616 1921 2671 corrector

259 2700 395 2756 fuit.
428 2701 556 2757 Eus.
592 2699 648 2755 h.
681 2717 735 2756 a.

329 2790 442 2845 225
472 2788 746 2845 Urbanus
774 2806 926 2863 papa
954 2789 1079 2846 XVI
1126 2790 1279 2846 sedit
1306 2790 1477 2847 annis
1509 2808 1586 2846 ιιι.
1621 2790 1722 2846 llic
1762 2792 1917 2847 mul-

260 2882 357 2935 tos
381 2876 671 2934 nobilium
702 2878 773 2934 ad
806 2878 982 2934 ﬁdem
1015 2877 1226 2935 Christi
1256 2879 1557 2936 convertit.
1591 2880 1717 2936 Eus.
1740 2881 1796 2935 Ιι.
1837 2898 1919 2943 α.;

258 2967 343 3023 al.
375 2984 433 3023 α.
464 2967 594 3022 223.

332 3056 445 3112 226
466 3054 751 3129 Ulpianus
762 3055 1229 3126 jurisconsultus
1245 3056 1496 3130 insignis
1512 3056 1913 3114 habetur.Eus.

260 3144 323 3200 h.
354 3161 409 3201 a.

2014 573 2169 625 tores
2200 570 2507 625 habentur.
2541 571 2664 626 Eus.
2698 571 2752 626 h.
2781 589 2835 628 a.
2870 571 3004 645 (3’1).

2084 658 2190 711 229
2219 656 2535 713 Antiochia:
2565 659 2873 715 ordinatur
2899 660 3208 736 episcopus
3236 665 3660 741 Zebennus(35)

2013 743 2104 800 XI.
2139 745 2247 800 Eus
2278 745 2332 801 ἡ.
2366 763 2417 801 a.

2084 833 2193 887 230
2239 833 2545 890 Mammxa
2576 839 2761 891 mater
2790 835 3098 894 Alexandri
3158 839 3457 914 Originem
3514 844 3662 902 cele-

2014 920 2334 977 berrimum
2368 922 2664 979 doctorem
2696 925 2765 979 ad
2800 942 2862 982 se
2892 927 2992 983 18
3018 933 3255 984 vocatus
3288 930 3659 990 audivit.Eus.

2016 1010 2142 1065 hist.
2177 1041 2244 1052 —
2269 1009 2626 1066 Alexandria
2660 1012 2931 1069 Heracles
2978 1016 3289 1092 episcopus
3337 1020 3509 1077 annis
3546 1039 3661 1077 xw.

2015 1101 2155 1154 Eus.
2191 1116 2244 1153 a.
2276 1115 2393 1171 seq.

2083 1188 2185 1243 231
2219 1187 2545 1243 Alexander
2575 1188 2634 1244 in
2667 1193 2912 1245 matrem
2944 1190 3307 1250 Mammzsam
3333 1195 3502 1253 unice
3532 1196 3667 1271 pius

2015 1275 2148 1342 fuit,
2179 1280 2236 1332 et
2266 1276 2338 1331 ob
2369 1276 2426 1330 id
2458 1277 2732 1333 omnibus
2762 1279 3063 1341 amabilis,
3084 1282 3210 1337 Eus.
3243 1300 3294 1338 a.
3327 1301 3437 1357 seq.

2086 1366 2193 1419 232
2221 1364 2501 1437 Origenes
2530 1366 2602 1420 de
2659 1366 3007 1423 Alexandria
3036 1371 3105 1425 ad
3140 1372 3460 1429 Cazsaream
3490 1372 3667 1430 Palae-

2017 1453 2182 1510 stinae
2212 1454 2445 1509 transit.
2480 1456 2608 1510 Eus.
2641 1445 2675 1510 a
2703 1473 2814 1527 seq.

2086 1542 2193 1597 233
2224 1540 2541 1599 Pontianus
2570 1561 2723 1617 papa
2773 1544 2919 1602 XVII
2969 1548 3121 1604 sedit
3152 1548 3323 1606 annis
3351 1568 3407 1607 ν.
3450 1550 3579 1609 Eus.
3612 1570 3666 1609 a.

2018 1647 2158 1704 seq..'
2187 1632 2259 1687 al.
2300 1648 2352 1686 α.
2386 1632 2514 1686 230.

2086 1721 2191 1775 234
2225 1719 2548 1775 Alexander
2578 1721 2774 1777 Romen
2807 1723 3139 1781 favorabilis
3166 1726 3293 1783 fuit.

2089 1810 2196 1863 235
2227 1806 2551 1864 Alexander
2576 1811 2834 1865 tumultu
2867 1812 3102 1868 militari
3137 1815 3487 1889 Mogontiaci
3518 1820 3670 1877 occi—

2020 1897 2197 1952 ditur.
2233 1898 2360 1952 Eus.
2395 1897 2450 1951 Ιι.
2483 1915 2564 1958 α..·
2593 1899 2752 1953 Paul.
2790 1901 2942 1956 Oros.

2089 1988 2197 2041 236
2226 1988 2317 2058 (In
2344 2004 2521 2057 marg.
2571 1987 2925 2045 Maximinus
2968 1990 3114 2047 XXII
3145 2010 3283 2050 ann.
3335 1996 3446 2067 ιιι.)
3493 1996 3671 2053 Maxi—

2025 2076 2222 2132 minus
2268 2075 2654 2144 Christianos,
2686 2080 2743 2132 et
2790 2078 3043 2134 maxime
3091 2085 3344 2138 rectores
3390 2083 3670 2152 ecclesiis,

2023 2170 2222 2222 sextus
2251 2169 2385 2237 post
2412 2165 2697 2221 Neronem
2728 2168 3116 2239 persequitur.
3147 2170 3277 2227 Eus.
3304 2188 3340 2228 a
3368 2188 3478 2245 seq.

2095 2255 2199 2309 237
2229 2253 2583 2310 Maximinus
2614 2254 2920 2311 adversum
2950 2258 3271 2316 Germanos
3300 2260 3521 2319 bellum
3554 2262 3675 2320 feli-

2024 2344 2167 2399 citer
2197 2343 2401 2415 gessit.
3699 2408 3705 2413 η

2092 2435 2199 2487 238
2240 2431 2593 2489 Maximinus
2645 2433 2964 2507 Aquilegiae
2995 2454 3027 2492 a
3063 2437 3318 2510 Pupieno
3365 2440 3670 2499 occiditur.

2025 2522 2152 2576 Eus.
2177 2522 2233 2575 h.
2268 2538 2317 2576 α.

2094 2611 2201 2664 230
2232 2611 2315 2681 (In
2350 2626 2529 2681 marg.
2559 2609 2889 2668 Gordianus
2947 2611 3123 2669 XXIII
3171 2614 3344 2670 annis
3382 2619 3530 2687 sex.)
3556 2618 3672 2673 An-

2023 2703 2185 2755 terus
2215 2698 2390 2753 XVIII
2422 2715 2577 2783 papa
2600 2699 2750 2755 sedit
2780 2716 3043 2756 mensem
3075 2720 3291 2771 unum;
3326 2709 3458 2777 post
3496 2722 3674 2778 quem

2026 2785 2317 2842 Fabianus
2347 2785 2466 2841 XIX
2496 2786 2668 2842 annis
2696 2804 2856 2843 xxm.
2891 2790 3016 2845 Eus.
3048 2791 3103 2844 h.
3137 2808 3217 2858 a.;
3246 2793 3321 2848 al.
3354 2810 3407 2849 a.
3439 2795 3565 2850 236.

2094 2877 2202 2930 240
2231 2875 2526 2947 Pupienus
2554 2880 2612 2931 et
2639 2875 2913 2943 Albinus,
2935 2879 3036 2949 qui
3076 2879 3390 2953 imperium
3422 2883 3679 2957 arripue-

2026 2969 2176 3030 rant,
2210 2965 2269 3020 in
2303 2962 2517 3036 palatio
2546 2981 2582 3019 a
2608 2964 2904 3021 Gordiano
2934 2967 3109 3023 occisi
3142 2974 3300 3025 sunt.
3333 2972 3461 3027 Eus.
3494 2977 3549 3028 Ιι.
3583 2990 3637 3028 α.

2093 3055 2193 3110 241
2229 3053 2345 3109 Hoc
2367 3058 2628 3126 tempore
2644 3053 2839 3111 Julius
2863 3055 3171 3113 Africanus
3192 3059 3677 3135 chronographus

2028 3143 2222 3200 clarus
2253 3142 2523 3199 habetur.

337 3233 447 3288 227
474 3231 740 3289 Thermas
770 3233 1177 3291 Alexandrinas
1201 3234 1397 3291 Rome
1437 3233 1750 3292 aedificata).
1784 3237 1912 3292 Eus.
1946 3213 1990 3281 Ο
2097 3234 2205 3288 242
2232 3231 2335 3288 His
2358 3231 2725 3305 temporibus
2751 3232 3032 3306 Origenes
3061 3235 3430 3293 Theodorum
3459 3239 3573 3312 (36)
3620 3246 3680 3297 et

268 3323 453 3466 ’⁸⁸2ἒὸ
479 3409 765 3468 Geminus
819 3411 1121 3485 presbyter
1170 3410 1590 3482 Antiochenus,
1619 3416 1680 3469 et
1704 3413 1922 3487 Hippo-

2029 3322 2473 3379 Athenodorum
2504 3322 2735 3392 fratres,
2765 3329 2967 3394 postea
2990 3323 3297 3398 episcopos
3327 3328 3572 3395 nobiles,
3596 3330 3681 3385 di-

2029 3413 2165 3470 vina
2189 3410 2404 3467 imbuit
2430 3409 2823 3483 philosophia.
2857 3416 2988 3469 ltus.
3021 3412 3151 3471 hist.

1317 3518 1784 3585 COMPENDIUM
1824 3529 1915 3585 EX
1955 3527 2213 3586 CODICE
2250 3526 2633 3585 BERNOLDI.

337 3625 453 3683 214
481 3625 786 3695 Antoninus
806 3626 1119 3694 Caraealla,
1148 3630 1283 3696 etc.,
1317 3631 1384 3684 ut
1411 3630 1561 3699 Aug.
1594 3643 1647 3684 a.
1681 3644 1770 3700 pr.

342 3714 455 3769 216
482 3714 785 3771 Antoninus
813 3718 1020 3782 Rome.
1049 3720 1183 3783 etc.,
1219 3719 1283 3771 ut
1312 3719 1464 3788 Aug.
1499 3732 1552 3771 a.
1586 3732 1675 3789 pr.

339 3803 455 3858 217
488 3802 789 3860 Antoninus
818 3804 1186 3876 impatientia,
1217 3808 1352 3874 etc.,
1385 3808 1452 3859 ut
1469 3808 1619 3877 Aug.
1654 3821 1707 3860 a.
1743 3822 1831 3878 pr.

336 3891 451 3946 218
477 3891 780 3947 Antoninus
838 3891 1185 3963 interﬁcitur,
1232 3907 1380 3948 anno
1423 3892 1559 3949 vitae
1610 3893 1789 3949 XLIII.
1847 3924 1917 3933 -—-

261 3980 487 4052 Opilius
514 3978 790 4034 Macrinus
813 3979 938 4047 XIX,
960 3996 1169 4036 annum
1196 3996 1372 4037 unum
1395 3981 1664 4049 regnavit.

336 4067 448 4123 219
473 4065 748 4123 Macrinus
791 4084 918 4123 cum
961 4069 1077 4139 ﬁlio
1123 4067 1459 4125 Diadumene
1512 4068 1797 4125 occiditur.
1848 4101 1918 4109 -

261 4160 352 4217 Μ.
383 4156 644 4211 Aurelius
672 4156 981 4213 Antoninus
1009 4157 1111 4226 XX,
1143 4157 1311 4212 annis
1341 4164 1594 4228 quatuor.

335 4244 452 4300 220
472 4243 732 4301 Callistus
755 4261 902 4317 papa
929 4246 1014 4301 XV
1037 4245 1176 4303 sedit
1191 4245 1358 4300 annis
1385 4262 1441 4302 ν.
1474 4249 1677 4302 Passus
1705 4251 1783 4303 est
1812 4247 1916 4306 sub

259 4332 585 4401 Alexandro
613 4334 959 4406 imperatore,
984 4333 1216 4391 secundo
1243 4333 1372 4390 Idus
1402 4330 1658 4394 Octobris.

337 4420 440 4476 221
479 4422 806 4495 Hippolytus
832 4422 1110 4495 episcopus
1136 4423 1322 4479 clarus
1351 4422 1599 4479 habetur.

335 4512 449 4565 222
474 4510 542 4566 In
566 4511 873 4577 Palestina,
905 4515 996 4567 etc
1025 4552 1039 4578 ,
1070 4515 1138 4591 ut
1165 4517 1315 4585 Aug.
1350 4528 1404 4569 a.
1437 4528 1525 4584 pr.

334 4599 448 4655 223
474 4600 732 4657 Aurelius
761 4601 1005 4656 tumultu
1031 4601 1272 4658 militari
1315 4602 1496 4658 Romae
1536 4601 1818 4658 occiditur.
1850 4633 1919 4643 —

259 4687 528 4746 Aurelius
570 4688 887 4745 Alexander
932 4690 1041 4745 XXI
1082 4691 1247 4745 annis
1277 4706 1402 4745 xm.
1433 4690 1532 4746 Hic
1578 4691 1641 4747 in
1684 4694 1920 4748 matrem

262 4794 430 4834 suam
453 4779 616 4835 unice
637 4780 770 4851 pius
798 4780 933 4851 fuit,
962 4786 1013 4835 et
1032 4779 1263 4845 eunetis,
1293 4776 1510 4860 chorus.

332 4867 440 4922 224
469 4867 787 4924 Alexander
812 4868 1024 4925 Xerxen
1054 4883 1239 4939 regem
1265 4867 1561 4924 Persarum
1584 4869 1737 4924 vicit.

332 4957 443 5013 225
471 4957 724 5017 Urbanus
747 4973 901 5030 papa
927 4957 1038 5013 XVI
1062 4956 1200 5013 sedit
1244 4958 1410 5011 annis
1451 4972 1574 5012 vm.
1624 4958 1726 5015 Hic
1770 4958 1915 5013 mul-

264 5054 347 5103 tos
373 5046 643 5106 nobilium
669 5047 752 5106 ad
776 5045 945 5119 ﬁdem
990 5046 1208 5104 Christi
1252 5045 1544 5110 convertit;
1573 5053 1756 5104 octavo
1790 5047 1914 5103 Kal.

2025 3628 2140 3696 (37)
2168 3625 2312 3683 Julii
2337 3623 2494 3680 ob‘iit.

2095 3716 2201 3769 227
2228 3715 2553 3769 Neronianae
2579 3713 2805 3769 thermx
2833 3714 3230 3772 Alexandrinae
3251 3720 3532 3772 vocantur.

2093 3804 2202 3859 232
2232 3804 2537 3859 Pontianus
2576 3818 2721 3874 papa
2764 3803 2900 3857 XVII
2942 3802 3082 3859 sedit
3127 3806 3295 3859 annis
3335 3821 3453 3871 sex,
3481 3821 3678 3876 passus

2026 3894 2103 3948 est
2129 3891 2228 3947 sub
2257 3890 2557 3946 Maximino
2586 3892 2915 3962 imperatore
2939 3907 3019 3945 xu
3049 3891 3175 3948 Kal.
3211 3897 3339 3947 Dee.

2095 3976 2204 4036 233
2232 3978 2585 4036 Alexandrix
2613 3979 2877 4035 Heraclus
2903 3981 2997 4036 XII
3016 3982 3410 4052 episcopus,vir
3435 3982 3678 4054 sapiens,

2025 4069 2165 4126 sedit
2192 4086 2316 4125 xm.

2094 4159 2203 4214 235
2231 4158 2395 4214 addit
2440 4175 2454 4214 :
2504 4157 2839 4213 Maximinus
2893 4159 3042 4226 XXII,
3099 4161 3265 4214 annis
3322 4159 3518 4215 tribus.
3576 4160 3680 4214 Hic

2030 4248 2390 4316 Christianos,
2421 4252 2475 4303 et
2496 4248 2742 4302 maxime
2790 4250 3025 4303 rectores
3070 4249 3340 4315 Ecclesiae,
3371 4257 3524 4304 sexto
3555 4255 3679 4320 post

1948 4377 1996 4442 Β
2024 4338 2294 4394 Neronem
2313 4337 2685 4408 persequitur.

2098 4427 2205 4482 236
2244 4425 2557 4482 Alexander
2602 4425 3102 4498 Hierosolymorum
3149 4428 3426 4499 episcopos
3472 4426 3678 4489 XXXV:

2029 4515 2105 4573 al.
2140 4532 2191 4570 a.
2224 4516 2352 4570 212.

2099 4603 2204 4659 237
2260 4604 2563 4659 Pontianus
2617 4619 2763 4675 papa
2817 4606 2871 4658 et
2925 4620 3198 4660 successor
3261 4606 3379 4675 ejus
3444 4605 3684 4661 Anterus

2027 4691 2237 4749 XXVIII
2257 4709 2405 4763 papa
2433 4699 2551 4763 post
2574 4693 2820 4763 primum
2846 4707 3086 4747 mensem
3123 4692 3474 4761 pontiﬁcatus
3520 4708 3679 4746 mar-

2028 4781 2361 4853 tyrizantur,
2394 4780 2554 4835 tertio
2584 4780 2764 4835 Nonas
2792 4779 3068 4835 Januarii.
3103 4779 3215 4850 (38)
3249 4780 3360 4834 Eus
3390 4796 3442 4833 a.
3474 4778 3601 4832 239.

2096 4870 2202 4925 238
2247 4869 2519 4924 Fabianus
2562 4884 2709 4939 papa
2754 4867 2865 4921 XIX
2914 4867 3054 4923 sedit
3112 4868 3276 4922 annis
3323 4880 3434 4921 xxv.
3484 4866 3677 4921 Maxi-

2025 4959 2211 5014 minus
2264 4957 2535 5030 Aquileite
2589 4956 2873 5012 occiditur.
2938 4955 3245 5012 Gordianus
3299 4954 3456 5009 XXIII
3511 4956 3679 5011 annis

2025 5063 2143 5103 εείε.

1859 5162 2093 5221 NOTIE.

324 5262 434 5336 (31)
466 5263 572 5321 Hic
604 5259 864 5336 Eusebio
895 5259 1284 5336 Geminianus
1311 5257 1543 5336 dicitur.

315 5330 433 5408 (35)
456 5336 615 5395 Aliis
640 5334 910 5408 Zibenus
940 5331 1164 5408 dicitur
1188 5331 1262 5388 ad
1292 5346 1388 5386 an.
1414 5330 1547 5408 230.

287 5401 421 5478 I36)
446 5406 764 5471 Murensis
793 5404 982 5478 codex
1009 5403 1176 5478 addit
1200 5405 1553 5478 cognomento
1577 5401 1916 5478 Gregorium.

230 5470 789 5548 Neocésariensem
839 5475 1071 5537 scilicet
1116 5470 1321 5552 postea
1370 5470 1732 5550 episcopum.
1780 5475 1916 5538 Vid.

226 5579 317 5627 an.
348 5563 487 5626 266.

2099 5260 2212 5342 (37)
2242 5260 2351 5315 Pro
2379 5256 2522 5314 Julii
2552 5257 2869 5330 legendum
2916 5259 3079 5316 Junii
3105 5277 3120 5328 ;
3166 5257 3381 5315 colitur
3420 5257 3576 5314 enim
3605 5258 3679 5316 25

2028 5332 2210 5476 Μῗέῐὲ)
2242 5400 2564 5457 Pontianus
2593 5398 2745 5455 sedit
2772 5399 2845 5456 ab
2875 5417 2928 5456 a.
2958 5402 3065 5457 230
3095 5417 3282 5475 usque
3309 5401 3435 5473 235,
3467 5406 3527 5460 et
3554 5406 3673 5459 An-

2027 5478 2191 5534 terus
2224 5488 2339 5532 uno
2371 5485 2592 5530 mense.
